3982 6160
434 314 567 378 1115

1554 298 1871 362 GEORGII
1917 292 2386 357 NICOMEDIEN
2398 293 2514 352 SIS

3547 282 3686 345 1115

433 425 652 484 bietatis
691 420 924 480 stimulis
957 418 1270 474 vulneratus
1302 411 1439 468 fuit?
1471 392 1541 465 Id
1557 410 1713 481 plane
1743 409 2002 463 immnta-
2033 478 2037 488 ‘

2145 405 2277 476 ὺτῆς
2326 400 2628 456 ἐπαινέσειε
2673 397 2964 467 διάπυρον·
3008 395 3074 450 δι’
3111 384 3175 465 ἧς
3208 395 3316 448 τῶν
3350 394 3688 464 αἰτηθέντων

433 521 558 577 bilis
587 517 711 573 fidei
749 514 981 576 facinus,
1014 526 1109 581 per
1138 523 1301 579 quam
1336 506 1613 574 propheta:
1645 514 1833 555 omnes
1864 498 2007 551 futu-

436 613 512 665 ris
541 625 637 664 ceu
680 606 1038 679 praesentibus
1072 601 1417 656 crediderunt
1453 615 1467 650 :
1520 611 1683 667 quam
1717 609 1843 649 vere
1873 592 2007 648 defl-

438 706 594 760 niens
614 699 945 756 admirabilis
968 697 1185 757 Paulus,
1212 693 1286 747 ait
1310 711 1323 745 :
1353 689 1514 744 Fides
1535 699 1608 743 est
1632 685 2008 756 sperandorum

437 793 765 852 substantia;
805 795 1171 858 argumentum
1204 797 1376 835 rerum
1405 796 1508 834 non
1553 777 1915 847 apparentium
1942 774 2007 828 “.

439 860 573 948 Quia
608 879 749 932 cnim
792 876 935 943 quod
969 880 1240 941 speratur,
1279 882 1466 922 eorum
1511 864 1724 918 videtur
1755 876 1873 930 (tua:
1905 874 2010 912 non

441 971 731 1028 t‘XSlSttlltl,
755 979 859 1018 non
889 961 1189 1015 subsistens
1213 973 1309 1027 per
1343 970 1421 1020 se,
1456 965 1614 1007 autve
1647 962 1888 1017 tempore
1917 962 2012 1002 ne-

443 1059 713 1116 cessitatis
759 1070 1025 1126 apparens
1053 1091 1069 1116 ,
1106 1052 1439 1118 dubiumque
1485 1056 1734 1102 eventum
1767 1039 2013 1097 obscuri-

444 1163 552 1207 tate
586 1151 787 1214 ferens,
819 1162 883 1201 ac
913 1144 1085 1215 magis
1106 1143 1172 1197 ad
1195 1143 1486 1197 obscurum
1520 1149 1779 1207 vergens;
1815 1131 2017 1186 idcirco

443 1244 681 1299 ostendit
735 1241 949 1296 ﬁrmam
1009 1253 1073 1293 ac
1142 1233 1536 1291 immutabilem
1587 1229 1747 1283 ﬁdem
1820 1224 2019 1280 habere

445 1335 766 1391 substantia:
810 1332 1114 1392 rationem,
1160 1338 1218 1381 ut
1250 1340 1427 1380 rerum
1475 1323 1528 1375 in
1580 1333 1676 1388 spe
1719 1316 2017 1388 positarum

447 1427 819 1485 exsistentiam
847 1423 1150 1479 subsistere
1180 1418 1365 1479 faciat.
1397 1428 1563 1482 seque
1586 1411 1758 1480 ipsam
1783 1405 2021 1477 practice

449 1519 792 1588 sperantibus
822 1518 1043 1569 inserat.
1077 1513 1456 1580 Argumentum
1483 1516 1685 1568 autem,
1713 1500 2021 1568 ait“,rerum

450 1629 552 1664 non
577 1607 974 1676 apparenlt'um;
1006 1604 1146 1672 quod
1179 1616 1293 1654 rem
1333 1598 1459 1651 olim
1488 1596 1590 1647 Iide
1617 1597 1981 1659 exspectatam
2002 1625 2019 1651 ,

452 1713 817 1771 processuque
851 1693 1105 1764 temporis
1146 1692 1198 1744 in
1247 1704 1383 1759 opus
1424 1687 1746 1745 deductam,
1787 1695 1852 1734 ac
1878 1678 2023 1732 velut

2107 499 2168 551 οὑ
2204 497 2494 567 διήμαρτε’
2545 493 2612 546 δι’
2646 486 2715 566 ἦς
2756 493 2870 554 τοῖς
2916 490 3017 559 τῆς
3063 486 3397 559 ἀμφιϐολίας
3437 486 3689 557 κέντροις

2109 591 2207 660 τὴν
2252 590 2491 642 διάνοιαν
2518 586 2619 640 οῦκ
2659 583 2909 655 ἐτρώθης
2945 584 3152 644 Ὄντως
3182 579 3560 651 ἀμεταϐλήτου
3592 579 3691 631 πί-

2113 697 2285 743 στεως
2334 675 2402 750 ἦν
2431 679 2494 730 τὸ
2529 675 2993 747 κατορθούμενον,
3028 673 3096 725 δι’
3134 667 3201 743 ἧς
3234 671 3512 742 προφῆται
3546 669 3691 723 πάν,

2111 788 2204 834 τες
2251 772 2363 833 τοῖς
2414 768 2699 840 μέλλουσιν
2743 767 2819 830 ὡς
2871 763 3163 818 ἐνεστῶσιν
3216 760 3571 830 ἐπείσθησαν·
3625 760 3697 828 ἢν

2115 860 2403 930 ἀψευδῶςό
2430 859 2715 921 θεσπέσιος
2743 857 2953 919 Παῦλος
2965 854 3280 926 όριζόμενός
3298 867 3452 922 φησιο
3480 853 3700 916 Πίστις

2114 954 2288 1009 ἐστίν
2318 950 2716 1022 ἐλπιζομένων
2743 951 3108 1013 ὑπόστασις,
3131 945 3492 1015 πραγμάτων
3521 947 3698 1012 ἕλετ-

2117 1062 2226 1115 χος
2255 1046 2326 1099 οὐ
2364 1041 2782 1112 βλεπομένων.
2824 1039 3046 1110 Ἐπειδὴ
3082 1039 3190 1109 γὰρ
3236 1038 3297 1090 τὸ
3320 1035 3701 1104 ἐλπιζόμενον,

2117 1135 2224 1189 τῶν
2255 1134 2622 1205 ἀνυπάρκτων
2662 1128 2804 1185 εἶναι
2833 1129 3000 1196 δοκεῖ,
3031 1128 3106 1199 μὴ
3138 1127 3369 1198 ὑφεστὸς
3387 1126 3506 1179 καθ’
3541 1125 3701 1187 αὐτὸ,

2123 1223 2257 1294 μηδέ
2289 1222 2366 1293 τῷ
2395 1223 2575 1293 χρόνῳ
2614 1221 2717 1290 τῆς
2755 1218 2943 1291 χρείας
2990 1218 3355 1288 βλεπόμενονο
3396 1214 3706 1287 ἀμφίϐολόν

2119 1333 2180 1369 τε
2202 1315 2280 1386 τῷ
2313 1316 2512 1383 ἀφανεῖ
2551 1313 2650 1383 τὴν
2693 1310 2922 1364 έκὸασιν
2959 1311 3155 1380 φέρον,
3205 1309 3302 1363 καὶ
3336 1308 3475 1379 πρὸς
3503 1306 3707 1376 ἄδηλον

2125 1407 2326 1478 μᾶλλον
2354 1407 2452 1474 τὴν
2484 1404 2656 1476 ῥοπὴν
2681 1402 2824 1472 ἔχον,
2850 1400 3023 1473 ταύτῃ
3048 1400 3320 1454 δείκνυσιν
3346 1398 3706 1467 ὑποστάσεως

2121 1499 2282 1574 λόγον
2313 1499 2414 1568 τὴν
2454 1497 2849 1565 ἀμετάπτωτον
2893 1495 3076 1548 πίστιν
3110 1493 3367 1564 ἐπέχειν,
3406 1490 3704 1544 οὐσιοῦσάν

2122 1608 2182 1645 τε
2209 1590 2320 1643 τῶν
2347 1588 2719 1659 ἐλπιζομένων
2749 1587 2847 1658 τὴν
2877 1585 3133 1655 ὓπαρξιν,
3166 1584 3261 1638 καὶ
3293 1581 3493 1652 ἑαυτὴν
3520 1580 3701 1633 ἐνθεῖ-

2128 1699 2227 1735 σαν
2264 1680 2586 1752 πρακτικῶς
2615 1682 2728 1743 τοῖς
2756 1677 3057 1743 ἐλπίζουσι.
3088 1676 3160 1729 Τὸ
3187 1675 3244 1728 δέ
3268 1714 3282 1739 ,
3332 1671 3709 1741 Πραγμὰτων

452 1800 829 1863 argumentqu
865 1803 928 1840 ac
955 1785 1300 1845 evictionem,
1333 1792 1521 1834 verum
1559 1788 1738 1828 rerum
1768 1779 2021 1826 eventum

2141 1774 2376 1843 ἔλεγχος
2410 1772 2483 1825 οὐ
2506 1769 2935 1858 βλεπομένων,
2981 1771 3046 1821 τὸ
3093 1765 3224 1819 ποτέ
3258 1764 3358 1836 μὲν
3405 1766 3472 1834 τῇ
3520 1763 3710 1816 πίστει

454 1860 827 1953 repraesentet.
866 1878 957 1932 Sic
994 1876 1082 1930 illa
1104 1915 1121 1939 ,
1148 1881 1379 1928 mentem
1412 1881 1676 1938 superans
1699 1862 1859 1917 Verbi
1897 1860 2024 1915 illud

456 1975 792 2047 mysterium,
822 1971 952 2025 olim
995 1966 1217 2037 quidem
1266 1960 1618 2032 praedicatum
1642 1995 1658 2022 ,
1703 1954 1809 2009 fide
1846 1959 2026 2006 autem

456 2074 865 2135 exspectatum,
900 2076 963 2115 ac
1013 2061 1173 2128 longo
1209 2064 1330 2125 post
1371 2064 1616 2121 tempore
1667 2047 2027 2107 declaratum,

456 2158 536 2212 rei
578 2155 985 2221 impletionem,
1033 2155 1413 2218 argumentum
1457 2156 1523 2196 ac
1566 2153 1663 2194 ceu
1703 2135 2027 2192 evictionem

458 2242 714 2300 ostendit.

534 2523 668 2577 Cum
695 2520 836 2574 hanc
854 2531 983 2587 ergo
1001 2514 1130 2584 inati
1156 2508 1595 2582 prehendisse-nt,
1619 2505 2033 2574 haudquaquam

465 2631 492 2668 a
515 2630 612 2684 spe
654 2609 1107 2682 petitionibusque
1127 2604 1443 2659 exciderunt
1465 2617 1481 2666 ;
1504 2597 1855 2669 quamobrem
1875 2594 2037 2650 etiam

467 2703 871 2761 immaculatam
912 2698 1057 2752 illam
1094 2698 1339 2768 gignunt,
1382 2690 1808 2760 regenerationis
1837 2696 2040 2742 nostra;

467 2798 761 2852 auctricem
783 2811 798 2861 ;
823 2802 1021 2847 nostra:
1043 2786 1443 2845 reformationis
1467 2798 1688 2839 causam
1709 2797 1723 2846 ;
1763 2795 1858 2851 per
1877 2794 2039 2850 quam

467 2891 653 2945 vitiata
688 2890 742 2941 in
779 2886 933 2940 nobis
959 2883 1051 2937 Dei
1081 2884 1257 2948 imago
1282 2880 1347 2933 ad
1377 2892 1534 2931 suum
1560 2868 1726 2929 rediit
1753 2874 2039 2934 decorem;

470 2996 564 3052 per
588 2992 749 3049 quam
786 2975 1000 3030 tunicas
1032 2970 1238 3041 peccati
1277 2968 1617 3038 abjicientes,
1645 2962 1820 3018 induti
1855 2973 2044 3015 sumus

470 3072 663 3129 stolam
711 3068 931 3122 luminis
976 3082 989 3119 :
1054 3063 1437 3133 prophetarum
1486 3058 1630 3113 illam
1697 3052 2044 3110 acclamatio-

473 3176 633 3226 nem;
665 3160 967 3213 diviuornm
1005 3152 1392 3224 plenitudinem
1424 3146 1803 3210 oraculorum;
1844 3152 2043 3197 nostrae

475 3251 603 3307 illud
635 3248 823 3303 salutis
852 3254 1034 3316 caput.
1070 3245 1117 3298 0
1160 3243 1367 3297 felicem
1407 3240 1552 3295 illam
1596 3246 1879 3308 parentum
1919 3249 2047 3303 pro-

475 3343 611 3398 leml
657 3341 700 3395 0
730 3349 986 3411 partum,
1020 3350 1127 3404 quo
1156 3335 1296 3388 bona
1335 3332 1442 3384 vim
1483 3343 1697 3384 omnem
1740 3326 2046 3381 intellectus

476 3434 808 3504 superantia,
838 3426 1170 3498 genitoribus
1193 3430 1502 3491 comparata
1530 3428 1679 3475 sunt.
1705 3418 1763 3471 In
1791 3417 2046 3471 humanis

477 3503 720 3595 quidem,
764 3529 821 3571 ut
869 3516 954 3572 cui
992 3513 1271 3581 contingat
1324 3510 1440 3564 fieri
1475 3518 1682 3577 patrem
1708 3545 1723 3569 ,
1778 3503 2045 3574 siquidem

480 3594 622 3672 natae
653 3613 847 3683 proles,
873 3598 955 3663 vel
987 3605 1231 3663 saeculari
1260 3603 1546 3673 splendore
1572 3597 1899 3667 spectabiles
1925 3594 2045 3648 fne-

481 3708 623 3771 rint,
656 3712 747 3757 aut
782 3702 1038 3755 virtutum
1083 3696 1204 3751 luce
1249 3693 1548 3748 claruerint
1574 3731 1590 3757 ,
1628 3690 1713 3744 vel
1764 3697 2047 3741 strenuum

482 3796 634 3866 quid,
660 3808 722 3847 ac
743 3803 948 3859 magnae
975 3784 1308 3840 fortitudinis
1338 3781 1550 3836 facinus
1574 3781 1807 3848 gessisse
1835 3775 2052 3829 videan-

485 3862 593 3947 tur,
644 3882 784 3937 haud
828 3878 1116 3934 mediocris
1162 3874 1288 3928 inde
1333 3871 1408 3926 illi
1459 3872 1629 3924 honor
1669 3865 1915 3928 accedit,
1956 3862 2047 3934 qui

482 3974 860 4030 communione
935 3977 1142 4022 natura:
1219 3964 1383 4018 etiam
1464 3959 1650 4030 gloriae
1715 3956 2049 4012 consortium

483 4070 633 4125 ineat
664 4081 678 4119 :
712 4068 764 4119 in
795 4064 878 4118 his
902 4071 1107 4123 autem,
1134 4069 1376 4125 quaenam
1411 4052 1546 4106 adeo
1577 4048 1853 4106 excellens
1883 4046 2051 4117 gloria

483 4156 783 4229 excogitari
836 4151 1031 4223 possit,
1082 4148 1234 4215 cujus
1269 4146 1302 4198 ii
1353 4141 1739 4214 pratr’ogativas
1784 4153 1890 4192 non
1939 4136 2053 4190 sint

483 4228 804 4307 consecuti?
853 4243 1052 4299 Verum
1106 4238 1234 4308 quid
1287 4250 1423 4304 opus
1470 4228 1746 4302 prolixiori
1800 4240 2053 4282 sermone

487 4340 770 4395 molestum
829 4332 941 4386 fieri
992 4323 1366 4383 auditoribus?
1403 4320 1865 4388 Quemadmodum
1906 4316 2050 4369 enim

2127 1862 2498 1936 προσδοκηθέν
2523 1901 2537 1926 ,
2573 1862 2818 1931 προῖόντι
2841 1852 2904 1915 ’δὲ
2934 1858 3015 1928 τῷ
3050 1858 3230 1930 χρόνῳ
3274 1859 3357 1921 εἰς
3405 1856 3569 1927 ἔργον
3613 1853 3710 1919 ἐξ-

2126 1955 2367 2026 ενεχθὲν,
2395 1954 2492 2008 καὶ
2521 1953 2685 2007 οἱονεὶ
2713 1953 2933 2023 ἔλεγχον
2960 1950 3240 2021 παριστῶν
3268 1948 3366 2022 τὴν
3400 1947 3578 2018 ἀληθῆ
3599 1947 3713 2000 τῶν

2130 2049 2477 2118 πραγμάτων
2510 2044 2757 2099 ἔκϐασιν.
2797 2043 2954 2098 υῦτω
2986 2043 3047 2094 τὸ
3079 2042 3222 2112 ὑπὲρ
3253 2040 3377 2093 νοῦν
3402 2038 3498 2093 τοῦ
3529 2039 3712 2106 Λόγου

2135 2140 2455 2210 μυστήριον,
2508 2135 2699 2208 πρώην
2755 2134 2854 2205 μὲν
2908 2132 3352 2205 κηρυττόμενον,
3415 2130 3602 2182 πίστει
3652 2129 3715 2182 δὲ

2134 2226 2606 2301 προσδοκώμενον,
2633 2225 2847 2289 πολλοῖς
2873 2223 3103 2295 ὕστερον
3129 2222 3346 2294 χρόνοις
3369 2219 3712 2292 φανερωθέν,

2134 2321 2358 2391 έλεγχον
2407 2317 2546 2389 αῦτη
2589 2318 2690 2387 τὴν
2732 2315 2827 2370 τοῦ
2870 2314 3194 2387 πράγματος
3240 2310 3529 2383 παρέδειξε
3575 2310 3719 2382 πλή-

2140 2427 2325 2483 ρωσιν.

2208 2482 2426 2571 Ταύτης
2453 2499 2632 2553 τοίνυν
2656 2499 2707 2552 οί
2728 2498 2928 2552 δίκαιοι
2952 2494 3300 2568 δραξάμενοι,
3328 2492 3435 2546 τῶν
3461 2490 3720 2561 αἰτηθέν-

2137 2610 2268 2658 των,
2301 2593 2397 2647 καί⁵
2427 2591 2795 2644 ἐλπισθέντων
2827 2590 2888 2643 οὐ
2920 2588 3242 2659 διήμαρτον·
3266 2585 3346 2638 διὸ
3367 2582 3463 2639 καὶ
3486 2584 3721 2651 γεννῶσι

2155 2683 2256 2752 τὴν
2307 2681 2580 2753 ἄχραντον
2603 2720 2618 2746 ,
2676 2679 2775 2750 τὴν
2833 2679 2934 2750 τῆς
2987 2677 3404 2746 ἀναγεννήσεως
3450 2674 3723 2747 πρόξενον

2142 2774 2320 2846 ἡμῶν,
2354 2773 2454 2845 τὴν
2489 2772 2589 2842 τῆς
2627 2770 2982 2835 ἀναπλάσεως
3032 2769 3191 2840 ἡμῶν
3222 2769 3423 2822 αἰτίαν·
3464 2768 3531 2820 δι’
3554 2762 3624 2838 ἦς
3657 2766 3723 2820 τὺ

2143 2867 2264 2919 κατ’
2299 2864 2487 2917 εἰκόνα
2514 2862 2651 2915 Θεοῦ
2706 2860 3028 2932 ἀχρειωθέν,
3078 2860 3215 2930 πρὸς
3246 2860 3345 2929 τὴν
3375 2859 3586 2913 οἰκείαν
3621 2860 3725 2911 ἐπ-

2144 2952 2375 3025 ανῆλθεν
2390 2951 2745 3022 εὐπρέπειαν·
2768 2950 2836 3003 δι’
2864 2945 2934 3020 ἧς
2961 2950 3088 3012 τοὺς
3116 2950 3218 3019 τῆς
3246 2948 3522 3020 ἁμαρτίας
3549 2948 3725 3018 χιτῶ-

2146 3064 2244 3110 νας
2275 3044 2677 3107 ἀποὸἀλλοντες
2718 3040 2899 3114 [Μαι.
2931 3040 3231 3113 ἀποσαλὸν]
3261 3042 3361 3111 τὴν
3403 3040 3500 3094 τοῦ
3522 3042 3724 3110 ,φωτὸς

2147 3136 2340 3208 στολὴν
2363 3133 2787 3204 ἠμφιασάμεθα.
2813 3133 2886 3185 Τὸ
2906 3132 3012 3186 τῶν
3029 3133 3326 3205 προφητῶν
3350 3132 3723 3205 ἀναφώνημα“

2143 3225 2205 3278 τὸ
2234 3225 2342 3277 τῶν
2388 3223 2550 3277 θείων
2582 3221 2848 3296 χρησμῶν
2887 3220 3232 3293 ἐκπλήρωμα
3260 3240 3274 3254 ν
3327 3223 3389 3276 τὺ
3429 3224 3531 3294 τῆς
3566 3224 3730 3295 ἡμῶν

2149 3318 2425 3388 σωτηρίας
2469 3314 2785 3384 κεφάλαιον.
2849 3315 2914 3367 ’Ὢ
2955 3315 3054 3385 τῆς
3102 3314 3211 3369 τῶν
3252 3315 3523 3368 τεκόντων
3566 3317 3728 3369 εὐτε-

2148 3407 2337 3471 κνίαςί
2375 3394 2565 3462 Ὦποῦ
2601 3408 2759 3460 τόκου
2798 3406 2868 3460 τὰ
2913 3408 3052 3478 ὑπὲρ
3082 3408 3206 3461 νοῦν
3236 3409 3422 3478 ἀγαθά
3452 3410 3730 3483 προξενή-

2149 3514 2342 3560 σαντος
2370 3499 2484 3561 τοῖς
2510 3497 2830 3565 ἐνέγκασινί
2867 3497 2989 3550 Ἐπί
3018 3498 3118 3567 μὲν
3148 3498 3258 3568 γὰρ
3282 3499 3392 3552 τῶν
3418 3500 3543 3554 καθ’
3575 3503 3729 3572 ἡμᾶς

2147 3587 2262 3639 ὅσοι
2298 3586 2537 3656 πατέρες
2559 3586 2751 3655 ἔτυχον
2777 3585 3055 3654 γενέσθαι,
3085 3587 3206 3658 ἦτοι
3239 3591 3536 3659 κοσμικαῖς
3565 3606 3730 3661 περι-

2149 3676 2403 3746 φανείαις
2423 3676 2552 3739 τοὺς
2575 3675 2637 3740 ἐξ
2659 3675 2839 3729 αὐτῶν
2861 3677 3226 3747 προελθόντας
3250 3679 3726 3751 ἀνακηρυχθῆναι,

2151 3767 2184 3837 ἢ
2213 3766 2288 3837 τῷ
2311 3766 2422 3819 τῶν
2452 3767 2666 3838 ἀρετῶν
2697 3767 2840 3836 φωτὶ
2872 3767 3333 3839 καταλαμφθῆναι
3357 3785 3370 3800 ⁸
3406 3771 3439 3841 ἢ
3477 3772 3731 3838 γενναῖόν

2149 3876 2203 3912 τι
2231 3859 2327 3913 καὶ
2363 3858 2511 3930 μέγα
2543 3858 2845 3912 δοκούντων
2870 3860 2969 3929 τῆς
2993 3859 3248 3931 ἀνδρείας
3277 3861 3730 3933 κατορθωμάτων

2152 3950 2528 4017 ἐνδείξασθαι,
2568 3950 2629 4003 οὐ
2674 3951 2737 4003 τὸ
2774 3952 2936 4021 τυχὸν
2979 3952 3165 4014 αὐτοῖς
3215 3954 3281 4005 ἐκ
3312 3951 3521 4007 τούτων
3570 3954 3732 4017 κλέος

2154 4043 2545 4113 προσγίνεται,
2578 4044 2645 4112 τῇ
2681 4040 2940 4112 κοινωνίᾳ
2968 4041 3067 4111 τῆς
3097 4040 3318 4110 φύσεως
3353 4044 3734 4112 συμμετεχόν-

2153 4150 2262 4186 των
2304 4133 2405 4201 τῆς
2436 4132 2700 4196 εὐδοξίαςο
2732 4132 2826 4184 ἐπὶ
2873 4131 2932 4184 δὲ
2973 4131 3179 4185 τούτων
3226 4132 3310 4196 τίς
3347 4133 3413 4187 ἂν
3449 4133 3733 4204 ὑπερϐολὴ

2153 4226 2312 4296 δόξης
2344 4224 2686 4294 ἐπινοηθείη,
2718 4218 2787 4294 ἦς
2812 4222 2922 4276 τῶν
2961 4224 3270 4293 πρεσϐείων
3299 4224 3399 4279 οὐκ
3427 4226 3730 4296 ἐπέτυχον;

2120 4317 2250 4371 καὶ
2284 4317 2336 4370 τί
2382 4317 2465 4369 δεῖ
2498 4314 2949 4387 μακρολογοῦντα
2997 4318 3113 4378 τοῖς
3167 4316 3474 4387 ἀκροαταῖς
3522 4338 3735 4392 παρεν-

486 4441 647 4498 quam
684 4431 1004 4495 genuerunt,
1050 4428 1360 4485 supremum
1395 4410 1581 4482 gloriae
1622 4410 1853 4478 apicem,
1885 4404 2037 4460 Crea-

2156 4409 2363 4478 οχλεῖν;
2385 4408 2594 4478 Ὥσπερ
2634 4406 2743 4478 γὰρ
2780 4408 2813 4478 ἡ
2847 4406 3126 4477 τεχθεῖσα,
3165 4407 3228 4461 τὸ
3275 4410 3557 4463 ἀνώτατον
3591 4412 3740 4483 πλὴν

490 4496 608 4588 fore
637 4530 745 4570 uno
770 4520 1018 4580 excepto,
1047 4506 1282 4575 accepit;
1322 4504 1401 4559 sic
1435 4512 1490 4557 et
1524 4501 1616 4555 isti
1651 4496 2053 4568 incomparabi-

489 4610 593 4662 lem
636 4621 747 4679 pra:
781 4601 1092 4673 parentibus
1134 4596 1386 4653 omnibus
1425 4595 1650 4665 gloriam
1681 4594 2055 4648 obtinuerunt.

494 4698 683 4754 Divina
728 4696 911 4763 itaque
952 4691 1126 4762 puella
1175 4682 1329 4760 partu
1377 4687 1541 4752 edita,
1590 4694 1857 4741 convocat
1901 4682 2059 4737 Anna

489 4792 696 4847 amicas
730 4803 795 4843 ac
824 4785 1057 4846 sodales,
1090 4783 1272 4852 aitque
1304 4799 1319 4836 :

561 4882 795 4946 Venite,
830 4891 950 4933 meo
1002 4878 1338 4945 congaudete
1391 4870 1594 4942 partui.
1638 4868 1828 4925 Venite
1854 4907 1870 4933 ,
1925 4879 2059 4920 mea:

489 4976 664 5047 prolis
708 4972 953 5026 editione
983 4967 1266 5023 laetamini.
1292 4963 1526 5026 Venite,
1553 4977 1675 5016 eam
1707 4959 1907 5024 videte,
1941 4971 2060 5027 quae

491 5076 689 5138 praeter
718 5078 867 5134 spem
901 5061 1085 5115 lactat.
1120 5057 1333 5120 Venite,
1381 5062 1596 5108 enatam
1646 5052 1854 5121 virgam
1884 5065 1952 5105 ex
1981 5050 2063 5104 in-

492 5160 738 5215 fecundis
801 5155 1002 5210 lumbis
1061 5151 1325 5221 aspicite,
1392 5145 1746 5213 sterilemque
1801 5141 2060 5197 feminam

493 5262 705 5307 uterum
733 5257 976 5319 gestasse
1003 5244 1366 5298 considerate.
1398 5237 1611 5300 Venite,
1641 5246 1940 5290 vestrarum
1967 5249 2064 5288 ex-

494 5341 903 5412 probrationum
954 5336 1186 5389 fructum
1231 5331 1543 5402 perdiscite,
1575 5340 1820 5398 Opusqne
1871 5340 2061 5395 preca-

494 5434 657 5488 tionis
692 5433 938 5485 lustrate.
976 5425 1157 5480 Alacri
1188 5424 1500 5478 concurrite
1531 5419 1738 5484 animo,
1767 5432 1830 5471 ac
1861 5416 2066 5471 adven-

2156 4498 2250 4552 τοῦ
2281 4498 2631 4569 Δημιουργοῦ
2659 4499 2763 4569 τῆς
2794 4498 2954 4569 δόξης
2985 4498 3323 4567 ἀπείληφενο
3349 4499 3495 4555 οὕτω
3521 4502 3617 4555 καὶ
3644 4499 3742 4557 οὖ·-

2154 4607 2240 4642 τοι
2269 4591 2331 4642 τὸ
2370 4588 2465 4641 τοῦ
2510 4589 2702 4653 κλέους
2743 4589 3079 4661 ἀσύγκριτον
3111 4593 3265 4661 παρά
3302 4592 3429 4655 τοὺς
3468 4594 3739 4657 τεκόντας

2155 4678 2641 4752 ἀπεκληρώσαντο.
2674 4679 2978 4752 Τεχθείσης
3021 4681 3201 4735 τοίνυν
3232 4685 3330 4753 τῆς
3360 4681 3673 4751 θεόπαιδος,
3702 4689 3740 4757 ἡ

2186 4772 2335 4825 Αννα
2356 4771 2456 4834 τὰς
2500 4771 2661 4841 φίλας
2688 4773 3063 4838 συνεκαλεῖτο,
3478 4800 3483 4805 ~

2232 4864 2419 4927 Δεῦτε,
2463 4863 2720 4931 λέγουσα,
2772 4864 2850 4934 τῷ
2878 4863 2996 4933 ἐμῷ
3018 4864 3162 4935 τόκῳ
3186 4866 3520 4936 συγχάρητε.
3544 4867 3739 4932 Δεῦτε,

2156 4958 2277 5019 ταῖς
2306 4958 2467 5026 ἐμαῖς
2495 4955 2682 5009 ὠδῖσιν
2714 4955 3079 5026 εὐφράνθητε.
3120 4955 3285 5009 Δεῦτε
3330 4958 3601 5012 θεάσασθε
3635 4958 3738 5031 τὴν

2159 5047 2290 5118 παρ’
2348 5047 2542 5100 ἐλπίδα
2584 5045 2941 5117 θηλάζουσαν.
2992 5047 3191 5112 Δεῦτε,
3229 5047 3326 5118 τὴν
3366 5046 3427 5113 ἐξ
3463 5051 3738 5121 ἀκάρπων

2158 5138 2402 5207 λαγόνων
2431 5138 2767 5205 ἀναφυεῖσαν
2804 5136 2999 5207 ῥάϐδον
3041 5136 3316 5200 κατίδετε,
3352 5138 3447 5191 καὶ¹
3474 5140 3577 5208 τὴν
3606 5141 3741 5209 ἄγο-

2163 5248 2252 5285 νον
2298 5229 2569 5300 κυοφόρον
2597 5232 2994 5300 κατανοήσατε.
3040 5229 3228 5293 Δεῦτε,
3262 5228 3371 5283 τῶν
3412 5230 3744 5302 ὀνειδισμῶν

2160 5322 2319 5394 ἡμῶν
2367 5322 2459 5375 τὸν
2500 5321 2712 5392 καρπὸν
2763 5319 3148 5391 καταμάθετε,
3192 5320 3286 5375 καὶ
3329 5320 3392 5374 τὸ
3436 5321 3540 5392 τῆς
3572 5323 3743 5393 εὐχῆς

2160 5413 2320 5484 ἔργον
2348 5413 2759 5483 ἀνιστορήσατε.
2788 5411 3132 5482 Συνδράμετε
3158 5409 3480 5481 προθύμως,
3512 5413 3610 5466 καὶ
3643 5415 3747 5481 τὴν

496 5525 571 5581 tui
616 5526 668 5579 in
701 5522 961 5578 temolum
996 5517 1203 5589 praeite.
1233 5513 1438 5570 Ornate
1470 5513 1652 5577 vicos;
1690 5511 1966 5579 ingressus
1997 5506 2037 5560 il

2144 5507 2219 5569 ,ἐν
2240 5503 2354 5575 ναῷ
2379 5501 2565 5573 ἄφιξιν
2591 5503 3074 5575 προοδοποιῆσατε.
3101 5505 3428 5574 Κοσμὴσατε
3452 5504 3550 5565 τὰς
3573 5505 3746 5561 ἐπαύ-

593 5676 633 5708 ¹⁶
676 5675 841 5731 llcbr.
871 5689 951 5738 ιι,
988 5674 1038 5727 l.
