3948 6162
435 306 569 374 H35

1558 311 1884 375 GEORGII
1924 310 2523 377 NICOMEDIENSIS

3508 315 3705 381 .1436

433 420 710 488 Scriptura
773 416 1084 488 angelorum
1134 432 1316 476 escam
1367 421 1564 488 innuit,
1616 422 1880 476 rationem
1938 422 2006 478 ab

2122 426 2315 496 τροφῆς
2369 426 2758 496 ἀπολαύσαιεν,
2811 429 2971 499 εῐπερ
3020 426 3228 501 τροφὴν
3277 426 3551 496 ἀγγέλων,
3608 428 3703 482 τὸν

430 525 620 566 errore
663 509 954 564 immunem
999 527 1013 565 :
1064 511 1151 566 hic
1177 521 1355 568 autem
1385 527 1658 583 corporeae
1688 529 1880 570 manus
1907 515 2009 568 im-

439 601 724 656 mortalem
757 616 938 657 escam
986 604 1310 674 suscipiunt,
1340 613 1396 659 et
1429 620 1524 676 per
1548 620 1644 661 eas
1687 606 2011 661 incontami-

433 702 592 748 natus
619 693 835 749 animus
864 695 1017 749 donis
1050 697 1304 752 satiatur.
1335 696 1380 753 0
1403 708 1822 767 exsuperantem
1858 713 2012 751 mun-

432 781 651 838 ditiaml
684 784 728 839 Ο
767 785 1168 855 succedentium
1215 797 1434 843 aetatum
1490 790 1760 852 ascensio,
1795 788 2009 858 qualem

434 874 731 930 honestatis
795 876 1033 943 scalam,
1080 877 1148 933 ad
1190 893 1401 933 summa
1453 878 1716 935 caelorum
1771 878 2010 933 culmina

434 967 634 1028 erexit,
656 981 752 1036 per
775 977 936 1035 quam
969 982 1108 1022 novo
1135 984 1198 1024 ac
1221 970 1453 1024 mirabili
1482 970 1743 1027 descensu
1772 971 2008 1027 Verbum

433 1058 501 1111 ad
531 1072 629 1111 nos
675 1058 860 1112 venit?
892 1074 987 1127 per
1039 1074 1199 1129 quam
1254 1070 1526 1116 terrenum
1563 1063 1764 1118 humile
1803 1073 2011 1118 natura:

2108 516 2407 570 ἄπταιστον
2460 518 2638 587 λόγον,
2696 522 2736 590 ἡ
2780 518 2973 591 Γραφὴ
3009 518 3427 572 ὑπαινίττεται·
3462 518 3704 583 ἐνταῦθα

2108 608 2165 662 δὲ
2221 609 2532 679 σωματικαὶ
2593 613 2777 681 χεῖρες
2818 611 2917 681 τὴν
2946 611 3226 681 ἀκήρατον
3260 607 3475 680 τροφὴν
3525 610 3705 664 εἰσδέ-

2110 714 2317 767 χονται,
2374 698 2468 751 καὶ
2520 698 2585 751 δι’
2640 698 2821 752 αὐτῶν
2875 699 2937 752 τὸ
2984 700 3085 769 τῆς
3134 697 3315 769 ψυχῆς
3362 697 3704 766 ἀκηλίδωτον

2111 790 2430 859 ἐμφορεῖται
2460 789 2568 844 τῶν
2594 789 2974 862 χαρισμάτων.
3012 790 3082 843 ’Ὤ
3116 790 3492 861 καθαρότητος
3527 791 3707 862 ὑπερο

2112 880 2276 951 ϐολήί
2328 881 2393 933 Ὦ
2448 882 2892 953 μεθηλικιώσεως
2948 881 3237 945 ἀνάϐασις,
3284 882 3403 934 οἷαν
3450 882 3707 952 κλίμακα

2114 973 2441 1044 σεμνότητος
2467 973 2602 1042 πρὸς
2631 973 2699 1028 τὰ
2729 973 2838 1045 ὕψη
2864 972 2974 1026 τῶν
3004 973 3274 1044 οὐρανίων
3296 975 3603 1043 ἐστήσατο,
3628 972 3699 1027 δι’

2110 1058 2181 1133 ἦς
2208 1062 2428 1130 ὀΛόγος
2456 1065 2523 1136 τῇ
2561 1064 2686 1135 ξένῃ
2731 1065 3032 1118 καταϐάσει
3081 1064 3220 1135 πρὸς
3270 1066 3420 1135 ημᾶς
3467 1064 3710 1135 κατελήε

434 1147 839 1203 tabernaculum
868 1149 920 1203 in
953 1150 1121 1206 ctelos
1151 1151 1493 1207 conscendit!

2122 1149 2239 1201 λυθε
2261 1166 2276 1181 ο
2311 1150 2377 1203 δι’
2406 1144 2473 1222 ἧς
2528 1151 2588 1204 τὸ
2626 1152 2776 1206 κάτω
2814 1152 3065 1221 κείμενον
3117 1150 3468 1219 τῆςφύσεως
3495 1150 3708 1218 γεῶδες

2117 1241 2332 1311 σκῆνος,
2367 1243 2504 1312 πρδς
2526 1242 2792 1313 οὐρανοὺς
2820 1242 3113 1320 ἀνέδραμε.

505 1353 584 1408 Τιι
616 1365 821 1422 autem,
847 1371 880 1410 ο
914 1356 1097 1421 homo,
1151 1356 1525 1412 admirabilem
1558 1372 1624 1412 ac
1668 1372 1865 1413 novatn
1894 1359 2015 1415 vitae

2186 1352 2258 1404 Σὺ
2291 1351 2347 1405 δὲ
2371 1352 2468 1421 τὴν
2490 1352 2649 1423 ξένην
2672 1353 2730 1427 ὲν
2765 1352 2844 1423 τῷ
2873 1352 2988 1421 ναῷ
3029 1352 3241 1407 δίαιταν
3279 1352 3379 1422 τῆς
3407 1351 3708 1431 Παρθένου

436 1447 701 1501 rationem
750 1447 984 1515 Virginis
1029 1449 1081 1501 in
1131 1450 1331 1516 templo
1381 1451 1640 1516 audiens,
1696 1450 1802 1504 noli
1839 1452 1906 1505 de
1950 1466 2013 1506 ea

2122 1442 2350 1508 ἀκούων,
2386 1445 2460 1514 μὴ
2490 1444 2617 1514 περὶ
2659 1443 2850 1498 τούτου
2883 1443 3197 1514 ἀμφίϐαλλε
3221 1460 3235 1474 ο
3296 1444 3373 1513 μὴ
3418 1443 3501 1512 τῷ
3558 1444 3709 1513 λογι-

438 1537 717 1602 dubitare;
767 1537 872 1592 nuli
926 1529 1139 1594 ratione
1192 1541 1510 1595 examinare
1558 1555 1647 1606 ea,
1681 1556 1804 1609 quas
1849 1541 2016 1597 intel-

2122 1532 2242 1603 σμῷ
2280 1533 2348 1587 τὰ
2391 1534 2530 1603 ὑπὲρ
2589 1533 2797 1587 ἔννοιαν
2835 1534 3089 1598 ἐξέταζε·
3147 1535 3223 1605 μὴ
3283 1535 3581 1605 συγκρίσει
3639 1534 3710 1588 τά

436 1628 637 1682 lectum
703 1643 920 1683 omnem
984 1640 1244 1699 superant
1284 1648 1299 1684 :
1336 1631 1444 1685 nuli
1497 1647 1562 1686 ea
1616 1633 2011 1703 comparationi

2122 1625 2444 1696 ἀσύγκριτα,
2486 1625 2886 1680 καθυπόϐαλλε.
2923 1627 3086 1697 Ὁρᾷς
3120 1627 3219 1697 τὴν
3254 1625 3414 1694 ξένην
3439 1642 3703 1679 καινοτο-

437 1719 723 1788 subjicere.
775 1736 894 1788 quae
941 1722 1148 1787 majora
1201 1730 1327 1777 sunt
1372 1724 1800 1790 comparatione.
1855 1724 2016 1779 Vides

2123 1717 2250 1787 μίαν
2287 1718 2388 1787 τῆς
2433 1717 2670 1786 φύσεως,
2705 1719 2799 1773 καὶ
2855 1719 2985 1788 περὶ
3020 1718 3228 1771 τούτων
3292 1709 3709 1786 ἀμφίϐἀλλειςς

440 1810 734 1864 inauditam
771 1823 978 1865 natura!
1015 1813 1438 1876 iunovationem,
1463 1823 1517 1868 et
1542 1816 1608 1868 de
1648 1814 1731 1869 his
1762 1815 2017 1870 dubitas?

2132 1809 2293 1880 Ὁρᾷς
2326 1808 2487 1863 αὑτὸν
2512 1809 2604 1863 τὸν
2633 1808 2729 1862 τοῦ
2778 1808 2915 1862 Θεοῦ
2950 1809 3121 1876 Λόγον
3152 1808 3486 1881 ἀπορῥήτως
3539 1809 3604 1860 δν
3638 1810 3706 1878 τῇ

438 1897 601 1954 Vides
633 1900 806 1967 ipsum
841 1902 933 1955 Dei
967 1900 1200 1957 Verbum
1225 1904 1487 1958 ineffabili
1519 1905 1729 1958 ratione
1768 1905 2018 1961 habitans

2122 1899 2323 1969 ταύτης
2383 1898 2742 1968 σκηνὼσαντα
2791 1900 2982 1971 νηδύϊ.
3031 1900 3125 1954 καὶ
3177 1890 3310 1970 περὶ
3368 1898 3538 1951 ἀΰλου
3610 1897 3711 1951 καὶ

439 1988 494 2042 ἱιι
524 1987 643 2055 ejus
674 1998 848 2051 utero,
876 1991 1049 2059 deque
1074 1992 1416 2046 immateriali
1438 2007 1567 2047 esca
1596 1991 1732 2062 (30),
1761 2008 1826 2047 ac
1849 1993 2013 2047 alium

2122 1991 2321 2061 ἑτέρως
2352 1990 2581 2061 ἐχούσης
2614 1990 2817 2062 τροφῆς
2852 1991 3121 2062 διαφέρῃς
3175 1990 3337 2060 Ὁρᾷς
3367 1992 3434 2058 τῇ
3469 1980 3710 2058 πατρῴᾳ

438 2080 657 2133 modum
694 2080 923 2135 habente
953 2082 1282 2136 contendis?
1317 2083 1475 2138 Vides
1524 2084 1750 2138 consilio
1792 2094 2018 2152 paterno

2122 2081 2287 2153 βουλῇ
2319 2083 2419 2152 τὴν
2454 2082 2549 2136 τοῦ
2595 2082 2913 2152 Πνεύματος
2958 2083 3017 2134 ὲν
3065 2083 3203 2152 αὐτῇ
3237 2080 3581 2143 ὲπισκίασιν,
3616 2083 3709 2133 καὶ

438 2169 675 2238 Spiritus
719 2172 773 2224 in
817 2187 880 2226 ea
928 2173 1420 2239 obumbrationem,
1472 2190 1538 2228 ac
1586 2176 1652 2231 de
1703 2176 2017 2242 angelorum

2122 2172 2251 2245 περὶ
2272 2173 2611 2243 λειτουργίας
2633 2173 2880 2242 ἀγγέλων
2914 2174 3248 2243 examinet;
3278 2171 3436 2224 οὐδὲν
3462 2172 3577 2225 τῶν
3607 2170 3708 2241 τῆς

443 2261 748 2316 ministerio
794 2263 971 2317 adhuc
1023 2263 1270 2316 dubitas?
1307 2261 1452 2318 Nihil
1497 2280 1723 2328 eorum,
1780 2281 1901 2334 quae
1950 2267 2018 2320 ad

2122 2263 2397 2331 πανάγνου
2425 2263 2934 2334 ἀμφίϐολον-οὐδὲν
2987 2262 3366 2331 ἀκατάλληλον
3416 2262 3532 2315 τῶν
3576 2263 3710 2316 ταύ-

443 2354 807 2407 castissimam
866 2354 1139 2423 Virginem
1178 2363 1424 2423 spectarat
1463 2356 1797 2411 dubietatem
1835 2357 2015 2411 habet.

2122 2370 2217 2421 της
2269 2353 2593 2423 μεγαλείων.
2646 2354 2833 2419 Πάντα
2889 2356 2957 2426 τῇ
3002 2353 3232 2426 ἀληθείᾳ
3274 2353 3338 2407 τδ
3385 2352 3609 2423 βέϐαιον
3638 2354 3700 2406 εί-

443 2443 587 2499 Nibil
638 2445 755 2514 ejus
810 2446 1076 2517 magualia
1149 2446 1350 2502 habent
1407 2447 1784 2519 incongruum.
1859 2448 2018 2504 Certa
2118 2441 2309 2514 ληφεν.
2582 2434 2594 2447 ’

438 2537 624 2591 omnia
665 2538 892 2592 veritate
923 2546 1201 2595 constant.

513 2649 810 2721 Oportebat
848 2651 994 2708 enim
1045 2653 1458 2714 tabernaculum
1497 2653 1770 2721 divinum,
1820 2654 2018 2711 talibus

2196 2649 2344 2703 Ἔδει
2379 2649 2490 2720 γὰρ
2517 2648 2581 2701 τὸ
2615 2647 2759 2702 θεῖον
2796 2648 3063 2717 σκήνωμα
3098 2646 3376 2709 τοιαύταις
3429 2643 3704 2698 ἀναϐάσει

442 2741 630 2812 augeri
675 2743 1124 2810 ascensionibus;
1184 2745 1474 2814 oportebat
1525 2760 1720 2816 agnam
1757 2746 2018 2802 immacu-

2122 2758 2209 2795 σιν
2258 2739 2569 2810 αὐξηθῆναι
2596 2755 2610 2769 ⁸
2662 2739 2770 2793 ἔδει
2806 2738 2907 2808 τὴν
2944 2736 3176 2793 ἄσπιλον
3225 2736 3443 2806 ἀμνάδα
3475 2736 3713 2808 τοιαύτῃ

442 2834 609 2888 latam
642 2833 787 2889 lauto
825 2836 962 2889 adeo
996 2836 1174 2904 excipi
1206 2836 1403 2906 epulo;
1448 2837 1646 2891 talibus
1681 2838 1897 2907 impleri
1938 2840 2018 2892 ci-

2123 2832 2418 2903 πανδαισίᾳ
2450 2831 2797 2903 εὐωχηθῆναι
2830 2850 2843 2864 ο
2878 2831 3142 2884 τοιούτων
3176 2819 3496 2900 ὲδεσμάτῖυν
3529 2830 3710 2897 ὲμφο-

446 2928 534 2981 bis
579 2944 593 2981 :
627 2926 945 2996 Oportebat,
974 2928 1218 2998 inquam,
1251 2931 1447 2983 nedum
1483 2931 1535 2983 in
1565 2928 1782 2983 Sanctis
1804 2942 2018 2985 sancto-

2124 2922 2380 2998 ρηθῆναι.
2418 2922 2569 2975 Ἔδει
2609 2923 2684 2993 μὴ
2735 2925 2817 2984 εἰς
2864 2925 2934 2976 τα
2985 2922 3096 2985 τῶν
3156 2921 3327 2988 ἁγίων
3384 2921 3555 2992 Ἅγια
3607 2922 3712 2989 τῆς

444 3030 563 3070 runt
578 3018 908 3073 tabernaculi
929 3020 1134 3087 legalis,
1152 3021 1244 3076 sed
1264 3031 1320 3075 et
1335 3021 1387 3074 in
1404 3022 1536 3090 ipsis
1557 3021 1714 3077 caalis
1732 3023 2017 3088 calorum,

2126 3015 2356 3084 σκηνῆς,
2397 3014 2509 3068 ἀλλ’
2542 3017 2622 3075 είς
2648 3014 2809 3067 αὑτὸν
2839 3013 2933 3066 τδν
2967 3015 3197 3083 οὐρανὸν
3231 3012 3328 3066 τοῦ
3350 3011 3614 3082 οὐρανοῦ,
3641 3014 3713 3066 τὰ

438 3111 619 3176 prima
659 3124 776 3165 eam
806 3112 1027 3165 educari
1059 3121 1219 3173 aetate
1246 3153 1262 3176 ,
1305 3128 1423 3183 quae
1472 3114 1664 3168 iisdem
1708 3116 1823 3168 visa
1875 3125 2018 3169 esset

2125 3109 2226 3175 τῆς
2257 3106 2486 3177 πρώτης
2516 3105 2729 3175 ἡλικίας
2762 3105 3152 3176 ἀνατραφῆναι
3180 3146 3197 3167 ,
3233 3109 3333 3172 τὴν
3360 3103 3713 3174 πλατυτέραν

445 3201 626 3264 .atior,
659 3217 722 3257 ac
747 3202 934 3268 maiori
978 3219 1090 3273 pra:
1127 3203 1234 3258 illis
1267 3205 1491 3273 polleret
1520 3208 1753 3275 puritate
1784 3225 1798 3261 :
1842 3206 2024 3275 Opor-

448 3290 593 3346 tebat
631 3302 683 3345 ut
718 3293 912 3346 nedum
942 3308 1081 3347 unus
1104 3294 1152 3347 ei
1191 3295 1418 3363 angelus
1450 3296 1817 3359 ministraret,
1846 3297 1942 3351 sed
1972 3305 2027 3352 et

446 3383 627 3436 decies
649 3384 837 3437 decem
862 3383 1025 3438 millia
1045 3385 1303 3439 satellitio
1325 3386 1601 3441 adessent.
1625 3387 1837 3441 Etenim
1865 3404 2024 3457 quem

445 3472 524 3526 illi
558 3473 742 3527 videre
789 3483 1101 3544 nequeunt,
1146 3490 1268 3529 eum
1322 3475 1410 3529 illa
1446 3477 1680 3532 mirabili
1717 3480 1929 3534 ratione
1970 3479 2023 3534 in

448 3576 605 3619 utero
634 3568 889 3633 portavit.
924 3565 1057 3620 Eum
1079 3606 1096 3632 ,
1134 3567 1227 3635 qui
1261 3567 1482 3623 indutus
1521 3579 1605 3623 est
1633 3569 1838 3625 lumine
1876 3570 2022 3625 sicut

449 3658 775 3710 vestimento
810 3656 882 3718 “,
928 3658 980 3711 in
1016 3671 1116 3712 suo
1144 3659 1257 3728 ipsa
1300 3659 1423 3715 sinu
1462 3661 1745 3731 complecti
1799 3663 2022 3717 meruit.

448 3745 583 3801 Eum
616 3748 707 3813 qui
741 3749 922 3816 pugilo
970 3750 1216 3804 continet
1257 3751 1512 3805 universa
1539 3792 1552 3815 ,
1584 3753 1634 3804 in
1664 3753 1821 3806 ulnas
1856 3752 2027 3807 homi-

450 3847 571 3892 nem
614 3838 813 3896 factum
846 3840 1118 3908 suscepit,
1150 3855 1211 3903 ac
1234 3842 1504 3897 continuit
1529 3843 1598 3897 ".
1638 3842 1773 3911 Quis
1802 3858 1866 3898 ea
1896 3858 2028 3898 con-

448 3931 699 3984 siderans
726 3972 741 3995 ,
775 3946 881 3985 non
921 3947 1171 3999 magnum
1210 3934 1336 4000 quid
1377 3935 1442 3987 de
1484 3950 1580 3986 sua
1612 3935 1784 4002 ipsius
1820 3945 2019 3988 natura

449 4024 644 4088 cogitet
667 4023 690 4074 ?
716 4022 848 4086 Quis
881 4038 986 4077 non
1049 4038 1113 4077 ea
1148 4039 1210 4077 ex
1249 4039 1414 4079 causa
1450 4025 1516 4078 ad
1554 4025 1787 4079 sublime
1819 4026 2022 4095 aliquid

450 4122 634 4166 mente
656 4127 972 4179 assurgens,
995 4115 1269 4169 universis
1297 4130 1356 4169 se
1377 4114 1659 4182 praelatum
1694 4116 1971 4185 putaverit
1995 4116 2019 4170 ?

449 4205 585 4270 Quis
632 4219 738 4258 non
776 4205 895 4260 ideo
925 4205 1089 4258 altam
1125 4204 1312 4260 efferat
1349 4220 1534 4260 vocem
1555 4245 1571 4272 ,
1604 4220 1779 4275 eaque
1803 4207 2018 4275 grandi,

449 4306 715 4353 creaturae
746 4298 1032 4353 inclamet?
1054 4297 1187 4366 Quis
1215 4299 1447 4368 denique
1473 4314 1578 4354 non
1620 4299 1823 4355 idcirco
1854 4299 2020 4355 altum

449 4400 643 4454 sapere
681 4387 948 4454 videatur,
992 4397 1157 4457 atque
1214 4402 1243 4441 a
1279 4403 1376 4442 sua
1419 4388 1731 4443 excessisse
1773 4388 2024 4443 vilitate?

2126 3198 2332 3251 τούτων
2389 3198 2647 3264 ὀφθεῖσαν
2674 3216 2719 3264 ,ο
2758 3200 2852 3252 καὶ
2910 3198 3241 3268 καθαρότητι
3294 3195 3709 3263 διενεγκοῦσαν.

2133 3291 2281 3345 Ἔδει
2323 3294 2398 3361 μὴ
2429 3291 2518 3359 ὑφ’
2559 3291 2677 3354 ἑνὸς
2706 3292 2868 3360 μόνου
2901 3291 3135 3359 ἀγγέλου
3170 3288 3377 3358 ταύτην
3410 3289 3713 3358 ὑπηρετεῖ-

2130 3382 2277 3446 σθαι,
2313 3382 2429 3436 ἀλλ’
2462 3384 2567 3436 ὑπὸ
2599 3384 2806 3453 μυρίων
2839 3384 3117 3453 μυριάδων
3161 3382 3346 3450 κύκλῳ
3374 3381 3711 3451 δορυφορεῖ-

2129 3472 2275 3526 σθαι.
2314 3473 2422 3525 Καὶ
2463 3475 2572 3543 γὰρ
2606 3473 2664 3525 ὃν
2701 3475 2900 3526 ἐκεῖνοι
2929 3473 3063 3544 ὁρᾷν
3096 3472 3482 3532 ἀδυνατοῦσιν,
3533 3473 3715 3539 ὑπερ⁴

2128 3565 2277 3633 (petii;
2311 3563 2450 3634 αῦτη
2478 3565 2535 3615 ὲν
2563 3563 2742 3634 κοιλίᾳ
2771 3564 3021 3633 ἐχώρησε
3049 3562 3185 3634 [Sin
3213 3563 3482 3615 ἐϐάστασε
3602 3563 3712 3615 Τὸν

2127 3654 2564 3725 ἀναϐαλλόμενον
2600 3656 2718 3723 φῶς
2743 3654 2819 3718 ὡς
2848 3656 3060 3724 ἱμάτιον
3091 3656 3149 3706 ὲν
3179 3656 3292 3715 τοῖς
3349 3652 3580 3715 οἰκείοις
3609 3670 3709 3705 πε-

2129 3748 2394 3819 ριέστειλε
2439 3746 2680 3810 κόλποις.
2730 3747 2833 3799 Τὸν
2890 3746 3197 3816 κατέχοντα
3255 3746 3421 3815 δρακὶ
3464 3746 3536 3798 ea:
3569 3745 3708 3812 σύμ-

2126 3857 2325 3903 παντα,
2359 3840 2414 3891 ἓν
2454 3841 2575 3901 ταῖς
2606 3838 2877 3907 ἀγκάλαις
2912 3837 3264 3908 ἀνδρωθέντα
3314 3836 3571 3905 συνέσχε.
3610 3837 3709 3899 Τίς

2124 3931 2298 3991 ταῦτα
2330 3929 2633 3995 κατανοῶν,
2677 3928 2752 3998 μὴ
2790 3929 3002 3998 μεγάλα
3034 3931 3164 3996 περὶ
3192 3929 3293 3997 τῆς
3325 3927 3538 3990 οἰκείας
3570 3946 3708 3996 (pav—

2125 4021 2350 4075 τάσαιτο
2386 4020 2635 4088 φύσεωςς
2676 4021 2774 4085 Τίς
2815 4020 2912 4090 μὴ⁴
2937 4020 3024 4074 διὰ
3055 4019 3234 4073 ταῦτα
3263 4020 3403 4092 πρὸς
3432 4018 3577 4088 Mog
3608 4020 3710 4089 τὴν

2124 4111 2364 4165 διάνοιαν
2409 4111 2658 4183 ἐπαρθῇ,
2713 4112 2809 4165 καὶ
2859 4112 3094 4165 ιπάντων
3147 4110 3345 4164 ἑαυτὸν
3389 4110 3707 4181 ὑπέρτερον

2126 4205 2427 4273 ήγήσαιτο;
2462 4202 2585 4275 [Τίς
2615 4203 2689 4273 μὴ
2710 4202 2777 4256 δι’
2803 4202 2943 4256 αὐτά
2973 4201 3345 4272 ὑψηλοφωνῶν
3370 4202 3707 4271 φανήσεται,

2125 4298 2220 4347 καὶ
2253 4290 2469 4363 μεγάλα
2490 4293 2709 4363 κράζων
2737 4291 2992 4363 ἐμϐοάτω
3014 4295 3078 4363 τῇ
3104 4293 3310 4357 κτίσεις
3338 4293 3454 4358 καὶ,
3481 4307 3550 4346 ex
3572 4290 3710 4367 Sin]

2124 4384 2208 4448 τίς
2240 4384 2313 4456 μὴ
2350 4383 2417 4437 δι’
2467 4385 2609 4437 αὐτὰ
2642 4382 3038 4454 ὑψηλοφρονῶν
3070 4386 3362 4451 γενήσεται
3388 4420 3406 4445 .
3461 4384 3563 4437 καὶ
3610 4384 3711 4450 τῆς

453 4477 621 4532 Plane
658 4478 823 4531 enim.
854 4491 941 4533 res
981 4487 1066 4533 est
1110 4492 1274 4546 supra
1318 4478 1535 4532 modum
1585 4477 1906 4548 magniﬁca,
1957 4493 2018 4534 ac

2129 4475 2265 4538 ιδίας
2294 4473 2606 4546 ἐξεστηκὼς
2625 4474 2904 4536 εὐτελείας
2920 4474 3241 4542 bneﬁcium;
3263 4471 3373 4541 καὶ
3393 4473 3509 4542 γὰρ
3536 4473 3711 4543 ὑπέρ-

324 4588 341 4597 ·
449 4569 597 4622 omni
638 4569 809 4632 major
842 4569 1146 4640 majestate.
1196 4568 1327 4624 Nam
1371 4571 1554 4641 cOgita
1584 4584 1750 4641 quam
1790 4585 1879 4626 res
1909 4572 2011 4625 hu-

455 4673 628 4713 manae
670 4660 900 4714 sublime
951 4662 1106 4716 elaue
1133 4663 1242 4717 sint
1267 4702 1283 4727 ,
1316 4677 1416 4732 pro
1445 4660 1766 4731 abjectionis
1813 4661 2026 4717 ratione

448 4750 644 4824 πριιιιιί
703 4753 1051 4823 provectioris
1094 4754 1354 4809 adauctw.
1408 4752 1804 4810 Corrueramus
1858 4753 2025 4809 divini

521 4933 571 4963 “
613 4930 750 4985 [δεδι.
784 4945 901 5009 ctu,
928 4930 984 4985 9..
1059 4931 1107 4962 ⁸⁸
1142 4929 1246 4986 lsa.
1289 4944 1380 4997 ιι,
1410 4930 1499 4986 19..

526 5106 641 5177 ('50)
673 5105 845 5176 Deque
875 5104 1212 5177 immateriali
1244 5122 1381 5177 esca,
1403 5113 1535 5172 etc.,
1571 5104 1702 5174 περὶ
1718 5103 1895 5177 estw
1924 5104 2020 5159 καὶ

451 5174 655 5246 ἑτέρως
681 5174 912 5247 ἐχούσης
959 5176 1211 5248 διαφέρῃ.
1247 5175 1413 5231 Vocat
1465 5174 1892 5248 itntnaterialeni,
1919 5189 2019 5229 au~

454 5243 679 5319 gelicam
711 5243 1187 5307 illaufannoriarh,
1204 5262 1268 5300 ac
1288 5248 1506 5319 modum
1531 5243 2013 5319 ιιιὶιιιιι-Ιιιιὺειιιειιι

456 5312 526 5373 ab
557 5332 770 5371 annona
824 5328 1034 5379 nostra,
1066 5326 1125 5371 ut
1171 5319 1269 5370 hoc
1298 5316 1613 5372 secundum.
1640 5312 1836 5381 prioris
1884 5315 2027 5368 illius

454 5389 726 5457 expositio
780 5386 873 5442 sit.
910 5386 1219 5457 Propterea,
1244 5388 1481 5457 Adixerat
1521 5400 1647 5457 esse
1704 5381 1830 5434 illud
1860 5387 2022 5457 __qiioil

452 5451 763 5531 porrigebat
824 5451 1045 5526 angelus
1105 5455 1287 5531 ὑλικόν
1339 5473 1391 5509 τι
1436 5452 1750 5531 ὁρώμενον·
1817 5451 2021 5521 aliquid

453 5523 631 5594 Quod'
663 5523 922 5581 uideretur
985 5526 1290 5591 materiale;
1353 5523 1493 5593 quod
1554 5523 1805 5576 nimirum
1872 5535 2019 5576 esset.

454 5609 678 5650 caterua
734 5598 912 5665 specie
954 5596 1129 5664 panis,
1173 5607 1234 5649 ac
1280 5603 1536 5649 consueta
1584 5606 1874 5665 essm-cum
1927 5606 2012 5645 re-

456 5678 583 5721 vera
610 5660 934 5721 esset'cibus
957 5660 1211 5731 divinior,
1241 5679 1304 5719 ac
1333 5665 1543 5734 qualem
1592 5660 1860 5730 Augeliea:
1896 5677 2009 5714 tua-

2126 4583 2289 4635 ογκον
2350 4565 2412 4619 τδ
2467 4566 2737 4635 πρᾶγμα,
2784 4564 2877 4616 καὶ
2936 4563 3266 4635 σεμνότητος
3316 4562 3546 4631 ἀπάσης
3606 4564 3710 4615 ἑπ-

2128 4657 2336 4712 έκεινα.
2371 4657 2658 4726 Ἐννόησον
2684 4658 2794 4729 γὰρ
2827 4656 2964 4728 πρὸς
2986 4656 3111 4708 ὅσον
3151 4655 3285 4724 ὕψος
3311 4653 3457 4726 ἤρθη
3482 4654 3554 4708 τὰ
3574 4656 3715 4725 ὴμέ-

2128 4765 2263 4820 τερα
2294 4789 2307 4811 ,
2382 4747 2707 4820 ἀντίρροπον
2770 4750 2836 4819 τῇ
2895 4747 3223 4801 ταπεινώσει
3284 4742 3560 4815 δεξάμενα
3612 4744 3713 4815 τὴν

2123 5119 2222 5157 nus
2249 5104 2577 5173 paraverint.
2611 5102 2702 5157 Sic
2729 5109 2868 5171 apud
2904 5100 3066 5173 Greg.
3087 5100 3141 5173 2,
3176 5100 3242 5153 de
3277 5094 3472 5173 Theo].
3507 5096 3708 5173 dicun-

2120 5183 2206 5226 tur
2246 5166 2370 5229 caeli
2422 5172 2595 5242 σῶμα.
2622 5166 2784 5226 ἇῦλον
2811 5186 2826 5202 ⁸
2891 5170 3081 5242 corpus
3117 5166 3475 5242 inmiaieriule
3502 5181 3522 5219 :
3569 5168 3711 5242 velut

2121 5242 2420 5297 subtilioris
2448 5236 2788 5306 substantiae,
2814 5255 2878 5293 ac
2928 5240 3154 5294 alterius
3186 5238 3412 5289 rationis
3443 5252 3471 5286 a
3500 5236 3704 5289 erasas

2128 5314 2248 5368 istis
2299 5327 2362 5367 ac
2414 5313 2813 5366 sublunaribus.
2856 5308 2942 5364 Uti
2991 5324 3095 5362 non
3149 5306 3349 5373 placuit
3402 5307 3469 5356 ad
3538 5307 3702 5358 relata

2125 5385 2285 5437 verba
2336 5381 2636 5435 canistrum
2695 5380 3008 5452 interpretis
3052 5376 3340 5452 Alpbousiz
3376 5375 3452 5452 ita
3489 5389 3594 5427 nec
3626 5376 3708 5452 hic

2123 5452 2295 5521 placet
2328 5467 2435 5521 quo
2471 5453 2642 5521 reddit
2704 5469 2717 5505 :
2772 5468 2790 5500 ι
2831 5444 2907 5503 Ειη
2933 5444 3258 5510 contendis,
3316 5444 3559 5521 l'ueritne
3613 5444 3706 5521 ali:

2122 5513 2360 5576 inenlttui
2406 5520 2706 5582 litaterialc,
2765 5536 2832 5573 an
2886 5532 3080 5585 expers
3144 5518 3432 5583 materiae:
3481 5530 3503 5565 ι
3563 5513 3705 5583 quod

2120 5590 2305 5646 Graeca
2358 5591 2534 5647 minus
2578 5591 2833 5656 habeant,
2865 5604 2930 5645 ac
2960 5586 3200 5643 auctoris
3234 5596 3450 5641 sensus.
