3982 6160
288 323 447 409 tm

1261 327 1347 389 IN
1384 328 1488 390 SS.
1524 328 1725 392 DEIP.
1767 331 2213 395 INGRESSUM
2251 333 2335 396 IN
2371 335 2594 396 TEMP.

3417 333 3554 401 1438

307 433 596 490 ἀνάϐασιν.
628 433 987 497 Πεπτωκότες
1024 428 1057 484 ἦ
1069 452 1168 494 μεν
1193 438 1260 507 τῇ
1294 437 1640 508 παραϐάσειο
1669 439 1876 502 ἀνάξιοι

1988 444 2420 514 transgressione
2447 442 2684 496 mandati
2709 461 2724 509 ;
2759 440 2882 497 facti
2912 456 3132 498 eramus
3162 440 3365 510 indigni
3386 441 3553 499 Crea-

307 524 412 588 τῆς
441 521 535 576 τοῦ
567 523 812 577 Πλάστου
850 522 1175 594 κηδεμονίας
1202 526 1529 595 γεγόναμεν,
1568 528 1719 580 οὐδὲν
1750 530 1885 601 πρὸς

314 614 613 682 ἀπολογίαν
641 613 742 683 τῆς
769 614 986 686 ἀπάτης
1015 617 1382 686 εὑρίσκοντες.
1416 619 1637 672 Ἐκειτο
1665 622 1696 689 ὴ
1724 620 1886 688 φύσις

312 704 418 758 ὑπὸ
450 705 511 758 τδ
549 704 749 776 πτῶμα
771 718 786 735 ’
825 705 995 759 έδεῖτο
1025 706 1120 759 τοῦ
1154 708 1560 777 ἀνορθώσοντος
1579 725 1593 738 ·
1640 712 1832 779 ἔτυχεν
1858 728 1873 743 ·

309 794 372 847 ού
406 792 477 846 δι’
507 794 695 864 ἑτέρου
722 810 737 825 ο
781 794 850 848 δι’
884 795 1049 849 αὑτοῦ
1080 796 1138 850 δὲ
1172 795 1267 850 τοῦ
1320 798 1840 871 δημιουργήσαντος
1867 816 1881 833 ο

307 885 408 938 καὶ
436 884 470 954 ὴ
504 884 836 949 ἀνάστασις,
889 884 1014 957 ξένη
1039 903 1055 918 ο
1114 887 1176 941 οὐ
1224 890 1517 959 προστάξει
1542 931 1557 954 ,
1618 893 1760 945 κατά
1787 889 1885 962 τὴν

309 975 484 1045 πάλαι
517 975 903 1045 δημιουργίαν,
958 976 1078 1031 ἀλλ’
1106 979 1392 1051 οἰκονομίᾳ
1420 1022 1435 1047 ,
1468 981 1612 1035 κατὰ
1661 982 1761 1053 τὴν
1797 983 1881 1036 0i-

309 1066 471 1121 κείαν
504 1064 939 1136 φιλανθρωπίαν.

381 1251 496 1305 οὐκ
542 1250 796 1318 ἀγγέλοις
838 1236 908 1303 τά
946 1249 1052 1320 τῆς
1100 1250 1455 1315 ἀναστάσεως
1507 1252 1876 1324 ἐνεχείρισεν,

306 1342 427 1397 ἀλλ’
457 1341 634 1413 ἑαυτῷ
648 1341 716 1395 τά
731 1341 829 1410 τῆς
844 1342 1301 1408 συγκαταδάσεως
1322 1342 1682 1415 παρεχώρησε
1704 1342 1841 1415 ἔργα
1865 1361 1879 1376 ·

306 1434 406 1488 καὶ
431 1435 494 1487 ού
530 1434 692 1503 μόνον
719 1432 1070 1513 ἀνώρθωσενε
1114 1434 1255 1488 ἀλλά
1277 1436 1370 1488 καὶ
1400 1435 1654 1498 ἀνέλαϐε,
1694 1437 1788 1488 καὶ
1816 1434 1882 1490 τὸ

306 1525 656 1595 προσληφθέν
689 1526 767 1597 τῷ
822 1526 1075 1598 πατρικῷ
1109 1526 1286 1599 θρόνῳ
1337 1529 1605 1598 ἐνίδρυσε.
1642 1528 1707 1582 Τί
1745 1527 1883 1597 πρὸς

303 1613 407 1684 τὴν
428 1613 633 1682 ἄφατον
655 1613 854 1686 ταύτην
879 1615 1289 1685 φιλανθρωπίαν
1319 1618 1559 1687 ἐννοήσω
1582 1634 1597 1683 ;
1640 1616 1763 1669 Τίσι
1790 1616 1882 1668 λό·-

302 1716 425 1767 γοις
456 1701 556 1774 τὴν
584 1702 811 1775 ἄπειρον
864 1704 1272 1772 συγκατάδασιν
1299 1707 1633 1775 ὲγκωμιάσω
1660 1723 1675 1773 ;
1725 1708 1881 1761 Τίσιν

226 1798 239 1803 ’
303 1791 553 1856 ἐπαίνοις
584 1793 682 1861 τὴν
710 1794 984 1864 Παρθένον
1010 1793 1077 1848 δι’
1104 1791 1173 1865 ἦς
1200 1795 1374 1849 ταῦτα
1404 1797 1836 1868 ὶπραγματεύθη
1863 1839 1878 1866 ,
1912 1776 1954 1829 Β

290 1884 690 1967 ἤὲπευφημήσω
715 1902 729 1917 ·
757 1883 826 1939 δι’
854 1880 920 1958 ἧς
958 1888 992 1956 ἡ
1028 1886 1120 1939 τοῦ
1160 1886 1415 1956 σώματος
1449 1887 1611 1959 [Μιιι.
1650 1889 1882 1959 πτώμα-

302 1988 419 2036 τος.
472 1974 637 2028 Sirm.
699 1974 1060 2051 πλάσματος]
1104 1976 1404 2048 ἀνάκλησις
1479 1978 1732 2046 ὲγένετο;
1786 1980 1883 2045 Τίς

302 2063 443 2133 τιμὴ
474 2064 769 2130 ἰσοστάσιος
796 2067 863 2137 τῇ
908 2065 1114 2138 ταύτης
1162 2067 1511 2140 καθαρότητι
1535 2069 1825 2142 ἀναδειχοῗὶ
1861 2088 1877 2136 ἶ

301 2146 375 2222 ἦς
403 2154 432 2204 ὁ
460 2154 807 2224 Δημιουργδς
836 2154 1090 2222 ἐρασθεὶς
1122 2195 1137 2221 ,
1166 2157 1266 2227 τὴν
1311 2158 1521 2213 οἰκείαν
1567 2161 1775 2230 σκηνὴν
1813 2162 1879 2213 ὲκ

301 2242 513 2313 ταύτης
539 2244 788 2315 ἐδείματο
814 2261 828 2276 ⁸
852 2240 919 2317 ἦς
947 2246 1045 2317 τὴν
1085 2244 1357 2318 ἐνοίκησιν
1386 2248 1447 2301 ού
1481 2251 1840 2321 παρῃτήσατο
1862 2265 1877 2281 ’

307 2334 371 2388 ἔν
466 2333 528 2385 τὸ
562 2334 826 2406 πατρικὸν
853 2335 1279 2405 ἐκπεπλήρωται
1308 2336 1556 2408 βούλημα
1577 2353 1592 2367 ⁰
1648 2343 1705 2392 ὲν
1804 2341 1866 2394 τὸ

306 2424 575 2490 πανάγιον
609 2425 995 2480 ἀναπέπαυται
1015 2426 1260 2496 Πνεῦμα.
1298 2428 1396 2492 Τίς
1417 2428 1545 2495 δόξα
1575 2430 1696 2483 κατ’
1724 2431 1881 2496 ἀξίαν

303 2513 516 2584 ταύτης
541 2516 860 2587 ὀφθήσεται,
894 2512 961 2589 ἧς
995 2519 1306 2591 ὑπερτέραν
1334 2521 1434 2590 τὴν
1466 2520 1627 2586 δόξαν
1664 2520 1881 2594 [Sirm.

307 2607 376 2677 ῆν
406 2606 713 2678 ὑπερτέραν
748 2610 814 2679 τῇ
847 2607 974 2682 δόξῃ
993 2618 1012 2681 j
1052 2609 1195 2679 πλὴν
1225 2610 1439 2677 ἑαυτοῦ,
1467 2614 1497 2665 ό
1524 2612 1763 2682 Κτίστης
1789 2615 1883 2666 ἀν-

305 2696 615 2765 έδειξεν;Ὦ
631 2698 800 2768 τιμῆς
819 2699 1040 2768 ἀπάσης
1069 2701 1373 2773 ύπέρτιμον
1402 2701 1662 2774 δώρημαῖ
1687 2704 1751 2757 Ὢ
1775 2705 1881 2758 τῶν

305 2786 531 2856 ὡραίων
562 2787 895 2857 ὡραιότατον
914 2790 1173 2862 ὡράῖσμα
1198 2793 1211 2846 l
1233 2788 1304 2846 Ὠ
1324 2793 1556 2847 Θεοτόκε
1572 2795 1681 2849 τῶν
1702 2797 1882 2851 καλῶν

305 2879 614 2947 ὑπέρτατον
656 2881 1120 2952 ὲγκαλλώπισμαο
1179 2884 1243 2937 σὺ
1292 2885 1393 2954 τῆς
1424 2888 1659 2956 ἀρχαίας
1714 2890 1878 2959 ἡμῶν

304 2968 586 3034 εὐγενείας
618 2969 719 3041 τὴν
757 2971 1055 3039 ἔκπτωσιν,
1093 2974 1172 3045 τῷ
1214 2976 1357 3044 ὑπὲρ
1404 2978 1563 3044 λόγον
1589 2996 1683 3033 σου
1731 2982 1876 3050 τόκῳ

304 3057 633 3165 άνώρθωσας
653 3077 666 3091 ο
702 3061 766 3115 σὺ
798 3063 898 3165 τὴν
928 3063 1241 3136 ὡραιότητα
1277 3068 1377 3135 τῆς
1414 3067 1637 3139 πρώτης
1676 3071 1881 3135 εἰκόνος
1908 3106 1952 3165 c

303 3149 749 3217 ἀμαυρωθείσαν,
786 3152 868 3216 εἱς
895 3154 955 3205 τὸ
982 3156 1183 3208 οἰκεῖον
1208 3157 1621 3227 ἀπεμόρφωσας
1645 3159 1841 3225 κάλλος
1861 3178 1874 3192 ·

304 3242 371 3293 σὺ
405 3240 504 3302 τὰς
531 3242 590 3293 ἐν
612 3242 811 3305 λύπαις
836 3243 1034 3307 ώδϊνας
1057 3247 1158 3316 τῆς
1194 3249 1566 3317 προμήτορος,
1600 3251 1680 3313 είς
1704 3253 1877 3323 χαρᾶς

302 3333 620 3401 γεννήματα
662 3336 727 3405 τῇ
763 3335 958 3405 κυήσει
992 3352 1086 3388 σου
1119 3337 1510 3408 μετεποίησας.
1560 3340 1660 3394 Διά
1708 3342 1803 3394 σοῦ
1844 3344 1878 3413 ή

300 3422 398 3476 τοῦ
423 3423 613 3491 γένους
643 3425 892 3491 ἀποικία,
926 3427 1062 3497 πρὸς
1090 3428 1189 3497 τὴν
1217 3429 1355 3482 ἰδίαν
1380 3432 1552 3500 μονήν
1578 3434 1880 3503 ὲπανέδρα-

306 3531 410 3584 μεν
435 3531 451 3545 ·
484 3515 573 3567 διὲι
608 3516 701 3569 σοῦ
740 3516 1149 3588 τήνάκήρατον
1176 3518 1270 3572 τοῦ
1308 3522 1639 3585 παραδείσου
1671 3524 1878 3578 ἀπελά-

301 3600 471 3676 6ομεν
499 3607 707 3677 τρυφὴν
734 3607 926 3680 [Sirm.
955 3610 1277 3683 ἀπόλαυσιν]
1298 3628 1313 3644 ο
1365 3611 1452 3665 διὰ
1479 3613 1573 3666 σοῦ
1600 3617 1696 3683 τῆς
1724 3632 1880 3684 στρε-

302 3696 544 3765 φομένης
574 3698 851 3769 ῥομφαίας
881 3701 913 3769 ή
943 3698 1294 3771 ὑποχώρησις
1327 3702 1522 3770 γέγονε
1547 3721 1564 3761 ·,
1588 3704 1675 3758 διὰ
1700 3705 1794 3757 006
1823 3708 1877 3758 αί

301 3787 688 3858 κεκλεισμέναι
734 3789 904 3869 πύλαι
946 3792 1045 3861 τῆς
1093 3792 1342 3871 τρυφῆς,
1385 3794 1483 3863 τὴν
1549 3795 1753 3849 εἴσοδον
1788 3796 1876 3860 ἐξ·

299 3879 548 3951 ηνέφξαν
572 3899 585 3911 ·
619 3881 709 3933 διὰ
740 3881 835 3935 σοῦ
870 3883 927 3935 ai
966 3883 1074 3936 τῶν
1108 3885 1403 3954 προφητῶν
1426 3886 1640 3949 ἐλπίδες
1671 3891 1749 3950 εἰς
1781 3888 1874 3956 ἔρ-

298 3988 397 4037 γον
426 3969 728 4041 έξέύησανο
780 3974 841 4025 έν
883 3973 964 4025 σοὶ
995 3974 1052 4026 αί
1086 3973 1291 4027 τούτων
1341 3976 1566 4046 ῥήσεις,
1615 3976 1676 4029 τὸ
1724 3977 1879 4039 τέλος

298 4063 596 4133 εἰλήφασι·
653 4062 741 4115 διὰ
776 4063 870 4116 σοῦ
894 4103 909 4124 ,
962 4063 1060 4133 τῆς
1097 4064 1440 4130 ἀναστάσεως
1474 4066 1633 4136 ἡμῶν
1670 4067 1875 4138 ἀψευδῆ

273 4154 366 4207 -τά
401 4152 646 4223 σύμϐολα
680 4152 986 4223 κατέχομεν
1010 4173 1022 4186 ·
1059 4154 1151 4208 διὰ
1184 4153 1278 4207 σοῦ
1304 4156 1402 4224 τῆς
1443 4156 1694 4225 οὐρανῶν
1720 4156 1877 4225 βασι-

296 4245 449 4309 λείας
489 4246 767 4316 ὲπιτυχεῖν
800 4246 1095 4316 ἐλπίζομεν
1119 4262 1134 4278 '
1177 4247 1237 4299 σὲ
1274 4249 1375 4314 τῆς
1407 4249 1563 4317 ήμῶν
1598 4249 1877 4318 σωτηρίας

296 4338 591 4409 ἐπίκουρον
623 4339 938 4408 κεκτήμεθα
961 4355 975 4369 ο
1002 4339 1066 4392 σὲ
1095 4339 1195 4408 τῆς
1227 4338 1381 4409 ήμῶν
1414 4338 1669 4409 βοηθείας
1696 4340 1874 4410 ύπέρ-

298 4444 478 4517 μαχον
506 4427 742 4498 ἔχομεν·
780 4430 840 4482 σὲ
885 4428 981 4497 τῆς
1021 4428 1179 4499 ήμῶν
1218 4428 1518 4496 ἀπολογίας
1564 4429 1866 4501 προϐαλλό
1907 4458 1957 4517 υ

299 4516 446 4587 μεθα
476 4516 651 4587 στόμα
671 4534 687 4549 ο
730 4519 789 4570 σὲ
820 4518 918 4587 τῆς
951 4518 1107 4587 ήμῶν
1138 4519 1453 4589 παρρησίας
1487 4520 1864 4589 περιφέρομεν

295 4610 565 4679 καύχημα
589 4627 602 4639 ·
645 4609 706 4662 σὲ
748 4609 1091 4680 Χριστιανῶν
1137 4611 1170 4679 ή
1224 4608 1435 4678 πληθὺς
1468 4650 1483 4674 ,
1524 4610 1873 4681 ὀχυρώτατον

291 4701 477 4771 τείχος
526 4701 888 4769 κεκτήμεθαο
945 4701 1004 4753 σὲ
1064 4702 1244 4756 πιστοὶ
1295 4701 1537 4770 βασιλεῖς
1607 4704 1872 4771 κραταιὸν

291 4791 462 4845 ὅπλον
494 4792 818 4861 κατέχουσι·
856 4791 945 4845 διὰ
982 4791 1076 4845 σοῦ
1125 4792 1238 4847 τῶν
1273 4792 1547 4860 πολεμίων
1583 4794 1650 4845 τὰ
1694 4793 1871 4864 θράση

190 4908 193 4911 ~
297 4882 669 4952 συντρίϐουσι.
711 4883 804 4943 Σὺ.
841 4881 1089 4946 Θεοτόκε,
1134 4885 1227 4936 καὶ
1256 4882 1363 4937 τῶν
1396 4885 1482 4937 ἀεὶ
1508 4884 1867 4954 αἰτουμένων,

211 4986 235 5060 λ
297 4975 376 5053 μὴ
430 4975 667 5045 παρόψει
723 4975 822 5044 τὴν
865 4976 1083 5043 δέησιν·
1149 4976 1336 5047 ὄρεξον
1391 4981 1546 5059 χεῖρα
1598 4981 1714 5041 τοῖς
1773 4980 1872 5033 κά-

299 5081 499 5142 μνουσι
526 5081 542 5094 ·
580 5065 844 5119 ἐπιλαϐοῦ
875 5066 982 5120 τῶν
1013 5067 1489 5138 κλυδωνιζομένων
1512 5086 1525 5100 ’
1564 5069 1759 5139 στῆσον
1790 5073 1870 5134 εὶς

367 5219 483 5294 (τι)
513 5219 1155 5294 Μᾳηαηιῄῖεηίε-ροντὶθε.
1184 5222 1258 5294 E_x
1290 5216 1406 5274 'hoc
1436 5231 1489 5275 et
1517 5223 1865 5294 sequentibus

296 5291 471 5359 ciuilis
502 5290 635 5343 satis
657 5290 862 5344 iudicat
902 5290 1190 5359 Georgius,
1220 5291 1361 5357 loqui
1388 5306 1446 5359 se
1479 5307 1539 5345 ac
1571 5290 1749 5345 vivere
1769 5290 1865 5345 dif-

298 5358 535 5413 ﬁcilibus
561 5360 722 5426 lleip.
764 5358 1114 5422 temporibus.
1148 5361 1325 5426 qualia
1380 5358 1492 5414 fere
1522 5360 1743 5425 fuerunt
1796 5362 1864 5414 ab

297 5427 576 5494 lleratzho,
607 5444 820 5499 semper
864 5428 1087 5483 infensis
1142 5432 1480 5489 Sarracenis,
1509 5446 1573 5483 ac
1620 5429 1862 5485 cladibus

296 5499 470 5555 variis
530 5500 828 5553 lioutauum
896 5500 1178 5565 imperium
1238 5499 1633 5564 ailieientilius,
1691 5501 1862 5555 donec

295 5569 515 5638 penitus
541 5568 886 5623 extinxernnt
908 5580 1019 5621 toto
1034 5567 1276 5638 Oriente,
1309 5583 1372 5638 ac
1403 5584 1580 5629 suum,
1613 5579 1854 5637 postum-

297 5636 533 5706 ilumque
573 5639 983 5692 Osinanidarum
1028 5636 1288 5694 fecerunt.
1312 5636 1624 5694 Occurrunt
1664 5639 1859 5694 similia

297 5713 440 5778 apud
477 5708 746 5763 Andream
780 5708 924 5762 Cret.
962 5709 1202 5763 oratione
1233 5709 1282 5762 iu
1327 5709 1624 5778 apostolum
1659 5710 1857 5774 Titum,

1990 535 2121 588 toris
2152 532 2491 604 providentia
2519 572 2535 599 ,
2568 534 2762 603 quibus
2793 534 2925 588 nihil
2958 534 3024 588 ad
3054 534 3252 588 erroris
3279 533 3550 588 defensio-

1988 641 2106 679 nem
2162 625 2423 696 reliquum
2501 634 2666 681 esset.
2736 623 2958 680 Iacebat
3010 635 3202 678 natura
3260 633 3406 678 tanta
3459 622 3550 677 illa

1988 717 2177 776 ruina;
2217 724 2334 769 erat
2387 714 2733 770 necessarius
2783 715 2873 784 qui
2923 715 3271 768 instauraret.
3316 713 3381 768 Et
3424 728 3550 768 vero

1987 804 2286 859 instaurata
2342 814 2461 868 est,
2514 819 2622 859 non
2661 804 2886 858 alterius
2922 819 3120 872 opera,
3176 818 3339 870 quam
3376 790 3549 870 ipsius

1986 896 2073 962 qui
2131 896 2449 952 condiderat
2483 912 2497 949 :
2531 897 2689 965 (quae
2728 910 2865 949 nova
2911 897 3154 963 qumdam
3187 909 3250 947 ac
3306 894 3545 947 inaudita

1988 986 2253 1053 reparatio
2296 995 2377 1038 est
2429 990 2446 1051 )
2507 1000 2611 1038 non
2665 988 2807 1038 nudo
2859 993 3156 1050 praecepto;
3212 982 3286 1034 uti
3341 980 3546 1051 pridem

1986 1076 2171 1129 habuit
2228 1078 2456 1140 creatio,
2508 1075 2600 1130 sed
2657 1076 3094 1141 disp-.msatioue,
3143 1088 3206 1128 ac
3257 1083 3548 1141 assumpta:

1983 1165 2164 1219 Carnis
2191 1173 2556 1226 sacramento.
2591 1179 2691 1234 pro
2734 1163 2825 1217 Dei
2852 1162 3162 1216 clementia.

2052 1254 2169 1310 Non
2196 1256 2402 1326 angelis
2427 1256 2658 1309 credidit
2709 1254 3069 1323 reparationis
3110 1255 3359 1307 humanae
3382 1264 3548 1320 nego-

1986 1346 2138 1410 tium,
2163 1346 2257 1401 sed
2283 1346 2395 1414 ipse
2410 1344 2508 1398 sibi
2536 1353 2592 1396 nt
2615 1344 2665 1396 in
2694 1353 2932 1397 nostram
2948 1358 3006 1398 se
3018 1343 3277 1396 vilitatem
3301 1342 3550 1395 demitte-

1985 1447 2086 1501 ret,
2118 1434 2341 1490 indulsit
2375 1453 2389 1488 :
2422 1449 2519 1488 nec
2546 1422 2733 1487 habuit
2755 1433 2889 1486 satis
2922 1439 3274 1501 utrepararet
3303 1448 3318 1495 ;
3346 1433 3412 1484 ad
3437 1433 3550 1485 haec

1983 1529 2124 1582 enim
2155 1540 2434 1579 assumere
2456 1524 2655 1589 voluit,
2687 1531 3125 1591 assutnptamque
3146 1529 3383 1575 nostram
3404 1521 3550 1573 illam

1985 1624 2227 1668 naturam
2245 1615 2294 1666 in
2313 1624 2531 1683 paterna
2545 1610 2669 1667 sede
2687 1608 3126 1675 collocaviLQuid
3141 1612 3206 1662 ad
3223 1606 3549 1662 ineﬂ‘abilem

1985 1704 2125 1758 illam
2147 1704 2555 1774 benignitatem,
2575 1704 2982 1771 impensiusque
2999 1702 3050 1754 in
3074 1702 3368 1754 humanum
3383 1711 3552 1768 genus

1982 1795 2215 1847 studium
2256 1782 2607 1863 cogitaverim
2630 1792 2656 1846 Υ
2687 1791 2895 1858 Quibus
2934 1790 3199 1845 encomiis
3230 1790 3550 1842 immensam

1983 1885 2127 1938 illam
2152 1885 2207 1939 in
2241 1900 2395 1939 usum
2429 1892 2676 1938 nostrum
2707 1880 3092 1937 demissionem
3129 1878 3553 1936 celebraverint?

1982 1976 2188 2043 Quibus
2216 1975 2485 2038 laudibus,
2515 1974 2789 2044 Virginem
2822 1987 2920 2042 per
2947 1987 3110 2042 quam
3138 1986 3200 2026 ea
3228 1982 3377 2040 gesta
3399 1977 3548 2032 sunt,

1982 2066 2310 2136 prosequar?
2344 2066 2639 2136 Virginem,
2668 2052 2908 2133 inquam,
2943 2076 3039 2132 per
3057 2077 3218 2131 quant
3242 2062 3549 2131 figmentum

1982 2165 2286 2226 reparatum
2319 2155 2461 2210 fuit?
2498 2156 2631 2221 Quis
2659 2165 2842 2210 tantus
2889 2154 3064 2208 honor
3111 2153 3232 2219 ejus
3258 2153 3550 2221 puritatem

1981 2262 2199 2316 mquans
2234 2248 2721 2308 demonstraretur,
2771 2259 2838 2299 ex
2869 2258 2974 2312 qua
3026 2243 3141 2313 ipse
3180 2250 3391 2306 auctor,
3434 2240 3551 2311 ejus

1990 2347 2208 2393 amator
2261 2338 2437 2392 factus
2463 2376 2479 2402 ,
2509 2351 2663 2391 suum
2700 2334 3107 2389 tabernaculum
3138 2334 3459 2397 aediﬁcavit;
3498 2333 3550 2386 iu

1987 2447 2089 2501 qua
2127 2430 2370 2484 habitare
2432 2443 2536 2483 non
2576 2428 2794 2492 renuit,
2848 2427 2899 2480 in
2948 2440 3051 2495 qua
3110 2425 3389 2493 impletum
3448 2422 3551 2477 fuit

1987 2532 2269 2592 paternum
2303 2520 2583 2574 consilium
2607 2562 2622 2585 ,
2649 2519 2701 2572 in
2738 2533 2840 2587 qua
2876 2517 3141 2585 requievit
3174 2512 3552 2569 sanctissimus

1992 2611 2263 2683 Spiritus?
2286 2611 2539 2677 Quaenam
2564 2610 2611 2663 ei
2646 2610 2813 2677 gloria
2840 2623 2937 2677 pro
2964 2606 3174 2661 meritis
3207 2604 3547 2675 respondeat,

1991 2719 2149 2773 quam
2187 2703 2298 2772 ipse
2323 2710 2557 2765 creator,
2590 2698 2751 2752 rebus
2771 2698 3043 2759 omnibus,
3074 2711 3181 2749 uno
3213 2709 3271 2749 se
3301 2702 3550 2761 excepto,

1984 2795 2350 2851 sublimiorem
2369 2790 2648 2846 ostendit?
2673 2789 2718 2845 Ο
2745 2789 2998 2860 pretium,
3028 2782 3188 2842 omne
3211 2786 3553 2856 pretiositate

1983 2900 2245 2954 superans
2277 2884 2505 2937 munusl
2537 2882 2581 2936 υ
2619 2883 2759 2936 inter
2786 2880 3005 2945 decora,
3038 2879 3293 2934 decorum
3318 2877 3552 2929 maxime

1966 2976 2184 3045 idecus!
2219 2973 2263 3030 0
2304 2973 2530 3042 Deipara
2559 3010 2573 3035 ,
2619 2987 2799 3025 rerum
2836 2970 3182 3040 pulchrarum
3240 2982 3549 3036 supremum

1985 3065 2397 3121 ornamentuinl
2434 3074 2487 3117 tu
2517 3104 2534 3131 ,
2570 3063 2808 3131 antiquae
2840 3072 3038 3116 nostrae
3065 3060 3414 3128 ingenuitatis
3442 3058 3553 3110 rui-

1986 3173 2129 3224 nam,
2163 3168 2314 3226 partu
2335 3156 2425 3210 illo
2445 3169 2607 3224 supra
2637 3163 2903 3217 naturam,
2925 3151 3188 3221 reparasti
3217 3167 3233 3205 :
3267 3159 3341 3212 tu,
3367 3149 3553 3218 prima:

1980 3250 2234 3323 imaginis
2260 3248 2589 3302 exstinctam
2632 3254 2971 3300 venustatem
2998 3285 3012 3308 ,
3043 3245 3107 3296 ad
3144 3242 3428 3310 pristinam
3460 3257 3555 3293 re-

1983 3339 2189 3407 parasti
2218 3337 2674 3407 pulchritudinem
2706 3352 2720 3390 :
2751 3346 2829 3399 tu,
2868 3334 3111 3403 parentis
3140 3334 3327 3401 prima:
3364 3334 3418 3386 in
3449 3333 3555 3384 tri-

1982 3432 2146 3485 stitiis
2181 3439 2369 3499 partus
2394 3468 2410 3490 ,
2448 3430 2553 3483 tuo’
2595 3427 2713 3496 ipsa
2751 3436 2948 3496 partu,
3004 3426 3058 3480 in
3093 3424 3275 3495 gaudii
3319 3424 3550 3477 feturam

1982 3520 2318 3576 convertisti.
2346 3517 2452 3574 Per
2483 3529 2532 3573 te
2551 3558 2567 3585 ,
2593 3517 2745 3571 exsul
2774 3518 3066 3571 humanum
3101 3530 3298 3583 genus,
3332 3514 3399 3567 ad
3427 3527 3555 3568 suas

1958 3604 2143 3665 ‘rediit
2171 3612 2325 3665 sedes
2352 3628 2364 3664 :
2391 3625 2484 3679 per
2504 3619 2575 3674 te,
2609 3600 2966 3663 immortalem
2994 3607 3227 3675 paradisi
3255 3607 3554 3675 recepimus

1982 3703 2349 3770 voluptatem;
2384 3715 2478 3769 per
2510 3710 2562 3754 te
2603 3701 2832 3753 recessit
2862 3699 3072 3764 gladius
3115 3698 3427 3762 versatilis;
3453 3710 3552 3763 per

1983 3805 2057 3858 te,
2090 3794 2382 3863 voluptatis
2415 3792 2649 3846 occlusae
2689 3798 2860 3860 portae
2906 3799 3197 3857 patuerunt
3226 3790 3293 3842 ad
3345 3789 3553 3856 ingres-

1981 3900 2098 3940 smn
2126 3902 2138 3937 :
2172 3900 2271 3953 per
2299 3896 2372 3951 te,
2407 3885 2792 3952 prophetarum
2822 3882 3258 3948 exspectationes
3301 3886 3549 3932 eventum

1983 3976 2285 4029 habuerunt
2317 3990 2543 4028 :eorum
2580 3971 2929 4035 testimonia,
2964 3971 3015 4024 in
3058 3981 3108 4023 te
3140 3970 3297 4023 finem
3328 3984 3554 4035 accepe-

1982 4076 2110 4121 runt
2145 4084 2159 4120 :
2206 4081 2301 4134 per
2334 4074 2385 4117 te
2417 4065 2679 4118 habemus
2728 4061 3142 4116 resurrectionis
3188 4068 3385 4112 nostra:
3426 4073 3551 4113 vera

1980 4158 2222 4231 symbnla
2246 4174 2261 4211 :
2288 4164 2457 4226 perte
2477 4169 2759 4225 Speremus
2788 4161 3175 4207 consecuturos
3199 4166 3299 4206 nos
3329 4164 3549 4220 regnum

1981 4248 2240 4302 caelorum
2272 4264 2284 4300 :
2314 4246 2629 4315 adiutricem
2655 4255 2708 4299 te
2740 4245 2932 4298 salutis
2971 4254 3169 4297 nostra:
3196 4244 3502 4296 obtinemus
3533 4258 3548 4295 :

1983 4342 2245 4396 habemus
2282 4349 2334 4394 te
2372 4339 2527 4394 nobis
2555 4337 2985 4397 auxilialricem;
3017 4345 3070 4388 te
3102 4350 3165 4388 os
3198 4345 3439 4388 nostrum
3482 4336 3550 4389 ad

1981 4431 2353 4486 defensionem
2381 4429 2670 4498 ohjicimus
2694 4446 2708 4482 :
2739 4437 2788 4482 te
2817 4437 3014 4481 nostra:
3048 4426 3256 4480 fiducia:
3277 4424 3551 4494 gloriatio-

1984 4538 2104 4576 nem
2125 4521 2554 4576 circumferimus
2578 4539 2591 4574 :
2624 4519 2757 4588 ipsi,
2792 4528 2871 4583 te,
2895 4517 3329 4573 Christianorum
3354 4526 3553 4585 caelus,

1983 4626 2191 4665 murum
2222 4606 2569 4664 fortissimum
2605 4610 2866 4663 habemus
2900 4624 2915 4663 :
2957 4616 3009 4663 te
3041 4607 3225 4662 fideles
3255 4607 3551 4676 imperato-

1985 4715 2074 4757 res
2128 4716 2277 4754 arma
2326 4699 2656 4754 validissima
2711 4708 2898 4753 tenent
2942 4717 2957 4753 :
3011 4714 3108 4768 per
3154 4707 3224 4763 te,
3262 4707 3555 4753 conterunt

1982 4792 2218 4847 hostium
2254 4789 2579 4854 audaciam;
2631 4805 2725 4857 per
2778 4800 2829 4844 te
2878 4790 3127 4844 obtinent
3175 4789 3415 4844 victoria!
3445 4798 3555 4844 tro-

1973 4884 2143 4954 pinea.
2193 4881 2276 4937 Tu
2325 4895 2525 4952 porro,
2565 4881 2656 4937 Dei
2701 4880 2947 4937 Genitrix
2980 4922 2995 4946 ,
3042 4895 3109 4935 ne
3152 4880 3219 4935 ad
3269 4890 3323 4935 te
3354 4880 3556 4950 iugiter

1969 4978 2235 5034 orantium
2269 4977 2712 5048 supplicationem
2738 4975 3071 5045 despexeris.
3112 4972 3324 5027 Manum
3348 4982 3554 5050 ‘quaeso

1973 5069 2131 5125 fessis
2183 5069 2470 5140 exporrige
2509 5068 2624 5140 (51)
2674 5084 2689 5121 :
2743 5067 3010 5121 auxiliare
3065 5062 3549 5134 naufragantibus;

1972 5222 2060 5294 ubi
2101 5232 2156 5277 et
2194 5223 2306 5291 ipse
2336 5220 2594 5294 βασιλεῖς.
2626 5221 2735 5294 AA.
2770 5219 2961 5294 plurali
2989 5219 3259 5294 nominat,
3303 5220 3397 5274 sed
3423 5210 3579 5294 ing;
3636 5236 3655 5259 κ

1966 5293 2067 5362 jori
2100 5289 2472 5361 expressi'one,
2518 5292 2765 5362 addendo
2817 5291 3142 5362 dmutassit;
3173 5290 3273 5342 καὶ
3303 5289 3553 5362 ’συνθρύ-

1970 5359 2093 5425 νους
2126 5378 2139 5391 ’
2173 5359 2372 5429 quibus
2413 5361 2748 5416 Ostendimus
2804 5360 3067 5430 designati
3113 5359 3408 5430 secundum
3448 5363 3552 5430 im-

1970 5427 2492 5500 periutndustiniani
2527 5430 2887 5500 lthiuotmeti,
2920 5427 3041 5483 cum
3065 5430 3174 5496 jam
3200 5428 3366 5483 liliutn
3388 5427 3553 5500 colle-

1968 5499 2461 5582 gamllesignasset
2495 5519 2509 5556 :
2541 5501 2781 5582 ad_qtmd
2833 5499 2971 5581 forte
2997 5500 3362 5582 spectaverint
3378 5499 3549 5582 etiarn

1971 5566 2070 5625 ista
2095 5566 2311 5642 Georin
2348 5592 2360 5626 :
2395 5574 2474 5626 sic
2500 5566 2734 5641 nudique
2752 5566 3061 5638 conspirat“
3093 5567 3427 5623 adminicula
3482 5566 3551 5625 ad

1969 5657 2086 5709 eius
2116 5647 2331 5711 i'pucha:
2374 5644 2763 5711 cmijc-cturuu.
