3948 6162
390 959 402 972 -.
478 916 777 978 exsistens,
832 925 1073 969 nostram
1133 913 1371 967 excessit
1443 913 1790 982 puritatem:

474 257 610 324 1M3

1604 252 1921 317 GEORGII
1966 245 2566 324 NICOMEDIENSIS

3603 242 3739 309 nu

476 375 596 444 ejus
616 371 682 427 ad
705 385 822 427 eam
851 383 1106 426 accessus
1135 368 1382 424 insuetus
1401 377 1484 422 est
1505 385 1520 435 ;
1545 369 1778 436 novique
1804 379 2046 435 prorsus,

2159 361 2384 431 τοσαύτη
2418 361 2546 429 περὶ
2589 358 2689 428 τὴν
2728 356 3006 429 Παρθένον
3030 355 3361 428 ἐπιμέλειαι
3407 356 3474 410 Τί
3517 357 3582 410 τὸ
3613 375 3742 428 κρυ-

473 479 616 534 quos
648 479 773 518 eum
811 463 987 532 puella
1029 462 1226 516 miscet
1256 475 1556 515 sermones.
1586 458 1716 526 Quae
1755 460 1868 514 ιιωο
1902 467 2046 511 tanta

481 553 536 607 in
575 551 852 621 Virginem
877 551 1057 605 cura?
1094 551 1372 617 Quodnam
1404 549 1455 603 in
1482 564 1542 604 ea
1569 550 1844 605 occultum
1884 551 2049 602 mira-

475 644 654 699 culum
682 685 698 708 ,
731 654 891 712 alque
919 642 1172 696 novitas?
1219 661 1238 694 ι

563 754 582 788 ι
625 737 811 801 Angeli
843 734 1250 803 obsequentium
1285 748 1436 786 more
1465 731 1807 786 circumdant
1839 749 1853 786 :
1883 733 2049 786 choro

477 836 670 880 nostro
701 833 1008 878 certantem
1041 823 1403 875 laudationem
1446 821 1650 875 emittit
1680 838 1694 874 :
1731 821 1782 874 in
1825 835 2050 887 corpore

1847 910 2046 962 femina

485 1010 726 1077 quidem,
766 1018 824 1060 ut
863 1022 982 1060 eam
1039 1007 1265 1075 ﬁguram
1308 1016 1538 1074 spectes,
1595 1020 1714 1072 qu.e
1762 1010 1845 1056 est.
1877 999 2050 1056 oculis

483 1098 759 1164 subjecta;
799 1109 852 1148 at
917 1097 1057 1165 quod
1096 1099 1414 1166 mysterium
1476 1096 1526 1147 ili
1578 1109 1642 1147 ea
1702 1093 2046 1163 intelligitur,

476 1199 720 1241 nostram
753 1195 1000 1238 naturam
1034 1193 1275 1254 superat.
1313 1184 1664 1250 Congauilent
1697 1182 1750 1233 in
1807 1197 1869 1235 ea
1925 1181 2049 1232 ιιιιὶ-

478 1288 673 1328 versa:
736 1275 902 1328 uestri
941 1273 1014 1326 illi
1061 1273 1401 1326 coeXsullant
1429 1273 1648 1324 ordines
1691 1288 1704 1324 :
1757 1285 1878 1322 eam
1909 1269 2050 1322 divi-

481 1379 610 1418 num
665 1366 834 1419 hocce
901 1364 1158 1440 templum
1216 1363 1539 1430 suscipiens,
1606 1361 1722 1428 eius
1789 1360 2050 1426 obsequio

478 1455 744 1522 exsurgit.
801 1454 845 1507 Ο
912 1453 1186 1506 vasculum
1249 1451 1462 1520 plenum
1517 1449 1701 1518 gratiae
1760 1448 1966 1503 visum!
2003 1445 2048 1501 Ο

485 1557 756 1601 terrenam
792 1558 1066 1608 naturam,
1098 1558 1226 1596 suas
1261 1544 1431 1612 ipsius
1477 1544 1714 1594 rationes
1744 1554 2050 1609 supergres-

486 1638 630 1693 saml
664 1634 708 1691 Ο
748 1651 866 1705 quae
913 1634 1424 1701 incomparabilibus
1462 1634 1659 1697 modis,
1684 1633 1800 1702 ejus
1823 1646 2048 1700 snpera-

2157 453 2424 523 πτόμενον
2448 453 2505 505 ὲν
2534 449 2709 523 ταύτῃ
2739 449 3076 520 παράδοξονς
3106 467 3126 501 ι

2237 746 2257 779 ι
2301 726 2560 796 Ἄγγελοι
2608 725 2812 797 ταύτην
2860 724 3294 798 περιιιυκλοῦσι⁹
3340 726 3631 797 συνόμιλον
3677 727 3742 798 τῇ

2157 818 2317 889 ἡμῶν
2354 820 2548 890 χορείᾳ
2617 819 2718 889 τὴν
2774 816 3086 886 δοξολογίαν
3137 817 3488 886 ἀναπέμπει·
3545 819 3607 870 ἐν
3643 815 3743 870 σῶς

2159 925 2290 979 ματι
2350 907 2603 972 τελοῦσα,
2659 907 2758 977 τὴν
2824 908 2981 978 ἡμῶν
3036 906 3284 977 ὑπερῆρε
3341 907 3735 978 καθαρότηταο

2157 999 2298 1067 γυνὴ
2371 998 2470 1068 μὲν
2521 997 2600 1066 τῷ
2674 996 2998 1068 βλεπομένῳ
3080 999 3362 1068 σχήματι·
3422 997 3565 1068 ὑπὲρ
3645 997 3744 1066 τὴν

2157 1090 2437 1162 ἡμετέραν
2459 1090 2515 1141 δὲ
2553 1089 2717 1159 φύσιν
2748 1090 2809 1141 τὸ
2845 1093 2902 1143 ἐν
2932 1089 3106 1160 ταύτῃ
3156 1090 3502 1142 κατανοεῖται
3535 1089 3746 1158 μυστή-

2161 1200 2300 1253 ριον.
2343 1183 2431 1236 Ἐν
2462 1183 2637 1254 ταύτῃ
2678 1183 2861 1236 πάντα
2907 1184 3194 1252 συνήδεται
3221 1199 3236 1214 ⁶
3268 1182 3444 1256 ταύτῃ
3493 1183 3562 1235 τὰ
3585 1181 3746 1252 ἡμῶν

2160 1275 2556 1344 συναγάλλεται
2583 1276 2878 1344 τάγματω
2916 1273 3127 1344 ταύτην
3167 1275 3195 1326 ὁ
3242 1273 3384 1336 θεῖος
3428 1273 3557 1336 ναδς
3587 1267 3746 1333 οὗτος

2157 1366 2569 1440 εἱσδεξάμενος,
2636 1369 2776 1438 αὐτῇ
2843 1368 3178 1438 λειτουργεῖν
3236 1367 3600 1421 διανίσταται.
3682 1365 3745 1417 Ὦ

2155 1461 2381 1532 χάριτος
2419 1459 2627 1529 πλῆρες
2667 1458 2873 1528 δοχεῖον
2907 1459 3240 1528 φαινόμενον
3265 1459 3278 1509 !
3306 1459 3368 1509 Ὢ
3399 1458 3612 1527 γεηρᾶς
3643 1455 3747 1524 φύ-

2157 1568 2316 1614 σεως,
2391 1549 2461 1603 τὰ
2511 1552 2689 1603 οἰκεῖα
2745 1549 3172 1618 ὐπεραναόἁσης
3235 1547 3640 1618 γνωρίσματαί
3681 1547 3745 1600 Ὦ

2154 1643 2504 1714 ἀσυγκρίτως
2529 1642 2600 1695 τὰ
2628 1643 2810 1712 μέτρα,
2833 1641 3044 1712 ταύτης
3073 1639 3456 1711 ὕπερνικώσης
3479 1641 3492 1694 !
3527 1642 3596 1694 ’Ὠ
3623 1640 3743 1696 οἵαν

480 1730 557 1784 vit
611 1727 831 1781 mmlosl
887 1724 933 1780 Ο
981 1726 1167 1795 quales
1216 1739 1438 1779 suarum
1513 1721 1725 1791 frugum
1783 1722 2048 1791 primitias

2159 1732 2412 1802 ἀπαρχὴν
2438 1729 2515 1799 τῷ
2546 1730 2878 1802 Δημιουργῷ
2907 1731 3007 1802 τῆς
3028 1731 3236 1794 οίκείας
3264 1731 3674 1802 καρποφορίας.
3717 1731 3749 1802 ἡ

486 1831 684 1874 natura
720 1820 957 1873 humana
1019 1816 1214 1870 obtulit
1253 1814 1540 1869 Creatori!
1583 1812 1752 1879 Quale
1802 1812 2056 1882 appendit

482 1911 813 1964 donarium!
878 1907 1099 1974 Qualem
1154 1907 1480 1960 oblationem
1533 1903 1697 1958 fecit?
1748 1903 1910 1957 Plane
1949 1903 2057 1956 Deo

482 2001 742 2068 dignam,
805 2009 1100 2064 nostroque
1149 1995 1384 2063 ipsorum
1435 1994 1660 2062 spiritali
1691 1993 1957 2048 sacrilicio
1993 2006 2058 2046 ac

485 2091 782 2156 oblatione,
816 2090 1239 2158 spiritaliorem;
1286 2088 1746 2154 sacratioremquc
1777 2099 1840 2138 ac
1873 2084 2055 2153 purio-

492 2197 608 2235 rem
668 2171 1139 2249 noslrapuritate.
1174 2179 1406 2243 Etenim,
1437 2187 1494 2230 ut
1538 2189 1721 2231 nostra
1752 2175 2055 2231 innocentia

487 2287 610 2326 cum
643 2288 705 2325 ca
739 2283 1107 2340 comparetur,
1162 2284 1387 2339 prorsus
1426 2269 1728 2322 invenietur
1755 2283 1784 2321 a
1815 2267 2059 2321 similitu-

486 2363 613 2417 dine
658 2363 920 2427 deiicere;
959 2371 1016 2412 ut
1044 2359 1160 2427 ejus
1203 2357 1505 2432 sanctitatis
1532 2373 1593 2411 ac
1625 2358 2058 2412 incontaminata

485 2453 774 2506 numdieiei
830 2451 1228 2514 excellentiam,
1270 2450 1568 2518 mqualibus
1607 2449 1783 2503 modis
1835 2449 2058 2502 minime

485 2557 830 2614 asseqnatur.
873 2544 1200 2613 Quanquam
1267 2547 1429 2598 etiam
1470 2553 1526 2596 ut
1555 2541 1670 2612 ejus
1715 2541 1801 2594 illa
1849 2541 2057 2608 puritas

497 2649 702 2692 DOSII'a:
739 2638 963 2706 aqualis
983 2637 1338 2704 judicaretur,
1393 2635 1649 2705 majorem
1712 2632 2057 2686 nihilominus

495 2732 910 2785 admirationem
957 2729 1206 2783 habitura
1254 2737 1432 2790 esset,
1498 2743 1526 2780 a
1595 2724 1672 2780 rei
1732 2723 2056 2795 praecellenti

486 2831 741 2876 nowtate.
804 2821 912 2874 Nec
961 2821 1106 2873 enim
1191 2811 1278 2874 res
1339 2817 1604 2886 ejusmodi
1667 2832 1857 2884 magna
1907 2814 2058 2869 nobis

487 2916 777 2967 admodum
817 2922 922 2976 est,
963 2912 1054 2980 qui
1092 2911 1263 2967 simus
1298 2910 1450 2964 liberi
1505 2925 1534 2961 a
1572 2906 1914 2962 concretione
1947 2920 2060 2958 ma-

492 3005 662 3066 teriae,
708 3013 870 3069 atque
909 3002 975 3054 ab
1001 3001 1116 3070 ejus
1165 2997 1580 3068 inquinamentis
1607 2995 1821 3049 remeti.
1853 2993 2058 3060 Quibus

497 3095 642 3148 enim
679 3102 871 3145 natura
902 3091 1037 3144 nihil
1090 3091 1218 3144 ferri
1245 3092 1297 3142 in
1328 3089 1564 3143 deterius
1590 3095 1895 3154 comparata
1949 3096 2052 3148 eat,
2082 3073 2124 3131 C

491 3184 560 3239 iis
618 3198 796 3250 neque
852 3183 1276 3236 invertibilitatis
1331 3178 1649 3233 miraculum
1699 3192 1894 3231 novum
1951 3184 2052 3229 est.

496 3276 674 3344 Atque
701 3249 858 3336 adeo,
892 3273 992 3333 illi.
1019 3287 1136 3341 quae
1175 3271 1245 3323 sit
1284 3269 1496 3337 corpori
1537 3266 1843 3334 conjuncta,
1884 3249 2084 3318 certet"

495 3381 628 3420 vero
664 3382 784 3419 cum
819 3374 1004 3418 nostra
1035 3363 1102 3416 ab
1150 3359 1298 3414 omni
1347 3361 1507 3413 sorde
1540 3357 1762 3410 immuni
1795 3355 2051 3425 puritate,

490 3473 692 3511 novum
735 3457 787 3509 id
824 3456 1093 3517 videatur,
1143 3451 1400 3520 omnique
1433 3449 1608 3518 majus
1639 3446 1921 3502 miraculo.
1952 3444 2052 3512 Qui

491 3549 635 3604 enim
685 3562 789 3601 non
846 3545 919 3600 ita
971 3545 1020 3597 ei
1064 3543 1356 3612 judicetur,
1399 3555 1519 3608 qua:
1550 3539 1723 3591 aliena
1775 3553 1804 3590 a
1856 3545 2050 3591 natura

487 3637 970 3692 excellentioribus
1001 3633 1337 3702 comparavit
1372 3645 1533 3700 snpra
1563 3643 1814 3684 naturam
1851 3629 2050 3695 modis,

488 3743 719 3796 quaeque
760 3743 788 3780 a
829 3727 945 3779 suis
980 3725 1310 3780 reluctanter
1347 3722 1586 3788 evolans,
1623 3720 1690 3774 ad
1744 3728 2051 3774 nostrarum

493 3834 765 3874 summum
793 3817 1050 3870 verticem
1084 3816 1267 3870 dotum
1299 3823 1460 3881 atque
1483 3813 1766 3876 virtutum,
1797 3824 2050 3865 coassur-

486 3925 613 3979 gere
640 3909 837 3978 putuit.
891 3906 952 3960 In
986 3908 1086 3958 hac
1130 3905 1312 3972 itaque
1349 3900 1585 3970 Virgine,
1638 3903 1805 3968 ipsam
1839 3914 2052 3970 quoque

487 3998 867 4052 similitudinis
921 3997 1182 4049 rationem
1240 3994 1448 4048 novitas
1511 3991 1756 4046 miraculi
1820 3993 2049 4063 fugiens,

485 4090 803 4146 eXCellentia
839 4089 1250 4142 admirationem
1275 4084 1622 4151 liabel.Quod
1649 4084 1788 4137 enim
1811 4095 2050 4136 nostram

490 4181 678 4250 eﬂiigit
717 4179 1284 4247 cumpreliensioncm,
1329 4177 1378 4228 in
1411 4175 1478 4229 iis
1508 4175 1710 4243 utique,
1747 4190 1865 4243 quae
1901 4176 2052 4230 nobis

488 4273 772 4340 superiora
804 4281 933 4325 sunt
960 4269 1267 4338 computari
1300 4269 1479 4320 debet.
1511 4268 1753 4333 Quonam
1779 4268 2051 4320 occultum

485 4366 585 4415 hoc
620 4357 1052 4434 circumuubitur
1105 4357 1314 4412 modo?
1356 4359 1582 4422 Quantis
1617 4367 1925 4412 reservatur
1955 4359 2050 4411 be-

491 4451 742 4506 neﬁciis?
771 4451 980 4516 Quibus
1029 4448 1520 4518 dispensationibus
1564 4448 1861 4502 servatur?
1910 4447 2050 4509 Sane

484 4541 726 4608 quidem,
755 4556 877 4592 cum
915 4539 1060 4594 Deus
1092 4539 1218 4612 olim
1251 4540 1302 4592 in
1353 4539 1647 4592 humanum
1679 4552 1853 4607 genus
1886 4542 2050 4595 bene-

484 4631 604 4685 licia
667 4632 969 4697 conferret,
1007 4646 1113 4685 non
1172 4629 1435 4700 obscure,
1487 4631 1785 4684 oceultisve
1855 4633 2049 4699 modis,

2159 1821 2475 1893 ἀνθρωπεία
2506 1822 2668 1890 φύσις
2699 1820 2975 1892 προσῆξεν
3002 1824 3016 1876 ί
3082 1816 3195 1875 οἷον
3227 1821 3290 1875 τὸ
3333 1821 3509 1892 δῶρον
3541 1822 3743 1893 ἀνέθη·

2159 1933 2255 1968 κεν
2282 1915 2295 1968 ε
2322 1915 2453 1968 Οἴαν
2479 1915 2578 1983 τὴν
2605 1915 2922 1986 προσφορὰν
2951 1914 3262 1984 ἀφιέρωσεν
3287 1915 3299 1966 l
3343 1913 3559 1976 Ὄντως
3585 1913 3744 1977 ἀξίαν

2158 2003 2317 2067 Θεοῦ,
2354 2006 2451 2056 καὶ
2487 2005 2589 2074 τῆς
2635 2003 2795 2073 ἡμῶν
2838 2003 3236 2072 μυσταγωγίας
3271 2002 3702 2072 μυστικωτέραν
3726 2017 3740 2031 ·

2162 2096 2462 2167 ἱερωτέραν
2483 2113 2544 2148 τε
2583 2095 2679 2150 καὶ
2709 2094 3111 2165 καθαρωτέραν
3145 2094 3247 2164 τῆς
3295 2092 3458 2162 ἡμῶν
3505 2092 3747 2164 καθαρό-

2162 2203 2342 2257 τητος.
2380 2187 2492 2240 Καὶ⁵
2543 2185 2651 2256 γὰρ
2711 2185 3201 2255 παραϐαλλόμενον
3238 2183 3417 2255 ταύτῃ
3472 2183 3535 2237 τὸ
3585 2185 3746 2255 ἡμῶν

2157 2279 2537 2348 ἀνεπίμωμον,
2603 2278 2808 2348 ἁποδέῃ
2860 2277 3038 2346 πάντη
3096 2275 3193 2346 τῆς
3251 2275 3574 2348 ὁμοιότητος
3607 2291 3623 2307 ⁹
3667 2275 3744 2346 μὴ

2160 2370 2624 2440 συνεπαιρόμενον
2681 2368 2760 2438 τῷ
2811 2369 2955 2436 ὑπὲρ
3002 2368 3161 2437 λόγον
3204 2367 3412 2439 ταύτης
3465 2368 3609 2439 ἁγίῳ
3649 2370 3743 2420 καὶ

2160 2462 2490 2533 ἀρρυπώτῳ.
2528 2461 2723 2514 Καίτοι
2777 2460 2967 2522 τοῦτο,
3001 2462 3049 2512 εί
3100 2460 3198 2518 καὶ
3247 2459 3386 2532 πρὸς
3419 2458 3538 2512 ἴσον
3595 2459 3744 2530 ἐκρί-

2159 2571 2282 2609 νετο
2302 2557 2415 2616 τοῖς
2439 2552 2563 2606 καθ’
2594 2553 2763 2624 ἡμᾶς,
2796 2549 3258 2622 ὑπερθαύμαστον
3285 2549 3352 2604 ἂν
3381 2550 3638 2620 διεφάνη,
3675 2553 3740 2623 τῇ

2163 2645 2496 2714 καινοτομίᾳ
2551 2642 2611 2697 τὸ
2677 2643 2826 2707 ξένον
2874 2642 3018 2712 ἔχον.
3069 2640 3205 2696 Οὐδὲ
3250 2641 3360 2713 γὰρ
3394 2632 3538 2712 μέγα
3588 2641 3744 2696 τοῦτο

2161 2737 2500 2806 καθέστηκεν
2533 2736 2666 2805 ἡμῖν
2711 2734 3162 2805 ἀπηλλαγμένοις
3209 2751 3268 2787 τε
3323 2733 3426 2804 τῆς
3462 2734 3618 2804 ὕλης,
3649 2733 3745 2788 καὶ

2158 2829 2266 2882 τῶν
2295 2827 2501 2896 ταύτης
2558 2826 2924 2897 μολυσμάτων
2956 2825 3381 2897 ἀνῳκισμένοις.
3441 2819 3537 2888 Οἷς
3576 2825 3686 2896 γὰρ
3707 2827 3741 2894 ὴ

2159 2917 2322 2985 φύσις
2376 2915 2756 2992 ἀνεπιτήδειος
2828 2913 2967 2984 πρὸς
3031 2914 3093 2966 τὸ
3157 2916 3362 2984 χεῖρον,
3420 2913 3630 2978 τούτοις
3684 2914 3744 2967 τὸ

2161 3005 2346 3074 θαῦμα
2371 3003 2471 3072 τῆς
2507 3004 2914 3074 ἁτρεπτότητος
2943 3003 3005 3056 οὐ
3041 3002 3211 3066 ξένον.
3252 3002 3342 3066 Ὡς
3379 3003 3485 3073 ἄρα
3514 3005 3584 3074 τῇ
3621 3002 3748 3056 τού-

2157 3113 2236 3166 τῳ
2287 3094 2697 3166 συνεζευγμένῃ
2731 3094 3094 3166 ἁμιλλωμένη
3122 3110 3184 3145 τε
3229 3092 3309 3162 τῷ
3361 3092 3520 3164 ήμῶν
3551 3092 3747 3163 ἀκηλιρ

2156 3190 2330 3259 δώτῳ,
2401 3188 2709 3259 παράδοξον,
2775 3186 2842 3241 ἂν
2915 3185 3109 3256 ὀφθείη
3164 3185 3346 3248 τοῦτο,
3398 3187 3492 3239 καὶ
3560 3185 3747 3256 πάσης

2155 3281 2414 3334 ἐπέκεινα
2453 3278 2873 3348 καταπλήξεως.
2897 3277 3022 3340 Πῶς
3049 3277 3159 3348 γὰρ
3197 3276 3273 3348 μὴ
3300 3275 3447 3329 οὕτω
3489 3277 3743 3347 κριθείη,

2157 3366 2316 3436 φύσει
2343 3367 2542 3438 ἑαυτῆς
2585 3366 2843 3438 ἀλλότρια
2883 3367 3025 3439 ὑπὲρ
3054 3366 3217 3436 φύσιν
3259 3367 3744 3442 κτησαμένη,λκαὶ

2157 3459 2249 3531 βίᾳ
2277 3459 2385 3513 τῶν
2420 3459 2569 3513 ἰδίων
2598 3460 2898 3532 ἀναπτάσῃ
2954 3462 3070 3522 τοῖς
3102 3459 3258 3529 ἡμῶν
3302 3459 3744 3530 συνεπαίρεσθαι

2153 3551 2629 3622 πλεονεκτήμασιν
2676 3551 2953 3622 ἁνυούσῃς
3001 3551 3090 3603 Ἐν
3127 3551 3300 3623 ταύτῃ
3347 3545 3443 3605 οὖν
3481 3554 3551 3623 τῇ
3591 3553 3744 3623 Παρ-

2155 3641 2317 3712 θένῳ,
2359 3643 2453 3695 καὶ
2483 3641 2546 3693 τὸ
2602 3641 2696 3694 τοῦ
2743 3643 2958 3712 ὁμοίου,
2987 3642 3291 3712 παράδοξον
3337 3644 3743 3714 ἀποδιδράσκω

2153 3732 2230 3805 τῷ
2248 3733 2602 3804 ὑπεραίροντι
2632 3732 2995 3804 θαυμάζεται.
3016 3734 3089 3787 Τὸ
3114 3735 3223 3805 γὰρ
3241 3734 3338 3805 τὴν
3361 3735 3516 3807 ήμῶν
3543 3735 3743 3804 ἑκφεῦο

2156 3840 2252 3892 γον
2297 3823 2631 3894 κατάληψιν,
2667 3823 2776 3876 τῶν
2838 3824 2982 3896 ὑπὲρ
3035 3827 3186 3896 ἡμᾶς
3235 3823 3378 3881 εἶναι
3424 3828 3628 3900 δηλαδὴ
3679 3829 3741 3882 οὐ

2154 3917 2527 3984 παραιτεῖται.
2570 3915 2691 3968 Τίνι
2723 3914 2784 3968 τὺ
2825 3917 3213 3986 κεκρυμμένον
3241 3917 3401 3972 τοῦτο
3438 3919 3744 3989 περικαλύ-

2152 4022 2347 4058 πτεται
2375 4005 2600 4075 τρὸ,πῳ;
2632 4005 2674 4057 Τ
2681 4005 2786 4058 ίσιν
2819 4005 3178 4075 εὐεργεσίαις
3199 4002 3557 4080 mulsum-at;
3584 4011 3742 4064 Τίσιν

2153 4093 2492 4161 οἰκονομίαις
2521 4093 2859 4163 διατηρεῖται
2882 4110 2897 4158 ;
2927 4095 3103 4148 Πάλαι
3129 4097 3229 4163 μὲν
3251 4092 3345 4150 οὖν
3367 4097 3500 4151 Θεοῦ
3529 4099 3611 4166 τῷ
3639 4097 3743 4168 τῆς

2154 4184 2458 4253 ἀνθρώπων
2498 4179 2558 4237 εὖ
2593 4184 2877 4248 ποιοῦντος
2917 4187 3086 4254 γένει,
3149 4188 3252 4241 οὐκ
3298 4189 3520 4258 ἀφανῶς
3554 4193 3588 4260 ὴ
3641 4191 3742 4260 τῆς

2154 4273 2483 4344 κηδεμονίας
2507 4275 2676 4328 αὑτοῦ
2707 4276 3074 4331 κατεϐάλλετο
3093 4277 3404 4350 χάρις.Τῶν
3425 4281 3535 4351 γὰρ
3561 4297 3744 4350 πραγ-

2159 4357 2346 4434 μάτων
2414 4363 2588 4435 ἀρχὴν
2651 4365 2933 4429 ἐκϐάσεως
2983 4368 3387 4441 δεχομένων,ή
3444 4374 3577 4440 περὶ
3645 4371 3740 4424 τοῦ

2155 4453 2346 4517 τέλους
2372 4454 2572 4521 γνῶσις
2598 4455 2713 4517 τοῖς
2757 4455 2936 4525 ὀρθῶς
2988 4459 3290 4529 ἐρευνῶσιν
3330 4445 3587 4516 ἐντεῦθεν
3629 4463 3741 4530 ἐγί-

2157 4561 2298 4598 νετο.
2343 4539 2444 4597 Ὧν
2469 4544 2528 4596 δὲ
2566 4546 2956 4599 συνεσκίασται
2989 4548 3018 4597 ὁ
3062 4551 3290 4622 τρόπος,
3318 4552 3525 4606 τούτων
3557 4553 3738 4621 πάντη

2155 4635 2524 4705 διαπέφευγεν
2547 4639 2580 4706 ἠ
2619 4637 2843 4705 γνῶσις.
2878 4657 2898 4689 ι
3276 4633 3280 4636 ’

481 4719 771 4796 curieejus
801 4736 864 4774 ac
902 4722 1256 4790 providentiae
1324 4723 1509 4807 gratia
1548 4723 1912 4792 premebatur.
1947 4726 2078 4780 Cum
2117 4728 2261 4782 enim
2328 4744 2415 4783 res
2459 4705 2689 4798 primum
2723 4732 2832 4807 jam
2877 4733 3098 4787 evenire
3150 4735 3481 4803 inciperent,
3517 4735 3588 4791 iis
3639 4705 3735 4804 qui

484 4825 628 4868 recte
660 4814 1068 4879 scrutabantur,
1095 4813 1216 4866 linis
1250 4813 1374 4866 inde
1401 4815 1696 4867 accedebat
1739 4815 1946 4869 nolitia.
1981 4818 2050 4870 At
2087 4832 2315 4886 quorum
2382 4820 2736 4877 obumbratus
2759 4810 2844 4876 est
2905 4807 3120 4890 modus,
3152 4841 3341 4879 eorum
3386 4841 3617 4896 prorsus
3654 4831 3738 4881 tu-

479 4900 558 4974 g'it
588 4906 844 4974 cognitio.
893 4923 911 4956 ι
1576 4967 1581 4975 1

563 4995 719 5063 llaec,
744 5008 894 5064 puto,
929 4996 1279 5066 pra:_sidentes
1312 4995 1506 5063 templo
1542 4995 1714 5065 angeli
1751 4981 2055 5067 cogitabant

483 5090 689 5158 pariter
722 5105 785 5143 ac
815 5089 1227 5150 addubitabaut,
1285 5080 1558 5157 simulque
1582 5103 1767 5141 eorum
1811 5105 1930 5157 qua!
1971 5069 2045 5156 vi:-

489 5184 758 5234 debantur
793 5183 1051 5244 novitate,
1091 5197 1153 5234 ac
1185 5180 1446 5234 miraculo
1479 5178 1681 5243 aﬂ'ecti,
1719 5157 2044 5247 gaudebant.

479 5270 596 5328 Nec
637 5286 766 5324 vero
797 5272 870 5324 illi
911 5283 1114 5325 tantum
1163 5272 1238 5324 sie
1279 5267 1670 5334 aﬂiciebanlur,
1698 5261 1826 5337 quin
1859 5279 1910 5323 et
1938 5269 2046 5336 jam

485 5362 786 5430 hominum,
838 5364 928 5430 qui
997 5364 1266 5424 adessent,
1311 5376 1374 5413 ac
1432 5358 1706 5429 Virginem
1757 5368 1813 5411 ιιι
1869 5362 2047 5427 gaudii

479 5466 701 5505 causam
736 5453 1103 5522 susciperent,
1143 5450 1448 5519 promiscua
1498 5451 1737 5518 qutedam
1769 5461 1886 5503 erat
1915 5451 2049 5504 heli-

481 5541 576 5593 tia.
609 5540 719 5596 Hoc
754 5559 985 5611 namque
1022 5543 1368 5611 intelligimus
1401 5539 1707 5611 signiﬁcare
1740 5542 2042 5610 historiam,

483 5643 606 5683 eum
634 5634 710 5685 sic
745 5629 862 5701 ejus
919 5649 1005 5688 res
1049 5633 1362 5688 conscribit.
1401 5632 1600 5686 Dilein
1632 5633 1796 5700 enim,
1849 5636 2042 5704 inquit,

2231 4999 2398 5054 Ταῦτ’
2433 4997 2588 5074 οἶμαι
2629 5008 2756 5069 τοὺς
2809 5006 3202 5084 ἐφεδρεύοντας
3254 5010 3526 5084 ἀγγέλους
3579 5003 3641 5065 ἔν
3661 5013 3740 5082 τῷ

2158 5091 2288 5175 ἱερῷ
2309 5093 2640 5149 διανοεῖσθαί
2673 5112 2730 5149 τε
2767 5097 2861 5150 καὶ
2911 5087 3234 5170 ἐπαπορείν,
3276 5099 3375 5156 καὶ
3408 5085 3738 5171 συγχαίρειν

2151 5180 2230 5252 τῷ
2274 5181 2406 5253 ξένῳ
2438 5184 2548 5237 τῶν
2585 5185 2955 5257 βλεπομένων.
2992 5187 3068 5243 Οὐ
3115 5189 3280 5260 μόνον
3324 5189 3382 5243 δὲ
3409 5185 3558 5245 οὗτοι
3593 5192 3739 5245 οὕτω

2155 5270 2438 5340 διέκειντο,
2466 5275 2583 5342 ἀλλ’
2628 5277 2730 5349 ήδη
2771 5279 2864 5330 καὶ
2917 5279 3028 5333 τῶν
3080 5281 3736 5355 παρόντωνιάνθρώπων,

2154 5362 2256 5430 μία
2290 5379 2372 5425 τις
2400 5365 2708 5438 εὐφροσύνη
2743 5368 3039 5423 καθίστατο
3081 5371 3419 5441 σύμμικτος,
3446 5373 3524 5436 ὡς
3556 5375 3719 5427 αἰτία*

2150 5456 2332 5526 χαρᾶς,
2371 5455 2470 5526 τὴν
2502 5459 2775 5544 Παρθένον
2814 5461 3235 5533 εἰσδεξαμένων.
3293 5463 3470 5518 Τοῦτο
3504 5467 3732 5536 τοιγάρ-

2149 5564 2231 5600 τοι
2263 5547 2533 5616 δηλοῦσαν
2564 5553 2662 5622 τὴν
2717 5554 2960 5622 ἱστορίαν
3008 5555 3410 5624 κατανοοῦμεν,
3440 5555 3618 5624 ,οὕτω
3670 5557 3734 5611 τὰ

2149 5640 2279 5706 περὶ
2306 5640 2518 5712 Δταύτης
2565 5642 2968 5716 διατιθεμένην.
3047 5646 3354 5717 ’Πγὰπησε
3381 5647 3518 5719 γὰρ,
3576 5651 3730 5721 φησι,
