3982 6160
279 256 417 326 1445

1238 259 1320 327 ΙΝ
1363 265 1466 327 SS.
1506 267 1708 328 DEIP.
1753 268 2196 332 INGRESSUM
2229 273 2313 332 IN
2351 271 2578 340 TEMP.

3387 283 3522 350 1446

269 373 389 437 τὴν
423 367 658 437 Μαρίαν
709 360 828 433 πὰς
886 355 1049 434 οἶκος
1110 369 1376 438 Ἰσραήλ.
1439 372 1548 426 Καὶ
1587 369 1713 441 εὖγε
1754 373 1843 426 τοῦ

1954 373 2188 431 Mariam
2277 381 2446 435 omnis
2498 383 2685 436 domus
2744 383 2942 441 Israel.
3019 387 3342 447 Praeclarum
3391 413 3524 454 sane

273 459 474 523 16:00.
515 457 591 518 ὡς
639 456 821 519 καλῶς
863 455 942 526 τῷ
991 459 1277 529 πράγματι
1315 461 1848 532 προσαρμοσθέντος,

271 549 349 611 ὡς
396 533 660 617 ἀσφαλῶς
721 546 784 599 τὺ
843 546 1036 618 μ’έλλον
1091 548 1490 620 τρανὼσαντος.
1539 551 1605 604 Τί
1646 548 1740 606 οὖν
1790 553 1850 606 τὸ

269 637 434 710 ῥηθὲν
475 637 876 704 ὑπαινίττεταις
927 637 1113 705 Οὐδὲν,
1143 640 1329 710 φησὶν,
1362 639 1725 712 ἀκοινώνητον
1750 642 1850 712 τῆς

268 715 476 798 ταύτης
523 728 887 798 περιχαρείας
925 728 1183 798 ἔμεινεν·
1230 731 1383 786 οὐδὲν
1430 731 1696 802 ἀμέτοχον
1743 734 1850 787 τῶν

267 819 442 871 όντων
465 818 565 887 τῆς
623 821 814 888 κοινῆς
841 818 1222 886 ἀγαλλιάσεως
1254 820 1448 889 γέγονε
1477 838 1491 852 ·
1529 823 1706 876 πάντα
1751 823 1850 896 τὴν

266 910 478 962 οίκείαν
504 910 924 980 προησπὰξοντο
958 912 1256 982 σωτηρίαν,
1291 915 1366 967 Οὐ
1391 914 1460 966 τά
1499 915 1597 984 τῆς
1627 914 1846 986 Παρθέ-

267 1015 358 1052 νου
416 999 851 1070 φιλοτιμούμενα
903 1002 1220 1072 μυστήρια,
1265 1001 1335 1056 τά
1388 1002 1445 1055 δὲ
1475 1003 1568 1058 τοῦ
1625 1005 1845 1074 μέλλον-

263 1106 358 1151 τος
436 1089 865 1160 ὑποτυπούμενα
931 1091 1276 1161 πράγματα’
1357 1093 1556 1162 μᾶλλον
1607 1093 1706 1164 μέν
1753 1090 1848 1149 οὖν

263 1180 494 1250 δυνάμει
518 1180 585 1233 δι’
610 1181 781 1250 αὐτῆς
807 1181 914 1234 τῶν
939 1182 1217 1250 ἐσομένων
1242 1182 1573 1253 κρατοῦντα,
1611 1187 1689 1248 είς
1716 1184 1848 1239 ταύ-

262 1288 364 1342 την
390 1273 492 1343 τὴν
522 1274 620 1343 τῆς
645 1273 978 1343 εὐεργεσίας
1009 1272 1187 1344 χαρὰν
1239 1276 1630 1344 περιέστησαν.

335 1364 464 1426 Πῶς
497 1364 608 1433 γὰρ
639 1367 733 1417 καὶ
793 1363 870 1434 τῷ
933 1367 1190 1433 νεοφανετ
1240 1364 1412 1435 τούτῳ
1461 1365 1521 1417 οὐ
1567 1365 1846 1436 κατετρώ-

263 1455 440 1522 θησαν
483 1456 756 1523 θεάματι;
799 1455 920 1518 Πῶς
956 1455 1024 1508 ἂν
1072 1453 1151 1525 τῷ
1185 1456 1453 1526 ὁρωμένῳ
1488 1459 1547 1509 οὐ
1580 1457 1845 1510 κατεθέλ-

1955 482 2283 534 sermonem,
2313 480 2369 525 ut
2409 473 2498 539 qui
2536 473 2612 526 rei
2640 475 2809 540 probe
2860 480 3176 548 conveniat;
3209 485 3408 554 quique
3433 487 3524 542 fu-

1956 557 2135 612 turum
2172 570 2324 614 certo
2379 572 2638 631 exponat.
2685 563 2828 634 Quid
2873 582 3003 636 ergo
3048 571 3239 638 innuit,
3277 557 3418 643 Quod
3453 578 3523 632 ita

1955 646 2157 700 dictmn
2189 648 2309 702 est?
2330 647 2494 715 Nihil,
2519 652 2714 720 inquit,
2744 655 2978 724 ingentis
3002 663 3118 723 ejus
3149 665 3329 729 gaudii
3362 681 3527 722 exors

1953 737 2194 792 mansit:
2226 739 2358 793 nihil
2410 740 2514 795 fuit
2560 743 2612 796 in
2660 743 2846 808 rebus,
2878 747 3021 816 quod
3067 764 3173 802 non
3222 757 3527 809 communis

1950 827 2329 882 exsultationis
2406 833 2677 903 particeps
2746 835 2910 890 fuerit
2963 855 2979 893 :
3033 842 3305 903 universa.
3369 860 3522 899 suum

1950 917 2149 983 praevia
2193 919 2584 976 osculabantur
2633 924 2886 984 salutem.
2946 925 3063 982 Non
3119 933 3402 1001 magniﬁca
3435 936 3521 990 illa

1960 1004 2196 1076 Virginis
2226 1015 2505 1080 mysteria,
2539 1015 2631 1068 sed
2647 1014 2952 1072 futurarum
2981 1021 3282 1090 designatio
3308 1040 3522 1091 rerum;

1951 1099 2080 1165 quin
2111 1107 2162 1153 et
2185 1115 2368 1154 earum
2401 1118 2496 1171 per
2519 1118 2664 1170 eam,
2727 1109 2966 1176 potentia
3013 1125 3077 1166 ac
3133 1114 3331 1168 virtute
3375 1117 3532 1170 velut

1948 1188 2239 1254 exhibitio,
2299 1190 2353 1244 in
2404 1191 2507 1248 hoc
2536 1193 2786 1251 beneficii
2835 1213 2998 1254 causa
3038 1201 3292 1269 gaudium
3345 1221 3524 1262 cesse-

1949 1285 2096 1330 runt.

2023 1364 2304 1431 Quomodo
2356 1369 2500 1424 enim
2563 1386 2700 1427 novo
2753 1375 2856 1430 hoc
2895 1379 3203 1445 spectaculo
3253 1382 3523 1442 vulnerati

1950 1470 2057 1510 non
2087 1459 2311 1524 essent?
2335 1459 2618 1524 Quomodo
2647 1463 2759 1529 illa,
2792 1481 2952 1534 quam
2977 1470 3151 1523 oculis
3179 1475 3520 1540 spectabant,
3595 1471 3602 1478 ’

264 1543 477 1614 χθησαν
504 1545 716 1608 κάλλει,
764 1544 890 1598 νέαν
916 1543 1152 1615 ὁρῶντες
1194 1546 1270 1615 τῷ
1301 1547 1536 1616 σώματι,
1569 1548 1842 1619 ὑπερανα-

1953 1545 2355 1611 pulchritudine
2381 1565 2488 1604 non
2533 1551 2764 1607 fuissent
2796 1554 3012 1624 allecti;
3046 1573 3168 1612 cum
3211 1562 3522 1618 adolescen-

263 1637 481 1688 πτᾶσαν
523 1634 633 1688 τῶν
677 1633 772 1687 τοῦ
809 1634 1060 1706 σώματος
1096 1652 1111 1703 ;
1167 1637 1333 1691 παῖδα
1374 1630 1844 1709 τὴν’συνηλικιῶ-

261 1743 352 1781 τιν
421 1725 770 1796 ἐκφυγοῦσαν
822 1727 1149 1796 συνήθειανο
1220 1727 1517 1799 παρθένον,
1580 1729 1690 1783 τῶν
1744 1733 1844 1800 τῆς

264 1816 488 1886 φύσεως
515 1817 872 1890 ἐξῃρημένην
921 1818 1281 1888 μολυσμάτων
1312 1834 1327 1850 ’
1385 1819 1486 1888 τὴν
1511 1819 1606 1872 τοῦ
1654 1821 1845 1888 γένους

263 1907 586 1974 ἀποσπάδα,
621 1907 732 1961 τῶν
765 1908 1014 1976 ἀγγέλων
1060 1909 1350 1979 συνόμιλον
1379 1925 1393 1940 ο
1448 1909 1512 1962 τὸ
1552 1911 1649 1980 τῆς
1685 1911 1846 1964 ἀσθε-

263 1998 418 2060 νείας
443 1994 604 2063 εἶδος,
647 1997 1092 2069 ὑπερανεστηκὸς
1141 1998 1248 2052 τῶν
1276 1995 1382 2070 τῆς
1413 1998 1667 2070 ἀνδρείας
1699 2017 1841 2070 γνω-

265 2089 596 2162 ρισμάτων·
644 2088 793 2142 ἔνδον
830 2089 939 2142 τῶν
990 2086 1166 2157 ἁγίων
1192 2090 1254 2144 τὺ
1289 2093 1490 2144 οἰκεῖον
1537 2094 1841 2164 ἐμπεριχο-

273 2179 435 2252 ρεῦον
467 2178 918 2251 ἐγκαλλώπισμα·
942 2180 999 2232 ἐν
1015 2181 1126 2244 τοῖς
1141 2178 1355 2243 ἀδύτοις
1371 2180 1842 2252 ἐνδιατρίϐουσαν,

261 2273 367 2344 τὴν
398 2271 506 2326 τῶν
531 2273 859 2345 ἀπορρήτων
901 2272 1158 2343 δήλωσιν.

334 2458 446 2514 Καὶ
493 2458 597 2530 ὅρα
620 2459 720 2527 τῆς
752 2456 1090 2527 προφητείας
1118 2455 1178 2509 τὸ
1218 2455 1577 2525 ἀδιάψευστον
1605 2472 1618 2486 ·
1653 2457 1754 2528 ὅρα
1778 2456 1842 2510 τδ

261 2549 476 2621 ταύτης
505 2548 731 2620 ἀκριϐὲς
756 2549 852 2602 καὶ
876 2548 1216 2601 ἀδιάπτωτον
1245 2566 1257 2578 -
1286 2548 1400 2620 πῶς
1425 2551 1490 2620 τῇ
1520 2548 1630 2602 τῶν
1645 2547 1843 2614 λέξεων

264 2641 536 2712 σημασίᾳ,
570 2639 638 2692 τά
667 2638 764 2692 τοῦ
799 2639 1128 2709 πράγματος
1152 2640 1605 2710 κατετράνωσενὀ
1639 2642 1699 2692 οὐ
1733 2643 1844 2711 γὰρ

258 2738 354 2791 τὸν
389 2736 518 2790 λαὸν
553 2737 712 2805 μόνον
748 2735 996 2807 ᾐνίξατο·
1047 2734 1184 2787 ἀλλά
1213 2738 1278 2806 τῇ
1305 2729 1399 2787 τοῦ
1433 2733 1650 2805 Ἰσραὴλ
1673 2749 1845 2803 προσ-

257 2828 496 2898 ηγορίᾳ,
549 2828 650 2894 τὴν
689 2827 798 2880 τῶν
838 2825 1142 2895 μελλόντων
1187 2825 1254 2878 δι’
1297 2826 1642 2894 ἐπιγνώσεως
1672 2823 1843 2894 ταύτῃ

1951 1635 2118 1690 tulam
2151 1653 2381 1708 corpore
2415 1642 2684 1708 viderent,
2713 1660 2778 1698 ea
2802 1661 2922 1716 quae
2962 1659 3087 1702 sunt
3110 1653 3351 1720 corporis
3379 1671 3520 1724 pra:-

1923 1735 2274 1798 ,tergressam
2309 1749 2322 1786 :
2354 1749 2477 1788 cum
2522 1734 2781 1804 puellam,
2840 1749 3239 1796 coaetanearum
3271 1744 3524 1815 emisisse

1947 1823 2393 1882 consuetudinem
2427 1843 2441 1879 :
2492 1840 2612 1880 cum
2647 1829 2934 1897 virginem,
2963 1845 2992 1884 a
3028 1841 3237 1886 natura!
3267 1836 3520 1904 inquina-

1947 1912 2147 1968 mentis
2173 1925 2478 1982 exemptam
2517 1932 2531 1968 :
2565 1927 2773 1983 partem
2808 1921 3053 1984 generis,
3099 1924 3408 1990 angelorum
3433 1941 3522 1980 so-

1946 2003 2140 2056 ciam:
2202 2003 2594 2059 imbecillitatis
2645 2007 2906 2074 speciem,
2967 2009 3299 2066 fortitudinis
3359 2029 3521 2070 omne

1947 2105 2234 2162 superasse
2268 2093 2583 2167 specimen:
2622 2096 2763 2151 intra
2807 2110 2994 2154 sancta
3042 2113 3353 2156 sanctoruin
3389 2120 3519 2173 pro-

1945 2185 2123 2254 prium
2159 2184 2460 2253 tripudiare
2489 2199 2868 2242 ornamentum
2902 2207 2916 2244 :
2950 2191 3002 2244 in
3042 2194 3219 2263 adytis
3249 2209 3313 2247 ac
3343 2197 3518 2251 sacris

1948 2275 2325 2344 penetralibus
2353 2287 2655 2331 morantem
2689 2293 2832 2346 eam,
2898 2296 3020 2351 qua:
3049 2298 3372 2338 arcanorum
3421 2284 3518 2342 de-

1947 2366 2178 2422 claratio
2211 2367 2369 2424 foret.

2017 2457 2152 2514 Vide
2186 2469 2364 2514 autem
2423 2461 2719 2530 pr0phetiae
2771 2463 3150 2519 certitudinem
3215 2485 3230 2523 :
3283 2470 3416 2526 Vide
3456 2481 3518 2526 ut

1955 2558 2211 2604 accurata
2254 2551 2478 2617 nitatur,
2508 2567 2571 2605 ac
2594 2552 2746 2605 lirma
2780 2555 3008 2608 veritate
3041 2573 3055 2610 :
3088 2571 3190 2625 qua
3225 2562 3514 2616 verborum

1947 2641 2463 2711 expressionc,‘rem
2520 2643 2895 2698 declaraverit.
2952 2644 3065 2700 Non
3112 2649 3258 2703 enim
3307 2660 3512 2706 tantum

1948 2733 2202 2802 populum
2259 2734 2557 2798 indicavit;
2595 2735 2688 2790 sed
2721 2745 2775 2788 et
2811 2734 3022 2791 Israelis
3045 2739 3251 2805 adjecta
3279 2743 3516 2808 appella-

1949 2827 2114 2888 tione,
2150 2842 2335 2879 eorum
2369 2828 2456 2893 qui
2490 2841 2585 2895 per
2607 2818 2936 2896 agnitionem
2965 2844 3025 2884 ac
3060 2831 3213 2884 tidem
3256 2833 3304 2886 ei
3332 2839 3520 2890 essent

261 2918 644 2990 προσφύεσθαι
692 2918 1075 2989 προεδήλωσεν
1127 2917 1427 2985 ἀγάπησιν.
1478 2915 1672 2985 Σχεδὸν
1727 2915 1838 2982 γὰρ

1950 2917 2242 2980 accessuri,
2273 2918 2576 2986 designavit
2605 2918 2968 2972 dilectionem.
3006 2919 3141 2974 Fere
3174 2924 3317 2976 enim
3363 2928 3515 2980 Scri-

259 3011 464 3063 ὁπόταν
514 3010 576 3062 τὸ
647 3009 900 3081 Ἐϐραῖον
949 3009 1114 3078 φῦλον
1163 3011 1196 3078 ἡ
1259 3008 1380 3061 θεία.
1443 3007 1838 3076 ὑποσημαίνειν

263 3100 510 3170 βούλοιτο
567 3100 778 3172 Γραφῆ,
838 3099 968 3153 λαὸν
1001 3099 1160 3152 τοῦτο
1203 3099 1380 3168 μόνως
1436 3095 1835 3165 κατονομάζει·

255 3189 336 3254 ὡς
365 3191 447 3253 τὸ,
477 3188 894 3259 Εὐφράνθητε,
931 3190 1101 3255 ἔθνη,
1130 3187 1280 3257 μετὰ
1308 3187 1413 3240 τοῦ
1444 3185 1597 3240 ,λαοῦ
1624 3183 1833 3237 αὐτοῦ·

261 3281 383 3348 καὶ,
423 3281 485 3333 '0
510 3282 664 3343 λαός
691 3297 832 3349 μου,
860 3280 1046 3350 φησὶν,
1071 3280 1143 3332 οὐ
1173 3276 1444 3344 συνῆκεν
1464 3291 1476 3304 ·
1517 3275 1756 3345 ὁπηνίκα
1783 3272 1839 3325 δὲ

260 3372 393 3424 αὐτό
452 3388 512 3424 τε
585 3371 680 3424 καὶ⁴
739 3371 828 3424 τὸν
883 3369 1057 3441 ἀληθῆ
1113 3366 1461 3436 ἐπιγνώμονα
1518 3364 1841 3435 ἐμφανίζειν

262 3462 556 3535 βουληθείη
591 3456 740 3527 λαόν,
781 3464 846 3533 τῇ
875 3461 972 3514 τοῦ
1007 3458 1220 3531 Ἰσραὴλ
1254 3459 1446 3528 κλήσει
1481 3457 1640 3509 τοῦτο
1672 3473 1842 3525 προσ-

264 3555 545 3612 δείκνυσι.
587 3553 786 3622 Σαφῶς
835 3552 994 3604 τοῦτο
1037 3548 1380 3621 βεϐαιοῦντος
1430 3547 1522 3599 τοῦ
1556 3546 1838 3616 ὀνόματος,

258 3646 446 3701 πάντα
473 3645 606 3700 νοῦν·
645 3645 756 3698 τῶν
810 3644 1062 3716 ὁρώντων
1112 3640 1246 3694 Θεὸν
1293 3638 1506 3709 Ἰσραὴλ
1549 3635 1690 3690 εἶναι
1746 3636 1841 3689 καὶ

258 3734 537 3804 λέγεσθαι.
589 3733 741 3786 Ἐπεὶ
789 3729 882 3786 οὖν
913 3732 962 3784 οί
1005 3730 1247 3784 Ἰουδαῖοι
1275 3727 1476 3805 ¹ὥσπερ
1514 3727 1624 3780 τινὶ⁹
1658 3728 1837 3796 σκότῳ

259 3825 675 3895 καλυπτόμενοι
704 3821 772 3894 τῇ
805 3822 1059 3893 ἀπιστίᾳ,
1100 3821 1196 3874 καὶ
1227 3820 1363 3891 πρὸς
1395 3820 1495 3882 τὰς
1530 3818 1702 3886 αὐγὰς
1741 3817 1840 3887 τῆς

257 3916 523 3986 ἀληθείας
547 3915 888 3977 ἐθελοκάκως
908 3912 1328 3976 ἀῦλεπτοῦντες,
1352 3909 1579 3980 ἔμελλον
1601 3906 1842 3975 τυφλώτ-

256 4025 375 4060 τειν
406 4008 516 4060 ἀπὸ
543 4007 703 4070 Θεοῦ,
725 4006 786 4058 τὸ
820 4006 965 4068 ἰδίως
1023 4003 1362 4075 ἐμφαντικὸν
1412 4001 1592 4053 αὐτῶν
1644 4000 1843 4069 παρεὶς

257 4100 437 4170 ὄνομα
473 4101 500 4151 ὁ
523 4099 701 4167 λόγος,
726 4097 788 4150 τὸ
816 4096 999 4151 κοινὸν
1033 4095 1148 4148 τῶν
1179 4092 1458 4163 ἐσομένων
1485 4091 1837 4160 ὑπεσημήναο

257 4209 322 4245 το
353 4192 599 4262 φίλτρον.
627 4190 691 4244 Εἰ
737 4191 795 4244 δέ
847 4188 1110 4259 πλείστην
1152 4186 1281 4258 περὶ
1315 4184 1483 4238 αὑτοῦ
1521 4183 1620 4253 τὴν
1642 4177 1842 4235 οἰκειό-

1940 3016 2092 3076 ptura
2143 3023 2322 3071 sacra,
2369 3023 2490 3061 cum
2530 3006 2876 3062 Hebraeorum
2916 3020 3131 3079 gentem
3201 3014 3513 3083 signiﬁcare

1941 3097 2089 3160 velit,
2119 3098 2369 3166 p0pulum
2392 3098 2902 3166 duntaxatappellat
2922 3117 2936 3166 ;
2958 3104 3031 3153 uti
3067 3113 3146 3156 est
3171 3097 3516 3161 illud:L¢eta-

1940 3187 2090 3250 mini,
2116 3196 2314 3255 gentes,
2340 3201 2454 3236 cum
2477 3184 2620 3251 plebe
2641 3184 2752 3252 ejus
2773 3185 2840 3238 ⁸⁸.
2869 3185 2932 3239 Ει
2956 3203 2970 3240 :
2990 3186 3224 3255 Populus
3245 3206 3406 3256 meus,
3431 3193 3516 3246 in-

1939 3279 2080 3344 quit,
2109 3291 2210 3328 non
2256 3273 2606 3340 intellexit";
2641 3291 2762 3328 cum
2795 3287 2974 3329 autem
3017 3286 3128 3332 tum
3159 3279 3510 3338 Hebraeorum

1941 3374 2176 3434 gentem,
2204 3376 2312 3419 tum
2336 3381 2518 3420 verum
2547 3365 2779 3419 lldelium
2809 3367 3057 3436 populum
3076 3370 3360 3438 designare
3389 3387 3514 3442 pro-

1939 3459 2176 3527 positum
2220 3459 2312 3522 sit,
2344 3457 2561 3511 lSraelis
2588 3457 2640 3509 id
2673 3458 3031 3526 appellatione
3059 3463 3298 3516 ostendit
3348 3483 3360 3518 :
3406 3467 3512 3522 hoc

1941 3548 2118 3617 palum
2151 3548 2505 3601 conﬁrmante
2535 3540 2599 3600 eo
2627 3549 2864 3612 nomine,
2895 3559 3129 3602 mentem
3179 3567 3396 3606 omnem
3426 3555 3513 3607 vi-

1942 3639 2180 3692 dentium
2211 3630 2379 3690 Deum
2407 3630 2662 3691 Israelem
2701 3651 2822 3690 esse
2843 3651 2905 3689 ac
2929 3637 3208 3704 appellari.
3229 3639 3361 3705 Quia
3385 3657 3516 3711 ergo

1946 3724 2138 3788 Judzei,
2173 3725 2318 3778 velut
2341 3725 2658 3792 quihusdam
2682 3723 3078 3778 obnubentibus
3113 3728 3369 3793 tenebris,
3388 3729 3513 3782 inﬁ-

1947 3815 2185 3867 delitatis
2204 3813 2388 3867 nubilo
2421 3812 2664 3877 obducti,
2691 3811 3082 3878 adversumque
3123 3817 3367 3869 veritatis
3409 3817 3514 3870 ful-

1943 3919 2098 3974 gores
2136 3904 2278 3957 ultro
2309 3902 2704 3971 delinquentes,
2734 3916 2762 3954 a
2790 3900 2898 3955 Deo
2927 3901 3186 3955 caecutire
3215 3903 3510 3971 debebant,

1944 4009 2132 4050 eorum
2153 3978 2448 4061 Scriptura
2479 3988 2828 4061 peculiariter
2875 3991 3072 4061 gentile
3121 4008 3314 4046 nomen
3345 3994 3511 4046 omit-

1945 4093 2084 4147 tcns,
2122 4099 2308 4138 eorum
2349 4071 2468 4152 qui'
2501 4081 2666 4136 futuri
2717 4093 2920 4147 essent,
2979 4082 3323 4150 itupensioris
3371 4098 3515 4138 amo-

1949 4177 2025 4230 ris
2068 4175 2320 4229 affectum
2353 4189 2690 4229 comnmnem
2741 4157 3057 4241 designavit.
3092 4172 3184 4225 Sin
3221 4175 3510 4230 iiutximam

253 4257 400 4352 τητα
439 4257 574 4359 πρὸς
613 4281 705 4335 τὸν
763 4257 1108 4351 Δημιουργδν
1141 4257 1429 4346 σημαίνειν
1472 4273 1710 4343 ὁρῶμεν,
1759 4272 1840 4333 τὸ,

1950 4271 2215 4337 quandam
2269 4267 2385 4336 ejus
2433 4264 2497 4318 ad
2562 4263 2872 4318 Creatorem
2921 4266 3397 4329 necessitudinem,
3445 4281 3509 4320 ea

254 4373 422 4444 Λαὸς
457 4375 706 4442 Κυρίου,
750 4373 871 4434 καὶ,
911 4369 1104 4435 Αὐτὸς
1131 4367 1299 4444 σῴζει
1326 4365 1434 4419 τὸν
1451 4366 1603 4418 λαὸν
1627 4361 1842 4435 αὐτοῦ·

173 4487 176 4489 λ
212 4507 218 4516 ,
255 4462 328 4528 τῇ
351 4476 415 4528 γε
447 4457 679 4530 ἀληθείᾳ
695 4453 784 4529 ἦν,
814 4456 919 4511 καΥ
943 4457 1072 4527 περὶ
1102 4455 1293 4508 τούτου
1323 4454 1385 4505 τὸ
1404 4452 1568 4505 πλέον
1613 4448 1842 4522 προσῆν·

194 4542 216 4580 ³
257 4549 378 4602 ἀλλ’
409 4549 534 4601 ἐπεὶ
586 4546 729 4601 ἑκὼν
771 4547 965 4600 ἐαυτὸν
1011 4548 1112 4616 τῆς
1139 4544 1441 4612 ἐγγύτητος
1488 4543 1844 4606 ἀποσπάσας,

259 4639 359 4694 καὶ
400 4639 731 4710 παραλόγως
772 4639 870 4708 τῆς
901 4637 1176 4708 σωτηρίας
1208 4633 1592 4704 ἀποπηδήσας,
1631 4633 1846 4703 μακρὰν

255 4733 356 4786 τοῦ
421 4732 715 4796 καλοῦντος
769 4731 1156 4800 ἀπεπλανήθη,
1195 4727 1322 4791 τοὺς
1376 4727 1442 4778 δι’
1490 4725 1728 4797 ὁράσεως
1755 4722 1850 4777 τοῦ

257 4825 364 4878 νοῦ·
395 4824 849 4896 οίκειωθήσεσθαι
885 4822 1181 4893 μέλλοντας
1206 4859 1222 4884 ,
1281 4819 1357 4882 ὡς
1385 4817 1624 4902 ,ἔσονται
1661 4816 1851 4887 διεσή-

260 4932 426 4984 μανε.
467 4915 578 4966 Καὶ
607 4915 750 4988 οὐχὶ,
783 4915 897 4977 Πᾶς
923 4916 950 4966 ὁ
980 4906 1131 4974 οἶκος
1168 4909 1405 4981 Ἰσραὴλ,
1441 4908 1608 4978 ἔφησε
1629 4923 1644 4938 ⁶
1692 4907 1847 4972 ἀλλά,

257 5006 391 5071 Πᾶς
429 5003 636 5070 οἶκοςο
671 4989 742 5078 ’τῇ
797 5005 1088 5077 ἀφαιρέσει
1137 5001 1232 5054 τοῦ
1287 5001 1515 5072 ἄρθρου,
1566 5000 1666 5071 τὴν
1742 4998 1850 5052 τῶν

259 5096 679 5167 ἐπιγινομένων
714 5097 1038 5168 προσθήκην
1073 5093 1464 5166 βεϐαιουμένη.

1946 4351 2210 4426 loquendi
2255 4358 2424 4409 forma
2473 4345 2766 4425 signiﬁcari
2821 4355 3119 4416 videamus,
3148 4371 3249 4421 qua
3306 4356 3507 4408 dictum

1947 4453 2033 4504 sit.
2065 4448 2297 4518 Populus
2320 4447 2528 4502 Domini
2551 4446 2618 4500 ⁵⁸.
2653 4445 2738 4510 Et,
2777 4444 2896 4514 Ipse
2923 4445 3122 4499 salvum
3160 4443 3316 4522 feciet
3339 4439 3510 4514 papa?

1946 4541 2056 4597 lum
2107 4541 2342 4594 suum”.
2404 4539 2494 4592 Sic
2549 4537 2824 4590 enimvero
2881 4535 3052 4602 reipsa
3111 4535 3507 4608 erat,ej‘usque_

1949 4629 2438 4698 Deusprmcipuam
2492 4640 2674 4678 curam
2734 4623 2972 4692 agebat:
3005 4633 3058 4674 at
3091 4621 3216 4690 quia
3273 4617 3370 4676 sua
3425 4619 3512 4675 ille

1951 4720 2224 4773 voluntate
2260 4737 2272 4773 :
2307 4719 2374 4771 ab
2401 4731 2463 4770 ea
2495 4731 2552 4769 se
2578 4711 2836 4766 aIIinitate
2871 4706 3136 4778 avellens,
3169 4711 3450 4780 alieneque
3479 4705 3509 4766 ti

1949 4813 2161 4866 ratione
2209 4826 2238 4864 a
2291 4808 2466 4862 salute
2517 4805 2784 4868 resiliens,
2817 4802 3004 4873 procul
3035 4804 3364 4884 aberravita
3417 4815 3512 4882 vo-

1953 4886 2134 4966 cante,
2167 4901 2370 4955 idcirco
2398 4895 2725 4969 signiﬁcavit
2760 4903 2817 4948 ut
2853 4893 3092 4948 habituri
3133 4902 3332 4956 essent,
3359 4891 3449 4960 qui
3478 4888 3509 4944 ξι

1949 4994 2149 5048 mentis
2195 4991 2399 5045 visione
2429 4986 2706 5042 conciliari
2742 4985 3032 5046 habebant,
3080 4997 3143 5036 ac
3181 4980 3294 5036 Deo
3317 4997 3503 5064 neces-

1951 5060 2182 5139 situ'tline
2218 5080 2392 5152 jungi.
2424 5079 2534 5133 Nec
2570 5093 2698 5132 vero
2726 5077 2899 5130 dixit:
2927 5075 3019 5128 Illa
3059 5072 3235 5128 omnis
3286 5060 3504 5147 l'sracILs'

259 5164 502 5256 domus,
579 5191 672 5244 sed
758 5164 1045 5252 absolute,
1075 5164 1082 5166 ἡ
1118 5186 1305 5244 Omnis
1373 5186 1597 5246 domus;
1662 5174 1871 5235 articuli
1910 5177 2178 5232 ablatione
2228 5186 2410 5228 eorum
2460 5170 2588 5250 qui'
2639 5167 2910 5222 accessuri
2959 5175 3142 5244 essent
3194 5164 3502 5260 auctariuin

258 5267 538 5336 astruens:

331 5368 460 5423 Τῶν
489 5369 590 5440 μὲν
618 5368 791 5431 οὕτως
827 5362 1085 5437 ἑχόντων,
1145 5361 1303 5414 οὐδὲν
1347 5359 1440 5414 τοῦ
1480 5350 1684 5430 ’ἱερέως
1751 5359 1854 5408 ἀπ-

267 5457 478 5530 εκρύϐη
547 5455 655 5509 τῶν
698 5455 980 5510 τοιούτων.
1037 5451 1110 5507 Τὸ
1177 5447 1375 5518 μέλλον
1411 5443 1505 5500 οὖν
1549 5447 1697 5517 παρὰ
1753 5443 1845 5497 τοῦ

333 5625 383 5660 ³⁸
416 5637 576 5693 Rom.
613 5650 697 5694 xv,
734 5635 818 5689 νιος
895 5635 939 5667 ⁵⁷
979 5633 1082 5688 lsa.
1115 5647 1156 5701 ι,
1197 5630 1251 5688 3.
1312 5627 1376 5703 w”
1418 5625 1573 5682 Deut.
1603 5622 1821 5692 xivﬂl.

2031 5352 2165 5405 Cum
2208 5327 2321 5403 hac
2358 5352 2536 5418 itaque
2563 5346 2642 5401 sic
2673 5345 2958 5412 haberent,
2986 5341 3118 5398 nihil
3150 5355 3332 5396 eorum
3381 5341 3500 5392 late

1957 5442 2047 5494 bat
2079 5442 2434 5494 sacerdotem.
2472 5435 2623 5504 Quod
2655 5445 2782 5505 ergo
2838 5432 2998 5501 l'orct,
3049 5418 3241 5488 sancti'
3279 5427 3515 5499 Spiritus

1901 5623 1948 5653 "
1983 5620 2168 5675 “allit.
2197 5637 2233 5686 I,
2258 5620 2355 5678 21.
