3948 6162
477 274 609 343 1451

1605 262 1927 352 GEORGII
1967 256 2563 321 NICOMEDIENSIS

3597 249 3736 311 H522

475 391 560 446 bis
587 397 718 441 vero
761 380 891 451 quid
921 378 1186 457 ejusmodi
1219 375 1308 432 ad
1339 373 1589 432 solatium
1627 373 1891 443 reliquum
1927 380 2045 437 est;

2180 367 2452 432 λπίζεται.
2487 366 2648 437 ’Υμῖν
2670 365 2726 419 δὲ
2774 364 2827 417 τί
2868 361 3108 418 τοιοῦτον
3131 362 3240 416 τῶν
3260 361 3738 432 ψυχαγωγούντων

472 477 672 550 quibus
707 474 861 528 labor
901 474 1219 534 immensus,
1254 481 1485 538 spesque
1513 465 1744 522 obscura
1777 477 1841 518 ac
1876 461 2054 516 inanis

474 565 656 624 cedit?
1306 601 1314 607 .
1407 606 1410 607 ,

552 655 754 724 Utique
783 667 884 722 par
919 660 1076 714 erat,
1125 656 1186 702 ut
1237 645 1367 716 justi
1421 643 1552 700 talia
1598 642 1938 714 loqueretur,
1996 649 2055 696 ut

480 749 629 819 passi
677 745 909 799 inissent
962 742 1261 796 humanum
1315 736 1540 807 aliquid.
1571 734 1774 792 Verum
1804 733 2057 790 omnibus

477 840 566 894 his
596 835 906 905 superiores
940 829 1140 894 effecti,
1178 843 1243 884 ac
1279 837 1534 898 tanquam
1565 832 1813 881 tenerent
1853 824 1908 879 in
1934 838 2055 878 ma-

481 931 644 984 nibus
673 941 834 996 quam
872 924 984 979 Deo
1019 922 1368 985 obtulissent,
1412 921 1608 974 nedum
1667 916 1812 972 nulla
1856 916 2056 971 emise-

479 1028 611 1076 runt
636 1018 822 1082 verba,
846 1013 1017 1069 animi
1044 1013 1361 1067 mmstitiam
1386 1008 1721 1075 indicantia;
1741 1008 1872 1078 quin
1889 1007 2056 1063 etiam

483 1109 786 1180 gratiarum
813 1104 1048 1161 actionis
1070 1116 1352 1159 sermones
1380 1102 1591 1177 sincere
1614 1100 2055 1170 praetenderent;

483 1202 668 1270 utqui
704 1200 914 1254 fructus
950 1196 1219 1267 ejusmodi
1281 1194 1383 1264 ipsi
1437 1203 1692 1264 parentes
1724 1198 1907 1247 essent
1947 1205 1962 1243 :
2000 1196 2059 1242 ut

481 1292 578 1361 qui
607 1291 720 1346 Deo
744 1303 880 1344 suas
915 1292 1335 1346 consecrassent
1359 1281 1632 1352 primitias
1658 1297 1671 1334 :
1709 1289 1767 1334 ut
1795 1279 1888 1348 qui
1914 1277 2057 1332 intra
2087 1331 2114 1341 _

478 1391 668 1438 sancta
719 1392 919 1434 novum
955 1376 1141 1432 virens
1169 1387 1392 1444 germen
1428 1369 1760 1427 intulissent.

561 1475 605 1526 Ο
630 1473 907 1543 justorum
934 1467 1198 1537 praeclare
1223 1471 1502 1532 acceptam
1531 1460 1762 1518 hostiam
1784 1459 1806 1512 ι.
1830 1455 1876 1512 0
1904 1455 2058 1514 obla-

480 1568 687 1622 tionem
712 1560 902 1617 mundi
930 1558 1130 1613 factam
1165 1552 1553 1624 redemptionis
1592 1549 1864 1621 pretium!
1893 1547 2060 1606 Obo-

484 1671 612 1712 nam
639 1653 877 1710 radicem
903 1664 968 1704 ex
997 1663 1104 1718 qua
1132 1647 1394 1717 optimum
1415 1642 1542 1698 illud
1566 1655 1786 1712 germen
1821 1635 2055 1709 prodiit!

478 1749 816 1816 Quibusnam
865 1713 1047 1797 verbis
1083 1713 1332 1794 Joachim
1381 1746 1438 1791 et
1484 1737 1701 1788 Annam
1749 1713 2132 1786 dilattclum‘!_B

486 1838 696 1908 Quibus
726 1833 1103 1890 encomiorum
1135 1828 1360 1894 ﬂoribus
1415 1840 1603 1882 eorum
1630 1823 1778 1878 varie
1807 1835 2064 1877 coronam

481 1928 850 1990 intertexam?
881 1925 1088 1994 Quibus
1122 1919 1568 1994 cogitationibus,
1601 1917 1743 1987 quod
1777 1913 1942 1976 animi
1975 1928 2068 1968 co-
2100 1930 2103 1932 ·

484 2025 659 2096 gitatu
677 2019 828 2078 omni
853 2016 1028 2088 majus
1039 2024 1144 2080 est,
1170 2026 1358 2070 eorum
1383 2008 1705 2066 miraculum
1726 2001 2061 2075 coniectem?

484 2095 782 2173 Enimvero
838 2109 967 2180 quid
1021 2119 1334 2163 sermonum
1395 2100 1546 2156 varia
1601 2097 1926 2168 compositio
1958 2095 2068 2152 illis

486 2205 739 2261 conferre
777 2199 990 2273 possit?
1037 2211 1267 2266 quorum
1300 2193 1474 2264 gloria
1505 2205 1568 2245 ac
1601 2203 1824 2252 corona,
1882 2187 2060 2256 ipsum

488 2294 750 2366 sit,qnod
775 2294 843 2347 ab
894 2291 975 2346 eis
1000 2288 1200 2359 prodiit
1228 2285 1479 2355 gaudium
1517 2300 1532 2336 :
1563 2295 1793 2351 quorum
1823 2278 2068 2334 exsulta-

500 2389 576 2448 tio
601 2397 762 2456 atqne
799 2381 1072 2454 gloriatio,
1109 2378 1414 2434 communis
1442 2374 1670 2430 exsistat
1690 2372 1909 2427 humani
1936 2371 2071 2424 lasti—

493 2481 567 2549 tia
596 2476 814 2549 generis
850 2473 1086 2544 :quibus
1138 2470 1410 2540 pretiosus
1462 2466 1720 2532 mundus,
1773 2464 1920 2519 omni
1978 2461 2070 2518 illa

484 2571 663 2641 pretio
701 2566 873 2636 major
927 2563 1114 2633 Virgo,
1146 2561 1393 2630 adjaceat
1427 2576 1440 2613 :
1477 2557 1796 2628 praaclarum
1829 2554 1960 2620 illud
2005 2567 2070 2608 ac

484 2662 781 2734 gloriosum
837 2657 1122 2722 diadema;
1175 2653 1328 2708 laetus
1381 2650 1474 2706 ille
1537 2663 1600 2704 ac
1651 2647 1806 2702 multi
1839 2644 2066 2700 luminis

485 2753 778 2826 splendor;
840 2750 1052 2804 micans
1111 2747 1223 2813 ille,
1277 2743 1429 2800 radio
1487 2741 1639 2798 omni
1688 2739 1918 2799 lucidior
1979 2751 2070 2792 ra-

490 2847 634 2902 dius.
670 2842 798 2898 llaec
830 2855 963 2900 sane
993 2837 1342 2896 ornatissima
1375 2835 1481 2890 illis
1509 2832 1749 2887 laudatio
1776 2839 1892 2895 est;
1921 2829 2068 2892 haec,

414 3007 416 3012 γ
485 2941 593 2996 illis
641 2950 914 3008 congruos
961 2935 1159 2996 decor;
1203 2925 1558 2994 luec,divitiae
1586 2920 1980 2985 inaul‘eribiles,
2015 2919 2070 2973 in

401 3045 408 3086 ι
487 3032 684 3101 saecula
715 3027 925 3083 inlinita
956 3025 1180 3079 uberem
1223 3017 1504 3074 afﬂuentes
1535 3014 1766 3084 copiam.
1811 3012 1855 3063 ()
1883 3025 2068 3067 eorum

452 3170 457 3174 .
490 3122 862 3192 adeptionem,
891 3131 955 3171 ac
986 3115 1202 3183 impleta
1246 3121 1370 3164 vota
1399 3110 1413 3162 ι
1446 3106 1490 3162 Ο
1524 3101 2069 3173 virtutemejusmodi

492 3212 704 3267 fruetus
765 3205 1082 3279 parentem!
1119 3202 1285 3260 Plane
1342 3200 1431 3255 ille
1493 3200 1683 3268 ingens
1726 3211 1791 3252 ac
1859 3210 2076 3250 omnem

493 3314 759 3373 superans
807 3295 1068 3353 fructum.
1098 3293 1232 3348 Cum
1261 3305 1390 3361 ergo
1420 3289 1494 3344 illi
1554 3289 1687 3343 tales
1737 3296 1919 3344 essent
1943 3301 2077 3355 qua-

490 3397 572 3451 les
615 3392 852 3466 ostendit
885 3402 1086 3451 sermo,
1119 3383 1246 3454 quid
1278 3382 1476 3436 frustra
1507 3394 1718 3448 qua-ras
1749 3379 2076 3449 degenerine

493 3485 773 3558 proposito
802 3493 1021 3535 recessu
1058 3494 1085 3530 a
1117 3475 1227 3530 (ilia
1255 3471 1562 3528 doluerint?

564 3577 661 3631 llla
690 3587 876 3645 porro,
909 3568 1154 3638 angelica
1184 3567 1307 3619 vine
1341 3563 1550 3618 ratione
1577 3563 1862 3618 diuturnas
1894 3578 2076 3620 moras

491 3673 684 3737 agente
714 3666 766 3716 in
810 3658 1028 3728 templo,
1082 3656 1233 3710 aﬂ'uit
1288 3665 1501 3725 tempus
1559 3655 1704 3723 quod
1763 3655 2078 3711 mulieribus

499 3773 530 3812 a
559 3754 736 3812 sacris
763 3749 1142 3828 abstinendum
1164 3748 1540 3812 denuntiaret;
1560 3745 1775 3814 quando
1802 3744 1936 3799 nihil
1964 3754 2078 3799 tute

493 3847 779 3903 silentibus
809 3840 1030 3907 Judmis,
1088 3839 1320 3912 populus
1367 3839 1653 3894 consilium
1687 3837 1831 3902 iniit,
1869 3849 1927 3891 ut
1957 3845 2079 3891 tan-

494 3951 655 4008 quam
695 3948 856 3989 unam
888 3947 952 3988 ex
987 3932 1256 3987 universis
1300 3943 1420 3984 eam
1470 3944 1500 3982 a
1531 3928 1731 4000 templo
1770 3938 2073 3984 arcerent:

495 4011 674 4079 aliene
707 4032 855 4079 certe
888 4037 918 4077 a
973 4022 1211 4087 ratione,
1248 4035 1352 4076 nec
1397 4027 1612 4074 maturo
1643 4019 1918 4073 examine.
1966 4016 2076 4076 Nec

494 4119 640 4176 enim
660 4119 769 4186 jam
789 4115 1096 4172 sanctitatis
1123 4113 1241 4181 ejus
1265 4110 1584 4167 miraculum
1644 4109 1915 4166 occultum
1937 4117 2074 4164 erat.

495 4211 640 4268 Vere
673 4224 906 4280 namque
937 4208 1216 4263 aestimans
1244 4213 1399 4276 puto,
1430 4204 1608 4258 nullas
1644 4217 1880 4270 unquam
1914 4212 2075 4262 natu-

497 4305 639 4359 rales
665 4302 856 4358 sordes
879 4303 933 4356 in
965 4299 1322 4354 mundissimo
1347 4296 1464 4367 ejus
1525 4310 1752 4370 corpore
1779 4294 2080 4364 deprehen-

2160 457 2519 528 παρέμεινεν,
2578 450 2658 518 οἷς
2685 457 2712 508 ὁ
2743 455 2904 516 πόνος
2948 454 3200 525 ἄπειρος,
3236 451 3330 505 καὶ
3361 456 3416 507 ὲν
3448 454 3646 522 ἀφανεῖ
3671 453 3738 504 τὰ

2154 552 2256 621 τῆς
2283 548 2497 611 ἐλπίδος
2525 550 2704 601 κεῖται
2722 563 2738 613 ;

2229 639 2469 694 Τοιαῦτα
2497 639 2643 702 εἰκὸς
2675 633 2743 709 ἦν
2792 637 2920 700 τοὺς
2949 636 3192 702 δικαίους
3226 636 3434 703 λέγειν,
3471 634 3638 704 εἰπερ
3687 652 3740 687 τι

2156 732 2266 786 τῶν
2323 731 2684 802 ἀνθρωπίνων
2714 729 2977 800 ἔπασχον.
3026 709 3192 780 ’Ἀλλά
3235 726 3443 780 τούτων
3479 727 3741 780 ἁπάντων

2156 821 2415 892 ὑπεράνω
2447 819 2755 888 γενόμενοι,
2776 819 2872 871 καὶ
2903 817 2979 878 ὡς
3001 817 3060 869 ὲν
3078 815 3266 886 χερσὶν
3291 811 3462 868 οὖσαν
3493 814 3596 884 τὴν
3623 815 3742 882 Θεῷ

2157 911 2514 967 ἀνατεθεῖσαν
2547 909 2893 980 κατέχοντες,
2925 908 2986 960 οὐ
3045 907 3205 977 μόνον
3234 907 3304 960 τά
3359 907 3458 975 τῆς
3500 906 3742 976 ἀθυμίας

2135 1004 2496 1059 ¹ἀπεὸόιλοντο
2530 1005 2774 1074 ῥήματα,
2805 1001 2946 1055 ἀλλά
2976 1001 3071 1054 καὶ
3096 1001 3224 1064 τοὺς
3253 1000 3356 1069 τῆς
3381 1000 3742 1072 εὐχαριστίας

2157 1096 2470 1167 εἰλικρινῶς
2513 1093 3086 1165 πρὸέτεινονλόγους.·
3116 1093 3191 1158 ὡς
3212 1092 3478 1162 τοιαύτης
3499 1094 3742 1165 αὐτουρο

2158 1191 2248 1259 γοὶ
2279 1189 2660 1261 καρποφορίας
2703 1185 2995 1256 γεγονότες
3017 1200 3031 1213 ·
3072 1184 3148 1248 ὡς
3177 1183 3278 1255 τὴν
3312 1184 3456 1237 ίδίαν
3483 1183 3746 1252 ἀπαρχὴν

2158 1280 2565 1351 ἀφιερώσαντες
2604 1276 2682 1349 τῷ
2707 1277 2863 1348 ,Θεῷο
2889 1277 2964 1340 ὼς
3011 1275 3160 1328 ἔνδον
3189 1274 3300 1330 τῶν
3327 1275 3502 1343 ἀγίων
3532 1274 3596 1328 τὸ
3627 1290 3742 1328 νεο-

2159 1371 2319 1434 θαλὲς
2350 1371 2672 1444 ἀναθέμενοι
2707 1368 3016 1440 βλάστημα.

2231 1464 2295 1515 Ὢ
2312 1462 2541 1516 δικαίων
2563 1459 3120 1532 ὑπερευπροσδέκτου
3145 1457 3339 1523 θυσίας
3367 1459 3382 1512 ι
3413 1459 3460 1512 ὢ
3490 1473 3746 1529 προσφο-

2163 1556 2262 1627 ρᾶς
2283 1553 2598 1624 ἀντίλυτρον
2623 1551 2717 1606 τοῦ
2759 1551 2970 1620 κόσμον
3015 1550 3412 1621 ἀνατεθείσηςί
3449 1549 3497 1604 ὢ
3527 1549 3750 1620 ἀγαθῆς

2145 1648 2322 1719 ,ῥίζης
2351 1645 2708 1716 ἀγαθώτατον
2735 1644 3060 1715 ὲκφυσάσης
3089 1643 3318 1714 βλαστὸν
3343 1645 3358 1698 1
3394 1645 3557 1698 Τίσιν
3596 1646 3751 1698 Ἰωα-

2168 1740 2300 1808 κε¹ιμ
2325 1739 2422 1792 καὶ
2455 1739 2658 1791 Ἀνναν
2680 1734 2957 1790 ὲπαινὲδω
2987 1736 3099 1799 τοῖς
3125 1735 3342 1804 λόγοις;
3369 1736 3558 1798 Ποίοις
3583 1738 3750 1805 ἐγκω-

2173 1831 2316 1901 μίων
2359 1829 2548 1883 ἄνθεσι
2615 1829 2708 1882 τὸν
2751 1828 2960 1882 τούτων
3006 1827 3385 1882 καταποικιλῶ
3445 1828 3755 1897 στέφανονς

2169 1921 2358 1984 Ποίαις
2376 1920 2606 1984 ἐννοίαις
2621 1920 2681 1974 τὺ
2693 1921 2835 1990 ὑπὲρ
2849 1919 3054 1974 ἔννοιαν
3071 1919 3254 1974 αὐτῶν
3273 1921 3754 1991 καταστοχάσομαι

2171 2013 2357 2084 θαῦμα
2385 2011 2580 2078 ςἈλλά
2599 2013 2651 2065 τί
2668 2011 2879 2076 τούτοις
2909 2011 3068 2083 ἡτῶν
3089 2012 3265 2080 λόγων
3300 2014 3756 2080 συνεισενεγκεῖν

2169 2105 2464 2175 δυνήσεται
2527 2103 2813 2169 ποικιλίας
2867 2099 2947 2166 οἷς
2985 2103 3113 2167 δόξα
3160 2103 3255 2156 καὶ
3292 2096 3758 2170 στέφανο;,ναῦτη

2172 2193 2512 2263 καθέστηκεν
2537 2196 2571 2263 ἡ
2600 2192 2660 2259 ἑξ
2688 2193 2868 2246 αὐτῶν
2893 2192 3239 2264 προελθοῦσα
3264 2193 3412 2264 χαρά
3431 2209 3446 2224 ’
3475 2185 3567 2257 οἷς
3589 2192 3744 2260 ἀγαλι

2171 2286 2344 2354 λίαμα
2378 2286 2473 2338 καὶ
2506 2284 2962 2354 ὲγκαλλώπισμα,
3003 2287 3037 2356 ἡ
3067 2287 3224 2355 κοινή
3258 2288 3377 2338 ἐστι
3421 2284 3519 2338 τοῦ
3567 2284 3761 2352 γένους

2173 2376 2482 2448 εὐφροσύνη
2509 2391 2524 2404 ·
2559 2370 2643 2440 οἷς
2681 2375 2887 2446 κόσμος
2917 2377 3099 2447 τίμιος
3138 2377 3472 2448 περίκειται,
3504 2379 3540 2448 ἡ
3574 2377 3758 2443 πάσης

2168 2469 2338 2539 τιμῆς
2372 2468 2622 2540 ἀνωτέρα
2675 2467 2981 2538 Παρθένος·
3036 2467 3098 2522 τὸ
3125 2468 3378 2539 λαμπρὸν
3405 2468 3506 2522 καὶ
3536 2467 3760 2539 περίδο-

2173 2559 2262 2628 ξον
2291 2560 2532 2631 διάδημα
2550 2575 2563 2589 ⁸
2604 2559 2670 2612 τὺ
2695 2558 2922 2630 φαιδρὸν
2949 2559 3049 2614 καὶ
3083 2555 3402 2629 πολύφωτον
3428 2560 3714 2628 ἀγλάϊσμα
3737 2575 3755 2590 ·

2169 2651 2231 2705 τὸ
2266 2651 2448 2722 πάσης
2493 2649 2838 2721 λαμπηδόνος
2873 2649 3268 2722 φωτεινότερον
3312 2650 3548 2720 ἒξαλμα,
3602 2649 3755 2719 Αὕτη

2170 2745 2237 2814 δή
2265 2745 2414 2797 ἐστιν
2445 2741 2722 2812 ἐγκώμιον
2753 2741 2936 2804 αὐτοῖς
2975 2743 3384 2812 ὐπερκόσμιον·
3421 2742 3562 2812 αῦτη
3595 2758 3758 2813 περι-

2171 2835 2566 2901 δέξιοςιαύτοῑς
2598 2833 2934 2904 εὐπρέπεια·
2967 2833 3107 2904 αὕτη
3151 2833 3382 2898 πλοῦτος
3428 2836 3620 2897 αὐτοῖς
3660 2836 3762 2887 ἀν-

2171 2927 2506 2996 αφαίρετος,
2559 2927 2640 2987 εἰς
2679 2924 3022 2995 ἀπεράντους
3077 2924 3281 2986 αἰῶνας
3340 2919 3620 2996 ἐπιρρέων
3660 2925 3763 2991 τὴν

2097 3052 2140 3110 C
2176 3017 2457 3087 ἀφθονίαν.
2480 3018 2545 3069 Ὢ
2571 3017 2671 3086 τῆς
2697 3015 2906 3070 τούτων
2933 3014 3314 3086 ἐπιτυχίαςίῶ
3343 3017 3551 3086 ἀρετῆς
3576 3016 3763 3069 τοιαύ-

2179 3127 2278 3174 τας
2305 3110 2402 3172 τάς
2460 3108 2798 3178 ἐπικαρπίας
2830 3107 3249 3177 συγκομισάσης
3278 3107 3292 3158 ί
3317 3107 3511 3175 Μέγας
3567 3108 3765 3170 ὄντως,

2181 3203 2277 3256 καὶ
2312 3203 2492 3271 πάσης
2523 3200 2785 3253 ἐπέκεινα
2813 3197 3222 3268 καρποφορίας.
3253 3197 3552 3261 Τοιούτους
3583 3199 3763 3250 τοίνυν

2178 3294 2408 3358 τούτους.
2427 3293 2612 3356 ὄντας,
2641 3291 2788 3353 οἴους
2819 3290 3036 3357 δλόγυς
3066 3288 3338 3354 ὑπέδειξε,
3358 3287 3410 3340 τί
3443 3288 3522 3341 δεῖ
3557 3285 3766 3350 διερει-

2179 3385 2276 3452 νᾷν
2324 3383 2373 3436 εί
2420 3380 2666 3449 ἀγεννῶς
2709 3381 2805 3443 τὰς
2831 3379 3019 3451 ψυχὰς,
3039 3377 3117 3448 τῷ
3147 3377 3425 3448 χωρισμῷ,
3444 3375 3544 3444 τῆς
3572 3373 3765 3434 παιδὶς

2179 3474 2534 3543 ὡδυνήθησαν
2563 3488 2579 3536 ;

2251 3562 2727 3634 Χρονοτριὸούσης
2772 3556 2866 3614 οῦν
2914 3561 3086 3630 αὐτῆς
3133 3555 3567 3626 ἀγγελοπρεπῶς
3602 3557 3662 3607 ὲν
3691 3553 3771 3622 τῷ

2181 3655 2311 3725 ναῷ,
2343 3655 2436 3709 καὶ
2465 3656 2493 3707 ὁ
2519 3653 2711 3724 καιρὸς
2739 3652 3065 3721 ἐφέστηκεν,
3098 3651 3126 3702 ὁ
3167 3648 3414 3717 γυναιξὶν
3453 3644 3766 3713 ἀπέχεσθαι

2180 3745 2290 3799 τῶν
2327 3744 2506 3813 ἁγίων
2553 3743 3023 3814 παρεγγυώμενος
3051 3755 3063 3768 ·
3098 3737 3158 3791 ὃν
3197 3737 3300 3807 οὐκ
3330 3727 3592 3802 ἀσφαλῶς
3635 3750 3769 3785 σιω-

2180 3835 2407 3889 πώντων
2439 3833 2548 3888 τῶν
2593 3830 2888 3895 Ἰουδαίων,
2931 3831 2959 3882 ὁ
2985 3827 3158 3897 δῆμος
3200 3825 3281 3888 ,ὡς
3336 3826 3470 3894 μίαν
3506 3824 3770 3876 ἁπάντων

2178 3926 2274 3979 τοῦ
2309 3923 2458 3996 ἱεροῦ
2503 3922 2710 3992 ταύτην
2751 3920 3040 3990 ἀπείργειν
3088 3915 3478 3970 συνεϐούλευεν
3502 3929 3516 3942 °
3554 3913 3770 3979 ἀλόγως

2179 4004 2289 4088 ἄκρα
2318 4017 2414 4070 καὶ
2456 4013 2851 4081 ἀνεξετάστως.
2891 4011 2966 4064 Ού
3008 4001 3255 4079 γὰρ’ἧδη
3286 4009 3348 4060 τὸ
3377 4008 3436 4058 ὲν
3469 4003 3649 4075 ταύτῃ
3674 4002 3770 4055 τοῦ

2181 4108 2459 4178 ἀγιασμοῦ
2489 4105 2868 4176 κρυπτόμενον
2901 4099 3229 4171 παράδοξον.
3293 4097 3440 4166 Ἐγὼ
3467 4099 3576 4166 γὰρ
3612 4090 3771 4164 οἶμαι

2179 4204 2247 4271 τῇ
2273 4197 2504 4269 ἀληθεία
2530 4196 2732 4268 κρίνων
2767 4194 2970 4265 μηδένα
2996 4191 3110 4248 τῶν
3136 4191 3278 4245 κατά
3304 4192 3468 4258 φύσιν
3497 4188 3690 4259 ρύπων
3714 4189 3772 4239 ὲν

2181 4289 2258 4360 τῷ
2305 4286 2631 4356 πανασπίλῳ
2686 4283 2901 4353 σώματι
2955 4281 3163 4350 ταύτης
3221 4276 3548 4348 φωραθῆναί
3603 4291 3769 4327 ποτε·

497 4413 587 4453 sas
614 4410 734 4451 esse
765 4413 780 4449 :
819 4394 912 4449 sed
965 4393 1149 4448 omnia
1183 4405 1323 4446 nova
1374 4389 1607 4458 quadam
1638 4367 1700 4441 ac
1727 4384 1959 4440 mirabili
1989 4384 2072 4438 de-

2185 4382 2319 4436 άλλὰ
2351 4381 2516 4446 ξένως
2540 4378 2720 4432 πάντα
2748 4372 3232 4445 καινοτομηθῆναι,
3259 4367 3651 4440 καθάπερᾘκαὶ
3675 4367 3774 4436 τὴν

499 4489 711 4558 signata
743 4487 976 4551 ratione,
1001 4484 1074 4537 uti
1098 4480 1279 4550 etejns
1307 4480 1545 4533 futurum
1563 4488 1794 4548 partum.

572 4576 870 4634 Zacharias
918 4590 1048 4645 ergo
1105 4574 1220 4628 haec
1255 4570 1581 4638 intelligens,
1633 4566 1768 4628 nihil
1805 4566 1920 4633 ipse
1960 4578 1991 4618 a
2020 4577 2080 4619 se

502 4670 784 4739 Virginem
813 4668 1070 4735 cegitavit
1095 4666 1330 4720 educere
1356 4679 1370 4728 ;
1400 4661 1580 4731 potius
1605 4660 1753 4712 ratos
1784 4656 1924 4711 laesae
1951 4671 2081 4711 con-

503 4759 812 4820 suetudinis
851 4757 1141 4827 popnliqne
1193 4765 1402 4810 reatum
1441 4752 1723 4805 incurrere
1746 4787 1762 4816 ,
1798 4762 1961 4817 quam
1995 4760 2082 4800 se-

496 4855 779 4927 jnnCtione
841 4852 979 4905 bona
1013 4849 1155 4902 illius
1185 4847 1460 4901 amittere.
1496 4845 1575 4897 Ad
1612 4845 1714 4898 hoc
1746 4843 1926 4909 itaque
1955 4853 2080 4909 per-

502 4924 731 5017 urgente
762 4939 980 5012 populo,
1014 4950 1200 4992 secum
1253 4932 1340 4988 ille
1389 4931 1587 4987 anxius
1646 4927 1913 4990 haerebat,
1954 4924 2082 4979 talia

425 5020 428 5022 i
499 5016 747 5110 quaedam
791 5043 970 5090 mente
999 5028 1231 5100 agitans,
1283 5039 1346 5080 ac
1378 5023 1650 5094 loquens:
1693 5039 1712 5073 ι
1751 5020 1890 5086 Quid
1924 5016 2085 5073 rebus

501 5133 575 5186 ita
619 5127 946 5185 habentibus
988 5120 1230 5178 faciam?
1262 5120 1434 5185 Quam
1503 5131 1652 5171 nunc
1696 5112 2081 5184 necessitatem

501 5221 740 5293 eligam?
774 5218 943 5286 Quem
980 5214 1113 5270 mihi
1153 5211 1499 5283 praestituens
1542 5208 1703 5261 linem
1727 5248 1742 5273 ,
1777 5219 1882 5258 non
1917 5211 2086 5256 teme-

503 5317 652 5370 rario
687 5328 822 5367 ausu
855 5310 1082 5366 irritabo
1117 5303 1378 5360 Numen?
1426 5300 1471 5356 Ε
1507 5298 1776 5369 templone
1806 5293 2087 5366 Virginem

498 5405 766 5462 educam?
795 5404 990 5460 Verum
1020 5413 1107 5454 me
1141 5407 1309 5452 terret
1345 5410 1534 5452 eorum
1559 5407 1678 5462 qua:
1716 5403 1922 5446 arcana
1957 5391 2086 5458 Spe-

509 5497 654 5553 elavi
687 5496 935 5560 novitas;
979 5488 1468 5557 vehementiusque
1490 5479 2088 5556 percellitadolescen-

509 5589 631 5642 tuta:
668 5587 988 5643 miraculum
1013 5603 1028 5653 ;
1065 5600 1131 5641 ne
1157 5585 1200 5640 si
1229 5585 1368 5639 forte
1394 5582 1447 5635 in
1473 5592 1591 5633 eam
1613 5571 1978 5647 peccaverim,
2007 5580 2089 5624 teu-

509 5681 776 5737 mcritatis
798 5695 988 5749 pcenas
1015 5679 1182 5734 luam.
1215 5675 1398 5745 Neque
1427 5671 1573 5731 enim
1605 5669 1745 5724 alius
1773 5673 1971 5737 praeter
2002 5677 2086 5718 me

2189 4473 2491 4546 μέλλουσαν
2517 4470 2736 4541 κύησιν.
3089 4505 3101 4515 .
3193 4525 3206 4536 υ
3512 4523 3514 4525 γ

2258 4565 2446 4617 Ταῦτα
2475 4562 2655 4615 τοίνυν
2681 4562 2709 4613 ὁ
2757 4560 3037 4631 Ζαχαρίας
3087 4555 3266 4617 συνεὶς
3288 4593 3304 4618 ,
3354 4553 3454 4622 τὴν
3491 4553 3590 4622 τῆς
3625 4552 3778 4619 [lap-

2189 4650 2586 4729 θένουοῖκοθεν
2604 4653 2705 4708 οὐκ
2733 4636 3066 4724 ἐμελέτησεν
3089 4647 3301 4713 ἔξοδονο
3331 4645 3581 4715 κρεῖττον
3608 4640 3776 4709 ἡγού-

2193 4766 2351 4821 μενος
2378 4744 2518 4802 εἶναι
2545 4747 2622 4817 τῷ
2652 4745 2764 4799 ἔθει
2795 4745 2892 4798 καὶ
2917 4741 3034 4812 λαῷ
3065 4735 3455 4811 προσπταίειν,
3491 4732 3525 4801 ἢ
3555 4729 3638 4802 τῷ
3667 4741 3804 4801 χιό-⁷

2193 4820 2375 4910 ρισμῷ
2398 4835 2603 4904 ταύτης
2627 4833 2813 4887 καλῶν
2845 4831 3268 4899 ἀποτυγχάνειν.
3295 4824 3440 4896 Πρὸς
3461 4821 3621 4874 τοῦτο
3645 4820 3776 4888 γοῦν

2193 4927 2616 4996 κατεπείγοντος
2639 4924 2736 4980 τοῦ
2770 4925 2967 4996 δήμου,
2999 4924 3080 4985 είς
3107 4918 3420 4992 ἀμηχανίαν
3450 4909 3607 4976 οὗτος
3641 4910 3778 4966 καθ-

2185 5021 2401 5085 ίστατο,
2437 5018 2664 5073 τοιαῦτα
2708 5017 2910 5072 ἐννοῶν
2941 5002 3036 5070 καὶ
3060 5013 3456 5084 φθεγγόμενος·
3500 5026 3519 5058 ι
3553 5007 3618 5059 Τί
3650 5006 3779 5075 περὶ

2191 5112 2398 5166 τούτων
2427 5110 2801 5182 διαπράξομαι
2833 5127 2848 5177 ;
2892 5107 3061 5161 Ποίαν
3102 5106 3351 5174 ἀνάγκην
3381 5101 3459 5172 τῷ
3491 5101 3612 5152 νυνὶ
3662 5101 3781 5150 ἐπι-

2194 5203 2419 5272 λέξομαι
2443 5219 2456 5269 ;
2477 5201 2621 5273 Πρὸς
2642 5203 2793 5255 ποῖον
2816 5199 3018 5253 σκοπὸν
3035 5195 3268 5260 ἀπιδὼν,
3287 5195 3348 5248 τὸ
3369 5195 3524 5247 Θείον
3553 5193 3630 5264 μὴ
3644 5207 3782 5260 παρ-

2195 5295 2407 5367 οργίσω
2451 5297 2516 5364 τῇ
2548 5294 2726 5365 τόλμῃ
2755 5310 2770 5361 ;
2805 5291 3012 5359 Ἐξάξω
3050 5289 3144 5345 τοῦ
3171 5287 3302 5343 ναοῦ
3339 5287 3438 5358 τὴν
3465 5285 3779 5356 Παρθένον;

2209 5387 2372 5441 Ἀλλά
2403 5389 2560 5457 φοϐεῖ
2600 5405 2667 5458 με
2691 5387 2802 5441 τῶν
2827 5387 3156 5457 ἀπορρήτων
3179 5382 3470 5452 θεαμάτων
3502 5381 3562 5433 τὸ
3588 5378 3740 5446 ξένον
3765 5391 3776 5404 ⁸

2198 5479 2290 5550 καὶ
2318 5477 2690 5548 καταπλήττει
2711 5495 2777 5548 με
2795 5478 2892 5547 τῆς
2907 5475 3148 5538 νεάνιδος
3165 5474 3226 5526 τὸ
3254 5472 3464 5541 θαῦμα·
3491 5474 3689 5541 μήπως
3707 5469 3782 5528 εἰς

2197 5568 2401 5640 ταύτην
2414 5567 2751 5641 διαμαρτὼν,
2771 5569 2870 5640 τὴν
2886 5569 3043 5637 δίκην
3065 5566 3311 5621 ἀποτίσω
3340 5565 3440 5634 τῆς
3470 5560 3780 5621 αὐθαδείας.

2201 5660 2276 5715 Οῦ
2297 5660 2403 5731 γὰρ
2421 5660 2578 5723 ἄλλος
2603 5661 2711 5715 τῶν
2734 5659 2936 5731 ταύτης
2955 5659 3094 5730 πλὴν
3118 5655 3252 5728 ἐμοῦ
3275 5653 3666 5726 κατετρύφησε
3689 5669 3786 5722 μυο
