3982 6160
487 314 622 382 1455

1612 317 1935 381 GEORGII
1974 321 2569 385 NICOMEDIENSIS

3611 333 3749 390 1456

484 445 639 496 men;
671 443 738 485 ne
767 443 954 484 eorum
976 471 989 495 ,
1038 443 1156 498 qua:
1197 429 1337 484 dicta
1365 436 1521 496 sunt,
1559 429 1907 501 exiguitatem
1937 447 2048 488 con-

2168 447 2275 501 τῶν
2316 448 2588 518 ῥηθέντων
2621 447 2697 517 μὴ
2757 447 3081 518 παριδοῦσα,
3139 451 3214 514 ὡς
3263 453 3504 521 μείζονος
3539 456 3638 525 μὲν
3677 460 3745 513 ἂν

384 530 393 539 '
480 533 752 586 temnens,
786 530 845 575 ut
886 522 1026 590 quod
1060 523 1407 593 impensioris
1441 523 1741 579 voluntatis
1774 524 2058 591 exsistant,

478 626 786 685 quanquam
815 615 1027 669 exiliori
1058 614 1377 683 prodierunt
1416 613 1628 669 dicendi
1665 613 1922 668 facultate
1950 631 1967 683 ;
1998 629 2063 669 ea

476 708 709 776 suscipe,
748 707 988 773 nihilque
1013 705 1277 775 repellas;
1337 705 1675 775 subindeque
1703 705 1943 761 dicendis
1973 720 2064 760 co-

474 798 619 869 piam
682 798 965 852 sermonis'
1004 796 1340 864 concilians,
1402 810 1470 850 ne
1518 796 1794 852 orationes
1850 809 2063 867 quoque

476 898 691 944 nostras
715 888 949 957 rejicias.
989 888 1132 942 Siste
1169 886 1441 957 suli’ragiis
1468 887 1573 942 tuis
1597 883 1860 942 commota
1888 888 1940 941 in
1967 902 2061 957 po-

473 979 659 1050 pulum
688 990 835 1033 tuum
876 976 1042 1032 bella.
1094 977 1319 1033 Vindica
1342 978 1547 1047 petenti
1581 975 1667 1032 tua
1692 978 1911 1043 virtute,
1943 994 2063 1047 grc-

470 1087 591 1142 gem
628 1071 681 1126 in
707 1081 758 1124 te
775 1071 1156 1145 confidentem.
1182 1071 1393 1126 Nullum
1414 1071 1610 1126 auxilio
1626 1082 1713 1126 tuo
1728 1072 1934 1127 firmius
1953 1079 2062 1125 tro-

428 1162 441 1177 "
470 1164 683 1234 pineum
726 1164 1065 1233 opponimus.
1129 1163 1358 1219 Unicum
1417 1173 1519 1230 est,
1560 1154 1703 1233 quod
1745 1164 1833 1219 illo
1863 1164 2061 1222 fortius

477 1238 805 1322 Sperandum
835 1254 1136 1322 habemus;
1164 1271 1354 1324 nempe
1381 1256 1456 1309 tui
1488 1253 1609 1308 Filii
1636 1256 1870 1325 potentia
1894 1257 2057 1327 ;quin

481 1356 541 1411 et
562 1348 677 1414 cjus
697 1346 864 1416 ipsius
899 1345 1248 1411 beneficium,
1287 1355 1564 1416 acceptum
1603 1348 1697 1402 tibi
1746 1348 2055 1402 referimus.

468 1438 618 1497 Cum‘
666 1440 808 1493 enim
872 1438 1074 1508 jugiter
1119 1452 1241 1492 eum
1281 1435 1659 1504 oil'endamus,
1703 1436 2057 1508 despicabiles

420 1538 423 1541 ’
470 1530 796 1596 manemus,
828 1530 1037 1599 indigni
1079 1528 1408 1584 exsiStentes
1429 1569 1443 1594 ,
1467 1545 1699 1600 quorum
1724 1514 1835 1584 'ille
1863 1544 2052 1584 curam

471 1634 614 1695 agat.
645 1623 723 1678 Tu
756 1624 938 1692 itaque
979 1621 1265 1676 mediatrix
1293 1621 1580 1690 accedens,
1617 1621 1693 1674 illi
1732 1635 1827 1675 nos
1861 1626 2056 1676 recon3

422 1730 428 1737 ‘
466 1717 644 1782 cilias,
677 1724 931 1784 tanquam
955 1712 1075 1791 eius
1106 1712 1413 1767 imitatione
1442 1711 1728 1783 benignior
1748 1713 2050 1768 exsistens.

2166 538 2580 608 προαιρέσεως,
2649 540 2929 603 ἐλάττονος
2991 540 3046 593 δὲ
3103 543 3371 612 παρελθὸν
3433 546 3742 617 δυνάμεως,

2164 627 2314 692 δέξαι
2354 630 2445 707 μὴ
2496 630 2897 702 ἀπωθουμένη·
2930 620 3041 695 τοῖς
3079 650 3137 685 τε
3185 633 3581 705 ῥηθησομένοις
3610 638 3742 707 ἑξῆς

2163 716 2262 786 τὴν
2296 717 2560 788 εὐπορίαν
2603 722 3068 793 περιποιουμένη,
3106 724 3200 774 καὶ
3252 727 3354 786 τὰς
3406 724 3620 796 δεήσεις
3668 728 3745 797 μὴ

2164 808 2572 879 ἀποπέμψειας.
2604 811 2809 881 Στῆσον
2830 816 2950 875 ταῖς
2982 814 3299 884 πρεσϐείαις
3332 833 3423 869 σου
3454 821 3578 881 τοὺς
3602 822 3748 873 κατὰ

2163 898 2258 952 τοῦ
2295 900 2426 959 λαοῦ
2460 919 2553 955 σου
2592 903 2898 976 πολέμους·
2935 905 3213 977 ἐπάμυνον
3251 911 3315 978 τῇ
3362 913 3601 981 κραταιᾷ
3646 929 3743 965 σου

2162 990 2415 1061 δυνάμει,
2449 996 2513 1063 τῇ
2559 994 2640 1055 είς
2686 995 2746 1047 σὲ
2797 995 3094 1067 πεποιθυῖα
3151 997 3376 1070 ποίμνῃ.
3437 1002 3605 1055 Οὐδὲν
3644 1004 3746 1071 τῆς

2164 1083 2264 1155 σῆς
2312 1083 2568 1155 βοηθείας
2611 1087 2936 1157 ὀχυρότατον
2980 1088 3395 1160 προϐαλλόμεθα
3452 1093 3741 1162 τρόπαιον.

2167 1172 2262 1227 Ἓν
2314 1176 2449 1243 ἡμῖν
2509 1168 2897 1247 κραταιότερον
2946 1177 3172 1249 ταύτης,
3228 1181 3262 1249 ἡ
3308 1181 3400 1233 τοῦ
3455 1181 3584 1234 Υίοῦ
3643 1200 3741 1235 σου

2159 1262 2439 1331 ὲλπίζεται
2497 1268 2818 1322 δυναστεία·
2879 1269 3080 1338 μᾶλλον
3132 1271 3189 1324 δὲ
3240 1272 3333 1325 καὶ
3386 1273 3591 1345 ταύτης
3653 1292 3741 1329 σοι

2157 1354 2491 1427 λογιζόμεθα
2506 1361 2603 1431 τὴν
2621 1360 2803 1431 χάριν·
2821 1361 2978 1429 ἡμῶν
3001 1360 3112 1432 γὰρ
3124 1361 3270 1433 αὐτῷ
3289 1349 3740 1435 προσκρουόντων

2155 1445 2263 1512 ἀεὶ,
2300 1447 2623 1519 ἀπερίοπτοι
2656 1448 3018 1521 διαμένομεν,
3064 1452 3275 1518 ἀνάξιοι
3301 1454 3400 1523 τῆς
3441 1456 3605 1508 αὑτοῦ
3637 1472 3743 1524 κη-

2156 1534 2408 1606 δεμονίας
2463 1537 2635 1600 ὄντες.
2668 1539 2738 1592 Σὺ
2766 1539 2897 1608 γοῦν
2949 1541 3312 1612 μεσιτεύουσα
3341 1545 3742 1610 καταλλάττεις

2156 1627 2328 1697 ἡμᾶς,
2360 1627 2436 1692 ὡς
2465 1632 2697 1700 μιμήσει
2727 1630 2892 1685 αὐτοῦ
2924 1632 3224 1702 φιλάγαθος
3253 1631 3406 1692 οὖσα.
3438 1638 3738 1711 Κάμπτεις

2155 1719 2297 1789 πρὸς
2335 1720 2603 1791 ἡμέτερον
2660 1716 2842 1775 οἶκτον
2881 1724 2979 1793 τὴν
3009 1726 3230 1796 ἄπειρον
3259 1727 3423 1781 αὑτοῦ
3457 1728 3741 1798 εὐσπλαγ-

467 1807 700 1863 Iullectis
740 1807 1061 1861 immensam
1103 1804 1219 1872 ejus
1251 1804 1595 1869 clementiam
1645 1804 1697 1858 in
1746 1804 2048 1859 miseratio-

2153 1809 2347 1878 χνίαν·
2407 1811 2688 1881 ἄγρυπνον
2725 1812 2867 1884 ὑπὲρ
2907 1814 3063 1885 ἡμῶν
3107 1816 3206 1886 τὴν
3237 1818 3527 1891 πρεσϐείαν
3578 1823 3735 1890 ποιῇ.

468 1900 591 1955 nem
623 1909 863 1955 nostram
900 1916 913 1952 :
945 1899 1172 1968 pervigil
1208 1896 1504 1954 intercedis
1539 1910 1639 1965 pro
1673 1895 1851 1950 nobis.
1885 1894 2048 1949 Plane
2077 1916 2085 1925 -

465 1993 610 2047 enim
636 2000 932 2063 congruum
971 1992 1097 2057 hoc,
1152 2000 1262 2046 tum
1310 1987 1761 2057 ejusclementim
1794 1998 1905 2042 tum
1942 1994 2047 2041 tua‘.

416 2074 421 2083 ’
464 2078 1054 2165 protecti0tii..ldcirco
1082 2092 1153 2147 tc,
1194 2081 1366 2137 nostri
1403 2081 1671 2151 primitias
1706 2079 1919 2161 generis
1954 2093 2044 2133 as-

412 2176 419 2181 ’
466 2176 718 2246 sumpsit.
753 2160 827 2232 Ut
865 2190 961 2246 per
1007 2182 1059 2229 te
1113 2183 1320 2242 nostra,
1371 2160 1781 2242 dispensatione
1807 2180 2042 2242 gereret,

464 2255 716 2321 humanae
749 2280 807 2320 se
858 2273 1064 2319 naturae
1115 2262 1406 2317 obnoxium
1461 2262 1605 2318 fecit.
1668 2261 1894 2316 Eramus
1936 2260 2045 2315 'uos

466 2359 543 2412 rei
572 2371 746 2426 ptenrc
782 2371 811 2409 a
836 2348 1278 2424 transgressione
1308 2370 1322 2419 ;
1350 2367 1476 2409 rcus
1509 2364 1567 2408 et
1610 2352 1724 2422 ipse
1755 2352 2042 2421 dispensa-

380 2454 383 2457 ’
417 2444 424 2453 ’
468 2448 651 2513 tionis,
683 2436 790 2517 qua
839 2444 1334 2500 clemcnshumano
1376 2444 1683 2499 consuleret
1718 2433 1923 2508 generi,
1966 2440 2045 2495 fa-

378 2526 387 2533 ”
467 2548 586 2593 ctus
620 2547 724 2592 est.
755 2536 857 2592 Per
884 2536 989 2590 duo
1015 2534 1249 2589 maxima
1274 2517 1386 2588 haec
1409 2535 1638 2603 gratiam
1666 2529 2041 2603 eﬂlagitamus;

378 2634 384 2637 ’
465 2645 563 2702 per
600 2622 932 2699 assumptam
956 2642 1023 2681 ex
1050 2636 1101 2680 te
1132 2640 1385 2692 carnem;
1444 2638 1649 2695 perque
1699 2633 1773 2685 te,
1817 2636 2038 2707 quare;

402 2718 417 2733 ⁸
469 2721 627 2777 nobis
661 2703 1180 2791 primitiarumlbco
1213 2717 1259 2772 ci
1292 2716 1473 2772 oblata
1527 2731 1602 2772 cs.
1648 2703 1894 2783 Congrua
1953 2728 2045 2766 ra-

469 2811 613 2881 tione
641 2808 766 2864 nixa
802 2807 1012 2873 oratio,
1063 2805 1204 2861 bona
1230 2803 1594 2875 exspectatio,
1653 2811 1798 2855 certa
1860 2800 2042 2853 firma-

465 2916 573 2973 que
596 2916 744 2971 spes.
782 2898 1020 2954 Tametsi
1061 2897 1206 2951 euim
1249 2892 1663 2971 innumerabilis
1695 2892 2042 2960 peccatorum

464 2991 713 3048 cumulus
733 2990 1050 3044 adversatur
1073 2996 1236 3059 atque
1266 2991 1562 3054 oppugnat,
1592 2981 1892 3050 divisumque
1924 2995 2044 3032 mu-

374 3082 379 3085 “
464 3084 601 3138 ncra‘
643 3081 944 3137 clementiae
993 3077 1244 3150 prohibet
1277 3094 1291 3130 :
1327 3088 1512 3129 verum
1564 3073 1705 3126 nulla
1771 3082 1919 3125 tanta
1959 3081 2043 3126 est

2148 1896 2263 1951 Kal.
2296 1896 2407 1969 γὰρ
2435 1899 2589 1964 ἄξιον
2634 1899 2796 1954 τοῦτο
2823 1900 2925 1973 τῆς
2968 1904 3134 1957 αὑτοῦ
3172 1906 3600 1979 φιλανθρωπίας,
3633 1911 3736 1963 καὶ

2144 1987 2246 2057 τῆς
2291 1989 2392 2058 σῆς
2419 1991 2774 2060 προστασίας.
2818 1992 2917 2047 Διὰ
2943 1994 3112 2064 τοῦτό,
3154 2015 3214 2051 σε
3252 1998 3348 2051 τοῦ
3402 1996 3523 2053 καθ’
3578 2004 3735 2072 ἡμᾶς

2145 2078 2404 2149 ἀπαρχὴν
2458 2080 2647 2149 εῑληφε
2697 2081 2909 2149 γένους.
2963 2083 3081 2137 Ἵνα
3126 2087 3193 2139 τὰ
3232 2087 3472 2160 ἡμέτερα
3511 2087 3598 2142 διὰ
3633 2089 3733 2142 σοῦ

2146 2169 2505 2242 οἰκονομήσῃ,
2535 2171 2824 2243 ὑπόχρεων
2862 2174 3053 2230 ἑαυτὸν
3109 2179 3174 2247 τῇ
3229 2178 3546 2258 ἀνθρωπίνῃ
3582 2197 3736 2253 παρ-

2147 2259 2415 2313 εσκεύασε
2473 2260 2655 2329 φύσει.
2703 2264 3026 2336 Ὀφείλομεν
3066 2268 3223 2338 ἡμεῖς
3259 2269 3356 2340 τὴν
3384 2272 3446 2324 ἐκ
3474 2272 3734 2341 παραϐά-

2149 2367 2287 2415 σεως
2328 2353 2607 2424 τιμωρίαν
2629 2368 2645 2386 ·
2670 2355 3013 2429 ,ἀντώφειλεν
3039 2360 3245 2421 ἐκεῖνος
3282 2361 3379 2428 τὴν
3403 2364 3500 2433 τῆς
3535 2363 3733 2431 φιλίαν-

2147 2440 2398 2512 θρωπίας
2450 2436 2784 2516 οἰκονομίαν.
2831 2447 3002 2519 ’Υπὲρ
3051 2448 3144 2503 δύο
3201 2451 3472 2527 μεγίστων
3517 2454 3733 2507 τούτων

2145 2531 2245 2602 τὴν
2282 2534 2444 2603 χάριν
2500 2534 2864 2606 ἐξαιτούμεθα
2887 2554 2901 2567 ·
2935 2539 3076 2609 ὑπὲρ
3108 2541 3207 2611 τῆς
3249 2544 3312 2595 ἐκ
3365 2543 3459 2595 σοῦ
3495 2547 3733 2616 προσλη.

2147 2621 2378 2692 φθείσης
2413 2623 2564 2696 αὐτῷ
2596 2627 2821 2697 σαρκὸς,
2859 2629 2952 2682 καὶ
2991 2630 3132 2701 ὑπὲρ
3158 2631 3272 2698 σοῦ,
3312 2634 3411 2704 τῆς
3462 2634 3520 2700 ἐξ
3568 2637 3732 2707 ἡμῶν

2145 2709 2502 2783 ἀνατεθείσης
2556 2714 2707 2785 αὐτῷ
2762 2717 3041 2790 ἀπαρχῆς.
3099 2720 3333 2791 Εὓλογος
3383 2724 3418 2795 ἡ
3471 2726 3728 2797 αἴτησις·

2148 2800 2289 2871 καλὴ
2341 2804 2374 2874 ή
2432 2805 3175 2888 προσδοκίαο-ἀδιάψευστος
3222 2817 3256 2884 ἡ
3311 2813 3485 2879 ἐλπίς.
3522 2817 3584 2869 El
3618 2818 3732 2888 γὰρ

2147 2892 2242 2945 καὶ
2266 2892 2295 2943 ὁ
2329 2893 2438 2946 τῶν
2470 2895 2887 2969 ἁμαρτημάτων
2913 2901 3083 2972 ἐσμὸς
3110 2903 3465 2975 ἀντιπράττει
3498 2909 3594 2961 καὶ
3631 2925 3733 2962 πε-

2148 2982 2344 3053 λεμεῖ,
2397 2986 2493 3037 καὶ
2548 2985 2774 3057 διείργει
2829 2988 2898 3041 τὰ
2947 2991 3048 3061 τῆς
3087 2992 3251 3065 αὑτοῦ
3314 2995 3732 3067 φιλανθρωπίας

2148 3074 2570 3145 εὐεργετήματα
2595 3093 2609 3106 ·
2634 3077 2749 3130 ἀλλ’
2779 3079 2925 3148 ὅμως
2959 3082 3116 3136 οὐδέν
3149 3070 3535 3140 ἐστι’τοιοῧτον
3563 3078 3730 3142 πται.

464 3175 784 3231 delictorum
815 3144 1121 3237 multitudo,
1148 3179 1204 3221 ut
1226 3166 1340 3236 ejus
1369 3164 1661 3220 bonitatem
1691 3150 1858 3232 possit
1887 3163 2039 3215 evin-

2151 3164 2375 3249 σμάτων
2407 3144 2629 3232 πλῆθος,
2677 3168 2708 3221 ὃ
2751 3144 2849 3240 τὴν
2901 3172 3063 3226 αὐτοῦ
3095 3174 3406 3245 ἀγαθότητα
3438 3179 3729 3249 ἐκνικῆσαι

463 3280 613 3323 cere.
660 3264 875 3319 Scimus
911 3272 970 3318 ut
1031 3270 1225 3316 natura
1284 3268 1465 3312 nostra
1504 3256 1705 3310 caduca
1778 3269 1839 3308 ac
1870 3253 2047 3307 labilis

464 3359 575 3425 sit;
612 3356 859 3411 novimus
891 3352 1009 3421 ejus
1051 3350 1389 3417 indignitatis
1421 3350 1894 3416 exsuperantiam;
1938 3361 2043 3400 non

465 3454 777 3520 ignoramus
820 3446 1083 3500 immensa
1142 3442 1337 3496 delicta
1395 3449 1578 3495 nostra
1629 3455 1643 3492 :
1706 3451 1934 3506 eamque
1972 3437 2043 3491 ob

380 3600 383 3603 λ
464 3557 579 3597 rem
642 3550 692 3595 te
726 3538 1090 3593 mediatricem
1121 3533 1521 3611 prmtendimus.

537 3612 726 3699 Vides,
766 3630 1077 3686 universam
1110 3627 1400 3683 Christiani
1450 3623 1626 3696 populi
1679 3639 1825 3693 spem
1873 3637 1935 3676 ex
1993 3630 2043 3675 te

465 3724 785 3796 pendentem
820 3719 976 3775 ?Fac
1032 3733 1160 3789 ergo
1188 3717 1427 3788 potentia
1461 3727 1570 3781 tua,
1606 3725 1661 3769 ut
1693 3716 1828 3768 bene
1872 3711 1947 3765 illi
1978 3725 2044 3765 ac

467 3828 726 3888 prospere
774 3814 951 3868 cedat.
1006 3809 1222 3865 Nullum
1259 3810 1402 3863 aliud
1457 3807 1757 3883 perfugium
1818 3805 1977 3859 habet
2011 3818 2042 3856 a

404 3914 407 3917 ⁴
468 3906 630 3964 malis
682 3904 1097 3974 occupantibus,
1136 3911 1363 3969 excepto
1409 3900 1670 3952 duntaxat
1708 3897 2042 3966 inexpugna-

465 3999 679 4054 biliillo
721 4007 813 4052 tuo
859 3995 1077 4050 auxilio.
1129 3992 1230 4060 Qui
1268 4004 1444 4046 rerum
1489 4002 1701 4044 summa
1742 3986 2038 4057 potiuntur,

466 4088 743 4159 suamtibi
776 4102 924 4159 spem
952 4084 1274 4141 addixerunt
1304 4097 1318 4134 :
1359 4091 1410 4135 te
1437 4074 1733 4149 opponunt,
1766 4091 2039 4131 armorum

467 4185 845 4238 universorum
878 4179 999 4248 loco
1031 4196 1045 4230 :
1082 4185 1293 4230 scutum
1347 4183 1398 4227 te
1438 4187 1499 4225 ac
1545 4169 1766 4224 loricam
1808 4167 2042 4222 circum-

463 4277 637 4348 posita
666 4274 903 4330 habent:
937 4283 1192 4326 coronam
1220 4278 1269 4321 te
1294 4263 1475 4335 gloria:
1506 4262 1928 4328 circumquaque
1951 4271 2042 4329 ge-

470 4379 656 4425 stant:
685 4367 767 4421 sui
804 4375 856 4419 te
896 4361 1108 4430 imperii
1159 4366 1457 4429 posuerunt
1491 4355 1686 4409 Vallum
1720 4370 1733 4405 :
1770 4351 1864 4405 tibi
1921 4364 2039 4404 sce-

468 4469 587 4530 ptra
630 4456 779 4525 regni
837 4452 1204 4507 crediderunt.
1267 4445 1514 4513 Exsurge
1572 4458 1716 4514 ergo,
1749 4442 1800 4495 in
1844 4441 2040 4493 virtute

472 4564 665 4619 magna
697 4547 751 4601 in
787 4537 1314 4613 conspectupopuli,
1350 4536 1532 4604 tuique
1557 4534 1804 4587 inimicos
1839 4531 2039 4598 dissipa

468 4632 638 4700 Filii‘:
678 4650 736 4691 ut
771 4637 839 4690 ab
869 4647 1054 4689 eorum
1095 4630 1259 4699 impio
1296 4625 1479 4681 furore
1526 4623 1761 4689 liberati,
1800 4634 2040 4676 commu-

472 4746 596 4789 nem
623 4727 863 4783 laatitiam
920 4736 983 4776 ac
1017 4718 1431 4776 exsultationem
1468 4730 1691 4785 agamus
1734 4730 1748 4768 :
1783 4721 2040 4779 tuumque

480 4821 685 4894 pariter
711 4813 1158 4888 gloriosissimum
1226 4824 1287 4864 ac
1327 4823 1486 4878 supra
1516 4806 1730 4861 modmn
1765 4803 2040 4858 desidera-

467 4892 576 4970 bile
607 4923 803 4966 nomen
840 4902 1265 4974 magniﬁcantes,
1291 4897 1506 4956 Patrem
1538 4904 1591 4950 et
1613 4894 1807 4950 Filium
1831 4903 1884 4947 et
1914 4892 2038 4962 Spi-

469 5008 631 5060 ritum
688 5009 935 5059 sanctum
982 4995 1288 5059 adoremus,
1353 4990 1406 5045 in
1455 4987 1648 5044 saecula
1695 4985 2034 5042 saeculorum.

467 5098 660 5151 Amen.

2153 3232 2445 3326 ίσχύσέιεν.
2481 3254 2718 3330 Οἴδαμεν
2743 3232 2934 3332 cur};
2963 3232 3238 3336 ἡμετέρας
3271 3232 3483 3336 φύσεως
3501 3232 3729 3343 ὀλισθη-

2152 3347 2244 3418 ρόν
2267 3365 2282 3380 ·
2320 3348 2543 3421 οἴδαμεν
2601 3351 2663 3405 τὸ
2709 3354 2832 3406 καθ’
2880 3354 3190 3426 ὑπερϐολὴν
3227 3357 3434 3428 ταύτης
3464 3361 3685 3425 ἀνάξιον
3709 3378 3724 3391 ·

2146 3439 2246 3490 οὐκ
2271 3438 2578 3511 ἀγνοοῦμεν
2604 3441 2665 3495 τὸ
2694 3443 2804 3497 τῶν
2834 3445 3121 3516 ἡμετέρων
3168 3453 3526 3519 πταισμάτων
3564 3453 3731 3507 ἄπει-

2149 3545 2239 3600 ρον
2259 3545 2271 3558 ·
2298 3530 2391 3584 καὶ
2426 3531 2512 3584 διὰ
2539 3531 2721 3601 τοῦτο,
2762 3535 2825 3588 σὲ
2853 3537 3079 3606 μεσίτην
3108 3539 3544 3611 προϐαλλόμεθα.

2226 3620 2390 3694 Ὁρᾷς
2447 3623 2628 3676 πᾶσαν
2674 3624 2768 3678 τοῦ
2798 3626 3092 3698 ἐπωνύμου
3148 3629 3279 3684 λαοῦ
3321 3633 3415 3685 τοῦ
3448 3633 3577 3687 Υίοῦ
3629 3653 3727 3689 σου

2146 3712 2533 3784 ἀνηρτημένην
2570 3715 2650 3779 είς
2691 3715 2750 3794 σὲ
2788 3714 2885 3786 τὴν
2921 3717 3144 3786 Danda;
3183 3721 3282 3785 Δὸς
3319 3718 3413 3776 οὖν
3448 3724 3536 3777 ἐπ’
3589 3727 3728 3792 ἁγα-

2149 3800 2261 3865 θοῖς
2296 3803 2504 3876 ταύτην
2544 3806 2772 3878 ἐκϐῆναι
2799 3811 2864 3880 τῇ
2899 3813 2963 3881 σῇ
2992 3810 3242 3882 δυνάμει.
3277 3814 3390 3868 Ούκ
3419 3812 3564 3869 ἔστιν
3587 3815 3726 3888 ἄλλη

2144 3893 2321 3965 τούτῳ
2351 3898 2642 3969 καταφυγὴ
2676 3898 2785 3952 τῶν
2836 3905 3167 3971 συνεχόντων
3218 3900 3426 3973 δεινῶν,
3462 3907 3602 3977 πλὴν
3626 3910 3729 3979 τῆς

2148 3986 2248 4055 σῆς
2277 3985 2676 4059 ἀπολιορκήτου
2704 3992 3042 4061 συμμαχίας.
3079 3982 3173 4058 El’;
3201 3995 3260 4048 σὲ
3294 3997 3344 4048 οἱ
3368 3995 3557 4050 τούτου
3582 4015 3725 4067 κρα-

2142 4075 2389 4143 τοῦντες,
2427 4078 2495 4132 τὰ
2523 4079 2620 4150 τῆς
2643 4080 2852 4144 οἰκείας
2879 4082 3084 4152 ἐξῆψαν
3115 4086 3459 4155 προσδοκίας.
3497 4088 3563 4140 Σὲ
3597 4090 3726 4142 ἀντὶ

2143 4168 2364 4243 πάντων
2394 4166 2578 4221 ὃπλων
2612 4168 3032 4240 προϐάλλονται.
3054 4173 3122 4225 Σὲ
3154 4173 3343 4244 θυρεὸν
3372 4177 3464 4228 καὶ
3498 4175 3725 4247 θώρακα

2140 4256 2515 4327 περίκεινται·
2550 4258 2609 4310 σὲ
2635 4260 2893 4328 στέφανον
2924 4254 3244 4333 καυχήσεως
3282 4265 3674 4336 περιφέρονται
3700 4282 3717 4300 ·

2143 4344 2203 4397 σὲ
2250 4345 2352 4417 τῆς
2398 4348 2605 4412 οἰκείας
2645 4348 2923 4418 βασιλείας
2971 4352 3235 4423 ὀχύρωμα
3266 4354 3480 4407 ἔθεντο·
3535 4357 3619 4408 σοὶ
3655 4356 3726 4411 τὰ

2071 4484 2116 4539 D
2147 4437 2398 4509 σκῆπτρα
2429 4439 2524 4493 τοῦ
2545 4442 2782 4512 κράτους
2810 4443 3171 4514 ἐνεχείρισαν.
3219 4444 3508 4512 Ἀνάστηθι
3541 4447 3725 4499 τοίνυν

2143 4530 2201 4582 ὲν
2240 4531 2531 4606 δυναστείᾳ
2584 4534 2800 4609 μεγάλῃ
2827 4538 2932 4608 πρὸ
2969 4539 3265 4609 προσώπου
3292 4540 3385 4591 τοῦ
3436 4539 3590 4605 λαοῦ,
3627 4543 3724 4595 καὶ

2135 4623 2265 4686 τοὺς
2298 4625 2525 4696 ἐχθροὺς
2572 4625 2667 4703 τοῦ
2697 4627 2827 4680 Υἱοῦ
2882 4645 2974 4681 σου
3019 4630 3440 4699 διασκόρπισον·
3478 4630 3566 4683 ἵνα
3622 4632 3726 4702 τῆς

2140 4712 2300 4766 ἀθέου
2350 4714 2558 4767 τούτων
2591 4716 3000 4786 ἀπαλλαγέντες
3028 4720 3249 4789 μανίας,
3293 4722 3479 4790 κοινὴν
3520 4721 3725 4791 εὐφρο-

2141 4801 2306 4874 σύνην
2333 4806 2428 4859 καὶ
2472 4807 2791 4875 ἀγαλλίασιν
2829 4810 3188 4881 κροτήσωμεν
3209 4826 3223 4843 ·
3254 4810 3316 4864 τὸ
3368 4813 3460 4865 σόν
3488 4829 3548 4865 τε
3582 4830 3726 4866 παν-

2138 4895 2347 4960 ένδοξον
2381 4899 2475 4950 καὶ
2509 4900 2891 4971 ὑπερπόθητον
2944 4902 3117 4972 ὄνομα
3164 4902 3578 4974 μεγαλύνοντες,
3630 4906 3727 4957 τὶν

2143 4986 2387 5057 Πατέρα,
2405 4989 2500 5042 καὶ
2521 4989 2670 5054 Υἱδν,
2687 4992 2781 5043 καὶ
2799 4993 2952 5059 ἅγιον
2971 4992 3194 5063 Πνεῦμα
3218 4995 3689 5065 προσκυνήσωμεν
3708 5011 3722 5026 ·

2144 5078 2228 5131 ὅτι
2254 5078 2390 5150 αὐτῇ
2434 5080 2635 5150 πρέπει
2676 5081 2824 5148 δόξα,
2857 5082 3079 5153 κράτος,
3110 5083 3246 5155 τιμὴ
3285 5084 3378 5137 καὶ
3410 5084 3729 5157 προσκύνη·

2151 5184 2256 5235 σις,
2284 5171 2362 5233 εἰς
2391 5171 2520 5254 τοὺς
2554 5171 2756 5238 αἰῶνας
2786 5174 2896 5227 τῶν
2932 5174 3161 5230 αἰώνων.
3216 5175 3412 5247 Ἀμήν.
