3948 6162
145 310 274 377 Hii?)

967 316 1046 375 IN
1090 315 1189 376 SS.
1236 316 1536 376 ΜᾹΒΙᾹΜ
1575 319 2099 381 .‘tSSlSTENTEM
2139 322 2391 395 CRUCI,
2433 321 2596 382 ETC.

3280 319 3417 386 1466

143 427 247 494 γαρ
276 426 374 478 καὶ
403 426 687 496 διήρκεσε,
722 421 809 478 τὸν
840 427 1154 494 πανάγαθον
1184 428 1309 480 Υιδι
1328 434 1422 480 καὶ
1451 431 1733 496 Δεσπότην

1857 434 1982 484 rium
2010 432 2290 485 hominum
2321 433 2555 498 insania,
2609 430 3008 486 intolerabilem
3069 431 3188 499 ejus
3236 433 3418 487 animo

143 516 244 568 ὑπὸ
296 516 568 586 πονηρῶν
617 515 820 569 δούλων
869 517 1002 586 ὁρᾷν
1053 516 1586 586 συλὶαμϐανόμενον,
1639 520 1735 570 καὶ

140 609 319 676 πρᾶον
352 609 455 660 καὶ
487 609 693 662 ἄκακον
723 607 896 678 ἀμνὸν
923 607 1028 660 ὑπὸ
1052 607 1236 678 θηρῶν
1263 608 1470 677 ἀγρίων
1501 609 1736 677 κατεχό-

143 714 304 767 μενον
334 715 350 729 ·
391 697 496 750 καὶ
550 697 755 766 πραεία
796 697 894 766 μὲν
942 697 1105 750 αὐτὸν
1151 698 1246 750 καὶ
1290 698 1430 767 ὴπία
1463 715 1732 768 προσομιο

139 787 340 840 λοῦντα
387 793 572 859 φωνῇ,
629 789 888 858 μανιώδει
932 788 991 842 δὲ
1059 787 1294 852 ἐκείνους
1339 790 1436 842 καὶ
1475 790 1737 859 ἀνημέρῳ

145 878 460 951 βρύχοντας
522 880 650 946 τοὺς
693 879 974 938 ἀνουντας,
1031 879 1306 949 καταϐοᾷν
1332 879 1589 950 κραυγῇξ
1641 879 1738 941 Τίς

147 969 230 1040 ἧν,
261 972 616 1040 ἀπαγομένῳ
647 970 1140 1036 συνακολουθοῦσα,
1167 971 1262 1024 καὶ⁵
1284 971 1430 1023 ἔνδον
1459 970 1740 1041 εἰσαχθέν-

146 1079 225 1126 τι,
279 1064 382 1114 καὶ
410 1061 727 1132 κρινομένῳ
754 1061 1247 1132 προσκαρτεροῦσα
1292 1063 1413 1115 τότε
1439 1077 1454 1127 ;
1482 1062 1606 1124 Πῶς
1643 1062 1741 1123 τὰς

145 1153 422 1218 διεξόδους
458 1155 570 1208 τῶν
600 1155 1059 1225 ἐκπορευομένων
1107 1155 1471 1221 κατανοοῦσα,
1519 1157 1579 1208 ἐν
1624 1158 1738 1219 τοῖς

147 1245 415 1298 ἁπάντων
439 1247 702 1317 προσεῖχε
729 1246 982 1316 στόμασι,
1009 1246 1064 1300 τί
1097 1247 1164 1301 ἂν
1189 1247 1319 1319 περὶ
1352 1249 1460 1300 τῶν
1488 1249 1736 1316 ἀποφαν-

151 1339 356 1390 θέντων
389 1338 811 1406 ἀναγγείλειεν;
851 1337 1011 1391 Ἐπεὶ
1054 1339 1112 1392 δὲ
1159 1341 1370 1402 πάντας
1417 1341 1742 1410 ὁμοτρόπως

151 1429 239 1481 τὸν
293 1429 420 1481 κατ’
477 1429 644 1482 αὑτοῦ
695 1429 854 1499 φόνον
905 1430 1238 1492 ἐκπνέοντας
1296 1429 1460 1500 ἑώρα,
1528 1429 1734 1498 μᾶλλον

154 1519 292 1588 αὐτῇ
316 1517 389 1571 τά
422 1519 524 1589 τῆς
558 1518 749 1588 ὀδύνης
771 1519 1044 1576 ἐπεδίδου.
1090 1519 1226 1574 Οὐδὲ
1265 1518 1373 1590 γάρ
1400 1522 1585 1591 παρῆν
1611 1520 1640 1573 ό
1673 1523 1740 1591 τῇ

153 1609 386 1678 ἀληθείᾳ
417 1611 812 1681 συνηγορήσων
839 1611 964 1664 τότε
993 1627 1008 1642 ο
1041 1611 1151 1664 οὐδ’
1191 1613 1342 1674 ὅστις
1393 1613 1460 1665 ἂν
1504 1615 1602 1682 τῆς
1629 1611 1744 1664 ἀδι-

159 1701 283 1762 κίας
317 1699 853 1772 καταμεμψάμενος,
882 1703 980 1754 καὶ
1013 1700 1084 1754 τά
1112 1703 1210 1771 τῆς
1246 1703 1478 1766 ἀτοπίας
1515 1702 1741 1773 ἐπιϐοή-

158 1807 280 1853 σας,
324 1791 388 1843 τὸ
429 1790 678 1862 λυπηρὸν
704 1793 843 1863 αὐτῇ
893 1793 1428 1864 προσεπεκούφισεν.
1464 1793 1654 1846 Ἀπαν
1684 1793 1744 1846 τὸ
1775 1773 1818 1828 Β

158 1885 462 1956 συνέδριον,
490 1886 589 1956 τῆς
625 1885 944 1954 μιαιφονίας
993 1882 1062 1956 ἦν
1085 1902 1100 1917 ο
1133 1887 1302 1951 ἅπαν,
1362 1885 1460 1957 τὴν
1499 1885 1744 1956 ἄθεσμον

157 1976 380 2030 ἀνέπνει
408 1977 592 2046 ψῆφον
622 1993 636 2007 ο
687 1977 863 2040 οὐδεὶς
893 1979 921 2030 ὁ
965 1979 1033 2046 τῇ
1083 1976 1270 2048 δικαίᾳ
1313 1976 1746 2047 προστιθέμενος

159 2067 358 2135 κρίσει.
393 2068 508 2120 Καὶ
540 2067 649 2137 γὰρ
704 2067 800 2120 καὶ
825 2069 876 2120 οἱ
910 2069 1126 2138 γνήσιοι
1159 2067 1258 2135 μὲν
1291 2067 1612 2137 ἀπέδρασαν
1635 2083 1650 2098 θ
1688 2067 1740 2119 ol

157 2157 212 2212 δὲ
259 2158 358 2229 τὴν
411 2159 698 2230 ἀλήθειαν,
745 2156 821 2227 τῷ
878 2157 1031 2228 φόϐῳ
1084 2157 1511 2229 κατέκρυπτον
1563 2157 1660 2210 καὶ⁵
1715 2158 1745 2211 ὁ

159 2252 459 2322 κορυφαῖος
509 2250 566 2304 δὲ
592 2251 701 2304 τῶν
755 2249 1015 2320 μαθητῶν
1049 2253 1144 2304 καὶ
1171 2250 1365 2319 φίλων,
1411 2251 1736 2321 ἀπηρνεῖτο.

161 2339 318 2393 οὕτω
375 2339 516 2410 μόνη
570 2341 632 2392 ab
677 2338 896 2410 βέϐαιον
929 2341 1194 2412 τηροῦσα,
1235 2341 1331 2395 καὶ
1383 2342 1497 2404 τοῖς
1551 2341 1746 2404 δεινοῖς

162 2430 607 2500 ἑγκαρτεροῦσα,
639 2430 770 2495 τοὺς
814 2431 1262 2502 ἐπιεικεστέρους
1295 2431 1417 2498 ξτῶν
1465 2429 1560 2484 τοῦ
1589 2431 1748 2484 δικαα

167 2523 390 2591 στηρίου
419 2521 749 2587 διεξιόντων,
781 2522 946 2595 ἡρετο
975 2522 1157 2594 δῆθεν,
1188 2521 1264 2586 ὡς
1284 2521 1384 2593 τὴν
1422 2521 1605 2575 αἰτίαν
1644 2538 1752 2592 μα-

164 2612 349 2677 θοῦσα,
390 2614 486 2667 καὶ
514 2613 611 2684 τὴν
640 2614 768 2684 περὶ
794 2613 886 2666 τοῦ
916 2613 1129 2666 δικαίου
1183 2612 1480 2666 καταδίκου
1527 2611 1745 2679 ἀπόφα-

169 2721 249 2758 σιν
271 2723 287 2736 ο
317 2701 470 2775 *Αρα
528 2705 582 2758 τί
611 2706 671 2758 τὸ
708 2705 899 2766 αἴτιον,
929 2703 1142 2775 ἄνδρες,
1194 2703 1452 2772 λέγουσα,
1494 2703 1595 2773 τῆς
1651 2703 1745 2756 τοῦ

170 2794 317 2858 ξένου
353 2795 547 2849 τούτου
573 2796 988 2865 κατασχέσεως;
1019 2796 1102 2858 τίς
1130 2795 1176 2848 δ’
1199 2795 1233 2865 ἠ
1265 2795 1386 2849 κατ’
1416 2792 1585 2848 αὑτοῦ
1613 2810 1750 2862 συγ-

169 2889 453 2956 κινηθεῖσα
482 2875 705 2957 σκῆψις,
742 2887 873 2956 περὶ
891 2882 958 2958 ἦς
991 2884 1086 2939 νῦν
1112 2885 1188 2949 ὡς
1211 2887 1508 2949 κατάδικος
1535 2885 1749 2958 κεκρά-

169 2995 326 3048 τηται
362 2979 460 3032 καὶ
509 2967 948 3042 εὐθύνεταιέτίς
997 2979 1030 3048 ἡ
1077 2977 1268 3031 τοῦτον
1307 2977 1750 3041 καταδικάζουσα

171 3068 345 3138 ψῆφος
367 3087 382 3135 ;
415 3069 519 3140 Οἴα
539 3069 668 3139 περὶ
681 3067 843 3122 αὐτὸν
869 3069 919 3120 οἱ
939 3068 1130 3138 κριταὶ
1153 3067 1489 3121 διατίθενται
1509 3067 1708 3142 γνώμῃ
1729 3085 1745 3135 ;

173 3161 302 3214 Τίνα
337 3161 438 3230 τὴν
469 3159 592 3214 κατ’
655 3159 820 3213 αὑτοῦ
855 3158 1182 3228 ἐκφέρουσιν
1224 3158 1540 3226 ἀπόφασιν;
1591 3159 1751 3211 Ἔστι

175 3269 252 3315 τις
286 3252 582 3321 συγνώμης
612 3250 794 3321 βουλὴ,
827 3249 858 3321 ἢ
887 3250 1086 3313 πάντες
1135 3250 1234 3320 τὴν
1261 3248 1618 3318 ἀσύγνωστον
1671 3248 1756 3315 ἐξ·

178 3341 493 3410 ενηνόχασιν
510 3340 848 3409 ἀποτομίαν;
877 3337 1154 3400 Τοιούτοις
1175 3337 1358 3390 τοίνυν
1383 3339 1484 3390 οὐκ
1513 3336 1754 3408 ἀγεννῶς

181 3431 294 3500 μὲν,
322 3431 397 3492 ὡς
439 3431 506 3491 ἂν
542 3431 617 3500 μὴ
647 3427 955 3499 φωραθείη,
993 3427 1297 3497 συμπαθῶς
1332 3427 1390 3480 δὲ
1438 3427 1756 3497 διερωτῶσα

177 3524 283 3584 τοῖς
311 3522 519 3590 λόγοις,
553 3521 652 3592 τὴν
688 3519 835 3572 ἔνδον
864 3519 1251 3590 ἀναπτομένην
1281 3519 1570 3572 ὑπεδείκνυ
1617 3535 1754 3590 κρα-

177 3612 368 3666 τοῦσαν
393 3612 572 3681 φλόγα
595 3631 609 3644 ’
645 3603 797 3682 καὶῇ
831 3613 954 3681 μὲν,
990 3612 1070 3674 είς
1100 3609 1410 3679 τούμφανὲς
1445 3609 1756 3674 ἐξεϐιάζετο

179 3704 476 3774 προϐῆναι·
576 3702 654 3766 δὲ,
687 3701 764 3773 τῷ
790 3702 1086 3772 ἀνυπόπτῳ
1116 3702 1356 3772 σχήματι
1383 3693 1577 3770 βιαίως
1610 3701 1758 3753 ἑπεϊ-

178 3812 266 3864 χεν
294 3811 308 3825 ·
336 3796 397 3848 οὐ
429 3795 494 3848 τὸ
543 3793 787 3846 ἐναυλεῖν
827 3793 968 3863 ὑπὲρ
1005 3793 1252 3846 τοιούτου
1297 3790 1711 3861 παραιτουμένη
1737 3805 1752 3820 ⁶

181 3888 236 3940 τὸ
263 3887 320 3940 δὲ
356 3886 512 3956 παρά
543 3885 742 3956 βουλήν
786 3903 837 3939 τι
869 3883 964 3938 τοῦ
993 3885 1299 3956 πάσχοντος
1325 3883 1402 3956 μὴ
1431 3885 1610 3937 ποιεῖν
1641 3901 1751 3936 πα-

184 3977 653 4050 ραφυλαττομένη.

258 4258 480 4328 Ἐπειδὴ
509 4257 566 4310 δὲ
595 4255 690 4310 καὶ
718 4254 852 4323 πρὸς
885 4254 1116 4309 “suam
1147 4255 1240 4308 καὶ
1277 4255 1529 4327 Ἡρώδην
1565 4273 1745 4326 παρα-

182 4351 520 4422 πεμπομένῳ
577 4347 991 4402 συνακολουθεῖν
1053 4349 1190 4418 αὐτῇ
1229 4349 1439 4419 προσῆν
1496 4349 1739 4418 ἀνάγκη,

1839 521 2118 576 tristitiam
2145 523 2422 577 creabant.
2461 521 2565 587 Qui
2588 523 2733 575 enim
2787 523 3052 590 optimum
3075 521 3269 576 Filium
3315 522 3418 576 Do-

1840 614 2150 682 minumque
2174 628 2200 664 a
2231 613 2477 681 malignis
2503 613 2678 666 servis
2699 612 3175 680 cotttpreltensum,
3193 628 3419 673 agnutn-
3505 613 3517 644 ‘-

1837 721 1943 773 que
1957 705 2138 758 mitem
2154 720 2215 758 ac
2233 705 2571 759 innocentem
2587 706 2653 758 ab
2671 705 2997 758 immanibus
3011 713 3214 758 tentmn
3231 703 3418 756 bestiis

1838 795 2023 850 videre
2048 797 2337 850 sustineret
2363 811 2460 849 :ac
2480 797 2835 863 eumquidem
2865 805 3148 847 mansueta
3177 794 3320 860 ipsos
3355 809 3419 846 ac

1841 885 1943 940 leni
2004 885 2257 940 aﬂ'autem
2294 902 2464 950 voce,
2491 897 2737 940 amentes
2797 892 2976 939 autem
3019 886 3136 939 illos
3179 884 3334 939 ferali
3357 900 3422 937 ac

1842 977 2041 1032 crudeli
2061 977 2299 1032 clamore
2317 992 2379 1030 ac
2400 978 2575 1045 rugitu
2609 975 2945 1030 frementes?
2970 976 3076 1041 Qui
3107 975 3289 1028 animo
3315 977 3383 1028 Ita
3401 1003 3418 1015 -

1844 1064 2242 1129 bebat,Ftlium
2287 1081 2521 1134 sequens
2573 1081 2694 1120 cum
2755 1075 3057 1134 raperetur,
3091 1079 3155 1118 ac
3199 1063 3417 1117 interim

1842 1157 1970 1212 dum
2009 1157 2264 1211 inductus
2310 1157 2597 1210 sisteretur
2646 1171 2710 1210 ac
2767 1155 3126 1224 judicaretur,
3167 1165 3422 1208 constan-

1844 1259 1928 1302 ter
2007 1247 2272 1302 manens?
2330 1247 2611 1313 Quomodo
2695 1247 3086 1315 egredientium
3159 1246 3423 1298 transitus

1845 1339 2133 1409 diligenter
2149 1337 2524 1403 considerans,
2549 1337 2790 1392 omnium
2809 1351 2906 1391 ora
2921 1337 3266 1399 observabat,
3290 1351 3420 1388 num

1845 1429 2248 1499 quodjndicum
2283 1428 2551 1484 sententia
2577 1428 2825 1493 sedisset,
2866 1429 3264 1482 renuntiarent.
3312 1426 3422 1482 Ubi

1846 1531 2024 1576 autem
2086 1523 2369 1574 unanimes
2417 1533 2607 1574 omnes
2643 1518 2696 1572 in
2751 1520 2949 1573 czedem
2983 1519 3248 1572 adversus
3297 1531 3428 1571 eum

1846 1614 2162 1683 conspirare
2192 1612 2424 1674 videret,
2452 1610 2568 1676 ejus
2596 1611 2894 1679 impensius
2927 1610 3225 1678 augebatur
3250 1607 3421 1662 dolor.

1850 1706 2038 1761 Nullus
2068 1705 2213 1759 enim
2255 1711 2382 1758 tunc
2416 1712 2534 1757 erat
2559 1702 2651 1771 qui
2685 1701 2899 1756 veritati
2951 1701 3423 1770 patrocinaretur;

1849 1814 1948 1854 nec
1977 1799 2263 1867 quisquam
2295 1795 2628 1864 vituperans,
2660 1791 2822 1862 quam
2866 1779 3034 1846 Judaei
3105 1790 3424 1861 iniustitiam

1849 1890 2165 1959 peceabant,
2204 1897 2364 1957 atque
2415 1886 2468 1940 in
2501 1885 2677 1940 scelus
2718 1883 3036 1946 inclamans,
3079 1881 3198 1951 ejus
3257 1880 3421 1934 animi

1847 1983 2082 2039 leniebat
2101 1971 2417 2035 tristitiam.
2463 1977 2761 2032 Concilium
2786 1977 3120 2035 universum,
3141 1975 3195 2026 in
3223 1972 3423 2027 caedem

1850 2073 2140 2128 anhelabat
2185 2070 2549 2126 :universum
2617 2068 2857 2136 iniquam
2909 2067 3151 2135 spirabat
3207 2073 3424 2119 senten-

1851 2165 1979 2219 tiam
2015 2180 2029 2218 :
2071 2177 2136 2217 ne
2163 2177 2301 2217 unus
2320 2168 2437 2215 erat
2462 2159 2553 2228 qui
2595 2157 2820 2227 justiti-te
2877 2157 3174 2212 accederet.
3199 2153 3331 2207 Nam
3370 2163 3426 2206 et

1851 2255 2047 2313 sinceri
2091 2254 2188 2324 ipsi
2211 2251 2369 2306 amici
2400 2250 2760 2320 anl‘ugerant;
2794 2247 2884 2302 alii
2917 2256 3096 2301 autem
3127 2259 3236 2315 pra:
3259 2253 3425 2306 metu,

1851 2347 2135 2402 veritatem
2167 2341 2437 2398 celabant.
2467 2339 2608 2406 Quin
2662 2347 2717 2392 et
2744 2337 3129 2406 discipulorum
3181 2350 3244 2388 ac
3287 2333 3426 2387 ami-

1852 2453 2040 2495 corum
2095 2435 2344 2506 princeps
2413 2433 2796 2502 abnegaverat.
2861 2430 2950 2484 Sic
3003 2429 3113 2483 sola
3170 2428 3426 2481 invictum

1855 2527 2020 2582 animi
2055 2528 2222 2580 robur
2250 2538 2500 2588 servans,
2530 2521 2800 2589 rebusque
2847 2518 2984 2572 adeo
3016 2517 3202 2571 arduis
3239 2530 3304 2570 ac
3326 2509 3424 2569 tri-

1851 2625 2024 2678 stibus
2052 2629 2363 2676 constanter
2382 2628 2760 2686 perseverans,
2785 2613 2828 2668 si
2859 2627 2992 2682 quos
3023 2610 3254 2664 leuiores
3277 2624 3304 2661 a
3333 2609 3429 2660 tri-

1851 2713 2033 2770 bunali
2085 2710 2423 2781 egredientes
2497 2706 2743 2769 vidisset,
2803 2702 3242 2780 percontabatur,
3284 2698 3430 2751 velut

1851 2803 2041 2871 utique
2091 2802 2327 2857 docenda
2395 2796 2624 2857 crimen,
2655 2794 2855 2862 quidve
2909 2792 3167 2843 adversus
3223 2788 3427 2856 justum

1853 2909 2005 2951 reum
2037 2887 2314 2949 decretum
2364 2898 2530 2944 esset.
2582 2885 2866 2953 Quanam,
2896 2880 3088 2950 inquit,
3110 2879 3234 2942 viri,
3264 2892 3430 2932 eausa

1854 2995 1957 3052 est,
1998 2993 2058 3039 ut
2094 2983 2182 3038 hic
2217 2981 2539 3052 peregrinus
2570 2986 2752 3032 tentus
2817 2971 3036 3027 luerit?
3070 2971 3352 3035 Quodnam
3379 2967 3426 3019 ei

1857 3074 2166 3143 impositum
2199 3079 2285 3125 est
2318 3069 2550 3130 crimen,
2583 3065 2736 3133 cujus
2765 3079 2908 3118 nunc
2936 3070 3087 3115 reatu
3117 3067 3298 3113 tentus
3324 3069 3428 3119 est,

1859 3166 2089 3234 atquein
2117 3162 2378 3233 judicium
2407 3158 2604 3214 actus?
2649 3156 2894 3223 Quonam
2921 3155 3212 3207 damnatur
3236 3147 3434 3202 ευστα-

1861 3258 1992 3330 gio‘l
2027 3256 2144 3323 Qun
2172 3255 2237 3308 ad
2273 3268 2396 3308 eum
2430 3251 2613 3304 animo
2647 3249 2848 3302 habent
2871 3241 3125 3312 iudices?
3162 3241 3336 3307 Quam
3380 3241 3432 3330 ln

1861 3329 1983 3405 eum
2005 3347 2284 3417 proferunt
2306 3338 2678 3399 sententiam?
2709 3338 2846 3392 Nutu
2875 3336 3014 3389 ullus
3039 3335 3205 3387 venia:
3243 3333 3390 3414 locus
3411 3329 3437 3382 τ

1858 3439 1942 3495 Αη
1998 3453 2188 3493 omnes
2249 3431 2710 3504 indeprecabilem
2772 3431 3005 3498 rigorem
3045 3421 3438 3480 ostendet-unt?

1861 3531 1957 3586 llis
1989 3531 2169 3599 itaque
2191 3539 2255 3580 ac
2276 3526 2545 3580 similibus
2600 3530 2914 3590 percontata
2943 3517 3146 3579 verbis,
3177 3531 3278 3567 nun
3306 3512 3439 3566 mol-

1863 3623 1966 3676 lius
1991 3619 2230 3689 quidem,
2259 3626 2319 3670 ut
2380 3631 2446 3670 ne
2507 3611 3030 3682 deprehenderetur,
3073 3605 3438 3660 miserationis

1863 3723 2044 3768 tamen
2071 3709 2283 3774 aﬂ‘ectu,
2315 3719 2596 3761 accensam
2662 3702 2844 3756 animo
2885 3700 3178 3764 ﬂaminiam,
3207 3714 3327 3766 quae
3360 3707 3438 3749 Ie—

1863 3813 2104 3869 neretur,
2142 3800 2405 3871 prodebat
2439 3815 2452 3852 :
2483 3811 2548 3852 ac
2571 3794 2770 3866 partim
2797 3793 3039 3862 quidem,
3072 3789 3436 3858 compelleba-

1865 3906 1954 3950 tur
1999 3895 2051 3947 in
2080 3891 2348 3962 publicum
2406 3887 2671 3958 proferre,
2721 3885 2912 3955 partim
2968 3893 3026 3937 ut
3076 3881 3437 3950 suSpiciouem
3479 3947 3484 3950 _

1865 3988 2081 4049 vitaret,
2120 3984 2169 4052 vi
2207 3979 2643 4052 comprimebat:
2701 3993 2807 4032 non
2864 3975 3013 4030 velut
3043 3983 3316 4029 certamen
3343 3987 3440 4039 pro

1865 4070 2643 4142 ejusmodidetrectarct;sed
2694 4071 2749 4124 id
2795 4067 3084 4138 diligenter
3133 4079 3350 4127 cavens,
3384 4071 3442 4114 ut

1866 4185 1935 4224 ne
1973 4168 2102 4238 quid
2125 4174 2320 4236 praeter
2353 4163 2639 4217 morientis
2666 4160 3001 4217 voluntatem
3028 4157 3249 4212 laceret.

1938 4260 2075 4326 Quia
2107 4267 2288 4312 autem
2315 4268 2534 4310 necesse
2567 4261 2708 4320 erat,
2744 4261 2804 4307 ut
2857 4251 3021 4306 etiam
3055 4248 3440 4304 transmissum

1867 4351 1936 4406 ad
1963 4349 2193 4404 Pilatum
2243 4361 2305 4401 ac
2335 4345 2598 4400 Herodem
2659 4350 3048 4405 assectaretur,
3083 4355 3191 4410 qua
3227 4339 3440 4393 ferebat

183 4444 292 4506 πῶς
323 4444 491 4513 έφερε
523 4440 921 4511 περιαγόμενον
952 4440 1116 4493 αὐτὸν
1137 4441 1213 4499 ὡς
1235 4439 1549 4510 κακοῦργον
1575 4441 1708 4510 ὁρᾷν
1731 4458 1746 4506 ;

1873 4451 2052 4498 mente
2081 4441 2265 4494 videns
2291 4437 2584 4504 circumagi
2618 4446 2676 4489 ut
2705 4433 3057 4489 maleficum?
3090 4432 3209 4498 Quo
3249 4445 3441 4499 precer

185 4534 313 4607 ῐῐοίᾳ
336 4535 489 4603 ψυχῇ
530 4532 896 4602 διεκαρτέρει,
926 4532 1020 4584 νῦν
1052 4532 1150 4601 μὲν
1191 4531 1427 4602 δημοσία
1481 4548 1756 4601 κατακρι-

1858 4534 2232 4594 animovidere
2255 4539 2619 4600 poteratnunc
2637 4528 2850 4598 quidem
2885 4525 3096 4596 publice
3134 4524 3444 4576 damnatum

186 4623 428 4691 νόμενον·
468 4623 562 4675 καὶ
618 4622 1053 4692 μαστιγούμενον
1103 4620 1347 4689 βλέπειν,
1393 4619 1490 4674 νῦν
1539 4621 1596 4674 δὲ
1652 4621 1757 4674 ὑπὸ

1859 4644 1922 4684 ac.
1949 4618 2173 4693 ﬂagellis
2199 4635 2437 4686 caesum;
2471 4633 2614 4673 nunc
2651 4628 2833 4672 autem
2870 4632 2899 4671 a
2929 4614 3152 4670 militari
3187 4627 3444 4682 compre-

187 4711 539 4780 στρατιωτῶν
565 4711 1150 4782 παραλαμϐανόμενον,
1187 4711 1282 4762 καὶ
1335 4709 1406 4762 τὰ
1449 4710 1623 4780 μυρία
1659 4714 1761 4781 τῆς

1857 4719 2086 4773 hensum
2123 4726 2306 4773 manu,
2347 4711 2736 4776 iunumeraque
2765 4708 2834 4762 ab
2860 4722 3048 4762 eorum
3097 4706 3298 4760 malitia
3331 4719 3460 4758 sus-r

188 4804 413 4864 ἀτοπίας
465 4801 746 4871 πάσχοντα
775 4799 868 4854 καὶ
899 4797 1230 4869 παιζόμενον
1258 4817 1273 4866 ;
1330 4798 1480 4861 ὅπως
1513 4799 1574 4851 τὸ
1620 4799 1759 4863 ζωο-

1863 4809 2122 4864 tinentem
2144 4800 2466 4872 upprobria?
2489 4799 2578 4865 Ut,
2611 4800 2858 4867 inquam,
2888 4798 3102 4851 vivilica
3138 4796 3225 4848 illa
3258 4794 3447 4856 facics‘,

188 4894 328 4946 ποιὸν
353 4895 538 4947 έκεῖνο
577 4891 889 4961 πρόσωπον,
918 4889 986 4944 τὰ
1021 4890 1230 4960 βέϐηλα
1272 4888 1599 4960 κατεδέχετο
1647 4890 1760 4944 τῶν

187 4986 420 5040 ἀνοσίων
461 4982 861 5053 ὲμπτύσματαξ²
896 4982 1013 5044 πῶς
1047 4981 1262 5052 διήρκει
1293 4982 1522 5052 θεωρεῖν
1550 4981 1767 5044 τοὺςτά

191 5077 360 5129 πάντα
421 5073 727 5144 θεωμένους
774 5073 1352 5143 περικαλυπτομένους
1411 5072 1764 5142 ὀφθαλμού;;

191 5166 354 5218 Τοῦτο
395 5165 502 5234 γάρ
530 5165 645 5215 ἐστι
677 5162 760 5228 τὸ,
789 5162 1220 5233 Κολαφὶζεσθαι
1245 5179 1257 5192 ·
1293 5164 1550 5232 ἐτέρους
1582 5180 1646 5216 τε
1669 5180 1770 5220 και

195 5257 259 5310 τὰ
288 5259 403 5326 τῆς
427 5259 635 5324 κόρης,
671 5256 766 5309 καὶ
803 5255 911 5325 τῆς
929 5258 1230 5326 παναγίας
1262 5258 1552 5322 παίοντας
1589 5273 1769 5325 κερα-

196 5350 304 5418 λῆς
353 5347 686 5420 ὲμπαιγτιιῷ,
727 5348 813 5412 τὸ,
851 5349 1290 5418 Προφήτευσον
1328 5349 1490 5417 ἡμῖν,
1535 5348 1769 5417 Χριστὲ,

201 5439 726 5512 προσφωνοῦντας.
775 5440 900 5504 Πῶς
938 5441 1182 5511 κορυφὴν
1225 5445 1291 5511 ἢν
1335 5441 1545 5505 ἔσεϐεν,
1585 5445 1650 5511 ἣν
1697 5443 1774 5505 ὡς

204 5533 541 5606 Δημιουργοῦ
575 5535 669 5587 καὶ
698 5532 828 5586 Υἰοῦ
854 5534 1246 5604 καταφιλοῦσα,
1299 5535 1647 5605 προσεκύνει,
1682 5535 1772 5588 τὸν

277 5710 318 5742 ³⁸
344 5711 533 5767 Matth.
564 5726 713 5776 xxvi,
738 5709 828 5777 67,
847 5708 942 5773 68°,
977 5705 1136 5761 Marc.
1161 5722 1267 5768 λιν,
1295 5707 1380 5760 (35.

1870 4896 2092 4967 profana
2133 4895 2402 4962 reciperet
2435 4885 2790 4944 scclestorum
2826 4889 3102 4944 hominum
3129 4895 3308 4954 sputa.
3345 4884 3448 4948 Qui

1877 5004 2006 5058 rogo
2026 4998 2218 5056 potens
2240 4987 2404 5040 animi
2427 4992 2544 5038 erat
2575 4993 2635 5038 ut
2663 4983 2849 5038 oculos
2893 4980 3071 5034 omnia
3104 4987 3445 5040 conluettles,

1876 5083 1994 5135 velo
2041 5088 2388 5133 contueretur
2440 5075 2743 5130 obductos?
2774 5073 2885 5125 Hoc
2935 5073 3084 5126 enim
3141 5071 3267 5123 illud
3301 5067 3444 5121 vult:

1870 5172 2116 5242 Colaphis
2147 5171 2315 5234 credi;
2343 5165 2937 5234 aliosquepercutientes
2978 5177 3160 5232 genas,
3214 5174 3276 5212 ac
3321 5174 3448 5212 san-

1871 5267 2155 5320 ctissimum
2184 5271 2338 5331 caput
2372 5259 2602 5313 ludibrio
2637 5255 2930 5309 acclamare
2954 5271 2972 5308 :
3001 5253 3311 5321 Prophetiza
3353 5267 3448 5304 no-

1875 5355 1974 5418 bis,
2021 5353 2228 5408 Christe
2251 5352 2316 5406 ⁵⁸.
2351 5349 2632 5416 Quomodo
2683 5357 2845 5415 caput
2886 5346 3012 5398 illud
3056 5344 3197 5414 quml
3228 5358 3452 5399 venera-

1875 5447 2003 5499 tioni
2039 5445 2314 5507 habebat;
2348 5440 2488 5509 quod
2521 5439 2665 5492 velut
2719 5436 3000 5492 Creatoris
3038 5453 3101 5490 ac
3133 5435 3258 5489 Filii
3293 5447 3451 5503 caput

1875 5538 2126 5592 osculans
2181 5534 2437 5590 adorabat
2480 5551 2492 5588 :
2544 5532 2732 5604 spinea
2785 5545 2984 5586 corona
3018 5528 3328 5585 obciuctum
3387 5539 3452 5580 ac
