3948 6162
429 305 564 374 1471

1553 310 1869 372 GEORGII
1912 313 2506 374 NICOMEDIENSIS

3536 315 3557 378 1
3569 317 3666 379 472

427 420 546 489 Quo
574 427 626 495 te
651 417 885 474 nefando
911 433 1068 483 ausu,
1088 403 1467 495 universorum
1491 420 1681 483 vitam,
1714 408 1997 474 homicida:

2102 423 2280 493 ἀπαθῆ
2308 422 2414 491 ,μὲν
2451 422 2685 490 θεότητι,
2720 423 2968 495 παθητὴν
3015 427 3071 479 δὲ
3126 426 3290 495 σαρκι
3342 425 3408 478 δι’
3452 427 3660 479 οικονο.
3751 405 3769 419 ’

328 548 345 570 .-
427 493 1105 585 εοιροτιιιίιειῄοεεὶὰιιιιιῖ
1137 510 1334 575 Vitam,
1363 509 1606 577 inquam,
1637 509 1839 565 deitate
1870 511 1993 579 qui-

332 590 339 615 ⁷
428 604 548 658 dem
588 601 973 664 immortalem,
1022 599 1309 656 mortalem
1356 608 1534 654 autem
1568 615 1734 656 carne
1781 611 2001 670 propter

427 694 813 750 oeconomiam.
882 691 1123 760 Quorum
1178 705 1209 744 a
1257 699 1309 745 te
1366 689 1633 746 scelerum
1716 694 1998 762 exigentes

427 800 638 854 poenas,
686 786 926 855 iniquam
989 783 1250 838 adversus
1297 790 1350 837 te
1394 798 1581 839 necem
1615 784 1786 838 moliti
1836 785 2001 839 sunt?

429 878 586 944 Quod
631 879 780 945 jnste
832 876 1051 953 crimen
1084 874 1453 943 vindicantes,
1510 876 1843 932 horrendum
1896 879 1999 932 hoc

425 968 792 1039 spectaculum
808 965 1207 1020 evbibuerunt?
1237 963 1399 1021 Sicne
1460 981 1560 1034 pro
1584 969 1794 1038 magnis
1821 969 1995 1023 vicem

425 1060 565 1115 hanc
605 1057 1056 1126 excogitaverunt
1085 1057 1405 1112 beneﬂciis?
1430 1058 1652 1123 Hiecne,
1687 1073 1799 1128 prae
1827 1059 1994 1114 innu-

424 1148 773 1205 merabilibus
822 1146 1001 1212 bonis,
1036 1146 1260 1217 ipsoque
1289 1147 1580 1203 creationis
1610 1163 1674 1203 ac
1696 1162 1999 1206 conserva-

425 1241 589 1296 tiouis
663 1238 968 1308 rependunt
1036 1239 1302 1293 munere?
1364 1238 1512 1293 Tene
1574 1239 1835 1294 occidunt
1899 1256 1997 1308 pro

424 1334 655 1389 mortuis
694 1349 830 1403 quos
855 1334 1171 1391 suscitasti?
1202 1335 1306 1390 Pro
1331 1335 1398 1390 iis
1425 1336 1598 1391 oculis
1621 1351 1758 1406 quos
1790 1336 1992 1391 illumi-

426 1425 591 1489 nasti,
638 1426 692 1481 id
736 1425 918 1481 studio
963 1436 1152 1496 agunt,
1188 1426 1595 1497 uticorporales
1637 1437 1759 1483 tuos
1806 1427 1995 1485 oculos

422 1516 717 1571 claudant?
758 1516 865 1572 Pro
907 1517 1091 1573 multis
1140 1517 1253 1573 illis
1296 1518 1691 1583 sanationibus,
1743 1527 1831 1573 tua
1858 1520 1989 1573 mihi

420 1607 730 1663 desiderata
762 1608 1002 1663 membra
1055 1606 1433 1676 perfoderunt.
1481 1608 1587 1663 Pro
1629 1623 1694 1663 eo
1739 1612 1882 1678 quod
1916 1610 1995 1666 le-

426 1712 616 1763 prosos
664 1696 941 1752 maculosa
988 1693 1353 1764 deformitate,
1401 1710 1562 1765 quam
1612 1697 1781 1752 vestis
1818 1699 1994 1753 instar

2105 512 2272 587 tam;
2328 513 2500 566 Τίνων
2534 514 2892 585 ἀδικημάτων
2946 517 3279 581 ἀντέκτισιν,
3336 516 3429 568 τὸν
3481 512 3666 568 ἄδικον

2099 604 2517 673 ἐμηχανήσαντο
2596 606 2737 659 κατά
2799 606 2891 659 σοῦ
2959 608 3155 675 φόνον;
3223 608 3386 669 ποίας
3445 605 3665 669 δικαίας

2099 692 2386 762 εἴσπραξιν
2432 694 2606 762 δίκης,
2661 695 2723 747 τὸ
2769 696 2997 766 φρικτὸν
3041 696 3201 749 τοῦτο
3249 696 3667 766 συνεστήσαντο

2100 783 2320 855 θέαμα;
2365 787 2510 838 Ἀντὶ
2548 785 2652 838 τῶν
2697 788 2948 855 μεγάλων
2968 782 3124 840 ταῦθ’
3168 787 3480 856 ὑπενόησαν
3511 787 3670 856 εύερ-

2098 877 2332 944 γεσιιῖιν;
2381 878 2522 929 Ἀντὶ
2550 878 2757 948 μυρίων
2791 878 3038 943 ἀγαθῶν,
3068 878 3164 930 καὶ
3205 875 3310 946 τῆς
3353 876 3454 928 τοῦ
3505 878 3667 944 γενέ-

2100 966 2222 1021 σθαι
2280 968 2376 1023 κοιλ⁴
2437 969 2711 1039 διαμένειν
2755 969 2978 1039 χάριτος
3024 968 3231 1035 ταῦτας
3314 965 3490 1038 Ὑπὲρ
3558 968 3667 1019 τῶν

2096 1060 2440 1114 ἀναστάντων
2482 1078 2539 1113 σε
2569 1060 2858 1115 θανατοῦσι
2894 1060 3140 1131 νεκρῶν;
3182 1060 3358 1136 Ὑπὲρ
3406 1061 3517 1114 τῶν
3549 1077 3658 1127 φω-

2096 1151 2386 1205 τισθέντων
2431 1151 2744 1221 ὀφθαλμῶν,
2795 1151 2922 1214 τοὺς
2966 1150 3314 1219 σωματικούς
3357 1168 3454 1203 σου
3488 1149 3663 1220 μύσαι

2096 1242 2560 1296 κατασπεύδουσιν
2600 1240 2960 1311 ὀφθαλμούςς
3008 1241 3132 1294 ἀντὶ
3163 1240 3376 1293 πολλῶν
3415 1241 3669 1309 ἰαμάτων

2093 1337 2163 1388 τὰ
2195 1335 2419 1389 ποθεινὰ
2453 1352 2542 1405 μοι
2592 1333 2945 1405 κατέτρωσάν
2976 1349 3069 1385 σου
3109 1332 3248 1403 μέλη
3286 1351 3301 1398 ;
3364 1332 3512 1385 Ἀντὶ
3563 1332 3668 1400 τῆς

2094 1423 2577 1499 ἀπαμψιασθείσης
2592 1424 2699 1476 τῶν
2722 1423 3098 1477 καταστίκτων
3120 1424 3341 1493 λεπρῶν
3360 1422 3666 1494 ἀμορφίας,

2095 1519 2415 1589 ὲγύμνωσάν
2450 1534 2507 1584 σε
2540 1517 2600 1568 τὸ
2633 1514 2968 1584 γλυκύτατόν
2995 1532 3084 1585 μοι
3121 1516 3324 1583 φέγγος
3349 1531 3361 1545 ·
3410 1514 3670 1584 ἐγύμνω-

2097 1626 2197 1661 σαν
2247 1609 2339 1661 τὸν
2385 1606 2493 1676 τῆς
2550 1605 2898 1673 δικαιοσύνης
2955 1604 3137 1675 ἥλιον·
3216 1604 3553 1674 ἐγύμνωσαν
3604 1602 3670 1655 τὸ

2095 1697 2426 1768 ὡραιότατον
2497 1713 2587 1767 μοι
2657 1693 3112 1763 ἑγκαλλώπισμα.
3166 1694 3454 1762 Ἔτρωνῖαν
3519 1692 3663 1763 μέλη

425 1786 598 1840 induti
640 1794 849 1853 essent,
901 1785 1143 1852 nudasti,
1180 1794 1231 1840 te
1276 1764 1621 1841 nudaverunt
1664 1785 1828 1854 jubar
1857 1786 1988 1841 mihi

2102 1764 2188 1839 τοῦ
2250 1764 2513 1855 ἄχραντον
2544 1770 2671 1854 ’τὴν
2708 1783 2846 1852 ἐμὴν
2909 1782 3344 1853 διατηρήσαντος
3392 1783 3622 1851 ἁγνείαν
3648 1820 3667 1845 ,

418 1868 797 1933 «ξυιοίεεῖιιιιιιιι
834 1894 847 1930 :
881 1876 1223 1949 nudaverunt
1264 1875 1489 1946 iustitiae
1539 1874 1719 1931 Solem
1771 1892 1785 1929 :
1816 1875 1989 1930 nuda-

424 1978 618 2024 verunt
680 1969 846 2024 decus
904 1966 1038 2022 mihi
1092 1964 1569 2022 formosissimum.
1622 1966 1993 2023 Terebrarunt

2092 1874 2187 1928 τοῦ
2208 1873 2461 1943 ἀλώὸητα
2490 1872 2590 1941 τῆς
2622 1870 2920 1942 παρθενὶας
2947 1872 3040 1925 καὶ
3064 1873 3436 1944 καθαρότητος
3468 1873 3671 1942 διαφυ-

2094 1966 2353 2034 λάξαντος
2390 1967 2696 2036 σήμαντρα.
2746 1985 2765 2017 ι

419 2060 569 2115 illius
599 2061 862 2125 membra,
899 2059 991 2129 qni
1037 2072 1210 2114 mcam
1291 2058 1596 2114 castitatem
1647 2058 2025 2116 intemeratam
2066 2060 2338 2126 servavit;
2391 2059 2483 2129 qui
2521 2060 2852 2130 virginitatis
2919 2076 2984 2116 ac
3031 2060 3278 2131 puritatis
3325 2074 3459 2116 mea:
3495 2059 3669 2115 illas:

428 2147 705 2220 signacula
731 2146 918 2201 voluit.
964 2163 984 2197 ι

497 2259 517 2293 ι
570 2240 785 2298 Utinam
814 2260 942 2301 vero
976 2245 1187 2315 liceret,
1234 2257 1324 2303 tua
1367 2249 1422 2303 in
1468 2265 1575 2318 me,
1611 2250 1736 2315 Fili,
1785 2251 1992 2306 crucia-

416 2341 603 2386 menta
629 2335 909 2404 recipere!
955 2337 1174 2394 Utinam
1200 2340 1344 2395 clavi
1377 2340 1452 2395 illi
1486 2341 1623 2396 meis
1662 2351 1884 2410 possent
1911 2341 1994 2398 in-

422 2421 509 2489 Iigi
549 2423 842 2480 membris!
884 2424 1102 2483 Utinam
1145 2440 1541 2488 tormentorum
1585 2439 1798 2487 tuorum
1843 2432 1996 2489 dolo-

418 2529 512 2568 res
553 2515 608 2568 in
650 2532 771 2572 meo
806 2519 921 2587 ipsa
970 2522 1297 2579 sustinerem
1345 2526 1605 2594 corpore!
1653 2525 1811 2581 Esset
1850 2525 1993 2581 forte

423 2604 723 2664 tolerabilis
751 2612 933 2668 cordis
958 2614 1108 2668 dolor
1143 2633 1158 2670 :
1191 2630 1332 2671 nunc
1362 2616 1643 2671 enimvero
1674 2616 1990 2671 intolerabi-

396 2689 489 2749 ‘lia
524 2709 649 2752 sunt
673 2701 720 2753 ei
751 2700 982 2771 impacta
1014 2704 1147 2773 tela;
1182 2707 1351 2760 animi
1386 2707 1541 2761 dolor
1568 2714 1887 2772 tantusest,
1924 2715 1985 2761 ut

419 2785 644 2843 minime
674 2788 802 2845 ferri
833 2794 1022 2859 possit.
1055 2793 1133 2848 Tu
1156 2797 1354 2867 quippe
1383 2797 1554 2865 doles,
1586 2813 1703 2853 mea
1728 2800 1940 2855 viscera
1973 2816 1987 2853 :

425 2888 476 2930 tn
501 2878 678 2947 proles
714 2882 1006 2948 occideris,
1037 2899 1131 2955 per
1156 2902 1319 2955 quant
1343 2889 1475 2943 mihi
1504 2894 1720 2944 constat
1747 2890 1983 2945 halitus:

424 2969 700 3038 jugularis,
732 2980 784 3028 tn
821 2974 952 3028 mihi
990 2976 1298 3044 unigenitus
1346 2976 1539 3036 Filius.
1567 2980 1611 3035 Ο
1648 2975 1824 3034 (ﬁrunt
1851 2979 1989 3034 faci-

424 3077 437 3113 l
465 3062 553 3114 us!
594 3060 816 3128 Occide,
842 3065 942 3131 sol,
970 3067 1060 3135 qui
1088 3084 1264 3123 meum
1292 3086 1355 3124 ac
1386 3072 1567 3125 mundi
1599 3071 1777 3127 lumen
1797 3087 1992 3141 corpo-

419 3151 615 3207 ialiler
663 3156 913 3212 occidere
971 3160 1178 3215 videas.
1237 3161 1430 3229 llorre,
1476 3164 1704 3230 cmlnm,
1745 3164 1996 3233 tristique

428 3241 611 3295 habitu
669 3241 960 3321 lamentum
990 3247 1121 3302 mihi
1150 3259 1336 3306 mutuo
1365 3252 1511 3321 agita
1537 3270 1549 3305 :
1585 3252 1727 3322 lnge,
1759 3268 1996 3307 commu-

427 3334 514 3387 nis
539 3331 747 3389 Domini
780 3344 967 3392 necem
998 3339 1371 3397 considerans.
1409 3343 1486 3397 Ne
1517 3354 1595 3408 ιιι,
1635 3355 1802 3409 terra,
1834 3352 1994 3399 aeter-

429 3437 730 3495 norumque
777 3424 1248 3484 fundamentorum
1280 3431 1468 3495 basis;
1502 3448 1569 3487 ne
1603 3443 1834 3501 montes,
1883 3434 1995 3489 sal-

429 3522 623 3580 tnsque
641 3512 761 3568 lene
780 3515 1013 3572 tuleritis
1033 3518 1272 3589 iniquam
1297 3523 1518 3575 eadem.
1535 3521 1994 3592 Commovemini,

429 3601 639 3656 inferna
676 3622 688 3658 :
722 3605 924 3662 luctum
951 3624 1074 3679 age,
1119 3620 1399 3681 pratorum
1435 3612 1688 3669 universa
1707 3622 1993 3670 venustas:

430 3709 553 3748 nam
592 3711 721 3751 ecce
760 3698 851 3769 qui
887 3702 1153 3757 varietate
1204 3702 1397 3758 ﬂorum
1441 3716 1696 3767 ornatum
1743 3706 1995 3772 contulit,

428 3784 787 3853 ignominiose
820 3784 872 3844 in
905 3790 1052 3860 ligno
1082 3794 1314 3861 pendet;
1346 3794 1437 3864 qui
1467 3793 1659 3850 ﬂorum
1690 3797 1998 3852 suaveolen-

430 3876 563 3929 tium
594 3880 837 3935 venustis
878 3881 1151 3937 coloribus
1182 3883 1432 3939 decorem
1478 3874 1749 3953 adhibuit,
1783 3886 2000 3943 indeco-

433 3983 525 4023 rus
549 3983 614 4025 ac
647 3971 884 4041 speciem
934 3987 1041 4028 non
1085 3974 1292 4031 habens
1330 3991 1437 4046 qua
1493 3975 1656 4033 homo
1705 3994 2001 4049 suspensus

429 4068 513 4112 est
537 4078 551 4114 :
579 4075 726 4129 vera,
763 4064 1014 4132 inquam,
1052 4064 1141 4120 illa
1183 4066 1550 4137 pulchritudo,
1603 4070 1810 4139 species
1842 4070 1999 4124 inva-

398 4148 657 4216 _riabilis,
692 4163 949 4221 perpetua
979 4154 1296 4224 iucunditas
1332 4156 1538 4213 Matris.
1583 4177 1600 4210 ι

507 4257 526 4290 ι
572 4238 661 4306 At,
687 4255 720 4295 ο
748 4241 868 4307 Fili,
894 4243 1164 4299 dulciores
1194 4244 1432 4300 deliciae!
1466 4244 1510 4300 0
1541 4228 1674 4300 meae
1706 4246 1996 4300 incolumi-

432 4340 517 4386 tas
541 4334 772 4387 animael
827 4333 980 4390 Nunc
1023 4335 1159 4402 sola,
1194 4336 1599 4392 venerabilibus
1632 4339 1738 4392 tuis
1785 4338 2000 4393 crucia-

2167 2269 2184 2301 t
2231 2248 2370 2303 Ἀλλ’
2420 2249 2530 2302 εἴθε
2581 2267 2672 2318 μοι
2719 2249 2787 2303 τὰ
2812 2249 2900 2314 σὰ,
2936 2247 3148 2313 τέκνον,
3204 2244 3272 2318 ἦν
3304 2248 3671 2314 ἀναδέξασθαι

2089 2339 2269 2410 πάθηί
2300 2340 2413 2393 εῐθε
2454 2341 2582 2403 τοὺς
2604 2340 2769 2411 ἥλους
2817 2343 2874 2394 ἐν
2903 2343 3014 2402 τοῖς
3041 2342 3194 2408 ὲμοίς
3241 2335 3308 2411 ἦν
3343 2343 3670 2410 ὲμπαρῆναι

2091 2432 2336 2502 μέλεσινε
2380 2430 2490 2484 εἴθε
2524 2431 2623 2495 τὰς
2671 2433 2780 2484 τῶν
2813 2430 3036 2499 σψαγῶν
3070 2431 3261 2495 ὀδύνας
3321 2433 3379 2482 ἐν
3428 2430 3509 2500 τῷ
3548 2430 3671 2509 ἐμῷ

2089 2522 2330 2593 ὑπέστην
2356 2521 2607 2593 σώματιῐ
2648 2524 2741 2576 καὶ⁵
2780 2521 2921 2591 τάχα
2961 2520 3027 2575 ἂν
3060 2522 3300 2591 φορητὸν
3369 2515 3438 2592 ἦν
3467 2521 3529 2575 ea
3565 2521 3670 2590 τῆς

2090 2613 2321 2684 καρδίας
2383 2614 2578 2682 ἀλγος·
2633 2613 2728 2668 νῦν
2770 2613 2829 2668 δὲ
2880 2614 3186 2667 ἀνύποιστά
3246 2615 3365 2665 ἐστι
3424 2613 3496 2666 τὰ
3543 2613 3673 2666 κατ’

2088 2705 2257 2775 αὐτῆς
2303 2705 2629 2774 ὲμπαγέντα
2679 2703 2850 2774 βέλη·
2911 2686 3187 2775 ἀφόρητος
3240 2705 3273 2772 ἡ
3333 2704 3434 2773 τῆς
3485 2703 3671 2773 ψυχῆς

2089 2793 2271 2864 ὀδύνη.
2323 2796 2395 2848 Σὺ
2450 2795 2559 2866 γὰρ
2612 2795 2671 2847 τὸ
2739 2795 2871 2863 ἐμὸν
2906 2794 3066 2862 ὀδυνᾷ
3102 2792 3444 2862 σπλάγχνον·
3480 2793 3545 2845 σὺ
3607 2794 3670 2845 τὸ

2087 2882 2186 2953 τὴν
2220 2883 2387 2953 πνοὴν
2444 2900 2534 2954 μοι
2588 2880 2938 2952 διακρατοῦν,
2983 2882 3205 2952 ἀναιρῇ,
3244 2880 3437 2952 κύημα
3461 2896 3476 2911 ·
3512 2882 3578 2934 σὺ
3606 2880 3673 2933 τὸ

2092 2973 2378 3043 μονογενὲς
2401 2991 2488 3043 μοι
2519 2971 2797 3043 σφαγιάζῃ
2831 2971 3056 3024 Τέκνον.
3090 2972 3154 3024 Ὢ
3187 2970 3432 3042 πονηροῦ
3464 2971 3671 3042 τολμή-

2105 3064 2307 3132 ματοςῑ
2339 3060 2517 3128 δῦσον,
2543 3062 2681 3132 ἥλιε,
2717 3062 2779 3113 τὸ
2815 3061 2948 3129 ἐμὸν
2979 3062 3070 3114 καὶ
3106 3061 3197 3113 τοῦ
3233 3061 3445 3130 κόσμου
3478 3077 3671 3129 σωμα-

2095 3154 2261 3216 τικῶς
2290 3153 2548 3224 δυόμενον
2599 3151 2851 3224 καθορῶν
2882 3154 3016 3222 φῶς.
3063 3151 3279 3222 Φρίξον,
3312 3152 3532 3222 οὺρανὲ,
3572 3151 3672 3203 καὶ

2094 3245 2174 3315 τῷ
2203 3248 2440 3316 κατηφεῖ
2473 3245 2711 3315 σχήματι
2738 3228 2741 3231 ἱ
2764 3244 3118 3314 συνερανιζου
3167 3260 3259 3312 μοι
3296 3243 3389 3295 τὸν
3414 3242 3619 3313 θρῆνον
3654 3259 3670 3272 ·

2096 3338 2364 3405 πένθησον
2406 3337 2506 3406 τὴν
2543 3336 2634 3390 τοῦ
2674 3335 2854 3389 κοινοῦ
2900 3335 3170 3387 Δεσπότου
3201 3333 3486 3386 κατανοῶν
3532 3350 3674 3402 σφα-

2097 3429 2222 3499 γήν.
2260 3425 2331 3480 Ὦ
2358 3429 2453 3497 γῆ,
2506 3430 2601 3482 καὶ
2648 3428 2914 3498 θεμελίων
2955 3427 3186 3479 αἰωνίων
3225 3425 3402 3493 βάσις,
3459 3424 3563 3493 δρη
3613 3441 3677 3476 τε

2098 3520 2195 3572 καὶ
2215 3518 2407 3577 νάπαι,
2450 3516 2523 3588 μὴ
2569 3518 2757 3587 πράως
2796 3516 2889 3568 τὸν
2929 3514 3113 3570 ἄδικον
3167 3514 3449 3581 ἐνέγκοι-δε
3485 3513 3671 3580 φόνον.

2097 3607 2370 3678 Δονήθητε
2418 3606 2746 3675 καταχθόνια
2777 3621 2791 3635 ·
2853 3602 3292 3676 συσκυθρώπαξέ
3356 3619 3470 3671 μοι,
3524 3603 3678 3654 πᾶσα

2099 3698 2402 3770 τερπνότης
2434 3696 2739 3768 λειμώνων.
2795 3698 2923 3752 Ἰδοὺ
2972 3697 3081 3767 γὰρ
3106 3698 3134 3748 ὁ
3167 3698 3280 3757 τοῖς
3310 3693 3582 3756 ποικίλοις
3615 3709 3674 3745 σε

2099 3794 2533 3861 κατακοσμήοας
2557 3788 2798 3853 ἄνθεσιν,
2831 3787 3183 3858 ἠτιμωμένος
3230 3787 3323 3837 ἐπὶ
3355 3783 3517 3849 ξύλου
3542 3784 3674 3852 κρέ-

2103 3898 2270 3954 μαται
2303 3898 2317 3911 ·
2348 3883 2376 3933 ὁ
2404 3883 2523 3942 ταῖς
2550 3877 2870 3949 μυριπνόοις
2911 3874 3188 3945 εὐχροξαις
3247 3890 3307 3926 σε
3347 3870 3679 3944 περικαλλύ-

2099 3989 2218 4037 νας,
2250 3969 2491 4040 ἀκαλλὴς
2516 3970 2610 4023 καὶ
2630 3969 2866 4031 ἀνείδεος
2891 3969 3194 4036 ἀνήρτηται
3214 3963 3293 4032 τῷ
3322 3963 3675 4032 ἀνθρωπίνῳ·

2100 4061 2161 4114 τὸ
2193 4058 2477 4114 ἀνόθευτον
2513 4059 2706 4121 κάλλος
2725 4098 2738 4120 ,
2783 4059 2816 4127 ἡ
2872 4057 3229 4118 ἀναλλοίωτος
3255 4054 3557 4124 ὠραιότης,
3585 4053 3679 4105 καὶ

2105 4152 2204 4221 τῆς
2227 4151 2492 4220 τεκούσης
2535 4151 2792 4219 διηνεκὴς
2825 4149 3148 4220 τερπνός-ης.
3182 4164 3200 4197 ι

2180 4260 2199 4293 ι
2233 4241 2396 4303 Ἀλλ’,
2455 4235 2500 4293 ὦ
2557 4239 2780 4309 γλύκιον
2810 4242 3039 4293 Τέκνονῑ
3077 4234 3147 4289 Ὦ
3173 4235 3351 4307 ψυχῆς
3384 4236 3480 4304 τῆς
3537 4231 3681 4304 ἐμῆς

2099 4333 2362 4404 διαμονήῑ
2394 4332 2509 4386 Νῦν
2571 4350 2666 4386 σου
2734 4333 2867 4403 μόνη
2919 4331 3027 4383 τῶν
3087 4331 3285 4400 τιμίων
3333 4327 3685 4396 ύπερπάσχω

435 4416 631 4477 mentis
661 4421 1261 4487 aﬂ‘ecta,crucior:sola
1286 4429 1596 4483 acerbiores
1631 4428 1841 4484 dolores
1860 4424 1996 4483 'tuos

2104 4426 2293 4480 παθῶν
2318 4444 2331 4457 ·
2365 4430 2499 4498 μόνη
2527 4426 2889 4498 σφοδροτέρας
2918 4442 3011 4477 σου
3042 4425 3142 4486 τὰς
3165 4422 3354 4484 ὀδύνας
3382 4422 3440 4472 ἐν
3466 4423 3535 4491 τῇ
3566 4421 3675 4489 ἐμῇ

434 4512 489 4565 in
518 4522 735 4580 pectore
762 4529 881 4570 meo
913 4517 1135 4585 recipio.
1164 4517 1330 4572 Nemo
1352 4519 1497 4573 enim
1521 4529 1623 4583 est,
1648 4520 1737 4588 qui
1763 4520 1996 4574 tristium

434 4602 566 4658 inihi
599 4605 669 4658 sit
704 4608 1006 4676 particeps;
1045 4624 1205 4663 nemo
1236 4610 1328 4680 qui
1367 4626 1576 4665 mecum
1609 4612 1829 4666 vulnera
1863 4591 2002 4665 divi-

434 4696 549 4748 dat.
600 4692 920 4762 Quanquam
964 4699 1255 4751 astantium
1300 4698 1499 4767 aliquis
1545 4709 1767 4769 propter
1801 4701 2001 4754 eadem

435 4783 602 4851 dolet,
646 4784 789 4839 haud
820 4796 998 4840 tamen
1046 4786 1135 4841 ille
1166 4798 1220 4841 ut
1266 4799 1511 4844 materna
1541 4790 1721 4845 doleat
1755 4791 1999 4859 viscera;

436 4890 542 4929 non
574 4883 631 4929 ut
652 4883 858 4931 naturae
905 4887 1138 4944 punctus
1165 4880 1407 4947 aculeis;
1438 4896 1542 4934 non
1569 4892 1626 4934 ut
1655 4881 1856 4951 duplici
1883 4885 2007 4936 'cha-

437 4968 616 5024 ritatis
657 4969 777 5038 igni-
793 4971 1019 5035 adesus;
1055 4981 1115 5025 ut
1152 4987 1258 5026 non
1296 4971 1605 5041 duplicibus
1633 4989 1695 5026 ac
1726 4973 2005 5028 violentis-

436 5064 593 5119 siniis
625 5065 851 5119 nexibus
892 5065 1222 5136 implicatus.
1254 5068 1346 5123 Dei
1386 5082 1619 5136 namque
1657 5068 2005 5123 immutabilis

439 5156 660 5223 verique
693 5154 810 5209 Filii
851 5156 1086 5221 allectio,
1128 5157 1498 5212 vehementius
1557 5159 1744 5224 trahit,
1780 5174 2009 5213 succen-

441 5243 684 5313 densque
742 5244 1005 5314 depascit.
1079 5247 1407 5302 Immensum
1479 5246 1660 5314 itaque
1712 5249 2007 5302 excitatum

442 5333 747 5388 incendium
770 5352 786 5400 ;
812 5335 966 5405 longe
987 5346 1244 5404 superant
1267 5344 1539 5390 maternos
1565 5347 1752 5403 partus
1774 5337 2005 5404 dolores,

441 5426 667 5480 sublata:
718 5426 946 5482 llatunia:
978 5443 993 5480 :
1029 5430 1240 5483 acutior
1308 5432 1578 5500 passionis
1638 5439 1742 5484 tua:
1799 5431 2010 5500 gladius

446 5535 488 5570 ιι.
515 5514 680 5570 imum
727 5520 1015 5588 pervadit:
1047 5521 1355 5575 acerbiores
1401 5532 1565 5585 sunt,
1607 5536 1769 5591 quam
1818 5532 2010 5575 natura

445 5603 661 5672 habent,
704 5608 835 5662 tanti
890 5609 994 5663 mei
1037 5608 1293 5663 labores:
1326 5625 1449 5664 nam
1515 5623 1567 5665 et
1606 5619 1790 5679 partus
1819 5626 1877 5663 ea
1923 5627 2014 5664 sn-

448 5696 632 5765 pcrior
677 5710 778 5754 est.
836 5701 1046 5768 Quanto
1082 5701 1126 5755 is
1158 5715 1325 5768 porro
1367 5703 1668 5757 mirabilior
1714 5713 1826 5768 est,
1863 5710 2010 5757 tanto

2102 4520 2415 4589 εἰσδέχομαι
2448 4519 2666 4589 καρδὶᾳ.
2703 4520 2816 4570 Οὔκ
2844 4517 2923 4568 ἔνι
2965 4517 3075 4586 γὰρ
3115 4519 3142 4569 ὁ
3176 4513 3544 4584 συμμετέχων
3592 4529 3681 4580 μοι

2101 4609 2213 4663 τῶν
2241 4610 2529 4676 ἀλγεινῶν·
2564 4607 2767 4660 ούκὲνι
2800 4609 2828 4659 ὁ
2854 4611 2982 4669 to);
3015 4606 3292 4675 μώλωπας
3321 4604 3681 4670 συνδιαμερι-

2105 4699 2350 4770 ζὸμενος.
2386 4701 2447 4752 Εἰ
2489 4698 2582 4752 καί
2616 4715 2699 4762 τις
2733 4697 2841 4751 τῶν
2886 4698 3171 4766 παρόντων
3204 4695 3425 4747 ἀνιᾶται
3467 4693 3560 4745 διὰ
3589 4692 3684 4745 τὸν

2105 4793 2287 4861 φόνον,
2328 4791 2441 4845 ἀλλ’
2497 4792 2597 4861 οὐχ
2628 4791 2701 4852 ὡς
2732 4789 2801 4845 τὰ
2846 4788 3078 4859 μητρῷα
3117 4785 3440 4855 σπλάγχνα·
3485 4785 3587 4852 οὐχ
3609 4782 3686 4845 ὡς

2103 4884 2218 4945 τοῖς
2256 4882 2497 4950 κέντροις
2546 4881 2644 4949 τῆς
2688 4878 2901 4946 φύσεως
2934 4876 3261 4946 βαλλόμενος
3292 4890 3307 4903 ·
3365 4872 3466 4937 οὐχ
3498 4871 3576 4934 ὡς
3603 4868 3683 4939 τῷ

2105 4973 2268 5043 διττῴ
2296 4974 2429 5043 πυρὶ
2450 4973 2549 5041 τῆς
2575 4971 2795 5039 ἀγάπης
2842 4967 3233 5036 δαπανώμενος
3258 4980 3269 4993 ·
3317 4965 3418 5032 ούχ
3455 4963 3533 5025 ὡς
3563 4966 3679 5022 τοῖς

2106 5064 2313 5126 διπλοῖς
2345 5062 2437 5114 καὶ
2474 5061 2965 5130 τυραννικωτάτοις
3002 5056 3385 5123 συνδεδεμένος
3431 5053 3683 5123 δεσμοῖς.

2108 5156 2244 5212 Θεοῦ
2260 5160 2368 5225 γὰρ
2393 5154 2752 5209 ἁναλλοιώτου
2776 5153 2873 5205 καὶ
2897 5149 3167 5219 ἀψευδοῦς
3191 5150 3345 5213 Υἰοῦ,
3374 5149 3471 5201 καὶ
3496 5148 3691 5200 καθέλ-

2109 5264 2196 5301 κει
2226 5250 2321 5300 καὶ
2354 5247 2623 5316 πυρπολεί
2643 5245 2848 5315 σχέσις.
2896 5241 3209 5310 Ὑπερφυὲς
3237 5237 3329 5293 οῦν
3356 5240 3421 5292 τὸ
3440 5240 3687 5292 ἀναπτό-

2115 5353 2274 5406 μενον
2315 5335 2444 5404 πῦρο
2499 5335 2669 5407 Ὑπὲρ
2705 5330 2966 5403 μητρῴας
3013 5331 3211 5393 ὠδῖνας
3242 5331 3299 5381 αἱ
3331 5329 3688 5399 διαιρόμεναι

2112 5427 2343 5495 φλόγες·
2393 5427 2679 5495 τομωτέρα
2719 5427 2858 5478 κατᾶ
2896 5425 2993 5493 τῆς
3036 5423 3175 5492 ἐμῆς
3238 5420 3492 5491 καρδίας,
3528 5421 3561 5489 ἡ
3594 5418 3687 5472 τοῦ

2113 5518 2321 5581 πάθους
2352 5534 2445 5571 σου
2479 5520 2647 5587 χωρεί
2673 5517 2918 5587 ῥομφαία
2940 5532 2953 5545 ·
2985 5515 3307 5585 δριμύτεροι
3334 5514 3437 5582 τῆς
3471 5513 3689 5580 φύσεως

2113 5612 2161 5663 οἱ
2195 5609 2387 5663 πόνοι·
2422 5610 2563 5680 ὑπὲρ
2606 5610 2713 5678 γὰρ
2760 5608 2964 5678 ταύτην
3012 5611 3109 5661 καὶ
3152 5608 3178 5659 ὁ
3224 5606 3418 5667 τόκος·
3476 5606 3590 5673 ὅσῳ
3625 5604 3688 5673 δὴ

2117 5698 2543 5770 παραδοξότερος
2566 5696 2739 5767 οὗτος,
2771 5698 3091 5770 τοσούτῳτά
3122 5698 3407 5768 σπλάγχνα
3438 5712 3690 5765 τπαρασ-
3740 5770 3745 5778 ⁸
