  <div class='ocr_page' id='page_1' title='image "/cluster/home/n/w/nwhite01/storage/ocr_20150623/100/mdp.39015005675668/746.png"; bbox 0 0 3948 6162; ppageno 0'>
   <div class='ocr_carea' id='block_1_1' title="bbox 1518 216 1757 232">
    <p class='ocr_par' dir='ltr' id='par_1_1' title="bbox 1518 216 1757 232">
     <span class='ocr_line' id='line_1_1' title="bbox 1518 216 1757 232; baseline 0.017 -5"><span class='ocrx_word' id='word_1_1' title='bbox 1518 216 1680 231; x_wconf 53' lang='grc' dir='ltr'><strong>ηοω..</strong></span> <span class='ocrx_word' id='word_1_2' title='bbox 1706 218 1757 232; x_wconf 49' lang='grc' dir='ltr'><strong>«λ</strong></span> 
     </span>
    </p>
   </div>
   <div class='ocr_carea' id='block_1_2' title="bbox 264 288 420 402">
    <p class='ocr_par' dir='ltr' id='par_1_2' title="bbox 264 288 420 402">
     <span class='ocr_line' id='line_1_2' title="bbox 264 288 420 402; baseline 0.006 -1"><span class='ocrx_word' id='word_1_3' title='bbox 264 288 420 402; x_wconf 67' lang='grc' dir='ltr'>ιιὲιι</span> 
     </span>
    </p>
   </div>
   <div class='ocr_carea' id='block_1_3' title="bbox 1091 326 2716 405">
    <p class='ocr_par' dir='ltr' id='par_1_3' title="bbox 1091 326 2716 405">
     <span class='ocr_line' id='line_1_3' title="bbox 1091 326 2716 405; baseline 0.001 -13"><span class='ocrx_word' id='word_1_4' title='bbox 1091 332 1166 392; x_wconf 86' lang='grc' dir='ltr'>ΙΝ</span> <span class='ocrx_word' id='word_1_5' title='bbox 1213 332 1316 391; x_wconf 88' lang='lat' dir='ltr'><strong>SS.</strong></span> <span class='ocrx_word' id='word_1_6' title='bbox 1359 326 1667 389; x_wconf 78' lang='lat' dir='ltr'><strong>MARIAM</strong></span> <span class='ocrx_word' id='word_1_7' title='bbox 1705 328 2229 389; x_wconf 84' lang='lat' dir='ltr'><strong>ASSISTENTEM</strong></span> <span class='ocrx_word' id='word_1_8' title='bbox 2268 329 2519 405; x_wconf 85' lang='lat' dir='ltr'><strong>CRUCf,</strong></span> <span class='ocrx_word' id='word_1_9' title='bbox 2555 332 2716 393; x_wconf 86' lang='lat' dir='ltr'><strong>ETC.</strong></span> 
     </span>
    </p>
   </div>
   <div class='ocr_carea' id='block_1_4' title="bbox 3392 335 3528 402">
    <p class='ocr_par' dir='ltr' id='par_1_4' title="bbox 3392 335 3528 402">
     <span class='ocr_line' id='line_1_4' title="bbox 3392 335 3528 402; baseline 0 -1"><span class='ocrx_word' id='word_1_10' title='bbox 3392 335 3528 402; x_wconf 62' lang='lat' dir='ltr'><strong>147i</strong></span> 
     </span>
    </p>
   </div>
   <div class='ocr_carea' id='block_1_5' title="bbox 264 434 1882 521">
    <p class='ocr_par' dir='ltr' id='par_1_5' title="bbox 264 434 1882 521">
     <span class='ocr_line' id='line_1_5' title="bbox 264 434 1882 521; baseline -0.007 -18"><span class='ocrx_word' id='word_1_11' title='bbox 264 450 478 521; x_wconf 85' lang='grc' dir='ltr'>σομένη</span> <span class='ocrx_word' id='word_1_12' title='bbox 517 445 908 516; x_wconf 78' lang='grc' dir='ltr'>τιτρώσκομαι.</span> <span class='ocrx_word' id='word_1_13' title='bbox 958 441 1068 496; x_wconf 74' lang='grc' dir='ltr'><strong>Καί</strong></span> <span class='ocrx_word' id='word_1_14' title='bbox 1103 459 1194 512; x_wconf 89' lang='grc' dir='ltr'><strong>μοι</strong></span> <span class='ocrx_word' id='word_1_15' title='bbox 1223 439 1605 495; x_wconf 75' lang='grc' dir='ltr'><strong>ποθεινότατον</strong></span> <span class='ocrx_word' id='word_1_16' title='bbox 1654 434 1722 510; x_wconf 83' lang='grc' dir='ltr'>ἦν</span> <span class='ocrx_word' id='word_1_17' title='bbox 1753 439 1849 493; x_wconf 68' lang='grc' dir='ltr'><strong>καὶ</strong></span> <span class='ocrx_word' id='word_1_18' title='bbox 1878 487 1882 496; x_wconf 81' lang='grc'><strong>,</strong></span> 
     </span>
    </p>
   </div>
   <div class='ocr_carea' id='block_1_6' title="bbox 1971 434 3527 521">
    <p class='ocr_par' dir='ltr' id='par_1_6' title="bbox 1971 437 3527 510">
     <span class='ocr_line' id='line_1_6' title="bbox 1971 437 3527 510; baseline 0.004 -19"><span class='ocrx_word' id='word_1_19' title='bbox 1971 437 2158 493; x_wconf 70' lang='lat' dir='ltr'><strong>risccra</strong></span> <span class='ocrx_word' id='word_1_20' title='bbox 2191 439 2409 509; x_wconf 78' lang='lat' dir='ltr'><strong>gravius</strong></span> <span class='ocrx_word' id='word_1_21' title='bbox 2438 440 2709 510; x_wconf 97' lang='lat' dir='ltr'><strong>discerpta</strong></span> <span class='ocrx_word' id='word_1_22' title='bbox 2740 440 2933 498; x_wconf 84' lang='lat' dir='ltr'><strong>vulnus</strong></span> <span class='ocrx_word' id='word_1_23' title='bbox 2958 443 3178 498; x_wconf 89' lang='lat' dir='ltr'><strong>habent.</strong></span> <span class='ocrx_word' id='word_1_24' title='bbox 3206 442 3373 499; x_wconf 84' lang='lat' dir='ltr'><strong>Planc</strong></span> <span class='ocrx_word' id='word_1_25' title='bbox 3397 461 3527 501; x_wconf 88' lang='lat' dir='ltr'><strong>vero</strong></span> 
     </span>
    </p>
   </div>
   <div class='ocr_carea' id='block_1_7' title="bbox 267 531 1853 615">
    <p class='ocr_par' dir='ltr' id='par_1_7' title="bbox 267 531 1853 615">
     <span class='ocr_line' id='line_1_7' title="bbox 267 531 1853 615; baseline -0.009 -19"><span class='ocrx_word' id='word_1_26' title='bbox 267 539 645 615; x_wconf 85' lang='grc' dir='ltr'>μετριώτερον</span> <span class='ocrx_word' id='word_1_27' title='bbox 690 535 799 588; x_wconf 82' lang='grc' dir='ltr'>τῶν</span> <span class='ocrx_word' id='word_1_28' title='bbox 853 532 1203 604; x_wconf 75' lang='grc' dir='ltr'>κατεχουσῶν</span> <span class='ocrx_word' id='word_1_29' title='bbox 1253 533 1475 596; x_wconf 77' lang='grc' dir='ltr'>ὀδυνῶν,</span> <span class='ocrx_word' id='word_1_30' title='bbox 1521 533 1573 585; x_wconf 79' lang='grc' dir='ltr'>εἴ</span> <span class='ocrx_word' id='word_1_31' title='bbox 1619 547 1681 599; x_wconf 83' lang='grc' dir='ltr'><strong>γε</strong></span> <span class='ocrx_word' id='word_1_32' title='bbox 1733 531 1853 584; x_wconf 80' lang='grc' dir='ltr'>κατ’</span> 
     </span>
    </p>
   </div>
   <div class='ocr_carea' id='block_1_8' title="bbox 1956 529 3599 603">
    <p class='ocr_par' dir='ltr' id='par_1_8' title="bbox 1956 529 3599 603">
     <span class='ocr_line' id='line_1_8' title="bbox 1956 529 3599 603; baseline 0.004 -20"><span class='ocrx_word' id='word_1_33' title='bbox 1956 529 2472 585; x_wconf 84' lang='lat' dir='ltr'><strong>desideratissimam</strong></span> <span class='ocrx_word' id='word_1_34' title='bbox 2509 530 2844 599; x_wconf 77' lang='lat' dir='ltr'><strong>habuissem,</strong></span> <span class='ocrx_word' id='word_1_35' title='bbox 2881 547 2945 587; x_wconf 86' lang='lat' dir='ltr'><strong>ac</strong></span> <span class='ocrx_word' id='word_1_36' title='bbox 2979 533 3163 587; x_wconf 87' lang='lat' dir='ltr'><strong>mitius</strong></span> <span class='ocrx_word' id='word_1_37' title='bbox 3198 549 3308 603; x_wconf 73' lang='lat' dir='ltr'><strong>pra:</strong></span> <span class='ocrx_word' id='word_1_38' title='bbox 3334 533 3532 589; x_wconf 85' lang='lat' dir='ltr'><strong>dulnri-</strong></span> <span class='ocrx_word' id='word_1_39' title='bbox 3594 577 3599 583; x_wconf 89' lang='lat'><strong>.</strong></span> 
     </span>
    </p>
   </div>
   <div class='ocr_carea' id='block_1_9' title="bbox 268 618 1882 701">
    <p class='ocr_par' dir='ltr' id='par_1_9' title="bbox 268 620 1855 701">
     <span class='ocr_line' id='line_1_9' title="bbox 268 620 1855 701; baseline -0.009 -15"><span class='ocrx_word' id='word_1_40' title='bbox 268 633 445 701; x_wconf 72' lang='grc' dir='ltr'>αὐτῆς</span> <span class='ocrx_word' id='word_1_41' title='bbox 493 628 784 698; x_wconf 60' lang='grc' dir='ltr'>ἐχώρησαν</span> <span class='ocrx_word' id='word_1_42' title='bbox 823 628 873 679; x_wconf 86' lang='grc' dir='ltr'><strong>οἰ</strong></span> <span class='ocrx_word' id='word_1_43' title='bbox 911 622 1034 697; x_wconf 82' lang='grc' dir='ltr'>ἧλοι</span> <span class='ocrx_word' id='word_1_44' title='bbox 1060 641 1072 654; x_wconf 80' lang='grc'><strong><em>⁸</em></strong></span> <span class='ocrx_word' id='word_1_45' title='bbox 1111 624 1166 678; x_wconf 71' lang='grc' dir='ltr'><strong>εἴ</strong></span> <span class='ocrx_word' id='word_1_46' title='bbox 1194 643 1255 693; x_wconf 84' lang='grc' dir='ltr'><strong>γε</strong></span> <span class='ocrx_word' id='word_1_47' title='bbox 1289 626 1388 687; x_wconf 74' lang='grc' dir='ltr'><strong>τὰς</strong></span> <span class='ocrx_word' id='word_1_48' title='bbox 1418 624 1515 687; x_wconf 73' lang='grc' dir='ltr'><strong>σὰς</strong></span> <span class='ocrx_word' id='word_1_49' title='bbox 1549 620 1765 692; x_wconf 70' lang='grc' dir='ltr'>σφαγὰς</span> <span class='ocrx_word' id='word_1_50' title='bbox 1796 622 1855 673; x_wconf 81' lang='grc' dir='ltr'>ἐν</span> 
     </span>
    </p>
   </div>
   <div class='ocr_carea' id='block_1_10' title="bbox 1971 618 3532 701">
    <p class='ocr_par' dir='ltr' id='par_1_10' title="bbox 1971 622 3532 694">
     <span class='ocr_line' id='line_1_10' title="bbox 1971 622 3532 694; baseline 0.004 -20"><span class='ocrx_word' id='word_1_51' title='bbox 1971 635 2055 674; x_wconf 75' lang='grc' dir='ltr'>ιιιε</span> <span class='ocrx_word' id='word_1_52' title='bbox 2097 622 2188 691; x_wconf 88' lang='lat' dir='ltr'><strong>qui</strong></span> <span class='ocrx_word' id='word_1_53' title='bbox 2237 629 2447 685; x_wconf 88' lang='lat' dir='ltr'><strong>tenent,</strong></span> <span class='ocrx_word' id='word_1_54' title='bbox 2491 622 2639 676; x_wconf 87' lang='lat' dir='ltr'><strong>utin</strong></span> <span class='ocrx_word' id='word_1_55' title='bbox 2684 637 2772 678; x_wconf 90' lang='lat' dir='ltr'><strong>me</strong></span> <span class='ocrx_word' id='word_1_56' title='bbox 2817 624 2952 677; x_wconf 89' lang='lat' dir='ltr'><strong>clavi</strong></span> <span class='ocrx_word' id='word_1_57' title='bbox 3015 635 3434 694; x_wconf 83' lang='lat' dir='ltr'><strong>penetrassent:</strong></span> <span class='ocrx_word' id='word_1_58' title='bbox 3474 639 3532 680; x_wconf 86' lang='lat' dir='ltr'><strong>ut</strong></span> 
     </span>
    </p>
   </div>
   <div class='ocr_carea' id='block_1_11' title="bbox 268 713 1857 792">
    <p class='ocr_par' dir='ltr' id='par_1_11' title="bbox 268 713 1857 792">
     <span class='ocr_line' id='line_1_11' title="bbox 268 713 1857 792; baseline -0.008 -14"><span class='ocrx_word' id='word_1_59' title='bbox 268 728 389 786; x_wconf 81' lang='grc' dir='ltr'>τοῖς</span> <span class='ocrx_word' id='word_1_60' title='bbox 447 723 606 792; x_wconf 74' lang='grc' dir='ltr'>ἐμοῖς</span> <span class='ocrx_word' id='word_1_61' title='bbox 672 718 1017 789; x_wconf 73' lang='grc' dir='ltr'><strong>ἀνεδεξάμην</strong></span> <span class='ocrx_word' id='word_1_62' title='bbox 1068 717 1286 788; x_wconf 81' lang='grc' dir='ltr'>μέλεσιν</span> <span class='ocrx_word' id='word_1_63' title='bbox 1317 732 1329 747; x_wconf 80' lang='grc'><em>’</em></span> <span class='ocrx_word' id='word_1_64' title='bbox 1378 718 1427 769; x_wconf 82' lang='grc' dir='ltr'>εἰ</span> <span class='ocrx_word' id='word_1_65' title='bbox 1478 715 1587 768; x_wconf 73' lang='grc' dir='ltr'>τῶν</span> <span class='ocrx_word' id='word_1_66' title='bbox 1646 713 1857 785; x_wconf 86' lang='grc' dir='ltr'>μυρίων</span> 
     </span>
    </p>
   </div>
   <div class='ocr_carea' id='block_1_12' title="bbox 268 800 1858 887">
    <p class='ocr_par' dir='ltr' id='par_1_12' title="bbox 268 800 1858 887">
     <span class='ocr_line' id='line_1_12' title="bbox 268 800 1858 887; baseline -0.009 -16"><span class='ocrx_word' id='word_1_67' title='bbox 268 813 615 887; x_wconf 70' lang='grc' dir='ltr'><strong>ἐμπαιγμῶν</strong></span> <span class='ocrx_word' id='word_1_68' title='bbox 650 811 747 864; x_wconf 75' lang='grc' dir='ltr'>καὶ</span> <span class='ocrx_word' id='word_1_69' title='bbox 781 810 1064 879; x_wconf 80' lang='grc' dir='ltr'>μαστίγων</span> <span class='ocrx_word' id='word_1_70' title='bbox 1115 800 1227 876; x_wconf 67' lang='grc' dir='ltr'>ἐγὼ</span> <span class='ocrx_word' id='word_1_71' title='bbox 1254 810 1372 871; x_wconf 82' lang='grc' dir='ltr'>ταῖς</span> <span class='ocrx_word' id='word_1_72' title='bbox 1397 806 1620 878; x_wconf 77' lang='grc' dir='ltr'>ῦΰρεσιν</span> <span class='ocrx_word' id='word_1_73' title='bbox 1647 804 1858 876; x_wconf 68' lang='grc' dir='ltr'>ἠτιμώ-</span> 
     </span>
    </p>
   </div>
   <div class='ocr_carea' id='block_1_13' title="bbox 270 897 1857 977">
    <p class='ocr_par' dir='ltr' id='par_1_13' title="bbox 270 897 1857 977">
     <span class='ocr_line' id='line_1_13' title="bbox 270 897 1857 977; baseline -0.009 -18"><span class='ocrx_word' id='word_1_74' title='bbox 270 905 409 977; x_wconf 84' lang='grc' dir='ltr'>θην·</span> <span class='ocrx_word' id='word_1_75' title='bbox 490 906 539 956; x_wconf 82' lang='grc' dir='ltr'>εἰ</span> <span class='ocrx_word' id='word_1_76' title='bbox 590 902 713 955; x_wconf 75' lang='grc' dir='ltr'>ἀντὶ</span> <span class='ocrx_word' id='word_1_77' title='bbox 765 901 1022 970; x_wconf 76' lang='grc' dir='ltr'><strong>φιλτάτου</strong></span> <span class='ocrx_word' id='word_1_78' title='bbox 1088 899 1281 952; x_wconf 79' lang='grc' dir='ltr'>τέκνου</span> <span class='ocrx_word' id='word_1_79' title='bbox 1350 897 1619 968; x_wconf 77' lang='grc' dir='ltr'>μητρικαὶ</span> <span class='ocrx_word' id='word_1_80' title='bbox 1677 898 1857 966; x_wconf 80' lang='grc' dir='ltr'>χεῖρες</span> 
     </span>
    </p>
   </div>
   <div class='ocr_carea' id='block_1_14' title="bbox 280 981 1855 1067">
    <p class='ocr_par' dir='ltr' id='par_1_14' title="bbox 280 981 1855 1067">
     <span class='ocr_line' id='line_1_14' title="bbox 280 981 1855 1067; baseline -0.008 -17"><span class='ocrx_word' id='word_1_81' title='bbox 280 994 829 1067; x_wconf 69' lang='grc' dir='ltr'>ὲτρᾳυματίσθησαν.</span> <span class='ocrx_word' id='word_1_82' title='bbox 859 991 1022 1044; x_wconf 84' lang='grc' dir='ltr'>’Λλλά</span> <span class='ocrx_word' id='word_1_83' title='bbox 1045 990 1204 1043; x_wconf 79' lang='grc' dir='ltr'>τοῦτο</span> <span class='ocrx_word' id='word_1_84' title='bbox 1233 991 1331 1060; x_wconf 79' lang='grc' dir='ltr'><strong>μὲν</strong></span> <span class='ocrx_word' id='word_1_85' title='bbox 1357 989 1458 1059; x_wconf 78' lang='grc' dir='ltr'>οὐχ</span> <span class='ocrx_word' id='word_1_86' title='bbox 1485 981 1595 1042; x_wconf 77' lang='grc' dir='ltr'>οἷόν</span> <span class='ocrx_word' id='word_1_87' title='bbox 1626 986 1684 1040; x_wconf 84' lang='grc' dir='ltr'><strong>τέ</strong></span> <span class='ocrx_word' id='word_1_88' title='bbox 1715 990 1855 1053; x_wconf 76' lang='grc' dir='ltr'>ἐστι,</span> 
     </span>
    </p>
   </div>
   <div class='ocr_carea' id='block_1_15' title="bbox 281 1076 1855 1158">
    <p class='ocr_par' dir='ltr' id='par_1_15' title="bbox 281 1076 1855 1158">
     <span class='ocr_line' id='line_1_15' title="bbox 281 1076 1855 1158; baseline -0.008 -16"><span class='ocrx_word' id='word_1_89' title='bbox 281 1087 379 1142; x_wconf 83' lang='grc' dir='ltr'><strong>σοῦ</strong></span> <span class='ocrx_word' id='word_1_90' title='bbox 423 1088 587 1158; x_wconf 81' lang='grc' dir='ltr'>μόνου</span> <span class='ocrx_word' id='word_1_91' title='bbox 611 1086 671 1139; x_wconf 84' lang='grc' dir='ltr'>τὸ</span> <span class='ocrx_word' id='word_1_92' title='bbox 707 1084 847 1154; x_wconf 79' lang='grc' dir='ltr'>ὑπὲρ</span> <span class='ocrx_word' id='word_1_93' title='bbox 874 1087 1089 1136; x_wconf 79' lang='grc' dir='ltr'>πάντων</span> <span class='ocrx_word' id='word_1_94' title='bbox 1122 1080 1518 1150; x_wconf 81' lang='grc' dir='ltr'>ἀναδεχομένου</span> <span class='ocrx_word' id='word_1_95' title='bbox 1553 1078 1729 1142; x_wconf 74' lang='grc' dir='ltr'>πάθος</span> <span class='ocrx_word' id='word_1_96' title='bbox 1758 1076 1855 1131; x_wconf 89' lang='grc' dir='ltr'><strong>τοῦ</strong></span> 
     </span>
    </p>
   </div>
   <div class='ocr_carea' id='block_1_16' title="bbox 278 1169 1856 1246">
    <p class='ocr_par' dir='ltr' id='par_1_16' title="bbox 278 1169 1856 1246">
     <span class='ocr_line' id='line_1_16' title="bbox 278 1169 1856 1246; baseline -0.002 -21"><span class='ocrx_word' id='word_1_97' title='bbox 278 1173 447 1244; x_wconf 75' lang='grc' dir='ltr'>μόνου</span> <span class='ocrx_word' id='word_1_98' title='bbox 481 1170 853 1243; x_wconf 80' lang='grc' dir='ltr'>Δημιουργοῦ,</span> <span class='ocrx_word' id='word_1_99' title='bbox 905 1170 998 1222; x_wconf 74' lang='grc' dir='ltr'><strong>καὶ</strong></span> <span class='ocrx_word' id='word_1_100' title='bbox 1048 1170 1135 1246; x_wconf 73' lang='grc' dir='ltr'>διὰ</span> <span class='ocrx_word' id='word_1_101' title='bbox 1180 1169 1338 1223; x_wconf 87' lang='grc' dir='ltr'>τοῦτο</span> <span class='ocrx_word' id='word_1_102' title='bbox 1386 1169 1856 1241; x_wconf 73' lang='grc' dir='ltr'>παραγενομένου.</span> 
     </span>
    </p>
   </div>
   <div class='ocr_carea' id='block_1_17' title="bbox 286 1252 1859 1337">
    <p class='ocr_par' dir='ltr' id='par_1_17' title="bbox 286 1252 1859 1337">
     <span class='ocr_line' id='line_1_17' title="bbox 286 1252 1859 1337; baseline -0.004 -18"><span class='ocrx_word' id='word_1_103' title='bbox 286 1264 433 1331; x_wconf 82' lang='grc' dir='ltr'><strong>Ἐγὼ</strong></span> <span class='ocrx_word' id='word_1_104' title='bbox 465 1254 537 1317; x_wconf 58' lang='grc' dir='ltr'><strong>’δὲ</strong></span> <span class='ocrx_word' id='word_1_105' title='bbox 581 1264 634 1317; x_wconf 88' lang='grc' dir='ltr'><strong>τί</strong></span> <span class='ocrx_word' id='word_1_106' title='bbox 683 1262 880 1337; x_wconf 54' lang='lat' dir='ltr'><strong>statim;</strong></span> <span class='ocrx_word' id='word_1_107' title='bbox 933 1262 1052 1325; x_wconf 81' lang='grc' dir='ltr'>πῶς</span> <span class='ocrx_word' id='word_1_108' title='bbox 1103 1264 1166 1315; x_wconf 84' lang='grc' dir='ltr'><strong>τὸ</strong></span> <span class='ocrx_word' id='word_1_109' title='bbox 1218 1261 1447 1333; x_wconf 72' lang='grc' dir='ltr'>φρικτὸν</span> <span class='ocrx_word' id='word_1_110' title='bbox 1500 1252 1859 1331; x_wconf 82' lang='grc' dir='ltr'>ὑπενέγκοιμι</span> 
     </span>
    </p>
   </div>
   <div class='ocr_carea' id='block_1_18' title="bbox 271 1349 1858 1423">
    <p class='ocr_par' dir='ltr' id='par_1_18' title="bbox 271 1349 1858 1423">
     <span class='ocr_line' id='line_1_18' title="bbox 271 1349 1858 1423; baseline -0.004 -14"><span class='ocrx_word' id='word_1_111' title='bbox 271 1354 438 1409; x_wconf 84' lang='grc' dir='ltr'>τοῦτο</span> <span class='ocrx_word' id='word_1_112' title='bbox 463 1354 691 1423; x_wconf 85' lang='grc' dir='ltr'>θέαμα;</span> <span class='ocrx_word' id='word_1_113' title='bbox 753 1352 871 1417; x_wconf 80' lang='grc' dir='ltr'><strong>πῶς</strong></span> <span class='ocrx_word' id='word_1_114' title='bbox 920 1351 1120 1423; x_wconf 78' lang='grc' dir='ltr'><strong>τιμίοις</strong></span> <span class='ocrx_word' id='word_1_115' title='bbox 1154 1351 1351 1421; x_wconf 79' lang='grc' dir='ltr'>αἵμασι</span> <span class='ocrx_word' id='word_1_116' title='bbox 1411 1349 1858 1421; x_wconf 79' lang='grc' dir='ltr'>προαιμαχθέντα</span> 
     </span>
    </p>
   </div>
   <div class='ocr_carea' id='block_1_19' title="bbox 279 1439 1857 1515">
    <p class='ocr_par' dir='ltr' id='par_1_19' title="bbox 279 1439 1857 1515">
     <span class='ocr_line' id='line_1_19' title="bbox 279 1439 1857 1515; baseline -0.003 -18"><span class='ocrx_word' id='word_1_117' title='bbox 279 1446 381 1515; x_wconf 80' lang='grc' dir='ltr'><strong>μὲν</strong></span> <span class='ocrx_word' id='word_1_118' title='bbox 439 1444 604 1508; x_wconf 75' lang='grc' dir='ltr'>νῶτα,</span> <span class='ocrx_word' id='word_1_119' title='bbox 668 1442 1107 1515; x_wconf 83' lang='grc' dir='ltr'>ἐρυθραινόμενα</span> <span class='ocrx_word' id='word_1_120' title='bbox 1155 1442 1210 1494; x_wconf 82' lang='grc' dir='ltr'>δὲ</span> <span class='ocrx_word' id='word_1_121' title='bbox 1261 1441 1357 1495; x_wconf 89' lang='grc' dir='ltr'><strong>νῦν</strong></span> <span class='ocrx_word' id='word_1_122' title='bbox 1413 1441 1548 1511; x_wconf 97' lang='grc' dir='ltr'>μέλη</span> <span class='ocrx_word' id='word_1_123' title='bbox 1609 1439 1857 1511; x_wconf 80' lang='grc' dir='ltr'>θεωμένη</span> 
     </span>
    </p>
   </div>
   <div class='ocr_carea' id='block_1_20' title="bbox 272 1532 1861 1607">
    <p class='ocr_par' dir='ltr' id='par_1_20' title="bbox 272 1532 1861 1607">
     <span class='ocr_line' id='line_1_20' title="bbox 272 1532 1861 1607; baseline -0.001 -18"><span class='ocrx_word' id='word_1_124' title='bbox 272 1538 364 1607; x_wconf 82' lang='grc' dir='ltr'><strong>δια</strong></span> <span class='ocrx_word' id='word_1_125' title='bbox 374 1536 592 1606; x_wconf 86' lang='grc' dir='ltr'>ρκέσω;</span> <span class='ocrx_word' id='word_1_126' title='bbox 624 1534 741 1598; x_wconf 83' lang='grc' dir='ltr'>πῶς</span> <span class='ocrx_word' id='word_1_127' title='bbox 774 1535 979 1588; x_wconf 83' lang='grc' dir='ltr'>κατίδω</span> <span class='ocrx_word' id='word_1_128' title='bbox 1012 1534 1177 1587; x_wconf 79' lang='grc' dir='ltr'>πάλιν</span> <span class='ocrx_word' id='word_1_129' title='bbox 1203 1534 1541 1604; x_wconf 72' lang='grc' dir='ltr'>φωτοποιοῦς</span> <span class='ocrx_word' id='word_1_130' title='bbox 1581 1532 1861 1602; x_wconf 81' lang='grc' dir='ltr'>μύσαντας</span> 
     </span>
    </p>
   </div>
   <div class='ocr_carea' id='block_1_21' title="bbox 272 1625 1859 1699">
    <p class='ocr_par' dir='ltr' id='par_1_21' title="bbox 272 1625 1859 1699">
     <span class='ocr_line' id='line_1_21' title="bbox 272 1625 1859 1699; baseline -0.002 -17"><span class='ocrx_word' id='word_1_131' title='bbox 272 1627 630 1699; x_wconf 77' lang='grc' dir='ltr'>διρθαλμούς;</span> <span class='ocrx_word' id='word_1_132' title='bbox 684 1627 802 1690; x_wconf 81' lang='grc' dir='ltr'>πῶς</span> <span class='ocrx_word' id='word_1_133' title='bbox 830 1627 1084 1695; x_wconf 83' lang='grc' dir='ltr'>γλῶσσαν</span> <span class='ocrx_word' id='word_1_134' title='bbox 1117 1627 1212 1679; x_wconf 72' lang='grc' dir='ltr'><strong>καὶ</strong></span> <span class='ocrx_word' id='word_1_135' title='bbox 1242 1626 1394 1695; x_wconf 78' lang='grc' dir='ltr'>χείλη</span> <span class='ocrx_word' id='word_1_136' title='bbox 1441 1626 1766 1698; x_wconf 79' lang='grc' dir='ltr'>μελέῤῥυτα,</span> <span class='ocrx_word' id='word_1_137' title='bbox 1791 1625 1859 1679; x_wconf 89' lang='grc' dir='ltr'><strong>τά</strong></span> 
     </span>
    </p>
   </div>
   <div class='ocr_carea' id='block_1_22' title="bbox 275 1717 1860 1789">
    <p class='ocr_par' dir='ltr' id='par_1_22' title="bbox 275 1717 1860 1789">
     <span class='ocr_line' id='line_1_22' title="bbox 275 1717 1860 1789; baseline -0.001 -18"><span class='ocrx_word' id='word_1_138' title='bbox 275 1719 549 1789; x_wconf 84' lang='grc' dir='ltr'>πρότερον</span> <span class='ocrx_word' id='word_1_139' title='bbox 577 1719 808 1789; x_wconf 75' lang='grc' dir='ltr'>νεκροὺς</span> <span class='ocrx_word' id='word_1_140' title='bbox 858 1717 1238 1781; x_wconf 83' lang='grc' dir='ltr'>διανιστῶντα,</span> <span class='ocrx_word' id='word_1_141' title='bbox 1269 1718 1361 1770; x_wconf 76' lang='grc' dir='ltr'>καὶ</span> <span class='ocrx_word' id='word_1_142' title='bbox 1413 1717 1666 1787; x_wconf 79' lang='grc' dir='ltr'><strong>δαίμοσιν</strong></span> <span class='ocrx_word' id='word_1_143' title='bbox 1696 1719 1860 1786; x_wconf 79' lang='grc' dir='ltr'>ἐγκε-</span> 
     </span>
    </p>
   </div>
   <div class='ocr_carea' id='block_1_23' title="bbox 1956 713 3534 785">
    <p class='ocr_par' dir='ltr' id='par_1_23' title="bbox 1956 713 3534 785">
     <span class='ocr_line' id='line_1_23' title="bbox 1956 713 3534 785; baseline 0.003 -20"><span class='ocrx_word' id='word_1_144' title='bbox 1956 726 2074 765; x_wconf 89' lang='lat' dir='ltr'><strong>tuos</strong></span> <span class='ocrx_word' id='word_1_145' title='bbox 2130 713 2406 767; x_wconf 76' lang='lat' dir='ltr'><strong>cruciatus</strong></span> <span class='ocrx_word' id='word_1_146' title='bbox 2471 713 2800 783; x_wconf 80' lang='lat' dir='ltr'><strong>recepissem</strong></span> <span class='ocrx_word' id='word_1_147' title='bbox 2855 715 2906 769; x_wconf 89' lang='lat' dir='ltr'><strong>in</strong></span> <span class='ocrx_word' id='word_1_148' title='bbox 2961 717 3219 772; x_wconf 85' lang='lat' dir='ltr'><strong>membris</strong></span> <span class='ocrx_word' id='word_1_149' title='bbox 3270 720 3534 785; x_wconf 81' lang='lat' dir='ltr'><strong>meis;.nt</strong></span> 
     </span>
    </p>
   </div>
   <div class='ocr_carea' id='block_1_24' title="bbox 1956 801 3532 877">
    <p class='ocr_par' dir='ltr' id='par_1_24' title="bbox 1956 801 3532 877">
     <span class='ocr_line' id='line_1_24' title="bbox 1956 801 3532 877; baseline 0.006 -23"><span class='ocrx_word' id='word_1_150' title='bbox 1956 801 2447 858; x_wconf 89' lang='lat' dir='ltr'><strong>innumerabilibus</strong></span> <span class='ocrx_word' id='word_1_151' title='bbox 2501 803 2752 860; x_wconf 85' lang='lat' dir='ltr'><strong>ludibriis</strong></span> <span class='ocrx_word' id='word_1_152' title='bbox 2806 820 2870 859; x_wconf 91' lang='lat' dir='ltr'><strong>ac</strong></span> <span class='ocrx_word' id='word_1_153' title='bbox 2920 806 3280 874; x_wconf 80' lang='lat' dir='ltr'><strong>verberibus,</strong></span> <span class='ocrx_word' id='word_1_154' title='bbox 3332 810 3532 877; x_wconf 74' lang='lat' dir='ltr'><strong>quibus</strong></span> 
     </span>
    </p>
   </div>
   <div class='ocr_carea' id='block_1_25' title="bbox 1956 893 3531 964">
    <p class='ocr_par' dir='ltr' id='par_1_25' title="bbox 1956 893 3531 964">
     <span class='ocr_line' id='line_1_25' title="bbox 1956 893 3531 964; baseline 0.004 -19"><span class='ocrx_word' id='word_1_155' title='bbox 1956 907 2052 963; x_wconf 85' lang='lat' dir='ltr'><strong>per</strong></span> <span class='ocrx_word' id='word_1_156' title='bbox 2086 908 2354 949; x_wconf 83' lang='lat' dir='ltr'><strong>summam</strong></span> <span class='ocrx_word' id='word_1_157' title='bbox 2395 893 2650 962; x_wconf 89' lang='lat' dir='ltr'><strong>injuriam</strong></span> <span class='ocrx_word' id='word_1_158' title='bbox 2685 893 2912 951; x_wconf 80' lang='lat' dir='ltr'><strong>aﬂ&#39;ectus</strong></span> <span class='ocrx_word' id='word_1_159' title='bbox 2961 897 3133 964; x_wconf 84' lang='lat' dir='ltr'><strong>fuisti,</strong></span> <span class='ocrx_word' id='word_1_160' title='bbox 3175 898 3531 953; x_wconf 82' lang='lat' dir='ltr'><strong>dehonestata</strong></span> 
     </span>
    </p>
   </div>
   <div class='ocr_carea' id='block_1_26' title="bbox 1957 987 3535 1056">
    <p class='ocr_par' dir='ltr' id='par_1_26' title="bbox 1957 987 3535 1056">
     <span class='ocr_line' id='line_1_26' title="bbox 1957 987 3535 1056; baseline 0.004 -18"><span class='ocrx_word' id='word_1_161' title='bbox 1957 999 2170 1052; x_wconf 88' lang='lat' dir='ltr'><strong>essem;</strong></span> <span class='ocrx_word' id='word_1_162' title='bbox 2205 994 2262 1039; x_wconf 93' lang='lat' dir='ltr'><strong>ut</strong></span> <span class='ocrx_word' id='word_1_163' title='bbox 2297 1001 2395 1055; x_wconf 90' lang='lat' dir='ltr'><strong>pro</strong></span> <span class='ocrx_word' id='word_1_164' title='bbox 2429 987 2754 1042; x_wconf 82' lang='lat' dir='ltr'><strong>charissima</strong></span> <span class='ocrx_word' id='word_1_165' title='bbox 2802 989 2974 1056; x_wconf 89' lang='lat' dir='ltr'><strong>prole,</strong></span> <span class='ocrx_word' id='word_1_166' title='bbox 3026 1001 3290 1045; x_wconf 76' lang='lat' dir='ltr'><strong>mutet-me</strong></span> <span class='ocrx_word' id='word_1_167' title='bbox 3341 1005 3535 1044; x_wconf 88' lang='lat' dir='ltr'><strong>manus</strong></span> 
     </span>
    </p>
   </div>
   <div class='ocr_carea' id='block_1_27' title="bbox 1957 1074 3531 1147">
    <p class='ocr_par' dir='ltr' id='par_1_27' title="bbox 1957 1074 3531 1147">
     <span class='ocr_line' id='line_1_27' title="bbox 1957 1074 3531 1147; baseline 0.004 -21"><span class='ocrx_word' id='word_1_168' title='bbox 1957 1074 2281 1130; x_wconf 79' lang='lat' dir='ltr'><strong>vulneralze.</strong></span> <span class='ocrx_word' id='word_1_169' title='bbox 2307 1086 2513 1131; x_wconf 84' lang='lat' dir='ltr'><strong>essent.</strong></span> <span class='ocrx_word' id='word_1_170' title='bbox 2556 1075 2848 1133; x_wconf 85' lang='lat' dir='ltr'><strong>Enimvero</strong></span> <span class='ocrx_word' id='word_1_171' title='bbox 2883 1080 3141 1147; x_wconf 87' lang='lat' dir='ltr'><strong>nequibat</strong></span> <span class='ocrx_word' id='word_1_172' title='bbox 3181 1080 3264 1133; x_wconf 88' lang='lat' dir='ltr'><strong>sic</strong></span> <span class='ocrx_word' id='word_1_173' title='bbox 3306 1080 3531 1141; x_wconf 83' lang='lat' dir='ltr'><strong>habere.</strong></span> 
     </span>
    </p>
   </div>
   <div class='ocr_carea' id='block_1_28' title="bbox 1958 1167 3535 1243">
    <p class='ocr_par' dir='ltr' id='par_1_28' title="bbox 1958 1167 3535 1243">
     <span class='ocr_line' id='line_1_28' title="bbox 1958 1167 3535 1243; baseline 0.002 -23"><span class='ocrx_word' id='word_1_174' title='bbox 1958 1180 2079 1220; x_wconf 91' lang='lat' dir='ltr'><strong>cum</strong></span> <span class='ocrx_word' id='word_1_175' title='bbox 2132 1174 2185 1221; x_wconf 92' lang='lat' dir='ltr'><strong>tu</strong></span> <span class='ocrx_word' id='word_1_176' title='bbox 2232 1167 2379 1221; x_wconf 89' lang='lat' dir='ltr'><strong>solus</strong></span> <span class='ocrx_word' id='word_1_177' title='bbox 2420 1183 2517 1236; x_wconf 91' lang='lat' dir='ltr'><strong>pro</strong></span> <span class='ocrx_word' id='word_1_178' title='bbox 2573 1170 2825 1224; x_wconf 86' lang='lat' dir='ltr'><strong>omnibus</strong></span> <span class='ocrx_word' id='word_1_179' title='bbox 2874 1182 3101 1243; x_wconf 75' lang='lat' dir='ltr'><strong>mortem</strong></span> <span class='ocrx_word' id='word_1_180' title='bbox 3176 1182 3535 1240; x_wconf 82' lang='lat' dir='ltr'><strong>suscepturus</strong></span> 
     </span>
    </p>
   </div>
   <div class='ocr_carea' id='block_1_29' title="bbox 1959 1258 3534 1327">
    <p class='ocr_par' dir='ltr' id='par_1_29' title="bbox 1959 1258 3534 1327">
     <span class='ocr_line' id='line_1_29' title="bbox 1959 1258 3534 1327; baseline 0.002 -16"><span class='ocrx_word' id='word_1_181' title='bbox 1959 1270 2126 1322; x_wconf 85' lang='lat' dir='ltr'><strong>esses,</strong></span> <span class='ocrx_word' id='word_1_182' title='bbox 2170 1258 2262 1326; x_wconf 90' lang='lat' dir='ltr'><strong>qui</strong></span> <span class='ocrx_word' id='word_1_183' title='bbox 2311 1258 2460 1314; x_wconf 87' lang='lat' dir='ltr'><strong>solus</strong></span> <span class='ocrx_word' id='word_1_184' title='bbox 2502 1258 2731 1314; x_wconf 86' lang='lat' dir='ltr'><strong>Creatnr</strong></span> <span class='ocrx_word' id='word_1_185' title='bbox 2780 1274 2924 1326; x_wconf 86' lang='lat' dir='ltr'><strong>cras,</strong></span> <span class='ocrx_word' id='word_1_186' title='bbox 2973 1276 3202 1327; x_wconf 82' lang='lat' dir='ltr'><strong>eamque</strong></span> <span class='ocrx_word' id='word_1_187' title='bbox 3229 1263 3297 1316; x_wconf 92' lang='lat' dir='ltr'><strong>ob</strong></span> <span class='ocrx_word' id='word_1_188' title='bbox 3328 1277 3441 1316; x_wconf 85' lang='lat' dir='ltr'><strong>rem</strong></span> <span class='ocrx_word' id='word_1_189' title='bbox 3481 1265 3534 1314; x_wconf 81' lang='lat' dir='ltr'><strong>in</strong></span> 
     </span>
    </p>
   </div>
   <div class='ocr_carea' id='block_1_30' title="bbox 1961 1349 3535 1431">
    <p class='ocr_par' dir='ltr' id='par_1_30' title="bbox 1961 1349 3535 1431">
     <span class='ocr_line' id='line_1_30' title="bbox 1961 1349 3535 1431; baseline 0.003 -28"><span class='ocrx_word' id='word_1_190' title='bbox 1961 1349 2219 1403; x_wconf 88' lang='lat' dir='ltr'><strong>mundum</strong></span> <span class='ocrx_word' id='word_1_191' title='bbox 2258 1355 2524 1431; x_wconf 62' lang='lat' dir='ltr'><strong>venisses.</strong></span> <span class='ocrx_word' id='word_1_192' title='bbox 2579 1350 2692 1421; x_wconf 81' lang='lat' dir='ltr'><strong>Ego</strong></span> <span class='ocrx_word' id='word_1_193' title='bbox 2757 1361 2936 1407; x_wconf 88' lang='lat' dir='ltr'><strong>autem</strong></span> <span class='ocrx_word' id='word_1_194' title='bbox 2995 1354 3139 1422; x_wconf 52' lang='lat' dir='ltr'><strong>quid;</strong></span> <span class='ocrx_word' id='word_1_195' title='bbox 3172 1354 3371 1424; x_wconf 83' lang='lat' dir='ltr'><strong>agam?</strong></span> <span class='ocrx_word' id='word_1_196' title='bbox 3419 1355 3535 1422; x_wconf 80' lang='lat' dir='ltr'><strong>Qua</strong></span> 
     </span>
    </p>
   </div>
   <div class='ocr_carea' id='block_1_31' title="bbox 1964 1439 3534 1512">
    <p class='ocr_par' dir='ltr' id='par_1_31' title="bbox 1964 1439 3534 1512">
     <span class='ocr_line' id='line_1_31' title="bbox 1964 1439 3534 1512; baseline 0.003 -19"><span class='ocrx_word' id='word_1_197' title='bbox 1964 1440 2174 1493; x_wconf 84' lang='lat' dir='ltr'><strong>ratione</strong></span> <span class='ocrx_word' id='word_1_198' title='bbox 2213 1439 2545 1495; x_wconf 87' lang='lat' dir='ltr'><strong>horrendum</strong></span> <span class='ocrx_word' id='word_1_199' title='bbox 2582 1443 2684 1495; x_wconf 90' lang='lat' dir='ltr'><strong>hoc</strong></span> <span class='ocrx_word' id='word_1_200' title='bbox 2733 1444 3099 1512; x_wconf 81' lang='lat' dir='ltr'><strong>spectaculum</strong></span> <span class='ocrx_word' id='word_1_201' title='bbox 3149 1445 3361 1499; x_wconf 85' lang='lat' dir='ltr'><strong>feram?</strong></span> <span class='ocrx_word' id='word_1_202' title='bbox 3388 1446 3534 1512; x_wconf 77' lang='lat' dir='ltr'><strong>Quo-</strong></span> 
     </span>
    </p>
   </div>
   <div class='ocr_carea' id='block_1_32' title="bbox 1962 1531 3539 1604">
    <p class='ocr_par' dir='ltr' id='par_1_32' title="bbox 1962 1531 3539 1604">
     <span class='ocr_line' id='line_1_32' title="bbox 1962 1531 3539 1604; baseline 0.003 -20"><span class='ocrx_word' id='word_1_203' title='bbox 1962 1532 2122 1585; x_wconf 83' lang='lat' dir='ltr'><strong>modo</strong></span> <span class='ocrx_word' id='word_1_204' title='bbox 2153 1531 2362 1599; x_wconf 88' lang='lat' dir='ltr'><strong>videns,</strong></span> <span class='ocrx_word' id='word_1_205' title='bbox 2390 1545 2515 1588; x_wconf 85' lang='lat' dir='ltr'><strong>ante</strong></span> <span class='ocrx_word' id='word_1_206' title='bbox 2538 1535 2753 1602; x_wconf 84' lang='lat' dir='ltr'><strong>quidem</strong></span> <span class='ocrx_word' id='word_1_207' title='bbox 2785 1536 3024 1603; x_wconf 82' lang='lat' dir='ltr'><strong>pretioso</strong></span> <span class='ocrx_word' id='word_1_208' title='bbox 3051 1536 3313 1604; x_wconf 83' lang='lat' dir='ltr'><strong>sanguine</strong></span> <span class='ocrx_word' id='word_1_209' title='bbox 3341 1553 3539 1591; x_wconf 87' lang='lat' dir='ltr'><strong>cruen-</strong></span> 
     </span>
    </p>
   </div>
   <div class='ocr_carea' id='block_1_33' title="bbox 1964 1625 3537 1690">
    <p class='ocr_par' dir='ltr' id='par_1_33' title="bbox 1964 1625 3537 1690">
     <span class='ocr_line' id='line_1_33' title="bbox 1964 1625 3537 1690; baseline 0.001 -13"><span class='ocrx_word' id='word_1_210' title='bbox 1964 1632 2133 1677; x_wconf 88' lang='lat' dir='ltr'><strong>tatum</strong></span> <span class='ocrx_word' id='word_1_211' title='bbox 2186 1625 2445 1690; x_wconf 87' lang='lat' dir='ltr'><strong>dorsum,</strong></span> <span class='ocrx_word' id='word_1_212' title='bbox 2504 1640 2649 1679; x_wconf 90' lang='lat' dir='ltr'><strong>nunc</strong></span> <span class='ocrx_word' id='word_1_213' title='bbox 2697 1636 2880 1679; x_wconf 87' lang='lat' dir='ltr'><strong>autem</strong></span> <span class='ocrx_word' id='word_1_214' title='bbox 2940 1625 3211 1680; x_wconf 81' lang='lat' dir='ltr'><strong>rubricata</strong></span> <span class='ocrx_word' id='word_1_215' title='bbox 3259 1628 3537 1690; x_wconf 81' lang='lat' dir='ltr'><strong>membra,</strong></span> 
     </span>
    </p>
   </div>
   <div class='ocr_carea' id='block_1_34' title="bbox 1962 1712 3541 1780">
    <p class='ocr_par' dir='ltr' id='par_1_34' title="bbox 1962 1712 3541 1780">
     <span class='ocr_line' id='line_1_34' title="bbox 1962 1712 3541 1780; baseline 0.001 -13"><span class='ocrx_word' id='word_1_216' title='bbox 1962 1712 2300 1768; x_wconf 87' lang='lat' dir='ltr'><strong>sustineam?</strong></span> <span class='ocrx_word' id='word_1_217' title='bbox 2348 1713 2633 1780; x_wconf 75' lang='lat' dir='ltr'><strong>Quomodo</strong></span> <span class='ocrx_word' id='word_1_218' title='bbox 2705 1713 2903 1768; x_wconf 88' lang='lat' dir='ltr'><strong>iterum</strong></span> <span class='ocrx_word' id='word_1_219' title='bbox 2955 1714 3166 1778; x_wconf 85' lang='lat' dir='ltr'><strong>oculos,</strong></span> <span class='ocrx_word' id='word_1_220' title='bbox 3224 1716 3409 1769; x_wconf 88' lang='lat' dir='ltr'><strong>mundi</strong></span> <span class='ocrx_word' id='word_1_221' title='bbox 3459 1715 3541 1768; x_wconf 86' lang='lat' dir='ltr'><strong>lu-</strong></span> 
     </span>
    </p>
   </div>
   <div class='ocr_carea' id='block_1_35' title="bbox 272 1788 1882 1885">
    <p class='ocr_par' dir='ltr' id='par_1_35' title="bbox 272 1788 1857 1882">
     <span class='ocr_line' id='line_1_35' title="bbox 272 1788 1857 1882; baseline 0.001 -19"><span class='ocrx_word' id='word_1_222' title='bbox 272 1788 587 1882; x_wconf 75' lang='grc' dir='ltr'>λευόμενα,</span> <span class='ocrx_word' id='word_1_223' title='bbox 641 1788 743 1864; x_wconf 79' lang='grc' dir='ltr'><strong>κάν</strong></span> <span class='ocrx_word' id='word_1_224' title='bbox 781 1809 933 1882; x_wconf 72' lang='grc' dir='ltr'>,πρὸς</span> <span class='ocrx_word' id='word_1_225' title='bbox 967 1807 1145 1877; x_wconf 80' lang='grc' dir='ltr'>ὀλίγον</span> <span class='ocrx_word' id='word_1_226' title='bbox 1196 1808 1609 1880; x_wconf 77' lang='grc' dir='ltr'>ὲφησυχάζοντα</span> <span class='ocrx_word' id='word_1_227' title='bbox 1665 1808 1857 1864; x_wconf 83' lang='grc' dir='ltr'>θεάσο-</span> 
     </span>
    </p>
   </div>
   <div class='ocr_carea' id='block_1_36' title="bbox 1971 1788 3540 1885">
    <p class='ocr_par' dir='ltr' id='par_1_36' title="bbox 1971 1788 3540 1879">
     <span class='ocr_line' id='line_1_36' title="bbox 1971 1788 3540 1879; baseline 0.001 -21"><span class='ocrx_word' id='word_1_228' title='bbox 1971 1805 2146 1879; x_wconf 80' lang='lat' dir='ltr'><strong>mina.</strong></span> <span class='ocrx_word' id='word_1_229' title='bbox 2210 1805 2431 1861; x_wconf 89' lang='lat' dir='ltr'><strong>clausos</strong></span> <span class='ocrx_word' id='word_1_230' title='bbox 2495 1788 2800 1875; x_wconf 85' lang='lat' dir='ltr'><strong>aspiciam?</strong></span> <span class='ocrx_word' id='word_1_231' title='bbox 2847 1806 3128 1872; x_wconf 82' lang='lat' dir='ltr'><strong>Quomodo</strong></span> <span class='ocrx_word' id='word_1_232' title='bbox 3183 1806 3427 1874; x_wconf 81' lang='lat' dir='ltr'><strong>linguam</strong></span> <span class='ocrx_word' id='word_1_233' title='bbox 3473 1822 3540 1865; x_wconf 85' lang='lat' dir='ltr'><strong>ac</strong></span> 
     </span>
    </p>
   </div>
   <div class='ocr_carea' id='block_1_37' title="bbox 278 1887 489 1972">
    <p class='ocr_par' dir='ltr' id='par_1_37' title="bbox 278 1887 489 1972">
     <span class='ocr_line' id='line_1_37' title="bbox 278 1887 489 1972; baseline -0.009 -19"><span class='ocrx_word' id='word_1_234' title='bbox 278 1887 489 1972; x_wconf 63' lang='grc' dir='ltr'>μειιςι</span> 
     </span>
    </p>
   </div>
   <div class='ocr_carea' id='block_1_38' title="bbox 357 2173 1862 2247">
    <p class='ocr_par' dir='ltr' id='par_1_38' title="bbox 357 2173 1862 2247">
     <span class='ocr_line' id='line_1_38' title="bbox 357 2173 1862 2247; baseline -0.002 -18"><span class='ocrx_word' id='word_1_235' title='bbox 357 2196 379 2229; x_wconf 76' lang='grc' dir='ltr'><strong>ι</strong></span> <span class='ocrx_word' id='word_1_236' title='bbox 415 2174 557 2229; x_wconf 77' lang='grc' dir='ltr'>Ἀλλ’</span> <span class='ocrx_word' id='word_1_237' title='bbox 600 2174 778 2236; x_wconf 82' lang='grc' dir='ltr'>ἄπιθι.</span> <span class='ocrx_word' id='word_1_238' title='bbox 829 2176 1094 2236; x_wconf 85' lang='grc' dir='ltr'>Δέσποτα,</span> <span class='ocrx_word' id='word_1_239' title='bbox 1137 2174 1236 2246; x_wconf 78' lang='grc' dir='ltr'><strong>τὴν</strong></span> <span class='ocrx_word' id='word_1_240' title='bbox 1296 2176 1606 2247; x_wconf 68' lang='grc' dir='ltr'>ἀπόρρητον</span> <span class='ocrx_word' id='word_1_241' title='bbox 1656 2173 1862 2244; x_wconf 84' lang='grc' dir='ltr'>ταύτην</span> 
     </span>
    </p>
   </div>
   <div class='ocr_carea' id='block_1_39' title="bbox 278 2264 1863 2337">
    <p class='ocr_par' dir='ltr' id='par_1_39' title="bbox 278 2264 1863 2337">
     <span class='ocr_line' id='line_1_39' title="bbox 278 2264 1863 2337; baseline -0.002 -17"><span class='ocrx_word' id='word_1_242' title='bbox 278 2266 597 2337; x_wconf 76' lang='grc' dir='ltr'>οἰκονομίαν</span> <span class='ocrx_word' id='word_1_243' title='bbox 630 2265 955 2336; x_wconf 83' lang='grc' dir='ltr'>πληρώσων·</span> <span class='ocrx_word' id='word_1_244' title='bbox 981 2265 1161 2331; x_wconf 83' lang='grc' dir='ltr'>ἄπιθι,</span> <span class='ocrx_word' id='word_1_245' title='bbox 1186 2265 1354 2337; x_wconf 84' lang='grc' dir='ltr'>καλοῦ</span> <span class='ocrx_word' id='word_1_246' title='bbox 1388 2265 1589 2328; x_wconf 69' lang='grc' dir='ltr'>παντὸς</span> <span class='ocrx_word' id='word_1_247' title='bbox 1620 2264 1863 2336; x_wconf 82' lang='grc' dir='ltr'>ὑπερπό-</span> 
     </span>
    </p>
   </div>
   <div class='ocr_carea' id='block_1_40' title="bbox 279 2356 1861 2429">
    <p class='ocr_par' dir='ltr' id='par_1_40' title="bbox 279 2356 1861 2429">
     <span class='ocr_line' id='line_1_40' title="bbox 279 2356 1861 2429; baseline -0.001 -19"><span class='ocrx_word' id='word_1_248' title='bbox 279 2356 447 2428; x_wconf 84' lang='grc' dir='ltr'>θητον</span> <span class='ocrx_word' id='word_1_249' title='bbox 476 2359 784 2428; x_wconf 83' lang='grc' dir='ltr'>Τέκνον,τῇ</span> <span class='ocrx_word' id='word_1_250' title='bbox 819 2356 1175 2429; x_wconf 75' lang='grc' dir='ltr'>προσηκούσῃ</span> <span class='ocrx_word' id='word_1_251' title='bbox 1200 2356 1668 2427; x_wconf 81' lang='grc' dir='ltr'>δοξασθησὸμενος</span> <span class='ocrx_word' id='word_1_252' title='bbox 1702 2356 1861 2425; x_wconf 83' lang='grc' dir='ltr'>τιμῇ.</span> 
     </span>
    </p>
   </div>
   <div class='ocr_carea' id='block_1_41' title="bbox 281 2445 1863 2518">
    <p class='ocr_par' dir='ltr' id='par_1_41' title="bbox 281 2445 1863 2518">
     <span class='ocr_line' id='line_1_41' title="bbox 281 2445 1863 2518; baseline -0.003 -17"><span class='ocrx_word' id='word_1_253' title='bbox 281 2449 402 2501; x_wconf 74' lang='grc' dir='ltr'>Οὐκ</span> <span class='ocrx_word' id='word_1_254' title='bbox 428 2450 509 2501; x_wconf 79' lang='grc' dir='ltr'><strong>ἔτι</strong></span> <span class='ocrx_word' id='word_1_255' title='bbox 539 2447 649 2518; x_wconf 87' lang='grc' dir='ltr'><strong>γάρ</strong></span> <span class='ocrx_word' id='word_1_256' title='bbox 707 2463 765 2498; x_wconf 88' lang='grc' dir='ltr'><strong>σε</strong></span> <span class='ocrx_word' id='word_1_257' title='bbox 796 2446 1131 2514; x_wconf 80' lang='grc' dir='ltr'>σωματικῶς</span> <span class='ocrx_word' id='word_1_258' title='bbox 1171 2445 1232 2499; x_wconf 81' lang='grc' dir='ltr'>τὺ</span> <span class='ocrx_word' id='word_1_259' title='bbox 1260 2447 1392 2517; x_wconf 80' lang='grc' dir='ltr'>ὲμὸν</span> <span class='ocrx_word' id='word_1_260' title='bbox 1417 2446 1863 2517; x_wconf 86' lang='grc' dir='ltr'>περιπτύσσομαι</span> 
     </span>
    </p>
   </div>
   <div class='ocr_carea' id='block_1_42' title="bbox 282 2534 1865 2607">
    <p class='ocr_par' dir='ltr' id='par_1_42' title="bbox 282 2534 1865 2607">
     <span class='ocr_line' id='line_1_42' title="bbox 282 2534 1865 2607; baseline -0.003 -17"><span class='ocrx_word' id='word_1_261' title='bbox 282 2538 661 2607; x_wconf 65' lang='lat' dir='ltr'><strong>xamme</strong></span> <span class='ocrx_word' id='word_1_262' title='bbox 690 2553 704 2569; x_wconf 79' lang='grc' dir='ltr'><strong>ο</strong></span> <span class='ocrx_word' id='word_1_263' title='bbox 740 2538 799 2607; x_wconf 82' lang='grc' dir='ltr'><strong>έν</strong></span> <span class='ocrx_word' id='word_1_264' title='bbox 823 2538 930 2607; x_wconf 79' lang='grc' dir='ltr'>γὰρ</span> <span class='ocrx_word' id='word_1_265' title='bbox 961 2536 1127 2607; x_wconf 79' lang='grc' dir='ltr'>θεῖκῷ</span> <span class='ocrx_word' id='word_1_266' title='bbox 1156 2553 1252 2589; x_wconf 93' lang='grc' dir='ltr'><strong>σου</strong></span> <span class='ocrx_word' id='word_1_267' title='bbox 1288 2536 1466 2606; x_wconf 87' lang='grc' dir='ltr'>θρόνῳ</span> <span class='ocrx_word' id='word_1_268' title='bbox 1493 2535 1591 2606; x_wconf 82' lang='grc' dir='ltr'>τὴν</span> <span class='ocrx_word' id='word_1_269' title='bbox 1623 2534 1865 2605; x_wconf 79' lang='grc' dir='ltr'>προσλη-</span> 
     </span>
    </p>
   </div>
   <div class='ocr_carea' id='block_1_43' title="bbox 283 2614 1865 2699">
    <p class='ocr_par' dir='ltr' id='par_1_43' title="bbox 283 2614 1865 2699">
     <span class='ocr_line' id='line_1_43' title="bbox 283 2614 1865 2699; baseline -0.003 -18"><span class='ocrx_word' id='word_1_270' title='bbox 283 2628 520 2699; x_wconf 77' lang='grc' dir='ltr'>φθεῖσαν</span> <span class='ocrx_word' id='word_1_271' title='bbox 581 2626 936 2691; x_wconf 78' lang='grc' dir='ltr'>ἀναϐιϐάσεις</span> <span class='ocrx_word' id='word_1_272' title='bbox 989 2614 1195 2696; x_wconf 67' lang='grc' dir='ltr'>φύσίνυ</span> <span class='ocrx_word' id='word_1_273' title='bbox 1238 2625 1439 2681; x_wconf 77' lang='grc' dir='ltr'>Οὐκέτι</span> <span class='ocrx_word' id='word_1_274' title='bbox 1490 2626 1651 2694; x_wconf 82' lang='grc' dir='ltr'>σῶμα</span> <span class='ocrx_word' id='word_1_275' title='bbox 1701 2625 1865 2697; x_wconf 79' lang='grc' dir='ltr'>χερσὶ</span> 
     </span>
    </p>
   </div>
   <div class='ocr_carea' id='block_1_44' title="bbox 287 2716 1865 2790">
    <p class='ocr_par' dir='ltr' id='par_1_44' title="bbox 287 2716 1865 2790">
     <span class='ocr_line' id='line_1_44' title="bbox 287 2716 1865 2790; baseline -0.001 -20"><span class='ocrx_word' id='word_1_276' title='bbox 287 2716 585 2790; x_wconf 77' lang='grc' dir='ltr'>μητρῴαις</span> <span class='ocrx_word' id='word_1_277' title='bbox 613 2718 1023 2788; x_wconf 85' lang='grc' dir='ltr'>κατακοσμήσω</span> <span class='ocrx_word' id='word_1_278' title='bbox 1048 2734 1062 2747; x_wconf 78' lang='grc'><strong><em>⁸</em></strong></span> <span class='ocrx_word' id='word_1_279' title='bbox 1090 2718 1169 2780; x_wconf 79' lang='grc' dir='ltr'>εἰς</span> <span class='ocrx_word' id='word_1_280' title='bbox 1199 2716 1306 2788; x_wconf 88' lang='grc' dir='ltr'><strong>γάρ</strong></span> <span class='ocrx_word' id='word_1_281' title='bbox 1333 2716 1431 2788; x_wconf 75' lang='grc' dir='ltr'><strong>τὴν</strong></span> <span class='ocrx_word' id='word_1_282' title='bbox 1457 2717 1662 2771; x_wconf 81' lang='grc' dir='ltr'>οίκείαν</span> <span class='ocrx_word' id='word_1_283' title='bbox 1696 2717 1865 2771; x_wconf 87' lang='grc' dir='ltr'>ἀπαί-</span> 
     </span>
    </p>
   </div>
   <div class='ocr_carea' id='block_1_45' title="bbox 288 2800 1863 2880">
    <p class='ocr_par' dir='ltr' id='par_1_45' title="bbox 288 2800 1863 2880">
     <span class='ocr_line' id='line_1_45' title="bbox 288 2800 1863 2880; baseline 0 -20"><span class='ocrx_word' id='word_1_284' title='bbox 288 2824 407 2879; x_wconf 83' lang='grc' dir='ltr'>ρεις</span> <span class='ocrx_word' id='word_1_285' title='bbox 445 2807 625 2874; x_wconf 78' lang='grc' dir='ltr'>δόξαν,</span> <span class='ocrx_word' id='word_1_286' title='bbox 660 2806 689 2859; x_wconf 97' lang='lat'><strong>6</strong></span> <span class='ocrx_word' id='word_1_287' title='bbox 728 2809 826 2878; x_wconf 84' lang='grc' dir='ltr'>τῆς</span> <span class='ocrx_word' id='word_1_288' title='bbox 864 2800 1087 2880; x_wconf 81' lang='grc' dir='ltr'><strong>πρώτης</strong></span> <span class='ocrx_word' id='word_1_289' title='bbox 1130 2808 1206 2880; x_wconf 71' lang='grc' dir='ltr'>μὴ</span> <span class='ocrx_word' id='word_1_290' title='bbox 1238 2807 1533 2879; x_wconf 80' lang='grc' dir='ltr'>χωρισθεὶς</span> <span class='ocrx_word' id='word_1_291' title='bbox 1588 2809 1767 2878; x_wconf 76' lang='grc' dir='ltr'>δόξης.</span> <span class='ocrx_word' id='word_1_292' title='bbox 1800 2809 1863 2862; x_wconf 78' lang='lat' dir='ltr'><strong>Et</strong></span> 
     </span>
    </p>
   </div>
   <div class='ocr_carea' id='block_1_46' title="bbox 283 2898 1865 2971">
    <p class='ocr_par' dir='ltr' id='par_1_46' title="bbox 283 2898 1865 2971">
     <span class='ocr_line' id='line_1_46' title="bbox 283 2898 1865 2971; baseline -0.011 -2"><span class='ocrx_word' id='word_1_293' title='bbox 283 2898 400 2968; x_wconf 69' lang='grc' dir='ltr'><strong>γὰρ</strong></span> <span class='ocrx_word' id='word_1_294' title='bbox 424 2899 519 2951; x_wconf 58' lang='grc' dir='ltr'><strong>καὶ</strong></span> <span class='ocrx_word' id='word_1_295' title='bbox 544 2898 746 2962; x_wconf 83' lang='grc' dir='ltr'>θεῖκῶς</span> <span class='ocrx_word' id='word_1_296' title='bbox 792 2898 869 2962; x_wconf 82' lang='grc' dir='ltr'>ὡς</span> <span class='ocrx_word' id='word_1_297' title='bbox 921 2898 1161 2970; x_wconf 75' lang='grc' dir='ltr'>τεκούσῃ</span> <span class='ocrx_word' id='word_1_298' title='bbox 1195 2899 1568 2971; x_wconf 80' lang='grc' dir='ltr'>συμπαρείης,</span> <span class='ocrx_word' id='word_1_299' title='bbox 1597 2898 1724 2964; x_wconf 57' lang='grc' dir='ltr'><strong>ἀλλ’⁴</strong></span> <span class='ocrx_word' id='word_1_300' title='bbox 1765 2900 1865 2970; x_wconf 77' lang='grc' dir='ltr'><strong>οὐχ</strong></span> 
     </span>
    </p>
   </div>
   <div class='ocr_carea' id='block_1_47' title="bbox 282 2988 1863 3063">
    <p class='ocr_par' dir='ltr' id='par_1_47' title="bbox 282 2988 1863 3063">
     <span class='ocr_line' id='line_1_47' title="bbox 282 2988 1863 3063; baseline 0 -20"><span class='ocrx_word' id='word_1_301' title='bbox 282 2989 363 3052; x_wconf 84' lang='grc' dir='ltr'>ὡς</span> <span class='ocrx_word' id='word_1_302' title='bbox 381 2989 445 3041; x_wconf 82' lang='grc' dir='ltr'><strong>τὸ</strong></span> <span class='ocrx_word' id='word_1_303' title='bbox 476 2989 744 3060; x_wconf 84' lang='grc' dir='ltr'>πρότερον</span> <span class='ocrx_word' id='word_1_304' title='bbox 768 3003 783 3019; x_wconf 87' lang='grc'>⁶</span> <span class='ocrx_word' id='word_1_305' title='bbox 808 2989 907 3059; x_wconf 81' lang='grc' dir='ltr'>οὐχ</span> <span class='ocrx_word' id='word_1_306' title='bbox 932 2988 1106 3053; x_wconf 78' lang='grc' dir='ltr'>οὕτως</span> <span class='ocrx_word' id='word_1_307' title='bbox 1133 2989 1273 3042; x_wconf 83' lang='grc' dir='ltr'>ὥστε</span> <span class='ocrx_word' id='word_1_308' title='bbox 1294 3007 1353 3042; x_wconf 90' lang='grc' dir='ltr'><strong>σε</strong></span> <span class='ocrx_word' id='word_1_309' title='bbox 1377 2989 1863 3063; x_wconf 81' lang='grc' dir='ltr'>περιπτύσσεσθαι·</span> 
     </span>
    </p>
   </div>
   <div class='ocr_carea' id='block_1_48' title="bbox 256 3064 1858 3152">
    <p class='ocr_par' dir='ltr' id='par_1_48' title="bbox 256 3064 1858 3152">
     <span class='ocr_line' id='line_1_48' title="bbox 256 3064 1858 3152; baseline 0.001 -20"><span class='ocrx_word' id='word_1_310' title='bbox 256 3070 432 3133; x_wconf 73' lang='grc' dir='ltr'>’ὥστε</span> <span class='ocrx_word' id='word_1_311' title='bbox 468 3097 563 3135; x_wconf 89' lang='grc' dir='ltr'><strong>σου</strong></span> <span class='ocrx_word' id='word_1_312' title='bbox 599 3082 697 3151; x_wconf 88' lang='grc' dir='ltr'>τῆς</span> <span class='ocrx_word' id='word_1_313' title='bbox 725 3081 990 3150; x_wconf 82' lang='grc' dir='ltr'>γλυκείας</span> <span class='ocrx_word' id='word_1_314' title='bbox 1022 3081 1286 3152; x_wconf 79' lang='grc' dir='ltr'><strong>διηνεκῶς</strong></span> <span class='ocrx_word' id='word_1_315' title='bbox 1317 3064 1680 3136; x_wconf 77' lang='grc' dir='ltr'>ἐναπολαύειν</span> <span class='ocrx_word' id='word_1_316' title='bbox 1709 3082 1858 3146; x_wconf 82' lang='grc' dir='ltr'>θέας·</span> 
     </span>
    </p>
   </div>
   <div class='ocr_carea' id='block_1_49' title="bbox 284 3171 1862 3249">
    <p class='ocr_par' dir='ltr' id='par_1_49' title="bbox 284 3171 1862 3249">
     <span class='ocr_line' id='line_1_49' title="bbox 284 3171 1862 3249; baseline 0.002 -24"><span class='ocrx_word' id='word_1_317' title='bbox 284 3171 432 3225; x_wconf 82' lang='grc' dir='ltr'>ὥστε</span> <span class='ocrx_word' id='word_1_318' title='bbox 480 3189 573 3226; x_wconf 86' lang='grc' dir='ltr'><strong>σου</strong></span> <span class='ocrx_word' id='word_1_319' title='bbox 624 3175 739 3237; x_wconf 84' lang='grc' dir='ltr'>τοῖς</span> <span class='ocrx_word' id='word_1_320' title='bbox 781 3174 1122 3244; x_wconf 79' lang='grc' dir='ltr'>σωματικοῖς</span> <span class='ocrx_word' id='word_1_321' title='bbox 1160 3173 1557 3244; x_wconf 71' lang='grc' dir='ltr'>ὲνωραΐζεσθαι</span> <span class='ocrx_word' id='word_1_322' title='bbox 1618 3172 1862 3249; x_wconf 80' lang='grc' dir='ltr'>κάλλεσι.</span> 
     </span>
    </p>
   </div>
   <div class='ocr_carea' id='block_1_50' title="bbox 284 3263 1867 3337">
    <p class='ocr_par' dir='ltr' id='par_1_50' title="bbox 284 3263 1867 3337">
     <span class='ocr_line' id='line_1_50' title="bbox 284 3263 1867 3337; baseline 0.001 -19"><span class='ocrx_word' id='word_1_323' title='bbox 284 3265 401 3318; x_wconf 75' lang='grc' dir='ltr'><strong>Καὶ</strong></span> <span class='ocrx_word' id='word_1_324' title='bbox 438 3263 619 3320; x_wconf 64' lang='grc' dir='ltr'>τοῦτο,</span> <span class='ocrx_word' id='word_1_325' title='bbox 631 3264 732 3335; x_wconf 83' lang='grc' dir='ltr'><strong>μὲν</strong></span> <span class='ocrx_word' id='word_1_326' title='bbox 759 3265 888 3335; x_wconf 77' lang='grc' dir='ltr'>ἐμοὶ</span> <span class='ocrx_word' id='word_1_327' title='bbox 927 3265 1031 3334; x_wconf 72' lang='grc' dir='ltr'><strong>τῆς</strong></span> <span class='ocrx_word' id='word_1_328' title='bbox 1062 3265 1324 3319; x_wconf 77' lang='grc' dir='ltr'>ἀνωτάτω</span> <span class='ocrx_word' id='word_1_329' title='bbox 1354 3263 1515 3336; x_wconf 80' lang='grc' dir='ltr'>δόξης</span> <span class='ocrx_word' id='word_1_330' title='bbox 1542 3264 1639 3318; x_wconf 75' lang='grc' dir='ltr'>καὶ</span> <span class='ocrx_word' id='word_1_331' title='bbox 1667 3267 1867 3337; x_wconf 70' lang='grc' dir='ltr'>εὐφρο-</span> 
     </span>
    </p>
   </div>
   <div class='ocr_carea' id='block_1_51' title="bbox 286 3350 1868 3427">
    <p class='ocr_par' dir='ltr' id='par_1_51' title="bbox 286 3350 1868 3427">
     <span class='ocr_line' id='line_1_51' title="bbox 286 3350 1868 3427; baseline 0.002 -19"><span class='ocrx_word' id='word_1_332' title='bbox 286 3355 461 3427; x_wconf 86' lang='grc' dir='ltr'>σύνης</span> <span class='ocrx_word' id='word_1_333' title='bbox 495 3355 780 3426; x_wconf 82' lang='grc' dir='ltr'>πρόξενον,</span> <span class='ocrx_word' id='word_1_334' title='bbox 813 3355 874 3408; x_wconf 76' lang='grc' dir='ltr'><strong>τὸ</strong></span> <span class='ocrx_word' id='word_1_335' title='bbox 923 3355 1021 3426; x_wconf 82' lang='grc' dir='ltr'><strong>τὴν</strong></span> <span class='ocrx_word' id='word_1_336' title='bbox 1053 3350 1311 3412; x_wconf 83' lang='grc' dir='ltr'>ἁπάντων</span> <span class='ocrx_word' id='word_1_337' title='bbox 1349 3355 1441 3410; x_wconf 85' lang='grc' dir='ltr'><strong>διά</strong></span> <span class='ocrx_word' id='word_1_338' title='bbox 1471 3355 1680 3421; x_wconf 86' lang='grc' dir='ltr'>πάθους</span> <span class='ocrx_word' id='word_1_339' title='bbox 1722 3357 1868 3411; x_wconf 76' lang='grc' dir='ltr'><strong>οἰκοο</strong></span> 
     </span>
    </p>
   </div>
   <div class='ocr_carea' id='block_1_52' title="bbox 284 3447 1869 3521">
    <p class='ocr_par' dir='ltr' id='par_1_52' title="bbox 284 3447 1869 3521">
     <span class='ocr_line' id='line_1_52' title="bbox 284 3447 1869 3521; baseline 0.001 -20"><span class='ocrx_word' id='word_1_340' title='bbox 284 3449 595 3519; x_wconf 82' lang='grc' dir='ltr'>νομήσαντι</span> <span class='ocrx_word' id='word_1_341' title='bbox 646 3448 950 3520; x_wconf 82' lang='grc' dir='ltr'>σωτηρίαν,</span> <span class='ocrx_word' id='word_1_342' title='bbox 987 3447 1069 3517; x_wconf 76' lang='grc' dir='ltr'>εἷς</span> <span class='ocrx_word' id='word_1_343' title='bbox 1117 3465 1179 3502; x_wconf 90' lang='grc' dir='ltr'><strong>τε</strong></span> <span class='ocrx_word' id='word_1_344' title='bbox 1220 3448 1311 3503; x_wconf 83' lang='grc' dir='ltr'><strong>τὸν</strong></span> <span class='ocrx_word' id='word_1_345' title='bbox 1356 3450 1556 3503; x_wconf 83' lang='grc' dir='ltr'>οἰκεῖον</span> <span class='ocrx_word' id='word_1_346' title='bbox 1585 3447 1776 3521; x_wconf 85' lang='grc' dir='ltr'>θρόνον</span> <span class='ocrx_word' id='word_1_347' title='bbox 1806 3449 1869 3521; x_wconf 86' lang='grc' dir='ltr'><strong>τὸ</strong></span> 
     </span>
    </p>
   </div>
   <div class='ocr_carea' id='block_1_53' title="bbox 286 3538 1870 3611">
    <p class='ocr_par' dir='ltr' id='par_1_53' title="bbox 286 3538 1870 3611">
     <span class='ocr_line' id='line_1_53' title="bbox 286 3538 1870 3611; baseline 0.001 -18"><span class='ocrx_word' id='word_1_348' title='bbox 286 3538 641 3610; x_wconf 66' lang='grc' dir='ltr'>προσληφθέν</span> <span class='ocrx_word' id='word_1_349' title='bbox 720 3539 1121 3595; x_wconf 76' lang='grc' dir='ltr'>ἀναϐιϐάσαντι</span> <span class='ocrx_word' id='word_1_350' title='bbox 1183 3539 1434 3611; x_wconf 79' lang='grc' dir='ltr'>φύραμα,</span> <span class='ocrx_word' id='word_1_351' title='bbox 1499 3541 1736 3594; x_wconf 82' lang='grc' dir='ltr'>συνεῖναί</span> <span class='ocrx_word' id='word_1_352' title='bbox 1786 3558 1870 3596; x_wconf 91' lang='grc' dir='ltr'>σοι</span> 
     </span>
    </p>
   </div>
   <div class='ocr_carea' id='block_1_54' title="bbox 287 3628 1869 3704">
    <p class='ocr_par' dir='ltr' id='par_1_54' title="bbox 287 3628 1869 3704">
     <span class='ocr_line' id='line_1_54' title="bbox 287 3628 1869 3704; baseline 0.001 -20"><span class='ocrx_word' id='word_1_353' title='bbox 287 3628 522 3700; x_wconf 85' lang='grc' dir='ltr'>νοητῶς,</span> <span class='ocrx_word' id='word_1_354' title='bbox 567 3631 663 3687; x_wconf 80' lang='grc' dir='ltr'>καὶ</span> <span class='ocrx_word' id='word_1_355' title='bbox 716 3632 1070 3704; x_wconf 83' lang='grc' dir='ltr'>προσομιλεῖν</span> <span class='ocrx_word' id='word_1_356' title='bbox 1107 3633 1404 3697; x_wconf 85' lang='grc' dir='ltr'>διαπαντός</span> <span class='ocrx_word' id='word_1_357' title='bbox 1432 3649 1446 3664; x_wconf 81' lang='grc'><em>’</em></span> <span class='ocrx_word' id='word_1_358' title='bbox 1504 3634 1763 3704; x_wconf 87' lang='grc' dir='ltr'>στένομαι</span> <span class='ocrx_word' id='word_1_359' title='bbox 1810 3633 1869 3688; x_wconf 80' lang='grc' dir='ltr'>δὲ</span> 
     </span>
    </p>
   </div>
   <div class='ocr_carea' id='block_1_55' title="bbox 288 3721 1872 3799">
    <p class='ocr_par' dir='ltr' id='par_1_55' title="bbox 288 3721 1872 3799">
     <span class='ocr_line' id='line_1_55' title="bbox 288 3721 1872 3799; baseline 0.004 -24"><span class='ocrx_word' id='word_1_360' title='bbox 288 3721 389 3776; x_wconf 75' lang='grc' dir='ltr'>καὶ</span> <span class='ocrx_word' id='word_1_361' title='bbox 413 3722 558 3776; x_wconf 83' lang='grc' dir='ltr'>οὕτω</span> <span class='ocrx_word' id='word_1_362' title='bbox 590 3724 657 3777; x_wconf 89' lang='grc' dir='ltr'><strong>τά</strong></span> <span class='ocrx_word' id='word_1_363' title='bbox 682 3723 990 3799; x_wconf 81' lang='grc' dir='ltr'>σπλάγχνα,</span> <span class='ocrx_word' id='word_1_364' title='bbox 1022 3725 1363 3797; x_wconf 85' lang='grc' dir='ltr'>ὀδυνώμενόν</span> <span class='ocrx_word' id='word_1_365' title='bbox 1383 3743 1442 3780; x_wconf 84' lang='grc' dir='ltr'><strong>σε</strong></span> <span class='ocrx_word' id='word_1_366' title='bbox 1474 3728 1569 3781; x_wconf 73' lang='grc' dir='ltr'><strong>καὶ</strong></span> <span class='ocrx_word' id='word_1_367' title='bbox 1587 3727 1872 3799; x_wconf 85' lang='grc' dir='ltr'>πάσχοντα</span> 
     </span>
    </p>
   </div>
   <div class='ocr_carea' id='block_1_56' title="bbox 290 3813 1870 3891">
    <p class='ocr_par' dir='ltr' id='par_1_56' title="bbox 290 3813 1870 3891">
     <span class='ocr_line' id='line_1_56' title="bbox 290 3813 1870 3891; baseline 0.004 -25"><span class='ocrx_word' id='word_1_368' title='bbox 290 3813 462 3885; x_wconf 71' lang='grc' dir='ltr'>σαρκὶ</span> <span class='ocrx_word' id='word_1_369' title='bbox 492 3815 809 3886; x_wconf 82' lang='grc' dir='ltr'>καθορῶσα,</span> <span class='ocrx_word' id='word_1_370' title='bbox 829 3816 1047 3888; x_wconf 86' lang='grc' dir='ltr'>μυρίοις</span> <span class='ocrx_word' id='word_1_371' title='bbox 1073 3834 1135 3871; x_wconf 87' lang='grc' dir='ltr'><strong>τε</strong></span> <span class='ocrx_word' id='word_1_372' title='bbox 1164 3816 1273 3872; x_wconf 82' lang='grc' dir='ltr'><strong>τῶν</strong></span> <span class='ocrx_word' id='word_1_373' title='bbox 1300 3818 1567 3873; x_wconf 84' lang='grc' dir='ltr'>συνόντων</span> <span class='ocrx_word' id='word_1_374' title='bbox 1599 3819 1696 3872; x_wconf 77' lang='grc' dir='ltr'>καὶ</span> <span class='ocrx_word' id='word_1_375' title='bbox 1729 3836 1870 3891; x_wconf 80' lang='grc' dir='ltr'>παρ-</span> 
     </span>
    </p>
   </div>
   <div class='ocr_carea' id='block_1_57' title="bbox 289 3903 1872 3980">
    <p class='ocr_par' dir='ltr' id='par_1_57' title="bbox 289 3903 1872 3980">
     <span class='ocr_line' id='line_1_57' title="bbox 289 3903 1872 3980; baseline 0.004 -23"><span class='ocrx_word' id='word_1_376' title='bbox 289 3903 484 3958; x_wconf 87' lang='grc' dir='ltr'>ιόντων</span> <span class='ocrx_word' id='word_1_377' title='bbox 536 3905 865 3979; x_wconf 84' lang='grc' dir='ltr'>βαλλόμενον</span> <span class='ocrx_word' id='word_1_378' title='bbox 899 3910 1011 3973; x_wconf 80' lang='grc' dir='ltr'>τοϊς</span> <span class='ocrx_word' id='word_1_379' title='bbox 1049 3908 1280 3963; x_wconf 84' lang='grc' dir='ltr'>ὀνείδεσι</span> <span class='ocrx_word' id='word_1_380' title='bbox 1310 3926 1324 3940; x_wconf 80' lang='grc'><em>’</em></span> <span class='ocrx_word' id='word_1_381' title='bbox 1380 3909 1476 3963; x_wconf 72' lang='grc' dir='ltr'>καὶ</span> <span class='ocrx_word' id='word_1_382' title='bbox 1501 3908 1594 3974; x_wconf 82' lang='grc' dir='ltr'>οὒς</span> <span class='ocrx_word' id='word_1_383' title='bbox 1632 3909 1742 3963; x_wconf 79' lang='grc' dir='ltr'>ἔδει</span> <span class='ocrx_word' id='word_1_384' title='bbox 1769 3909 1872 3980; x_wconf 84' lang='grc' dir='ltr'>τῆς</span> 
     </span>
    </p>
   </div>
   <div class='ocr_carea' id='block_1_58' title="bbox 293 3996 1871 4071">
    <p class='ocr_par' dir='ltr' id='par_1_58' title="bbox 293 3996 1871 4071">
     <span class='ocr_line' id='line_1_58' title="bbox 293 3996 1871 4071; baseline 0.003 -21"><span class='ocrx_word' id='word_1_385' title='bbox 293 3996 542 4069; x_wconf 75' lang='grc' dir='ltr'>μεγάλης</span> <span class='ocrx_word' id='word_1_386' title='bbox 588 3998 896 4053; x_wconf 77' lang='grc' dir='ltr'>ἀπόνασθαι</span> <span class='ocrx_word' id='word_1_387' title='bbox 933 3999 1286 4071; x_wconf 86' lang='grc' dir='ltr'>κηδεμονίας,</span> <span class='ocrx_word' id='word_1_388' title='bbox 1343 4003 1487 4069; x_wconf 76' lang='grc' dir='ltr'>σφᾶς</span> <span class='ocrx_word' id='word_1_389' title='bbox 1532 4000 1761 4064; x_wconf 75' lang='grc' dir='ltr'>ἑαυτοὺς</span> <span class='ocrx_word' id='word_1_390' title='bbox 1789 4002 1871 4064; x_wconf 81' lang='grc' dir='ltr'><strong>είς</strong></span> 
     </span>
    </p>
   </div>
   <div class='ocr_carea' id='block_1_59' title="bbox 288 4084 1870 4169">
    <p class='ocr_par' dir='ltr' id='par_1_59' title="bbox 288 4084 1870 4169">
     <span class='ocr_line' id='line_1_59' title="bbox 288 4084 1870 4169; baseline 0.003 -27"><span class='ocrx_word' id='word_1_391' title='bbox 288 4089 472 4160; x_wconf 79' lang='grc' dir='ltr'>τὸτῆς</span> <span class='ocrx_word' id='word_1_392' title='bbox 501 4088 781 4169; x_wconf 77' lang='grc' dir='ltr'>ἀπωλείας</span> <span class='ocrx_word' id='word_1_393' title='bbox 819 4089 1097 4163; x_wconf 84' lang='grc' dir='ltr'>βάραθρον</span> <span class='ocrx_word' id='word_1_394' title='bbox 1125 4091 1524 4157; x_wconf 85' lang='grc' dir='ltr'>συνωθοῦντας.</span> <span class='ocrx_word' id='word_1_395' title='bbox 1559 4091 1699 4145; x_wconf 84' lang='grc' dir='ltr'>Ἀλλ’</span> <span class='ocrx_word' id='word_1_396' title='bbox 1724 4084 1870 4147; x_wconf 74' lang='grc' dir='ltr'>οὗτοι</span> 
     </span>
    </p>
   </div>
   <div class='ocr_carea' id='block_1_60' title="bbox 294 4181 1871 4256">
    <p class='ocr_par' dir='ltr' id='par_1_60' title="bbox 294 4181 1871 4256">
     <span class='ocr_line' id='line_1_60' title="bbox 294 4181 1871 4256; baseline 0.003 -20"><span class='ocrx_word' id='word_1_397' title='bbox 294 4183 417 4253; x_wconf 84' lang='grc' dir='ltr'>μὲν,</span> <span class='ocrx_word' id='word_1_398' title='bbox 452 4181 629 4246; x_wconf 83' lang='grc' dir='ltr'>οὕτως</span> <span class='ocrx_word' id='word_1_399' title='bbox 682 4182 896 4255; x_wconf 74' lang='grc' dir='ltr'>αἱρέσει</span> <span class='ocrx_word' id='word_1_400' title='bbox 943 4186 1008 4255; x_wconf 79' lang='grc' dir='ltr'>τῇ</span> <span class='ocrx_word' id='word_1_401' title='bbox 1053 4184 1331 4256; x_wconf 81' lang='grc' dir='ltr'>μιαιφόνῳ</span> <span class='ocrx_word' id='word_1_402' title='bbox 1387 4185 1758 4242; x_wconf 81' lang='grc' dir='ltr'>διατίθενται·</span> <span class='ocrx_word' id='word_1_403' title='bbox 1804 4187 1871 4240; x_wconf 73' lang='grc' dir='ltr'><strong>σὺ</strong></span> 
     </span>
    </p>
   </div>
   <div class='ocr_carea' id='block_1_61' title="bbox 288 4272 1872 4348">
    <p class='ocr_par' dir='ltr' id='par_1_61' title="bbox 288 4272 1872 4348">
     <span class='ocr_line' id='line_1_61' title="bbox 288 4272 1872 4348; baseline 0.004 -22"><span class='ocrx_word' id='word_1_404' title='bbox 288 4273 370 4337; x_wconf 74' lang='grc' dir='ltr'>δὲ,</span> <span class='ocrx_word' id='word_1_405' title='bbox 412 4272 734 4342; x_wconf 70' lang='grc' dir='ltr'>φθέγξαιτι</span> <span class='ocrx_word' id='word_1_406' title='bbox 767 4276 834 4346; x_wconf 85' lang='grc' dir='ltr'>τῇ</span> <span class='ocrx_word' id='word_1_407' title='bbox 886 4276 1074 4347; x_wconf 77' lang='grc' dir='ltr'>Μητρὶ</span> <span class='ocrx_word' id='word_1_408' title='bbox 1110 4277 1531 4347; x_wconf 83' lang='grc' dir='ltr'>συντακτήριον,</span> <span class='ocrx_word' id='word_1_409' title='bbox 1583 4279 1611 4331; x_wconf 91' lang='lat'><strong>6</strong></span> <span class='ocrx_word' id='word_1_410' title='bbox 1642 4278 1872 4348; x_wconf 82' lang='grc' dir='ltr'>μηδενὸς</span> 
     </span>
    </p>
   </div>
   <div class='ocr_carea' id='block_1_62' title="bbox 288 4365 1873 4438">
    <p class='ocr_par' dir='ltr' id='par_1_62' title="bbox 288 4365 1873 4438">
     <span class='ocr_line' id='line_1_62' title="bbox 288 4365 1873 4438; baseline 0.005 -21"><span class='ocrx_word' id='word_1_411' title='bbox 288 4365 402 4418; x_wconf 86' lang='grc' dir='ltr'><strong>τῶν</strong></span> <span class='ocrx_word' id='word_1_412' title='bbox 432 4366 603 4419; x_wconf 77' lang='grc' dir='ltr'>ὄντων</span> <span class='ocrx_word' id='word_1_413' title='bbox 636 4365 1098 4438; x_wconf 75' lang='grc' dir='ltr'>ἀπολειπόμενοςσ</span> <span class='ocrx_word' id='word_1_414' title='bbox 1120 4367 1365 4437; x_wconf 48' lang='grc' dir='ltr'><strong>⁵φθέγξαι</strong></span> <span class='ocrx_word' id='word_1_415' title='bbox 1406 4369 1583 4437; x_wconf 81' lang='grc' dir='ltr'>γλυκὺ</span> <span class='ocrx_word' id='word_1_416' title='bbox 1612 4371 1706 4424; x_wconf 77' lang='grc' dir='ltr'>καὶ</span> <span class='ocrx_word' id='word_1_417' title='bbox 1737 4370 1873 4435; x_wconf 80' lang='grc' dir='ltr'>ζωο-</span> 
     </span>
    </p>
   </div>
   <div class='ocr_carea' id='block_1_63' title="bbox 1962 1894 3539 1966">
    <p class='ocr_par' dir='ltr' id='par_1_63' title="bbox 1962 1894 3539 1966">
     <span class='ocr_line' id='line_1_63' title="bbox 1962 1894 3539 1966; baseline 0 -15"><span class='ocrx_word' id='word_1_418' title='bbox 1962 1894 2219 1951; x_wconf 82' lang='lat' dir='ltr'><strong>melliﬂua</strong></span> <span class='ocrx_word' id='word_1_419' title='bbox 2259 1896 2426 1963; x_wconf 83' lang='lat' dir='ltr'><strong>labia,</strong></span> <span class='ocrx_word' id='word_1_420' title='bbox 2478 1897 2675 1966; x_wconf 90' lang='lat' dir='ltr'><strong>quibus</strong></span> <span class='ocrx_word' id='word_1_421' title='bbox 2721 1911 2892 1965; x_wconf 82' lang='lat' dir='ltr'><strong>nuper</strong></span> <span class='ocrx_word' id='word_1_422' title='bbox 2930 1896 3237 1961; x_wconf 83' lang='lat' dir='ltr'><strong>suscitabas</strong></span> <span class='ocrx_word' id='word_1_423' title='bbox 3268 1908 3539 1961; x_wconf 83' lang='lat' dir='ltr'><strong>murtuos,</strong></span> 
     </span>
    </p>
   </div>
   <div class='ocr_carea' id='block_1_64' title="bbox 1964 1987 3539 2058">
    <p class='ocr_par' dir='ltr' id='par_1_64' title="bbox 1964 1987 3539 2058">
     <span class='ocr_line' id='line_1_64' title="bbox 1964 1987 3539 2058; baseline 0.001 -18"><span class='ocrx_word' id='word_1_424' title='bbox 1964 2003 2027 2042; x_wconf 90' lang='lat' dir='ltr'><strong>ac</strong></span> <span class='ocrx_word' id='word_1_425' title='bbox 2058 1989 2396 2044; x_wconf 69' lang='lat' dir='ltr'><strong>daemonibus</strong></span> <span class='ocrx_word' id='word_1_426' title='bbox 2442 1988 2768 2058; x_wconf 86' lang='lat' dir='ltr'><strong>imperabas,</strong></span> <span class='ocrx_word' id='word_1_427' title='bbox 2797 1987 2880 2044; x_wconf 86' lang='lat' dir='ltr'><strong>vel</strong></span> <span class='ocrx_word' id='word_1_428' title='bbox 2911 1988 2975 2043; x_wconf 87' lang='lat' dir='ltr'><strong>ad</strong></span> <span class='ocrx_word' id='word_1_429' title='bbox 3011 1988 3282 2042; x_wconf 84' lang='lat' dir='ltr'><strong>modicum</strong></span> <span class='ocrx_word' id='word_1_430' title='bbox 3318 1988 3539 2043; x_wconf 80' lang='lat' dir='ltr'><strong>silentia</strong></span> 
     </span>
    </p>
   </div>
   <div class='ocr_carea' id='block_1_65' title="bbox 1963 2080 2270 2135">
    <p class='ocr_par' dir='ltr' id='par_1_65' title="bbox 1963 2080 2270 2135">
     <span class='ocr_line' id='line_1_65' title="bbox 1963 2080 2270 2135; baseline -0.013 0"><span class='ocrx_word' id='word_1_431' title='bbox 1963 2080 2211 2135; x_wconf 71' lang='lat' dir='ltr'><strong>Videant?</strong></span> <span class='ocrx_word' id='word_1_432' title='bbox 2252 2099 2270 2132; x_wconf 84' lang='grc' dir='ltr'><strong>ι</strong></span> 
     </span>
    </p>
   </div>
   <div class='ocr_carea' id='block_1_66' title="bbox 2040 2161 3541 2237">
    <p class='ocr_par' dir='ltr' id='par_1_66' title="bbox 2040 2161 3541 2237">
     <span class='ocr_line' id='line_1_66' title="bbox 2040 2161 3541 2237; baseline 0 -14"><span class='ocrx_word' id='word_1_433' title='bbox 2040 2188 2060 2223; x_wconf 79' lang='grc' dir='ltr'><strong>ι</strong></span> <span class='ocrx_word' id='word_1_434' title='bbox 2103 2172 2204 2226; x_wconf 84' lang='lat' dir='ltr'><strong>Abi</strong></span> <span class='ocrx_word' id='word_1_435' title='bbox 2257 2161 2653 2237; x_wconf 69' lang='lat' dir='ltr'><strong>nihilominus,</strong></span> <span class='ocrx_word' id='word_1_436' title='bbox 2699 2170 2959 2237; x_wconf 85' lang='lat' dir='ltr'><strong>Domine,</strong></span> <span class='ocrx_word' id='word_1_437' title='bbox 3014 2170 3346 2225; x_wconf 69' lang='lat' dir='ltr'><strong>ineffabilem</strong></span> <span class='ocrx_word' id='word_1_438' title='bbox 3400 2171 3541 2229; x_wconf 77' lang='lat' dir='ltr'><strong>hanc</strong></span> 
     </span>
    </p>
   </div>
   <div class='ocr_carea' id='block_1_67' title="bbox 1965 2353 3545 2423">
    <p class='ocr_par' dir='ltr' id='par_1_67' title="bbox 1965 2353 3545 2423">
     <span class='ocr_line' id='line_1_67' title="bbox 1965 2353 3545 2423; baseline -0.001 -13"><span class='ocrx_word' id='word_1_439' title='bbox 1965 2356 2257 2410; x_wconf 79' lang='lat' dir='ltr'><strong>derabilior</strong></span> <span class='ocrx_word' id='word_1_440' title='bbox 2292 2353 2417 2417; x_wconf 80' lang='lat' dir='ltr'><strong>Fili,</strong></span> <span class='ocrx_word' id='word_1_441' title='bbox 2466 2366 2522 2407; x_wconf 91' lang='lat' dir='ltr'><strong>ut</strong></span> <span class='ocrx_word' id='word_1_442' title='bbox 2556 2370 2859 2423; x_wconf 82' lang='lat' dir='ltr'><strong>congruum</strong></span> <span class='ocrx_word' id='word_1_443' title='bbox 2897 2354 2993 2408; x_wconf 87' lang='lat' dir='ltr'><strong>tibi</strong></span> <span class='ocrx_word' id='word_1_444' title='bbox 3038 2355 3301 2408; x_wconf 87' lang='lat' dir='ltr'><strong>honorem</strong></span> <span class='ocrx_word' id='word_1_445' title='bbox 3349 2368 3545 2409; x_wconf 86' lang='lat' dir='ltr'><strong>conse-</strong></span> 
     </span>
    </p>
   </div>
   <div class='ocr_carea' id='block_1_68' title="bbox 1969 2238 3663 2343">
    <p class='ocr_par' dir='ltr' id='par_1_68' title="bbox 1969 2251 3663 2343">
     <span class='ocr_line' id='line_1_68' title="bbox 1969 2251 3663 2343; baseline -0.002 -24"><span class='ocrx_word' id='word_1_446' title='bbox 1969 2264 2432 2333; x_wconf 83' lang='lat' dir='ltr'><strong>dispensationcm</strong></span> <span class='ocrx_word' id='word_1_447' title='bbox 2479 2263 2802 2332; x_wconf 84' lang='lat' dir='ltr'><strong>impleturus</strong></span> <span class='ocrx_word' id='word_1_448' title='bbox 2848 2279 2862 2316; x_wconf 90' lang='lat'><strong>:</strong></span> <span class='ocrx_word' id='word_1_449' title='bbox 2900 2262 3009 2327; x_wconf 84' lang='lat' dir='ltr'><strong>ubi,</strong></span> <span class='ocrx_word' id='word_1_450' title='bbox 3042 2261 3187 2316; x_wconf 86' lang='lat' dir='ltr'><strong>bono</strong></span> <span class='ocrx_word' id='word_1_451' title='bbox 3220 2263 3365 2316; x_wconf 88' lang='lat' dir='ltr'><strong>omni</strong></span> <span class='ocrx_word' id='word_1_452' title='bbox 3403 2262 3550 2316; x_wconf 87' lang='lat' dir='ltr'><strong>dcsi-</strong></span> <span class='ocrx_word' id='word_1_453' title='bbox 3594 2300 3599 2305; x_wconf 56' lang='lat'><strong><em>~</em></strong></span> 
     </span>
    </p>
   </div>
   <div class='ocr_carea' id='block_1_69' title="bbox 3637 2350 3662 2417">
    <p class='ocr_par' dir='ltr' id='par_1_69' title="bbox 3637 2350 3662 2417">
     <span class='ocr_line' id='line_1_69' title="bbox 3637 2350 3662 2417; baseline 0 0"><span class='ocrx_word' id='word_1_454' title='bbox 3637 2350 3662 2417; x_wconf 63' lang='grc' dir='ltr'><em>ἔ</em></span> 
     </span>
    </p>
   </div>
   <div class='ocr_carea' id='block_1_70' title="bbox 1966 2438 3660 2525">
    <p class='ocr_par' dir='ltr' id='par_1_70' title="bbox 1966 2438 3660 2525">
     <span class='ocr_line' id='line_1_70' title="bbox 1966 2438 3660 2525; baseline -0.005 -22"><span class='ocrx_word' id='word_1_455' title='bbox 1966 2447 2171 2525; x_wconf 71' lang='lat' dir='ltr'><strong>quaris.</strong></span> <span class='ocrx_word' id='word_1_456' title='bbox 2208 2442 2321 2500; x_wconf 84' lang='lat' dir='ltr'><strong>Nec</strong></span> <span class='ocrx_word' id='word_1_457' title='bbox 2354 2445 2495 2499; x_wconf 90' lang='lat' dir='ltr'><strong>enim</strong></span> <span class='ocrx_word' id='word_1_458' title='bbox 2541 2444 2655 2523; x_wconf 86' lang='lat' dir='ltr'><strong>jam</strong></span> <span class='ocrx_word' id='word_1_459' title='bbox 2691 2455 2742 2500; x_wconf 90' lang='lat' dir='ltr'><strong>te</strong></span> <span class='ocrx_word' id='word_1_460' title='bbox 2770 2444 3004 2514; x_wconf 88' lang='lat' dir='ltr'><strong>amplius</strong></span> <span class='ocrx_word' id='word_1_461' title='bbox 3033 2442 3394 2512; x_wconf 84' lang='lat' dir='ltr'><strong>corporaliter</strong></span> <span class='ocrx_word' id='word_1_462' title='bbox 3423 2459 3541 2498; x_wconf 89' lang='lat' dir='ltr'><strong>sum</strong></span> <span class='ocrx_word' id='word_1_463' title='bbox 3620 2438 3660 2504; x_wconf 54' lang='grc' dir='ltr'>ἦ</span> 
     </span>
    </p>
   </div>
   <div class='ocr_carea' id='block_1_71' title="bbox 1969 2534 3545 2608">
    <p class='ocr_par' dir='ltr' id='par_1_71' title="bbox 1969 2534 3545 2608">
     <span class='ocr_line' id='line_1_71' title="bbox 1969 2534 3545 2608; baseline -0.003 -16"><span class='ocrx_word' id='word_1_464' title='bbox 1969 2536 2335 2608; x_wconf 80' lang='lat' dir='ltr'><strong>amplexatura</strong></span> <span class='ocrx_word' id='word_1_465' title='bbox 2365 2537 2528 2590; x_wconf 89' lang='lat' dir='ltr'><strong>decus</strong></span> <span class='ocrx_word' id='word_1_466' title='bbox 2558 2551 2738 2591; x_wconf 90' lang='lat' dir='ltr'><strong>meum</strong></span> <span class='ocrx_word' id='word_1_467' title='bbox 2771 2552 2784 2588; x_wconf 94' lang='lat'>:</span> <span class='ocrx_word' id='word_1_468' title='bbox 2823 2550 2985 2605; x_wconf 89' lang='lat' dir='ltr'><strong>quam</strong></span> <span class='ocrx_word' id='word_1_469' title='bbox 3022 2535 3169 2587; x_wconf 89' lang='lat' dir='ltr'><strong>enim</strong></span> <span class='ocrx_word' id='word_1_470' title='bbox 3197 2534 3545 2603; x_wconf 80' lang='lat' dir='ltr'><strong>assumpsisti</strong></span> 
     </span>
    </p>
   </div>
   <div class='ocr_carea' id='block_1_72' title="bbox 1968 2625 3542 2691">
    <p class='ocr_par' dir='ltr' id='par_1_72' title="bbox 1968 2625 3542 2691">
     <span class='ocr_line' id='line_1_72' title="bbox 1968 2625 3542 2691; baseline -0.003 -9"><span class='ocrx_word' id='word_1_471' title='bbox 1968 2640 2268 2691; x_wconf 88' lang='lat' dir='ltr'><strong>naturam,</strong></span> <span class='ocrx_word' id='word_1_472' title='bbox 2323 2626 2504 2682; x_wconf 87' lang='lat' dir='ltr'><strong>divina</strong></span> <span class='ocrx_word' id='word_1_473' title='bbox 2537 2635 2651 2681; x_wconf 66' lang='lat' dir='ltr'><strong>tua</strong></span> <span class='ocrx_word' id='word_1_474' title='bbox 2698 2625 2828 2679; x_wconf 87' lang='lat' dir='ltr'><strong>sede</strong></span> <span class='ocrx_word' id='word_1_475' title='bbox 2880 2625 3167 2680; x_wconf 88' lang='lat' dir='ltr'><strong>sublimem</strong></span> <span class='ocrx_word' id='word_1_476' title='bbox 3219 2625 3542 2680; x_wconf 87' lang='lat' dir='ltr'><strong>collocatam</strong></span> 
     </span>
    </p>
   </div>
   <div class='ocr_carea' id='block_1_73' title="bbox 1967 2715 3543 2787">
    <p class='ocr_par' dir='ltr' id='par_1_73' title="bbox 1967 2715 3543 2787">
     <span class='ocr_line' id='line_1_73' title="bbox 1967 2715 3543 2787; baseline -0.003 -12"><span class='ocrx_word' id='word_1_477' title='bbox 1967 2719 2152 2775; x_wconf 84' lang='lat' dir='ltr'><strong>babes.</strong></span> <span class='ocrx_word' id='word_1_478' title='bbox 2188 2718 2302 2773; x_wconf 84' lang='lat' dir='ltr'><strong>Non</strong></span> <span class='ocrx_word' id='word_1_479' title='bbox 2315 2717 2426 2787; x_wconf 87' lang='lat' dir='ltr'><strong>jam</strong></span> <span class='ocrx_word' id='word_1_480' title='bbox 2446 2717 2678 2787; x_wconf 88' lang='lat' dir='ltr'><strong>amplius</strong></span> <span class='ocrx_word' id='word_1_481' title='bbox 2704 2725 3071 2772; x_wconf 86' lang='lat' dir='ltr'><strong>maternarum</strong></span> <span class='ocrx_word' id='word_1_482' title='bbox 3091 2715 3266 2772; x_wconf 74' lang='lat' dir='ltr'><strong>ofﬁcio</strong></span> <span class='ocrx_word' id='word_1_483' title='bbox 3289 2732 3543 2771; x_wconf 88' lang='lat' dir='ltr'><strong>manuum</strong></span> 
     </span>
    </p>
   </div>
   <div class='ocr_carea' id='block_1_74' title="bbox 1966 2810 3544 2892">
    <p class='ocr_par' dir='ltr' id='par_1_74' title="bbox 1966 2810 3544 2892">
     <span class='ocr_line' id='line_1_74' title="bbox 1966 2810 3544 2892; baseline -0.001 -25"><span class='ocrx_word' id='word_1_484' title='bbox 1966 2821 2222 2880; x_wconf 81' lang='lat' dir='ltr'><strong>ornatura</strong></span> <span class='ocrx_word' id='word_1_485' title='bbox 2259 2827 2379 2892; x_wconf 79' lang='lat' dir='ltr'><strong>sum</strong></span> <span class='ocrx_word' id='word_1_486' title='bbox 2409 2825 2607 2880; x_wconf 88' lang='lat' dir='ltr'><strong>corpus</strong></span> <span class='ocrx_word' id='word_1_487' title='bbox 2634 2820 2784 2864; x_wconf 90' lang='lat' dir='ltr'><strong>tuum</strong></span> <span class='ocrx_word' id='word_1_488' title='bbox 2812 2827 2828 2876; x_wconf 89' lang='lat'><strong>;</strong></span> <span class='ocrx_word' id='word_1_489' title='bbox 2862 2811 3062 2881; x_wconf 88' lang='lat' dir='ltr'><strong>quippe</strong></span> <span class='ocrx_word' id='word_1_490' title='bbox 3099 2810 3381 2865; x_wconf 73' lang='lat' dir='ltr'><strong>elcvasad</strong></span> <span class='ocrx_word' id='word_1_491' title='bbox 3414 2825 3544 2879; x_wconf 86' lang='lat' dir='ltr'><strong>pro-</strong></span> 
     </span>
    </p>
   </div>
   <div class='ocr_carea' id='block_1_75' title="bbox 1968 2902 3545 2974">
    <p class='ocr_par' dir='ltr' id='par_1_75' title="bbox 1968 2902 3545 2974">
     <span class='ocr_line' id='line_1_75' title="bbox 1968 2902 3545 2974; baseline -0.001 -18"><span class='ocrx_word' id='word_1_492' title='bbox 1968 2903 2137 2973; x_wconf 90' lang='lat' dir='ltr'><strong>priam</strong></span> <span class='ocrx_word' id='word_1_493' title='bbox 2166 2902 2413 2973; x_wconf 77' lang='lat' dir='ltr'><strong>gloriam,</strong></span> <span class='ocrx_word' id='word_1_494' title='bbox 2449 2904 2539 2972; x_wconf 89' lang='lat' dir='ltr'><strong>qui</strong></span> <span class='ocrx_word' id='word_1_495' title='bbox 2570 2919 2597 2956; x_wconf 89' lang='lat' dir='ltr'><strong>a</strong></span> <span class='ocrx_word' id='word_1_496' title='bbox 2633 2903 2804 2972; x_wconf 88' lang='lat' dir='ltr'><strong>prima</strong></span> <span class='ocrx_word' id='word_1_497' title='bbox 2841 2903 3013 2974; x_wconf 90' lang='lat' dir='ltr'><strong>gloria</strong></span> <span class='ocrx_word' id='word_1_498' title='bbox 3050 2918 3326 2972; x_wconf 86' lang='lat' dir='ltr'><strong>nunquam</strong></span> <span class='ocrx_word' id='word_1_499' title='bbox 3364 2916 3545 2957; x_wconf 87' lang='lat' dir='ltr'><strong>reces-</strong></span> 
     </span>
    </p>
   </div>
   <div class='ocr_carea' id='block_1_76' title="bbox 1968 2992 3547 3065">
    <p class='ocr_par' dir='ltr' id='par_1_76' title="bbox 1968 2992 3547 3065">
     <span class='ocr_line' id='line_1_76' title="bbox 1968 2992 3547 3065; baseline -0.001 -15"><span class='ocrx_word' id='word_1_500' title='bbox 1968 2995 2103 3057; x_wconf 83' lang='lat' dir='ltr'><strong>sisti.</strong></span> <span class='ocrx_word' id='word_1_501' title='bbox 2133 2995 2451 3065; x_wconf 85' lang='lat' dir='ltr'><strong>Quanquam</strong></span> <span class='ocrx_word' id='word_1_502' title='bbox 2484 2995 2628 3049; x_wconf 89' lang='lat' dir='ltr'><strong>enim</strong></span> <span class='ocrx_word' id='word_1_503' title='bbox 2657 2995 2876 3050; x_wconf 84' lang='lat' dir='ltr'><strong>deitatis</strong></span> <span class='ocrx_word' id='word_1_504' title='bbox 2905 2996 3191 3064; x_wconf 78' lang='lat' dir='ltr'><strong>praesentia</strong></span> <span class='ocrx_word' id='word_1_505' title='bbox 3222 3008 3344 3047; x_wconf 90' lang='lat' dir='ltr'><strong>cum</strong></span> <span class='ocrx_word' id='word_1_506' title='bbox 3373 2992 3547 3061; x_wconf 75' lang='lat' dir='ltr'><strong>Matre</strong></span> 
     </span>
    </p>
   </div>
   <div class='ocr_carea' id='block_1_77' title="bbox 1970 3085 3546 3154">
    <p class='ocr_par' dir='ltr' id='par_1_77' title="bbox 1970 3085 3546 3154">
     <span class='ocr_line' id='line_1_77' title="bbox 1970 3085 3546 3154; baseline 0.001 -17"><span class='ocrx_word' id='word_1_507' title='bbox 1970 3096 2292 3140; x_wconf 86' lang='lat' dir='ltr'><strong>versaturus</strong></span> <span class='ocrx_word' id='word_1_508' title='bbox 2323 3086 2415 3148; x_wconf 84' lang='lat' dir='ltr'><strong>sis,</strong></span> <span class='ocrx_word' id='word_1_509' title='bbox 2464 3100 2569 3139; x_wconf 91' lang='lat' dir='ltr'><strong>non</strong></span> <span class='ocrx_word' id='word_1_510' title='bbox 2600 3094 2780 3139; x_wconf 88' lang='lat' dir='ltr'><strong>tamen</strong></span> <span class='ocrx_word' id='word_1_511' title='bbox 2817 3095 2875 3140; x_wconf 90' lang='lat' dir='ltr'><strong>ut</strong></span> <span class='ocrx_word' id='word_1_512' title='bbox 2907 3085 3069 3154; x_wconf 88' lang='lat' dir='ltr'><strong>olim;</strong></span> <span class='ocrx_word' id='word_1_513' title='bbox 3101 3101 3208 3139; x_wconf 87' lang='lat' dir='ltr'><strong>non</strong></span> <span class='ocrx_word' id='word_1_514' title='bbox 3235 3086 3308 3139; x_wconf 87' lang='lat' dir='ltr'><strong>ita</strong></span> <span class='ocrx_word' id='word_1_515' title='bbox 3336 3093 3393 3139; x_wconf 88' lang='lat' dir='ltr'><strong>ut</strong></span> <span class='ocrx_word' id='word_1_516' title='bbox 3427 3102 3546 3138; x_wconf 82' lang='lat' dir='ltr'><strong>am-</strong></span> 
     </span>
    </p>
   </div>
   <div class='ocr_carea' id='block_1_78' title="bbox 1969 3176 3543 3249">
    <p class='ocr_par' dir='ltr' id='par_1_78' title="bbox 1969 3176 3543 3249">
     <span class='ocr_line' id='line_1_78' title="bbox 1969 3176 3543 3249; baseline 0 -19"><span class='ocrx_word' id='word_1_517' title='bbox 1969 3176 2244 3247; x_wconf 83' lang='lat' dir='ltr'><strong>plexetur;</strong></span> <span class='ocrx_word' id='word_1_518' title='bbox 2278 3185 2337 3231; x_wconf 90' lang='lat' dir='ltr'><strong>ut</strong></span> <span class='ocrx_word' id='word_1_519' title='bbox 2370 3176 2514 3232; x_wconf 83' lang='lat' dir='ltr'><strong>dulci</strong></span> <span class='ocrx_word' id='word_1_520' title='bbox 2562 3186 2656 3232; x_wconf 89' lang='lat' dir='ltr'><strong>tuo</strong></span> <span class='ocrx_word' id='word_1_521' title='bbox 2689 3185 2912 3247; x_wconf 89' lang='lat' dir='ltr'><strong>aspectu</strong></span> <span class='ocrx_word' id='word_1_522' title='bbox 2959 3176 3163 3249; x_wconf 80' lang='lat' dir='ltr'><strong>jugiter</strong></span> <span class='ocrx_word' id='word_1_523' title='bbox 3201 3177 3543 3248; x_wconf 79' lang='lat' dir='ltr'><strong>perfruatur;</strong></span> 
     </span>
    </p>
   </div>
   <div class='ocr_carea' id='block_1_79' title="bbox 1971 3266 3547 3347">
    <p class='ocr_par' dir='ltr' id='par_1_79' title="bbox 1971 3266 3547 3347">
     <span class='ocr_line' id='line_1_79' title="bbox 1971 3266 3547 3347; baseline 0.001 -25"><span class='ocrx_word' id='word_1_524' title='bbox 1971 3275 2029 3322; x_wconf 91' lang='lat' dir='ltr'><strong>ut</strong></span> <span class='ocrx_word' id='word_1_525' title='bbox 2052 3281 2314 3337; x_wconf 90' lang='lat' dir='ltr'><strong>corporeo</strong></span> <span class='ocrx_word' id='word_1_526' title='bbox 2345 3276 2437 3322; x_wconf 90' lang='lat' dir='ltr'><strong>tuo</strong></span> <span class='ocrx_word' id='word_1_527' title='bbox 2481 3267 2677 3331; x_wconf 88' lang='lat' dir='ltr'><strong>decore</strong></span> <span class='ocrx_word' id='word_1_528' title='bbox 2713 3266 3034 3324; x_wconf 87' lang='lat' dir='ltr'><strong>delectetur.</strong></span> <span class='ocrx_word' id='word_1_529' title='bbox 3073 3267 3151 3323; x_wconf 73' lang='lat' dir='ltr'><strong>Ac</strong></span> <span class='ocrx_word' id='word_1_530' title='bbox 3179 3269 3423 3347; x_wconf 80' lang='lat' dir='ltr'><strong>quidem,</strong></span> <span class='ocrx_word' id='word_1_531' title='bbox 3455 3284 3547 3323; x_wconf 84' lang='lat' dir='ltr'><strong>su-</strong></span> 
     </span>
    </p>
   </div>
   <div class='ocr_carea' id='block_1_80' title="bbox 1970 3357 3545 3429">
    <p class='ocr_par' dir='ltr' id='par_1_80' title="bbox 1970 3357 3545 3429">
     <span class='ocr_line' id='line_1_80' title="bbox 1970 3357 3545 3429; baseline 0.003 -16"><span class='ocrx_word' id='word_1_532' title='bbox 1970 3373 2171 3428; x_wconf 68' lang='lat' dir='ltr'><strong>premae</strong></span> <span class='ocrx_word' id='word_1_533' title='bbox 2222 3357 2352 3414; x_wconf 85' lang='lat' dir='ltr'><strong>mihi</strong></span> <span class='ocrx_word' id='word_1_534' title='bbox 2404 3358 2591 3429; x_wconf 68' lang='lat' dir='ltr'><strong>gloriae</strong></span> <span class='ocrx_word' id='word_1_535' title='bbox 2617 3374 2681 3414; x_wconf 83' lang='lat' dir='ltr'><strong>ac</strong></span> <span class='ocrx_word' id='word_1_536' title='bbox 2715 3359 2920 3413; x_wconf 70' lang='lat' dir='ltr'><strong>laztitite</strong></span> <span class='ocrx_word' id='word_1_537' title='bbox 2950 3374 3114 3414; x_wconf 88' lang='lat' dir='ltr'><strong>causa</strong></span> <span class='ocrx_word' id='word_1_538' title='bbox 3145 3361 3240 3426; x_wconf 85' lang='lat' dir='ltr'><strong>sit,</strong></span> <span class='ocrx_word' id='word_1_539' title='bbox 3275 3370 3334 3415; x_wconf 91' lang='lat' dir='ltr'><strong>ut</strong></span> <span class='ocrx_word' id='word_1_540' title='bbox 3366 3372 3545 3417; x_wconf 83' lang='lat' dir='ltr'><strong>tecum</strong></span> 
     </span>
    </p>
   </div>
   <div class='ocr_carea' id='block_1_81' title="bbox 1970 3450 3547 3521">
    <p class='ocr_par' dir='ltr' id='par_1_81' title="bbox 1970 3450 3547 3521">
     <span class='ocr_line' id='line_1_81' title="bbox 1970 3450 3547 3521; baseline 0.002 -17"><span class='ocrx_word' id='word_1_541' title='bbox 1970 3450 2152 3504; x_wconf 87' lang='lat' dir='ltr'><strong>animo</strong></span> <span class='ocrx_word' id='word_1_542' title='bbox 2185 3465 2395 3516; x_wconf 81' lang='lat' dir='ltr'><strong>verser,</strong></span> <span class='ocrx_word' id='word_1_543' title='bbox 2431 3459 2591 3521; x_wconf 87' lang='lat' dir='ltr'><strong>teque</strong></span> <span class='ocrx_word' id='word_1_544' title='bbox 2639 3451 2898 3518; x_wconf 86' lang='lat' dir='ltr'><strong>continue</strong></span> <span class='ocrx_word' id='word_1_545' title='bbox 2931 3452 3201 3521; x_wconf 84' lang='lat' dir='ltr'><strong>alloquar,</strong></span> <span class='ocrx_word' id='word_1_546' title='bbox 3257 3463 3431 3507; x_wconf 88' lang='lat' dir='ltr'><strong>morte</strong></span> <span class='ocrx_word' id='word_1_547' title='bbox 3458 3463 3547 3507; x_wconf 78' lang='lat' dir='ltr'><strong>tua</strong></span> 
     </span>
    </p>
   </div>
   <div class='ocr_carea' id='block_1_82' title="bbox 1971 3541 3550 3617">
    <p class='ocr_par' dir='ltr' id='par_1_82' title="bbox 1971 3541 3550 3617">
     <span class='ocr_line' id='line_1_82' title="bbox 1971 3541 3550 3617; baseline 0.003 -23"><span class='ocrx_word' id='word_1_548' title='bbox 1971 3541 2352 3596; x_wconf 87' lang='lat' dir='ltr'><strong>universorum</strong></span> <span class='ocrx_word' id='word_1_549' title='bbox 2411 3542 2573 3598; x_wconf 88' lang='lat' dir='ltr'><strong>saluti</strong></span> <span class='ocrx_word' id='word_1_550' title='bbox 2613 3543 2840 3617; x_wconf 77' lang='lat' dir='ltr'><strong>provide</strong></span> <span class='ocrx_word' id='word_1_551' title='bbox 2894 3544 3292 3611; x_wconf 87' lang='lat' dir='ltr'><strong>consulentem,</strong></span> <span class='ocrx_word' id='word_1_552' title='bbox 3343 3560 3550 3599; x_wconf 79' lang='lat' dir='ltr'><strong>assum-</strong></span> 
     </span>
    </p>
   </div>
   <div class='ocr_carea' id='block_1_83' title="bbox 1972 3632 3550 3710">
    <p class='ocr_par' dir='ltr' id='par_1_83' title="bbox 1972 3632 3550 3710">
     <span class='ocr_line' id='line_1_83' title="bbox 1972 3632 3550 3710; baseline 0.004 -25"><span class='ocrx_word' id='word_1_553' title='bbox 1972 3638 2227 3710; x_wconf 81' lang='lat' dir='ltr'><strong>ptamque</strong></span> <span class='ocrx_word' id='word_1_554' title='bbox 2260 3632 2704 3701; x_wconf 87' lang='lat' dir='ltr'><strong>conspersionem</strong></span> <span class='ocrx_word' id='word_1_555' title='bbox 2740 3633 2796 3687; x_wconf 91' lang='lat' dir='ltr'><strong>in</strong></span> <span class='ocrx_word' id='word_1_556' title='bbox 2826 3633 3012 3689; x_wconf 85' lang='lat' dir='ltr'><strong>sedem</strong></span> <span class='ocrx_word' id='word_1_557' title='bbox 3066 3637 3345 3703; x_wconf 86' lang='lat' dir='ltr'><strong>propriam</strong></span> <span class='ocrx_word' id='word_1_558' title='bbox 3376 3637 3550 3692; x_wconf 82' lang='lat' dir='ltr'><strong>suble-</strong></span> 
     </span>
    </p>
   </div>
   <div class='ocr_carea' id='block_1_84' title="bbox 1970 3726 3548 3799">
    <p class='ocr_par' dir='ltr' id='par_1_84' title="bbox 1970 3726 3548 3799">
     <span class='ocr_line' id='line_1_84' title="bbox 1970 3726 3548 3799; baseline 0.002 -20"><span class='ocrx_word' id='word_1_559' title='bbox 1970 3735 2186 3779; x_wconf 87' lang='lat' dir='ltr'><strong>vantem</strong></span> <span class='ocrx_word' id='word_1_560' title='bbox 2217 3742 2231 3780; x_wconf 90' lang='lat'>:</span> <span class='ocrx_word' id='word_1_561' title='bbox 2269 3733 2416 3799; x_wconf 83' lang='lat' dir='ltr'><strong>tenet</strong></span> <span class='ocrx_word' id='word_1_562' title='bbox 2448 3734 2628 3779; x_wconf 87' lang='lat' dir='ltr'><strong>tamen</strong></span> <span class='ocrx_word' id='word_1_563' title='bbox 2652 3726 2927 3796; x_wconf 73' lang='lat' dir='ltr'><strong>angustia,</strong></span> <span class='ocrx_word' id='word_1_564' title='bbox 2960 3740 3026 3781; x_wconf 87' lang='lat' dir='ltr'><strong>ac</strong></span> <span class='ocrx_word' id='word_1_565' title='bbox 3059 3734 3276 3796; x_wconf 89' lang='lat' dir='ltr'><strong>torquet</strong></span> <span class='ocrx_word' id='word_1_566' title='bbox 3311 3728 3548 3799; x_wconf 75' lang='lat' dir='ltr'><strong>viscera,</strong></span> 
     </span>
    </p>
   </div>
   <div class='ocr_carea' id='block_1_85' title="bbox 1972 3798 3549 3887">
    <p class='ocr_par' dir='ltr' id='par_1_85' title="bbox 1972 3798 3549 3887">
     <span class='ocr_line' id='line_1_85' title="bbox 1972 3798 3549 3887; baseline 0.003 -17"><span class='ocrx_word' id='word_1_567' title='bbox 1972 3831 2092 3885; x_wconf 67' lang='lat' dir='ltr'><strong>qua:</strong></span> <span class='ocrx_word' id='word_1_568' title='bbox 2128 3798 2400 3887; x_wconf 86' lang='lat' dir='ltr'><strong>dolentem</strong></span> <span class='ocrx_word' id='word_1_569' title='bbox 2431 3824 2483 3871; x_wconf 91' lang='lat' dir='ltr'><strong>te</strong></span> <span class='ocrx_word' id='word_1_570' title='bbox 2512 3830 2578 3871; x_wconf 90' lang='lat' dir='ltr'><strong>ac</strong></span> <span class='ocrx_word' id='word_1_571' title='bbox 2604 3817 2924 3872; x_wconf 87' lang='lat' dir='ltr'><strong>morientem</strong></span> <span class='ocrx_word' id='word_1_572' title='bbox 2978 3817 3261 3886; x_wconf 87' lang='lat' dir='ltr'><strong>aspiciam,</strong></span> <span class='ocrx_word' id='word_1_573' title='bbox 3295 3798 3549 3875; x_wconf 80' lang='lat' dir='ltr'><strong>innume-</strong></span> 
     </span>
    </p>
   </div>
   <div class='ocr_carea' id='block_1_86' title="bbox 1972 3906 3552 3980">
    <p class='ocr_par' dir='ltr' id='par_1_86' title="bbox 1972 3906 3552 3980">
     <span class='ocr_line' id='line_1_86' title="bbox 1972 3906 3552 3980; baseline 0.003 -20"><span class='ocrx_word' id='word_1_574' title='bbox 1972 3906 2349 3978; x_wconf 85' lang='lat' dir='ltr'><strong>rabilibusque</strong></span> <span class='ocrx_word' id='word_1_575' title='bbox 2377 3907 2675 3962; x_wconf 80' lang='lat' dir='ltr'><strong>astantium</strong></span> <span class='ocrx_word' id='word_1_576' title='bbox 2705 3907 2851 3962; x_wconf 84' lang='lat' dir='ltr'><strong>cruci</strong></span> <span class='ocrx_word' id='word_1_577' title='bbox 2877 3946 2894 3973; x_wconf 91' lang='lat'><strong>,</strong></span> <span class='ocrx_word' id='word_1_578' title='bbox 2925 3922 2986 3961; x_wconf 89' lang='lat' dir='ltr'><strong>ac</strong></span> <span class='ocrx_word' id='word_1_579' title='bbox 3010 3909 3406 3963; x_wconf 85' lang='lat' dir='ltr'><strong>transeuntium</strong></span> <span class='ocrx_word' id='word_1_580' title='bbox 3453 3925 3552 3980; x_wconf 84' lang='lat' dir='ltr'><strong>op-</strong></span> 
     </span>
    </p>
   </div>
   <div class='ocr_carea' id='block_1_87' title="bbox 1973 3998 3549 4079">
    <p class='ocr_par' dir='ltr' id='par_1_87' title="bbox 1973 3998 3549 4079">
     <span class='ocr_line' id='line_1_87' title="bbox 1973 3998 3549 4079; baseline 0.001 -26"><span class='ocrx_word' id='word_1_581' title='bbox 1973 3998 2207 4079; x_wconf 64' lang='lat' dir='ltr'><strong>probriis</strong></span> <span class='ocrx_word' id='word_1_582' title='bbox 2225 3998 2524 4069; x_wconf 87' lang='lat' dir='ltr'><strong>appetitum</strong></span> <span class='ocrx_word' id='word_1_583' title='bbox 2555 4013 2572 4053; x_wconf 86' lang='lat'><strong>:</strong></span> <span class='ocrx_word' id='word_1_584' title='bbox 2603 4011 2806 4067; x_wconf 87' lang='lat' dir='ltr'><strong>eosque</strong></span> <span class='ocrx_word' id='word_1_585' title='bbox 2829 3998 3068 4063; x_wconf 89' lang='lat' dir='ltr'><strong>demum,</strong></span> <span class='ocrx_word' id='word_1_586' title='bbox 3092 4012 3232 4068; x_wconf 89' lang='lat' dir='ltr'><strong>quos</strong></span> <span class='ocrx_word' id='word_1_587' title='bbox 3274 4010 3421 4053; x_wconf 83' lang='lat' dir='ltr'><strong>tanta</strong></span> <span class='ocrx_word' id='word_1_588' title='bbox 3457 4000 3549 4055; x_wconf 84' lang='lat' dir='ltr'><strong>illa</strong></span> 
     </span>
    </p>
   </div>
   <div class='ocr_carea' id='block_1_88' title="bbox 1974 4086 3548 4163">
    <p class='ocr_par' dir='ltr' id='par_1_88' title="bbox 1974 4086 3548 4163">
     <span class='ocr_line' id='line_1_88' title="bbox 1974 4086 3548 4163; baseline 0 -21"><span class='ocrx_word' id='word_1_589' title='bbox 1974 4088 2314 4159; x_wconf 80' lang='lat' dir='ltr'><strong>providentia</strong></span> <span class='ocrx_word' id='word_1_590' title='bbox 2370 4088 2659 4158; x_wconf 89' lang='lat' dir='ltr'><strong>oportebat</strong></span> <span class='ocrx_word' id='word_1_591' title='bbox 2698 4086 2968 4163; x_wconf 28' lang='lat' dir='ltr'><strong>‘meliorcs</strong></span> <span class='ocrx_word' id='word_1_592' title='bbox 3008 4086 3152 4150; x_wconf 75' lang='lat' dir='ltr'><strong>fieri,</strong></span> <span class='ocrx_word' id='word_1_593' title='bbox 3191 4087 3337 4156; x_wconf 86' lang='lat' dir='ltr'><strong>ipsos</strong></span> <span class='ocrx_word' id='word_1_594' title='bbox 3380 4102 3460 4153; x_wconf 89' lang='lat' dir='ltr'><strong>se,</strong></span> <span class='ocrx_word' id='word_1_595' title='bbox 3492 4088 3548 4142; x_wconf 89' lang='lat' dir='ltr'><strong>in</strong></span> 
     </span>
    </p>
   </div>
   <div class='ocr_carea' id='block_1_89' title="bbox 1976 4176 3548 4248">
    <p class='ocr_par' dir='ltr' id='par_1_89' title="bbox 1976 4176 3548 4248">
     <span class='ocr_line' id='line_1_89' title="bbox 1976 4176 3548 4248; baseline 0.002 -16"><span class='ocrx_word' id='word_1_596' title='bbox 1976 4178 2303 4248; x_wconf 89' lang='lat' dir='ltr'><strong>perditionis</strong></span> <span class='ocrx_word' id='word_1_597' title='bbox 2350 4176 2695 4243; x_wconf 82' lang='lat' dir='ltr'><strong>barathrum,</strong></span> <span class='ocrx_word' id='word_1_598' title='bbox 2728 4178 2942 4233; x_wconf 84' lang='lat' dir='ltr'><strong>videam</strong></span> <span class='ocrx_word' id='word_1_599' title='bbox 2983 4179 3339 4247; x_wconf 85' lang='lat' dir='ltr'><strong>impellentes.</strong></span> <span class='ocrx_word' id='word_1_600' title='bbox 3370 4178 3548 4235; x_wconf 76' lang='lat' dir='ltr'><strong>Czete-</strong></span> 
     </span>
    </p>
   </div>
   <div class='ocr_carea' id='block_1_90' title="bbox 1976 4270 3549 4340">
    <p class='ocr_par' dir='ltr' id='par_1_90' title="bbox 1976 4270 3549 4340">
     <span class='ocr_line' id='line_1_90' title="bbox 1976 4270 3549 4340; baseline 0.001 -14"><span class='ocrx_word' id='word_1_601' title='bbox 1976 4287 2094 4326; x_wconf 91' lang='lat' dir='ltr'><strong>rum</strong></span> <span class='ocrx_word' id='word_1_602' title='bbox 2125 4270 2199 4324; x_wconf 87' lang='lat' dir='ltr'><strong>illi</strong></span> <span class='ocrx_word' id='word_1_603' title='bbox 2227 4270 2308 4325; x_wconf 89' lang='lat' dir='ltr'><strong>sic</strong></span> <span class='ocrx_word' id='word_1_604' title='bbox 2336 4270 2558 4336; x_wconf 86' lang='lat' dir='ltr'><strong>habent,</strong></span> <span class='ocrx_word' id='word_1_605' title='bbox 2586 4287 2684 4340; x_wconf 89' lang='lat' dir='ltr'><strong>pro</strong></span> <span class='ocrx_word' id='word_1_606' title='bbox 2708 4286 2769 4326; x_wconf 89' lang='lat' dir='ltr'><strong>ea</strong></span> <span class='ocrx_word' id='word_1_607' title='bbox 2795 4271 3092 4329; x_wconf 82' lang='lat' dir='ltr'><strong>voluntate.</strong></span> <span class='ocrx_word' id='word_1_608' title='bbox 3123 4287 3228 4340; x_wconf 87' lang='lat' dir='ltr'><strong>qua</strong></span> <span class='ocrx_word' id='word_1_609' title='bbox 3260 4272 3313 4326; x_wconf 90' lang='lat' dir='ltr'><strong>iu</strong></span> <span class='ocrx_word' id='word_1_610' title='bbox 3346 4272 3549 4329; x_wconf 62' lang='lat' dir='ltr'><strong>caedem</strong></span> 
     </span>
    </p>
   </div>
   <div class='ocr_carea' id='block_1_91' title="bbox 1975 4363 3551 4434">
    <p class='ocr_par' dir='ltr' id='par_1_91' title="bbox 1975 4363 3551 4434">
     <span class='ocr_line' id='line_1_91' title="bbox 1975 4363 3551 4434; baseline 0.002 -17"><span class='ocrx_word' id='word_1_611' title='bbox 1975 4363 2315 4417; x_wconf 86' lang='lat' dir='ltr'><strong>bacchantur</strong></span> <span class='ocrx_word' id='word_1_612' title='bbox 2347 4380 2361 4416; x_wconf 89' lang='lat'><strong>:</strong></span> <span class='ocrx_word' id='word_1_613' title='bbox 2395 4372 2449 4417; x_wconf 90' lang='lat' dir='ltr'><strong>tu</strong></span> <span class='ocrx_word' id='word_1_614' title='bbox 2506 4378 2635 4417; x_wconf 87' lang='lat' dir='ltr'><strong>vero</strong></span> <span class='ocrx_word' id='word_1_615' title='bbox 2705 4363 2912 4431; x_wconf 88' lang='lat' dir='ltr'><strong>aliquid</strong></span> <span class='ocrx_word' id='word_1_616' title='bbox 2970 4364 3123 4418; x_wconf 80' lang='lat' dir='ltr'><strong>Matri</strong></span> <span class='ocrx_word' id='word_1_617' title='bbox 3158 4364 3401 4434; x_wconf 87' lang='lat' dir='ltr'><strong>loquere,</strong></span> <span class='ocrx_word' id='word_1_618' title='bbox 3432 4365 3551 4420; x_wconf 87' lang='lat' dir='ltr'><strong>vale</strong></span> 
     </span>
    </p>
   </div>
   <div class='ocr_carea' id='block_1_92' title="bbox 290 4454 1882 4533">
    <p class='ocr_par' dir='ltr' id='par_1_92' title="bbox 290 4454 1871 4533">
     <span class='ocr_line' id='line_1_92' title="bbox 290 4454 1871 4533; baseline 0.006 -27"><span class='ocrx_word' id='word_1_619' title='bbox 290 4455 539 4525; x_wconf 81' lang='grc' dir='ltr'>πάροχον</span> <span class='ocrx_word' id='word_1_620' title='bbox 571 4454 726 4520; x_wconf 76' lang='grc' dir='ltr'>ἔπος,</span> <span class='ocrx_word' id='word_1_621' title='bbox 765 4456 831 4533; x_wconf 79' lang='grc' dir='ltr'>ἵν’</span> <span class='ocrx_word' id='word_1_622' title='bbox 863 4456 1045 4527; x_wconf 77' lang='grc' dir='ltr'>ἔχοιμι</span> <span class='ocrx_word' id='word_1_623' title='bbox 1107 4459 1202 4511; x_wconf 73' lang='grc' dir='ltr'>καὶ</span> <span class='ocrx_word' id='word_1_624' title='bbox 1244 4459 1378 4513; x_wconf 81' lang='grc' dir='ltr'>αὐτὸ</span> <span class='ocrx_word' id='word_1_625' title='bbox 1401 4459 1493 4513; x_wconf 87' lang='grc' dir='ltr'><strong>τοῦ</strong></span> <span class='ocrx_word' id='word_1_626' title='bbox 1529 4462 1667 4529; x_wconf 87' lang='grc' dir='ltr'>μετὰ</span> <span class='ocrx_word' id='word_1_627' title='bbox 1699 4461 1871 4515; x_wconf 86' lang='grc' dir='ltr'>ταῦτα</span> 
     </span>
    </p>
   </div>
   <div class='ocr_carea' id='block_1_93' title="bbox 1971 4454 3551 4533">
    <p class='ocr_par' dir='ltr' id='par_1_93' title="bbox 1974 4454 3551 4525">
     <span class='ocr_line' id='line_1_93' title="bbox 1974 4454 3551 4525; baseline 0.004 -17"><span class='ocrx_word' id='word_1_628' title='bbox 1974 4454 2182 4518; x_wconf 88' lang='lat' dir='ltr'><strong>dicens,</strong></span> <span class='ocrx_word' id='word_1_629' title='bbox 2223 4455 2371 4523; x_wconf 86' lang='lat' dir='ltr'><strong>quia</strong></span> <span class='ocrx_word' id='word_1_630' title='bbox 2405 4455 2550 4508; x_wconf 85' lang='lat' dir='ltr'><strong>nulla</strong></span> <span class='ocrx_word' id='word_1_631' title='bbox 2594 4469 2653 4509; x_wconf 92' lang='lat' dir='ltr'><strong>re</strong></span> <span class='ocrx_word' id='word_1_632' title='bbox 2680 4456 2879 4511; x_wconf 87' lang='lat' dir='ltr'><strong>absens</strong></span> <span class='ocrx_word' id='word_1_633' title='bbox 2923 4455 3059 4525; x_wconf 78' lang='lat' dir='ltr'><strong>agis.</strong></span> <span class='ocrx_word' id='word_1_634' title='bbox 3115 4456 3362 4525; x_wconf 87' lang='lat' dir='ltr'><strong>Loquere</strong></span> <span class='ocrx_word' id='word_1_635' title='bbox 3391 4456 3551 4513; x_wconf 85' lang='lat' dir='ltr'><strong>dulce</strong></span> 
     </span>
    </p>
   </div>
   <div class='ocr_carea' id='block_1_94' title="bbox 292 4543 1867 4620">
    <p class='ocr_par' dir='ltr' id='par_1_94' title="bbox 292 4543 1867 4620">
     <span class='ocr_line' id='line_1_94' title="bbox 292 4543 1867 4620; baseline 0.004 -25"><span class='ocrx_word' id='word_1_636' title='bbox 292 4543 492 4613; x_wconf 78' lang='grc' dir='ltr'>καιροῦ</span> <span class='ocrx_word' id='word_1_637' title='bbox 521 4546 926 4617; x_wconf 79' lang='grc' dir='ltr'>παρηγόρημα.</span> <span class='ocrx_word' id='word_1_638' title='bbox 964 4546 1164 4601; x_wconf 85' lang='grc' dir='ltr'>Διάθου</span> <span class='ocrx_word' id='word_1_639' title='bbox 1197 4548 1266 4602; x_wconf 75' lang='grc' dir='ltr'>τὰ</span> <span class='ocrx_word' id='word_1_640' title='bbox 1296 4549 1425 4618; x_wconf 78' lang='grc' dir='ltr'>περὶ</span> <span class='ocrx_word' id='word_1_641' title='bbox 1444 4549 1540 4618; x_wconf 81' lang='grc' dir='ltr'>τῆς</span> <span class='ocrx_word' id='word_1_642' title='bbox 1574 4548 1867 4620; x_wconf 82' lang='grc' dir='ltr'>τεκούσης,</span> 
     </span>
    </p>
   </div>
   <div class='ocr_carea' id='block_1_95' title="bbox 292 4634 1869 4710">
    <p class='ocr_par' dir='ltr' id='par_1_95' title="bbox 292 4634 1869 4710">
     <span class='ocr_line' id='line_1_95' title="bbox 292 4634 1869 4710; baseline 0.005 -25"><span class='ocrx_word' id='word_1_643' title='bbox 292 4635 322 4685; x_wconf 88' lang='grc' dir='ltr'><strong>ό</strong></span> <span class='ocrx_word' id='word_1_644' title='bbox 357 4635 456 4688; x_wconf 83' lang='grc' dir='ltr'><strong>σὺν</strong></span> <span class='ocrx_word' id='word_1_645' title='bbox 476 4634 553 4704; x_wconf 78' lang='grc' dir='ltr'>τῷ</span> <span class='ocrx_word' id='word_1_646' title='bbox 572 4636 764 4706; x_wconf 87' lang='grc' dir='ltr'>κόσμῳ</span> <span class='ocrx_word' id='word_1_647' title='bbox 790 4652 884 4689; x_wconf 89' lang='grc' dir='ltr'><strong>σου</strong></span> <span class='ocrx_word' id='word_1_648' title='bbox 907 4636 1072 4691; x_wconf 78' lang='grc' dir='ltr'>παντὶ</span> <span class='ocrx_word' id='word_1_649' title='bbox 1119 4638 1214 4691; x_wconf 82' lang='grc' dir='ltr'><strong>καὶ</strong></span> <span class='ocrx_word' id='word_1_650' title='bbox 1239 4637 1445 4707; x_wconf 89' lang='grc' dir='ltr'>ταύτην</span> <span class='ocrx_word' id='word_1_651' title='bbox 1473 4637 1869 4710; x_wconf 78' lang='grc' dir='ltr'>διακυϐερνῶν.</span> 
     </span>
    </p>
   </div>
   <div class='ocr_carea' id='block_1_96' title="bbox 295 4726 1873 4802">
    <p class='ocr_par' dir='ltr' id='par_1_96' title="bbox 295 4726 1873 4802">
     <span class='ocr_line' id='line_1_96' title="bbox 295 4726 1873 4802; baseline 0.006 -24"><span class='ocrx_word' id='word_1_652' title='bbox 295 4726 434 4779; x_wconf 73' lang='grc' dir='ltr'><strong>Εἰπὲ</strong></span> <span class='ocrx_word' id='word_1_653' title='bbox 495 4726 654 4796; x_wconf 87' lang='grc' dir='ltr'>λόγον</span> <span class='ocrx_word' id='word_1_654' title='bbox 688 4729 905 4799; x_wconf 76' lang='grc' dir='ltr'>ἥδιστον</span> <span class='ocrx_word' id='word_1_655' title='bbox 955 4732 1053 4800; x_wconf 78' lang='grc' dir='ltr'>μὲν</span> <span class='ocrx_word' id='word_1_656' title='bbox 1095 4731 1430 4800; x_wconf 79' lang='grc' dir='ltr'>ἀκουσθῆναι</span> <span class='ocrx_word' id='word_1_657' title='bbox 1474 4730 1571 4786; x_wconf 88' lang='grc' dir='ltr'><strong>νῦν</strong></span> <span class='ocrx_word' id='word_1_658' title='bbox 1601 4770 1616 4797; x_wconf 87' lang='grc'><strong>,</strong></span> <span class='ocrx_word' id='word_1_659' title='bbox 1655 4731 1873 4802; x_wconf 77' lang='grc' dir='ltr'>βέϐαιον</span> 
     </span>
    </p>
   </div>
   <div class='ocr_carea' id='block_1_97' title="bbox 296 4816 1182 4894">
    <p class='ocr_par' dir='ltr' id='par_1_97' title="bbox 296 4816 1182 4894">
     <span class='ocr_line' id='line_1_97' title="bbox 296 4816 1182 4894; baseline 0.006 -25"><span class='ocrx_word' id='word_1_660' title='bbox 296 4816 351 4871; x_wconf 73' lang='grc' dir='ltr'>δὲ</span> <span class='ocrx_word' id='word_1_661' title='bbox 394 4820 808 4890; x_wconf 79' lang='grc' dir='ltr'>κατασχεθῆναι</span> <span class='ocrx_word' id='word_1_662' title='bbox 836 4821 1123 4894; x_wconf 85' lang='grc' dir='ltr'>διηνεκῶς.</span> <span class='ocrx_word' id='word_1_663' title='bbox 1163 4841 1182 4874; x_wconf 80' lang='grc' dir='ltr'><strong>ι</strong></span> 
     </span>
    </p>
   </div>
   <div class='ocr_carea' id='block_1_98' title="bbox 372 4987 1871 5072">
    <p class='ocr_par' dir='ltr' id='par_1_98' title="bbox 372 4987 1871 5072">
     <span class='ocr_line' id='line_1_98' title="bbox 372 4987 1871 5072; baseline 0.009 -31"><span class='ocrx_word' id='word_1_664' title='bbox 372 4987 531 5043; x_wconf 70' lang='grc' dir='ltr'>Οὕτω</span> <span class='ocrx_word' id='word_1_665' title='bbox 551 4992 903 5062; x_wconf 80' lang='grc' dir='ltr'>δριμυτάτοις</span> <span class='ocrx_word' id='word_1_666' title='bbox 939 4996 1276 5070; x_wconf 84' lang='grc' dir='ltr'>βαλλομένην</span> <span class='ocrx_word' id='word_1_667' title='bbox 1302 5000 1402 5071; x_wconf 78' lang='grc' dir='ltr'>τῆς</span> <span class='ocrx_word' id='word_1_668' title='bbox 1446 4999 1663 5069; x_wconf 80' lang='grc' dir='ltr'>φύσεως</span> <span class='ocrx_word' id='word_1_669' title='bbox 1693 5001 1871 5072; x_wconf 76' lang='grc' dir='ltr'>βέλεσι</span> 
     </span>
    </p>
   </div>
   <div class='ocr_carea' id='block_1_99' title="bbox 299 5077 1874 5164">
    <p class='ocr_par' dir='ltr' id='par_1_99' title="bbox 299 5077 1874 5164">
     <span class='ocr_line' id='line_1_99' title="bbox 299 5077 1874 5164; baseline 0.011 -34"><span class='ocrx_word' id='word_1_670' title='bbox 299 5077 402 5148; x_wconf 73' lang='grc' dir='ltr'><strong>τὴν</strong></span> <span class='ocrx_word' id='word_1_671' title='bbox 455 5079 593 5134; x_wconf 78' lang='grc' dir='ltr'>ἰδίαν</span> <span class='ocrx_word' id='word_1_672' title='bbox 618 5084 651 5134; x_wconf 81' lang='grc' dir='ltr'><strong>ό</strong></span> <span class='ocrx_word' id='word_1_673' title='bbox 689 5085 972 5157; x_wconf 87' lang='grc' dir='ltr'>Δεσπότης</span> <span class='ocrx_word' id='word_1_674' title='bbox 1022 5088 1257 5143; x_wconf 87' lang='grc' dir='ltr'>κατιδὼν</span> <span class='ocrx_word' id='word_1_675' title='bbox 1298 5091 1549 5164; x_wconf 82' lang='grc' dir='ltr'>Μητέρα,</span> <span class='ocrx_word' id='word_1_676' title='bbox 1591 5093 1688 5146; x_wconf 75' lang='grc' dir='ltr'>καὶ</span> <span class='ocrx_word' id='word_1_677' title='bbox 1720 5093 1782 5146; x_wconf 82' lang='grc' dir='ltr'>τὸ</span> <span class='ocrx_word' id='word_1_678' title='bbox 1814 5095 1874 5147; x_wconf 84' lang='grc' dir='ltr'><strong>ὲν</strong></span> 
     </span>
    </p>
   </div>
   <div class='ocr_carea' id='block_1_100' title="bbox 302 5170 1874 5255">
    <p class='ocr_par' dir='ltr' id='par_1_100' title="bbox 302 5170 1874 5255">
     <span class='ocr_line' id='line_1_100' title="bbox 302 5170 1874 5255; baseline 0.011 -34"><span class='ocrx_word' id='word_1_679' title='bbox 302 5170 504 5243; x_wconf 75' lang='grc' dir='ltr'>καρδίᾳ</span> <span class='ocrx_word' id='word_1_680' title='bbox 535 5173 739 5245; x_wconf 81' lang='grc' dir='ltr'>ταύτης</span> <span class='ocrx_word' id='word_1_681' title='bbox 795 5176 926 5242; x_wconf 72' lang='grc' dir='ltr'>ἴσως</span> <span class='ocrx_word' id='word_1_682' title='bbox 967 5178 1045 5250; x_wconf 85' lang='grc' dir='ltr'>τῷ</span> <span class='ocrx_word' id='word_1_683' title='bbox 1084 5172 1465 5255; x_wconf 70' lang='grc' dir='ltr'>“προαγομένῳ</span> <span class='ocrx_word' id='word_1_684' title='bbox 1518 5183 1606 5237; x_wconf 84' lang='grc' dir='ltr'>διὰ</span> <span class='ocrx_word' id='word_1_685' title='bbox 1649 5184 1874 5254; x_wconf 85' lang='grc' dir='ltr'>χειλέων</span> 
     </span>
    </p>
   </div>
   <div class='ocr_carea' id='block_1_101' title="bbox 301 5262 1873 5349">
    <p class='ocr_par' dir='ltr' id='par_1_101' title="bbox 301 5262 1873 5349">
     <span class='ocr_line' id='line_1_101' title="bbox 301 5262 1873 5349; baseline 0.013 -36"><span class='ocrx_word' id='word_1_686' title='bbox 301 5262 572 5329; x_wconf 73' lang='grc' dir='ltr'>ἐξετάζων</span> <span class='ocrx_word' id='word_1_687' title='bbox 612 5265 746 5339; x_wconf 89' lang='grc' dir='ltr'>πῦρ,</span> <span class='ocrx_word' id='word_1_688' title='bbox 778 5269 1040 5343; x_wconf 78' lang='grc' dir='ltr'>ποθεινὴν</span> <span class='ocrx_word' id='word_1_689' title='bbox 1088 5274 1283 5345; x_wconf 83' lang='grc' dir='ltr'>ἀφίησι</span> <span class='ocrx_word' id='word_1_690' title='bbox 1323 5276 1530 5346; x_wconf 79' lang='grc' dir='ltr'>φωνὴν,</span> <span class='ocrx_word' id='word_1_691' title='bbox 1571 5280 1637 5347; x_wconf 80' lang='grc' dir='ltr'>τῇ</span> <span class='ocrx_word' id='word_1_692' title='bbox 1672 5279 1873 5349; x_wconf 77' lang='grc' dir='ltr'>ἐνηχή-</span> 
     </span>
    </p>
   </div>
   <div class='ocr_carea' id='block_1_102' title="bbox 305 5351 1873 5438">
    <p class='ocr_par' dir='ltr' id='par_1_102' title="bbox 305 5351 1873 5438">
     <span class='ocr_line' id='line_1_102' title="bbox 305 5351 1873 5438; baseline 0.011 -34"><span class='ocrx_word' id='word_1_693' title='bbox 305 5368 390 5404; x_wconf 85' lang='grc' dir='ltr'><strong>σει</strong></span> <span class='ocrx_word' id='word_1_694' title='bbox 424 5351 628 5421; x_wconf 78' lang='grc' dir='ltr'>μᾶλλον</span> <span class='ocrx_word' id='word_1_695' title='bbox 654 5358 717 5410; x_wconf 84' lang='grc' dir='ltr'><strong>τὸ</strong></span> <span class='ocrx_word' id='word_1_696' title='bbox 736 5360 1126 5429; x_wconf 78' lang='grc' dir='ltr'>ἀνακτητικὺν,</span> <span class='ocrx_word' id='word_1_697' title='bbox 1160 5363 1192 5431; x_wconf 85' lang='grc' dir='ltr'>ἢ</span> <span class='ocrx_word' id='word_1_698' title='bbox 1223 5365 1336 5426; x_wconf 80' lang='grc' dir='ltr'>τοῖς</span> <span class='ocrx_word' id='word_1_699' title='bbox 1360 5363 1679 5435; x_wconf 81' lang='grc' dir='ltr'>λεγομένοις</span> <span class='ocrx_word' id='word_1_700' title='bbox 1712 5367 1873 5438; x_wconf 76' lang='grc' dir='ltr'>έχου-</span> 
     </span>
    </p>
   </div>
   <div class='ocr_carea' id='block_1_103' title="bbox 307 5445 1876 5529">
    <p class='ocr_par' dir='ltr' id='par_1_103' title="bbox 307 5445 1876 5529">
     <span class='ocr_line' id='line_1_103' title="bbox 307 5445 1876 5529; baseline 0.009 -31"><span class='ocrx_word' id='word_1_701' title='bbox 307 5461 430 5499; x_wconf 85' lang='grc' dir='ltr'>σαν.</span> <span class='ocrx_word' id='word_1_702' title='bbox 463 5445 633 5499; x_wconf 84' lang='grc' dir='ltr'>Τοῦτο</span> <span class='ocrx_word' id='word_1_703' title='bbox 657 5448 765 5522; x_wconf 79' lang='grc' dir='ltr'><strong>γὰρ</strong></span> <span class='ocrx_word' id='word_1_704' title='bbox 789 5448 856 5522; x_wconf 81' lang='grc' dir='ltr'>ἦν</span> <span class='ocrx_word' id='word_1_705' title='bbox 891 5454 1030 5525; x_wconf 74' lang='grc' dir='ltr'>αὐτῇ</span> <span class='ocrx_word' id='word_1_706' title='bbox 1056 5455 1117 5507; x_wconf 84' lang='grc' dir='ltr'><strong>τὸ</strong></span> <span class='ocrx_word' id='word_1_707' title='bbox 1140 5455 1876 5529; x_wconf 72' lang='grc' dir='ltr'>καταθυμίωςὲπιξητούμεο</span> 
     </span>
    </p>
   </div>
   <div class='ocr_carea' id='block_1_104' title="bbox 305 5537 1875 5621">
    <p class='ocr_par' dir='ltr' id='par_1_104' title="bbox 305 5537 1875 5621">
     <span class='ocr_line' id='line_1_104' title="bbox 305 5537 1875 5621; baseline 0.009 -31"><span class='ocrx_word' id='word_1_708' title='bbox 305 5554 419 5603; x_wconf 86' lang='grc' dir='ltr'>νον,</span> <span class='ocrx_word' id='word_1_709' title='bbox 472 5537 535 5591; x_wconf 87' lang='grc' dir='ltr'><strong>τδ</strong></span> <span class='ocrx_word' id='word_1_710' title='bbox 567 5540 659 5590; x_wconf 72' lang='grc' dir='ltr'>καὶ</span> <span class='ocrx_word' id='word_1_711' title='bbox 705 5540 947 5614; x_wconf 74' lang='grc' dir='ltr'>φθογγῆς</span> <span class='ocrx_word' id='word_1_712' title='bbox 1003 5545 1094 5598; x_wconf 90' lang='grc' dir='ltr'><strong>τοῦ</strong></span> <span class='ocrx_word' id='word_1_713' title='bbox 1143 5545 1398 5613; x_wconf 74' lang='grc' dir='ltr'>φιλτάτου</span> <span class='ocrx_word' id='word_1_714' title='bbox 1450 5550 1875 5621; x_wconf 85' lang='grc' dir='ltr'>προφερομένης</span> 
     </span>
    </p>
   </div>
   <div class='ocr_carea' id='block_1_105' title="bbox 302 5628 1875 5712">
    <p class='ocr_par' dir='ltr' id='par_1_105' title="bbox 302 5628 1875 5712">
     <span class='ocr_line' id='line_1_105' title="bbox 302 5628 1875 5712; baseline 0.006 -28"><span class='ocrx_word' id='word_1_715' title='bbox 302 5628 475 5699; x_wconf 69' lang='grc' dir='ltr'>ψιλῆς</span> <span class='ocrx_word' id='word_1_716' title='bbox 504 5629 907 5689; x_wconf 75' lang='grc' dir='ltr'>ἀντιλαϐέσθαι.</span> <span class='ocrx_word' id='word_1_717' title='bbox 954 5635 1019 5689; x_wconf 80' lang='grc' dir='ltr'><strong><em>Ἡ</em></strong></span> <span class='ocrx_word' id='word_1_718' title='bbox 1039 5636 1093 5690; x_wconf 84' lang='grc' dir='ltr'>δὲ</span> <span class='ocrx_word' id='word_1_719' title='bbox 1123 5638 1298 5708; x_wconf 80' lang='grc' dir='ltr'>φωνὴ,</span> <span class='ocrx_word' id='word_1_720' title='bbox 1335 5639 1559 5712; x_wconf 85' lang='grc' dir='ltr'>τοιαύτη</span> <span class='ocrx_word' id='word_1_721' title='bbox 1592 5658 1675 5704; x_wconf 91' lang='grc' dir='ltr'><strong>τις</strong></span> <span class='ocrx_word' id='word_1_722' title='bbox 1701 5642 1875 5712; x_wconf 77' lang='grc' dir='ltr'>ὑπῆρ-</span> 
     </span>
    </p>
   </div>
   <div class='ocr_carea' id='block_1_106' title="bbox 304 5718 1875 5800">
    <p class='ocr_par' dir='ltr' id='par_1_106' title="bbox 304 5718 1875 5800">
     <span class='ocr_line' id='line_1_106' title="bbox 304 5718 1875 5800; baseline 0.008 -28"><span class='ocrx_word' id='word_1_723' title='bbox 304 5736 425 5793; x_wconf 76' lang='grc' dir='ltr'>χεν,</span> <span class='ocrx_word' id='word_1_724' title='bbox 476 5720 552 5784; x_wconf 79' lang='grc' dir='ltr'>ὡς</span> <span class='ocrx_word' id='word_1_725' title='bbox 580 5723 638 5776; x_wconf 80' lang='grc' dir='ltr'>ἐν</span> <span class='ocrx_word' id='word_1_726' title='bbox 686 5718 907 5794; x_wconf 79' lang='grc' dir='ltr'>βραχέσι</span> <span class='ocrx_word' id='word_1_727' title='bbox 959 5727 1172 5782; x_wconf 70' lang='grc' dir='ltr'>ἅπαντα</span> <span class='ocrx_word' id='word_1_728' title='bbox 1213 5729 1591 5800; x_wconf 75' lang='grc' dir='ltr'>διατιθεμένου</span> <span class='ocrx_word' id='word_1_729' title='bbox 1634 5732 1875 5785; x_wconf 79' lang='grc' dir='ltr'>καθυπο-</span> 
     </span>
    </p>
   </div>
   <div class='ocr_carea' id='block_1_107' title="bbox 1974 4545 3554 4619">
    <p class='ocr_par' dir='ltr' id='par_1_107' title="bbox 1974 4545 3554 4619">
     <span class='ocr_line' id='line_1_107' title="bbox 1974 4545 3554 4619; baseline 0.001 -19"><span class='ocrx_word' id='word_1_730' title='bbox 1974 4561 2038 4601; x_wconf 87' lang='lat' dir='ltr'><strong>ac</strong></span> <span class='ocrx_word' id='word_1_731' title='bbox 2063 4545 2225 4600; x_wconf 89' lang='lat' dir='ltr'><strong>vitale</strong></span> <span class='ocrx_word' id='word_1_732' title='bbox 2254 4547 2505 4611; x_wconf 63' lang='lat' dir='ltr'><strong>vt-rbunt,</strong></span> <span class='ocrx_word' id='word_1_733' title='bbox 2532 4556 2590 4600; x_wconf 90' lang='lat' dir='ltr'><strong>ut</strong></span> <span class='ocrx_word' id='word_1_734' title='bbox 2616 4545 2781 4609; x_wconf 83' lang='lat' dir='ltr'><strong>futuri</strong></span> <span class='ocrx_word' id='word_1_735' title='bbox 2817 4547 3071 4616; x_wconf 76' lang='lat' dir='ltr'><strong>deinceps</strong></span> <span class='ocrx_word' id='word_1_736' title='bbox 3130 4551 3388 4615; x_wconf 87' lang='lat' dir='ltr'><strong>temporis</strong></span> <span class='ocrx_word' id='word_1_737' title='bbox 3415 4565 3554 4619; x_wconf 86' lang='lat' dir='ltr'><strong>qua-</strong></span> 
     </span>
    </p>
   </div>
   <div class='ocr_carea' id='block_1_108' title="bbox 1975 4637 3553 4708">
    <p class='ocr_par' dir='ltr' id='par_1_108' title="bbox 1975 4637 3553 4708">
     <span class='ocr_line' id='line_1_108' title="bbox 1975 4637 3553 4708; baseline 0.003 -17"><span class='ocrx_word' id='word_1_738' title='bbox 1975 4638 2240 4708; x_wconf 87' lang='lat' dir='ltr'><strong>lecunque</strong></span> <span class='ocrx_word' id='word_1_739' title='bbox 2292 4638 2419 4692; x_wconf 90' lang='lat' dir='ltr'><strong>illud</strong></span> <span class='ocrx_word' id='word_1_740' title='bbox 2472 4639 2724 4692; x_wconf 82' lang='lat' dir='ltr'><strong>Solatium</strong></span> <span class='ocrx_word' id='word_1_741' title='bbox 2777 4640 3028 4696; x_wconf 86' lang='lat' dir='ltr'><strong>habeam.</strong></span> <span class='ocrx_word' id='word_1_742' title='bbox 3085 4637 3314 4697; x_wconf 85' lang='lat' dir='ltr'><strong>Testare</strong></span> <span class='ocrx_word' id='word_1_743' title='bbox 3351 4643 3414 4696; x_wconf 79' lang='lat' dir='ltr'><strong>tle</strong></span> <span class='ocrx_word' id='word_1_744' title='bbox 3464 4653 3553 4696; x_wconf 87' lang='lat' dir='ltr'><strong>tua</strong></span> 
     </span>
    </p>
   </div>
   <div class='ocr_carea' id='block_1_109' title="bbox 1975 4728 3552 4799">
    <p class='ocr_par' dir='ltr' id='par_1_109' title="bbox 1975 4728 3552 4799">
     <span class='ocr_line' id='line_1_109' title="bbox 1975 4728 3552 4799; baseline 0.003 -16"><span class='ocrx_word' id='word_1_745' title='bbox 1975 4728 2173 4793; x_wconf 78' lang='lat' dir='ltr'><strong>Matre,</strong></span> <span class='ocrx_word' id='word_1_746' title='bbox 2232 4731 2323 4798; x_wconf 91' lang='lat' dir='ltr'><strong>qui</strong></span> <span class='ocrx_word' id='word_1_747' title='bbox 2364 4745 2483 4784; x_wconf 87' lang='lat' dir='ltr'><strong>eam</strong></span> <span class='ocrx_word' id='word_1_748' title='bbox 2542 4746 2758 4799; x_wconf 88' lang='lat' dir='ltr'><strong>quoque</strong></span> <span class='ocrx_word' id='word_1_749' title='bbox 2805 4731 2879 4783; x_wconf 89' lang='lat' dir='ltr'><strong>uti</strong></span> <span class='ocrx_word' id='word_1_750' title='bbox 2919 4733 3178 4785; x_wconf 87' lang='lat' dir='ltr'><strong>mundum</strong></span> <span class='ocrx_word' id='word_1_751' title='bbox 3243 4734 3552 4787; x_wconf 88' lang='lat' dir='ltr'><strong>universum</strong></span> 
     </span>
    </p>
   </div>
   <div class='ocr_carea' id='block_1_110' title="bbox 1975 4821 3553 4892">
    <p class='ocr_par' dir='ltr' id='par_1_110' title="bbox 1975 4821 3553 4892">
     <span class='ocr_line' id='line_1_110' title="bbox 1975 4821 3553 4892; baseline 0.004 -19"><span class='ocrx_word' id='word_1_752' title='bbox 1975 4821 2264 4889; x_wconf 69' lang='lat' dir='ltr'><strong>gubernes.</strong></span> <span class='ocrx_word' id='word_1_753' title='bbox 2297 4821 2391 4874; x_wconf 89' lang='lat' dir='ltr'><strong>Dic</strong></span> <span class='ocrx_word' id='word_1_754' title='bbox 2420 4836 2752 4886; x_wconf 85' lang='lat' dir='ltr'><strong>sermonem,</strong></span> <span class='ocrx_word' id='word_1_755' title='bbox 2796 4839 2941 4877; x_wconf 87' lang='lat' dir='ltr'><strong>nunc</strong></span> <span class='ocrx_word' id='word_1_756' title='bbox 2971 4824 3187 4892; x_wconf 86' lang='lat' dir='ltr'><strong>quidem</strong></span> <span class='ocrx_word' id='word_1_757' title='bbox 3220 4826 3404 4880; x_wconf 87' lang='lat' dir='ltr'><strong>auditu</strong></span> <span class='ocrx_word' id='word_1_758' title='bbox 3430 4825 3553 4880; x_wconf 50' lang='lat' dir='ltr'><strong>dul-</strong></span> 
     </span>
    </p>
   </div>
   <div class='ocr_carea' id='block_1_111' title="bbox 1978 4913 3549 4985">
    <p class='ocr_par' dir='ltr' id='par_1_111' title="bbox 1978 4913 3549 4985">
     <span class='ocr_line' id='line_1_111' title="bbox 1978 4913 3549 4985; baseline -0.001 -17"><span class='ocrx_word' id='word_1_759' title='bbox 1978 4913 2296 4980; x_wconf 89' lang='lat' dir='ltr'><strong>cissimum;</strong></span> <span class='ocrx_word' id='word_1_760' title='bbox 2346 4914 2561 4968; x_wconf 80' lang='lat' dir='ltr'><strong>firmum</strong></span> <span class='ocrx_word' id='word_1_761' title='bbox 2614 4930 2794 4969; x_wconf 83' lang='lat' dir='ltr'><strong>au&#39;em</strong></span> <span class='ocrx_word' id='word_1_762' title='bbox 2832 4927 2890 4970; x_wconf 91' lang='lat' dir='ltr'><strong>ut</strong></span> <span class='ocrx_word' id='word_1_763' title='bbox 2923 4927 3182 4985; x_wconf 89' lang='lat' dir='ltr'><strong>perpetuo</strong></span> <span class='ocrx_word' id='word_1_764' title='bbox 3215 4926 3476 4971; x_wconf 88' lang='lat' dir='ltr'><strong>teneatur.</strong></span> <span class='ocrx_word' id='word_1_765' title='bbox 3527 4935 3549 4967; x_wconf 72' lang='grc' dir='ltr'><strong>ι</strong></span> 
     </span>
    </p>
   </div>
   <div class='ocr_carea' id='block_1_112' title="bbox 2023 5002 3555 5073">
    <p class='ocr_par' dir='ltr' id='par_1_112' title="bbox 2023 5002 3555 5073">
     <span class='ocr_line' id='line_1_112' title="bbox 2023 5002 3555 5073; baseline 0.002 -16"><span class='ocrx_word' id='word_1_766' title='bbox 2023 5002 2205 5063; x_wconf 64' lang='grc' dir='ltr'>,ιιιῐιιο</span> <span class='ocrx_word' id='word_1_767' title='bbox 2233 5005 2450 5060; x_wconf 85' lang='lat' dir='ltr'><strong>modum</strong></span> <span class='ocrx_word' id='word_1_768' title='bbox 2477 5003 2757 5072; x_wconf 87' lang='lat' dir='ltr'><strong>Dominus,</strong></span> <span class='ocrx_word' id='word_1_769' title='bbox 2790 5008 3384 5065; x_wconf 66' lang='lat' dir='ltr'><strong>amarissimisnaturm‘</strong></span> <span class='ocrx_word' id='word_1_770' title='bbox 3401 5007 3555 5073; x_wconf 81' lang='lat' dir='ltr'><strong>jacu-</strong></span> 
     </span>
    </p>
   </div>
   <div class='ocr_carea' id='block_1_113' title="bbox 1975 5095 3554 5167">
    <p class='ocr_par' dir='ltr' id='par_1_113' title="bbox 1975 5095 3554 5167">
     <span class='ocr_line' id='line_1_113' title="bbox 1975 5095 3554 5167; baseline 0.002 -15"><span class='ocrx_word' id='word_1_771' title='bbox 1975 5095 2043 5152; x_wconf 87' lang='lat' dir='ltr'><strong>lis</strong></span> <span class='ocrx_word' id='word_1_772' title='bbox 2091 5097 2392 5150; x_wconf 85' lang='lat' dir='ltr'><strong>sauciatam</strong></span> <span class='ocrx_word' id='word_1_773' title='bbox 2448 5098 2673 5155; x_wconf 79' lang='lat' dir='ltr'><strong>Matrem</strong></span> <span class='ocrx_word' id='word_1_774' title='bbox 2721 5109 3026 5167; x_wconf 86' lang='lat' dir='ltr'><strong>aspectans,</strong></span> <span class='ocrx_word' id='word_1_775' title='bbox 3088 5098 3376 5167; x_wconf 84' lang='lat' dir='ltr'><strong>ignemque</strong></span> <span class='ocrx_word' id='word_1_776' title='bbox 3430 5099 3554 5155; x_wconf 84' lang='lat' dir='ltr'><strong>imis</strong></span> 
     </span>
    </p>
   </div>
   <div class='ocr_carea' id='block_1_114' title="bbox 1976 5188 3550 5259">
    <p class='ocr_par' dir='ltr' id='par_1_114' title="bbox 1976 5188 3550 5259">
     <span class='ocr_line' id='line_1_114' title="bbox 1976 5188 3550 5259; baseline 0.002 -17"><span class='ocrx_word' id='word_1_777' title='bbox 1976 5188 2292 5257; x_wconf 59' lang='lat' dir='ltr'><strong>praic&#39;ordiis</strong></span> <span class='ocrx_word' id='word_1_778' title='bbox 2322 5204 2637 5257; x_wconf 84' lang='lat' dir='ltr'><strong>accensum,</strong></span> <span class='ocrx_word' id='word_1_779' title='bbox 2661 5191 2874 5258; x_wconf 84' lang='lat' dir='ltr'><strong>qualem</strong></span> <span class='ocrx_word' id='word_1_780' title='bbox 2906 5190 3037 5244; x_wconf 85' lang='lat' dir='ltr'><strong>foris</strong></span> <span class='ocrx_word' id='word_1_781' title='bbox 3073 5190 3210 5243; x_wconf 84' lang='lat' dir='ltr'><strong>labia</strong></span> <span class='ocrx_word' id='word_1_782' title='bbox 3234 5191 3550 5259; x_wconf 78' lang='lat' dir='ltr'><strong>prodebant,</strong></span> 
     </span>
    </p>
   </div>
   <div class='ocr_carea' id='block_1_115' title="bbox 1978 5282 3555 5350">
    <p class='ocr_par' dir='ltr' id='par_1_115' title="bbox 1978 5282 3555 5350">
     <span class='ocr_line' id='line_1_115' title="bbox 1978 5282 3555 5350; baseline 0 -15"><span class='ocrx_word' id='word_1_783' title='bbox 1978 5292 2254 5347; x_wconf 78' lang='lat' dir='ltr'><strong>scrutatis,</strong></span> <span class='ocrx_word' id='word_1_784' title='bbox 2280 5282 2688 5336; x_wconf 83' lang='lat' dir='ltr'><strong>desiderabilem</strong></span> <span class='ocrx_word' id='word_1_785' title='bbox 2714 5282 2915 5335; x_wconf 84' lang='lat' dir='ltr'><strong>emittit</strong></span> <span class='ocrx_word' id='word_1_786' title='bbox 2945 5297 3157 5341; x_wconf 85' lang='lat' dir='ltr'><strong>vocem.</strong></span> <span class='ocrx_word' id='word_1_787' title='bbox 3190 5294 3326 5334; x_wconf 86' lang='lat' dir='ltr'><strong>sono</strong></span> <span class='ocrx_word' id='word_1_788' title='bbox 3357 5283 3555 5350; x_wconf 74' lang='lat' dir='ltr'><strong>magis,</strong></span> 
     </span>
    </p>
   </div>
   <div class='ocr_carea' id='block_1_116' title="bbox 1975 5372 3555 5442">
    <p class='ocr_par' dir='ltr' id='par_1_116' title="bbox 1975 5372 3555 5442">
     <span class='ocr_line' id='line_1_116' title="bbox 1975 5372 3555 5442; baseline 0.002 -17"><span class='ocrx_word' id='word_1_789' title='bbox 1975 5388 2138 5442; x_wconf 89' lang='lat' dir='ltr'><strong>quam</strong></span> <span class='ocrx_word' id='word_1_790' title='bbox 2184 5376 2470 5427; x_wconf 87' lang='lat' dir='ltr'><strong>verborum</strong></span> <span class='ocrx_word' id='word_1_791' title='bbox 2520 5382 2732 5426; x_wconf 86' lang='lat' dir='ltr'><strong>textura</strong></span> <span class='ocrx_word' id='word_1_792' title='bbox 2779 5386 3033 5426; x_wconf 86' lang='lat' dir='ltr'><strong>recreare</strong></span> <span class='ocrx_word' id='word_1_793' title='bbox 3080 5372 3387 5426; x_wconf 85' lang='lat' dir='ltr'><strong>habentem.</strong></span> <span class='ocrx_word' id='word_1_794' title='bbox 3442 5372 3555 5428; x_wconf 86' lang='lat' dir='ltr'><strong>Hoc</strong></span> 
     </span>
    </p>
   </div>
   <div class='ocr_carea' id='block_1_117' title="bbox 1978 5463 3555 5533">
    <p class='ocr_par' dir='ltr' id='par_1_117' title="bbox 1978 5463 3555 5533">
     <span class='ocr_line' id='line_1_117' title="bbox 1978 5463 3555 5533; baseline 0.001 -16"><span class='ocrx_word' id='word_1_795' title='bbox 1978 5465 2121 5517; x_wconf 88' lang='lat' dir='ltr'><strong>enim</strong></span> <span class='ocrx_word' id='word_1_796' title='bbox 2164 5464 2401 5533; x_wconf 88' lang='lat' dir='ltr'><strong>cupienti</strong></span> <span class='ocrx_word' id='word_1_797' title='bbox 2459 5467 2643 5517; x_wconf 90' lang='lat' dir='ltr'><strong>animo</strong></span> <span class='ocrx_word' id='word_1_798' title='bbox 2681 5463 2981 5533; x_wconf 71' lang='lat' dir='ltr'><strong>quaerebat,</strong></span> <span class='ocrx_word' id='word_1_799' title='bbox 3016 5473 3074 5518; x_wconf 89' lang='lat' dir='ltr'><strong>ut</strong></span> <span class='ocrx_word' id='word_1_800' title='bbox 3112 5464 3194 5517; x_wconf 87' lang='lat' dir='ltr'><strong>vel</strong></span> <span class='ocrx_word' id='word_1_801' title='bbox 3228 5465 3383 5519; x_wconf 68' lang='lat' dir='ltr'><strong>nulla:</strong></span> <span class='ocrx_word' id='word_1_802' title='bbox 3432 5474 3555 5518; x_wconf 83' lang='lat' dir='ltr'><strong>tau-</strong></span> 
     </span>
    </p>
   </div>
   <div class='ocr_carea' id='block_1_118' title="bbox 1978 5552 3654 5625">
    <p class='ocr_par' dir='ltr' id='par_1_118' title="bbox 1978 5552 3654 5625">
     <span class='ocr_line' id='line_1_118' title="bbox 1978 5552 3654 5625; baseline 0.005 -17"><span class='ocrx_word' id='word_1_803' title='bbox 1978 5563 2087 5608; x_wconf 89' lang='lat' dir='ltr'><strong>tmn</strong></span> <span class='ocrx_word' id='word_1_804' title='bbox 2123 5557 2269 5610; x_wconf 89' lang='lat' dir='ltr'><strong>vocis</strong></span> <span class='ocrx_word' id='word_1_805' title='bbox 2301 5572 2514 5623; x_wconf 85' lang='lat' dir='ltr'><strong>sonum,</strong></span> <span class='ocrx_word' id='word_1_806' title='bbox 2548 5556 2854 5625; x_wconf 80' lang='lat' dir='ltr'><strong>proferente</strong></span> <span class='ocrx_word' id='word_1_807' title='bbox 2887 5557 3286 5621; x_wconf 69' lang='lat' dir='ltr'><strong>antantiSsinzo,</strong></span> <span class='ocrx_word' id='word_1_808' title='bbox 3318 5561 3555 5616; x_wconf 77' lang='lat' dir='ltr'><strong>audiret.</strong></span> <span class='ocrx_word' id='word_1_809' title='bbox 3650 5552 3654 5559; x_wconf 60' lang='grc'>’</span> 
     </span>
    </p>
   </div>
   <div class='ocr_carea' id='block_1_119' title="bbox 1980 5642 3558 5714">
    <p class='ocr_par' dir='ltr' id='par_1_119' title="bbox 1980 5642 3558 5714">
     <span class='ocr_line' id='line_1_119' title="bbox 1980 5642 3558 5714; baseline 0.006 -18"><span class='ocrx_word' id='word_1_810' title='bbox 1980 5642 2101 5697; x_wconf 73' lang='lat' dir='ltr'><strong>llaec</strong></span> <span class='ocrx_word' id='word_1_811' title='bbox 2128 5655 2307 5698; x_wconf 88' lang='lat' dir='ltr'><strong>autem</strong></span> <span class='ocrx_word' id='word_1_812' title='bbox 2369 5644 2493 5699; x_wconf 84' lang='lat' dir='ltr'><strong>talis</strong></span> <span class='ocrx_word' id='word_1_813' title='bbox 2537 5654 2680 5711; x_wconf 87' lang='lat' dir='ltr'><strong>erat,</strong></span> <span class='ocrx_word' id='word_1_814' title='bbox 2732 5655 2789 5700; x_wconf 92' lang='lat' dir='ltr'><strong>ut</strong></span> <span class='ocrx_word' id='word_1_815' title='bbox 2833 5647 3020 5714; x_wconf 84' lang='lat' dir='ltr'><strong>paucis</strong></span> <span class='ocrx_word' id='word_1_816' title='bbox 3074 5649 3327 5705; x_wconf 83' lang='lat' dir='ltr'><strong>testantis</strong></span> <span class='ocrx_word' id='word_1_817' title='bbox 3373 5652 3558 5708; x_wconf 85' lang='lat' dir='ltr'><strong>omnia</strong></span> 
     </span>
    </p>
   </div>
   <div class='ocr_carea' id='block_1_120' title="bbox 1981 5734 3581 5817">
    <p class='ocr_par' dir='ltr' id='par_1_120' title="bbox 1981 5734 3581 5817">
     <span class='ocr_line' id='line_1_120' title="bbox 1981 5734 3581 5817; baseline 0.008 -28"><span class='ocrx_word' id='word_1_818' title='bbox 1981 5734 2266 5792; x_wconf 80' lang='lat' dir='ltr'><strong>indicaret.</strong></span> <span class='ocrx_word' id='word_1_819' title='bbox 2301 5734 2533 5806; x_wconf 79' lang='lat' dir='ltr'><strong>Mulier,</strong></span> <span class='ocrx_word' id='word_1_820' title='bbox 2584 5754 2700 5792; x_wconf 75' lang='lat' dir='ltr'><strong>ecce</strong></span> <span class='ocrx_word' id='word_1_821' title='bbox 2723 5777 2739 5805; x_wconf 90' lang='lat'><strong>,</strong></span> <span class='ocrx_word' id='word_1_822' title='bbox 2769 5737 2981 5809; x_wconf 87' lang='lat' dir='ltr'><strong>inquit,</strong></span> <span class='ocrx_word' id='word_1_823' title='bbox 3014 5739 3157 5807; x_wconf 70' lang='lat' dir='ltr'><strong>ﬁlius</strong></span> <span class='ocrx_word' id='word_1_824' title='bbox 3189 5751 3309 5796; x_wconf 80' lang='lat' dir='ltr'><strong>tuus</strong></span> <span class='ocrx_word' id='word_1_825' title='bbox 3345 5762 3365 5798; x_wconf 82' lang='grc'>.’</span> <span class='ocrx_word' id='word_1_826' title='bbox 3397 5745 3581 5817; x_wconf 36' lang='lat' dir='ltr'><strong>nimii</strong></span> 
     </span>
    </p>
   </div>
  </div>
