3948 6162
491 255 628 322 1τίἴῦ

1617 251 1940 313 GEORGII
1979 248 2574 318 NlCOMEDlENSIS

3552 282 3556 286 '
3609 256 3740 320 Ηῗῦ

494 388 615 426 rum
662 369 1046 424 commendans
1094 381 1211 420 eam
1253 365 1532 434 discipulo.
1571 365 1648 419 Tu
1684 381 1812 420 vero
1845 380 2047 419 rursun'

2167 364 2375 432 φαίνειν
2399 380 2411 393 °
2456 365 2666 428 Γύναι,
2697 361 2849 425 ἰδοὺ,
2903 364 3058 433 φησι,
3089 365 3120 418 δ
3143 362 3270 431 ι’ίός
3305 380 3459 430 σου,
3515 367 3598 438 τῷ
3641 388 3737 440 μα-

495 449 782 513 ροήεἰιίθιέι
853 465 1058 511 παίω-ω
1089 457 1139 510 ἱιι
1170 471 1232 509 ea
1262 455 1440 525 ignem
1470 456 1842 511 vehementius
1873 472 2064 512 accen-

491 566 612 604 sum
641 591 656 614 ,
692 549 1115 604 incontinentem
1142 551 1408 604 viscerum
1441 549 1732 604 excitatam
1763 549 2060 604 ﬂammam.

489 639 729 694 Dicendo
780 640 964 704 enim,
1027 640 1236 708 ﬁlium,
1287 639 1340 694 in
1413 641 1730 696 memoriam
1788 638 2063 696 revocavit

494 748 691 786 novum
758 748 821 787 ac
873 731 1204 788 ineffabilem
1243 742 1456 801 partum
1493 752 1507 788 :
1550 736 1744 790 “animo
1793 721 2060 808 suggessit

491 822 740 876 mirabile
773 822 1027 892 philtrum
1049 860 1066 886 ,
1101 821 1382 877 amabilem
1416 824 1879 880 conversationem
1902 863 1918 893 ,
1944 843 2058 880 ma-

486 912 661 981 jorem
706 913 909 966 luctum
948 928 1109 982 quam
1148 923 1206 966 ut
1235 913 1441 968 ratione
1471 916 1679 985 concipi
1709 927 1889 985 queat.
1923 915 2057 972 Pro-

487 1002 617 1054 didit
654 1001 782 1054 item
814 1001 1007 1055 blanda
1037 1000 1158 1054 Filii
1187 1001 1251 1055 ad
1285 1001 1506 1057 Matrem
1541 1005 1732 1071 verba;
1770 985 2056 1060 sublimem

486 1091 634 1144 illam
686 1106 751 1144 ac
797 1091 1102 1145 mirabilem
1135 1105 1140 1110 '
1173 1091 1603 1159 subiectionem;
1655 1095 1770 1163 ejus
1820 1099 1886 1151 ad
1932 1112 2054 1152 emn

486 1182 901 1254 gloriationem;
966 1182 1355 1238 desiderabiles
1404 1199 1466 1238 ac
1521 1185 1804 1240 honestate
1869 1177 2056 1255 plenus

488 1289 849 1346 congressus;
882 1290 946 1329 ac
971 1275 1184 1329 demum
1222 1273 1356 1340 fore,
1390 1285 1450 1328 ut
1481 1276 1514 1330 ii
1547 1277 1800 1345 deinceps
1847 1261 2055 1333 sermo-

487 1379 585 1420 nes
644 1365 864 1436 minitne
907 1367 1258 1436 congruerint
1293 1382 1306 1418 :
1342 1359 1402 1419 ut
1447 1367 1672 1420 minime
1721 1351 1957 1422 sitcum
1990 1383 2053 1423 ea

483 1459 688 1530 iugiter
719 1459 772 1514 in
807 1475 993 1526 carne,
1025 1461 1102 1514 uti
1135 1462 1304 1529 prius,
1332 1461 1670 1530 postmodum
1701 1473 2049 1538 versaturus;

484 1553 683 1620 quippe
737 1551 828 1620 qui
874 1551 940 1605 ad
991 1552 1218 1622 gloriam
1286 1569 1436 1608 suam
1494 1553 1724 1609 festinus
1782 1565 2049 1625 pergeret.

482 1639 621 1697 Ecce
671 1642 818 1710 ﬁlius
877 1653 1021 1697 tuus.
1081 1628 1247 1698 Scitis
1283 1644 1372 1713 qui
1422 1660 1534 1698 rem
1595 1661 1691 1699 usu
1765 1646 2048 1711 didicistis,

480 1748 640 1801 quam
676 1734 1458 1803 commendationes,ejusmodi
1491 1737 1558 1791 ab
1585 1736 1649 1790 iis
1674 1737 1764 1806 qui
1799 1738 2048 1806 migrant,

479 1838 545 1878 ac
597 1824 737 1878 vivis
787 1825 1092 1888 excedunt,
1165 1825 1540 1899 perstringere.
1592 1825 1839 1894 valeant;
1889 1844 2050 1898 quam

479 1923 858 1970 cummoveant
881 1916 1120 1982 viscera;
1153 1905 1412 1985 quantum
1450 1933 1759 1985 maerorem,
1790 1931 2049 1988 quantum

481 2004 724 2060 dolorem
757 2005 988 2074 pariant.
1025 2005 1157 2060 Eum
1192 2008 1334 2061 enim
1366 2023 1525 2078 quem
1553 2010 1680 2064 olim
1713 2027 1898 2066 amore
1926 2028 2052 2082 pro-

481 2097 888 2166 sequebantur,
942 2112 1006 2152 ac
1043 2113 1275 2174 quocum
1311 2097 1518 2168 jugiter‘
1566 2104 2048 2169 convcrsabnntur,

482 2191 692 2242 insueto
729 2188 950 2242 homine
993 2197 1363 2252 commutant;
1399 2189 1854 2262 denuntiaturque
1900 2193 2049 2248 abire

478 2293 602 2332 eum
634 2279 723 2348 qui
768 2293 864 2348 per
898 2280 1079 2332 omnia
1107 2288 1266 2334 notus
1311 2290 1453 2341 erat,
1485 2295 1548 2335 ac
1577 2297 1761 2334 curam
1802 2282 2044 2354 gerebat,

477 2361 709 2437 eumque
743 2379 940 2437 praesto
980 2367 1114 2434 fore,
1151 2369 1241 2438 qui
1282 2370 1337 2424 in
1371 2357 1642 2440 plerisque
1693 2373 1907 2442 ignotus
1941 2383 2044 2428 est.

553 2475 573 2508 ι
618 2455 756 2511 Ecce
806 2458 947 2526 ﬁlius
1013 2468 1155 2511 tum.
1200 2457 1281 2513 Me
1315 2448 1564 2528 quidem,
1613 2460 1805 2529 inquit,
1859 2462 2042 2526 habes,

477 2548 566 2617 qui
601 2550 888 2617 praesentia
912 2549 1127 2603 deitatis
1155 2535 1347 2614 adsim,
1376 2550 1577 2620 tibique
1603 2559 1660 2605 ut
1684 2552 1837 2606 Matri
1862 2567 2043 2608 curam

478 2642 796 2706 adhibeam;
863 2639 1029 2694 babes
1100 2633 1482 2696 nihilominus
1521 2643 1774 2698 dilectum
1833 2659 2046 2713 quoque

458 2719 824 2800 discipulum,
862 2731 950 2799 qui
994 2731 1168 2786 lilialis
1199 2733 1250 2786 in
1294 2742 1346 2788 te
1387 2733 1600 2803 pietatis
1645 2734 1816 2790 officia
1865 2735 2044 2789 omnia

477 2821 797 2890 impleturus
826 2824 932 2886 sit;
968 2815 1060 2891 qui
1089 2823 1322 2876 debitam
1353 2823 1578 2892 gratiam
1607 2825 1682 2877 uti
1712 2825 1926 2894 parenti
1958 2839 2044 2879 re-

480 2913 698 2966 tribuat.
721 2909 778 2966 in
802 2930 921 2967 eum
944 2929 1042 2984 pro
1059 2915 1328 2982 corporali
1354 2930 1468 2968 mea
1492 2917 1776 2983 praesentia
1806 2917 2042 2982 intuens,

479 3003 846 3058 intolerabiles
883 3013 1002 3058 tuos
1048 3019 1307 3059 rnmrores
1355 3005 1553 3061 solare.
1601 3007 1865 3061 Diriorum
1898 3009 2046 3063 dolo-
2071 3033 2115 3093 ρ

480 3110 598 3147 rutn
634 3106 840 3164 partem
885 3097 1174 3149 maximam
1213 3096 1338 3150 sella
1378 3115 1392 3152 :
1425 3098 1803 3169 gravissimam
1839 3109 2050 3153 natura:

480 3185 760 3239 tristitiam
817 3185 1061 3258 beneﬁt-ii
1097 3187 1465 3256 magnitudine
1497 3188 1635 3242 leva.
1667 3189 1925 3258 Equidem
1958 3204 2048 3244 se-

480 3278 624 3331 cat-is
649 3278 870 3341 .animo,
919 3279 1164 3348 ignisque
1203 3279 1489 3333 violentior
1533 3281 1774 3349 depascit
1813 3280 2044 3344 viscera,

482 3384 544 3422 ac
577 3368 694 3422 diro
729 3367 952 3422 vulnere
981 3370 1268 3424 sauciaris.
1319 3367 1425 3424 Nec
1473 3371 1616 3423 enim
1653 3369 1898 3424 naturale
1927 3380 2048 3424 tan-

480 3467 616 3524 tum,
647 3459 738 3512 sed
774 3470 831 3513 et
864 3461 1094 3513 naturali
1125 3459 1302 3530 majus
1348 3470 1454 3523 est,
1498 3459 1865 3529 eximiumque
1895 3470 2044 3514 tuum

481 3549 537 3604 in
577 3565 661 3604 tlte
692 3551 1053 3616 desiderium;
1094 3565 1195 3606 nec
1241 3551 1355 3605 lieri
1389 3559 1565 3621 potest
1593 3561 1652 3604 ut
1681 3551 2048 3606 insensibilior

480 3641 732 3694 videaris.
759 3641 974 3711 Aliquid
1001 3642 1347 3696 nihilominus
1375 3642 1543 3695 dolori
1569 3641 2042 3708 substrahendum,

476 3745 596 3782 cum
630 3729 704 3783 sis
740 3728 908 3782 Mater
944 3745 1082 3797 mea,
1114 3746 1212 3784 nec
1254 3741 1303 3784 te
1344 3729 1525 3784 arcani
1559 3727 1768 3784 consilii
1804 3729 1940 3783 ratio
1965 3729 2046 3782 Ia-

475 3827 608 3872 teat.
641 3819 915 3888 Ejusmodi
967 3836 1198 3888 namque
1235 3819 1601 3889 passionibus,
1650 3834 1826 3873 mores
1860 3834 1888 3871 a
1921 3833 2048 3898 pas-

477 3912 721 3965 sionibu‘s
794 3912 994 3966 liberos
1068 3911 1326 3982 ﬁgmento
1399 3911 1678 3966 concilio:
1735 3910 1937 3980 placuit
1988 3919 2046 3964 ut

473 4001 676 4056 talibus
731 4003 1070 4070 ignominiis,
1123 4003 1417 4056 humanum
1464 4015 1634 4081 genus
1691 4001 2045 4070 ignmniniose

474 4092 743 4157 habiturn,
798 4093 1002 4148 honore
1055 4106 1325 4162 augerem.
1376 4091 1468 4145 lla:
1521 4092 1751 4160 injuria’,
1806 4093 2042 4146 maxima

467 4187 719 4254 quaedam
761 4201 825 4239 ac
858 4184 1114 4254 praeclara
1151 4198 1267 4238 mea
1320 4183 1492 4252 gloria
1535 4195 1682 4247 sunt,
1733 4183 1821 4250 qui
1870 4183 2042 4252 patior

468 4293 666 4342 carne,
703 4289 914 4330 tuorum
943 4287 1124 4330 autem
1150 4275 1472 4344 magnalium
1505 4274 1801 4328 declaratio
1819 4289 1880 4328 ac
1909 4290 2041 4342 pra:-

2165 457 2303 526 θητῇ
2325 457 2541 527 ’ταύτην
2584 456 3039 525 παρατιθέμενος.
3105 457 3269 510 Ἀλλά
3334 460 3534 512 σκόπει
3580 462 3743 516 πάλιν

2161 546 2224 598 τὸ
2271 546 2373 616 τῆς
2415 545 2632 614 φύσεως
2675 545 2850 608 αὐτῆς
2901 543 3264 616 σφοδρότερον
3307 547 3744 618 διαναπτόμενον

2163 636 2312 708 πῦρο
2369 635 2746 706 ἀκατάσχετον
2789 623 3040 707 τὴντῶν
3075 637 3412 708 σπλάγχνων
3445 641 3739 712 ἀναρριπι-

2164 726 2386 781 σθεῖσαν
2415 728 2610 797 φλόγα.
2655 729 2796 780 Υίὸν
2852 727 2961 798 γὰρ
3005 728 3194 792 είπὼν,
3233 730 3524 802 ὑπέμνησε
3585 733 3738 794 ξένου

2162 818 2258 871 καί
2331 819 2649 891 ἀπορρήτου
2713 818 2975 872 τοκετοῦο
3057 815 3376 888 ὑπέμνησεν
3455 823 3737 893 ὑπερφυὲς

2160 909 2384 980 φίλτρον
2413 925 2426 938 ·
2488 910 2771 980 διατριϐὴν
2808 909 3148 978 ἐπέραστον·
3189 913 3385 976 πένθος
3437 915 3740 984 ἀκατανόηο

2157 1017 2270 1055 τον.
2317 1001 2582 1070 Ἀνέφηνε
2621 1004 2690 1054 τὰ
2725 1002 2802 1065 ὡς
2849 1001 2978 1054 Υίοῦ
3035 1003 3176 1074 πρὸς
3219 1006 3448 1076 Μητέρα
3477 1008 3737 1076 χαρίεντα

2161 1091 2403 1158 ῥήματα,
2449 1089 2547 1159 τὴν
2577 1089 2791 1160 ὑψηλὴν
2834 1091 2928 1145 καὶ
2968 1092 3275 1162 παράδοξον
3313 1094 3598 1165 ὑποταγὴν
3626 1114 3640 1125 ·
3678 1099 3736 1150 τὺ

2157 1183 2292 1252 πρὸς
2324 1183 2489 1236 αὐτὸν
2528 1183 2701 1254 αὐτῆς
2735 1185 3208 1256 ὲγκαλλὼπισμα’
3240 1186 3337 1250 τὰς
3361 1187 3618 1249 ποθεινάς
3643 1189 3736 1241 καὶ

2155 1273 2469 1344 αἰδεσίμους
2493 1276 2853 1346 περιπλοκάς,
2892 1277 2986 1330 καὶ
3013 1278 3097 1330 ὅτι
3126 1276 3340 1341 τούτοις
3369 1279 3554 1331 οὐκέτι
3589 1296 3730 1333 κατ-

2159 1363 2405 1434 αλλήλως
2467 1366 2844 1436 ἀποχρήσεται
2891 1368 3005 1429 τοῖς
3050 1367 3235 1436 λόγοις
3268 1383 3284 1398 ο
3334 1368 3518 1422 οὐκέθ’
3553 1367 3634 1431 ῶς
3677 1387 3735 1422 τε

2155 1457 2422 1527 πρότερον
2441 1456 2579 1528 αὐτῇ
2607 1458 2880 1528 διηνεκῶς
2899 1458 3274 1529 συνδιατρίψει
3298 1461 3495 1530 σαρκί·
3523 1463 3607 1524 εἰς
3627 1461 3735 1531 γὰρ

2152 1544 2251 1614 τὴν
2311 1546 2523 1601 οἰκείαν
2563 1546 2722 1612 δόξαν
2776 1549 3060 1618 ἠπείγετο.
3102 1543 3260 1604 Ἰδόὺ
3314 1552 3348 1602 d
3403 1550 3539 1615 υίός
3590 1567 3731 1604 σου.

2157 1634 2319 1702 Ἰστε,
2356 1637 2408 1689 oi
2439 1638 2726 1708 πράγματι
2761 1639 3184 1710 πεπειραμένοι,
3227 1640 3354 1692 ὅσον
3396 1640 3648 1709 ἰσχύουσι
3677 1642 3734 1695 αι

2154 1725 2400 1781 τοιαῦται
2431 1728 2760 1783 καθικέσθαι
2793 1731 3280 1801 παρακαταθήκαι,
3316 1734 3473 1804 παρά
3499 1751 3560 1786 τε
3588 1735 3732 1788 ἀπο·

2152 1817 2495 1889 δημούντων,
2528 1820 2622 1875 καὶ
2659 1821 2768 1874 τῶν
2794 1821 2895 1892 τὴν
2928 1821 3209 1892 παροῦσαν
3253 1823 3399 1893 ζωὴν
3458 1839 3730 1894 μεταμει-

2154 1908 2358 1963 ϐόντων
2386 1911 2671 1981 γινόμεναι
2696 1927 2712 1943 ·
2731 1913 2849 1966 οἵαν
2865 1912 2964 1984 τὴν
2988 1913 3098 1966 τῶν
3113 1914 3441 1984 σπλάγχνων
3459 1915 3730 1984 ἐμποιοῦο

2153 2015 2208 2052 σι
2234 2000 2452 2070 κίνησιν
2475 2015 2490 2032 °
2533 2001 2730 2072 ἡλίκην
2759 2003 2859 2073 τὴν
2903 2003 3144 2067 ἀγωνίαν
3165 2020 3178 2034 ⁸
3222 2006 3356 2074 ὅσην
3385 2006 3483 2075 τὴν
3507 2005 3726 2076 ὀδύνην.

2165 2090 2311 2144 ’Δντὶ
2349 2092 2458 2162 γάρ
2483 2092 2576 2146 τοῦ
2613 2093 2877 2165 διηνεκῶς
2917 2094 3016 2147 καὶ
3045 2095 3385 2165 φιλουμένου
3413 2098 3511 2148 καὶ
3543 2095 3733 2149 συνόν-

2151 2199 2263 2248 τος,
2302 2183 2394 2236 τὸν
2417 2181 2670 2255 ἀσυνήθη
2701 2185 3165 2239 καταλλάττονται
3189 2199 3204 2216 δ
3239 2188 3334 2240 καὶ
3358 2187 3582 2240 ἀπιέναι
3629 2187 3731 2258 μὲν

2148 2273 2240 2326 τὸν
2289 2275 2429 2329 κατὰ
2459 2276 2639 2328 πάντα
2687 2277 2966 2348 γνώριμον
2999 2279 3093 2332 καὶ
3130 2277 3410 2348 κηδεμόνα
3433 2318 3448 2341 ,
3483 2281 3729 2332 συνεῖναι

2146 2362 2204 2416 δὲ
2227 2365 2316 2420 τὸν
2356 2367 2413 2418 ὲν
2451 2368 2564 2430 τοῖς
2596 2367 2836 2436 πλείοσιν
2865 2368 3235 2438 ἀγνοούμενον
3267 2369 3724 2440 παρεγγυῶνται.

2225 2474 2244 2508 ι
2287 2456 2443 2510 Ἰδοὺ
2471 2459 2504 2510 o'
2539 2458 2670 2524 υίός
2697 2473 2833 2513 σου.
2854 2460 3054 2529 ,Ἔχεις
3111 2459 3233 2530 μὲν,
3265 2461 3454 2531 φησὶν,
3485 2461 3588 2530 ἐμὲ
3618 2459 3732 2512 θεῖ-

2147 2545 2260 2609 κῶς
2309 2548 2670 2617 συμπαρόντα
2721 2566 2778 2602 τε
2849 2551 2942 2602 καὶ
2989 2549 3065 2614 ὡς
3114 2551 3324 2604 οίκείαν
3384 2551 3726 2621 περιέποντα

2147 2639 2422 2710 Μητέρα·
2459 2639 2603 2710 ἔχεις
2653 2641 2834 2694 δὲκαὶ
2885 2641 2976 2696 τδν
3025 2641 3385 2713 ὴγαπημένον
3441 2642 3724 2713 μαθητὴν,

2145 2731 2216 2784 τά
2265 2731 2377 2785 τῶν
2432 2733 2566 2787 υἱῶν
2617 2733 3042 2804 ἀναπληροῦντά
3097 2752 3180 2787 σοι
3221 2735 3439 2789 πάντα’
3491 2735 3592 2803 τὴν
3644 2735 3727 2799 είς

2146 2825 2340 2893 γονέας
2370 2823 2593 2893 ὀφειλὴν
2623 2825 2962 2879 ἀποδιδόντα.
3013 2825 3217 2879 Τοῦτον
3251 2827 3372 2878 ἀντὶ
3406 2826 3504 2896 τῆς
3545 2842 3730 2896 σωμα-

2146 2916 2306 2984 τικῆς
2339 2931 2440 2984 μου
2469 2915 2776 2986 παρουσίας
2804 2915 3212 2986 ἀναθεωροῦσα,
3243 2917 3341 2980 τὰς
3359 2917 3727 2980 ἀνυποίστους

2148 3003 2445 3075 ἀλγηδόνας
2493 3007 2826 3078 παρηγόρει.
2863 3005 3012 3060 Παῦε
3045 3007 3154 3061 τῶν
3193 3008 3574 3078 σφοδροτέρων
3608 3010 3733 3063 ὁδός

2151 3094 2259 3148 νῶν
2288 3096 2350 3147 τὸ
2382 3095 2636 3148 πλεῖστον
2668 3111 2682 3124 ⁶
2713 3097 2940 3166 κούφιζε
2989 3099 3090 3165 τὴν
3133 3097 3445 3167 βαρυτάτην
3499 3099 3598 3167 τῆς
3628 3097 3731 3168 φύ-

2151 3203 2289 3249 σεως
2331 3187 2595 3257 ἀθυμίαν,
2628 3187 2707 3256 τῷ
2753 3189 2851 3256 τῆς
2901 3188 3220 3258 εὐεργεσίας
3245 3188 3490 3257 μεγέθει.
3535 3189 3728 3262 Τέμνῃ

2151 3276 2252 3348 μὲν
2285 3277 2376 3330 καὶ
2406 3277 2672 3348 διαφλέγῃ
2719 3279 2788 3332 τὰ
2824 3279 3137 3348 σπλάγχνα,
3164 3280 3259 3332 καὶ
3285 3279 3728 3354 ἀνυπερϐλήτως

2149 3369 2248 3438 τὴν
2279 3369 2502 3438 καρδίαν
2535 3370 2838 3444 τιτρώσκῃ.
2887 3372 2959 3423 Οὐ
2990 3371 3098 3441 γάρ
3147 3369 3290 3424 κατά
3338 3371 3503 3439 φύσιν
3536 3371 3724 3441 μόνον,

2147 3460 2284 3514 ἀλλά
2315 3464 2407 3515 καὶ
2447 3462 2732 3532 ὑπερφυὴς
2757 3467 2786 3517 δ
2812 3463 2948 3533 πρὸς
2979 3463 3079 3533 ἐμέ
3111 3481 3203 3516 σου
3234 3462 3403 3527 πόθος
3423 3479 3438 3493 ⁸
3488 3464 3586 3517 καὶ
3619 3463 3718 3532 οὐχ

2145 3547 2260 3604 οἷόν
2293 3553 2356 3604 τέ
2417 3553 2536 3605 ἐστι
2577 3552 3014 3624 ἀναλγητότερόν
3045 3571 3104 3607 σε
3147 3554 3483 3624 διατεθῆναι.
3531 3555 3623 3606 Δεῖ
3666 3553 3726 3608 δὲ

2145 3633 2473 3712 καθυφελεῗν
2529 3643 2624 3696 τοῦ
2680 3645 2909 3709 πάθους,
2965 3644 3197 3714 Μητέρα
3247 3661 3307 3697 τε
3345 3641 3513 3697 οὖσαν
3555 3645 3722 3712 ἐμὴν,

2117 3727 2120 3730 ’
2145 3734 2239 3787 καὶ
2262 3735 2332 3786 τά
2351 3735 2450 3803 τῆς
2476 3735 2794 3806 ἀπορρήτου
2828 3735 2903 3807 μὴ
2938 3733 3241 3816 ἀγνοοῦσαν
3271 3735 3490 3806 βουλῆς.
3526 3734 3722 3788 Τοιού-

2143 3840 2259 3888 τοις
2291 3825 2399 3896 γὰρ
2435 3824 2655 3889 πάθεσι,
2682 3825 2800 3896 τὴν·
2830 3819 3101 3880 ἀπάθειαν
3131 3827 3208 3896 τῷ
3244 3825 3529 3896 πλάσματι
3563 3845 3723 3900 περι-

2144 3916 2408 3986 ποιοῦμαι
2428 3932 2442 3947 ⁸
2479 3907 2756 3980 τοιαύταις
2797 3916 3064 3986 ῖάτιμίαις
3096 3917 3156 3969 τὸ
3187 3918 3541 3988 ἠτιμωμένον
3569 3918 3719 3971 εὑδό-

2144 4022 2288 4075 κησα
2348 4007 2577 4076 τιμῆσαι
2624 4000 2801 4074 γένος.
2851 4001 3023 4061 Αῦται
3063 4008 3118 4061 ai
3170 4007 3377 4076 ὕϐρεις,
3433 4008 3563 4072 δόξα
3621 4009 3719 4079 μὲν

2143 4094 2653 4164 ὑπερδεδοξασμένη
2679 4094 2774 4147 τοῦ
2829 4095 2994 4165 σαρκὶ
3034 4096 3338 4164 πάσχοντος
3371 4095 3721 4166 καθεστήκαο

2144 4184 2234 4239 σιν
2255 4185 2414 4255 ἐμοῦ,
2470 4184 2577 4238 τῶν
2630 4185 2688 4238 δὲ
2737 4185 2846 4238 σῶν
2886 4183 3191 4256 μεγαλείων
3251 4186 3347 4240 καὶ
3403 4187 3719 4258 φανέρωσις

2143 4277 2238 4330 καὶ
2291 4276 2651 4346 ἀνακήρυξις.
2722 4276 2965 4347 Ἕχουσα
2997 4279 3177 4331 τοίνυν
3239 4277 3333 4332 τὸν
3394 4279 3719 4346 ὲπιστήθιον

464 4374 712 4424 couinni.
751 4369 969 4424 Habetis
994 4371 1176 4438 itaque
1201 4383 1360 4437 quem
1394 4369 1624 4422 amicum
1659 4381 1819 4434 supra
1852 4375 2035 4434 pectus

2151 4368 2484 4438 φίλον,’λῆγε
2517 4368 2618 4438 μὲν
2659 4369 2769 4422 τῶν
2809 4365 3076 4439 λυπηρῶν
3101 4386 3116 4401 ·
3159 4369 3251 4422 τὸν
3285 4369 3340 4422 δὲ
3379 4370 3540 4439 ἐμὸν,
3567 4371 3720 4440 αὐτῷ

469 4462 753 4525 reclinavi,
808 4461 1051 4514 tristibus
1075 4461 1299 4529 quidem
1353 4459 1567 4526 impone
1601 4457 1784 4520 linem,
1825 4473 2034 4510 meum-

465 4567 599 4620 que,
646 4567 768 4604 cum
801 4551 892 4605 illo
939 4565 1002 4603 ac
1037 4548 1198 4603 sociis
1242 4560 1498 4611 versans,
1553 4546 1785 4615 adimple
1836 4544 2031 4599 locum.

465 4643 588 4698 Τὼί
629 4644 771 4695 enim
801 4657 897 4711 per
929 4655 1050 4696 eum
1093 4638 1330 4706 reliquos
1403 4639 1530 4692 item
1566 4637 1852 4706 discipulos
1888 4652 2038 4691 com-

470 4733 756 4787 meudatos
806 4731 946 4784 volo.
995 4727 1223 4797 Quando
1265 4737 1441 4782 autem
1487 4727 1650 4782 libuit
1691 4739 1749 4781 ut
1794 4743 1914 4781 cum
1959 4729 2038 4783 eis

471 4838 776 4888 versarere,
818 4837 881 4875 ac
923 4823 974 4875 in
1021 4821 1156 4874 vivis
1206 4820 1468 4874 hactenus
1521 4833 1730 4888 ageres,
1769 4826 1911 4872 tuam
1959 4818 2038 4872 eis

468 4913 814 4987 prmseutiam
846 4926 944 4982 pro
992 4909 1198 4965 carnali
1235 4925 1351 4963 mea
1405 4909 1717 4977 praebueris.
1754 4909 1882 4962 Esto
1911 4909 2034 4973 illis,

466 5010 512 5064 si
541 5023 645 5078 qua
680 5005 845 5060 moris
874 5013 959 5058 est
985 5011 1041 5057 ut
1082 5012 1282 5057 matres
1331 5001 1437 5055 sint
1489 4999 1646 5064 liliis;
1691 5015 1784 5054 seu
1835 5000 2035 5068 magis,

465 5098 611 5168 quod
657 5112 757 5165 ego
805 5109 1043 5165 praesens
1091 5091 1326 5146 fuerim:
1360 5091 1572 5161 ipsique
1607 5091 1863 5153 vicissim,
1919 5105 2039 5158 qua:

471 5195 600 5240 sunt
631 5185 862 5239 liliorum
893 5197 956 5237 ac
979 5181 1344 5246 subditorum,
1386 5179 1714 5250 prmstabunt
1747 5180 1863 5234 tibi.
1899 5181 2039 5234 Con-

465 5293 660 5349 gruutn
700 5276 796 5330 tibi
852 5274 1052 5330 cultum
1093 5288 1190 5328 ceu
1248 5272 1402 5326 Matri
1451 5271 1664 5326 Domini
1705 5271 1786 5324 sui
1830 5270 2040 5339 persol-

467 5380 627 5440 vent;
648 5381 705 5424 ut
737 5384 830 5437 per
858 5382 1020 5436 quam
1053 5380 1154 5434 ego
1185 5366 1250 5420 ad
1273 5381 1367 5420 eos
1397 5365 1672 5429 venerim;
1705 5375 1759 5416 ut
1785 5378 1944 5431 quam
1972 5363 2037 5415 ad

464 5479 557 5519 Ine
611 5461 978 5517 mediatricem
1051 5457 1239 5512 faciles
1311 5459 1716 5526 impetraturam
1793 5456 2038 5509 inducias

469 5556 726 5609 habeant.
767 5573 785 5606 ι

539 5649 674 5704 (lum
702 5647 779 5702 sic
811 5661 938 5710 creo
975 5643 1201 5699 Matrem
1237 5643 1430 5699 blande
1460 5641 1854 5709 C011‘p-liu5501,
1887 5639 2040 5692 disci—

2141 4461 2381 4523 καὶτοῖς
2431 4460 2560 4529 περὶ
2608 4459 2769 4512 αὑτὸν
2819 4456 3076 4523 συνοῦσα,
3117 4459 3491 4528 διαναπλὴρου
3527 4461 3714 4514 τόπον.

2141 4552 2235 4605 Σοὶ
2292 4552 2402 4622 γὰρ
2443 4549 2512 4602 δι’
2542 4550 2708 4604 αὑτοῦ
2756 4551 2852 4604 καὶ
2908 4550 3038 4612 τοὺς
3089 4547 3312 4612 λοιποὺς
3363 4549 3716 4619 παρατίθημι

2143 4641 2426 4711 μαθητάς⁶
2463 4641 2560 4694 καὶ
2592 4642 2676 4710 ἐφ’
2699 4634 2823 4694 ὅσον
2864 4637 3132 4710 βούλομαί
3169 4656 3228 4692 τε
3270 4639 3383 4712 [ῑσ.
3414 4639 3503 4712 σε]
3539 4642 3713 4692 συνεῖ-

2113 4733 2228 4784 ’ναι
2259 4730 2496 4798 τούτοις,
2536 4731 2634 4783 καὶ
2661 4731 2720 4783 ὲν
2765 4729 2843 4798 τῷ
2865 4729 2964 4799 βίῳ
2991 4727 3281 4789 διατελεῖν,
3305 4728 3406 4798 τῆς
3445 4728 3713 4798 σαρκικῆς

2144 4839 2246 4891 μου
2285 4821 2590 4893 παρουσίας
2642 4820 2740 4890 τὴν
2789 4819 2996 4872 οἰκείαν
3069 4819 3254 4882 αὐτοῖς
3302 4820 3711 4914 ἀντιπαρέχοιὶ.

2142 4914 2181 4965 Γ
2187 4913 2308 4965 ένου
2339 4913 2438 4981 μὲν
2463 4913 2672 4975 αὐτοῖς,
2701 4912 2802 4964 ὅσα
2839 4910 3080 4980 μητράσι
3108 4911 3244 4981 πρὸς
3277 4911 3428 4972 υἱοὺς
3460 4907 3714 4975 γενέσθαι

2139 5001 2389 5072 πέφυκε·
2446 5001 2648 5071 μᾶλλον
2682 5001 2762 5065 δὲ,
2801 5003 2900 5054 ὅσα
2945 4999 3058 5068 ἐγὼ
3091 4999 3397 5070 συμπαρών
3422 4993 3444 5027 ·’
3475 4999 3629 5050 αὐτοὶ
3653 4997 3713 5050 ἃ

2138 5094 2208 5146 τὰ
2245 5094 2354 5146 τῶν
2385 5093 2517 5145 υἱῶν
2542 5093 2638 5146 καὶ
2667 5092 2925 5161 ὑπηκόων
2976 5093 3058 5143 σοὶ
3086 5092 3428 5160 γενήσονται.
3475 5087 3710 5152 Ἀξιόλοα

2140 5187 2235 5253 γόν
2264 5201 2346 5237 σοι
2374 5184 2434 5237 τὸ
2471 5183 2660 5247 σέσας,
2711 5183 2788 5246 ὡς
2832 5182 2929 5235 τοῦ
2973 5173 3176 5235 οἰκείου
3223 5179 3497 5232 Δεσπότου
3528 5178 3717 5229 ἀποτί-

2142 5294 2295 5330 σουσι
2355 5277 2565 5347 Μητρὶ,
2602 5277 2682 5337 ὡς
2713 5274 2803 5328 διὰ
2853 5273 2945 5326 σοῦ
3011 5267 3219 5334 τούτοις
3271 5268 3714 5338 ἐπιδημήσαντός

2143 5385 2270 5440 μου,
2313 5367 2418 5420 καὶ
2460 5366 2741 5437 μεσιτείαν
2776 5382 2837 5418 σε
2886 5363 3023 5436 πρός
3071 5379 3140 5428 με
3176 5357 3563 5414 εὐδιάλλακτον
3610 5357 3713 5409 αὖ-

2139 5461 2222 5512 τοι
2254 5475 2426 5529 κεκτη
2434 5460 2606 5528 μένοι.
2647 5478 2666 5510 ι

2213 5635 2372 5689 Οὕτω
2403 5635 2584 5690 τοίνυν
2617 5634 2876 5696 ἐπιεικῶς
2928 5635 2991 5703 τῇ
3033 5631 3218 5702 Μητρὶ
3268 5627 3707 5697 προσεμιὶήτρς,
