3982 6160
277 286 437 353 ,ΗΠ

1110 293 1192 354 IN
1234 296 1336 354 ss.
1377 296 1685 356 MARIAM
1721 285 2244 364 ASSISTENTEM
2282 306 2533 383 CRUCI,
2569 309 2729 369 ETC.

3417 305 3555 372 1478

291 399 390 454 καὶ
419 397 498 468 τῷ
538 396 758 470 μαθητῇ
802 401 1114 470 παρεγγυᾷ,
1156 399 1329 468 λέγὼν
1358 416 1372 432 ο
1430 401 1577 456 Ἰδοὺ
1612 403 1650 469 ἡ
1679 403 1879 473 μήτηρ

1982 409 2108 478 pulo
2149 427 2362 481 quoque
2413 414 2665 484 injungit,
2715 413 2898 470 dicens
2935 433 2946 468 :
2983 411 3117 469 Ecce
3152 413 3326 469 Mater
3365 428 3476 471 tua.
3499 417 3551 474 0

290 502 434 542 σου.
478 489 542 540 Ὠ
578 488 886 559 ὖπερτίμου
909 489 1076 559 τιμῆς
1129 491 1376 560 μαθητοῦ
1409 491 1420 544 !
1453 491 1499 544 ὣ
1539 491 1745 564 κλήρου
1775 495 1878 565 τῆς

290 579 406 634 τῶν
441 580 613 633 ὄντων
647 579 1051 650 πλουσιωτέραν
1081 583 1429 646 συστάσεωςί
1473 583 1520 636 ὣ
1548 586 1772 655 χάριτος
1807 580 1876 657 ἦς

289 673 319 724 ὁ
351 672 540 742 ἡγαπη
551 671 710 739 μένος
737 671 1007 742 τετύχηκε
1041 674 1218 744 κήρυξ
1245 691 1259 705 ·
1292 674 1521 744 ἀδελφὸς
1547 677 1644 746 μὲν
1673 677 1875 746 ὀνόμα-

293 763 497 834 σθῆναι
531 762 626 816 τοῦ
647 763 753 818 τῶν
790 764 926 818 ὅλων
973 767 1341 837 Δημιουργοῦ,
1381 769 1441 820 ἐν
1484 767 1674 839 κλήρῳ
1698 769 1754 823 δὲ
1782 771 1876 832 καὶ

295 853 486 924 μερίδι
514 852 758 924 Μητρὸς,
789 853 1034 923 τὴντῶν
1072 855 1327 909 ἁπάντων
1369 857 1734 928 ἁπειληῳέναι
1763 859 1865 916 Δέ-

294 961 525 997 σποιναν
554 945 565 997 ι
612 962 629 995 ι
654 943 882 1013 ῘΙόοὺ,ή
899 945 1099 1014 μήτηρ
1125 963 1262 1000 σου.
1302 948 1454 1012 Ἰδοὺ,
1486 950 1639 1021 φησὶ,
1671 950 1875 1021 ταύτην

290 1035 412 1089 ἀντ’
447 1034 584 1107 ἐμοῦ
645 1053 728 1088 σοι
782 1037 1158 1108 παρατίθημι.
1204 1039 1436 1110 -Ταύτην
1467 1039 1562 1094 νῦν
1604 1041 1740 1112 πρὸς
1775 1041 1874 1112 τὴν

290 1127 506 1182 οίκείαν
536 1127 713 1210 dmth
745 1129 924 1195 δόξαν,
964 1130 1087 1182 ἀντὶ
1113 1130 1207 1183 τοῦ
1235 1133 1520 1202 ὁρωμένου
1561 1150 1662 1204 μου
1704 1145 1874 1188 κατα-

289 1217 552 1289 λιμπάνω
599 1237 705 1274 σοι.
770 1222 957 1292 Ταύτῃ
983 1221 1044 1275 τὸ
1074 1222 1208 1292 ὲμδν
1241 1224 1340 1293 μὲν
1375 1224 1452 1288 ὡς
1491 1223 1605 1289 υίὸς
1640 1227 1873 1280 ἀντανα-

289 1311 510 1383 πλήρου
541 1311 701 1383 χρέος
729 1328 744 1343 °
775 1313 835 1366 τὸ
862 1311 920 1365 δὲ
954 1313 1048 1366 σὺν
1067 1354 1082 1378 ,
1111 1313 1189 1379 ὡς
1235 1314 1330 1368 τοῦ
1365 1316 1572 1388 Κυρίου
1602 1319 1698 1372 καὶ⁷
1725 1317 1874 1372 διδα-

293 1401 503 1464 σκάλου
577 1402 789 1473 Μητρὶ,
855 1403 1098 1474 ἀπόνεμε
1155 1403 1341 1469 σέϐας.
1400 1407 1553 1475 Ἔχει
1597 1407 1699 1477 μὲν
1771 1409 1872 1478 ἐμὲ

287 1493 560 1564 διηνεκῶς
612 1494 978 1564 συμπαρόντα
1007 1491 1259 1566 θεότητι·
1299 1496 1472 1568 ὲχέτω
1526 1499 1583 1552 δὲ
1620 1501 1716 1553 καὶ
1771 1501 1872 1569 τὴν

291 1583 395 1654 σὴν
425 1583 501 1654 μὴ
531 1583 922 1638 διαλείπουσαν
953 1583 1317 1655 λειτουργίαν.
1345 1587 1419 1640 Σὺ
1451 1587 1551 1657 μὲν
1568 1587 1732 1659 λόγῳ,
1760 1587 1871 1657 ἐγὼ

289 1673 348 1728 δὲ
383 1675 671 1746 πράγματι
695 1675 758 1727 τὸ
785 1674 1111 1729 ἀνύποιστον
1143 1675 1282 1747 αὐτῇ
1301 1676 1402 1746 τῆς
1431 1677 1624 1749 ὀδύνης
1655 1681 1872 1732 ἐπικου-

1979 500 2230 568 discipuli
2259 503 2612 558 excellentem
2653 505 2909 558 honorem
2929 505 2943 558 ι
2965 503 3008 570 Ο
3032 505 3397 561 haereditatem
3423 510 3548 563 uni-

1981 607 2135 646 versa
2182 607 2360 648 rerum
2398 595 2700 649 substantia
2734 595 3022 649 ditiorem!
3059 594 3102 649 0
3127 607 3324 665 quanta
3372 600 3548 667 gratia

1980 683 2209 740 dilectus
2261 686 2593 756 evangelista
2639 688 2878 744 ,donatus
2928 698 3040 754 est;
3086 698 3142 741 ut
3173 690 3548 744 universormu

1977 774 2233 831 Auctoris
2262 776 2430 832 frater
2463 779 2764 848 appellatus
2793 781 2883 846 sit,
2914 779 3074 850 inque
3095 789 3297 836 sortem
3329 796 3394 836 ac
3422 797 3550 851 par-

1982 875 2086 920 tem
2154 867 2342 924 Matris
2399 871 2637 924 omuium
2717 870 2998 924 Dominam
3050 871 3348 939 acceperit!
3413 873 3549 927 Ecce

1978 956 2155 1022 Mater
2188 973 2300 1014 tua.
2346 959 2506 1024 Ecce,
2559 961 2754 1030 inquit,
2801 977 2922 1014 eam
2961 962 3056 1016 tibi
3093 964 3194 1018 mei
3239 963 3357 1018 loco
3395 979 3547 1018 com-

1977 1049 2194 1103 mendo.
2231 1049 2378 1105 Hauc
2433 1050 2524 1104 tibi
2579 1066 2758 1118 nunc,
2803 1052 2869 1104 ad
2927 1067 3102 1106 meam
3155 1053 3270 1120 ipse
3317 1054 3546 1123 gloriam

1975 1137 2195 1202 vadens,
2248 1153 2346 1208 pro
2395 1154 2480 1193 me
2534 1140 2733 1194 visibtli
2771 1140 3036 1210 relinquo.
3091 1140 3230 1198 Huic
3273 1151 3352 1206 tu,
3400 1144 3549 1198 velut

1975 1224 2119 1279 ﬁlius
2155 1228 2414 1282 meumin
2451 1243 2571 1284 eam
2601 1228 2836 1296 repende
2867 1229 3129 1295 debitum,
3163 1239 3418 1298 tuamque
3446 1230 3544 1293 illi,

1975 1327 2035 1378 ut
2077 1315 2291 1372 Domini
2333 1333 2398 1372 ac
2457 1320 2808 1388 praeceptoris
2855 1318 3069 1385 .Matri,
3137 1321 3546 1374 venerationem

1973 1406 2190 1461 adhibe.
2244 1407 2415 1462 Meam
2470 1410 2687 1477 quidem
2734 1410 2938 1464 deitate
2984 1410 3326 1478 praesentiam
3359 1409 3544 1478 jugem

1975 1493 2225 1551 habitura
2255 1507 2360 1562 est,
2386 1497 2584 1554 habeat
2607 1513 2820 1568 quoque
2850 1499 3220 1553 indeiicienlet‘
3241 1499 3546 1566 obsequen-

1976 1596 2084 1640 tem
2123 1597 2268 1642 tuam
2303 1587 2668 1658 operam.-Tu
2700 1589 2919 1660 quidem
2955 1603 3223 1652 sermone,
3256 1603 3355 1659 ego
3385 1603 3550 1656 opere

1975 1679 2094 1748 ejus
2129 1679 2238 1732 vim
2292 1679 2495 1733 doloris
2548 1679 2942 1734 intolerabilem
2993 1679 3172 1734 levare
3231 1679 3422 1736 habeo.
3466 1677 3546 1732 'l'u

289 1766 458 1836 φίσω.
492 1768 564 1820 Σὺ
589 1766 660 1820 τὰ
683 1768 781 1838 τῆς
810 1767 1171 1840 ὀφειλομένης
1195 1769 1333 1836 αὐτῇ
1358 1748 1708 1841 παρηγορίας
1733 1771 1870 1823 ἁπό-

1977 1769 2211 1824 dehitam
2243 1769 2292 1826 ei
2337 1769 2762 1825 consolationem
2817 1769 3100 1840 impende;
3151 1785 3252 1840 ego
3293 1785 3546 1840 perseve-

287 1856 380 1918 εος
407 1873 421 1886 ·
450 1855 564 1924 ἐγὼ
592 1857 649 1911 δὲ
700 1857 762 1910 τὸ
819 1859 929 1912 πᾶν
965 1858 1065 1928 τῆς
1113 1860 1416 1931 καρτερίας
1447 1859 1719 1931 ἐπιθήσω.
1755 1860 1869 1915 Νῦν

288 1947 401 2018 γὰρ
430 1947 659 2018 ταύτην,
690 1949 750 2002 ού
789 1949 958 2020 μόνον
1015 1949 1132 2018 σοῦ,
1183 1951 1323 2004 ἀλλὰ
1365 1954 1462 2004 καὶ
1505 1952 1614 2006 τῶν
1642 1951 1866 2019 λοιπῶν,

287 2036 366 2100 ὡς
401 2037 694 2105 τεκοῦσαν,
729 2040 1156 2112 καθηγουμένην
1215 2041 1410 2112 τίθημι
1455 2042 1737 2112 μαθητῶν,
1773 2045 1870 2098 καὶ

287 2128 369 2199 τῷ
397 2130 498 2199 τῆς
528 2130 754 2202 Μητρὸς
807 2126 1094 2203 ἀξιώματι
1143 2133 1408 2204 τιμᾶσθαι
1451 2133 1708 2206 βούλομαι
1773 2153 1870 2189 κυ-

292 2220 448 2290 ρίως.
481 2222 544 2274 Ei
577 2222 762 2276 τοίνυν
819 2223 915 2276 καὶ
971 2225 1184 2296 πατέρα
1227 2225 1414 2279 καλεῖν
1446 2227 1576 2295 ὑμῖν
1621 2228 1714 2279 ἐπὶ
1765 2227 1870 2297 γῆς

289 2315 680 2386 ἀπηγόρευσα,
712 2317 861 2387 ὅμως
894 2317 1034 2371 θέλω
1069 2317 1273 2388 ταύτην
1308 2320 1538 2390 Μητέρα
1570 2320 1666 2374 καὶ
1705 2324 1870 2392 τιμᾶ-

289 2406 420 2461 σθαι
446 2408 541 2462 καὶ
583 2408 868 2462 καὶεῖσθαι
931 2409 1063 2480 παρ’
1090 2443 1096 2451 -
1119 2411 1294 2480 ὑμῶν,
1348 2411 1744 2484 ὑπερουράνιόν
1778 2430 1868 2483 μοι

289 2495 718 2567 γρηματίσασαν
773 2499 1061 2567 σκήνωμα,
1117 2500 1211 2551 καὶ
1261 2499 1420 2572 ξένην
1482 2501 1581 2571 τῆς
1653 2501 1869 2570 φύσεως

289 2587 741 2657 ἐπιδεδειγμένην
772 2585 1117 2660 προαίρεσιν.
1169 2607 1188 2640 ι
1575 2627 1580 2632 ρ

363 2679 523 2733 Οὕτω
571 2679 704 2748 γοῦν
756 2680 952 2750 ἁφάτῳ
1001 2680 1353 2751 μακροθυμίᾳ
1397 2681 1492 2735 τοῦ
1549 2684 1866 2751 παναγάθου

287 2771 638 2840 διαθεμένου,
673 2772 724 2823 οἱ
765 2770 1042 2839 μιαιφόνοι
1089 2772 1252 2824 πάλιν
1292 2772 1629 2844 συνέδραμον
1667 2775 1826 2846 θῆρες
1850 2790 1865 2806 ⁸

289 2859 478 2930 κύκλῳ
502 2877 563 2912 τε
589 2861 684 2912 τὸν
731 2861 965 2932 σταυρὸν
1015 2863 1400 2932 κατασχόντες,
1441 2864 1540 2934 τῆς
1583 2866 1870 2932 ἐγγυτάτω

290 2951 388 3005 καὶ
415 2951 658 3014 στάσεως
690 2952 782 3004 καὶ
812 2952 1146 3022 συνομιλίας,
1173 2953 1270 3022 τὴν
1313 2953 1606 3024 μυρίαθλον
1647 2957 1868 3025 ἀπήγα-

289 3058 387 3108 γον
419 3042 656 3112 μητέρα.
677 3040 832 3105 Τίνες
866 3041 976 3110 γὰρ
1001 3031 1228 3110 ’ἀγῶνες
1265 3045 1590 3116 μαρτύρων,
1627 3040 1737 3098 οἶαι
1787 3047 1862 3100 δι-

289 3134 530 3204 αιρέσεις
579 3133 795 3204 μελῶν,
847 3131 961 3188 οἷαι
1018 3137 1322 3206 κατατομαί
1369 3139 1673 3207 σωμάτων,
1718 3138 1866 3200 τίνες

287 3224 678 3295 τιμωρητικῶν
717 3225 964 3296 ὀργάνων
1007 3225 1268 3288 ἐπίνοιαι,
1324 3225 1494 3288 οὕτως
1542 3227 1608 3280 ἂν
1638 3225 1867 3298 ἐξήρκε-

290 3332 414 3378 σαν,
447 3317 538 3368 καὶ
567 3317 647 3378 εἰς
689 3315 942 3369 τοσοῦτον
981 3317 1307 3370 καθικέσθαι
1347 3319 1542 3388 ψυχῆς,
1567 3320 1641 3383 ὡς
1672 3321 1728 3372 αἱ
1767 3338 1866 3390 μυ⁴

291 3407 406 3476 ρίαι
441 3405 533 3458 τοῦ
557 3405 762 3476 Κυρίου
807 3408 901 3460 καὶ
926 3407 1057 3459 Υίοῦ
1097 3407 1284 3460 παθῶν
1343 3411 1609 3478 ρομφαίαι
1648 3410 1867 3482 διῄρουν

285 3514 350 3550 τε
371 3497 561 3568 αὐτὴν,
584 3497 678 3550 καὶ
702 3497 781 3560 εἰς
794 3497 1208 3567 ἀνυπέρϐλητον
1231 3499 1327 3567 τὴν
1347 3497 1536 3569 ὀδύνην
1558 3501 1862 3567 ὲπέτεινονς

287 3584 478 3648 Οὕτως
506 3585 606 3638 οὐκ
647 3584 713 3638 ἂν
744 3581 801 3638 ἐν
827 3585 906 3656 τῷ
931 3584 1146 3656 σώματι
1178 3586 1520 3656 πολυσχεδῶς
1553 3590 1584 3655 ἡ
1607 3589 1753 3659 ψυχὴ
1780 3606 1868 3642 τε-

290 3677 534 3746 μνομένη
576 3676 873 3746 διέμεινεν,
896 3679 943 3728 εί
985 3675 1060 3746 μὴ
1098 3676 1188 3728 ὑπ’
1232 3677 1396 3731 αὑτοῦ
1439 3670 1725 3749 ’κατείχετο
1769 3679 1864 3734 τοῦ

289 3768 623 3836 πάσχοντοςο
676 3769 730 3818 ei
781 3767 856 3837 μὴ
905 3767 1022 3819 θεία
1061 3769 1200 3838 ῥοπὴ
1256 3771 1322 3837 τῇ
1364 3768 1567 3837 ταύτης
1607 3771 1866 3840 συνήργει

288 3855 578 3926 καρτερίᾳ.
631 3855 785 3906 Ἐπεὶ
816 3854 998 3906 τοίνυν
1041 3855 1102 3907 τὸ
1128 3855 1230 3924 τῆς
1278 3855 1588 3924 οἰκονομίας
1624 3855 1723 3925 ἤδη
1771 3873 1868 3925 μυ-

289 3943 513 4016 στήριον
563 3945 894 4018 ἐπληροῦτο,
939 3945 1048 3997 ἔδει
1087 3945 1146 4006 δὲ
1173 3945 1341 4022 μηδὲν
1376 3947 1651 4018 τῶννπερὶ
1695 3947 1866 4016 αὐτῆς

287 4034 781 4107 προφητευθέντων
813 4023 1432 4112 ,παραλειφθῆναιηκαὶ
1477 4035 1510 4105 ἡ
1555 4034 1652 4104 τῆς
1699 4033 1865 4112 χολῆς

287 4131 385 4182 καὶ
410 4130 566 4194 ὄξους
600 4126 818 4197 μέθεξις
847 4126 939 4178 διὰ
964 4128 1062 4196 τῆς
1091 4125 1390 4196 ὁμολογίας.
1415 4125 1738 4196 ἐπεραιοῦτο
1764 4125 1866 4195 τῆς

287 4218 470 4288 δίψης.
503 4209 665 4286 Attin?)
699 4216 827 4286 γὰρ,
879 4218 1044 4285 φησὶν
1086 4217 1115 4267 ὁ
1148 4214 1372 4285 Κύριος.
1405 4215 1641 4288 meum
1683 4215 1738 4267 δὲ
1771 4215 1866 4268 καὶ

299 4308 546 4360 Ἰουδαῖοι
574 4306 672 4377 τὴν
693 4305 946 4374 τοιαύτην
982 4303 1353 4368 ἐπιδείξασθαι
1396 4307 1616 4374 μανίαν.
1654 4307 1727 4358 Oi;
1758 4306 1865 4376 γὰρ

1974 1871 2186 1915 rantem
2221 1861 2442 1916 omnino
2491 1862 2855 1916 constantiam
2879 1862 3172 1932 adjiciam.
3219 1861 3372 1917 Nunc
3401 1863 3546 1918 enim

1971 1957 2032 2004 ut
2058 1961 2360 2020 parentem,
2393 1953 2589 2006 nedum
2641 1953 2737 2019 tui,
2782 1952 2876 2007 sed
2917 1963 2970 2006 et
3020 1953 3348 2023 reliquorum
3383 1955 3548 2009 disci-

1971 2045 2220 2114 pulorum
2273 2044 2545 2099 constituo
2596 2045 2810 2110 ducem,
2853 2059 2918 2099 ac
2950 2044 3138 2101 Matris
3187 2046 3544 2115 praerogativa

1971 2133 2216 2189 absolute
2263 2134 2516 2189 honorari
2567 2137 2709 2190 volo.
2759 2136 3079 2206 Quanquam
3128 2152 3260 2207 ergo
3291 2138 3542 2206 prohibui

1970 2233 2030 2278 ut
2059 2239 2125 2276 ne
2163 2233 2371 2292 patrem
2418 2241 2580 2296 super
2613 2222 2812 2281 terram
2842 2228 3108 2282 vocaretis
3136 2228 3205 2294 7',
3234 2229 3355 2282 volo
3397 2228 3541 2282 nihi-

1971 2313 2233 2380 lominus,
2265 2323 2326 2367 ut
2381 2316 2524 2368 hanc
2567 2313 2796 2368 Matrem
2845 2315 3121 2369 honoretis
3150 2329 3214 2368 ac
3240 2315 3542 2384 appelletis,
3640 2379 3644 2389 ί

1969 2420 2088 2474 quae
2124 2405 2254 2459 mihi
2289 2405 2429 2460 cmlo
2472 2405 2634 2461 altius
2677 2405 3084 2462 tabernaculum
3136 2403 3324 2469 fuerit,
3353 2419 3543 2460 acxvo-
3643 2429 3657 2480 ε¹

1970 2496 2228 2552 luntatem
2280 2511 2310 2551 a
2359 2497 2752 2552 consuetudine
2812 2507 3019 2552 natura;
3076 2496 3311 2552 alienam
3357 2505 3544 2554 osten-

1967 2589 2131 2644 derit.

1971 2665 1986 2672 ’
2038 2681 2170 2736 Cum
2200 2679 2280 2735 sic
2312 2694 2444 2751 ergo
2483 2680 2719 2750 optimus
2747 2679 3009 2734 Dominus
3031 2679 3385 2734 inenarrabili
3418 2681 3542 2736 lon-

1967 2772 2281 2842 ganimitate
2319 2764 2700 2827 testamentum
2723 2770 3074 2836 condidisset,
3109 2780 3404 2826 accurrunt
3435 2772 3541 2827 ite-

1941 2865 2086 2915 rum
2119 2862 2263 2916 velut
2315 2861 2532 2931 agmine
2585 2860 2849 2915 immanes
2878 2860 3064 2914 bestia:
3087 2897 3104 2924 ,
3135 2875 3198 2914 ac
3228 2875 3360 2928 gyro
3390 2861 3540 2914 cruci

1968 2961 2232 3018 astantes,
2274 2951 2754 3006 innumerabilibus
2772 2952 3162 3008 certaminibus
3183 2950 3382 3004 claram
3420 2950 3540 3004 Ma-

1973 3054 2132 3108 trem,
2174 3057 2204 3096 a
2241 3052 2385 3097 tanta
2421 3043 2507 3097 illa
2540 3043 2649 3097 nati
2682 3043 2990 3097 adhaesione
3052 3056 3112 3096 ac
3141 3041 3390 3095 familiari
3422 3042 3539 3096 col-

1969 3133 2151 3202 loquio
2201 3143 2409 3189 arcent.
2449 3133 2580 3199 Qua:
2639 3147 2799 3204 porro
2846 3133 3145 3187 certamina
3203 3142 3540 3202 martyrum;

1967 3239 2086 3293 quae
2116 3228 2477 3280 membrorum
2509 3225 2836 3289 divisiones;
2884 3239 3004 3293 qua:
3033 3223 3378 3278 concisioues
3408 3237 3537 3278 cor-

1939 3387 1950 3398 ‘
1968 3329 2198 3382 porum;
2232 3330 2478 3385 quamam
2521 3315 2705 3369 subtili
2757 3315 2971 3368 inventa
3026 3324 3146 3368 arte
3209 3313 3542 3368 carniﬁcinas

1969 3405 2348 3470 instrumenta,
2407 3405 2559 3476 gravi
2615 3406 2750 3458 adeo
2775 3405 3016 3459 cruciatu
3064 3403 3247 3457 Mariae
3300 3403 3536 3456 animam

1967 3493 2549 3570 potuissent'aﬂicere,
2597 3495 2672 3550 uti
2704 3510 2822 3548 eam
2871 3493 3293 3549 innumerabiles
3327 3493 3536 3548 Domini

1967 3600 2032 3640 ac
2091 3585 2212 3639 Filii
2248 3588 2559 3654 passionum
2596 3600 2755 3638 cnscs
2782 3585 3045 3647 divisere,
3101 3584 3266 3653 inque
3299 3583 3539 3639 dolorem

1967 3674 2290 3730 immensum
2323 3675 2605 3742 coniecere
2652 3675 2676 3728 7
2725 3673 2812 3728 Sic
2848 3675 3006 3744 plane
3035 3683 3110 3728 tot
3152 3676 3325 3728 modis
3364 3676 3538 3730 scissa

1968 3767 2172 3829 anima,
2214 3766 2628 3834 haudquaquam
2678 3765 2729 3818 in
2777 3779 3001 3833 corpore
3041 3778 3356 3818 remansura
3394 3775 3536 3827 erat,

1968 3856 2074 3910 nisi
2128 3857 2244 3925 ipse
2291 3859 2383 3925 qui
2453 3857 2778 3924 patiebatur,
2838 3855 3193 3908 retinuisset:
3260 3852 3365 3907 nisi
3435 3869 3542 3908 suo

1938 3947 2113 4028 .IDeus
2154 3959 2285 4000 nutu
2347 3947 2464 4014 ejus
2492 3947 2849 4000 constantiam
2907 3943 3218 4012 adjuvisset.
3250 3943 3388 4010 Quia
3425 3944 3538 4012 jam

1966 4053 2096 4108 ergo
2159 4042 2475 4092 meonomize
2540 4044 2936 4092 sacramentum
3007 4035 3375 4106 implebatur,
3437 4049 3538 4088 nec

1970 4130 2265 4199 quidquam
2289 4144 2477 4185 eorum
2502 4145 2620 4197 quae
2655 4143 2684 4181 a
2739 4128 3014 4208 prophetis
3047 4127 3298 4195 praedicta
3331 4138 3537 4192 essent,

1967 4221 2144 4274 omitti
2183 4221 2506 4288 oportebat;
2558 4221 2671 4290 ipsa
2698 4233 2913 4288 quoque
2945 4219 3086 4273 fellis
3119 4219 3362 4288 acetique
3389 4233 3542 4272 sum-

1926 4295 1935 4302 .
1969 4313 2084 4381 ptio
2120 4307 2278 4365 tinem
2305 4309 2512 4375 habuit,
2553 4312 2725 4364 media
2779 4310 2900 4365 sitis
2949 4307 3305 4364 confessione.
3339 4309 3430 4362 Ait
3456 4309 3534 4362 si-

285 4398 377 4450 διὰ
423 4397 532 4450 τῶν
570 4396 1074 4466 προφητευθέντων,
1097 4396 1367 4466 ἀνάγκην,
1403 4395 1472 4447 τὰ
1516 4395 1645 4466 παρ’
1685 4397 1861 4448 αὐτῶν

1969 4403 2183 4471 quidem
2211 4399 2473 4455 Dominus
2500 4418 2512 4453 :
2550 4399 2706 4466 Sitio,
2740 4401 2832 4455 sed
2858 4411 2911 4456 et
2943 4398 3108 4454 Judaei
3145 4408 3348 4452 tantam
3381 4399 3534 4453 sitlc-

285 4485 483 4557 ἐδρᾶτο
507 4485 860 4555 τολμώμενα·
886 4485 974 4538 διὰ
997 4484 1097 4552 τὴν
1113 4485 1291 4552 αὐτῶν
1312 4485 1685 4555 ἀπαραίτητον
1702 4491 1870 4553 ἀγνω-

288 4577 554 4650 μοσύνην,
591 4579 625 4648 ἡ
657 4577 894 4648 ἀψευδὴς
942 4575 1038 4630 καὶ
1082 4575 1614 4648 προκαταὸέϐληται,
1659 4580 1870 4631 καὶπε-

285 4672 582 4742 πλήρωται
610 4655 945 4743 προφητεία.
976 4669 1140 4723 Ἀλλὰ
1165 4655 1565 4735 σκόπει,,τοῦτο
1591 4677 1656 4744 τῇ
1682 4653 1868 4744 ’Μητρὶ

281 4762 495 4833 ’μᾶλλον
545 4762 578 4834 ἧ
628 4762 771 4816 κατὰ
800 4763 898 4824 τὰς
937 4760 1318 4833 προλαϐοῦσας
1346 4761 1558 4828 ὀδύνας,
1607 4781 1869 4836 προσεπι-

281 4853 652 4924 τετριμμένον
706 4852 952 4928 τραῦμα.
1000 4852 1168 4924 Ὁμοῦ
1198 4871 1258 4906 τε
1284 4855 1394 4932 γὰρ
1446 4857 1480 4927 ἡ
1511 4857 1662 4929 φωνὴ
1690 4875 1859 4930 προσ-

281 4943 641 5014 ανεπέμφθη,
701 4945 795 4998 καὶ
831 4944 1027 5016 ταύτῃ,
1062 4945 1199 5014 αὐτῇ
1235 4945 1335 5015 τὴν
1368 4945 1595 5016 καρδίαν
1633 4947 1857 5001 διεσπα-

285 5035 497 5106 ράχθη·
557 5036 652 5088 καὶ
682 5031 751 5106 ἦν
797 5035 896 5088 σὺν
933 5037 1011 5106 τῷ
1057 5035 1200 5104 λόγῳ
1248 5034 1605 5105 περιθέουσαν
1655 5037 1858 5110 ταύτην

283 5127 549 5194 κατιδεῖν,
582 5127 925 5202 τεμνομένην
951 5145 1008 5180 τε
1036 5128 1128 5180 καὶ
1163 5126 1504 5197 φλεγομένην
1537 5127 1856 5200 διαπνρότε-

1971 4495 2106 4549 haut
2137 4492 2396 4547 exhibere
2432 4492 2628 4546 furoris
2661 4492 2946 4546 insaniam.
2975 4489 3142 4545 Porro
3161 4491 3534 4559 exsequeban-

1970 4585 2058 4630 tur
2089 4587 2248 4632 tanta:
2280 4579 2599 4632 temeritatis
2630 4589 2901 4648 portenta,
2932 4594 3037 4634 non
3065 4579 3538 4649 propter‘prophe-

1971 4671 2055 4723 tia
2092 4671 2511 4737 necessitatem;
2557 4673 2650 4726 sed
2687 4671 2862 4740 magis
2893 4680 3114 4741 propter
3145 4687 3334 4726 eorum
3367 4671 3539 4727 obsti-

1972 4769 2153 4813 natam
2202 4761 2622 4830 improbitatem,
2661 4777 2786 4816 vera
2816 4763 3092 4832 prophetia
3149 4773 3205 4818 et
3237 4763 3532 4833 praecessit,

1959 4863 2019 4930 (et
2049 4851 2261 4928 impleta
2280 4863 2382 4906 est.
2421 4853 2549 4922 Vide
2581 4863 2784 4918 autem,
2822 4863 2882 4910 ut
2923 4869 2984 4909 ea
3011 4869 3098 4910 res
3137 4854 3390 4922 majorem
3424 4869 3538 4922 pra:

1966 4943 2333 4997 anterioribus
2380 4944 2537 4998 Matri
2572 4945 2810 5000 dolorem
2847 4946 3188 5001 consciverit.
3237 4943 3358 4998 Mox
3388 4943 3534 4999 enim

1964 5043 2025 5088 ut
2071 5035 2162 5088 illa
2195 5050 2296 5090 vox
2334 5037 2529 5090 emissa
2590 5035 2728 5100 fuit,
2757 5051 2818 5091 ea
2845 5037 3028 5091 statim
3059 5051 3153 5090 cor
3179 5033 3294 5103 ejus
3330 5034 3537 5089 lacera-

1967 5135 2094 5181 tur:
2130 5136 2356 5197 eratque
2389 5128 2566 5182 videre
2597 5127 2698 5183 sub
2727 5129 2841 5199 ipsa
2892 5127 3161 5183 sermonis
3200 5128 3384 5192 verba,
3436 5140 3532 5181 ar-

284 5235 381 5288 ρον
402 5234 415 5248 ·
449 5218 664 5276 ἐλεεινά
691 5235 748 5271 τε
779 5219 914 5289 πρὸς
948 5218 1072 5280 τοὺς
1101 5210 1745 5284 ἐστῶτ,ας’ἀτενίζουσαν,
1771 5220 1865 5274 καὶ

1968 5219 2192 5273 dentiori
2229 5231 2531 5289 correptam
2602 5220 2819 5274 ﬂamma
2849 5235 2912 5274 ac
2958 5220 3142 5273 animo
3193 5218 3533 5286 disscctam,

287 5309 499 5372 πάντας
550 5308 1031 5376 καθικετεύουσαν,
1061 5308 1337 5377 ἐπαμύναι
1363 5325 1423 5360 τε
1446 5309 1542 5362 καὶ
1566 5308 1712 5381 ὕδωρ
1743 5311 1864 5364 ὲπι-

1960 5307 2364 5378 tniserabilique
2401 5309 2558 5364 oculo
2595 5311 2957 5364 intendentcm
2977 5307 3030 5362 in
3057 5316 3374 5377 praesentem
3411 5315 3532 5361 ture

280 5399 489 5474 δοῦναι,
518 5400 666 5463 ὅπως
697 5400 762 5452 ἂν
786 5399 1216 5469 προσαγαγοῦσα
1237 5399 1315 5470 τῷ
1344 5400 1436 5454 τοῦ
1463 5401 1717 5471 φιλτάτου
1745 5403 1864 5456 στό-

1968 5397 2107 5463 bam,
2133 5414 2196 5453 ac
2228 5403 2508 5456 universos
2543 5402 2758 5455 enixius
2789 5411 3066 5470 rogantem
3093 5436 3109 5462 .
3164 5407 3223 5453 ut
3249 5398 3530 5469 juvarent,

285 5506 444 5562 ματι,
476 5490 575 5563 τὴν
614 5490 936 5562 σωματικὴν
963 5491 1129 5546 αὐτοῦ
1159 5491 1505 5562 διαναψύξειε
1529 5491 1702 5564 φλόγα
1727 5510 1742 5526 ο
1767 5494 1862 5548 καὶ

1968 5511 2021 5552 ac
2052 5511 2247 5568 aquam
2298 5497 2676 5568 porrigerent,
2709 5511 2872 5568 quam
2924 5493 3232 5552 charissimi
3289 5495 3536 5564 pignoris
3630 5523 3653 5542 .

355 5648 398 5679 ’⁸
452 5648 642 5703 Matth.
688 5666 849 5715 um,
876 5651 930 5704 9.
