3948 6162
482 257 618 323 [£79

1605 250 1924 312 GEORGII
1966 241 2559 308 NICOMEDIENSIS

3587 240 3724 309 ιιεο

485 376 567 429 ori
592 371 875 436 adhibens,
904 368 1202 439 corporalis
1235 366 1355 423 sitis
1388 364 1537 419 illius
1564 364 1814 417 ardorem
1845 374 2047 431 tempe-

2169 353 2312 408 ιοῦτο
2340 352 2439 422 μὲν
2487 345 2955 411 ὲπισπεύδουσαν,
3000 348 3076 417 μὴ
3125 349 3486 420 εὐρίσκουσαν
3538 351 3597 406 δὲ
3647 356 3737 408 εὐ-

430 515 440 533 ,
484 474 665 519 reret:
692 474 855 530 atque
904 461 957 515 id
989 459 1208 529 quidem
1257 456 1488 512 sollicite
1528 463 1797 525 agentem,
1829 467 1927 507 nec
1952 467 2049 521 0p-

438 535 444 547 ’
485 555 612 625 pido
635 564 811 606 tamen
838 551 1201 606 invenientem
1227 563 1240 602 :
1270 554 1364 600 aut
1389 545 1648 614 siquidem
1667 543 2047 607 invenientem,

483 662 590 700 non
625 654 804 698 tamen
825 641 1049 711 implere
1069 640 1357 702 valentem,
1384 637 1466 691 vel
1487 636 1768 691 deﬁciente
1796 649 1903 704 quo
1929 648 2052 703 pro-

487 736 725 800 pinaret,
750 731 1034 786 sublimius
1064 729 1206 783 elato
1237 727 1520 797 pendentis
1565 726 1742 794 capite
1763 764 1779 788 ,
1803 739 1963 792 quam
1996 732 2053 778 ut

486 837 682 875 manus
739 820 807 873 ad
858 833 1027 888 usque
1082 832 1143 871 os
1202 826 1384 886 posset
1413 815 1742 884 pertingere,
1772 814 1853 869 vel
1887 814 2050 868 etiam

487 911 930 967 submoventibus
952 906 1255 971 bomicidis,
1286 922 1406 961 cum
1429 906 1502 960 illi
1523 905 1635 974 jam
1658 910 2050 974 occupassent,

486 1015 549 1054 ac
582 1008 793 1053 acetum
829 997 1201 1059 tradidissent,
1267 1010 1366 1049 nec
1397 1009 1722 1064 quemquam
1767 992 2053 1048 humanius

484 1092 561 1146 uti
600 1104 864 1159 suspenso
889 1089 1282 1158 permitterent.
1316 1087 1359 1143 0
1393 1098 1626 1157 quantas
1660 1085 1893 1143 Verbum
1925 1102 2052 1156 pas-

484 1182 668 1237 siones
690 1182 974 1245 sustinuit,
1003 1180 1156 1234 nobis
1176 1180 1392 1248 quidem
1432 1193 1630 1234 vacuos
1660 1178 2053 1248 a'passionibus

484 1288 667 1329 mores
702 1273 1038 1337 concilians,
1070 1270 1394 1325 facinorosis
1433 1279 1614 1323 autem
1658 1285 1721 1324 ac
1760 1268 2053 1323 incredulis

484 1374 718 1420 aeternas
740 1362 863 1417 inde
887 1377 1076 1432 poenas
1098 1362 1366 1415 inferens!
1394 1359 1508 1415 Una
1536 1361 1719 1428 itaque
1733 1375 1855 1414 cum
1894 1372 2056 1413 cruce

485 1470 550 1510 ac
575 1454 745 1509 clavis
803 1453 1143 1523 myrrhatnm
1172 1450 1285 1521 (36)
1312 1450 1497 1505 vinum
1525 1452 1569 1484 "
1598 1464 1693 1518 per
1725 1463 2056 1518 exsuperan-

488 1557 596 1601 tem
623 1545 858 1599 furorem
883 1541 1210 1597 detulerant.
1230 1541 1460 1608 Dabunt,
1486 1540 1629 1596 enim
1659 1540 1865 1609 inquit,
1894 1540 1941 1593 ei
1982 1540 2058 1593 bi-

486 1639 603 1690 bere
623 1674 638 1700 ,
663 1635 973 1704 priusquam
999 1634 1052 1686 in
1081 1632 1249 1685 altum
1283 1631 1550 1695 tollerent,
1588 1639 1644 1686 et
1673 1631 1865 1683 noluit.
1901 1630 2057 1684 Acciv

2151 446 2285 507 θέως
2311 460 2325 476 ο
2361 443 2395 513 ἢ
2421 441 2515 495 καὶ
2537 438 2822 511 εὑροῦσαν,
2858 439 2935 509 μὴ
2964 433 3075 491 οἷόν
3113 456 3173 492 τε
3195 438 3264 511 ἦν
3290 442 3669 514 ἀποπληροῦν,
3693 447 3725 518 ἢ

2150 534 2239 589 διὰ
2269 533 2329 587 τὸ
2355 533 2434 604 μὴ
2476 530 2620 600 ἔχειν
2653 531 2802 593 ὅπως
2826 528 2892 583 ἂν
2934 529 3171 613 έπιδοίη,
3206 531 3543 606 ὑψηλότερον
3567 537 3730 610 ἀνηρ-

2150 630 2396 702 τημένης
2418 628 2517 697 τῆς
2547 627 2811 697 κεφαλῆς,
2850 626 2947 680 καὶ
2983 626 3060 697 μὴ
3083 626 3472 699 ἐξικνουμένης
3495 631 3597 700 τῆς
3625 650 3730 702 χει.

2154 723 2246 792 pb;
2276 718 2355 789 τῷ
2392 719 2623 789 στόματι
2657 714 3058 786 προσπελάσαι,
3094 715 3128 786 ἢ
3165 717 3259 769 καὶ
3301 717 3406 769 ὑπὸ
3442 718 3556 772 τῶν
3590 737 3733 790 μιαι-

2155 810 2330 879 φόνων
2383 806 2806 876 ἀπωθουμένην,
2857 802 3036 858 αὐτῶν
3085 805 3185 874 μὲν
3235 807 3732 876 προσφθασάντων,

2156 903 2252 956 καὶ
2285 901 2346 953 τδ
2387 900 2486 971 μὲν
2520 899 2641 965 ὅξος
2686 898 3058 962 ἐπιδιδόντων,
3106 899 3181 971 μὴ
3218 902 3653 974 συγχωρούντων
3677 905 3734 957 δὲ

2154 992 2254 1061 τήν
2311 988 2824 1060 φιλανθρωπότερον
2877 987 2957 1058 τῷ
3015 989 3350 1061 κρεμαμένῳ
3402 994 3729 1063 χρήσασθαι.

2142 1086 2179 1113 ’ν
2183 1084 2225 1134 Ω
2246 1078 2387 1145 οἵοις
2417 1082 2446 1134 ὁ
2479 1081 2651 1148 Λόγος
2683 1080 2974 1149 περιέτυχε
3003 1081 3257 1146 πάθεσιν,
3285 1084 3419 1153 ἡμῖν
3448 1084 3550 1154 μὲν
3589 1085 3727 1139 ἁπά-

2155 1173 2329 1238 θειαν,
2379 1173 2494 1236 τοῖς
2536 1170 2838 1241 τολμηταῖς
2881 1171 2939 1224 δὲ
2991 1171 3086 1226 καὶ
3142 1172 3392 1227 ἀπειθέοι
3465 1177 3737 1246 τιμωρίαν

2157 1262 2514 1334 προξενοῦσιν
2544 1262 2852 1332 ἀπέραντον
2878 1262 2892 1314 l
2917 1261 3021 1315 Τδν
3047 1262 3146 1330 μὲν
3174 1258 3267 1316 οὖν
3298 1267 3737 1336 ἐσμυρνισμένον

2155 1350 2321 1419 οίνον,
2354 1353 2432 1424 τῷ
2463 1353 2683 1422 σταυρῷ
2711 1352 2808 1406 καὶ⁵
2845 1354 2961 1414 τοῖς
3000 1354 3157 1423 ἥλοις
3188 1355 3253 1409 δι’
3288 1355 3596 1426 ὑπερϐολὴν
3632 1374 3737 1427 μα-

2157 1444 2277 1508 νίας
2328 1444 2715 1514 συνεκόμισαν.
2763 1443 3112 1498 Ἐπεδίδουν
3154 1445 3284 1517 γὰρ,
3329 1448 3518 1517 φησιν,
3580 1448 3738 1512 αὐτῷ

2157 1534 2317 1589 πιεῖν
2346 1535 2452 1606 πρὸ
2507 1532 2606 1588 τοῦ
2645 1534 3042 1605 ἀναρηθῆναι,
3109 1537 3210 1589 καὶ
3250 1538 3362 1590 οὐκ
3393 1537 3644 1605 ἤθελενο
3675 1539 3738 1591 ἐκ

2157 1624 2257 1678 τοῦ
2286 1626 2579 1697 προχείρου
2611 1626 2669 1678 δὲ
2699 1625 2985 1691 λαϐόντες,
3011 1625 3113 1696 τὴν
3145 1608 3249 1696 τῆς
3268 1627 3474 1690 οἰκείας
3511 1627 3738 1700 γνώμης

487 1728 695 1797 pientes
744 1734 924 1778 autem
951 1735 1018 1776 ex
1047 1736 1112 1776 eo
1140 1721 1280 1785 quod
1329 1720 1383 1774 in
1420 1733 1670 1790 promptu
1705 1729 1874 1782 esset,
1898 1734 1995 1774 ceu
2024 1733 2053 1772 a

2169 1718 2569 1788 ἀπεπλήρωσαν
2620 1714 2932 1785 παροινίαν.
2997 1714 3160 1771 Ἀλλὰ
3205 1717 3261 1769 τί
3313 1716 3555 1788 ἔπασχεν
3602 1718 3736 1791 αὕτη

488 1819 609 1871 vino
638 1814 865 1869 furentis
890 1812 1056 1866 animi
1100 1810 1421 1881 pravitatem
1454 1810 1835 1880 impleverunt.
1867 1809 2056 1863 Enim-

483 1921 613 1962 vero
644 1920 806 1975 quam
839 1903 928 1956 illa
954 1903 1186 1973 graviter
1210 1901 1400 1966 doluit,
1439 1909 1499 1955 ut
1530 1901 1612 1956 ori
1641 1901 1919 1971 spongiam
1955 1901 2054 1954 ad-

490 1995 823 2051 movissent?
853 1992 1138 2059 Quomodo
1167 1991 1257 2046 ubi
1300 1990 1367 2044 fel
1415 1992 1740 2046 intemerata
1779 1991 1920 2043 labia
1958 1991 2058 2043 tin-

486 2088 674 2151 xisset,
710 2085 1016 2141 acerbiores
1042 2082 1273 2137 ﬂammae
1297 2082 1414 2152 ejus
1439 2083 1646 2136 viscera
1668 2079 2058 2151 pervaseront?

487 2175 768 2244 Quomodo
791 2183 1037 2243 gustante
1059 2187 1146 2237 eo,
1170 2172 1259 2241 qui
1294 2173 1666 2225 universorum
1697 2168 1925 2223 dulcedo
1951 2178 2054 2234 εει,

489 2268 829 2338 propinatum
883 2271 1131 2327 acetum,
1192 2275 1411 2315 amarus
1465 2260 1665 2314 doloris
1718 2257 1837 2328 ejus
1876 2257 2057 2311 animo

490 2357 783 2412 innndabat
813 2353 1060 2409 torrens?
1085 2351 1283 2418 Quales
1305 2366 1370 2406 ex
1397 2352 1504 2405 imo
1532 2361 1749 2420 pectore
1775 2348 2056 2403 emittebat

487 2445 959 2519 gemitus?Qualia
993 2444 1265 2498 lamenta?
1302 2442 1563 2510 Qualibus
1599 2428 1926 2509 irrigabatur
1968 2454 2056 2493 ca-

492 2536 807 2590 lentissimis
827 2533 1123 2603 lacrymis?
1155 2532 1352 2588 Verum
1383 2531 1527 2585 nulla
1545 2530 1647 2584 alia
1678 2545 1852 2595 mens,
1880 2526 2056 2582 nullus

491 2642 696 2690 sermo,
721 2627 839 2682 haec
863 2627 995 2680 satis
1012 2623 1312 2694 lugubriter
1328 2622 1573 2694 proferre
1596 2623 1786 2693 possit.
1824 2619 2057 2676 Omnino

489 2719 632 2772 enim
656 2717 935 2781 deﬁciunt,
969 2716 1048 2770 uti
1070 2717 1232 2771 etiam
1264 2729 1296 2770 a
1333 2714 1699 2784 magnitudine
1732 2712 1828 2766 rei.
1872 2710 2053 2765 Solius

493 2807 586 2862 lilii
648 2807 739 2873 sit,
768 2820 829 2862 ac
859 2807 1048 2861 matris
1084 2806 1260 2875 reipsa
1291 2813 1549 2875 experte,
1602 2812 1661 2857 ut
1708 2809 1762 2856 et
1805 2799 2060 2857 noverint

493 2895 617 2958 ista.
646 2906 700 2948 et
726 2910 824 2966 pro
850 2909 1039 2949 eorum
1071 2894 1280 2949 ratione
1307 2892 1701 2948 enarraverint.

567 2985 660 3041 Sic
691 2986 872 3053 itaque
911 2992 1284 3039 consummato
1325 2984 1597 3048 horrendo
1637 2984 1922 3055 mysterio,
1950 2994 2060 3041 tre-

495 3090 650 3130 more
683 3075 888 3130 audivit
919 3075 1217 3130 terribilem
1244 3090 1430 3130 vocem
1454 3075 1602 3130 illam
1629 3114 1645 3139 ,
1674 3091 1780 3145 qua
1808 3077 2058 3146 spiritum
2089 3066 2133 3125 α

495 3165 549 3218 in
583 3165 760 3219 Patris
801 3167 884 3220 sui
928 3181 1119 3221 manus
1151 3167 1585 3241 commendabat.
1618 3165 1687 3222 Ut
1721 3182 1881 3238 porro
1910 3169 2060 3224 auri-

493 3255 595 3310 bus
611 3256 868 3326 percepit,
894 3257 1153 3326 viditque,
1181 3272 1369 3325 parum
1398 3256 1590 3323 abfuit,
1626 3266 1684 3311 ut
1712 3272 1780 3313 ne
1810 3273 1915 3312 una
1937 3274 2059 3314 cum

494 3344 614 3400 Filii
673 3346 1013 3400 sanctissima
1068 3347 1246 3400 anima
1296 3346 1552 3415 migrans,
1602 3345 1821 3400 omnino
1854 3347 2063 3415 passio-

495 3448 618 3487 nem
642 3433 1011 3502 compleverit.
1056 3433 1255 3490 Verum
1304 3435 1485 3490 divina
1515 3435 1735 3501 virtute,
1778 3450 1842 3491 ac
1874 3434 2062 3491 ineffa-

495 3523 585 3576 bili
623 3523 908 3576 roborante
934 3524 1239 3578 constantia
1262 3561 1280 3590 ,
1312 3524 1380 3578 ad
1424 3524 1683 3593 proxima:
1722 3524 1833 3595 jam
1876 3541 2061 3582 resur-

497 3612 752 3667 rectionis
787 3612 1023 3668 laetitiam
1081 3614 1263 3671 animo
1305 3614 1614 3685 erigebatur
1656 3634 1670 3670 :
1712 3619 2061 3687 quamobrem

565 3787 612 3819 "
672 3786 839 3842 Marc.
868 3803 955 3856 xv,
979 3795 1071 3849 23.

569 3942 689 4017 (56)
739 3940 1078 4017 Μῃτζιιαιιιηι
1109 3943 1305 4017 riuum.
1330 3941 1435 3996 Τὸν
1461 3945 1893 4017 ἐσμυρνισμένον
1911 3942 2073 4017 οἶνον.

497 4010 717 4077 Acrepit
755 4010 821 4082 es
873 4010 1053 4082 Marco
1101 4028 1115 4064 :
1170 4013 1479 4082 indicatque
1523 4010 1861 4069 vitt'um'hoc
1907 4016 2076 4071 fuisse

498 4080 823 4135 atnarissimi
862 4080 1093 4149 saporis,
1113 4094 1220 4151 nec
1254 4080 1546 4135 rect-cando
1574 4084 1800 4151 Domino
1828 4084 2071 4151 allatum,

499 4152 594 4222 sed
628 4152 951 4222 torquendo,
987 4152 1060 4222 uti
1106 4149 1176 4222 ie!
1228 4158 1540 4222 etuacetum
1587 4150 1899 4222 Matthxi,
1931 4149 2074 4222 quod

2164 1807 2578 1877 προσαγομένου
2622 1807 2717 1861 τοῦ
2756 1806 3000 1875 σπόγγου
3045 1806 3123 1876 τῷ
3157 1808 3393 1877 στόματι
3423 1826 3440 1874 ;
3476 1809 3603 1872 Πῶς
3632 1810 3737 1863 τῶν

2163 1899 2448 1968 ἁχράντων
2470 1896 2692 1967 χειλέων
2720 1895 2823 1966 τῆς
2853 1895 3017 1965 χολῆς
3048 1895 3382 1966 ἁπτομένης,
3413 1897 3739 1969 δριμύτεραι

2165 1989 2362 2061 φλόγες
2390 1989 2533 2043 κατὰ
2574 1987 2682 2041 τῶν
2721 1987 2893 2057 αὐτῆς
2931 1985 3176 2057 ἐχώρουν
3217 1987 3581 2058 σπλάγχνων;
3614 1990 3737 2053 Πῶς

2161 2080 2256 2134 τοῦ
2272 2079 2381 2133 τῶν
2396 2079 2652 2133 ἁπάντων
2673 2077 2992 2149 γλυκασμοῦ
3017 2077 3110 2132 τοῦ
3131 2078 3286 2147 ὅξους
3307 2080 3736 2150 ἀπογενομένου,

2161 2173 2190 2225 ὁ
2224 2171 2422 2240 πικρὸς
2450 2170 2551 2240 τῆς
2572 2169 2763 2241 ὀδύνης
2784 2170 2842 2221 ὲν
2866 2171 2936 2240 τῇ
2961 2169 3105 2240 ψυχῇ
3150 2169 3355 2238 ταύτης
3385 2170 3525 2241 ἐπλη
3536 2171 3736 2241 μμύρει

2163 2263 2524 2335 χειμάρῤουςς
2551 2261 2707 2324 Οἴους
2735 2262 2797 2313 ὲκ
2824 2260 3025 2331 βάθους
3048 2260 3332 2330 ἀνέπεμπε
3364 2261 3733 2331 στεναγμούςς

2163 2355 2295 2418 Οἴας
2312 2353 2465 2422 ἠφίει
2490 2352 2588 2416 τὰς
2617 2352 2904 2421 οἰμωγάς;
2933 2352 3057 2405 Τίσι
3090 2352 3449 2422 θερμοτάτοις
3472 2352 3737 2423 κατεϐρό-

2162 2461 2291 2515 χετο
2317 2443 2617 2514 δάκρυσιν;
2655 2442 2815 2497 Ἀλλὰ
2863 2442 3036 2497 ταῦτα
3075 2445 3195 2515 μὲν,
3237 2445 3351 2499 οὔθ’
3380 2446 3580 2517 ἐτέρας
3624 2448 3739 2502 δια-

2162 2537 2349 2600 νοίας,
2400 2534 2525 2588 οὔτε
2569 2533 2730 2604 λόγου
2790 2535 2993 2600 παντὸς
3046 2536 3232 2589 ἱκανὸν
3283 2538 3735 2609 ὲκτραγῳδῆσαι·

2162 2628 2554 2683 ἀπολείπονται
2580 2626 2689 2698 γὰρ
2710 2627 2910 2697 πάντη,
2931 2626 3186 2698 καθάπερ
3213 2628 3278 2699 δὴ
3306 2630 3401 2682 καὶ
3426 2629 3523 2682 τοῦ
3558 2630 3737 2700 πράγ-

2168 2733 2367 2792 ματος·
2400 2718 2497 2771 τοῦ
2542 2716 2599 2772 δὲ
2645 2715 2762 2770 υίοῦ
2800 2716 2988 2787 μόνου,
3015 2719 3110 2772 καὶ
3146 2718 3246 2788 τῆς
3290 2719 3440 2791 ἔργῳ
3468 2737 3738 2793 πεπειρα-

2169 2812 2335 2883 μένης
2379 2809 2604 2881 μητρὸς,
2638 2810 2735 2863 καὶ
2778 2809 3180 2879 συνεγνωκέναι
3223 2810 3416 2876 ταῦτα,
3447 2812 3545 2866 καὶ
3583 2813 3739 2881 λόγον

2165 2901 2420 2965 ἐξειπεῖν.

2237 2988 2396 3044 Οὕτω
2422 2992 2601 3045 τοίνυν
2631 2990 2726 3046 τοῦ
2771 2987 3001 3061 φρικτοῦ
3042 2989 3346 3062 μυστηρίου
3386 2993 3743 3063 πεπερασμέ-

2165 3097 2281 3147 νου,
2310 3080 2500 3153 τρόμῳ
2532 3083 2634 3153 μὲν
2669 3083 2769 3152 τῆς
2797 3082 3036 3153 φοϐερᾶς
3068 3082 3302 3151 ἐκείνης’
3322 3084 3604 3154 ἐπήκουσε
3630 3101 3744 3153 φω-

2166 3171 2286 3241 νῆς,
2318 3172 2440 3242 ἥτις
2456 3175 2537 3236 είς
2553 3175 2738 3242 χεῖρας
2752 3172 2847 3226 τοῦ
2865 3173 3066 3227 οίκείου
3088 3174 3411 3244 γεννήτορος
3430 3175 3492 3226 τδ
3528 3174 3742 3243 πνεῦμα

2167 3262 2514 3332 παρετίθετο.
2543 3263 2652 3315 Καὶ
2676 3263 2833 3316 τοῦτο
2860 3262 2925 3334 δὴ
2960 3263 3311 3318 ἑνωτισθεῖσά
3330 3280 3391 3317 τε
3418 3264 3515 3317 καὶ
3545 3265 3743 3317 θεασαο

2168 3349 2328 3421 μένη,
2366 3350 2564 3423 μικροῦ
2593 3351 2704 3406 δεῖν
2731 3354 2792 3407 τὺ
2832 3353 2952 3409 ὅλον
2979 3353 3073 3407 τοῦ
3104 3354 3309 3418 πάθους
3353 3357 3648 3428 ἐπλήρωσε
3678 3360 3740 3428 τῇ

2168 3440 2411 3513 παναγᾶξι
2451 3443 2953 3515 συναποδημήσασα
2997 3444 3178 3516 ψυχῇ’
3209 3444 3332 3517 θείᾳ
3381 3447 3440 3500 δὲ
3489 3448 3741 3517 δυνάμει,

2164 3530 2263 3603 καὶ
2294 3531 2488 3601 ἀφάτῳ
2520 3533 2789 3605 καρτερίᾳ
2818 3535 3323 3606 περικρατουμένη,
3356 3536 3494 3606 πρὸς
3522 3536 3626 3607 τὴν
3646 3537 3743 3607 τῆς

2168 3621 2518 3687 ἀναστάσεως
2538 3623 2639 3694 ήδη
2661 3624 2971 3680 διανίστατο
2998 3625 3269 3697 θυμηδίαν
3288 3640 3302 3653 ·
3330 3625 3412 3681 διὸ
3434 3627 3532 3680 καὶ
3554 3629 3625 3684 τὰ
3646 3627 3744 3700 τῆς

2182 3951 2306 4025 usui
2336 3961 2707 4022 comparatum
2733 3967 2861 4025 cum,
2880 3953 3134 4025 hyssopo,
3158 3969 3318 4025 quem
3341 3951 3611 4013 Baronius
3630 3966 3741 4011 tra-

2181 4020 2282 4093 dit,
2313 4020 2621 4091 quanquam
2642 4037 2749 4077 non
2780 4020 2937 4079 video
2966 4034 3025 4078 ut
3045 4020 3288 4093 'is'potus
3309 4028 3441 4079 satis
3473 4036 3605 4079 tunc
3628 4026 3741 4079 usui

2183 4089 2259 4163 illi
2289 4089 2437 4145 esset
2466 4089 2711 4163 idoneus,
2737 4106 2857 4147 cum
2883 4093 3056 4148 nullas
3072 4089 3184 4163 jain
3217 4093 3479 4148 Dominus
3501 4108 3745 4148 recentes

2180 4157 2368 4231 plagas
2392 4160 2711 4228 accepisset,
2752 4176 2980 4231 quarum
3025 4157 3244 4229 sanguis
3271 4163 3547 4219 sistendns
3574 4174 3742 4224 esset,

501 4216 788 4309 idatuﬁvtiil
818 4234 955 4309 solut
978 4218 1253 4309 illuxit-9
1276 4216 1485 4309 biiugi:
1509 4221 1608 4309 illi“
1633 4220 1725 4309 alii
1763 4216 1964 4290 pasSini
1997 4224 2079 4309 ιιι·
2107 4287 2150 4309 ἢ
2182 4216 2445 4308 siquidem
2481 4216 2663 4282 st'atiut
2697 4216 3010 4309 moriturus,
3038 4216 3420 4309 ac'pos‘t‘quarn
3454 4231 3620 4309 horas
3645 4216 3744 4285 ali;

502 4296 786 4365 terpretes.
818 4286 1120 4365 Milti__certe
1154 4287 1292 4340 baud
1327 4288 1610 4365 dillicnlter
1641 4286 1956 4365 persuasum
1980 4292 2073 4358 sit,
2106 4287 2152 4345 D
2180 4286 2308 4361 quot
2342 4297 2393 4350 in
2422 4311 2582 4352 cruce
2610 4308 2866 4365 steterat,
2889 4286 3042 4364 dixit,
3078 4286 3198 4353 cu'm
3227 4286 3383 4361 Sitio,
3418 4309 3477 4352 ut
3507 4299 3746 4354 Joannes

500 4355 806 4409 Mattha-um
850 4368 901 4408 et
932 4355 1168 4408 Marcum
1216 4357 1459 4410 eamdem
1506 4355 1835 4425 putationem
1871 4355 2073 4426 dicere,

500 4439 619 4492 quin
655 4426 818 4478 fuerit
846 4426 953 4477 vini
986 4427 1292 4493 myrrbati,
1337 4428 1476 4491 quod
1510 4429 1584 4478 ait
1617 4426 1851 4491 Marcus,
1897 4429 2076 4484 infuso

500 4493 644 4548 ιυιιυ.
671 4492 840 4562 Etiam
872 4492 1058 4548 Matth.
1085 4495 1235 4561 juxta
1265 4492 1484 4548 Latinos
1516 4495 1729 4562 codices
1761 4511 1824 4549 ac
1867 4496 2075 4562 Patres,

503 4561 1069 4634 necnott_0rigettcnt,
1121 4562 1282 4615 habet
1324 4563 1497 4634 vinum
1549 4578 1568 4616 :
1601 4561 1805 4634 Grzccis
1845 4579 1907 4617 ac
1937 4561 2078 4634 Syro

501 4631 828 4683 habentibus
853 4630 1004 4694 ὅξος·
1044 4640 1247 4684 acetum
1281 4646 1300 4685 .'
1326 4633 1467 4698 quod
1502 4636 1681 4686 vinum
1717 4632 1844 4686 illud
1873 4630 2077 4688 (lict—um

500 4702 571 4751 sit
605 4702 673 4753 ab
714 4700 1110 4764 amaritudine;
1147 4700 1262 4754 sive
1298 4701 1528 4770 propria,
1568 4701 1681 4756 sive
1717 4718 1780 4756 cx
1817 4700 1941 4756 felle
1981 4706 2078 4756 ad-

495 4770 687 4837 juncto
742 4770 1056 4840 :rsiquidetn
1089 4770 1286 4839 alioqui
1330 4772 1513 4840 rvinnnt
1547 4773 1881 4840 tnyrrhatutn
1914 4787 2080 4826 suave

500 4847 639 4900 erat,
682 4847 736 4891 et
770 4839 819 4890 in
859 4837 1067 4891 deliciis
1093 4877 1108 4900 ,
1144 4837 1415 4891 ttt'tnnltis
1453 4837 1730 4893 contendit
1771 4839 1895 4892 Bar.
1944 4856 2075 4893 ann.

501 4908 593 4962 54.
623 4907 912 4975 singularis
940 4907 1159 4960 omnino
1184 4906 1236 4960 itt
1263 4921 1357 4960 sua
1376 4909 1742 4977 expositione,
1776 4924 1936 4977 quam
1966 4923 2081 4963 tne-

507 4981 609 5029 rito
634 4980 1042 5045 expungcndam
1086 4977 1346 5046 censuit._
1375 4975 1546 5028 Verba
1585 4975 1917 5031 'Matthfxa‘t
1953 4995 2081 5046 γευ-

506 5043 759 5116 σάμενος,
797 5043 895 5098 οὒκ
921 5046 1079 5116 ἤθελε
1109 5047 1273 5099 πιεῖν.
1306 5043 1435 5099 Cum
1469 5051 1766 5116 gustasset,
1795 5043 1976 5100 noluit
1998 5049 2079 5101 bi-

507 5115 646 5176 bere,
681 5119 815 5170 nihil
847 5115 1118 5169 contraria
1151 5127 1278 5168 sunt
1304 5116 1484 5168 verbis
1515 5115 1681 5169 Marci
1703 5134 1715 5148 ο
1750 5119 1844 5170 καὶ
1874 5117 2080 5169 ἐδίδουν

503 5185 652 5253 αὐτῷ
682 5189 829 5238 πιεῖν
851 5184 1280 5254 ὲσμυρνίσμενον
1310 5180 1473 5245 οἶνον,
1502 5187 1530 5236 ὁ
1550 5183 1605 5237 δὲ
1630 5186 1731 5238 οὐκ
1756 5186 1913 5239 ἔλαϐε
1934 5203 1950 5218 ·
1981 5193 2081 5238 da-

501 5258 622 5310 bant
649 5257 819 5308 bibere
848 5256 1023 5308 vinum
1051 5254 1372 5326 myrrltatum
1397 5265 1480 5326 εει
1509 5271 1612 5308 non
1641 5258 1834 5323 accepit
1885 5271 1902 5309 .'
1926 5257 2083 5324 plane

505 5326 647 5377 enim
682 5325 819 5377 idern
855 5335 1081 5392 uterque
1107 5324 1393 5394 signiﬁcat,
1428 5324 1608 5378 Marco
1644 5336 1851 5378 tantum
1885 5339 1944 5377 ut
1975 5340 2083 5379 Ino-

508 5394 582 5446 ris
608 5395 785 5457 habet,
815 5405 1068 5447 narrante
1091 5396 1433 5460 compendio,
1458 5394 1603 5462 quod
1627 5394 1817 5447 Matth.
1847 5397 2079 5462 circuitu

508 5464 757 5517 dixissm.
787 5463 919 5515 Solo
942 5473 1090 5516 certe
1114 5472 1274 5532 gustu
1307 5460 1700 5517 netno‘dicatur
1728 5464 1911 5516 λαϐεῖν
1940 5460 2082 5517 οἶνον

506 5535 768 5598 absolute,
806 5536 947 5600 quod
984 5547 1167 5586 revera
1212 5544 1291 5586 cst
1334 5533 1540 5587 bibere.
1575 5535 1799 5588 Acetum
1831 5535 2079 5598 Joannis,

507 5614 569 5654 ac
600 5606 889 5657 secundum
924 5602 1191 5668 Matth..et
1219 5601 1379 5655 Marc.
1410 5602 1545 5659 forte
1574 5607 1645 5658 sit
1672 5620 1887 5673 purum,
1921 5604 2081 5674 eique

2179 4366 2359 4429 habet,
2394 4376 2548 4436 tum,
2581 4366 2689 4430 Eli,
2726 4366 2836 4430 Eli,
2871 4379 3002 4429 etc.,
3031 4380 3087 4421 ιιι
3116 4369 3220 4421 duo
3248 4368 3338 4420 alii
3380 4369 3745 4436 cvangelis‘ta',

2176 4447 2407 4505 quorum
2439 4435 2725 4489 verborum
2764 4439 3053 4496 occasione
3101 4437 3172 4488 ita
3205 4445 3419 4505 potatus
3448 4435 3544 4505 est"
3575 4453 3591 4488 :
3636 4439 3747 4491 sive

2177 4501 2685 4573 Joanneseamdem
2729 4506 2889 4573 dicat,
2917 4501 3408 4573 potationemcum
3456 4504 3651 4558 Matth.
3697 4514 3750 4557 et

2179 4571 2360 4643 Marco
2392 4572 2507 4626 sive
2536 4574 2720 4643 aliam,
2755 4572 2898 4641 quod
2921 4571 3121 4643 parum
3155 4574 3343 4636 refert,
3365 4574 3475 4643 etsi
3513 4576 3745 4641 primum

2181 4640 2353 4706 magis
2408 4643 2598 4708 placet.
2660 4640 3051 4710 Metapbra'stes
3104 4653 3313 4695 acetum
3363 4640 3525 4695 istud
3561 4643 3749 4694 ultimo

2180 4711 2547 4780 propinatum,
2573 4711 2698 4780 felle
2726 4713 2943 4764 misttnn
2975 4713 3070 4773 ait,
3098 4711 3436 4778 idipsntnqne
3458 4711 3750 4780 Georgius,

2179 4791 2246 4830 ex
2277 4793 2381 4845 quo
2409 4778 2514 4842 ille,
2544 4779 2766 4834 ontniuo
2793 4780 3082 4848 signiﬁcat,
3107 4790 3163 4831 nt
3184 4782 3432 4846 quamvis
3454 4778 3754 4846 distinguat

2180 4848 2586 4916 prepinationes
2610 4887 2627 4912 ,
2678 4849 3017 4916 propinatum
3065 4856 3239 4900 tamen
3271 4848 3439 4901 semel
3468 4859 3523 4900 et
3557 4851 3751 4901 iterum

2181 4915 2305 4984 aliis
2337 4915 2940 4984 aliisque'evangelistis
2962 4916 3138 4983 aliqua
3165 4917 3453 4969 verborum
3486 4919 3756 4971 varietate

2183 4980 2562 5055 referentibus,
2587 4980 2849 5055 liquorem
2882 5000 2986 5038 non
3017 4980 3314 5055 distinguat
3340 4999 3356 5036 :
3382 4995 3439 5037 ut
3465 4997 3517 5038 et
3547 5000 3576 5037 a
3608 4987 3758 5055 prin-

2182 5053 2342 5120 cipio,
2387 5065 2439 5105 et
2473 5053 2725 5118 Spiritum
2764 5056 3100 5115 entissurus,
3148 5054 3426 5122 niyrrhato
3456 5053 3624 5119 vino,
3662 5071 3757 5108 seu

2186 5133 2359 5184 aceto,
2391 5122 2515 5173 i‘t-lle
2549 5125 2728 5185 tnisto,
2767 5123 3025 5176 Dominus
3056 5134 3271 5191 potatus
3299 5123 3391 5191 sit,
3421 5139 3522 5175 nec
3556 5133 3668 5176 tant
3701 5130 3760 5176 ut

2184 5194 2292 5242 vita
2334 5193 2537 5244 diutius
2569 5203 3006 5255 conservaretur,
3038 5190 3198 5258 quam
3224 5200 3279 5243 ut
3313 5190 3452 5245 fellis
3484 5191 3574 5245 illa
3607 5206 3763 5245 ama-

2185 5260 2443 5322 ritudine,
2477 5275 2572 5314 seu
2614 5264 2763 5315 mixti
2801 5262 2963 5322 iellei,
2995 5262 3361 5329 sacratissima
3396 5262 3518 5327 ejus
3551 5262 3758 5329 lingua,

2184 5344 2247 5382 ac
2277 5331 2481 5382 viscera
2520 5341 2901 5398 torquerentur
2929 5331 3045 5384 sitis
3075 5328 3313 5382 remedio
3340 5346 3353 5381 ;
3382 5330 3530 5395 quod
3560 5340 3617 5384 et
3646 5328 3762 5399 ipse

2183 5399 2428 5465 queritur
2452 5400 2504 5467 in
2533 5399 2677 5454 Psal.
2711 5399 2979 5453 Dederuut
3010 5400 3065 5451 in
3093 5414 3266 5452 escam
3292 5413 3460 5449 nteant
3497 5400 3592 5467 fel,
3623 5410 3674 5452 et
3705 5400 3762 5453 in

2183 5469 2295 5531 siti,
2326 5479 2432 5520 etc.
2468 5466 2703 5522 Fuerunt
2733 5471 2846 5524 haec
2879 5471 2931 5522 in
2972 5466 3598 5536 Deminutn‘singularis
3648 5482 3762 5523 nta-

2186 5538 2314 5590 litite
2363 5553 2427 5590 ac
2458 5547 2819 5605 contemptus,
2866 5549 2925 5591 ut
2960 5541 3095 5591 bene
3121 5538 3389 5609 _obscrvat
3430 5538 3764 5609 Cbrysosto—

2187 5623 2328 5670 lltliS,
2366 5624 2523 5672 quem
2563 5619 2750 5663 noster
2778 5619 3081 5662 assectatur
3108 5605 3392 5676 Georgius.
