3948 6162
513 281 646 345 1433

1644 291 1933 352 GEORGI
1945 295 1968 352 I
2017 294 2613 361 NICOMEDIENSIS

3615 306 3619 314 ’
3645 310 3776 374 1434

510 395 862 450 incumbebat
894 412 907 447 :
945 405 1106 466 atque
1139 404 1196 450 ut
1227 397 1533 468 depositum
1571 415 1600 455 e
1640 402 1783 472 ligno
1810 405 2072 461 iutemera

2191 409 2290 478 τῆς
2318 411 2445 480 περὶ
2490 413 2589 481 τῆς
2627 416 2942 469 καινοποιοῦ
2988 419 3166 490 ταφῆς
3205 421 3420 489 γίνεται
3453 428 3775 495 φροντίδοςο

508 497 621 543 tum
657 502 877 557 corpus,
915 502 1089 557 neque
1128 488 1227 555 ipsi
1269 503 1334 542 ex
1370 490 1460 543 tali
1493 494 1806 560 spectaculo
1845 496 2088 550 dolorem

507 593 752 650 augeret,
779 597 953 654 neque
970 585 1244 654 sepultura
1269 600 1482 650 carens,
1509 588 1768 641 vocanda:
1795 592 1848 641 in
1871 589 2087 644 dubium

508 679 814 733 communis
847 678 1255 734 reformationis
1284 694 1450 735 causa
1497 678 1660 734 foret.

579 959 651 1016 Ut
679 968 860 1013 autem
899 972 1004 1010 non
1036 955 1330 1021 licebat,ut
1352 955 1403 1008 id
1431 956 1546 1024 ipsa
1591 970 1686 1025 per
1711 971 1768 1009 se
1791 955 2037 1024 impleret
2070 975 2082 1009 :

507 1067 622 1107 tum
652 1051 794 1120 quod
825 1051 1100 1105 laboraret
1135 1049 1575 1118 necessariorum
1637 1049 1866 1118 penuria
1919 1049 1940 1118 (
1967 1059 2087 1104 erat

507 1144 773 1215 siquidem
821 1141 874 1194 in
907 1150 1052 1196 terra
1105 1140 1280 1194 aliena
1307 1181 1321 1205 ,
1384 1141 1500 1208 ipsa
1535 1139 1762 1206 pariter,
1804 1139 2026 1208 notique
2057 1155 2084 1192 a

510 1238 666 1306 longe
694 1231 1097 1303 aSpicientes):
1142 1232 1268 1286 item
1307 1241 1364 1285 ut
1423 1247 1490 1286 ne
1517 1232 1606 1293 _cui
1654 1231 1928 1285 viviﬁrum
1959 1247 2085 1287 cor-

508 1345 604 1396 pus
632 1341 953 1394 suspensum
998 1323 1291 1378 tollendum
1329 1322 1664 1392 relinquens,
1716 1322 1829 1390 ipsa
1869 1323 2085 1376 interim

507 1423 572 1475 ad
603 1422 832 1483 divites,
866 1436 929 1473 ac
959 1417 1331 1486 postulandum
1367 1431 1462 1486 pro
1495 1432 1562 1471 eo
1585 1418 1690 1469 huc
1724 1416 1849 1472 illuc
1877 1417 2084 1470 discur-

507 1523 653 1569 reret
687 1531 700 1566 :
731 1528 880 1577 cum,
918 1511 1159 1579 inquam,
1195 1509 1362 1563 multa
1395 1523 1516 1564 eam
1560 1510 1636 1562 rei
1681 1508 1840 1578 hujus
1885 1507 2087 1563 sollici—

509 1607 636 1659 tudo
667 1603 914 1663 haberet,
949 1615 1243 1670 secumque
1299 1601 1416 1668 ipsa
1463 1601 1640 1654 locum
1669 1614 1988 1669 congruum,
2022 1615 2086 1655 ac

509 1703 919 1750 monumentum
968 1692 1248 1746 condendo
1315 1690 1408 1744 Dei
1459 1691 1672 1760 corpori
1725 1701 2080 1760 opportunum

2193 499 2288 553 καὶ
2322 501 2470 565 ὅπως
2501 503 2565 556 ἂν
2592 505 2652 556 τὸ
2676 505 2948 576 ἄχραντον
2981 509 3091 562 ἀπὸ
3120 509 3213 562 τοῦ
3260 512 3422 576 ξύλου
3453 519 3776 587 κατενεχθὲν

2192 593 2371 664 σῶμα,
2408 597 2536 665 μήτ’
2570 597 2707 668 αὐτῇ
2737 599 2834 669 τῆς
2877 600 3130 672 τοιαύτης
3166 603 3402 675 θεωρίας
3447 609 3776 667 ἐπιτείνοιτο

2190 684 2403 750 ὀδύνας,
2444 689 2584 756 μήτε
2631 690 2728 758 τῆς
2768 692 2824 741 ὲν
2852 689 2930 759 τῷ
2958 691 3111 761 τάφῳ
3157 696 3514 757 καταθέσεως
3553 701 3778 768 ἐφυστε-

2193 775 2455 845 ρίζοντος,
2502 780 2568 832 τά
2612 781 2710 850 τῆς
2753 781 2940 850 κοινῆς
2987 783 3346 850 ἀνα-πλάσεως
3392 790 3779 847 συνδιαναδάλ-

2189 869 2384 924 λοιντο.

2260 963 2433 1017 Τοῦτο
2473 966 2650 1020 τοίνυν
2677 969 2744 1021 δι’
2779 970 2999 1038 ἑαυτῆς,
3036 971 3109 1034 ὡς
3150 975 3247 1044 οὐχ
3277 970 3390 1028 οἷόν
3424 997 3484 1030 τε
3526 975 3599 1051 ἦν
3644 983 3776 1036 ἀπο-

2191 1054 2456 1128 πληροῦν,
2485 1059 2576 1112 διά
2596 1078 2654 1112 τε
2681 1062 2744 1113 τὸ
2774 1064 2830 1114 ὲν
2858 1063 3065 1134 ἀπορίᾳ
3090 1066 3492 1136 καθεστηκέναι
3519 1073 3632 1124 τῶν
3656 1075 3777 1126 ἐπι-

2187 1149 2447 1217 τηδείωνθ
2493 1152 2550 1203 ὲν
2595 1152 2853 1223 ἀλλοτρίᾳ
2895 1155 3004 1226 γὰρ
3034 1151 3100 1225 ἦν
3133 1158 3223 1209 καὶ
3257 1159 3416 1229 αὑτὴ,
3458 1163 3557 1214 καὶ
3597 1166 3646 1215 oi
3679 1183 3778 1234 pa-

2189 1237 2384 1305 κρόθεν
2410 1239 2648 1308 ὁρῶντες
2676 1244 2912 1309 γνωστοί
2935 1263 2947 1276 ·
2976 1247 3066 1298 καὶ
3110 1247 3197 1299 διὰ
3226 1248 3285 1301 τὸ
3327 1250 3402 1320 μὴ
3449 1255 3776 1308 καταλιπεῖν

2187 1329 2466 1399 αἱρεῖσθαι
2500 1332 2560 1384 τὸ
2592 1333 2856 1394 ζωοποιὸν
2891 1337 3271 1409 ἀνηρτημένον
3301 1343 3484 1412 σῶμα,
3518 1350 3617 1398 καὶ
3647 1351 3775 1418 πρὸς

2183 1423 2310 1485 τοὺς
2336 1423 2626 1494 εὐπόρους,
2653 1428 2747 1478 καὶ⁵
2773 1427 2870 1496 τὴν
2895 1429 3174 1499 ἐξαίτησιν
3201 1433 3365 1486 αὐτοῦ
3390 1439 3770 1508 περιτρέχειν,

2187 1517 2278 1569 καὶ
2320 1516 2478 1570 τοῦτο
2517 1518 2580 1588 δὴ
2613 1520 2956 1588 -ὲναγωνίως
2998 1522 3459 1597 διασκοπουμένῃ,
3510 1531 3681 1583 τόπον
3717 1550 3771 1586 τε

2186 1605 2408 1673 ἐπάξιον
2445 1611 2540 1664 καὶ
2564 1612 2715 1681 σῆμα
2742 1611 2988 1683 θεοδόχον
3017 1615 3166 1680 ὅπως
3210 1617 3275 1670 ἂν
3309 1620 3564 1692 εὑρεθείη
3599 1623 3773 1678 διαλο-

2185 1698 2470 1774 γιζομένῃ,
2499 1701 2682 1755 δίδωσι
2724 1703 2824 1774 τὴν
2868 1706 3134 1775 εὐπορίαν
3193 1710 3223 1760 6
3267 1711 3445 1764 πάντα
3490 1731 3772 1784 προκατα-

508 1789 754 1844 invenire
792 1786 1076 1854 cogitaret,
1133 1783 1208 1836 rei
1271 1781 1401 1836 facit
1449 1783 1701 1852 cepiam,
1733 1782 1820 1848 qui
1877 1793 2072 1836 artemo

2197 1760 2208 1766 -
2255 1760 2269 1763 -
2313 1760 2325 1769 .
2421 1760 2449 1774 ..
2780 1760 2792 1774 .
3012 1760 3022 1775 .
3499 1760 3745 1784 .-.η-η-.-

2187 1794 2459 1855 σκευάσας
2488 1834 2502 1854 ,
2537 1794 2797 1866 λογισμὸν
2835 1797 3110 1867 ἐμϐαλὼν,
3151 1800 3242 1853 τὸν
3272 1803 3652 1878 πλησιώτερον
3682 1810 3770 1863 τοῦ

495 1878 610 1946 iam
641 1876 872 1932 consilio
901 1874 1078 1927 omnia
1122 1871 1480 1942 praeparasset
1507 1890 1521 1937 ;
1564 1874 1613 1927 id
1666 1875 1850 1926 animo
1882 1874 2085 1942 cogita-

418 1997 422 2002 -
509 1970 668 2024 tionis
706 1967 976 2035 iniiciens,
1030 1974 1089 2019 ut
1135 1964 1450 2018 viciniorem
1493 1963 1754 2018 CaIVarite
1785 1964 1958 2019 locum
1991 1981 2084 2020 ex-

502 2062 764 2130 quireret.
792 2059 920 2112 Erat
945 2072 1072 2110 vero
1105 2056 1154 2109 id
1186 2070 1404 2123 quoque
1436 2055 1509 2108 illi
1561 2055 1719 2123 plane
1750 2055 2078 2118 consultum,

505 2169 610 2222 quo
633 2161 688 2206 et
720 2151 994 2218 negotium
1024 2147 1215 2202 conﬁci
1250 2159 1450 2216 posset,
1481 2161 1579 2199 nec
1609 2147 1722 2212 ipsa
1761 2149 1826 2200 ah
1860 2159 2080 2216 aspectu

505 2243 861 2300 sacratissimi
897 2241 1140 2311 corporis
1171 2239 1474 2295 recederet.
1509 2237 1613 2293 Ubi
1643 2239 1724 2293 sic
1755 2240 1938 2309 itaque
1960 2241 2079 2294 aui-

507 2355 592 2392 mo
635 2334 1053 2394 constituisset,
1117 2332 1279 2400 pedes
1335 2330 1551 2399 quidem
1605 2332 1854 2395 abibant,
1903 2333 2077 2386 anima

505 2445 630 2485 vero
692 2443 796 2481 non
846 2425 1115 2496 migrabat
1163 2442 1176 2477 :
1241 2437 1305 2477 ac
1333 2423 1578 2491 corporis
1609 2423 1824 2491 quidem
1857 2438 2079 2492 gressus

503 2518 769 2581 mutabat,
795 2531 1010 2584 semper
1045 2524 1226 2568 autem
1258 2513 1447 2568 oculos
1489 2513 1727 2567 intentos
1757 2513 1981 2578 habens,
2013 2529 2110 2570 nec

501 2610 584 2664 vel
635 2616 905 2661 momento
949 2605 1090 2660 sacri
1138 2603 1380 2673 pignoris
1429 2611 1710 2671 aspectum
1764 2604 2073 2658 omittebat.

492 2704 632 2760 Cum
684 2715 814 2771 ergo
860 2697 1202 2767 perquirens,
1255 2707 1620 2764 opportunum
1668 2704 2075 2750 monumentum

502 2797 792 2852 invenisset
822 2795 967 2860 (nam
997 2798 1116 2845 erat
1156 2804 1349 2843 novum
1385 2807 1398 2843 :
1427 2789 1712 2858 laetamque
1743 2799 1886 2842 t0tus
1927 2789 2072 2845 circa

499 2891 672 2952 locus,
707 2900 771 2939 ac
801 2893 968 2937 tutam
1008 2880 1242 2949 speciem
1279 2880 1630 2949 praeferebat;
1660 2881 1853 2934 hortus
1879 2881 2076 2949 quippe

498 2975 765 3029 exsistens
788 3011 803 3036 ,
856 2968 1445 3037 utroque'ornamento
1473 2969 1722 3023 decorem
1758 2970 2015 3037 habebat)
2054 2987 2068 3025 :

2184 1883 2424 1953 Κρανίου
2453 1884 2801 1956 διερευνῆσαι
2839 1888 3036 1960 χῶρον.
3063 1887 3171 1945 Ἦν
3215 1892 3271 1946 δὲ
3308 1893 3469 1948 τοῦτο
3502 1898 3603 1950 καὶ
3653 1898 3770 1953 λίαν

2183 1975 2319 2044 αὐτῇ
2371 1974 2814 2046 βεϐουλευμένως
2853 1980 3062 2050 κριθὲν,
3113 1981 3189 2044 ὡς
3235 1983 3298 2054 δὴ
3334 1987 3428 2038 καὶ
3468 1987 3566 2040 τοῦ
3608 1989 3768 2060 ἔργου

2181 2065 2508 2136 ἀνυομένου,
2556 2068 2651 2121 καὶ
2691 2070 2800 2122 οὐδ’
2841 2073 3016 2141 αὐτῆς
3055 2074 3498 2148 ἀπολειπομένης
3545 2080 3649 2150 τῆς
3678 2081 3768 2134 τοῦ

2180 2158 2450 2226 παναγίου
2485 2159 2738 2230 σώματος
2767 2162 2917 2226 θέας.
2953 2167 3060 2219 Καὶ
3089 2167 3153 2236 δὴ
3195 2167 3256 2220 τὸ
3289 2170 3535 2224 τοιοῦτον
3569 2174 3629 2225 ὲν
3655 2174 3768 2226 δια-

2179 2251 2299 2322 νοίᾳ
2327 2251 2584 2322 θεμένης,
2617 2254 2670 2305 οἱ
2720 2255 2819 2323 μὲν
2851 2256 3010 2319 πόδες
3043 2258 3375 2332 ἀπῄεσαν,ή
3415 2261 3473 2313 δὲ
3513 2263 3664 2335 ψυχὴ
3707 2267 3765 2318 οὐ

2181 2344 2472 2413 μετέθαινε
2494 2362 2507 2376 ·
2541 2345 2728 2399 καὶτὰ
2764 2347 2863 2415 μὲν
2911 2349 3130 2419 βήματα
3166 2354 3601 2423 προσημείϐετο,
3622 2357 3692 2410 τὰ
3714 2358 3768 2412 δὲ

2177 2434 2401 2506 ὄμματα
2448 2435 2699 2505 διηνεκὲς
2743 2438 3150 2504 ὲνατενίζουσα,
3197 2444 3296 2496 οὐκ
3352 2444 3624 2514 ἠϐούλετο
3670 2448 3767 2517 τῆς

2178 2527 2415 2598 θεωρίας
2459 2528 2699 2598 ἐκείνης,
2732 2528 2836 2582 κᾶν
2867 2530 3008 2600 πρὸς
3034 2532 3096 2585 τὸ
3137 2532 3479 2604 βραχύτατον
3517 2538 3766 2593 ἀπαλλα-

2176 2620 2363 2690 γῆναι.
2418 2621 2572 2674 Ἐπεὶ
2623 2617 2718 2676 οὖν
2752 2624 2846 2675 καὶ
2895 2624 3236 2695 διερεύνησε,
3285 2628 3379 2680 καὶ
3427 2623 3558 2700 εὗρε
3600 2633 3666 2684 τό
3708 2649 3764 2685 τε

2182 2712 2374 2782 μνῆμα
2403 2711 2546 2765 κατὰ
2573 2712 2732 2780 λόγον
2756 2728 2770 2744 ο
2805 2714 2990 2767 καινὸν
3026 2715 3135 2786 γὰρ
3178 2714 3244 2788 ἦν
3265 2759 3278 2783 ,
3307 2722 3550 2791 τερπνὴν
3581 2740 3643 2775 τε
3675 2722 3765 2776 καὶ

2175 2802 2396 2872 ἀσφαλῆ
2429 2803 2527 2873 τὴν
2563 2803 2800 2884 θεωρίαν
2847 2806 2876 2857 6
2913 2807 3041 2874 περὶ
3077 2809 3212 2860 αὐτὸ
3242 2809 3418 2878 χῶρος
3461 2805 3646 2882 εἶχεν·
3685 2815 3763 2879 είς

2176 2895 2352 2964 κῆπόν
2383 2913 2444 2949 τε
2473 2896 2581 2968 γάρ
2605 2896 2666 2949 τὸ
2713 2898 3014 2966 τηνικαῦτα
3045 2918 3148 2971 χρη
3160 2903 3408 2970 ματίςον,
3445 2904 3524 2975 τῷ
3567 2907 3762 2961 ἐκατέ-

2176 2987 2350 3058 ρωθεν
2377 2987 2650 3057 εὐπρεπεῖ
2671 2988 3079 3060 διακεκόσμητο
3107 3007 3122 3022 '
3155 2994 3240 3056 τὸ,
3266 2994 3412 3058 τίνος
3435 2995 3502 3050 ἂν
3526 2997 3639 3068 εἴη,
3671 3000 3763 3052 καὶ

498 3076 851 3139 percontatur
879 3063 1161 3132 eujnsnam
1182 3072 1346 3126 esset,
1379 3077 1568 3114 nnmve
1603 3073 1850 3116 notorum
1874 3062 2070 3132 aliquis

2179 3079 2222 3130 εἰ
2262 3077 2372 3130 τῶν
2411 3077 2708 3148 γνωρίμων
2749 3079 2779 3130 6
2815 3079 3057 3150 κτήτωρ,
3097 3083 3447 3141 ἐπυνθάνετο.
3495 3062 3764 3142 Μαθοῦσα

499 3158 820 3227 possideret.
867 3154 1058 3208 Sciens
1111 3168 1304 3220 porro,
1347 3153 1522 3205 virum
1571 3168 1695 3208 esse
1731 3155 1966 3208 amicum
2006 3170 2070 3210 ac

495 3263 682 3303 eorum
723 3261 885 3299 unum
922 3244 1010 3312 qui
1049 3245 1330 3313 discipulis
1361 3246 1572 3299 accensi
1609 3255 1814 3310 essent,
1857 3247 2070 3302 tametsi

497 3341 673 3393 adhuc
719 3348 838 3392 erat
862 3338 1106 3391 occultus
1136 3344 1352 3404 propter
1389 3335 1783 3389 homicidarum
1817 3348 2021 3390 metum
2049 3355 2064 3403 ;

497 3430 575 3482 sic
617 3429 760 3480 enim
796 3428 1009 3480 divinus
1040 3425 1394 3494 evangelista,
1457 3424 1704 3480 Occulms
1733 3426 1911 3479 autem
1951 3443 2075 3495 pro-

494 3531 607 3586 pter
635 3529 828 3570 metunt
855 3517 1168 3570 Judwurum
1197 3517 1244 3549 ⁷³
1265 3557 1279 3582 ,
1316 3518 1382 3571 ad
1408 3533 1528 3571 eum
1564 3520 1784 3581 vadens,
1820 3520 2074 3588 proponit

497 3613 698 3662 honuni-
717 3608 1032 3672 consilium,
1070 3618 1328 3679 rogatque
1362 3621 1419 3661 ut
1465 3609 1841 3662 universorum
1882 3609 2070 3670 vitam,

495 3714 593 3753 suo
617 3699 730 3768 ipse
764 3699 1013 3768 sepulcro
1043 3701 1198 3752 condi
1233 3700 1396 3764 velit;
1433 3699 1627 3752 talibus
1667 3714 1788 3753 eum
1837 3700 2074 3769 compel-

491 3789 608 3849 lans
633 3811 648 3854 :

567 3905 587 3938 ι
621 3883 931 3938 Judaeornm
951 3879 1198 3949 quidem,
1225 3893 1257 3932 o
1285 3876 1483 3950 Joseph
1505 3918 1519 3942 ,
1551 3877 1725 3933 caules
1741 3879 1854 3948 jam
1909 3881 2071 3936 linem

492 3962 718 4047 accepit,
755 3991 850 4030 sua
896 3972 1152 4042 Magistro
1205 3971 1612 4042 longanimitate
1653 3981 1798 4026 tanta
1851 3973 2072 4044 dignate

494 4071 625 4140 pati.
663 4067 813 4122 Nulla
836 4068 978 4120 enim
1011 4065 1362 4134 quantumvis
1388 4063 1598 4116 enormi
1640 4063 1902 4119 adversus
1945 4080 2069 4119 eum

494 4163 832 4217 abstinentes
866 4158 1066 4227 injuria
1126 4155 1530 4224 ignominiaque
1555 4196 1568 4221 ,
1607 4159 1810 4225 probro
1856 4159 2071 4212 tandem

491 4254 703 4324 plenam
739 4261 968 4305 mortem
1006 4250 1325 4304 intulerunt.
1354 4249 1432 4301 Ac
1469 4249 1629 4327 modo
1658 4264 1789 4304 sane
1819 4260 2066 4305 mortuus

493 4349 545 4397 in
580 4345 747 4413 ligno,
771 4358 834 4397 ac
862 4345 1035 4401 nudus
1066 4343 1286 4410 pendet,
1319 4341 1650 4394 horrendum
1690 4341 1822 4394 mihi
1856 4343 2070 4394 univcr-

2177 3168 2256 3232 δὲ,
2290 3167 2445 3236 φίλον
2478 3185 2538 3221 τε
2592 3165 2732 3223 εἶναι
2765 3169 2856 3223 τὸν
2894 3172 3087 3243 ἄνδρα,
3122 3176 3351 3229 καὶτῶν
3377 3180 3460 3240 είς
3501 3180 3761 3248 μαθητῶν

2177 3261 2489 3330 οἰκειότητα
2515 3263 2951 3331 καταλεγέντων,
2993 3269 3380 3338 κεκρυμμένον
3422 3288 3480 3324 τε
3510 3273 3646 3327 ὄντα
3673 3275 3761 3330 διὰ

2176 3351 2268 3404 τὸν
2293 3350 2458 3420 φόϐον
2484 3352 2564 3406 ἔτι
2602 3354 2709 3407 τῶν
2740 3356 3041 3424 μιαιφόνων
3064 3373 3077 3387 ·
3106 3357 3249 3411 οὕτω
3284 3362 3391 3431 γάρ
3415 3364 3443 3415 6
3467 3363 3760 3430 θεσπέσιος

2178 3444 2586 3517 Εὐαγγελιστής
2617 3464 2786 3516 φησι·
2823 3451 3243 3521 Κεκρυμμένον
3275 3453 3344 3506 δὲ
3372 3454 3471 3508 διὰ
3515 3457 3625 3512 τὸν
3652 3462 3762 3526 φό-

2182 3537 2289 3588 ϐον
2321 3536 2440 3590 τῶν
2479 3538 2786 3593 Ἰουδαίων
2807 3557 2820 3569 ’
2862 3541 2998 3610 πρὸς
3023 3544 3185 3597 αὑτὸν
3205 3547 3537 3616 ἀφικομένη,
3569 3551 3637 3602 τὰ
3663 3554 3761 3622 τῆς

2181 3625 2355 3694 καλῆς
2403 3627 2777 3697 προύϐάλλετο
2829 3631 3180 3701 συμϐουλῆς⁸
3214 3637 3304 3687 καὶ
3363 3639 3624 3708 παρῄνεις
3662 3641 3760 3709 τὴν

2179 3717 2287 3770 τῶν
2328 3719 2583 3772 ἁπάντων
2611 3718 2758 3790 ζωὴν
2814 3721 2873 3774 ἐν
2910 3722 2986 3793 τῷ
3031 3725 3215 3795 οἰκείῳ
3246 3727 3583 3782 καταθέσθαι
3617 3749 3758 3802 μνη-

2183 3827 2248 3881 με
2257 3809 2339 3880 ίῳ,
2375 3810 2608 3879 λέγουσα
2628 3826 2642 3841 '

2255 3919 2274 3951 ι
2311 3901 2388 3953 Τὰ
2419 3901 2518 3970 μὲν
2533 3903 2629 3973 τῆς
2656 3903 2764 3956 τῶν
2799 3903 3069 3959 Ἰουδαίων
3095 3910 3433 3976 μιαιφονίας,
3458 3905 3502 3965 ὦ
3531 3914 3754 3985 Ἰωσὴφ,

2181 3991 2355 4062 πέρας
2386 3993 2712 4066 ἀπείληφεν,
2743 3996 3040 4066 ἀπορρήτῳ
3074 4000 3432 4072 μακροθυμίᾳ
3475 4003 3570 4056 τοῦ
3611 4005 3759 4059 διδα-

2138 4097 2140 4100 ·
2180 4081 2380 4134 σκάλου
2424 4082 2596 4134 ταῦτα
2627 4087 3094 4154 καταδεξαμένου.
3137 4089 3409 4158 υὺδεμίαν
3444 4092 3554 4163 γάρ
3581 4093 3755 4164 ὑπερ-

2178 4171 2360 4243 ϐολὴν,
2393 4172 2509 4225 οὗθ’
2557 4175 2786 4246 ὕϐρεως,
2837 4176 2948 4230 οὔτ’
2996 4178 3220 4248 ἀτιμίας
3280 4181 3558 4247 άνέλιπον,
3683 4187 3756 4257 μὴ

2177 4263 2514 4333 χρησάμενοι
2551 4267 2670 4317 κατ’
2698 4266 2888 4331 αὑτοῦ,
2925 4267 3017 4321 τὸν
3046 4268 3410 4322 ἐπονείδιστον
3451 4273 3605 4336 τέλος
3662 4279 3758 4328 ἑπ-

2133 4358 2411 4426 ·ήνεγκαν
2473 4356 2723 4412 θάνατον.
2777 4360 2885 4412 Καὶ
2919 4359 3016 4412 νῦν
3068 4360 3346 4430 κρέμαται
3404 4367 3601 4431 νεκρὸς
3662 4369 3756 4419 καὶ

489 4438 670 4504 sisque
699 4436 896 4490 creatis
943 4434 1346 4503 spectaculum;
1385 4433 1597 4487 nemine
1638 4434 2066 4498 miserante,sed

2179 4448 2376 4516 γυμνὸς
2407 4449 2498 4500 ἐπὶ
2521 4447 2705 4517 ξύλου,
2725 4457 2954 4520 φρικτὸν
2977 4454 3100 4521 ἐμοὶ
3124 4453 3218 4504 καὶ
3242 4457 3307 4523 τῇ
3338 4454 3514 4508 κτίσει
3545 4457 3750 4526 θέαμα,

495 4529 662 4596 magis
710 4528 884 4580 adhuc
932 4525 1219 4594 parricidis
1277 4524 1650 4579 illudentibus.
1724 4524 2060 4580 Beneficium

491 4619 694 4688 itaque,
719 4634 840 4672 Cum
873 4619 946 4672 illi
978 4633 1074 4671 ceu
1095 4617 1375 4686 magistro,
1417 4623 1528 4670 tum
1557 4618 1738 4682 matri,
1767 4617 1920 4688 cujus
1945 4605 2071 4672 ani-'

492 4725 637 4765 mum
681 4709 899 4762 tristitia
936 4709 1051 4760 dire
1081 4707 1266 4770 lanict,
1296 4710 1529 4761 concede
1555 4721 1975 4779 ;assumptaque
2003 4709 2062 4762 [i-

490 4801 685 4862 dueia,
742 4798 1193 4868 supplicationem
1248 4813 1506 4868 propone.
1562 4801 1776 4868 Depone
1824 4817 2058 4870 corpus,

487 4895 690 4960 tibique
753 4891 1086 4963 propositum
1133 4893 1315 4944 llllllltll
1358 4895 1674 4948 thesaurum
1707 4895 1915 4964 collige.
1956 4895 2062 4948 Fac

486 4993 715 5058 gratiam
773 4991 1076 5059 peregrinis
1111 4990 1264 5044 nobis
1296 4989 1618 5058 egenisque,
1653 5005 1788 5058 quos
1818 4990 2058 5043 universi

484 5082 719 5144 oderint,
747 5096 810 5135 ac
853 5092 1209 5148 aversentur;
1239 5096 1374 5151 quos
1420 5097 1612 5137 omnes
1655 5083 2055 5146 abominentur,

482 5189 546 5226 ac
574 5173 864 5236 irrideant;
903 5188 1036 5240 quos
1079 5174 1188 5226 noti
1221 5188 1287 5227 ac
1323 5173 1482 5226 amici
1514 5173 1892 5238 deseruerint;
1922 5189 2057 5241 quo-

485 5279 600 5315 rum
629 5279 784 5316 nemo
803 5263 1143 5318 misereatur.
1178 5263 1363 5319 Nullus
1387 5266 1528 5319 enim
1551 5277 1633 5321 est
1664 5265 1753 5335 qui
1779 5275 2055 5335 protegat;

485 5355 661 5410 nullus
705 5355 795 5425 qui
822 5356 1109 5410 auxiliator
1142 5359 1388 5412 accedat.
1449 5357 1620 5413 Nemo
1667 5360 1831 5414 audet
1861 5375 2057 5427 corpus

481 5459 663 5510 petere
698 5465 710 5499 :
743 5448 922 5502 nullus
951 5449 1234 5503 consilium
1278 5451 1540 5517 ejusmodi
1601 5452 1651 5504 in
1699 5453 1939 5504 animum
1969 5453 2053 5505 in-

478 5538 631 5590 duxit
663 5555 675 5590 :
704 5541 942 5592 occurrit
973 5555 1132 5595 nemo
1159 5542 1248 5608 qui
1277 5542 1436 5597 funus
1468 5553 1759 5598 curaturus
1790 5545 1879 5597 sit.
1920 5543 2049 5597 Mihi

547 5707 594 5745 ἰθ
641 5709 798 5767 Joan.
834 5728 946 5780 ιιι,
980 5715 1069 5769 '58.

3364 4567 3380 4577 .
3425 4551 3453 4577 ..ι
3462 4551 3517 4577 ’⁸
3552 4569 3578 4577 -
3587 4552 3606 4577 ﬂ.

2175 4543 2249 4613 μὴ
2274 4543 2616 4612 ἐλεούμενος,
2653 4543 2686 4614 ἢ
2741 4545 2939 4612 μᾶλλον
2981 4547 3380 4617 ὀνειδιζόμενος
3425 4551 3517 4602 ὑπ’
3549 4552 3752 4604 αὐτῶν.

2171 4635 2270 4696 Δὸς
2296 4631 2388 4688 οὖν
2419 4636 2600 4706 χάριν,
2653 4636 2806 4706 αὑτῷ
2838 4637 2942 4706 μὲν
2986 4638 3060 4700 ὡς
3090 4639 3417 4711 διδασκάλῳ,
3447 4646 3528 4712 τῇ,
3558 4644 3618 4698 at.
3666 4662 3756 4698 τε·

2171 4725 2380 4798 κούσῃ,
2436 4727 2511 4788 ὼς
2558 4730 2678 4790 ταῖς
2735 4727 2958 4798 μυρίαις
3012 4733 3322 4804 τεμνομένη
3372 4734 3621 4798 ὀδύναις·
3661 4739 3755 4790 καὶ

2173 4817 2474 4889 θαρρήσας,
2513 4817 2795 4890 ἐξαίτησαι
2821 4837 2835 4850 ·
2869 4823 3151 4890 κατάγαγε
3199 4824 3259 4876 τὸ
3307 4825 3507 4896 σῶμα,
3532 4828 3632 4881 καὶ
3661 4831 3754 4883 τὸν

2169 4908 2262 4961 τοῦ
2309 4909 2516 4979 κόσμου
2553 4927 2634 4963 σοι
2679 4914 3084 4983 παρακείμενον
3131 4917 3408 4985 συνάγαγε
3452 4918 3748 4992 θησαυρόν.

2169 5000 2267 5062 Δὸς
2299 5001 2456 5071 χάριν
2483 5004 2542 5055 ὲν
2572 5002 2699 5076 ξένῃ
2723 5005 2816 5058 καὶ
2854 5007 2912 5057 ἐν
2941 5007 3147 5079 ἀπορίᾳ
3173 5009 3570 5079 καθεστηκόσιν
3593 5015 3748 5084 ἡμῖν,

2169 5093 2262 5144 καὶ
2292 5093 2396 5145 ὑπὸ
2421 5094 2641 5147 πάντων
2672 5096 3026 5167 μισουμένοις
3078 5101 3172 5152 καὶ
3203 5103 3748 5175 ἀποστρεφομένοις·

2165 5184 2268 5237 ὑπο
2298 5185 2518 5240 πάντων
2550 5186 2990 5260 βδελυττομένοις
3039 5192 3130 5245 καὶ
3158 5194 3606 5264 ὀνειδιζομένοις·
3648 5200 3749 5251 ὺπδ

2164 5277 2459 5346 γνωρίμων
2491 5279 2587 5331 καὶ
2620 5280 2791 5348 φίλων
2821 5281 3332 5352 ἐγκαταλειφθείσιν
3359 5303 3371 5315 ·
3410 5288 3500 5340 ὑπ’
3534 5289 3749 5353 οὐδενὸς

2159 5371 2610 5441 οἱκτειρομένοις.
2630 5375 2743 5427 Οὐκ
2769 5373 2846 5426 ἔνι
2871 5376 2978 5446 γὰρ
3022 5378 3049 5430 ὁ
3074 5379 3622 5451 ὑπερασπιούμενος·
3648 5385 3747 5436 οὐκ

2161 5461 2238 5515 ἔνι
2291 5466 2318 5516 6
2358 5463 2674 5535 βοηθήσων·
2709 5466 2886 5530 οὐδεὶς
2917 5468 3052 5538 πρὸς
3101 5470 3201 5540 τὴν
3255 5471 3534 5544 ὲξαίτησιν
3573 5493 3744 5528 κατα-

2161 5552 2337 5623 τολμᾷ
2371 5554 2466 5605 τοῦ
2514 5553 2796 5625 σώματος·
2839 5556 3014 5621 οὐδεὶς
3053 5563 3078 5612 ὁ
3114 5561 3182 5613 τὰ
3226 5563 3454 5618 τοιαῦτα
3489 5567 3584 5619 καὶ
3621 5567 3745 5638 βου·
