3982 6160
448 259 581 331 1491
872 254 901 281 ⁹

1575 264 1898 327 GEORGII
1939 264 2541 329 NICOMEDIENSIS

3571 263 3715 331 1492

443 376 541 430 riis
571 388 669 444 pro
701 374 889 430 mundi
929 372 1167 429 universi
1227 374 1648 443 resurrectione,
1676 392 1777 431 vox
1826 376 2023 431 lattitia:

2128 376 2229 447 τῆς
2254 371 2608 444 παγκοσμίου
2655 371 3008 439 ἀναστάσεως
3050 370 3406 444 χαριστήρια.
3451 373 3612 444 Φωνὴ
3636 378 3711 449 τῇ

443 467 693 523 canticis.
721 467 979 523 Praesenti
1010 481 1112 522 vox
1144 482 1385 539 congrue
1413 468 1701 539 magnifica
1735 468 2019 534 bilaritati,

448 559 587 614 tnbze
615 560 870 627 clangore
931 559 1297 615 laudationem
1350 572 1585 630 promat.
1611 562 1671 616 Ei
1702 562 1889 617 laudes
1927 577 2022 617 ca-

446 662 542 705 nat
570 666 668 721 pro
694 641 939 716 victoria,
975 652 1066 720 qui
1095 662 1357 705 aeternum
1386 639 1635 706 dissolvit
1663 652 1898 720 bellum;
1928 651 2023 721 qui

446 744 562 796 dira
603 758 781 813 pugna
815 744 988 798 victor
1021 742 1236 798 exstitit
1286 760 1300 797 :
1360 744 1457 811 qui
1498 758 1596 814 per
1648 754 1873 815 mortem
1933 758 2023 799 re-

445 852 607 905 gnum
638 838 828 891 mortis
853 837 1082 902 evertit;
1109 836 1202 913 qui
1245 835 1489 907 alligavit
1518 839 1744 902 lorlem,
1775 852 2024 906 quasque

445 944 473 979 a
516 928 728 981 saeculis
758 927 974 982 tenebat
1003 928 1234 991 animas,
1269 936 1524 998 tanquam
1560 926 1731 997 spolia
1778 927 2020 997 diripuit.

446 1015 617 1070 llodie
647 1031 878 1083 namque
909 1015 1288 1086 insuperabilis
1330 1016 1785 1086 ejuslabel‘actata
1826 1028 1909 1072 est
1943 1026 2025 1087 ty-

446 1108 648 1160 rannis.
687 1105 858 1162 Hodie
900 1106 1202 1162 cmlestium
1233 1108 1492 1162 virtutum
1522 1107 1635 1161 Rex
1668 1121 1788 1162 cum
1828 1107 2024 1162 adver-

445 1200 591 1253 sario
638 1213 802 1254 carne
856 1215 1205 1271 congressus,
1235 1200 1381 1253 illum
1425 1199 1667 1269 ‘quidem
1709 1189 2020 1269 prostravit,

442 1274 601 1343 Suum
632 1305 758 1345 vero
786 1291 902 1361 ipse
934 1291 1255 1360 figmentum
1292 1306 1320 1346 a
1351 1291 1500 1362 gravi
1524 1290 1788 1346 servitute
1815 1289 2022 1345 libera-

444 1383 545 1439 vit.
597 1382 769 1439 Hodie
826 1384 1101 1453 tremenda
1155 1385 1604 1452 tenebricosaque
1651 1380 1848 1437 inferni
1906 1381 2023 1435 lora

446 1487 708 1537 vacuans,
737 1489 828 1528 eos
881 1475 971 1544 qui
1045 1474 1331 1545 tyrannide
1371 1473 1692 1530 tenebantur
1751 1475 1803 1529 itt
1868 1489 2023 1528 suam

450 1563 568 1631 ipBe
591 1558 866 1623 transtulit
890 1575 1239 1634 potestatem.
1272 1564 1443 1621 Hodie
1472 1566 1594 1621 vita:
1641 1566 1797 1622 nobis
1834 1576 2026 1622 auctor

448 1655 842 1725 primogenitus
908 1672 972 1710 ex
1017 1657 1243 1711 mortuis
1291 1653 1537 1723 eﬂ‘ectus,
1601 1658 2025 1713 immortalitatis

446 1748 604 1803 nobis
628 1748 860 1802 initiavit
885 1748 1044 1801 viam.
1070 1747 1249 1803 Caelus
1292 1749 1460 1820 hodie,
1480 1764 1578 1818 pro
1634 1750 1866 1805 terrenis
1922 1767 2019 1804 na-
2055 1733 2095 1788 Β

449 1852 582 1894 turae
603 1849 923 1903 commutat,
956 1841 1346 1911 hominumque
1365 1841 1548 1912 generi
1583 1841 1794 1897 tristem
1826 1842 2023 1897 sortito

449 1932 647 1998 locum,
680 1932 913 1987 lucidam
946 1933 1296 2003 divinamqtte
1318 1934 1707 1988 habitationem
1747 1934 2018 2001 ascripsit.

450 2021 623 2077 Iiodie
689 2023 1164 2093 Splendidissimus
1205 2024 1436 2094 justitiae'
1461 2023 1551 2079 Sol
1575 2039 1773 2079 aureos
1806 2025 2023 2080 mittens

449 2116 865 2171 resurrectionis
914 2116 1117 2182 radios,
1153 2132 1277 2171 cum
1302 2117 1577 2171 caelestem
1607 2116 1883 2181 decorem,
1907 2122 2023 2168 tum

449 2192 720 2257 terrenam
761 2205 1188 2260 concinnitatem
1250 2204 1661 2276 incomparabili
1713 2220 1876 2275 supra
1915 2218 2024 2260 mo-

446 2297 572 2350 dum
608 2296 816 2366 fulgore
848 2296 1161 2351 illustravit.
1203 2296 1375 2351 Hodie
1429 2296 1642 2354 dulcem
1694 2294 2016 2371 plenamque

447 2378 631 2442 laetitia
668 2388 847 2458 gaudii
880 2403 1076 2444 vocem
1123 2390 1445 2445 mulieribus
1503 2398 1776 2459 unguenta
1795 2386 2017 2449 ferenti-

445 2480 551 2534 bus
573 2480 851 2546 emittens,
876 2467 1039 2536 sexus
1068 2482 1324 2536 tristitias
1383 2481 1641 2559 radicitus
1688 2479 1909 2541 abstulit
1945 2494 2011 2536 ac

445 2564 765 2621 exsiccavit.

515 2754 629 2823 ‘Age
658 2753 998 2823 veroiingna
1028 2755 1208 2810 omnis
1258 2753 1447 2827 gratiae
1492 2755 1761 2824 particeps
1804 2754 2020 2819 effecta,

444 2844 647 2899 claram
700 2846 832 2900 mihi
891 2846 1257 2902 laudationem
1305 2847 1614 2902 concinnet.
1655 2847 1862 2903 Pratsto
1890 2847 2022 2902 ntihi

446 2935 677 3005 adjutrix
724 2940 816 3001 sit;
863 2920 948 2990 cui
982 2936 1308 2992 desiderium
1362 2939 1467 2993 vim
1526 2938 1709 3006 faciat,
1756 2953 2025 3010 quemque

445 3022 664 3082 deﬁciat
707 3025 931 3095 congrui
965 3028 1235 3082 sermonis
1267 3027 1520 3083 facultas.
1551 3026 1665 3083 Hoc
1704 3029 1880 3098 plane,
1920 3030 2023 3086 hoc

447 3130 536 3170 res
563 3116 794 3171 eximias
840 3117 985 3187 cegit
1037 3120 1324 3188 attingere.
1382 3118 1495 3174 Hoc
1538 3120 1605 3174 ad
1674 3134 1765 3177 res
1803 3121 2021 3191 propria

444 3207 650 3263 virtute
702 3208 939 3278 majores
1015 3212 1307 3280 compellit.
1362 3211 1476 3267 lloc
1531 3223 1740 3267 naturae
1792 3211 2023 3282 propriae

444 3298 774 3356 oblivionem
807 3286 1205 3357 inducilflluic
1234 3314 1292 3357 ut
1318 3318 1509 3359 omnes
1562 3306 1840 3371 cedamus,
1877 3303 2021 3359 haud

448 3392 736 3461 inglorium
784 3394 874 3448 sit.
924 3394 1133 3463 Quippe
1179 3395 1422 3449 debitum
1456 3385 1561 3461 est,
1591 3410 1654 3450 ac
1680 3396 1805 3450 licet
1845 3397 2022 3452 minus

448 3481 644 3537 habeat
686 3482 848 3552 quam
898 3500 999 3553 pro
1046 3487 1426 3552 retributione,
1471 3502 1573 3544 nec
1607 3488 1767 3543 bonis
1809 3488 2023 3545 collatis

446 3577 699 3631 videatur
732 3579 1086 3649 condignum,
1117 3580 1185 3633 ab
1214 3581 1365 3634 omni
1395 3590 1571 3637 tamen
1608 3592 1858 3638 creatura
1903 3584 2020 3638 red-

445 3666 606 3721 datur
638 3668 865 3723 rationis
897 3671 1197 3740 partieipe;
1231 3688 1351 3726 cum
1385 3673 1574 3743 utique
1639 3674 1867 3744 largitor
1909 3677 2023 3749 ipse

445 3776 564 3815 eam
604 3760 866 3832 majorum
916 3764 1257 3827 exsolutione
1302 3766 1607 3822 debitorum
1641 3771 2023 3825 commutatio-

448 3868 569 3909 nem
601 3856 749 3910 velit.
802 3856 931 3910 Mihi
971 3867 1175 3919 autem,
1210 3873 1368 3926 quem
1402 3875 1546 3926 amo,
1590 3859 1772 3916 divine
1824 3871 2019 3927 coetus,

446 3963 553 4002 non
581 3960 647 4003 eo
696 3956 903 4002 tantum
954 3952 1100 4019 quod
1152 3949 1394 4005 debitum
1447 3952 1540 4017 sit,
1572 3952 1665 4007 sed
1706 3962 1760 4008 et
1804 3966 2024 4022 prepter

445 4040 861 4109 promissiOnem
920 4044 1121 4106 evenit,
1169 4061 1328 4112 quam
1379 4045 1652 4112 priorem,
1710 4046 1744 4101 ii
1791 4061 2022 4115 quorum

448 4132 695 4199 interest,
737 4136 983 4205 exigunt.
1028 4135 1285 4202 Quaenam
1319 4151 1453 4190 νιιιο
1484 4153 1545 4191 ac
1578 4131 1752 4206 qualis
1784 4139 1856 4194 sit
1886 4139 2025 4209 ejus-

446 4226 590 4280 modi
636 4229 948 4295 promissio,
990 4239 1214 4300 praeStat
1251 4230 1473 4285 addere.
1506 4229 1624 4285 .lam
1662 4232 1866 4302 itaque,
1898 4250 2021 4289 cum

445 4322 499 4375 in
554 4308 965 4390 superioribus,
1017 4332 1144 4375 ante
1190 4317 1524 4375 mo'mtmenti
1591 4323 1834 4389 ostium,
1878 4322 2022 4394 quod

2124 467 2376 541 παρούσῃ
2399 463 2752 535 καταλλήλως
2778 462 3211 535 λαμπρυνομένη
3230 463 3552 536 φαιδρότητι
3584 467 3713 520 σαλ.

2125 559 2330 623 πιζέτω
2362 558 2461 629 τὴν
2495 555 2828 625 δοξολογίαν.
2859 555 3143 627 Κροτείτω
3180 556 3251 611 τά
3281 557 3580 629 νικητήρια
3628 559 3710 631 τῷ

2123 651 2231 705 τῶν
2262 650 2474 705 αἰώνων
2508 649 2874 709 καταλύσαντι
2924 648 3164 717 πόλεμον
3186 664 3201 678 υ
3254 647 3333 719 τῷ
3363 648 3462 719 τὴν
3494 650 3710 720 ἀκήρυ-

2126 761 2252 797 κτον
2281 740 2694 812 τροπωσαμένῳ
2734 740 2915 810 μάχην
2941 755 2954 768 ο
2989 737 3067 809 τῷ
3096 737 3186 792 διὰ
3232 737 3468 793 θανάτου
3496 737 3567 791 τά
3610 737 3709 791 τοῦ

2124 836 2356 890 θανάτου
2382 832 2662 888 καθελόντι
2700 831 2944 901 βασίλεια
2965 847 2979 861 ⁸
3014 828 3093 901 τῷ
3122 830 3213 883 τὸν
3246 829 3470 899 ἰσχυρὸν
3499 827 3712 899 δέσμή-

2128 944 2303 994 σαντι,
2335 927 2430 980 καὶ
2453 925 2551 989 τὰς
2585 925 2679 979 ἀπ’
2711 917 2926 976 αἰώνων
2970 921 3149 993 ψυχὰς
3225 922 3302 985 ὡς
3336 920 3511 997 σεκύλα
3557 920 3711 991 διαρ-

2126 1022 2380 1075 πάσαντι.
2417 1020 2667 1089 Σήμερον
2691 1017 2800 1086 γὰρ
2823 1018 2856 1086 ἠ
2897 1014 3109 1085 ἄμαχος
3141 1012 3309 1068 αὐτοῦ
3339 1013 3711 1067 καταλέλυται
3768 1068 3775 1071 _

2122 1112 2671 1184 τυραννίς.·Σήμερον
2719 1111 2748 1163 ὁ
2780 1107 3043 1170 Βασιλεὺς
3073 1106 3182 1161 τῶν
3228 1107 3499 1177 οὐρανίων
3547 1105 3713 1159 δυνά-

2127 1222 2272 1276 μεων
2304 1203 2444 1276 μετὰ
2494 1206 2698 1274 σαρκὸς
2727 1200 2805 1271 τῷ
2833 1199 3116 1270 ἀντιπάλῳ
3150 1199 3516 1271 συμπλακεὶς,
3542 1198 3712 1252 αὐτὸν

2127 1295 2226 1366 μὲν
2255 1294 2656 1364 καταδέόληκε,
2691 1294 2754 1346 τὸ
2771 1293 2828 1346 δέ
2854 1293 3057 1346 οἰκεῖον
3085 1291 3314 1361 πλάσμα
3337 1292 3435 1361 τῆς
3459 1290 3710 1361 χαλεπῆς

2123 1387 2357 1452 ἐξείλετο
2373 1385 2642 1450 δουλείας.
2662 1386 2911 1458 Σήμερον
2924 1385 2991 1439 τὰ
3008 1384 3141 1453 φοὸε
3150 1384 3216 1454 ρὰ
3233 1385 3327 1446 καὶ
3344 1385 3601 1438 σκοτεινά
3616 1383 3709 1437 τοῦ

2124 1477 2250 1550 ᾅδου
2278 1481 2505 1550 ταμιεῖα
2538 1477 2805 1545 κενώσας,
2838 1478 2918 1540 είς
2947 1476 3042 1548 τὴν
3084 1476 3223 1530 ἰδίαν
3251 1477 3378 1538 τοὺς
3401 1494 3712 1547 τυραννον·

2127 1569 2322 1640 μένους
2360 1568 2697 1639 μετέστησεν
2747 1566 3021 1635 ἐξουσίαν.
3056 1566 3306 1638 Σήμερον
3349 1568 3378 1618 ὁ
3417 1565 3517 1634 τῆς
3560 1566 3711 1637 ζωῆς

2127 1660 2282 1731 ἡμῶν
2306 1658 2572 1732 ἀρχηγὸς,
2611 1659 2957 1732 πρωτότοκος
3015 1658 3082 1711 ἐκ
3141 1656 3352 1728 νεκρῶν
3386 1657 3709 1728 γενόμενος,

2122 1751 2221 1823 τὴν
2247 1752 2346 1824 τῆς
2369 1751 2676 1815 ἀθανασίας
2719 1752 2850 1823 ἡμῖν
2900 1751 3022 1804 ὁδδν
3062 1750 3398 1805 ἀνεκαίνισε.
3452 1753 3709 1821 Σήμερον

2126 1841 2234 1896 τῶν
2269 1843 2645 1915 καταχθονίων
2671 1843 2940 1915 οὐρανοὺς
2978 1845 3044 1914 τῇ
3076 1844 3237 1911 φύσει
3266 1842 3707 1901 ἀντικαταλλάτο

2124 1954 2297 1997 τεται,
2330 1934 2425 1988 καὶ
2473 1937 2537 2006 τῇ
2589 1936 2683 1987 τὸν
2739 1934 2938 2005 ἀμειδῆ
2985 1933 3494 2004 κατακεκρυμμένῃ
3526 1933 3709 2004 χῶρον

2126 2026 2535 2098 ἀνθρωπότητι,
2597 2027 2696 2097 τὴν
2775 2026 3042 2095 φωτοειδῆ
3087 2027 3182 2078 καὶ
3230 2025 3381 2078 θείαν
3413 2025 3707 2097 ἀπέγραψε

2126 2118 2429 2171 κατοικίαν.
2461 2112 2706 2189 Σήμερον
2733 2120 2760 2171 ὁ
2782 2120 2881 2187 τῆς
2918 2117 3271 2188 δικαιοσύνης
3316 2118 3710 2188 λαμπρότατος

2129 2209 2319 2274 Ἤλιος
2333 2210 2429 2273 τὰς
2450 2212 2782 2279 χρυσοφαείς
2818 2208 2996 2280 βαλὼν
3026 2210 3128 2279 τῆς
3152 2209 3509 2274 ἀναστάσεως
3540 2210 3706 2263 ἀκτῖ-

2127 2317 2247 2369 νας,
2292 2304 2389 2372 τὴν
2437 2293 2689 2372 οὐράνιον
2744 2300 3107 2371 εὐπρέπειαν,
3141 2301 3236 2353 καὶ
3268 2300 3512 2369 ἐπίγειον
3540 2301 3709 2353 εὐκο-

2128 2394 2294 2468 σμίαν
2352 2394 2700 2467 ἀσυγκρίτως
2753 2393 3274 2465 ὑπερελάμπρυνεν.
3322 2394 3573 2465 Σήμερον
3603 2392 3709 2464 τὴν

2125 2490 2385 2560 γλυκεῖαν
2441 2490 2537 2542 καὶ
2607 2487 3085 2559 ὑπερευφρόσυνον
3124 2486 3255 2558 ’τῆς
3331 2488 3509 2557 χαρᾶς
3582 2489 3708 2550 ταῖς

2130 2580 2464 2651 μυροφόροις
2505 2579 2760 2648 ἐπαφιεὶς
2812 2576 3020 2648 φωνὴν,
3080 2575 3413 2649 προρρίζους
3465 2575 3568 2641 τάς
3610 2572 3708 2629 τοῦ

2126 2671 2338 2742 γένους,
2372 2673 2467 2725 καὶ
2496 2670 2773 2742 ἁνείλησε,
2802 2671 2898 2723 καὶ
2928 2670 3226 2740 ἐξηφάνισε
3248 2668 3445 2733 λύπας.

2208 2761 2369 2815 Ἀλλὰ
2396 2761 2558 2833 δεῦρο
2588 2763 2739 2815 πᾶσα
2782 2761 3009 2831 γλῶσσα
3049 2762 3150 2832 τῆς
3177 2762 3401 2832 χάριτος
3427 2776 3709 2831 μετεσχη-

2126 2856 2254 2909 κυῖα
2283 2855 2703 2925 συναρμοττέτω
2739 2870 2830 2925 μοι
2865 2853 2967 2925 τὴν
2994 2852 3299 2924 εὐφημίαν.
3340 2850 3711 2921 Ἐπαμυνέτω

2130 2960 2223 3013 μοι
2280 2942 2705 3013 τυραννουμένῳ
2752 2941 2832 3013 τῷ
2881 2942 3052 3013 πόθῳ,
3107 2941 3483 3014 ἀμηχανοῦντι
3530 2940 3590 2994 δέ
3627 2937 3709 3011 τῷ

2051 3064 2094 3120 C
2127 3034 2292 3107 λόγῳ.
2318 3031 2485 3100 Οὗτος
2512 3035 2644 3108 γὰρ,
2670 3022 2832 3099 ὀὗτος
2857 3037 2886 3089 ὁ
2912 3036 3020 3090 τῶν
3047 3035 3343 3107 ὑπερφυῶν
3365 3033 3709 3101 καταναγκά-

2128 3129 2235 3194 ζων
2263 3128 2554 3184 ἅπτεσθαι.
2587 3123 2755 3193 Οὗτος
2785 3132 2814 3183 ὁ
2854 3130 2990 3202 πρὸς
3028 3130 3096 3184 τὰ
3126 3130 3266 3200 ὑπὲρ
3301 3128 3509 3182 οἰκείαν
3543 3127 3708 3181 δύνα-

2130 3234 2223 3287 μιν
2246 3218 2522 3272 συνωθῶν.
2548 3211 2717 3282 Οὗτος
2739 3222 2766 3273 ὁ
2788 3220 2886 3290 τῆς
2904 3220 3111 3284 οἰκείας
3142 3219 3469 3274 ἐκλαθέσθαι
3491 3218 3712 3289 φύσεως

2129 3304 2590 3373 παρασκευάζων.
2619 3305 2807 3376 Τούτῳ
2839 3307 3049 3371 πάντας
3080 3308 3330 3361 ὑπείκειν
3361 3310 3463 3362 οὐκ
3498 3308 3708 3374 ἄδοξον.

2129 3392 2302 3463 Χρέος
2354 3393 2464 3466 γάρ
2499 3396 2667 3459 ἐστιν,
2703 3396 2752 3449 εί
2800 3396 3030 3469 καὶτῆς
3083 3397 3406 3461 ἀντιδόσεως
3453 3397 3709 3462 ἀποδέον,

2129 3487 2222 3540 καὶ
2246 3485 2354 3539 τῶν
2388 3487 2846 3558 παρασχεθέντων
2880 3490 3105 3557 ἀγαθῶν
3144 3490 3244 3543 ούκ
3274 3490 3519 3554 ἐπάξιον.
3566 3489 3711 3544 Ἀλλ’

2128 3570 2465 3632 ἀποδιῶσθω
2485 3566 2625 3650 πρὸς
2651 3578 2750 3649 τῆς
2785 3578 3011 3653 λογικῆς
3037 3580 3258 3649 ἀπάσης
3297 3580 3515 3649 φύσεως
3535 3599 3549 3611 ·
3586 3581 3713 3636 τού-

2127 3690 2237 3726 των
2267 3671 2372 3725 τὼν
2399 3671 2755 3743 ὕπερέκτισιν
2787 3672 3021 3742 ὀρειλῶν
3042 3671 3135 3725 τοῦ
3163 3672 3460 3737 δεδωκότος
3491 3675 3713 3727 ἀντικαο

2127 3764 2585 3834 ταλλαττομένουε
2623 3764 2778 3835 Ἐμοὶ
2808 3764 2929 3835 μὲν,
2966 3763 3011 3818 ὦ
3038 3764 3157 3818 θεία
3180 3765 3428 3837 φιλότης,
3455 3766 3516 3818 οὐ
3547 3765 3712 3836 μόνον

2127 3856 2195 3910 δι’
2219 3856 2350 3910 αὐτὸ
2384 3855 2543 3910 τοῦτο
2575 3856 2843 3929 ὑπόχρεον
2869 3853 3029 3922 εἶναι,
3056 3857 3191 3911 ἀλλὰ
3215 3858 3307 3912 καὶ
3330 3859 3418 3912 διὰ
3447 3857 3545 3928 τὴν
3573 3857 3713 3911 ὑπό-

2132 3965 2317 4018 σχεσιν
2346 3947 2650 4018 ἐξεγένετο,
2675 3948 2708 4016 ἠ
2745 3965 2827 4012 τις
2862 3947 3377 4019 προεπαγγελθεϊσα
3417 3948 3553 4018 πρὸς
3585 3950 3712 4012 τοὺς

2131 4036 2242 4110 [Ian
2275 4038 2407 4111 τῶν]
2449 4040 2625 4109 χρέων
2668 4040 3000 4094 ἀπαιτεῖται.
3048 4040 3145 4103 Τίς
3181 4039 3239 4092 δὲ
3284 4039 3427 4111 αὕτη
3458 4039 3556 4091 καὶ
3585 4038 3712 4105 οἵας

2131 4131 2501 4203 προστεθῆναι
2558 4131 2742 4187 καλόν.
2776 4131 2916 4202 Ἤδη
2960 4131 3140 4185 τοίνυν
3198 4134 3256 4185 ἐν
3306 4135 3430 4195 τοῖςο
3470 4131 3715 4201 φθάσασι

2132 4224 2238 4294 πρὸ
2264 4224 2364 4294 τῆς
2396 4224 2492 4277 τοῦ
2517 4223 2783 4295 ζωοδόχου
2815 4223 3087 4296 μνημείου
3123 4224 3294 4294 θύρας
3329 4224 3427 4295 τὴν
3453 4223 3529 4287 ὡς
3553 4224 3716 4292 λόγος

2130 4315 2239 4388 lla.
2270 4317 2298 4369 ὁ
2323 4316 2503 4389 λόγος]
2549 4315 2864 4379 καταλιπὼν
2905 4316 3135 4386 Μητέρα
3156 4314 3225 4368 τὰ
3247 4315 3367 4368 κατ’
3395 4316 3591 4376 ἐκεῖνο,
3619 4314 3718 4368 καὶ

443 4412 612 4466 vitam
669 4412 943 4482 suscepit,
1004 4412 1211 4466 Domini
1263 4411 1678 4481 Matrem,-per
1720 4414 1771 4468 id
1815 4424 2023 4483 tempus

2130 4407 2299 4479 αὐτὴν
2328 4410 2393 4479 τῇ
2446 4409 2688 4479 σήμερον
2742 4404 3111 4476 ἐταμιεύσατο
3158 4405 3496 4475 φαιδρότητι.
3554 4402 3735 4456 Οὗτοί

444 4519 626 4557 sermo
670 4504 1002 4573 reliquisset.
1036 4521 1156 4559 eam
1208 4504 1481 4560 hodiernae
1530 4508 1770 4560 servavit
1800 4506 2020 4562 laetitiae.

446 4595 525 4650 [ta
557 4596 723 4659 enim,
773 4610 893 4650 cum
929 4598 977 4651 id
1025 4598 1169 4651 cavit
1200 4614 1266 4652 ne
1313 4598 1625 4668 prolixitate
1657 4600 1813 4653 taalio
1856 4609 2022 4667 esset,

446 4698 560 4743 tttnt
614 4698 1036 4743 consentaneum
1093 4692 1358 4746 rationem
1412 4693 1670 4748 servavit.
1726 4691 2021 4761 Postquam

449 4788 625 4834 autem
664 4781 982 4835 deducentis
1030 4784 1204 4852 gratia
1243 4799 1308 4837 eo
1343 4785 1705 4848 occurrimus,
1759 4795 1817 4838 ut
1855 4784 2022 4838 debiti

449 4868 583 4922 fides
614 4869 928 4924 redimenda
957 4871 1048 4937 sit,
1078 4887 1173 4935 pro
1201 4873 1341 4926 virili
1372 4890 1472 4945 ego
1506 4874 1759 4929 facultate
1812 4876 2026 4928 redem-

447 4970 637 5026 pturus
664 4960 889 5016 festino.
926 4962 1096 5015 Porro
1141 4966 1429 5019 commoda
1463 4967 1729 5019 sermonis
1776 4966 2026 5018 tractatio

443 5061 549 5118 est,
582 5054 881 5111 innumeris
913 5058 1303 5111 cct'tatttinibus
1330 5059 1489 5112 clarae
1530 5058 1718 5112 Matris
1759 5060 2024 5113 assisten-

446 5144 516 5196 tia
574 5145 629 5199 itt
693 5126 977 5215 sepulcro;
1037 5150 1180 5202 circa
1229 5165 1390 5217 quam
1468 5160 1721 5201 versatur
1788 5147 1899 5214 ipse
1963 5163 2026 5201 ac

445 5235 614 5291 debiti
684 5238 842 5291 ratio.
894 5237 1019 5294 llzee
1069 5239 1213 5293 enim
1268 5239 1383 5293 sola
1429 5238 1582 5309 (42),
1646 5238 2024 5295 recedentibus

517 5352 629 5427 (49.)
677 5353 803 5409 Ηανσ
835 5356 972 5409 enim
1003 5356 1136 5411 sola.
1178 5354 1316 5411 Sunt
1348 5356 1450 5410 ista
1485 5366 1539 5427 ut
1574 5355 1659 5423 pia
1696 5354 1748 5407 iu
1776 5353 2020 5420 Mariam,

445 5438 499 5480 at
530 5425 681 5480 certe
713 5427 854 5479 ltaud
892 5429 965 5479 ita
997 5429 1061 5480 ad
1096 5429 1253 5480 fidem
1290 5427 1486 5480 facilia.
1523 5425 1722 5478 Durum
1762 5442 1929 5488 enirn,
1969 5436 2024 5478 ut

446 5496 615 5550 Maria
653 5512 794 5559 una,
847 5497 993 5551 nullo
1024 5512 1053 5549 e
1090 5497 1373 5562 discipulis
1408 5505 1505 5549 aut
1548 5495 1755 5550 sanctis
1805 5495 2023 5549 feminis

448 5568 768 5634 aesistettte,
804 5566 1042 5619 triduum
1079 5568 1206 5620 illud
1243 5567 1354 5634 jugi
1396 5565 1691 5619 assidentia
1721 5566 1779 5634 _in
1829 5580 2022 5617 tuonu-

447 5632 847 5706 trentoegerit,
875 5637 1061 5704 sicque
1087 5641 1153 5689 ah
1183 5653 1247 5690 eo
1273 5632 1518 5698 immota,
1548 5637 1689 5688 inter
1713 5632 2020 5690 Judagorum

445 5719 512 5767 ac
553 5705 782 5765 militum
833 5708 1253 5762 custodientium
1300 5710 1484 5762 turbas
1533 5706 1932 5762 debacchantes
1970 5708 2019 5761 itt

2129 4499 2241 4570 γὰρ
2270 4503 2364 4553 καὶ
2390 4501 2450 4553 τὸ
2480 4499 2796 4571 προσκορὴς
2818 4494 2959 4553 εἶναι
2991 4499 3236 4566 διέφυγε,
3273 4497 3366 4550 καὶ
3392 4497 3451 4548 τὸ
3482 4495 3719 4549 ἀκόλου-

2134 4593 2226 4647 θον
2276 4586 2622 4664 διετῆρησεν.
2687 4591 2906 4662 Ἐπειδὴ
2959 4591 3014 4643 δὲ
3042 4590 3226 4661 χάριτι
3268 4588 3361 4642 τοῦ
3412 4587 3719 4657 ἀγαγόντος

2107 4684 2271 4757 ’πρὸς
2294 4685 2394 4755 τὴν
2428 4685 2727 4755 ἀπαίτησιν
2773 4681 2866 4736 τοῦ
2910 4682 3105 4753 χρέους
3135 4683 3557 4751 ἀπηντήκαμεν,
3602 4676 3719 4746 ἐγὼ

2130 4778 2339 4849 ταύτην
2365 4777 2438 4841 ὡς
2468 4772 2579 4830 οἷόν
2618 4794 2676 4828 τε
2704 4775 2949 4846 πληροῦν
2976 4772 3312 4843 ἐπειγόμεθα
3357 4769 3467 4846 [Ῐσ.
3499 4770 3722 4839 ἐπείγο-

2135 4868 2279 4941 μαι].
2321 4868 2478 4922 Ἐστι
2510 4870 2566 4921 δὲ
2619 4868 2921 4939 περιδέξιος
2966 4865 3062 4921 τοῦ
3096 4866 3256 4933 λόγου
3296 4862 3716 4935 μεταχείρησις,

2123 4963 2157 5031 ἠ
2206 4964 2307 5031 τῆς
2358 4961 2660 5031 μυριάθλου
2712 4960 2936 5031 Μητρὸς
2982 4960 3041 5012 ἐν
3074 4958 3150 5029 τῷ
3183 4958 3339 5027 τάφῳ
3386 4954 3717 5025 παρεδρεία,

2123 5052 2254 5122 περὶ
2292 5045 2360 5124 ἧς
2405 5052 2571 5115 αὑτός
2598 5068 2658 5104 τε
2699 5050 2901 5121 δηλαδὴ
2936 5050 3033 5103 καὶ
3063 5052 3094 5121 ἡ
3126 5047 3316 5118 ὀφειλὴ
3344 5046 3715 5118 προσυνέστη.

2122 5144 2271 5216 Αὕτη
2304 5146 2413 5216 γὰρ
2457 5145 2615 5215 μόνη,
2649 5144 2759 5197 τῶν
2791 5145 3051 5197 ἁπάντων
3087 5141 3589 5212 ὑποχωρησάντων,
3617 5140 3720 5194 ﬁt:

2126 5234 2262 5312 μόνη
2289 5239 2369 5311 τῷ
2393 5238 2607 5311 σφοδρῷ
2626 5237 3093 5308 τῶνεσπλάγχνων
3118 5231 3520 5306 διαφλεγομένη
3555 5233 3717 5305 πυρὶ,

2126 5355 2412 5409 Dominum
2480 5354 2706 5422 ejusque
2737 5369 2952 5409 sacrum
2983 5368 3214 5421 corpus,
3251 5351 3716 5419 perseveraverit.

2122 5425 2308 5492 Majori
2355 5427 2662 5491 honestate,
2718 5436 2810 5478 aut
2855 5441 2916 5478 se
2965 5425 3299 5477 continuerit
3347 5424 3533 5485 domo,
3576 5422 3713 5492 nihil

2122 5490 2374 5549 dubitans
2402 5496 2469 5549 de
2504 5496 2745 5562 proxima
2784 5495 3186 5548 resurrectione
3213 5531 3229 5555 ,
3266 5503 3358 5546 aut
3404 5501 3527 5560 post
3573 5490 3718 5547 Sab-

2123 5565 2306 5619 batum
2346 5575 2550 5617 tantum
2574 5581 2694 5618 cum
2726 5563 3039 5633 Magdalena
3096 5564 3325 5633 aliisque
3356 5564 3460 5632 piis
3492 5562 3713 5617 feminis

2123 5637 2189 5689 ad
2232 5646 2641 5689 mrmunteutum
2666 5632 2833 5705 ierit;
2875 5632 3024 5705 juxta
3062 5632 3369 5705 opinionem
3402 5633 3715 5705 Chrysost.,

2124 5707 2382 5780 llesycln,
2402 5703 2879 5774 Cct'am.,Joauuis
2903 5704 3174 5772 Tbessal.,
3201 5711 3307 5760 etc.
