3982 6160
476 286 617 354 1499
1018 365 1022 366 ν
1609 294 1935 358 GEORGII
1974 298 2576 361 NICOMEDIENSIS
3086 300 3107 323 '
3610 298 3751 366 1500

484 428 503 458 ι
542 405 644 474 Tu,
684 407 884 477 inquit,
921 365 1147 465 Domine
1171 449 1188 475 ,
1221 410 1313 480 qui
1349 408 1709 481 impatibilem
1741 426 1808 468 ac
1836 413 2043 469 immor‘

2160 416 2261 487 τὴν
2310 418 2409 488 τῆς
2459 415 2714 488 θεότητος
2763 414 3099 486 κεκτημένος
3158 413 3343 483 φύσιν,
3389 415 3456 484 τῇ
3504 413 3750 486 προσλη-

480 499 644 553 talem
685 501 910 555 deitatis
937 502 1169 557 haberes
1197 514 1475 567 naturam,
1504 513 1784 572 assumpta
1815 520 1980 560 carne
2005 524 2036 561 u

2164 506 2358 578 φθείσῃ
2395 507 2674 570 πέπονθας
2705 506 2781 568 ὡς
2801 505 3105 575 ἄνθρωπος.
3123 505 3220 568 Σὺ,
3241 503 3399 575 φησὶ,
3421 503 3529 556 τῶν
3554 521 3746 573 πατρι-

476 590 641 647 homo
668 609 859 661 passus
882 610 961 649 es.
994 594 1098 657 Tu,
1125 596 1323 664 inquit,
1347 612 1454 651 non
1483 597 1744 653 deserens
1771 608 2043 667 paternun‘

2163 600 2275 654 κῶν
2310 600 2383 671 μὴ
2432 600 2803 672 χωριζόμενος
2842 598 3080 660 κόλπων,
3118 600 3175 650 ὲν
3204 599 3319 660 τοῖς
3350 596 3612 653 κενεῶσιν
3652 598 3742 649 ὲν-

477 685 688 748 sinum,
720 688 773 740 in
816 698 973 742 terrm
1006 697 1164 740 utero
1213 687 1541 741 demoraris.
1581 688 1695 751 Tu,
1728 689 1820 757 qui
1854 689 1906 742 in
1942 688 2063 741 nni-

475 792 634 832 versu
673 779 1176 848 incircumst-riptns
1234 779 1436 833 dt-itate
1467 772 1720 845 exsistas,
1745 794 1972 848 corpore
2006 780 2058 834 itt

476 883 832 923 monumento
855 871 1348 924 circumscriberis.
1379 870 1469 923 Sic
1495 870 1835 940 tejustorum
1863 871 2058 925 animat

444 961 835 1027 suscipientes
871 965 1070 1015 choros
1117 962 1348 1015 duennt.
1392 962 1670 1028 Ejusmodi
1725 963 1954 1017 vocibus
2005 973 2059 1016 te

478 1052 871 1120 redemptorem
916 1054 1174 1107 salutant.
1207 1050 1301 1108 Sic
1350 1053 1609 1109 ineffabili
1659 1063 1748 1109 tua
1803 1055 2055 1109 illustrati

476 1140 682 1206 lmtitia,
713 1144 1132 1200 inenarrabilem
1157 1146 1501 1200 clementiam
1528 1148 1845 1215 praedicant.
1865 1147 2060 1209 Enim-

477 1248 604 1287 \ero
650 1236 833 1288 mundi
879 1252 1097 1305 quoque
1132 1238 1344 1291 civilius
1374 1238 1620 1292 victoria:
1677 1240 1918 1307 tropliaea
1962 1254 2057 1291 ex—

477 1326 622 1380 liibe.
662 1328 875 1395 Appare
896 1367 911 1391 ,
944 1329 1035 1398 qni
1074 1329 1335 1385 invisibili
1368 1331 1578 1383 ratione
1606 1330 1772 1392 ades,
1809 1345 1930 1383 cum
1963 1331 2057 1383 de-

473 1420 618 1472 eenti
654 1434 718 1472 ac
771 1435 1009 1486 ccugrua
1040 1423 1241 1489 specie.
1285 1421 1521 1488 Splende
1575 1421 1627 1474 in
1661 1421 1812 1475 orbis
1855 1421 2054 1475 ﬁnibus

474 1512 898 1565 resurrectionis
954 1512 1214 1582 fulgores.
1251 1512 1496 1583 Resurge
1527 1529 1776 1582 corpore,
1823 1513 1915 1582 qui
1958 1528 2054 1566 ne-

471 1602 596 1668 quis
643 1605 815 1657 teneri
854 1605 1072 1658 deitate.
1125 1605 1375 1659 Excitare
1421 1605 1707 1672 ergo,.qui
1750 1604 1801 1657 in
1853 1603 2052 1657 saecula

472 1694 679 1760 absque
708 1709 900 1748 somno
929 1711 1009 1750 es.
1043 1695 1312 1764 Exsurge,
1335 1712 1487 1765 quem
1522 1696 1855 1748 laudantium
1884 1710 2052 1763 popu-

2159 692 2460 763 διατρίϐεις
2511 694 2609 760 τῆς
2663 691 2788 760 γῆς.
2848 690 2921 742 Σὺ
2960 690 3377 760 ἀπερίγραπτος
3431 688 3506 741 ὣν
3562 689 3620 739 ὲν
3664 687 3745 758 τῷ

2161 786 2325 837 παντὶ
2355 783 2589 848 θεῖκῶς,
2621 786 2679 836 ὲν
2727 782 2980 853 μνημείῳ
3019 781 3349 852 σωματικῶς
3397 781 3743 852 περιγράφῃ.

2159 875 2349 940 Οὕτως
2379 876 2606 930 δικαίων
2635 892 2693 929 σε
2730 873 3026 943 δεξάμεναι
3055 873 3228 943 ψυχαὶ
3274 871 3584 943 χορεύουσι.
3617 871 3749 923 Τοι-

2159 966 2353 1029 αύταις
2405 982 2466 1021 σε
2518 968 2612 1020 τὸν
2659 967 2940 1039 λυτρωτὴν
2991 965 3292 1030 δεξιοῦνται
3336 968 3458 1028 ταῖς
3507 966 3743 1031 φωναῖς.

2158 1059 2317 1112 Οὕτω
2338 1061 2404 1129 τῇ
2431 1060 2732 1130 ἀπορρήτῳ
2755 1074 2850 1110 σου
2874 1056 3368 1127 καταλαμπόμεναι
3396 1057 3739 1127 φαιδρότητι,

2156 1153 2255 1220 τὴν
2277 1151 2636 1220 άνεκλάλητον
2655 1153 2830 1220 ἀνακη
2841 1149 3091 1221 ρύττουσι
3110 1147 3542 1219 φιλανθρωπίαν.
3578 1146 3745 1200 ’Διιλά

2155 1239 2327 1305 δεῖξον
2360 1243 2452 1294 καὶ
2479 1243 2590 1304 τοῖς
2629 1241 2947 1311 ὲγκοσμίοις
2983 1241 3052 1294 τὰ
3083 1241 3179 1293 τοῦ
3208 1241 3444 1309 πολέμου
3475 1240 3740 1309 τρόπαια.

2154 1332 2384 1401 aevum.
2436 1330 2625 1403 παρὼν
2696 1331 2946 1401 ἀοράτως
3001 1331 3142 1402 μετά
3183 1333 3282 1402 τῆς
3348 1329 3742 1400 προσηκούσης

2154 1424 2509 1496 ὡραιότητος.
2540 1423 2767 1494 Λάμψον
2794 1426 2852 1478 ὲν
2890 1427 3005 1487 τοῖς
3035 1425 3241 1494 πέρασι
3270 1423 3369 1494 τὴν
3402 1422 3601 1492 αἴγλην
3635 1421 3743 1492 τῆς

2154 1518 2523 1579 ἀναστάσεως.
2552 1516 2839 1586 Ἀνάστηθι
2861 1516 3216 1587 σωματικῶς,
3242 1517 3270 1568 ὁ
3293 1514 3601 1586 ἀκράτητος
3627 1513 3743 1566 θεῖ-

2155 1609 2289 1672 κῶς.
2312 1609 2661 1679 Ἐξεγὲρθητι
2691 1605 2809 1675 οὖν,
2838 1610 2865 1661 ὁ
2890 1609 2971 1672 είς
3000 1608 3203 1673 αἰῶνας
3244 1608 3566 1677 ἀκοίμητος.
3604 1605 3740 1669 Ἐε-

2153 1698 2421 1769 εγέρθητι
2448 1700 2578 1767 ταῖς
2603 1701 2720 1754 τῶν
2748 1701 3181 1770 ἀνυμνούντων
3213 1715 3289 1754 σε
3315 1696 3483 1753 λαῶν
3513 1701 3740 1752 ravulo-

470 1784 640 1839 lorum
690 1804 968 1857 synagoga:
1006 1793 1108 1843 sint
1153 1791 1561 1842 circumdatum:
1588 1789 1656 1840 ’°.
1711 1786 1949 1857 Exsurge
1981 1787 2043 1840 ad

2155 1792 2490 1862 θησόμενος
2510 1792 2910 1862 συναγωγαῖς.
2949 1791 3253 1862 Ἐξετέρθη
3262 1809 3313 1844 τι
3334 1790 3455 1844 τῶν
3474 1790 3605 1842 σῶν
3618 1788 3740 1857 μὲν

468 1877 760 1931 vindictam
807 1880 1020 1948 quidem
1053 1891 1267 1933 tuorum
1297 1897 1586 1948 pauperum
1618 1919 1633 1945 ,
1670 1892 1827 1949 utque
1861 1881 2051 1933 adver-

469 1969 644 2020 sarius
683 1970 904 2023 virtutes
928 1971 996 2023 ad
1024 1971 1393 2024 exterminium
1425 1970 1647 2038 dissipes
1681 1972 1749 2025 θί.
1784 1970 1860 2023 'l‘u
1889 1969 2052 2037 justi-

473 2057 561 2111 tite
596 2057 725 2125 Sol,
756 2062 1173 2117 resurrectionis
1217 2063 1445 2117 ostende
1503 2064 1701 2117 radios.
1737 2063 2067 2133 Appareant.

469 2161 737 2205 terrarum
768 2154 885 2207 orbi
917 2155 1162 2210 victoriae
1195 2154 1459 2224 fulgores.
1486 2155 1800 2211 lnuotescat
1829 2157 2050 2208 univer-

465 2243 545 2296 sis
578 2242 841 2308 ejusmodi
872 2245 1042 2301 salus.
1081 2244 1304 2299 Videant
1335 2262 1605 2315 pauperes,
1639 2256 1687 2299 et
1706 2248 1951 2300 (celentur
1978 2246 2043 2301 θ’.

471 2330 695 2386 Videam
743 2348 844 2403 ego
890 2349 1112 2405 quoque
1169 2337 1539 2391 desideratum
1591 2338 2044 2392 desideratissimi

466 2424 681 2480 Domini
723 2437 1025 2495 aspectum.
1058 2425 1281 2482 Videam
1316 2429 1516 2483 eximie
1564 2429 1875 2498 praestantis
1923 2428 2046 2483 Filii

464 2517 925 2588 pulchritudinem
982 2520 1131 2574 omni
1182 2518 1367 2588 specie
1412 2519 1697 2588 majorem.
1754 2523 2045 2590 Aspectem

460 2611 751 2681 gloriﬁcati
804 2612 895 2666 Dei
938 2613 1205 2667 orientem
1248 2613 1503 2683 gloriam.
1549 2613 1780 2667 Audiam
1831 2617 2043 2668 dulcem

465 2706 613 2760 illam
659 2722 846 2761 vocem
871 2749 887 2773 ,
940 2706 1118 2761 dulcia
1153 2708 1414 2776 onmique
1451 2709 1623 2783 gratia
1660 2707 1818 2778 plena
1878 2709 2043 2763 verba

459 2796 832 2851 emittentem.
866 2797 953 2852 Uti
983 2798 1273 2863 adventus,
1303 2799 1375 2853 ita
1401 2808 1457 2853 et
1484 2799 1898 2854 resurrectiOnis
1921 2816 2048 2870 gau-

465 2888 612 2940 dium
637 2925 653 2951 ,
686 2889 875 2955 prima:
902 2890 1147 2942 omnium
1177 2888 1339 2943 Matri
1370 2889 1793 2945 annuuliaturus
1823 2905 2041 2960 apparo.

461 2980 702 3049 Appare,
734 2979 984 3049 inquam,
1015 2981 1105 3049 qui
1139 2996 1357 3051 semper
1384 2983 1461 3038 sis
1493 2997 1616 3037 cum
1656 2984 1744 3038 illa
1768 3026 1784 3050 ,
1824 2999 2043 3039 serves-

458 3085 571 3139 que
616 3071 1011 3128 invincibilem.
1055 3092 1073 3126 ι
1122 3072 1236 3129 lloc
1286 3076 1445 3130 modo
1494 3076 1803 3129 divinorum
1857 3077 2042 3145 magi-

460 3172 594 3217 stra:
622 3162 737 3234 (46)
769 3180 834 3218 ac
864 3166 1259 3234 unguentifera:
1304 3167 1544 3237 Virgini,
1585 3167 1939 3237 laudantique
1977 3184 2041 3224 ac

2151 1886 2239 1950 είς
2275 1884 2513 1954 ἄμυναν
2537 1885 2830 1952 πενήτων,
2853 1884 2972 1938 τῶν
3007 1885 3075 1938 δὲ
3099 1885 3389 1937 ἐναντίων
3419 1882 3739 1947 δυνάμεων

2150 1973 2244 2037 είς
2278 1972 2380 2024 τὸν
2437 1972 2547 2041 τῆς
2588 1975 3001 2042 πανωλεθρίας
3048 1973 3457 2041 σκερπισμόν.
3518 1970 3728 2033 Δεῖξον,

2155 2063 2313 2116 ’Ἥλιε
2341 2064 2437 2133 τῆς
2460 2065 2830 2134 δικαιοσύνης,
2852 2067 2949 2129 τὰς
2980 2066 3078 2135 τῆς
3105 2066 3459 2128 ἀναστάσεως
3484 2065 3732 2126 ἀκτῖνας.

2147 2160 2477 2213 Φανάτωσαν
2519 2162 2573 2213 αἱ
2620 2162 2718 2230 τῆς
2762 2161 2917 2231 νίκης
2973 2162 3253 2233 ἀστραπαὶ
3298 2164 3365 2232 τῇ
3409 2159 3730 2230 οἰκουμένῃ.

2148 2250 2557 2322 Γνωσθήτωσαν
2596 2253 2731 2305 πᾶσι
2786 2253 2958 2305 ταῦτα
3004 2252 3073 2305 τά
3106 2253 3353 2322 σωτήρια
3400 2252 3731 2322 πράγματα.

2141 2343 2483 2398 Είδέτωσαν
2513 2346 2736 2414 πτωχοί
2781 2346 2879 2399 καί
2938 2345 3470 2414 εὐφρανθήτωσαν.
3531 2343 3735 2413 ’Ἰδοιμι

2147 2435 2303 2504 κάγὼ
2334 2436 2589 2508 ποθεινὴν
2624 2437 3010 2491 ποθεινοτάτου
3040 2438 3313 2491 Δεσπὸτον
3347 2437 3495 2491 θέαν.
3529 2437 3732 2504 ’Ῑδοιμι

2149 2528 2461 2599 ὑπερφυοῦς
2507 2528 2637 2583 Υίοῦ
2669 2531 2991 2600 ὑπερωραία
3040 2529 3234 2599 κάλλη.
3282 2528 3547 2596 Θεάσοιμι
3577 2526 3734 2579 δεδο-

2147 2622 2418 2692 ξασμένον
2443 2622 2580 2676 Θεοῦ
2596 2623 2976 2693 διανίσχουσαν
3001 2623 3181 2689 δόξαν.
3224 2621 3548 2689 Ἀκούσαιμι
3576 2618 3733 2681 θείας

2146 2714 2332 2783 φωνῆς
2364 2714 2502 2784 ἡδέα
2550 2716 2642 2768 καὶ
2683 2715 2946 2785 χαρίεντα
2981 2713 3313 2784 προϊεμένης
3349 2715 3589 2784 ῥήματα.
3641 2709 3732 2771 Ὠς

2146 2804 2340 2877 πρώτῃ
2376 2806 2475 2877 τῆς
2520 2807 2825 2878 παρουσίας
2850 2809 2917 2877 τῇ
2958 2807 3162 2877 μητρὶ,
3196 2804 3342 2859 οὕτω
3369 2804 3461 2856 καὶ
3498 2803 3597 2870 τὴν
3627 2803 3729 2870 τῆς

2145 2894 2420 2975 ἐτέρσεως
2447 2895 2650 2967 φάνηθι
2686 2896 2859 2967 χαρὰν
2891 2896 3402 2965 εὐαγγελιζόμενος.
3438 2892 3668 2963 Φάνηθι,
3699 2893 3729 2944 δ

2142 2981 2231 3035 διὰ
2255 2984 2452 3048 παντὸς
2480 2986 2617 3057 αὐτῇ
2643 2986 2837 3052 συνὼν,
2863 2988 2956 3039 καὶ
2973 2985 3351 3057 ἀκατάϐλητον
3369 2983 3668 3054 διατηρῶν.
3700 3001 3722 3034 s

2146 3072 2302 3126 Οὕτω
2331 3076 2395 3145 τῇ
2426 3075 2662 3146 θεολόγῳ
2700 3077 2793 3129 καὶ
2826 3077 3120 3147 μυροφόρῳ
3154 3075 3416 3147 Παρθένῳ
3446 3116 3461 3141 ,
3493 3074 3589 3127 καὶ
3623 3073 3723 3125 άν-

2147 3165 2412 3237 υμνούσῃ,
2430 3168 2524 3220 καὶ
2557 3168 2874 3240 ἱκετευούσῃ
2909 3169 3102 3240 πρώτῃ
3123 3170 3220 3240 τὴν
3247 3167 3345 3238 τῆς
3375 3166 3733 3227 ἀναστάσεως

462 3256 790 3326 supplicanti
820 3296 835 3322 ,
865 3259 1053 3326 primat
1083 3257 1255 3312 Filius
1284 3262 1707 3316 resnrrcctionis
1742 3262 2043 3315 claritatem

2146 3260 2174 3311 ὁ
2209 3259 2335 3321 Υίὸς
2366 3260 2822 3315 καθυποδείκνυσι
2871 3262 3235 3331 λαμπρότητα
3260 3301 3276 3325 ,
3330 3263 3426 3313 καὶ
3465 3260 3542 3323 ὡς
3597 3259 3730 3329 ὲνῆν

460 3350 723 3411 ostendit,
751 3359 917 3418 utque
941 3350 1137 3405 licebat
1162 3352 1342 3405 doceri
1392 3352 1612 3406 Matrem
1657 3368 1721 3406 ac
1754 3354 2038 3417 honorari,

459 3439 826 3506 apparitionis
857 3453 970 3492 suae
1012 3441 1188 3507 prima
1233 3443 1525 3509 przesetuia
1576 3442 1828 3498 honorat.
1861 3443 2046 3510 Quan-

462 3541 630 3595 quam
662 3529 808 3582 euim
840 3530 1102 3599 scriptum
1149 3541 1255 3595 est,
1290 3533 1525 3600 primum
1577 3535 1896 3603 apparuisse
1933 3535 2047 3588 Ma-

462 3618 713 3688 gdalenze
735 3619 806 3685 ",
841 3620 913 3674 ita
946 3630 1127 3676 tamen
1162 3623 1529 3692 intelligas,ut
1554 3626 1696 3692 quod
1731 3627 1797 3679 ad
1829 3636 2046 3695 aposto—

465 3709 570 3774 los,
601 3719 697 3764 aut
722 3711 979 3766 mulieres
1002 3713 1138 3766 alias
1163 3723 1436 3782 unguenta
1461 3715 1776 3777 atterentes.
1811 3728 2040 3785 spectat.

467 3797 613 3852 Sane
658 3798 801 3852 enim
840 3797 1006 3869 Virgo
1050 3816 1286 3870 parens.
1338 3813 1466 3856 ante
1526 3808 1689 3857 etiam
1739 3805 2043 3873 spiritalem

458 3890 780 3960 angelorum
816 3892 1197 3961 initiationem,
1245 3894 1355 3948 nati
1404 3909 1469 3947 ex
1513 3910 1573 3949 se
1621 3898 1881 3967 mysteria
1920 3914 2045 3967 per-

463 3986 630 4039 videt.
665 3982 839 4053 Supra
868 4000 1063 4041 omnes
1090 3987 1235 4040 enim
1268 3987 1540 4043 desiderio
1585 3987 1910 4058 deﬂagrans,
1943 3991 2041 4045 de-

456 4084 834 4146 certausque,
881 4093 944 4133 ac
1004 4094 1403 4149 perseverans,
1450 4081 1562 4135 sola
1610 4082 1782 4151 prima
1830 4097 2044 4152 quoque

458 4170 732 4240 condigna
786 4170 978 4241 recipit
1039 4188 1286 4227 munera.
1351 4173 1455 4228 Par
1513 4176 1711 4244 quippe
1764 4187 1921 4243 erat,
1983 4188 2044 4233 ut

452 4262 702 4316 omnium
751 4264 926 4332 prima
977 4267 1163 4320 tuundi
1218 4267 1386 4322 totius
1437 4268 1715 4334 acciperet
1762 4268 2038 4337 gaudium,

454 4369 583 4422 quae
625 4355 741 4421 ejus
792 4357 948 4411 nobis
998 4358 1161 4413 tantm
1209 4359 1406 4413 lietitice
1468 4358 1823 4428 plenitudinis
1874 4378 2038 4416 causa

450 4442 800 4500 exstitisset:
852 4447 938 4500 cui
985 4448 1084 4503 soli
1139 4463 1341 4504 arcana
1386 4451 1595 4505 credita
1646 4463 1870 4519 essent;
1920 4470 2039 4524 qua:

2146 4454 2605 4525 προτετρωμένην
2655 4455 2975 4525 ῥομφαίαις.

2149 3350 2490 3421 μνήσασθαι,
2528 3353 2622 3406 καὶ
2655 3353 2887 3422 τιμῆσαι
2939 3353 3205 3424 Μητέρα,
3245 3355 3311 3424 τῇ
3367 3352 3468 3422 τῆς
3519 3352 3733 3416 οἰκείας

2147 3438 2448 3505 ἐμφανείας
2480 3440 2724 3509 προτιμᾷ
2751 3440 3041 3511 παρουσία.
3075 3442 3136 3493 Εἰ
3159 3442 3265 3511 γὰρ
3294 3441 3389 3494 καὶ
3411 3443 3476 3510 τῇ
3509 3438 3733 3506 Μαγδα-

2146 3529 2277 3601 ληνῇ
2315 3531 2654 3602 προοφθῆναι
2687 3532 3033 3603 γέγραπται,
3073 3532 3208 3587 ἀλλὰ
3258 3533 3367 3586 τῶν
3412 3532 3731 3586 ἀποστόλων

2146 3621 2385 3690 νοητέον,
2437 3624 2680 3677 καὶτῶν
2732 3624 2936 3679 λοιπῶν
2991 3625 3336 3697 μυροφόρων.
3396 3624 3457 3676 Ἦ
3495 3628 3607 3694 γὰρ
3662 3622 3729 3694 δὴ

2145 3714 2402 3779 τεκοῦσα,
2430 3721 2524 3768 καὶ
2549 3716 2656 3785 πρὸ
2684 3721 2782 3789 τῆς
2815 3719 3007 3787 νοερᾶς
3039 3718 3147 3771 τῶν
3177 3717 3421 3786 ἀγγέλων
3445 3717 3725 3786 μυήσεως,

2144 3806 2212 3859 τὰ
2249 3806 2346 3860 τοῦ
2380 3808 2663 3877 τεχθέντος
2696 3808 2911 3880 καθορᾷ
2945 3811 3241 3881 μυστήρια.
3294 3809 3586 3863 Ἁπάντων
3615 3806 3729 3879 γάρ

2147 3901 2600 3974 ὑπερφλεγομένη
2622 3902 2701 3973 τῷ
2724 3904 2893 3976 πόθῳ,
2917 3907 3011 3958 καὶ
3036 3904 3441 3976 ύπεραθλοῦσα,
3469 3907 3564 3959 καὶ
3588 3905 3725 3978 μόνη

2145 3994 2603 4067 διακαρτεροῦσα,
2632 3994 2826 4069 πρώτη
2864 3997 2961 4051 καὶ
2990 3997 3100 4051 τῶν
3130 3998 3251 4052 κατ’
3279 3998 3438 4065 ἀξίαν
3466 3998 3727 4068 τυγχάνει

2143 4087 2382 4157 δωρεῶν.
2419 4088 2565 4143 Ἔδει
2604 4090 2715 4161 γὰρ
2748 4089 2974 4161 πρώτην
3016 4090 3117 4161 τὴν
3146 4090 3488 4160 παγκόσμιον
3528 4090 3726 4142 ὑποδὲ-

2147 4177 2341 4245 ξασθαι
2365 4182 2565 4251 χαρὰν,
2596 4181 2693 4252 τὴν
2722 4180 2817 4235 τοῦ
2850 4181 3218 4252 πληρώματος
3253 4182 3386 4253 ἡμῖν
3412 4181 3595 4235 αἰτίαν
3624 4181 3721 4252 τῆς

2143 4273 2399 4343 τοιαύτης
2430 4272 2692 4341 ὀφθεῖσαν
2720 4273 3083 4345 εὐφροσύνης
3115 4273 3214 4342 τὴν
3246 4272 3413 4344 μόνην
3441 4273 3512 4325 τὰ
3545 4271 3728 4341 ἀπόρ-

2148 4366 2285 4436 ρητα
2316 4363 2777 4433 πεπιστευμένην·
2810 4362 2905 4434 τὴν
2930 4365 3050 4426 ταῖς
3091 4362 3340 4434 ἀπείροις
3384 4359 3479 4414 τοῦ
3516 4361 3728 4424 πάθους

3036 4454 3185 4507 Ἔδει
3247 4453 3345 4526 τὴν
3387 4453 3556 4525 μόνην
3615 4451 3725 4504 τῶν

530 4600 578 4633 ⁸⁸
616 4601 761 4656 Psal.
800 4620 892 4671 vn,
917 4605 972 4658 7.
1049 4605 1093 4636 ⁹¹
1123 4604 1264 4660 Psal.
1299 4622 1468 4673 van,
1512 4609 1564 4662 l.
1640 4610 1686 4641 θ’
1720 4609 1864 4664 l‘sal.
1889 4612 2192 4678 vam,35.
2270 4612 2315 4644 ’³
2362 4612 2533 4667 Marc.
2568 4628 2680 4677 xw,
2723 4613 2777 4667 9.

534 4742 645 4820 (46)
709 4741 1013 4820 Divinarum
1069 4749 1358 4815 ntagistru'.
1416 4749 1686 4820 Θεολόγῳ.
1743 4750 2028 4818 Egregiam

452 4814 641 4889 Mariae
682 4814 1015 4889 epitltetltm_.
1052 4832 1112 4869 at:
1145 4814 1497 4889 prturognlirtt
1523 4861 1539 4884 ,
1573 4814 1732 4889 quam
1763 4814 1973 4874 oltttitct
2000 4837 2030 4875 a

454 4884 769 4959 pritlt:t__i|_l:t
827 4887 1092 4959 tht‘ll‘ina.
1143 4884 1402 4958 Dtonyéio
1450 4884 1708 4958 apostoli,
1747 4890 2023 4959 Θεολόγοι,

453 4966 586 5026 sunt
614 4954 920 5008 divinorum
953 4958 1194 5024 primarii
1224 4954 1514 5012 doctores:
1546 4977 1573 5011 ει
1609 4961 1804 5026 quibus
1834 4954 2028 5015 nomen

458 5025 561 5078 ltoc
587 5026 824 5097 atl__alios
855 5027 1157 5097 derivatum
1189 5039 1304 5095 est,
1332 5045 1396 5082 ac
1436 5025 1706 5095 prmitipue
1738 5032 1802 5082 ad
1830 5029 2033 5097 Grego-

455 5098 601 5170 rium
638 5094 897 5170 Nazianz.
930 5096 1156 5170 Propter
1175 5101 1410 5152 maxime
1431 5094 1548 5167 ejus
1578 5099 1867 5170 Orationes
1898 5094 2029 5170 περὶ

454 5164 763 5233 θεολογίας,
799 5164 1194 5236 Metapltrastes
1227 5171 1425 5222 dicitur
1455 5164 1576 5230 νέος
1599 5168 1892 5235 Θεολὸγοςσ
1924 5164 2027 5225 lle-

460 5238 680 5307 sycltius
701 5252 918 5305 quoque
944 5246 1086 5293 orat.
1122 5239 1172 5290 itt
1201 5238 1256 5292 S.
1291 5239 1517 5302 Pascha,
1542 5253 1662 5307 quae
1691 5251 1771 5291 est
1791 5243 2027 5294 secunda

455 5293 896 5376 Gregorii'h‘ys's.
940 5309 1157 5361 nomine
1190 5310 1355 5371 edita,
1391 5312 1442 5361 in
1479 5293 1623 5376 regie
1658 5308 1790 5363 Cod.
1830 5293 2030 5365 dicitur

454 5386 518 5430 et
542 5375 659 5446 ipse
682 5380 710 5429 6
734 5375 993 5446 Θεολόγος
1015 5392 1028 5405 '
1055 5392 1155 5431 nec
1182 5377 1233 5431 id
1271 5380 1413 5431 aliud
1449 5375 1690 5432 videatur
1717 5381 2028 5447 recentiori,

460 5462 558 5500 seu
588 5447 747 5517 medii
781 5449 1041 5517 tenuioris
1072 5463 1167 5500 usu
1191 5488 1205 5512 ,
1239 5465 1400 5517 quant
1441 5450 1584 5517 quod
1617 5462 1804 5502 noster
1833 5451 2034 5517 ϐίη-ουκ.

464 5516 783 5591 inscribitur
810 5516 1042 5591 i_ll_90d._
1068 5516 1286 5572 Antonii
1320 5516 1624 5591 Allgtlalilll,
1651 5521 1679 5571 ὁ
1717 5521 1903 5591 ῥήτωρ
1923 5535 1938 5551 ο
1969 5516 2034 5574 ac

459 5588 609 5655 quod
663 5589 831 5641 nostri
880 5585 1209 5655 Tlteolognnt
1246 5604 1311 5643 ac
1348 5585 1729 5642 Ecclesiastcui
1772 5585 1982 5645 'voc'ant
2019 5609 2032 5645 :

464 5671 574 5717 ut“
606 5656 671 5709 de
702 5673 757 5708 re
787 5656 897 5710 Li-o
928 5657 1092 5710 Allat.
1128 5657 1181 5710 in
1215 5672 1311 5711 sua
1346 5657 1730 5714 dissertatione
1760 5663 1825 5713 de
1866 5661 2035 5717 Geor-

464 5727 595 5798 gia,
621 5725 711 5781 ubi
734 5728 799 5782 de
825 5724 977 5783 Orat.
1000 5726 1215 5797 Georgii
1244 5728 1294 5783 iu
1326 5728 1455 5783 illud
1486 5726 1707 5785 Stabant
1728 5730 1889 5802 juxta
1918 5748 2036 5787 rru-

2138 4767 2268 4809 cem.
2301 4761 2407 4803 etc.
2447 4748 2510 4803 Ιη
2539 4750 2774 4803 biblioth.
2809 4749 3006 4816 inquit,
3048 4749 3265 4802 Antonii
3310 4748 3602 4815 Augustini
3628 4751 3727 4805 sub

2139 4821 2344 4891 nomine
2372 4820 2612 4891 Gregorii
2642 4821 2862 4873 rhetoris
2900 4821 3126 4888 episcopi
3163 4818 3729 4891 Nicat'tettirlegeba-

2138 4901 2242 4942 tur.
2276 4889 2817 4957 Pratter'episcopum
2849 4891 2987 4942 alius
3022 4892 3160 4954 apud
3193 4906 3289 4943 nos
3321 4906 3384 4940 eo
3420 4889 3600 4941 olnt-io
3630 4892 3729 4943 de-

2140 4960 2405 5030 fungiutr,
2460 4976 2525 5013 ac
2556 4961 2906 5026 peculiariter
2961 4961 3306 5013 ecclesiastes
3342 4974 3407 5013 ac
3440 4962 3729 5022 theologus

2139 5044 2250 5084 sita:
2304 5031 2558 5084 Ecclesia:
2613 5031 2833 5100 dicitur.
2889 5030 3043 5096 Quod
3094 5033 3338 5099 >equilnr
3397 5030 3726 5100 μυροφόρῳ,

2137 5101 2278 5153 haud
2312 5103 2383 5153 ita
2416 5103 2663 5153 videatur
2690 5101 2741 5154 in
2776 5099 2998 5153 Mariam
3029 5106 3320 5169 quadrare,
3354 5102 3405 5153 in
3436 5099 3722 5155 sententia

2137 5171 2333 5236 Georg.
2377 5173 2518 5238 quod
2572 5171 2659 5223 illa
2713 5183 3062 5223 monumento
3100 5181 3359 5225 constans
3396 5171 3720 5227 assederit:

2137 5244 2203 5293 ad
2238 5243 2438 5294 ralcetu
2491 5251 2665 5294 tamen
2710 5242 2892 5294 multis
2927 5250 3083 5310 urget
3115 5243 3165 5293 in
3209 5242 3480 5300 eamdem,
3522 5250 3581 5294 ut
3617 5259 3725 5297 non

2139 5314 2308 5379 possit
2337 5325 2460 5364 esse
2494 5312 2746 5364 mendum
2777 5311 3005 5364 librarii.
3045 5310 3183 5364 Velit
3212 5310 3352 5364 forte
3380 5312 3722 5382 μυροφόρον·

2136 5397 2164 5433 a
2202 5383 2374 5451 prima
2424 5390 2543 5448 post
2573 5396 2791 5435 crucem
2813 5423 2828 5445 ,
2863 5400 2925 5434 ac
2966 5396 3089 5435 vera
3123 5382 3417 5451 unctione,
3444 5395 3587 5451 ante
3615 5385 3727 5436 sri-

2135 5449 2261 5506 licet
2294 5452 2741 5516 tumulatiooem,
2775 5456 2826 5504 in
2872 5466 2977 5519 qua
3013 5467 3119 5505 non
3162 5450 3396 5504 drfuerit
3436 5449 3495 5505 S.
3541 5450 3728 5507 Mariae

2134 5535 2319 5591 opera,
2349 5521 2503 5587 cujus
2527 5523 2797 5590 pra-cipue
2821 5521 3062 5583 hortatu,
3088 5520 3369 5575 Nieodetn.
3413 5534 3470 5574 et
3496 5520 3725 5589 .lnseplt,

2138 5596 2216 5647 sie
2260 5591 2483 5645 lteiiiino
2521 5602 2982 5659 parentaverunt,
3031 5602 3094 5645 ut
3138 5594 3488 5660 prosequitur
3540 5605 3730 5647 noster

2141 5662 2406 5732 Georgius
2426 5664 2637 5733 ,_citata
2667 5670 2819 5733 orat.
2848 5662 2905 5733 in
2948 5662 3102 5727 illud,
3152 5659 3376 5718 Stabant
3402 5661 3569 5733 juxta
3602 5678 3724 5718 cru-

2141 5751 2271 5802 cem,
2291 5729 2410 5789 'etc.
2436 5729 2669 5802 Gregor.
2700 5732 2979 5803 Antiucb.,
3005 5742 3117 5793 etc.
