3948 6162
220 235 358 305 1501

874 245 958 307 ΙΝ
996 246 1102 308 SS.
1143 248 1409 309 MARL‘E
1445 249 2002 313 ASSISTENTIAM
2040 250 2123 313 ΙΝ
2163 247 2572 324 SEPULCRO,
2614 248 2778 309 ETC.

3349 243 3489 313 1502

216 351 566 422 σκυθρωπῶν
594 351 854 407 κοινωνὸν
880 353 959 425 τῷ
990 354 1105 426 Υίῷ
1139 357 1463 428 γενομένην,
1516 357 1685 429 μόνην
1708 358 1799 412 καὶ

1909 357 2338 413 innumerabiles
2367 354 2639 427 passionis
2664 366 2916 424 perpessa
2940 360 3087 409 esset
3116 352 3350 422 gladios.
3382 353 3486 408 Par

212 445 314 515 τῆς
348 441 503 508 θείας
527 443 746 516 ἐκείνης
769 445 1184 517 προαπολαῦσαι
1223 446 1510 519 θυμηδίας.

298 624 464 680 Ἀλλά
496 627 581 691 τίς
608 626 674 681 ἂν
708 628 893 699 νόησις
919 630 1020 700 τὴν
1051 629 1484 701 παραδεχθετσαν
1521 630 1660 702 αὐτῇ
1690 649 1792 684 κα-

210 718 612 790 ταστοχάσαιτό
642 737 763 785 σου,
788 721 1038 774 Δέσποτα
1060 762 1077 787 ,
1107 721 1296 791 δόξαν;
1322 724 1407 787 τίς
1431 722 1503 777 τά
1532 724 1796 794 ἀμήχανά

212 826 309 862 σου
336 810 513 880 κάλλη
535 811 702 883 νοερά
733 814 1092 883 κατανοήσειε
1120 813 1307 882 φύσις,
1337 816 1479 885 ἇπερ
1501 814 1579 878 ὡς
1607 815 1795 887 Μητρὶ

211 900 621 971 διανεκάλυψας
666 902 826 971 τότε;
866 905 931 957 Ὢ
966 906 1055 957 οἵα
1089 906 1387 977 φαιδρότης
1427 906 1604 978 ταύτῃ
1656 925 1793 960 κατ-

211 991 421 1063 εφάνης
442 994 454 1047 l
487 992 597 1064 Οἴῳ
623 993 670 1047 δ’
696 993 860 1066 ἔρωτι
884 995 983 1065 τὴν
1002 996 1181 1050 κτίσιν
1202 996 1505 1065 τηνικαῦτα
1525 997 1798 1070 κατελάμ-

213 1100 429 1152 πρυνας
457 1083 709 1137 ἆπασανῐ
746 1085 847 1156 Οἴᾳ
873 1089 1184 1156 φωτοφανεῖ
1212 1086 1311 1160 θέᾳ
1338 1091 1451 1151 τοῖς
1476 1090 1795 1159 ἐγκοσμίοις

210 1171 436 1242 ὤφθηςι
480 1173 578 1227 Οἴα
612 1175 706 1227 τοῦ
741 1175 913 1243 ἡδέως
961 1176 1213 1240 ἐκείνου,
1266 1178 1360 1230 καὶ
1405 1180 1648 1249 κήρυκος
1692 1179 1794 1248 τῆς

210 1263 564 1327 ἀναστάσεως
619 1265 918 1335 γενομένου
971 1267 1198 1337 σεισμοῦ
1251 1268 1451 1320 εὐωδία
1498 1268 1569 1321 τὰ
1617 1269 1795 1323 πάντα

210 1355 562 1411 διέπνευσενί
614 1352 715 1412 Οἷα
744 1360 814 1413 τὰ
861 1361 1008 1433 μύρα
1053 1378 1148 1415 σου
1188 1361 1283 1415 τοῦ
1314 1363 1587 1417 ἀκενώτου
1621 1364 1794 1434 μύρου

211 1447 713 1522 ὑπερϐλύσαντοςή
738 1452 811 1521 γῆ
834 1451 1105 1506 ἀνέδωκεν
1127 1456 1140 1507 !
1182 1455 1245 1507 Ὢ
1274 1455 1393 1517 πῶς
1420 1456 1501 1519 εἰς
1529 1455 1590 1508 τὸ
1616 1456 1798 1509 καινό-

207 1556 368 1609 τερον
416 1542 448 1610 ή
486 1541 751 1612 σύμπασα
778 1544 904 1597 τότε
952 1545 1354 1617 μετεμορφώθη
1403 1546 1792 1617 διακόσμησιςι

208 1630 337 1694 Πῶς
370 1632 508 1701 πρὸς
544 1632 606 1684 τὸ
638 1632 1040 1704 εὐρυθμότερον
1076 1636 1484 1708 μετεσκευάσθη
1518 1639 1793 1708 στοιχείας

1897 457 2040 512 erat.
2070 458 2129 503 ut
2156 463 2278 518 quae
2311 449 2427 502 sola
2477 447 2717 501 tristium
2766 444 2907 499 Filio
2935 445 3084 500 socia
3120 444 3339 513 fuisset,
3371 445 3482 500 θοι..

1897 553 2112 607 quoque
2142 539 2293 606 prior
2321 536 2575 591 omnibus
2603 535 2935 603 voluptatem
2974 535 3125 589 illam
3152 534 3481 605 perciperet.

1968 626 2256 682 Enimvero
2303 626 2555 696 quisnam
2602 625 2821 679 animus
2874 633 3078 678 tantam
3125 624 3274 678 illam
3320 639 3482 694 quam

1895 719 2158 788 suscepit,
2186 717 2434 783 Domine,
2461 724 2610 770 tuam
2646 715 2872 785 gloriam
2896 757 2911 782 ,
2945 713 3221 784 conjicere
3262 716 3440 771 Valeat
3460 717 3485 766 τ

1896 808 2151 876 Quaenam
2215 824 2343 864 vero
2404 808 2786 863 intellectualis
2858 817 3092 872 natura,
3159 807 3481 862 immensam

1898 901 2042 954 illam
2080 900 2575 971 pulchritudinem,
2620 915 2783 971 quam
2836 899 2984 953 velut
3018 897 3175 953 Matri
3212 908 3343 955 tunc
3401 914 3485 952 re-

1901 992 2115 1058 velasti,
2177 992 2453 1047 intellectu
2507 991 2843 1061 perspiciat?
2878 991 2922 1046 Ο
2977 1001 3178 1060 quanta
3221 991 3268 1046 ei
3298 990 3481 1045 laetitia

1898 1083 2231 1153 apparuisti!
2278 1083 2492 1150 Quanta
2528 1099 2656 1138 vero
2688 1083 2806 1136 luce
2834 1123 2849 1146 ,
2886 1092 3067 1135 creata
3120 1083 3372 1137 universa
3427 1081 3478 1136 id

1900 1174 2160 1242 temporis
2210 1173 2524 1228 illustrasti!
2557 1173 2710 1239 Quali
2767 1173 3033 1228 lnminoso
3063 1183 3287 1241 aspectu
3331 1173 3480 1226 visus

1897 1280 1956 1318 es
2007 1265 2190 1318 mundi
2229 1265 2439 1319 civibus
2479 1266 2492 1318 ι
2523 1263 2710 1329 Qualis
2751 1266 2923 1319 dulcis
2956 1265 3099 1320 illius
3127 1280 3191 1341 ac
3221 1264 3484 1334 praeconis
3510 1260 3529 1273 ¹
3580 1260 3601 1273 ⁸

1900 1356 2316 1410 resurrectionis
2366 1362 2707 1410 terraetnolus
2770 1355 3067 1425 fragrantia
3124 1355 3305 1408 omnia
3362 1369 3484 1423 per-

1898 1448 2155 1516 spiravit!
2188 1447 2378 1514 Qualia
2411 1457 2683 1517 unguenta
2713 1488 2727 1513 ,
2774 1444 3100 1502 inexhausto
3131 1454 3224 1521 tuo
3258 1446 3349 1501 illo
3380 1462 3481 1499 un-

1899 1547 2098 1609 guento
2130 1539 2284 1606 copia
2314 1554 2477 1609 supra
2515 1539 2735 1593 modum
2769 1538 3101 1593 scaturiente
3123 1578 3140 1603 ,
3188 1546 3332 1591 terra
3362 1535 3477 1591 red-

1900 1628 2065 1683 didit!
2118 1627 2163 1684 Ο
2197 1629 2470 1699 quomodo
2551 1629 2605 1682 iu
2660 1645 2851 1682 novam
2901 1628 3193 1698 quamdam
3253 1624 3484 1693 speciem

209 1722 338 1784 Πῶς
365 1724 394 1774 ὁ
418 1696 526 1794 ἀὴρ
549 1726 670 1786 ταῖς
694 1696 957 1795 γαλήναις
978 1696 1384 1795 καὶ-γλυκείαις
1406 1696 1793 1800 κατεκοσμήθη

1906 1720 2159 1775 universa
2198 1736 2380 1775 rerum
2417 1720 2727 1775 distributio
2779 1730 2904 1773 tunc
2945 1718 3206 1788 temporis
3258 1714 3481 1771 transil-

207 1812 531 1880 διαπνοαῖςς
571 1816 705 1869 Τίνα
738 1817 807 1871 τὰ
836 1817 928 1870 τοῦ
975 1818 1140 1889 χοροῦ
1179 1819 1285 1873 τῶν
1319 1821 1567 1891 ἀστέρων
1609 1821 1795 1874 διανα-

207 1905 468 1958 τείλαντα
498 1906 707 1977 κάλλης
736 1902 858 1960 Οἷαι
884 1907 994 1960 τῶν
1039 1907 1281 1978 ἡλιακῶν
1312 1910 1548 1962 ἀκτίνων
1574 1909 1797 1979 διαυγέ-

209 2011 404 2065 στεραι
435 1996 588 2067 βολαί
605 1998 618 2051 !
653 1999 749 2060 Τίς
777 1999 810 2067 ἡ
840 1998 937 2068 τῆς
958 1999 1210 2069 οὐρανίου
1231 2000 1648 2071 διακοσμήσεως
1672 2018 1799 2073 τερ-

210 2088 446 2157 πνότηςῐ
491 2089 586 2152 Τίς
617 2091 650 2159 η
683 2090 793 2143 τῶν
821 2092 1070 2159 ἀγγέλων
1115 2093 1606 2165 συγκεκροτημένη
1632 2110 1793 2165 χορο-

206 2178 439 2233 στασίαι
471 2181 566 2244 Τίς
590 2183 618 2233 ὁ
647 2182 778 2251 ἡδὺς
817 2182 998 2237 αὐτῶν
1037 2183 1134 2252 τῆς
1172 2184 1486 2253 δοξολογίας
1516 2181 1693 2256 ἦχοςί
1732 2187 1798 2238 Ὢ

204 2270 352 2332 οἵαις
368 2273 489 2335 τατς
508 2271 680 2335 θείαις
701 2275 1058 2343 ἐνωραῖζοντο
1076 2275 1200 2328 τότε
1224 2275 1605 2349 λαμπρότησιν
1625 2278 1638 2331 ι
1664 2278 1797 2332 Οίαν

204 2362 256 2413 οἱ
308 2361 409 2430 τῆς
455 2363 554 2430 σῆς
596 2361 866 2434 ἐγέρσεως
910 2366 1152 2436 κήρυκες
1194 2367 1539 2438 περιέκειντο
1569 2369 1796 2438 φαιδρό-

204 2468 349 2521 τητα
374 2454 387 2506 !
409 2452 542 2507 υίαν
560 2455 660 2524 τὴν
688 2455 979 2524 ὁραθεῖσαν
1008 2456 1170 2520 δόξαν
1208 2459 1605 2531 καὶ·καλλονὴν
1634 2449 1796 2530 παρέ-

207 2542 458 2609 έδειξανι
508 2545 571 2597 ’Ὠ
603 2545 798 2613 φωνῶν
849 2548 943 2600 καὶ
983 2546 1157 2616 λόγων
1204 2550 1432 2605 ἐκείνων
1499 2551 1608 2605 τῶν
1654 2553 1799 2607 κατά

202 2637 306 2689 τοῦ
352 2638 616 2706 πολεμίου
663 2640 1025 2708 μηνυσάντων
1063 2642 1223 2716 νίκην
1246 2659 1261 2676 ο
1290 2643 1402 2697 τῶν
1439 2646 1796 2714 κηρυξάντων

205 2727 312 2799 τὴν
342 2731 437 2783 τοῦ
474 2730 708 2783 θανάτου
761 2732 1087 2786 κατάλυσιν’
1116 2734 1228 2788 τῶν
1276 2735 1374 2806 τὴν
1429 2736 1577 2808 ζωήν
1611 2754 1670 2791 σε
1703 2738 1798 2792 καὶ

206 2819 510 2874 ἀνάστασιν
538 2822 649 2884 τοῖς
692 2825 959 2891 ἐπιγείοις
987 2824 1531 2896 εὐαγγελιζομένωνί
1571 2829 1634 2882 ’Ὠ
1664 2828 1797 2896 γλυη

206 2910 367 2975 κείας
391 2912 487 2965 καὶ
511 2912 840 2981 ὑπερέκεινα
864 2915 1061 2980 παντὸς
1091 2917 1286 2985 ἐφετοῦ
1319 2907 1505 2988 φωνῆ⁶ς
1536 2936 1629 2973 σου
1697 2920 1795 2990 τῆς

1899 1820 2092 1883 gurata
2150 1812 2262 1867 est!
2300 1811 2589 1878 Quomodo
2622 1810 2894 1865 elementa
2937 1808 3481 1877 incompositiorem

1899 1904 2184 1974 quemdam
2227 1903 2475 1958 ordinem
2513 1902 2795 1957 demutata
2834 1901 2992 1955 stmt!
3047 1900 3332 1966 Quomodo
3386 1912 3483 1951 aer

1897 1988 2101 2052 sedatis
2142 1996 2496 2064 dulcibusque
2556 2002 2782 2047 ornatus
2815 2005 2899 2048 est
2947 1991 3199 2046 ﬂatibus!
3234 1990 3480 2059 Quantus

1898 2088 2079 2143 oriens
2113 2086 2277 2141 decor
2310 2084 2467 2159 c‘hori
2498 2083 2818 2139 stellarum!
2857 2082 3058 2149 Quales
3089 2082 3350 2135 solarium
3389 2093 3480 2132 ra-

1901 2179 2112 2233 diorum
2149 2176 2723 2244 lucidissimi-jactus!
2780 2175 3036 2240 Quaenam
3074 2183 3228 2242 grata
3266 2171 3479 2238 species

1900 2269 2142 2324 cmlestis
2193 2267 2452 2323 ornatus!
2492 2267 2624 2334 Quis
2678 2275 2860 2320 tantus
2895 2254 3209 2334 angelorum
3257 2272 3479 2323 coaetus

1898 2364 2098 2418 chorus
2127 2376 2192 2416 ac
2230 2359 2568 2429 tripudium!
2608 2358 2741 2436 Quis
2776 2373 2962 2414 eorum
3007 2356 3330 2409 laudatioais
3354 2369 3482 2407 sua-

1898 2455 1980 2511 vis
2031 2456 2230 2509 sonus!
2271 2451 2316 2510 0
2355 2452 2608 2522 qualibus
2645 2461 2774 2506 tunc
2809 2450 3239 2504 venustabantur
3277 2447 3479 2501 divinis

1900 2546 2311 2618 Splendoribusl
2370 2544 2545 2613 Quam
2596 2555 2701 2597 tua}
2739 2541 3158 2597 resurrectionis
3196 2538 3476 2608 praecenes

1900 2638 2075 2694 induti
2114 2648 2273 2692 erant
2301 2636 2584 2691 laetitiam!
2625 2636 2847 2701 Qualem
2884 2633 3276 2695 ostenderunt,
3313 2643 3475 2700 quam

1898 2732 2124 2803 gloriam
2209 2744 2273 2784 ac
2317 2728 2553 2799 speciem
2601 2726 2889 2781 viderant!
2949 2723 2994 2779 0
3029 2738 3188 2778 voces
3235 2721 3355 2776 illas
3412 2735 3478 2774 ac

1897 2838 2178 2879 sermones
2212 2835 2401 2877 eorum
2426 2859 2443 2885 ,
2476 2820 2568 2889 qui
2620 2818 2864 2873 victoriae
2903 2819 2970 2873 de
2999 2818 3154 2873 hoste
3189 2824 3480 2885 reportatae

1899 2916 2071 2972 nuntii
2109 2915 2352 2971 fuerunt!
2399 2913 2489 2982 qui
2520 2911 2955 2982 prmdieaverunt
2979 2919 3307 2977 prostratam
3339 2923 3480 2961 mor-
3532 2904 3547 2916 ”

207 3001 313 3073 τὴν
342 3003 519 3074 χαρὰν
549 3004 624 3074 τῷ
655 3005 849 3076 κόσμῳ
889 3006 978 3060 διὰ
1016 3008 1124 3062 τῶν
1159 3011 1486 3083 μυροφόρων
1515 3013 1792 3083 ἐνηχησά-

1906 3016 2063 3074 lem;
2111 3006 2204 3075 qui
2275 3006 2441 3060 vitam
2494 3013 2547 3058 te
2597 3018 2662 3056 ac
2741 3001 3192 3056 resurrectionem
3246 2998 3480 3051 terrenis

210 3111 352 3164 σης·
405 3100 507 3169 τῆς
554 3098 621 3151 τὰ
676 3097 898 3169 λυπηρᾶ
944 3101 1044 3172 τῆς
1098 3103 1375 3173 ἁμαρτίας
1422 3104 1794 3177 διαρῤηξάσης

207 3185 407 3256 δεσμά’
448 3190 547 3258 τῆς
584 3189 931 3259 εὐφροσύνην
965 3183 1087 3256 tati;
1133 3192 1239 3245 τῶν
1288 3195 1544 3250 ἁπάντων
1579 3198 1795 3267 ἐνοικη-

211 3278 387 3348 σάσης
415 3278 630 3343 ἀκοαῖς.
665 3281 813 3335 Ἔδει
840 3283 949 3353 γὰρ
985 3284 1085 3355 τὴν
1110 3285 1444 3356 αὐτοχαρὰν,
1484 3288 1582 3341 καὶ
1620 3287 1799 3360 θυμη-
1846 3342 1853 3351 ,

210 3367 334 3422 δίαν
357 3370 587 3442 τοιούτῳ
613 3373 1042 3444 προκηρύγματι
1065 3379 1130 3447 τῇ
1149 3376 1257 3428 τῶν
1281 3378 1378 3430 ἀνθ
1388 3376 1587 3449 ρώπων
1612 3395 1798 3449 προοι-

212 3458 520 3529 μιάσασθαι
563 3460 775 3532 κλήσει,
807 3462 1035 3534 τοιούτῳ
1066 3468 1356 3535 περιχαρεί
1379 3467 1798 3537 προσφθέγματι

208 3550 329 3611 τοίς
356 3547 434 3617 τῷ
465 3549 695 3620 λυπηρῷ
727 3552 826 3623 τῆς
861 3554 1136 3624 ἁμαρτίας
1162 3555 1504 3625 ἐνεχομένοις
1535 3558 1798 3629 ἐπιτιμίῳ

210 3640 623 3725 προσομιλῆσαι
673 3643 919 3705 τοιαῦτα,
954 3646 1175 3716 καὶτῆς
1209 3646 1533 3717 παρουσίας,
1569 3648 1663 3702 καὶ
1695 3648 1797 3719 τῆς

211 3730 537 3799 εὐεργεσίας
567 3748 661 3784 σου
692 3733 1027 3805 προδραμεῖν
1055 3735 1386 3806 Εὐαγγέλια.
1438 3738 1798 3810 Ἐσκίρτησεν

210 3822 248 3894 η
282 3823 550 3893 σύμπασα
577 3824 777 3891 κτίσις.

289 4103 423 4156 Τότε
473 4103 804 4159 διεπέτασαν
853 4109 902 4161 oi
940 4108 1159 4179 οὐρανοὶ
1188 4108 1287 4170 τὰς
1336 4109 1546 4175 πύλας,
1589 4112 1682 4165 καὶ
1723 4108 1798 4177 ὥς

216 4193 359 4247 ίδέαν
385 4195 483 4265 τὴν
514 4195 624 4247 τῶν
656 4197 860 4267 γηΐνων
899 4197 1236 4265 εἰσεδέξαντο
1270 4200 1553 4268 ἀγγελίαν.
1603 4202 1803 4270 Ἥγαλ-

212 4283 480 4338 λιάσαντο
513 4288 568 4338 αἱ
592 4288 781 4356 vespa!
804 4286 1087 4358 δυνάμεις,
1117 4290 1211 4343 καὶ
1236 4294 1301 4360 τῇ
1332 4291 1647 4363 ἀνθρωπίνῃ
1680 4311 1802 4347 συν-

1903 3097 2377 3170 evangelizarunt!
2412 3093 2457 3151 Ο
2487 3094 2700 3150 dulcem
2726 3133 2741 3159 ,
2789 3109 2853 3147 ac
2882 3109 3043 3163 supra
3075 3105 3237 3145 omne
3267 3089 3480 3144 deside-

1904 3187 2128 3244 rabilem
2158 3202 2339 3243 vocem
2361 3197 2504 3242 tuam
2529 3189 2543 3240 ι
2579 3201 2696 3256 quae
2716 3200 2810 3254 per
2838 3182 3246 3253 unguentifcras
3288 3180 3481 3235 nudie-

1906 3296 1991 3334 res
2021 3281 2272 3350 gaudium
2309 3279 2551 3335 insonuit
2608 3278 2807 3331 mundo
2841 3296 2854 3331 :
2894 3291 3015 3346 qua:
3064 3275 3239 3328 tristia
3289 3271 3480 3325 mortis

1905 3371 2137 3440 disrupit
2167 3371 2412 3437 vincula;
2459 3386 2580 3441 quae
2609 3370 2849 3424 omnium
2895 3366 3118 3434 auribus
3155 3363 3474 3432 jucuudila-

1907 3475 2013 3519 tem
2069 3464 2316 3519 immisit.
2359 3462 2657 3532 Oportebat
2708 3463 2853 3517 enim
2912 3461 3083 3531 ipsum
3122 3471 3217 3527 per
3262 3472 3320 3511 se
3350 3471 3484 3527 gau-

1905 3556 2052 3609 dium
2085 3569 2149 3608 ac
2177 3555 2608 3624 juctmditatem,
2660 3553 2861 3624 praevia
2913 3550 3180 3621 ejusmodi
3219 3547 3482 3618 praedica-
3560 3576 3579 3585 —

1908 3647 2073 3712 tione,
2099 3647 2378 3700 hominum
2407 3644 2574 3699 ordiri
2613 3645 2952 3699 vocationem
2987 3660 2999 3694 :
3029 3641 3292 3707 ejusmodi
3326 3640 3482 3706 plena

1907 3738 2088 3808 gaudii
2140 3736 2556 3807 compellatione
2578 3775 2595 3802 ,
2630 3751 2724 3808 eos
2755 3735 2933 3801 affari,
2963 3734 3055 3803 qui
3094 3731 3236 3786 tristi
3274 3728 3481 3799 peccati

1904 3806 2061 3885 reatu
2097 3806 2459 3883 tenebantur:
2494 3837 2553 3883 ut
2586 3806 2710 3881 talia
2741 3830 3010 3881 adventus
3042 3824 3115 3877 ιιιί
3138 3838 3203 3876 ac
3229 3821 3481 3876 beneficii

1909 3928 2306 3990 praecurrerent
2337 3917 2512 3974 fausta
2549 3918 2755 3972 nuntia.
2790 3913 3050 3984 Tripudio
3079 3911 3296 3983 gestivit
3326 3925 3486 3965 crea-

1911 4021 2026 4065 tura
2055 4010 2255 4066 omnis.

1979 4102 2131 4157 Tunc
2153 4102 2276 4157 eteli
2309 4110 2638 4171 aperuerunt
2663 4111 2870 4169 portas.
2902 4114 2965 4153 ac
2998 4097 3148 4152 velut
3176 4094 3480 4167 propriam,

1910 4202 2248 4247 terrenarum
2312 4192 2649 4246 admiserunt
2688 4189 3179 4244 annuntiatimtem.
3230 4188 3485 4242 Exsulta-

1912 4297 2038 4341 ruut
2090 4285 2363 4353 spiritales
2413 4284 2641 4338 virtutes
2669 4322 2683 4347 ,
2723 4283 2950 4351 parique
3004 4299 3125 4336 cum
3163 4279 3479 4335 hominibus

212 4376 480 4444 ηδὸμεναι
523 4375 800 4448 θυμηδίᾳ,
834 4380 1018 4449 κοινὴν
1055 4381 1152 4450 τὴν
1190 4382 1665 4454 ὑπερευφρόσννον
1704 4402 1798 4454 χο-

1906 4376 2242 4447 jucuuditate
2272 4377 2592 4446 gaudentes,
2626 4376 2919 4444 tripudium
2956 4375 3100 4427 onini
3136 4375 3307 4442 majus
3341 4370 3482 4428 laeti-

216 4470 376 4537 ρείαν
407 4468 813 4537 ἐπεκρότηταν.
876 4471 1255 4542 Κατελάμφθη
1292 4474 1630 4544 τηνικαῦτα,
1665 4476 1694 4529 ὅ
1738 4493 1800 4528 τε

214 4557 410 4626 νοητὸς
453 4560 546 4610 καὶ
572 4560 601 4612 ὁ
639 4558 894 4630 αἰσθητὸς
927 4561 1151 4634 κόσμος.
1205 4563 1552 4636 Διηλάθησαν
1590 4568 1657 4620 ὲκ
1693 4566 1803 4621 τῶν

214 4647 475 4717 περάτων
516 4649 757 4719 ἀθυμίας
800 4652 971 4725 νέφη,
1022 4653 1118 4707 καὶ
1164 4654 1431 4725 εὐθυμίας
1470 4657 1688 4721 ἀκτῖνες
1736 4659 1806 4712 τά

214 4739 401 4790 πάντα
443 4738 885 4812 περιειλήφασιν.
945 4741 1203 4815 Ἐξεδὺοη
1247 4745 1306 4798 τὺ
1337 4748 1582 4817 κατηφὲς
1625 4749 1659 4819 ἡ
1704 4766 1805 4803 κα-

213 4827 482 4898 τάκριτος
514 4828 677 4905 φύσις
704 4870 719 4892 ,
772 4831 865 4883 καὶ
910 4831 1009 4902 τὴν
1053 4833 1147 4884 τοῦ
1188 4834 1365 4901 φωτὸς
1415 4837 1806 4907 περιεϐάλλετο

215 4918 440 4988 στολήν.
502 4922 794 4993 Διεσχίσθη
850 4923 911 4976 τὸ
962 4923 1065 4994 τῆς
1112 4927 1360 4998 κατάρας
1416 4928 1802 5000 χειρόγραφοψ

213 5009 474 5079 εὐλογίας
506 5012 931 5084 ἀντεγράφησαν
965 5017 1310 5087 ἐπαγγελίαι·
1357 5022 1534 5074 πάντα
1576 5021 1651 5092 τῷ
1685 5040 1807 5095 καιτ

215 5103 427 5172 νοποιῷ
452 5105 546 5156 τοῦ
579 5105 823 5171 ΧαΙρετε
853 5107 1316 5179 προσφθέγματος
1340 5112 1435 5181 τῆς
1463 5112 1686 5183 ἡδίστης
1714 5112 1807 5165 καὶ

214 5196 508 5267 ἁδιαδόχου
550 5214 643 5250 σου
676 5196 1035 5269 πεπλήρωται
1060 5202 1258 5271 χαρᾶς.
1295 5202 1457 5273 Αὐτῷ
1491 5204 1807 5275 ἀγαλλίαμα

216 5288 334 5359 γὰρ
390 5284 509 5361 ἦν
535 5289 635 5360 leg.
673 5292 834 5354 αὐτὸς
884 5292 996 5362 γὰρ
1038 5288 1111 5364 εἰ]
1168 5293 1508 5365 εὐφροσύνης
1552 5297 1805 5368 chriam,

218 5381 320 5434 καὶ
353 5383 531 5453 κῆρυξ
554 5386 648 5436 καὶ
678 5384 847 5448 αἴτιος
868 5426 882 5451 ,
913 5385 1138 5453 ἀγαθῶν
1169 5389 1469 5457 ποιητικὸ;,
1504 5390 1598 5442 καὶ
1630 5389 1809 5461 θυμη-

216 5473 343 5537 δίας
374 5475 710 5547 παρεκτικὸς
732 5517 745 5537 ,
783 5476 896 5549 ζωὴ
914 5520 928 5542 ,
966 5479 1060 5531 καὶ
1087 5479 1383 5542 ἀνάστασις
1403 5520 1418 5545 ,
1458 5482 1552 5534 καὶ
1578 5483 1811 5551 ἀναφαί-

223 5582 384 5639 ρετον
417 5567 870 5640 ἐγκαλλώπισμα.
912 5569 1033 5633 Φῶς
1062 5567 1235 5640 γλυκὺ
1259 5611 1274 5637 ,
1310 5572 1405 5625 καὶ
1435 5572 1810 5645 ὑπερπόθητον

218 5664 408 5737 θέαμα
429 5679 442 5693 ·
474 5664 688 5738 γαλήνη
719 5665 1005 5738 νοουμένη,
1039 5665 1132 5721 καὶ
1155 5667 1347 5739 εἰρήνη
1372 5668 1806 5740 παραγινομένηο

1910 4471 1982 4523 lia
2032 4478 2347 4539 coegerunt.
2384 4466 2643 4521 Perfusus
2696 4474 2780 4518 est
2825 4465 3030 4518 lumine
3060 4479 3182 4519 cum
3223 4462 3489 4532 spiritalis

1907 4564 2161 4625 mundus,
2200 4571 2309 4613 tum
2363 4558 2598 4613 sensilis.
2638 4556 2814 4612 Pulsa:
2846 4566 2974 4610 sunt
3013 4562 3080 4609 ab
3111 4555 3258 4610 o'rbis
3290 4554 3490 4609 ﬁnibus

1907 4654 2179 4709 maestitia:
2227 4653 2446 4719 nubes;
2490 4652 2689 4707 laetitia:
2711 4652 2845 4705 radii
2893 4651 3073 4706 omnia
3126 4660 3485 4727 occuparunt.

1904 4747 2106 4802 Natura
2160 4760 2251 4800 rea
2287 4745 2530 4799 habitum
2593 4745 2870 4799 mmstitize
2912 4746 3103 4811 exuit,
3149 4760 3213 4798 ac
3267 4744 3489 4799 luminis

1906 4839 2083 4894 induit
2129 4841 2349 4893 stolam.
2393 4837 2702 4907 Disruptum
2739 4847 2819 4892 est
2861 4839 3262 4892 maledictioms
3300 4837 3488 4890 chiro-

1909 4933 2197 5002 grapltttm,
2229 4932 2459 5001 ejusque
2492 4930 2613 4985 loco
2664 4931 3116 5000 repromissiones
3160 4929 3489 4996 conscriptae

1908 5036 2055 5082 sunt.
2087 5023 2279 5079 Omnia
2301 5064 2319 5089 ,
2360 5039 2498 5077 nova
2533 5023 2621 5077 illa
2653 5024 2799 5077 vocis
2828 5021 2985 5075 Avele
3020 5020 3441 5089 compellatione
3466 5059 3482 5084 ,

1909 5116 2223 5171 dulcissimo
2258 5127 2349 5170 tuo
2374 5132 2438 5170 ac
2473 5113 2819 5176 indefectibili
2858 5113 3052 5182 gaudio
3083 5122 3211 5165 sunt
3242 5113 3483 5180 impleta.

1908 5206 1987 5263 Tu
2028 5209 2171 5262 etiim
2204 5208 2372 5263 totius
2401 5206 2602 5261 laetitia:
2657 5205 2950 5259 exsultatio
2977 5220 3036 5259 es
3057 5245 3070 5270 ,
3107 5219 3393 5275 praet-aque
3420 5218 3487 5260 ac

1909 5313 2111 5363 causa;
2146 5299 2407 5353 bonorum
2440 5295 2779 5357 conciliatio,
2813 5311 2875 5348 ac
2899 5295 3256 5364 jncumlitatis
3288 5294 3487 5362 praebi-

1912 5391 2020 5454 tiu;
2057 5392 2185 5457 vita,
2223 5399 2275 5442 et
2307 5389 2659 5452 resurrectio,
2686 5388 3048 5458 gleriatioqne
3079 5385 3441 5440 inauferibilis
3467 5403 3486 5441 :

1912 5482 2066 5536 dulce
2094 5482 2296 5545 lumen,
2333 5496 2397 5535 ac
2430 5482 2796 5550 spectaculum
2828 5496 2992 5549 supra
3027 5482 3242 5533 modum
3273 5478 3490 5531 deside-

1914 5554 2127 5628 rabile;
2183 5573 2547 5643 tranquillitas
2585 5582 2769 5628 mente
2802 5582 3096 5641 concepta,
3138 5585 3353 5641 paxque
3389 5570 3495 5624 ads

1916 5666 2134 5723 veniens
2162 5678 2176 5719 :
2207 5667 2320 5735 ipsa
2354 5680 2449 5735 per
2475 5679 2535 5721 se
2557 5664 2822 5736 sapientia
2844 5704 2861 5732 ,
2887 5679 2950 5720 ac
2984 5664 3180 5736 virtus,
3213 5661 3488 5720 submini—
