3948 6162
202 340 340 407 15(5

1084 335 1171 401 ΪΝ
1212 341 1319 403 SS.
1358 340 1594 401 MART.
1634 338 1942 401 COSMAM
1979 337 2076 398 ET
2116 334 2549 397 DAMIANUM.

3325 336 3467 404 1535

199 454 305 523 γάρ
354 450 634 521 φιλοθεΐας
663 453 1029 522 εὐγνωμόνως
1071 453 1518 522 διανάὁέὗηκας,
1565 454 1641 517 ὡς
1693 455 1787 508 καὶ

1897 452 2061 505 bitate
2108 451 2273 504 animi
2325 450 2618 519 provexisti
2648 489 2664 513 ,
2719 460 2772 503 ut
2821 457 2876 503 et
2923 449 3159 505 maxima
3212 454 3471 521 consequi

197 544 304 598 τῶν
342 544 621 613 μεγίστων
656 548 845 613 τυχεῖν
886 544 1143 611 ἐφίεσθαι
1168 582 1186 608 ,
1228 545 1325 597 καὶ
1369 545 1470 614 τῆς
1502 545 1788 614 ἀμηχάνου

197 636 405 690 τούτων
435 635 752 704 εὐφημίας,
797 634 1031 698 πολλοὺς
1082 636 1442 690 ἐκκαλεῖσθαι
1488 639 1628 707 πρὶς
1654 638 1791 690 ἀνά-

197 728 379 799 ληψιν.
406 729 498 780 Δεῖ
532 726 612 792 δὲ,
649 726 724 797 μὴ
752 728 854 796 τῆς
883 727 980 781 τοῦ
1013 730 1394 793 ἐπιτάττοντος
1420 730 1481 785 τὸ
1514 731 1791 802 ὑπερφυὲς

199 823 330 892 ἡμῖν
357 819 635 873 ἐννοοῦσιν
667 819 974 884 ἀξιώσεως,
1006 822 1109 892 τῆς
1138 822 1275 891 πρὸς
1305 822 1594 877 εὐσέϐειαν
1625 822 1791 876 αὑτοῦ

200 911 260 964 τὸ
288 907 451 982 ἦττον
503 910 926 980 ἀπενέγκασθαι
969 913 1348 982 προαιρέσεως
1377 929 1390 941 ·
1430 916 1703 985 παριστᾷν
1730 913 1794 967 δὲ

200 1003 297 1075 τὴν
325 1001 652 1074 εὐγνώμονα
672 1006 921 1075 γνώμην,
944 1006 993 1057 ει
1024 1006 1117 1057 καὶ
1145 1006 1322 1075 πάντη
1348 1006 1455 1060 τῶν
1485 1008 1604 1060 κατ’
1633 1007 1793 1072 ἀξίαν

202 1096 378 1165 λόγων
426 1090 541 1163 τῆξ
563 1097 849 1167 παρούσης
890 1098 1255 1167 ἐκπίπτοιμεν
1291 1098 1624 1160 ύποθέσεωςυ
1656 1098 1795 1153 ἀλλά

203 1190 298 1258 τῆς
339 1205 406 1250 γε
438 1186 534 1241 τοῦ
574 1188 933 1258 προτιθέντος
963 1190 1136 1259 αύτὴί
1187 1190 1261 1261 μὴ
1301 1190 1551 1244 άποδέειν
1582 1189 1793 1261 προθυ-

208 1279 353 1351 μίας.
390 1281 549 1349 Ἔχει
584 1280 683 1349 μὲν
729 1280 839 1351 γάρ
892 1282 992 1334 καὶ
1021 1282 1159 1352 αύτὴ
1202 1282 1264 1334 τὸ
1296 1282 1581 1353 διάπυρον,
1630 1282 1794 1352 ἔρωτι

200 1373 306 1425 τῶν
336 1353 563 1440 ἀγαθῶν
609 1372 990 1444 ἐκκαιομένη,
1048 1374 1343 1443 κατέχεται
1393 1375 1450 1427 δέ
1478 1414 1492 1436 ,
1548 1374 1644 1427 καὶ
1692 1374 1795 1442 τῆς

202 1465 398 1533 φλογὸς
431 1465 821 1535 διαιρουμένης
852 1464 1061 1537 διύγρῳ
1093 1467 1202 1519 τινὶ
1251 1466 1506 1535 καθάπερ
1542 1466 1664 1538 ὕλῃ,
1701 1466 1794 1519 καὶ

203 1556 263 1610 τὸ
290 1555 658 1622 ἀδιεξόδευτον
693 1557 1111 1629 ἐπιπροσθούση
1136 1597 1152 1622 ,
1183 1558 1261 1627 τῷ
1294 1558 1406 1611 τῶν
1453 1560 1795 1628 πραγμάτων

205 1648 494 1717 ὑπερόγκῳ
528 1663 587 1699 τε
637 1646 754 1716 ἄμα
805 1649 899 1701 καὶ
950 1649 1095 1719 ὑπὲρ
1144 1650 1410 1719 δύναμιν·
1444 1653 1699 1717 πειρᾶται
1747 1649 1794 1702 δ’

203 1738 338 1806 ὀπῆς
379 1754 526 1800 τινος
582 1737 862 1806 λαϐομένη
883 1778 908 1802 ,
929 1739 1023 1791 καὶ
1050 1739 1173 1791 λίαν
1204 1738 1539 1802 σπουδαίως,
1575 1740 1652 1800 εἰς
1685 1755 1791 1806 φα-

1892 544 2102 611 cupias.
2129 542 2420 611 pluresque
2477 544 2530 598 iu
2565 543 2755 596 horum
2786 544 3026 598 virorum
3060 545 3342 612 perardua:
3370 546 3481 599 latt-

1892 634 2129 688 dationis
2174 635 2491 689 societatem
2541 635 2783 689 asciscas
2829 651 2894 690 ac
2956 650 3239 704 provoces.
3288 636 3481 706 Operm

1893 736 2072 780 autem
2106 727 2337 795 pretium
2375 728 2641 791 rideatur,
2677 739 2732 779 ut
2776 742 2844 781 ue
2874 727 3239 797 prmi-ipientis
3270 733 3482 799 magni-

1893 816 2051 872 ficam
2095 819 2411 885 petitionem
2445 819 2826 885 attendentes,
2869 820 2938 875 ab
2974 820 3091 888 ejus
3128 837 3225 876 nos
3268 823 3318 875 in
3373 824 3482 892 pie-

1896 920 2060 963 tatem
2104 926 2370 979 propensa
2420 910 2695 966 voluntate
2746 913 2889 966 vinei
2946 916 3235 982 patiamur,
3283 918 3378 970 sed
3425 924 3483 969 ut

1895 1003 2075 1070 potius
2102 998 2255 1067 probi
2290 1001 2456 1055 animi
2484 1003 2777 1057 candorem
2812 1004 3171 1060 exhibeamus
3193 1024 3208 1072 ;
3234 1018 3290 1060 ιιι
3313 1022 3483 1077 quan-

1894 1108 2055 1162 quam
2112 1093 2336 1145 omnino
2399 1094 2685 1163 condignis
2730 1096 3046 1150 exornaudo
3127 1100 3476 1152 sermonibus

1896 1194 2220 1253 argumento
2252 1184 2491 1254 impares
2521 1187 2713 1251 simus,
2749 1188 2889 1241 haud
2920 1197 3098 1243 tamen
3132 1193 3197 1241 ali
3223 1191 3339 1259 ejus
3385 1191 3481 1260 qui

1895 1272 2110 1338 rogavit
2143 1272 2311 1324 animi
2347 1271 2634 1327 alacritate
2681 1274 3020 1330 deficiamus.
3055 1276 3229 1332 liabet
3258 1280 3479 1347 quidem

1896 1370 1952 1415 et
1982 1360 2071 1414 ille
2102 1376 2259 1415 suum
2289 1361 2596 1428 fervorem,
2632 1366 2895 1419 bonorum
2922 1383 3110 1423 amore
3136 1384 3434 1425 succensus
3463 1388 3479 1425 :

1900 1462 2116 1506 tenetur
2148 1469 2296 1515 rem,
2349 1468 2447 1507 ceu
2504 1455 2724 1509 humida
2776 1457 3012 1524 quadam
3064 1463 3289 1515 tuateria
3328 1462 3483 1516 llam-

1897 1558 2040 1594 mam
2091 1543 2404 1607 dividente,
2451 1560 2514 1597 ac
2548 1559 2615 1598 ne
2649 1559 2898 1616 erumpat
2956 1551 3309 1619 impediente,
3351 1570 3484 1623 prae-

1900 1647 2093 1702 magna
2129 1649 2305 1687 rerum
2338 1636 2511 1699 mole,
2549 1646 2602 1690 et
2629 1654 2747 1705 qua:
2778 1641 3031 1694 iirtntem
3062 1645 3292 1697 excedat
3319 1663 3333 1699 :
3367 1657 3484 1701 tcu-

1898 1724 1989 1777 dat
2022 1734 2222 1787 tamen,
2249 1736 2305 1777 ιιι
2336 1725 2582 1782 foramen
2610 1729 3169 1799 aliqnudoceupans,
3199 1738 3484 1806 diligenter

205 1830 357 1900 νερὸν
418 1828 518 1899 τὴν
558 1828 684 1880 ητῶν
743 1832 861 1882 κατ’
923 1830 1189 1901 εὐπορίαν
1247 1829 1420 1898 λόγων
1477 1830 1784 1896 ἐξενεγκεῖν

1897 1818 2204 1883 admodum,
2260 1830 2317 1872 ut
2359 1836 2520 1888 quem
2572 1838 2669 1891 pro
2704 1825 2918 1879 direndi
2968 1826 3223 1883 facultate
3271 1832 3480 1886 radium

205 1921 414 1975 ἀκτῖνι.

272 2014 342 2066 Σὺ
391 2013 491 2083 μὲν
543 2009 636 2067 οὗν
668 2016 696 2067 ὁ
742 2012 877 2083 πρὸς
917 2012 1145 2076 τούτους
1184 2012 1531 2081 -ἐπαλείφιυν,
1573 2012 1786 2083 ἄριστε,

205 2105 342 2176 τάχα
384 2108 481 2171 τὰς
524 2107 779 2177 συνήθεις
809 2105 920 2158 τῶν
949 2106 1336 2176 ἐγκωμίων-υ·
1388 2106 1630 2177 προθεοοο
1665 2109 1789 2159 ἐπι-

205 2193 462 2267 ζητήσεις
488 2197 771 2266 αὐξήσεις,
801 2198 1143 2267 ἐπιδεικτικῇ
1170 2214 1277 2250 τινι
1327 2198 1621 2268 περιεργίᾳ
1659 2195 1787 2250 ταύ-

202 2303 296 2350 τας
341 2289 737 2359 προσαπαιτῶν
793 2287 1149 2359 ἐξαίρεσθαι·
1219 2290 1267 2341 οἱ
1318 2290 1363 2341 δ’
1414 2291 1493 2351 si;
1552 2290 1790 2343 ἐπαίνων

202 2380 457 2452 ἀφορμὴν
510 2380 921 2451 προτιθεμένων
959 2381 1071 2455 [Ion
1120 2382 1567 2454 προτιθέμενοιι,
1599 2382 1792 2452 ὥσπερ

203 2472 272 2526 τὰ
303 2474 629 2543 πράγματα,
660 2471 805 2528 οὕτω
834 2475 927 2526 καὶ
959 2473 1029 2527 τὰ
1062 2473 1129 2527 δι’
1177 2474 1359 2528 αὐτῶν
1400 2476 1791 2545 ἀπωθήσονται

207 2563 601 2634 περινοούμενα
630 2564 1108 2635 σεμνολογήματα.
1144 2560 1239 2629 Οἷς
1267 2566 1374 2636 γὰρ
1405 2567 1791 2637 προκειμένοις

205 2653 301 2707 οὐκ
327 2655 699 2727 ἐτέρφθησαν,
738 2656 885 2727 λόγῳ
908 2657 1500 2728 καθυποδεικνυμένοις
1517 2698 1533 2724 ,
1558 2662 1793 2730 νεμεσή-

209 2759 407 2799 σουσιν.
442 2746 566 2808 Πῶς
600 2746 644 2799 δ’
677 2746 776 2799 οὐκ
804 2746 871 2800 ἂν
902 2746 996 2801 καὶ
1030 2748 1255 2811 εἰκότως
1286 2751 1398 2811 τοῖς
1424 2749 1488 2802 ἐκ
1532 2748 1792 2819 πατρίδος

207 2835 425 2906 ἀγαθῶν
468 2838 757 2908 σεμνύνειν
805 2838 1036 2903 τούτους
1094 2844 1399 2910 ἐπιχειρεῖν
1440 2840 1789 2911 βουλομένοις

208 2928 779 2999 ἔπιτιμήσαιεν,αύτοὶ
802 2929 1015 3001 πλούτῳ
1038 2929 1115 3000 τῷ
1130 2930 1542 2984 πλεονεκτοῦντι
1564 2932 1789 3001 ταύτης,

211 3022 497 3092 περιουσία
527 3038 587 3074 τε
620 3023 711 3075 καὶ
743 3022 966 3093 μεγέθει
1002 3023 1263 3093 κτήσεων.
1290 3022 1572 3093 πολεμίως
1615 3022 1791 3076 διατιο

211 3108 691 3185 θέμενοιςἘροῦσι
719 3115 828 3185 γὰρ
856 3115 951 3168 καὶ
975 3115 1096 3169 λίαν
1127 3115 1793 3187 προσηκόντως,ἐπισκώ-

211 3207 432 3269 πτοντές
457 3223 519 3258 τε
549 3206 696 3276 ἅμα,
731 3208 826 3261 καὶ
856 3207 954 3279 τὴν
988 3208 1120 3279 περὶ
1149 3207 1322 3260 ταῦτα
1361 3207 1472 3260 τῶν
1508 3208 1789 3279 πειρωμέ-

208 3311 308 3348 νων
355 3297 595 3369 σπουδην
640 3298 1062 3364 ἀνακόπτοντες*
1112 3299 1207 3371 Μὴ
1246 3301 1313 3371 τῇ
1356 3300 1466 3353 τῶν
1499 3300 1795 3372 ὁρωμένων

209 3389 477 3459 τερπνῶν,
511 3391 607 3449 καὶ
635 3392 770 3461 ἡμῖν
798 3376 1272 3463 ἀπηγορευμένων
1299 3394 1357 3446 ἐν
1388 3392 1571 3463 λόγοις
1601 3410 1793 3459 προτι-

212 3477 408 3549 μήσει,
469 3480 570 3551 τὴν
623 3481 735 3533 τῶν
800 3484 1131 3553 νοουμένων,
1201 3482 1298 3535 καὶ
1355 3483 1541 3553 ἔργοις
1593 3500 1792 3552 προτε-

208 3577 526 3647 τιμημένων
561 3576 786 3646 ἀγαθῶν
817 3578 1205 3648 καθυϐρίσειέν
1234 3596 1317 3642 τις
1356 3578 1792 3649 μεγαλειότητα,

211 3668 328 3739 μηδ’
353 3668 594 3740 ἀποϐολῇ
621 3672 688 3741 τῇ
717 3669 783 3722 δι’
803 3666 878 3722 ὧν
905 3671 965 3724 τὸ
992 3672 1072 3734 εἰς
1095 3669 1301 3733 αἰῶνας
1326 3668 1607 3741 περίδοξον
1632 3686 1796 3740 προσ-

209 3758 421 3824 εγένετο
451 3760 775 3832 κτήσασθαι,
807 3760 1051 3832 νομίσειε
1085 3760 1594 3833 σεμνολογουμένην
1623 3778 1794 3831 προσ-

207 3845 378 3920 θήκην
424 3850 767 3921 περιτιθέναι
796 3850 1061 3924 δοκούσης
1106 3854 1238 3924 ἡμῖν
1260 3852 1515 3915 εὐκλείας
1535 3854 1593 3919 ,ό
1620 3852 1793 3907 ταῦτα

210 3938 617 4013 βουλευόμενος.
658 3943 895 4013 ’Υφεσιν
922 3945 1029 4018 γὰρ
1059 3945 1253 4015 αὐτὴν,
1295 3945 1395 3998 οὐκ
1422 3943 1649 4016 αὔξησιν
1684 3944 1792 3998 τῶν

209 4038 264 4089 ἐν
311 4038 589 4110 ἐπιθυμίᾳ
645 4041 960 4111 προσόντων
1020 4039 1406 4113 ἡγησάμενοι,
1470 4041 1562 4093 καὶ
1613 4041 1686 4093 τὰ
1733 4039 1794 4105 ἐξ

206 4129 416 4200 ὶκείνης
465 4130 839 4201 ἀπωθούμεοα
886 4133 1382 4203 μεγαλαυχήματα.
1450 4132 1615 4185 Οὐδὲν
1658 4133 1793 4202 ἡμῖν

209 4221 412 4277 πόλεων
471 4223 568 4275 καὶ
639 4223 877 4277 κτιστῶν
924 4222 1118 4295 ἐκρίθη
1163 4224 1525 4295 περιφάνεια’
1580 4223 1643 4276 ού
1689 4217 1792 4293 γῆς

206 4313 434 4386 εὐφορία
469 4315 709 4384 καιρίοις
737 4318 969 4387 καρποῖς
1003 4316 1395 4386 ἐπιϐρίθουσα·
1430 4316 1494 4369 οὐ
1529 4314 1793 4369 ποικίλων

208 4401 492 4475 λειμώνων
522 4404 891 4477 τερπνότητες
912 4422 926 4436 ·
986 4406 1049 4459 οὐ
1093 4404 1266 4476 χῶροι
1300 4407 1420 4471 ταῖς
1467 4404 1578 4459 τῶν
1610 4405 1791 4476 ἀέρων

208 4494 656 4566 εὐδαιμονοῦντες
682 4496 1045 4569 εὐκρασίαις·
1088 4497 1152 4549 οὐ
1176 4496 1368 4567 γπηγαὶ
1406 4494 1790 4559 διειδεστάτοις
1825 4529 1870 4586 D

167 4586 172 4591 ’
207 4588 696 4659 ἀναστομούμεναι
751 4592 993 4660 νάμασι,
1029 4589 1125 4644 καὶ
1152 4592 1219 4661 τῇ
1247 4589 1375 4659 θέᾳ,
1414 4589 1522 4658 πρὸ
1550 4590 1794 4658 γεύσεως

206 4681 495 4736 ἐντιθεῖσαι
536 4684 596 4736 τὸ
652 4683 906 4755 ἣδιστον⁸
950 4685 1052 4737 οὐκ
1085 4683 1147 4747 ἐξ
1189 4681 1499 4753 ἀκρωρείας
1553 4680 1795 4748 ποταμοὶ

206 4778 606 4849 καταρρέοντες
631 4818 648 4843 ,
680 4777 926 4830 κοιλάσιν
959 4794 1017 4830 τε
1062 4777 1159 4829 καὶ
1192 4776 1442 4828 πεδιάσιν
1474 4773 1658 4844 ἠρέμα
1692 4774 1793 4844 τὴν

207 4867 405 4939 ἐκροήν
439 4868 674 4933 ἐνιέντες
698 4886 711 4900 θ
757 4868 986 4940 χλοερᾶς
1021 4867 1147 4940 [ἴσ.
1191 4872 1365 4930 deest,
1424 4864 1657 4938 οἵτινες]
1694 4865 1795 4935 μὲν

208 4958 413 5021 ταύτας
440 4958 538 5011 καὶ
576 4958 826 5022 εὐανθεῖς
851 4958 1249 5028 ἀποφαίνουσιν
1271 4974 1285 4988 ·
1315 4956 1396 5028 τῷ
1425 4958 1525 5027 τῆς
1562 4955 1708 5025 ὥρας
1736 4955 1791 5007 δὲ

208 5046 355 5117 λείῳ,
416 5049 554 5121 πρὸς
608 5051 811 5115 ἐαυτάς
866 5051 985 5121 μεθ’
1042 5051 1240 5122 ἡδονῆς
1295 5050 1424 5113 τοὺς
1481 5049 1792 5119 θεωμένους

208 5141 546 5209 ἐφέλκονται.
577 5142 765 5206 Οὕτως
786 5145 819 5214 ἡ
837 5145 902 5196 ἐκ
929 5143 1200 5213 θαλάττης
1224 5140 1511 5214 ἀγώγιμος
1536 5140 1788 5212 ἀφθονία,

208 5234 475 5306 ἀκτησίας
538 5237 832 5308 περιουσίᾳ
895 5235 1401 5306 καταπεφρόνηται.
1467 5236 1790 5303 [Ιεπάτηται

206 5329 437 5398 χρυσὸς.
484 5329 512 5381 6
575 5328 676 5393 τὰς
730 5328 909 5398 ψυχὰς
969 5327 1363 5398 δουλούμενοςο
1416 5326 1648 5395 ἥττηται
1695 5342 1791 5377 τυ-

210 5424 392 5488 ραννὶς
431 5421 648 5475 ἐκείνου
693 5419 802 5475 τῶν
832 5420 1009 5474 ἀλλων
1054 5416 1504 5489 κατακρατοῦσα,
1539 5418 1636 5470 καὶ
1663 5416 1791 5482 τοὺς

210 5512 432 5577 ἁλόντας
483 5515 770 5584 μονονουχὶ
813 5513 973 5584 δίκην
1020 5510 1377 5583 ἀνδραπόδων
1412 5512 1622 5579 ἄγουσα
1652 5510 1788 5579 πρὸς

206 5603 426 5673 ἑαυτὴν,
460 5607 556 5660 καὶ
588 5606 988 5662 ύποτάττουσα.

1895 1910 2088 1979 possit,
2123 1910 2173 1961 in
2204 1912 2481 1980 publicum
2507 1912 2768 1981 proferat.

1969 2002 2170 2054 Forsan
2233 2017 2395 2069 vero,
2461 2007 2544 2059 vir
2591 2010 2831 2075 optime,
2892 2010 2983 2077 qui
3036 2013 3103 2064 ad
3153 2012 3483 2069 landatorins

1893 2093 2161 2159 ejusmodi
2211 2109 2492 2150 sermones
2524 2098 2738 2162 incitas.
2788 2112 3074 2157 consuetas
3106 2107 3480 2162 eneoiniorum

1894 2187 2343 2257 exaggerationcs
2398 2191 2685 2258 requires,
2749 2197 3124 2248 exornativam
3189 2200 3479 2265 quamdam

1898 2280 2281 2349 impensiorem
2341 2282 2684 2336 sedulitatem
2742 2284 2807 2338 ad
2846 2299 3034 2339 earum
3088 2290 3333 2343 cumulos
3384 2294 3481 2345 dc-

1896 2385 2149 2440 poseens.
2190 2366 2463 2424 therum
2497 2373 2599 2426 viri
2641 2375 2693 2427 in
2747 2374 3075 2432 laudationis
3103 2389 3479 2445 argumentum

1897 2464 2195 2532 prapositi,
2230 2467 2307 2521 uti
2341 2480 2460 2529 res,
2495 2466 2568 2520 ita
2597 2476 2651 2521 et
2699 2483 2878 2521 rerum
2926 2473 3214 2525 occasione
3260 2478 3482 2544 exmgi-

1899 2565 2006 2609 lata
2034 2558 2317 2612 verborum
2346 2569 2675 2612 ornamenta.
2698 2560 2962 2625 rejicient.
2995 2562 3124 2629 Quae
3151 2565 3319 2628 enim,
3357 2583 3480 2636 pro-

1896 2650 2070 2717 posita
2102 2652 2323 2707 minime
2349 2651 2704 2714 delectarunt,
2735 2668 2820 2716 ea,
2870 2653 2917 2706 vi
2963 2657 3235 2710 sermonis
3282 2674 3480 2728 νυνι-τιμ-

1895 2750 2128 2804 scutata,
2158 2743 2280 2796 odio
2309 2742 2547 2797 habituri
2575 2753 2719 2797 sunt.
2747 2743 3030 2811 Quomodo
3051 2748 3195 2801 enim
3233 2767 3334 2803 non
3368 2766 3481 2805 me-

1898 2833 2005 2886 rito
2066 2834 2340 2903 increpent
2369 2874 2383 2897 ,
2421 2845 2478 2888 ut
2511 2839 2635 2903 quis
2675 2849 2739 2889 ex
2795 2839 2984 2905 patria:
3044 2838 3201 2893 bonis
3257 2841 3479 2896 laudare

1899 2924 2149 2988 \oluerit,
2188 2940 2310 2978 cum
2340 2925 2438 2992 ipsi
2475 2926 2730 2979 maximis
2762 2927 2953 2995 patria:
2984 2929 3219 2995 divitiis,
3253 2932 3477 3000 amplis-

1896 3029 2001 3084 que
2031 3015 2246 3070 abunde
2292 3017 2747 3085 possessionibus,
2796 3020 3015 3074 inimice
3056 3021 3235 3076 alfrcti
3271 3022 3477 3079 habue-

1899 3106 2051 3159 rint?
2094 3105 2289 3161 Dicent.
2337 3111 2521 3174 enim,
2555 3125 2617 3165 ac
2650 3111 2809 3180 plane
2858 3114 3147 3169 admodum
3199 3131 3475 3187 congrue,

1900 3198 2188 3254 irridentes
2249 3204 2477 3269 pariter.
2534 3217 2831 3272 eorumque
2889 3206 2979 3274 qni
3038 3223 3148 3260 rem
3211 3209 3476 3272 ejusmodi

1901 3300 2116 3345 tentare
2148 3293 2436 3360 voluerint,
2475 3296 2712 3349 studium
2744 3309 3153 3365 compescentes
3188 3318 3202 3353 :
3230 3298 3305 3352 Ne
3332 3301 3475 3369 quis,

1900 3384 2307 3441 delectabilium
2359 3388 2538 3443 oculis
2598 3388 3000 3459 snbjectorum,
3047 3393 3310 3463 nobisque
3349 3410 3478 3461 pro.

1897 3477 2249 3545 scriptorum,
2280 3480 2423 3533 inter
2456 3479 2791 3536 laudatorios
2830 3498 3111 3538 sermunes
3143 3485 3476 3553 pra-latione,

1899 3568 2164 3623 honorum
2214 3570 2567 3638 spiritalium,
2629 3588 2858 3642 qua-que
2899 3576 3001 3643 ipsi
3058 3577 3230 3644 reipsi
3269 3582 3477 3646 potiora

1895 3658 2208 3726 habuimus,
2258 3662 2745 3732 magnificentiam,
2797 3668 3139 3721 comumeliae
3195 3668 3474 3738 habuerit;

1897 3766 2031 3806 neve
2068 3753 2161 3821 qui
2202 3753 2309 3807 tale
2356 3754 2647 3809 consilium
2682 3767 2875 3825 agitat,
2906 3758 2972 3812 iis
3002 3758 3246 3826 rejectis,
3282 3762 3479 3830 quibus

1895 3856 2157 3900 aeternam
2209 3847 2365 3901 nobis
2415 3846 2643 3916 gloriam
2676 3864 2997 3916 comparare
3049 3855 3275 3925 contig‘t
3309 3871 3476 3925 appa—

1897 3938 2066 3994 rentis
2112 3939 2267 3994 nobis
2305 3940 2513 4009 gloriae,
2554 3943 2870 4011 praeclaram
2920 3946 3325 4011 accessionem,
3358 3964 3478 4001 ver-

1895 4031 2088 4086 borum
2135 4047 2194 4087 se
2242 4033 2527 4104 majestate
2570 4036 2962 4102 adhibiturum,
2997 4041 3287 4107 putaverit.
3344 4040 3475 4094 Eam

1894 4123 2067 4183 enim.
2100 4139 2207 4177 non
2245 4135 2607 4188 crementum,
2658 4129 2750 4180 sed
2801 4143 2990 4181 eorum
3017 4129 3289 4198 jacturam
3327 4133 3480 4185 arbi-

1896 4223 2143 4279 trantes,
2181 4232 2303 4287 quae
2340 4218 2495 4271 nobis
2545 4218 2598 4272 in
2646 4220 2919 4273 desiderio
2953 4231 3099 4287 sunt,
3155 4224 3480 4277 ostentatio-

1896 4322 2020 4361 nem
2048 4322 2264 4378 quoque
2311 4309 2438 4363 inde
2475 4311 2886 4379 provenientem
2925 4315 3255 4382 repellimus.
3311 4313 3476 4371 N.bfli

1895 4398 2051 4454 nobis
2106 4401 2319 4454 urbium
2371 4417 2629 4456 earumve
2658 4405 2999 4459 conditorum
3026 4409 3473 4477 magnificentia:

1899 4492 2051 4546 nihili
2090 4501 2249 4547 terra:
2282 4496 2605 4561 Opportnuis
2657 4494 2901 4567 frugibus
2937 4510 3286 4569 βαρεῖαι-σιω
3325 4502 3477 4556 ferti-

1896 4582 2070 4639 litas:
2111 4584 2261 4639 nihili
2300 4584 2494 4640 florum
2547 4586 2811 4642 Varietate
2869 4590 3148 4645 oblectans
3196 4600 3476 4659 pratorum

1895 4684 2187 4743 aspectus;
2241 4676 2396 4730 nihili
2458 4678 2729 4745 pra'cipna
2784 4680 2929 4735 aeris
2985 4681 3246 4749 temperie
3308 4683 3480 4737 heatze

1898 4768 2199 4834 regiones:
2252 4768 2407 4821 nihili
2468 4767 2882 4838 limpidissimos
2943 4771 3134 4826 latices
3191 4784 3476 4829 manantes

1896 4858 2095 4924 fontes,
2138 4875 2461 4930 summaque
2508 4849 2825 4930 dulcedine,
2865 4877 2989 4918 ante
3025 4866 3186 4919 etiam
3237 4878 3474 4937 gustum,

1895 4952 2084 5007 oculos
2128 4950 2491 5023 adimplentes
2520 4974 2534 5010 :
2570 4957 2722 5012 nihili
2758 4951 2990 5027 denique
3023 4958 3374 5013 decurrentes
3406 4975 3473 5013 ex

1896 5045 2162 5099 montium
2204 5045 2354 5117 jngis
2401 5046 2584 5111 fluvii,
2639 5049 2947 5115 sensimque
2994 5061 3063 5100 se
3107 5046 3357 5115 vallibus,
3412 5065 3477 5102 ac

1897 5117 2073 5203 planis
2124 5151 2444 5204 camporum
2503 5136 2716 5191 deﬂuxu
2765 5135 3146 5201 infundentes;
3188 5147 3249 5190 ut
3279 5140 3346 5191 ab
3385 5139 3472 5201 iis,

1896 5228 2082 5282 herbis
2150 5228 2393 5293 virides,
2463 5227 2863 5299 ﬂorentesque,
2952 5236 3174 5282 vetittsta
3244 5229 3476 5285 laevitate

1892 5322 2294 5389 aspectantium
2326 5325 2395 5374 ad
2430 5337 2490 5376 se
2519 5322 2705 5377 oculos
2755 5337 2877 5377 cum
2912 5322 3186 5389 voluptate
3232 5322 3471 5376 trahant.

1895 5410 1953 5467 in
1984 5413 2127 5467 hunc
2160 5413 2400 5477 modum,
2427 5424 2609 5482 spreta
2639 5424 2725 5469 est
2752 5414 3086 5483 paupertatis
3114 5414 3471 5474 abundantia,

1893 5521 2056 5574 quam
2106 5520 2320 5560 merces
2378 5506 2610 5561 itaiiticte
2661 5510 2924 5562 honorum
2972 5504 3295 5560 afﬂuentiam
3332 5521 3472 5574 prr-

1896 5608 2083 5654 stant:
2116 5597 2490 5654 conculcatum
2516 5615 2732 5662 aurum,
2756 5599 2898 5670 quod
2928 5598 3204 5652 hominum
3235 5598 3475 5666 CaptiVal

205 5698 437 5760 animus,
476 5697 702 5767 eiusque
737 5710 928 5768 potens
957 5698 1047 5753 illa
1079 5706 1334 5768 superata
1372 5692 1642 5765 tyrannis,
1673 5706 1792 5761 qua:
1827 5691 1952 5745 aliis
2021 5689 2356 5757 dominatur,
2425 5690 2703 5760 victosque
2764 5690 2839 5745 uti
2869 5691 2983 5745 fere
3032 5690 3293 5761 mancipia
3320 5687 3388 5742 ad
3415 5699 3474 5740 se

211 5791 367 5845 traizit
399 5807 461 5845 ae
503 5794 794 5860 mancipat.
