3982 6160
453 313 473 378 l
486 314 588 383 507

1575 307 1827 369 GEORG
1837 307 1895 368 Π
1936 305 2534 369 NICOMEDIENSIS

3575 301 3714 371 1503

519 428 669 484 Talia
699 427 861 499 plane
883 465 900 492 ,
932 440 1171 497 congrua
1195 424 1417 479 omnino
1443 422 1639 478 rationi
1674 423 1903 486 ilducia,
1935 436 2029 478 seu

2205 421 2447 476 Τοιαῦτα
2493 421 2556 493 δὴ
2609 421 2727 493 μετ’
2777 418 2999 489 εὐλόγου
3042 419 3144 488 τῆς
3172 418 3519 491 παρρησίας,
3548 420 3581 491 ἢ
3615 423 3715 474 καὶ

448 523 612 577 etiam
649 528 951 592 praecepto,
986 519 1186 575 dicturi
1218 526 1379 579 sunt,
1408 517 1501 586 qui
1532 517 1608 571 ita
1640 516 1706 569 ad
1758 516 2023 570 bonorum

449 614 830 685 apparentium
877 612 1271 668 delectameuta
1320 611 1648 665 habuerunt.
1701 608 1780 663 'l‘u
1819 618 2022 672 autem,

449 707 535 760 vir
592 704 935 770 admirande,
988 703 1074 758 bis
1122 716 1339 773 quoque
1395 701 1614 764 missis,
1677 699 2029 771 neglectaque

450 813 638 853 eorum
676 797 1068 864 explicatione,
1124 799 1189 848 ad
1225 803 1513 863 parentum
1561 793 1852 864 imginem
1901 808 2032 848 con-

453 891 596 946 sulto
631 891 1008 943 narrationem
1034 888 1309 941 traduces.
1341 886 1672 940 Praeclarum
1697 901 1823 941 vero
1854 885 2031 939 consi-

450 982 604 1035 lium.
653 979 847 1050 Opera:
886 980 1156 1049 siquidem
1199 978 1459 1049 pretium,
1499 987 1560 1032 ut
1606 978 1697 1047 qui
1728 978 1893 1043 socii,
1935 991 2029 1032 seu

454 1076 633 1144 potius
663 1073 755 1142 qui
795 1074 1082 1137 bonorum,
1107 1072 1151 1127 si
1181 1086 1303 1140 quae
1338 1086 1367 1125 a
1399 1071 1526 1126 ﬁliis
1550 1081 1700 1146 gesta
1734 1079 1895 1139 sunt,
1930 1086 2031 1124 aui

454 1179 631 1223 ctores
686 1168 1040 1230 exstiterunt,
1110 1180 1301 1220 eorum
1370 1180 1587 1235 quoque
1643 1164 1832 1235 gloriae
1897 1163 2031 1219 socii

453 1260 754 1325 exsistant;
791 1269 953 1328 atque
989 1267 1049 1312 ut
1080 1266 1273 1311 natura
1318 1273 1381 1311 ac
1410 1256 1670 1326 operibus
1723 1254 2033 1325 ingenuita-

368 1352 381 1365 ‘
455 1360 564 1406 tem
597 1366 721 1405 cum
754 1350 837 1405 eis
867 1351 1258 1414 obtinuerunt,
1309 1350 1381 1403 ita
1416 1363 1591 1418 neque
1626 1350 1693 1401 ab
1720 1362 1908 1402 eorum
1935 1362 2034 1401 en-

456 1442 654 1496 comiis
713 1441 878 1495 alieni
918 1439 1040 1509 jure
1086 1440 1283 1494 merito
1329 1450 1674 1493 censeantur.
1709 1438 1855 1505 Quos
1890 1439 2032 1493 enim

457 1549 639 1589 mores
668 1532 1028 1602 conjunxere,
1080 1534 1182 1586 bos
1225 1546 1409 1586 sermo
1443 1530 1786 1586 laudatorius
1815 1531 2037 1586 minime

456 1635 699 1695 separat.
737 1624 904 1688 Sane,
949 1622 1136 1677 eorum
1179 1623 1385 1692 patris,
1436 1637 1572 1690 quos
1610 1622 1662 1676 iu
1712 1621 2035 1677 laudationis

456 1728 841 1790 argumentum
883 1716 1298 1785 assumpsimus,
1335 1714 1602 1769 celebrem
1635 1712 1865 1781 gloriam
1923 1712 2033 1768 nati

457 1827 522 1865 ex
583 1812 700 1880 ipso
750 1809 928 1877 palam
983 1809 1297 1863 ostendunt.
1355 1809 1562 1875 Quibu
1594 1808 1741 1863 enim
1788 1822 1817 1860 a
1870 1820 2039 1875 puero

458 1900 657 1964 edocti,
714 1900 776 1953 ad
826 1899 1038 1953 culmen
1096 1898 1311 1952 virtutis
1357 1898 1534 1953 evecti
1589 1908 1755 1961 sunt,
1823 1898 2040 1966 Deoqne

462 1994 624 2047 rebus
655 1993 929 2047 universis
957 1990 1240 2054 eminenti,
1280 1991 1648 2061 propinquare
1699 1998 2038 2052 meruerunt,

461 2083 530 2137 iis
579 2084 920 2138 institutores
984 2097 1116 2137 suos
1187 2082 1588 2151 depraedicant,
1635 2094 2041 2151 congruumque

462 2175 595 2243 ipsis
623 2190 847 2228 suorum
897 2176 1162 2229 bonorum
1209 2174 1680 2245 participationem
1724 2173 2037 2230 testimonio

461 2263 754 2317 vindicant.

536 2354 695 2408 Pater
729 2355 913 2422 itaque
942 2352 1144 2407 celebri
1192 2354 1410 2407 nomine
1441 2351 1765 2423 inclytorum
1797 2353 2040 2424 Anargy-

465 2460 683 2511 rorum,
734 2444 824 2497 ubi
875 2446 927 2498 iu
977 2443 1245 2513 religiosa:
1321 2442 1752 2497 conversationis
1805 2443 2042 2511 vitaeque

466 2536 865 2591 honestissima:
899 2535 984 2589 via
1027 2550 1123 2590 eos
1147 2535 1450 2600 statuisset,
1485 2532 1651 2589 matri
1678 2535 1954 2590 concessit
1984 2542 2043 2589 ut

465 2632 532 2687 ad
579 2646 749 2700 usque
780 2631 942 2684 linem
974 2630 1187 2685 doctrix
1210 2640 1390 2697 esset,
1420 2644 1541 2684 eum
1571 2631 1789 2685 interim
1829 2630 1895 2684 ad
1924 2643 2040 2684 cte-

467 2723 623 2780 lcstia
659 2723 775 2792 ipse
809 2722 1164 2777 tabernacula
1205 2723 1513 2791 migrasset.
1551 2719 1641 2774 Illa
1684 2735 1871 2790 porro,
1903 2736 2042 2792 prae-

462 2822 652 2868 textus
674 2814 987 2876 verborum,
1016 2811 1566 2881 expectationumque
1607 2811 1658 2865 in
1701 2811 2043 2879 incertopo-

467 2907 699 2959 sitarum
733 2913 961 2958 eventus
986 2942 1001 2966 ,
1028 2918 1188 2973 supra
1224 2920 1386 2974 quam
1416 2902 1753 2971 exspectatio
1786 2902 2038 2967 haberet,

466 3009 825 3068 praesumens,
858 2997 1008 3050 curis
1053 2997 1288 3051 assiduis
1317 2998 1534 3066 agebat,
1561 3007 1621 3050 ut
1653 2996 1719 3051 iis
1745 3011 1866 3066 qua!
1890 2999 2045 3051 dees-

2133 513 2512 585 προστάξεως,
2544 513 2595 565 οἱ
2618 510 2755 583 πρὸς
2784 510 2883 581 τὴν
2907 509 3016 563 τῶν
3043 509 3342 569 δοκούντων
3363 509 3546 563 καλῶν
3567 509 3716 565 οὓτω

2132 604 2471 667 διατεθέντες
2517 602 2705 675 ὲροῦσι
2754 601 3132 673 τερπνότητα’
3189 600 3254 654 σὺ
3303 600 3360 653 δὲ
3402 601 3495 654 καὶ
3538 601 3715 655 ταῦτα

2130 696 2440 768 παρέντας,
2471 695 2776 764 θαυμάσιε,
2809 693 3018 765 βραχέα
3064 692 3121 746 δὲ
3162 693 3262 763 τῆς
3292 692 3499 746 τούτων
3542 711 3720 765 φρον-

2131 788 2397 848 τίσαντας
2426 786 2771 855 ὲκφράσεως,
2800 783 2938 854 πρός
2966 785 3066 853 τὴν
3099 783 3208 836 τῶν
3242 784 3498 856 πατέρων
3528 784 3720 838 είκόνα

2130 877 2516 949 διανοούμενος
2561 877 2942 948 παρορμήσεις
2974 877 3074 947 τὴν
3117 875 3388 945 διήγησιν.
3431 877 3539 929 Καὶ
3586 871 3719 945 εὖγε

2130 971 2226 1025 τοῦ
2260 969 2652 1041 βουλεύματος.
2691 970 2783 1021 Δεῖ
2810 969 2921 1038 γὰρ
2964 966 3091 1031 τοὺς
3130 968 3456 1031 κοινωνοὺς,
3509 967 3719 1033 μᾶλλον

2133 1065 2214 1127 δὲ,
2245 1064 2355 1117 τῶν
2386 1063 2573 1117 καλῶν
2601 1063 2730 1125 τοὺς
2765 1060 2824 1127 ἐξ
2854 1060 3064 1114 ἑαυτῶν
3096 1050 3387 1131 ἀρχηγοὺς
3407 1061 3719 1130 γεγενημέ-

2133 1174 2281 1222 νους,
2333 1159 2431 1212 καὶ
2475 1156 2574 1228 τῆς
2625 1155 2736 1208 τῶν
2790 1157 3028 1208 ἐπαίνων
3078 1155 3327 1224 μετέχειν
3386 1153 3581 1223 δόξης·
3625 1151 3722 1206 καὶ

2134 1250 2324 1320 ὥσπερ
2373 1252 2438 1320 τῇ
2496 1250 2656 1316 φύσει
2708 1247 2805 1301 καὶΙ
2859 1249 2967 1310 τοῖς
2994 1247 3177 1316 ἔργοις
3208 1248 3269 1298 τὸ
3310 1247 3530 1315 γνήσιον
3571 1248 3722 1315 ἔχειν

2136 1341 2478 1415 ηὐτύχησαν,
2530 1340 2626 1393 καὶ
2667 1341 2765 1408 τῆς
2802 1337 2912 1392 τῶν
2956 1337 3134 1405 λόγων
3195 1337 3269 1406 μὴ
3318 1336 3725 1402 ἀποξενοῦσθαι

2135 1435 2438 1495 κοινωνεῖν,
2488 1433 2584 1485 καὶ
2617 1431 2736 1484 λίαν
2781 1430 3030 1494 εἰκότως,
3065 1429 3384 1498 εὑκληρίας.
3415 1427 3521 1492 υῦς
3555 1429 3725 1499 γάρό

2136 1523 2338 1595 τρόπος
2392 1521 2648 1593 συνῆψεν,
2714 1521 2940 1584 τούτους
3004 1521 3032 1572 ὁ
3082 1521 3380 1590 ἐπαινέτης
3440 1519 3602 1586 λόγος
3652 1518 3720 1574 οὐ

2136 1616 2426 1686 διίστησιν.
2460 1615 2676 1686 Πατρὸς
2706 1614 2804 1685 μὲν
2834 1614 2945 1684 γὰρ
2972 1614 3083 1665 τῶν
3113 1613 3493 1682 προκειμένων
3521 1614 3605 1674 εἰς
3632 1610 3725 1663 εὖ·

2142 1710 2356 1781 φημίας
2393 1707 2651 1779 ἀφορμὴν
2681 1703 2875 1773 ἁγίων,
2915 1707 2965 1759 οἱ
3001 1705 3196 1774 φύντες
3223 1705 3281 1770 ἐξ
3325 1703 3493 1757 αὐτοῦ
3522 1702 3726 1772 δηλοῦ-

2073 1778 2114 1833 B
2142 1778 2237 1855 σιν
2272 1778 2548 1854 εὔκλειαν.
2599 1793 2694 1862 Οἷς
2739 1798 2850 1869 γὰρ
2889 1798 3550 1869 παιδαγωγηθέντες,ιείς
3587 1797 3726 1866 ῦψυς

2144 1894 2243 1965 μὲν
2261 1894 2464 1964 ἀρετῆς
2484 1892 2898 1963 ἀναϐεϐήκεσαν
2919 1908 2931 1921 ·
2950 1890 3069 1962 Θεῷ
3082 1891 3137 1944 δὲ
3158 1891 3372 1943 πάντων
3392 1891 3726 1963 ἐξῃρημένη,

2141 1986 2526 2058 προσπελάσαι
2576 1985 2979 2053 κατηξίωνται,
3012 1987 3226 2047 τούτοις
3281 1985 3408 2047 τοὺς
3441 1984 3726 2051 euthym-

2139 2078 2273 2147 γοὺς
2324 2079 2819 2150 ἀνακηρύττουσιν,
2874 2076 2970 2131 καὶ
3018 2075 3117 2146 τὴν
3151 2075 3493 2146 κατάλληλον
3535 2077 3727 2140 αὐτοῖς

2141 2169 2251 2224 τῶν
2281 2171 2431 2240 σφῶν
2459 2170 2682 2239 ἀγαθῶν
2714 2170 3187 2242 ὲπιμαρτυροῦσιν
3220 2168 3461 2240 μέθεξιν.

2213 2357 2405 2428 Πατὴρ
2436 2356 2615 2411 τοίνυν
2642 2356 2751 2410 τῶν
2807 2354 3220 2427 μεγαλωνύμων
3258 2355 3636 2427 Ἀναργύρων,
3668 2355 3731 2409 ὲν

2141 2448 2247 2521 ὁδῷ
2281 2449 2557 2513 πολιτείας
2584 2446 2684 2518 τῆς
2711 2447 2918 2513 ἐνθέου,
2947 2449 3042 2502 καὶ
3082 2448 3198 2517 βίου
3231 2449 3449 2511 τούτους
3488 2448 3730 2519 ἐπιστή-

2145 2560 2246 2607 σας
2292 2541 2388 2597 τοῦ
2429 2544 2765 2612 σεμνοτάτου
2788 2559 2803 2574 ο
2838 2545 2903 2613 τῇ
2953 2544 3120 2612 μητρὶ
3154 2543 3253 2613 μὲν
3307 2541 3406 2612 τὴν
3439 2544 3521 2606 είς
3550 2544 3729 2612 πέρας

2144 2634 2515 2706 χειραγωγίαν
2549 2631 2968 2705 παρεχώρησεν,
3005 2635 3086 2697 εἰς
3117 2634 3403 2705 οὐρανίους
3430 2635 3486 2689 δὲ
3518 2636 3730 2705 σκηνὰς

2147 2725 2528 2797 ὑπεχώρησεν.
2591 2724 2658 2778 Ἦ
2693 2725 2751 2778 δὲ
2772 2723 3016 2778 λαϐοῦσα
3050 2726 3314 2797 ῥημάτων
3335 2725 3444 2779 τῶν
3471 2726 3568 2779 ἐπὶ
3597 2727 3732 2798 σκή-

2144 2816 2257 2887 ψει,
2280 2817 2377 2871 καὶ
2398 2815 2633 2870 ἐλπίδων
2659 2815 2770 2869 τῶν
2798 2817 2856 2870 ὲν
2880 2816 3066 2887 ἀδήλῳ
3091 2817 3297 2886 μᾶλλον
3317 2817 3418 2880 τὰς
3439 2816 3725 2882 ἐκϐάσεις,

2146 2907 2351 2981 ἦκατά
2400 2906 2752 2979 προσδοκίαν,
2794 2908 3141 2978 ἐπιμελείαις
3187 2909 3480 2979 ἐμμόνοις,
3523 2910 3587 2962 ὲν
3619 2911 3731 2975 τοῖς

2149 3001 2592 3072 καταλειφθεῖσιν
2626 3000 2975 3072 ἐξενεχθῆναι
3022 3003 3455 3072 παρεσκεύασεν.
3492 3004 3728 3077 Θεοδότη

467 3096 591 3141 seut
625 3086 1024 3142 incumberent.
1058 3086 1270 3141 Etenim
1320 3096 1438 3141 erat
1467 3086 1744 3142 Theodota
1772 3123 1788 3150 ,
1843 3085 1897 3141 id
1924 3096 2042 3151 est,

2149 3092 2260 3164 γὰρ
2287 3090 2376 3166 ἦν,
2427 3094 2611 3165 ἔργοις
2648 3094 2748 3164 τὴν
2775 3095 2967 3163 κλῆσιν
3005 3096 3506 3166 ἐπισφραγίζουσα·
3536 3099 3599 3152 τὸ
3628 3099 3730 3170 τῆς

468 3179 653 3233 divino
695 3180 820 3233 data
857 3192 1112 3243 munere;
1160 3178 1419 3249 operibus
1465 3178 1883 3248 appellationem
1942 3179 2040 3231 ob-

467 3273 732 3340 signans,
793 3270 1132 3340 gloriamqne
1191 3271 1607 3341 nuncupationis
1669 3270 1831 3325 rebus
1916 3270 2047 3338 ipsis

468 3362 842 3418 conﬁrmans:
877 3377 998 3430 qum
1031 3361 1248 3429 quidem
1287 3378 1315 3414 a
1364 3371 1704 3415 terrenorum
1740 3360 2047 3428 abjeclione

468 3456 710 3508 animum
741 3453 1114 3519 abjunxisset,
1151 3463 1456 3523 naturaque
1502 3452 1787 3509 sublimius
1830 3452 2047 3508 evolas-

469 3557 588 3611 set;
626 3561 730 3599 non
762 3544 1068 3599 visibilibus
1097 3546 1353 3601 snbveeta
1381 3545 1573 3615 pennis
1595 3584 1610 3611 ,
1650 3545 1747 3601 sed
1782 3546 2046 3600 nmnditia

471 3654 537 3693 ac
567 3637 797 3707 sapienti
825 3638 1172 3706 cogitatione.

542 3730 845 3793 Theodoto,
882 3730 1081 3783 donum
1132 3728 1349 3799 quidem
1389 3729 1501 3799 ipsa
1534 3745 1633 3784 ceu
1682 3729 1867 3784 divino
1918 3730 2042 3784 data

471 3833 714 3881 numere,
754 3833 876 3887 quae
907 3828 1084 3872 tamen
1146 3833 1250 3871 una
1278 3834 1462 3873 secum
1506 3820 1682 3873 datori
1744 3821 1881 3875 uteri
1913 3835 2049 3890 quo-

469 3921 577 3977 que
623 3907 856 3960 fructum
904 3907 1188 3963 donaverit
1219 3924 1233 3961 :
1267 3921 1389 3976 quae
1411 3908 1679 3976 duplicem
1715 3909 2045 3964 oblationem

470 3996 694 4058 Merit,
716 4010 901 4064 eaque
931 4004 1084 4066 parte
1119 3997 1390 4053 celebrem
1442 3998 1587 4052 illam
1622 3998 1857 4054 Abralue
1880 4001 2046 4055 obla-

474 4088 675 4141 tionem
707 4088 1085 4158 superaverit:
1125 4104 1245 4159 quae
1290 4090 1556 4160 integram
1590 4091 1847 4157 hostiam,
1874 4093 2047 4147 homi-

472 4197 601 4235 num
631 4196 794 4239 causa
830 4181 1108 4238 immolato
1139 4172 1394 4247 Domino,
1425 4183 1719 4248 obtulerit,
1755 4185 2048 4255 majorem-

473 4287 582 4340 que
610 4287 719 4340 prae
764 4272 853 4328 illo
879 4273 1411 4328 commendationem
1453 4274 1716 4330 meruerit
1746 4293 1761 4330 :
1798 4292 1904 4331 non
1961 4277 2050 4331 hic

424 4368 432 4377 ‘
470 4366 697 4435 quidem
732 4379 935 4421 acuens
985 4366 1251 4436 gladium;
1291 4383 1396 4421 non
1449 4368 1664 4437 erigens
1696 4368 1903 4434 altare;
1941 4384 2047 4423 non

477 4459 620 4529 ligna
654 4458 945 4529 colligens;
980 4474 1086 4513 non
1135 4460 1436 4515 accendens
1486 4461 1703 4530 ignem;
1746 4476 1851 4516 non
1899 4462 2047 4516 futuo
2083 4463 2123 4519 D

477 4568 543 4606 ae
573 4550 762 4606 nidore
811 4550 1097 4607 oll‘undens
1146 4568 1327 4607 aerem
1361 4569 1376 4608 :
1409 4556 1502 4611 sed
1548 4555 1612 4609 iis
1654 4570 1791 4623 quos
1818 4556 2046 4619 libabat,

477 4642 712 4711 gladium
748 4643 984 4711 quidem,
1014 4645 1269 4699 vitiorum
1294 4647 1712 4714 amputatricem
1741 4649 2049 4703 castitatem

479 4734 855 4803 prattendcns;
905 4749 1053 4789 aram
1110 4751 1288 4792 autent
1340 4730 1620 4804 doctrinae,
1677 4742 2049 4796 castissimum

478 4842 666 4881 eorum
716 4825 883 4883 animi
916 4828 1246 4883 domicilium
1301 4834 1586 4899 excitans,
1644 4833 1833 4903 inquo
1881 4835 2050 4888 divini

478 4920 737 4976 desiderii
796 4934 1059 4979 accensus
1118 4923 1278 4994 ignis,
1328 4926 1563 4980 hostiam
1615 4928 2050 4993 consummavit,

480 5013 913 5083 suavissimiqne
949 5016 1133 5069 odoris
1165 5018 1525 5083 sacriﬁcium,
1555 5034 1619 5075 ac
1665 5034 1926 5089 perquam
1961 5036 2053 5074 ac—

480 5104 769 5172 ceptabile,
802 5105 1103 5159 desiderato
1125 5106 1340 5161 obtulit.
1674 5122 1679 5125 '

552 5192 699 5247 Cum
738 5194 816 5248 sic
847 5209 981 5264 ergo
1021 5213 1172 5252 suam
1206 5199 1537 5254 oblationem
1570 5214 1634 5254 ac
1663 5182 1861 5253 munus
1910 5213 2055 5254 recte

483 5287 794 5351 divisisset,
828 5285 955 5341 fecit
1004 5298 1059 5341 ut
1110 5290 1280 5345 libera
1326 5291 1724 5347 oﬂ‘erendorum
1778 5291 2055 5346 voluntate

484 5388 632 5432 recte
669 5378 1044 5433 ollerretur”.
1075 5379 1207 5435 Nam
1252 5383 1366 5453 ipsa
1394 5384 1632 5453 quidem,
1665 5384 1926 5439 bonorum
1970 5402 2057 5442 se-

485 5469 630 5524 mina
666 5469 719 5522 in
750 5469 875 5525 [iliis
924 5473 1199 5542 mittebat;
1243 5475 1318 5529 illi
1350 5485 1553 5541 autem,
1597 5485 1653 5532 ut
1676 5478 1753 5533 sic
1788 5479 1954 5534 missa
1999 5482 2052 5535 in

485 5560 839 5631 multiplicent
873 5572 1131 5632 segetem,
1164 5576 1499 5635 crescerent,
1524 5570 1962 5639 contendebant;
1992 5587 2055 5630 ac

551 5732 599 5765 ”
635 5731 771 5788 Gen.
796 5748 868 5802 tv,
892 5734 942 5789 7.

2152 3184 2528 3257 προσηγορίας
2588 3185 2811 3249 εὐκλεὲς
2890 3186 3075 3251 αὐτοῖς
3162 3187 3555 3242 ὲπιϐεϐαιοῦσα
3617 3193 3730 3254 τοῖς

2148 3279 2557 3349 πράγμασιννή
2607 3277 2717 3332 τῶν
2770 3278 3127 3349 χαμαιζήλων
3180 3282 3278 3352 μὲν
3333 3283 3727 3355 ἀνῳκισμένη,

2149 3371 2431 3443 ὑπερτέρα
2469 3371 2514 3425 δ’
2552 3373 2815 3443 αἰρομένη
2856 3374 2957 3443 τῆς
3006 3374 3254 3443 φύσεως·
3285 3377 3384 3446 οὐχ
3416 3378 3732 3447 δρωμέναις

2149 3462 2444 3534 πτέρυξιν,
2502 3463 2842 3541 καθαρότητι
2879 3465 2934 3517 δὲ
2967 3466 3062 3518 καὶ
3098 3465 3341 3537 λογισμῷ
3371 3468 3731 3523 διαϐαίνουσα

2142 3573 2268 3626 σωφ
2276 3572 2409 3627 ρονι.

2216 3743 2469 3814 Θεοδότη,
2493 3743 2667 3815 δῶρον
2698 3744 2820 3814 μὲν,
2853 3746 2886 3816 ἡ
2916 3744 3174 3816 δεδομένη
3206 3746 3411 3814 θεόθεν,
3437 3750 3732 3807 ἀντιδοῦσα

2146 3837 2202 3891 δὲ
2234 3838 2332 3890 σὺν
2365 3839 2529 3908 ἑαυτῇ
2561 3837 2640 3908 τῷ
2677 3837 2954 3900 δεδωκότι,
2987 3838 3083 3892 καὶ
3115 3838 3213 3911 τὴν
3256 3842 3321 3894 ἐκ
3364 3843 3558 3914 νηδύος
3591 3863 3731 3916 καρ-

2148 3926 2454 3998 ποφορίαν·
2479 3929 2512 3997 ἡ
2546 3927 2732 3997 διττὴν
2765 3928 2916 3999 αὐτῷ
2951 3929 3268 4001 προσφορὰν
3298 3933 3603 4003 κομίσασα,
3636 3937 3733 3990 καὶ

2147 4017 2247 4089 τὴν
2320 4019 2572 4090 Ἀϐραὰμ
2620 4019 2835 4084 τούτοις
2892 4021 3380 4091 πλεονεκτήσασαο
3437 4027 3470 4093 ή
3535 4027 3733 4082 θυσίαν

2148 4110 2451 4182 ὀλόκληρον
2518 4110 2597 4184 τῷ
2642 4112 2786 4183 ὑπὲρ
2830 4114 3137 4185 ἀνθρώπων
3174 4114 3391 4171 metm
3440 4128 3732 4189 προσαγα-

2149 4201 2345 4269 γοῦσα,
2394 4202 2491 4255 καὶ
2530 4203 2629 4272 τῆς
2677 4202 2808 4275 παρ’
2838 4205 3047 4258 ἐκείνου
3104 4206 3415 4278 κρείττονος
3455 4211 3734 4283 ἀποδοχῆς

2151 4294 2480 4359 ἀξιωθεῖσα·
2512 4296 2573 4348 οὐ
2617 4297 2897 4367 μάχαιραν
2925 4299 2984 4351 ἐν
3018 4298 3191 4371 ταύτῃ
3235 4300 3643 4372 παραθήξασα·
3672 4307 3735 4361 ού

2155 4386 2338 4457 βωμὸν
2371 4387 2669 4458 ὲγείρασα·
2720 4390 2821 4460 οὐχ
2868 4390 3275 4462 ὑπεκκαύματα
3320 4398 3734 4469 συναγείρασα⁹

2152 4479 2211 4530 οὐ
2239 4477 2351 4549 πῦρ
2382 4478 2638 4548 ἀνάψασα
2658 4521 2673 4544 ,
2705 4480 2828 4534 οὐδὲ
2860 4480 3055 4554 καπνῷ
3101 4484 3194 4536 καὶ
3242 4486 3406 4557 κνίσῃ
3452 4488 3544 4541 τὸν
3594 4493 3721 4564 ἀέρι-

2153 4571 2469 4640 συγχὲασαο
2513 4571 2650 4625 ἀλλά
2698 4573 2975 4646 μάχαιραν
3029 4574 3131 4645 μὲν
3179 4580 3294 4641 τοῖς
3345 4581 3737 4652 σπενδομένοις

2153 4661 2560 4731 προτειναμὲνη
2590 4663 2688 4732 τὴν
2716 4665 2990 4733 τμητικὴν
3016 4665 3125 4718 τῶν
3156 4667 3347 4721 παθῶν
3375 4671 3734 4742 ἐγκράτειανο

2154 4750 2337 4823 βωμδν
2366 4753 2424 4807 δὲ
2454 4753 2804 4819 διδασκαλίας
2834 4756 3271 4830 διαναστήσασα,
3317 4762 3377 4815 τὸ
3423 4766 3524 4836 τῆς
3554 4767 3738 4838 ψυχῆς

2152 4844 2380 4898 ἐκείνων
2428 4846 2728 4913 ἁγνότατον
2759 4846 3109 4920 ἐνδιαίτημα,
3159 4852 3220 4906 ὲν
3265 4846 3311 4921 ᾧ
3365 4855 3499 4926 πῦρ,
3544 4860 3607 4912 τὸ
3643 4863 3737 4915 τοῦ

2153 4933 2338 4988 θεῖκοῦ
2368 4937 2658 5008 διαναρθὲν
2688 4938 2878 5001 πόθου,
2904 4939 3005 5011 τὴν
3038 4940 3231 4997 θυσίαν
3258 4945 3359 5014 μὲν
3391 4948 3737 5021 ἐτελεσιούρ-

2151 5042 2346 5097 γησεν,
2389 5027 2567 5099 εὐώδη
2601 5030 2660 5083 δὲ
2690 5030 2896 5101 ταύτην
2944 5031 3023 5103 τῷ
3062 5034 3405 5108 ποθουμένῳ,
3445 5043 3541 5093 καὶ
3591 5045 3741 5113 μάλα

2152 5117 2408 5190 δεκτικὴν
2433 5121 2747 5192 ὲνήνεγκεν.
3498 5130 3507 5135 “
3652 5148 3655 5151 ·

2227 5212 2385 5267 Οῦτω
2413 5214 2594 5268 τοίνυν
2626 5215 2835 5270 οἰκείαν
2860 5217 3038 5289 ὀρθῶς
3069 5219 3352 5294 διελομένη
3390 5227 3737 5299 προσφορὰν,

2151 5304 2330 5375 ὀρθῶς
2369 5306 2763 5378 ἀνενεχθῆναι,
2797 5310 2993 5383 γνώμῃ
3023 5315 3089 5383 τῇ
3146 5314 3252 5368 τῶν
3304 5320 3742 5387 προσαγομένων

2153 5397 2489 5469 αὐθαιρέτῳ¹
2515 5400 2955 5470 παρεσκεύασεν.
3016 5402 3164 5476 Αὕτη
3215 5406 3316 5475 μὲν
3356 5408 3487 5479 γὰρ,
3523 5413 3595 5462 τά
3632 5413 3742 5466 τῶν

2154 5488 2377 5556 ἀγαθῶν
2409 5492 2468 5544 ὲν
2497 5493 2613 5554 τοῖς
2643 5494 2801 5547 παισί¹
2824 5493 3191 5550 κατεϐάλλετο
3215 5498 3515 5570 σπέρματα
3533 5520 3545 5532 ·
3578 5503 3631 5556 οἱ
3663 5503 3740 5570 δὲ,

2153 5583 2232 5646 είς
2259 5581 2530 5654 πολύχουν
2568 5582 2639 5638 τὰ
2677 5585 3096 5658 καταϐληθέντα
3140 5595 3525 5663 καρποτορεῖν
3563 5595 3741 5651 ἐδοκί-
