3982 6160
281 325 425 399 1509

1144 335 1226 398 ΙΝ
1261 336 1367 399 SS.
1403 337 1635 397 MART.
1677 337 1986 408 CQSMAM
2024 337 2119 397 ET
2155 337 2597 400 DAMIANUM.

3422 344 3559 414 1510

283 421 507 516 pacari"
555 444 647 498 καὶ
694 443 840 516 ἆπερ
874 441 932 499 εὖ
961 445 1105 515 ἔχειν
1137 447 1383 520 ἔκριναν,
1417 451 1572 504 ταῦτ’
1600 453 1681 514 εἰς
1706 450 1856 521 ἔργον

1969 465 2087 518 qum
2115 450 2250 503 bene
2283 449 2622 518 judicassent
2663 451 2884 516 habere,
2915 453 2965 506 in
2999 469 3132 523 opus
3159 456 3510 526 proferebant
3539 481 3554 526 ;

281 538 624 608 ἐξήνεγκαν·
661 539 883 607 ἀγάπην
931 539 1066 592 Θεοῦ
1115 541 1335 594 πάντων
1371 542 1652 612 ἐρασμίων
1697 543 1873 596 ἄλλων

279 627 712 698 προκρίνοντεςδ
749 629 936 680 πίστιν
981 630 1277 699 τηροῦντες
1314 631 1638 684 ἀνόθευτονθ
1678 633 1738 684 τὸ
1775 632 1871 685 τοῦ

281 721 592 784 συνειδότος
665 720 958 783 διαπαντὸς
1009 723 1348 786 ἀνατλῶντες
1411 723 1740 794 μαρτύριονο
1785 726 1870 794 ’τῇ

279 817 421 882 πρὸς
466 816 595 876 τοὺς
629 814 865 882 πλησίον
900 815 1287 879 ἀδιασπάστως
1319 817 1508 888 ἀγάπῃ
1545 817 1874 886 συνδεσμού-

279 923 435 976 μενοι
464 923 478 937 ·
534 907 640 960 τῶν
692 909 958 978 ἐμπαθῶν
994 910 1198 978 ἡδονῶν
1227 911 1745 982 ἀπορρηγνύμενον
1781 912 1873 962 ἀν-

276 999 468 1072 δρείαν
510 1001 631 1054 κατ’
678 1002 859 1054 αὐτῶν
896 1002 1333 1071 ἐνδεικνύμενοι·
1369 1004 1505 1074 μέλη
1547 1003 1870 1073 νεκροῦντες

275 1091 374 1145 τοῦ
421 1092 704 1162 σώματος·
750 1094 931 1164 ψυχῆς
978 1096 1239 1166 δυνάμεις
1268 1096 1738 1168 ἀναῤῥωννύντες·
1774 1099 1869 1149 καὶ

275 1185 508 1256 σπουδῇ,
556 1185 622 1238 δι’
661 1181 726 1257 ἧς
780 1186 848 1240 τὰ
907 1189 1141 1256 μέγιστα
1184 1187 1498 1258 κατώρθουν
1551 1189 1608 1238 ἐν
1651 1187 1866 1258 ἡλικίας

275 1276 457 1346 ἀκμῇ,
496 1277 598 1347 τὴν
644 1279 914 1348 ἐσομένην
975 1280 1158 1342 αὐτοῖς
1202 1278 1312 1332 τῶν
1359 1281 1721 1348 χαρισμάτων
1768 1281 1868 1332 ύπ-

276 1364 503 1431 έςραινον
539 1366 834 1436 καινότησα
862 1409 874 1430 ,
903 1370 963 1421 ού
1016 1369 1174 1438 μόνον
1206 1360 1424 1438 μεγέθει
1456 1369 1563 1420 τῶν
1612 1370 1868 1440 τελεοθη-

277 1458 550 1526 σομένων,
594 1458 731 1512 ἀλλὰ
764 1460 859 1511 καὶ
885 1461 1081 1530 πλήθει
1129 1461 1188 1513 τὸ
1219 1459 1522 1531 παράδοξον
1557 1464 1860 1531 καταγγέλ-

272 1548 516 1614 λουσανε

345 1639 506 1694 Οὕτω
537 1643 766 1710 Κοσμᾶς
813 1643 912 1696 καὶ
942 1643 1245 1715 Δαμιανδς,
1284 1649 1392 1710 τοῖς
1421 1649 1478 1701 ἐν
1511 1648 1722 1719 νεότητι
1751 1647 1860 1701 σώ-

215 1765 220 1772 .
283 1747 461 1798 ματος
491 1732 855 1801 ἀρδευθέντες
885 1752 945 1787 τε
979 1735 1094 1806 ἅμα
1139 1739 1235 1790 καὶ
1276 1739 1668 1810 άναδιδόμενοι,
1720 1741 1856 1794 καθ-

275 1823 422 1895 άπερ
479 1826 675 1897 εὐγενῆ
737 1828 968 1898 στελέχη
1003 1831 1448 1902 κατορθώμασιν,
1490 1807 1571 1896 είς
1632 1834 1857 1904 ἄπειρον
1890 1807 1932 1863 Β

271 1913 490 1986 ἀρετῶν
534 1917 631 1968 καὶ
688 1921 1048 1988 χαρισμάτων
1083 1922 1388 1992 ἀνέδραμον
1433 1921 1586 1992 ὖζιος.
1633 1924 1860 1992 Κοσμᾶς

272 2010 371 2063 καὶ
419 2009 715 2080 Δαμιανὸς,
755 2013 803 2064 οἱ
857 2013 1035 2082 ψυχὰς
1086 2012 1182 2083 μὲν
1230 2014 1432 2078 ἐνθέοις
1481 2015 1856 2084 κοσμήσαντες

271 2101 572 2172 πράξεσινο
602 2103 979 2176 κοσμηθέντες
1002 2105 1058 2158 δὲ
1087 2107 1190 2159 ὑπὸ
1216 2106 1443 2173 τούτων,
1478 2106 1617 2160 ὅλων
1651 2108 1861 2178 κοσμή-

270 2211 431 2266 τορες
461 2198 580 2256 ταῖς
603 2195 945 2265 πολυφὼτοις
975 2199 1084 2251 τῶν
1114 2200 1412 2270 θαυμάτων
1440 2200 1854 2270 λαμπρότησινο

271 2287 322 2340 οἱ
350 2287 534 2355 λόγοις
563 2289 664 2358 μὲν
687 2289 991 2355 εὐσεϐείας,
1021 2291 1120 2352 τάς
1148 2291 1258 2344 τῶν
1283 2291 1588 2362 ἀνθρώπων
1617 2293 1859 2356 διανοίας

272 2379 656 2448 κοσμήσαντες
681 2394 694 2408 ·
727 2380 996 2449 σωμάτων
1022 2380 1077 2432 δὲ
1108 2380 1311 2450 κόσμος
1332 2421 1346 2446 ,
1380 2383 1447 2451 τῇ
1471 2380 1578 2433 τῶν
1599 2382 1858 2452 ἀκόσμων

271 2469 466 2524 παθῶν
501 2470 834 2540 ἀποσοϐήσει
866 2472 1327 2542 παρασχεθέντες.

344 2557 508 2617 Οὗτοι
551 2562 755 2626 τοίνυν,
806 2563 898 2617 ἐπὶ
924 2567 1024 2634 τῆς
1065 2564 1408 2633 τελειοτάτης
1445 2565 1646 2636 ἀρετῆς
1677 2583 1737 2618 τε
1765 2567 1858 2619 καὶ

271 2651 550 2723 πράξεως,
579 2653 678 2724 τὴν
702 2653 886 2724 κρίσιν
919 2653 1142 2723 ἀσφαλῆ
1173 2653 1268 2706 καὶ
1293 2654 1580 2708 ἀνόθευτον
1608 2654 1858 2728 θειοτέρα

268 2750 339 2818 τῇ
370 2746 631 2818 ἐπιπνοίᾳ
669 2747 1114 2818 προσειλήφασιν
1135 2763 1146 2778 ·
1178 2747 1276 2819 τὴν
1308 2747 1420 2802 τῶν
1459 2748 1721 2802 ἐναντίων
1758 2749 1857 2819 μέν

270 2839 536 2894 ἀπάντων
581 2840 802 2904 αἰτίαν,
854 2841 963 2894 τῶν
1014 2840 1234 2908 ἀγαθῶν
1273 2841 1331 2893 δέ
1362 2840 1656 2911 πολεμίαν,
1702 2841 1856 2895 ἐσδε-

269 2930 500 2995 λύξαντο
539 2930 937 3002 φιλαργυρίαν.
973 2931 1217 3001 Ἔμαθον
1244 2933 1353 3003 γάρ
1380 2932 1570 3004 πείρᾳ,
1610 2935 1731 2994 ταῖς
1759 2930 1856 2986 τοῦ

272 3025 567 3078 θεσπεσίου
617 3025 831 3077 Παύλου
885 3023 1444 3094 προστοιχειωθέντες
1491 3026 1743 3096 ρήσεσιν,
1780 3024 1857 3088 ὼς

272 3113 492 3184 ἀληθῶς
528 3113 656 3182 ῥίζα
692 3114 786 3166 τοῦ
819 3099 942 3166 ὅλου
991 3115 1100 3166 τῶν
1131 3115 1320 3168 κακῶν
1363 3113 1502 3185 αὕτη
1543 3113 1851 3185 καθέστηκε

270 3206 605 3274 καταλόγου.
641 3207 720 3258 Δι’
753 3204 924 3274 αὐτὴν
953 3203 1123 3274 ἔριδες
1157 3205 1252 3258 καὶ
1297 3203 1488 3274 μάχαι,
1520 3207 1615 3257 καὶ
1647 3203 1850 3258 ἄσπον-

267 3297 350 3352 δοι
407 3297 840 3368 συγκροτοῦνται
898 3295 1150 3364 πόλεμοι.
1213 3295 1292 3348 Δι’
1352 3295 1524 3366 αὐτὴν
1576 3297 1672 3348 καὶ
1721 3295 1854 3366 γένη

273 3391 524 3462 προσεχῆ
572 3390 692 3442 κατ’
745 3389 994 3460 ἀλλήλων
1059 3387 1526 3458 ἐκπολεμοῦνται·
1569 3390 1754 3459 πατήρ
1809 3389 1856 3442 θ’

271 3485 390 3537 υἱὸν
447 3484 678 3553 νεμεσᾷ,
714 3485 809 3537 καὶ
845 3485 977 3546 παῖς
1029 3483 1165 3552 πρὸς
1228 3483 1444 3552 πατέρα
1503 3483 1699 3552 δολερά
1733 3483 1859 3553 βου·

269 3576 512 3630 λεύεται.
545 3576 622 3627 Δι’
655 3574 835 3644 ἔρωτα
873 3573 1102 3644 ταύτης,
1159 3571 1377 3640 φύσεως
1410 3573 1609 3642 δεσμὸν
1639 3573 1857 3641 ἀδελφοὶ

268 3666 606 3730 διαλύουσιν,
657 3666 752 3719 καὶ
799 3665 1054 3735 χείριστα
1111 3663 1390 3735 πολεμίων
1450 3667 1593 3718 κατά
1650 3663 1857 3734 ταύτης

269 3759 748 3832 ἐπιμηχανῶνται.
785 3761 862 3812 Δι’
909 3759 1098 3827 αὐτὴν,
1136 3759 1540 3821 ἐπαναστάσεις
1575 3759 1637 3811 οὐ
1674 3759 1855 3828 μόνων

270 3855 606 3926 ὑπερορίων,
657 3852 795 3906 ἀλλά
847 3853 944 3905 καὶ
991 3851 1208 3921 ὁμόρων
1259 3849 1432 3902 ἐθνῶν
1475 3849 1851 3922 ἐξαρτύονται.

269 3950 354 4003 Δι’
385 3948 557 4019 αὐτὴν
579 3946 865 4016 ὠμόταται
894 3943 1212 4015 τυραννίδες
1236 3943 1490 4012 καθάπερ
1519 3942 1649 4014 ξίφη
1679 3959 1856 4014 παρα-

271 4040 570 4108 θήγονται,
606 4037 703 4091 καὶ
748 4037 892 4089 κατά
923 4033 1258 4104 εὐνομούσης
1317 4033 1413 4087 καὶ
1457 4033 1715 4097 εὐσεϐοῦς
1761 4033 1855 4085 καὶ

270 4132 460 4185 θεόθεν
508 4131 570 4183 τὸ
624 4129 827 4200 κράτος
877 4129 1106 4196 ἐχούσης
1156 4125 1435 4193 βασιλείας
1488 4124 1852 4197 προσακοντίο

270 4224 479 4289 ζονται.
519 4223 598 4274 Δι’
622 4222 793 4292 αὐτὴν
824 4219 1119 4290 ὁμοφύλων
1152 4219 1333 4287 φόνος,
1364 4218 1457 4271 καὶ
1482 4216 1851 4286 πανωλεθρίαι

267 4315 726 4385 κατατολμῶνται
763 4313 973 4384 δήμων.
1027 4311 1127 4364 Διά
1159 4309 1384 4381 ταύτης,
1424 4308 1625 4362 ἀδίκων
1679 4310 1849 4379 ὑπερ-

272 4408 526 4480 ισχύουσι
572 4409 776 4478 χεῖρες,
818 4405 912 4458 καὶ
943 4405 1104 4471 φόνος
1136 4402 1514 4474 περιοιδαίνει,
1553 4402 1645 4454 καὶ
1675 4402 1849 4473 ὑπερ-

269 4495 470 4568 πλήθει
528 4493 846 4558 πλεονεξία,
909 4492 1006 4545 καὶ
1063 4491 1224 4544 πενία
1300 4493 1396 4546 καὶ
1446 4493 1652 4563 ἀπορία
1721 4493 1848 4556 τοὺς
1880 4514 1924 4569 υ

269 4590 596 4644 πλεονεκτου
605 4589 797 4660 μένους
825 4589 1115 4658 κατάγχει.

338 4681 563 4752 Ταύτης
601 4683 630 4734 ὁ
663 4680 928 4751 ἐνηδόνως
969 4677 1272 4748 ἐντρυφῶν,
1299 4677 1678 4749 ἀλλοτριοῦται
1709 4679 1848 4733 πάν-

264 4789 375 4837 τως
401 4775 500 4844 τῆς
529 4771 640 4825 τῶν
671 4771 841 4833 ὄντως
880 4770 1100 4840 ἀγαθῶν
1143 4771 1533 4842 ἐντρυφήσεως
1556 4786 1570 4801 ο
1623 4770 1849 4823 πλουτεῖ

263 4863 558 4916 τάναντία*
593 4863 729 4932 πρὸς
769 4861 964 4934 ἡδονάς
1005 4861 1368 4915 καθέλκεται⁹
1415 4863 1658 4931 μανικῶς
1708 4862 1845 4932 πρὸς

264 4958 392 5020 τοὺς
425 4955 652 5028 πλησίον
673 4954 1004 5008 διατίθεται·
1038 4953 1210 5026 ὀφρῦς
1243 4954 1492 5024 ἀνασπᾷο
1525 4953 1844 5018 ἀλαζονικὸν

264 5049 368 5121 ὁρᾷ
385 5064 399 5078 ·
435 5048 577 5118 μέγα
602 5048 792 5116 φρονεῖ
815 5045 909 5099 καὶ
933 5045 1114 5097 ἐκνοον
1132 5061 1146 5075 ’
1165 5046 1351 5113 ἀγνοεί
1379 5045 1564 5114 σχεδὸν
1594 5046 1655 5098 οὐ
1684 5045 1845 5114 μόνον

265 5140 636 5211 ταπεινότητα
671 5139 919 5208 φύσεως,
949 5138 1045 5190 καὶ
1093 5138 1337 5193 διάλυσιν
1383 5139 1667 5208 σώματος,
1709 5139 1847 5193 ἀλλὰ

267 5235 361 5290 καὶ
389 5233 754 5304 δικαιωτήρια
800 5230 1053 5302 μένοντα,
1093 5233 1187 5284 καὶ
1221 5230 1410 5300 κριτοῦ
1439 5231 1652 5286 δικαίου
1688 5232 1846 5304 δίκην

266 5327 669 5398 ἀπαραίτητον.

351 5417 513 5471 Ἀλλά
543 5417 638 5470 καὶ
666 5415 810 5470 οὕτω
844 5415 1065 5486 συννοίᾳ
1087 5415 1190 5484 τῆς
1215 5413 1676 5486 φιλοχρηματίας,
1708 5417 1847 5487 πρός

265 5527 326 5564 τε
339 5511 477 5578 τοὺς
511 5509 745 5578 πλησίον
777 5509 872 5560 καὶ
894 5507 994 5577 τὴν
1035 5507 1243 5559 οἰκείαν
1268 5506 1642 5578 διατιθέμενος
1672 5523 1846 5578 σωτη-

451 5601 703 5655 οἰκετῶν
755 5600 956 5654 ἀθλίων
1013 5597 1396 5671 χαλεπώτερον
1441 5597 1649 5653 διανύει
1705 5599 1840 5670 βίον,

507 5776 745 5833 Timoth.
795 5792 865 5845 vr,
911 5777 1011 5859 lO._

1979 543 2218 596 divinam
2255 543 2582 597 eharitatem
2633 544 2752 599 aliis
2807 548 3058 601 omnibus
3106 550 3559 608 dcsiderabilibus

1977 634 2246 700 potiorem
2300 634 2608 700 habentes;
2677 647 2959 691 servantes
3024 639 3290 694 sinceram
3362 643 3553 711 fidem;

1975 738 2190 793 semper
2231 726 2586 779 conscientia:
2643 729 3010 780 testimonimn
3054 732 3420 801 sustinentes;
3476 737 3560 790 di-

1975 813 2213 868 lectione
2238 815 2288 866 in
2327 818 2604 884 proximos
2628 817 2897 872 indivulse
2937 821 3247 887 conjuncti;
3285 839 3311 874 a
3347 825 3556 882 vitiosis

1975 903 2342 972 voluptatibus
2390 907 2604 972 avulsi;
2639 909 2904 962 adversus
2935 923 3029 964 eas
3067 911 3270 979 fortes;
3314 916 3555 969 membra

1973 998 2218 1063 corporis
2247 999 2670 1062 tnortilicantes;
2703 1001 2845 1064 vires
2889 1003 3052 1055 animi
3103 1005 3551 1073 corroborautes;

1971 1091 2280 1157 studioque,
2306 1105 2413 1158 quo
2437 1075 2670 1145 maxima
2706 1093 2822 1160 ipso
2843 1095 3017 1147 aetatis
3047 1094 3178 1149 ﬂore
3204 1097 3550 1167 peragebant,

1971 1179 2206 1232 futuram
2237 1182 2290 1234 iu
2317 1183 2396 1235 eis
2423 1184 2687 1236 donorum
2717 1186 3045 1250 novitatem,
3080 1203 3198 1256 qua:
3228 1191 3424 1244 nedum
3453 1207 3552 1260 pa-

1969 1273 2286 1322 trandorum
2351 1274 2743 1341 magnitudine,
2792 1276 2885 1329 sed
2927 1285 2981 1329 et
3031 1293 3258 1332 numero
3307 1282 3552 1338 mirabile

1966 1361 2095 1428 quid
2134 1363 2506 1429 protenderet,
2539 1365 2883 1424 indicabant.

2034 1638 2124 1692 Sic
2159 1639 2325 1708 igitur
2357 1639 2582 1696 Cosmas
2613 1659 2677 1697 ac
2711 1641 3041 1710 Damianus,
3087 1646 3248 1703 rebus
3285 1650 3543 1717 praeclare

1965 1731 2130 1798 gestis
2161 1731 2384 1800 juvenili
2436 1733 2611 1787 adlmc
2670 1749 2900 1801 corpore
2931 1775 2947 1799 ,
2989 1736 3177 1806 irrigui
3217 1740 3422 1806 pariter
3454 1756 3550 1792 au-

1964 1824 2145 1890 ctiqne
2196 1840 2294 1877 ceu
2345 1827 2480 1878 rami
2534 1826 2796 1893 ingenui,
2830 1827 2880 1879 in
2927 1827 3247 1882 immensam
3288 1832 3545 1886 virtutum

1965 1917 2338 1986 donormnque
2373 1917 2678 1973 celsitatem
2709 1932 3121 1986 promoverunt.
3155 1922 3417 1989 Cosmas,
3459 1927 3545 1979 in-

1964 2024 2161 2076 quam,
2209 2018 2262 2062 et
2317 2009 2642 2075 Damianus,
2699 2013 2900 2068 divinis
2969 2015 3278 2070 actionibus
3329 2018 3546 2073 animos

1963 2111 2332 2166 exornanles;
2389 2112 2552 2172 atque
2601 2103 2667 2158 iis
2706 2106 2992 2160 ornatibus
3049 2109 3428 2163 universorum
3483 2123 3546 2164 se

1964 2200 2253 2245 ornatores
2305 2192 2658 2248 lucidissimis
2716 2197 3101 2252 miraculorum
3160 2199 3544 2268 splendoribus

1961 2283 2264 2351 prtebentes
2327 2302 2341 2338 :
2402 2285 2612 2354 piorum
2676 2288 2898 2355 quidem
2965 2305 3276 2345 sermonum
3346 2294 3545 2347 decore

1962 2386 2172 2431 mentes
2223 2377 2500 2430 hominum
2547 2379 2884 2446 excoleutes;
2920 2399 3318 2454 corporumque
3361 2401 3420 2441 se
3447 2389 3544 2442 de-

1961 2481 2078 2530 cus,
2107 2469 2418 2523 morborum
2447 2470 2672 2538 depulso
2703 2474 2990 2540 dedecore,
3021 2476 3361 2533 exhibentes.

2033 2557 2125 2613 Sic
2150 2559 2358 2630 itaque,
2401 2566 2934 2620 consummatissima
2968 2570 3168 2620 virtute
3203 2583 3268 2622 ac
3302 2569 3542 2636 actione,

1961 2653 2251 2707 sincerum'
2286 2653 2551 2722 judicium
2615 2667 2904 2728 tutumque
2956 2660 3210 2714 diviniori
3274 2662 3538 2718 instinctu

1960 2759 2333 2814 assumpsere;
2391 2749 2656 2803 malorum
2703 2752 2946 2805 omnium
2981 2768 3228 2819 causam,
3282 2769 3344 2810 ac
3373 2755 3544 2812 bono.

1961 2850 2081 2888 rum
2113 2837 2323 2892 hostem
2379 2841 2674 2894 avaritiam
2703 2842 2976 2896 detestati.
3011 2844 3222 2916 Quippe
3250 2851 3540 2917 experien-

1961 2924 2030 2976 tia
2083 2935 2372 2991 noveranl,
2425 2928 2590 2982 divini
2640 2930 2791 2984 Pauli
2847 2932 3157 2987 testimonio
3204 2935 3330 2989 olim
3374 2936 3543 2992 infor-

1960 3025 2163 3082 mante,
2194 3032 2316 3074 esse
2361 3020 2503 3074 illam
2555 3023 2730 3091 reipsa
2764 3026 2997 3080 radicem
3062 3030 3222 3084 totius
3273 3031 3540 3085 malorum

1958 3117 2135 3163 cetus
2161 3110 2229 3164 ".
2262 3111 2366 3165 Per
2391 3127 2507 3166 eam
2540 3113 2659 3168 lites
2684 3130 2746 3168 ac
2769 3132 2983 3186 pugnm,
3012 3119 3256 3190 bellaque
3287 3121 3545 3190 implaca-

1963 3200 2090 3252 bilia
2119 3200 2442 3255 conflantur.
2477 3202 2576 3257 Per
2617 3220 2759 3270 eam,
2812 3208 2910 3276 ipsi
2949 3226 3164 3279 quoque
3196 3227 3392 3282 genere
3419 3231 3545 3283 pro-

1960 3291 2144 3359 piuqui
2179 3292 2509 3360 efferantur;
2539 3305 2804 3368 paterque
2844 3302 2954 3355 odit
2999 3301 3192 3367 lilium,
3224 3319 3286 3358 ac
3317 3305 3456 3359 filius
3484 3306 3540 3360 in

1959 3393 2168 3451 patrem
2229 3385 2380 3440 dolos
2439 3365 2801 3443 machinatur.
2866 3391 3066 3448 Amore
3134 3397 3375 3462 pecuniae
3433 3401 3540 3452 acti

1959 3474 2190 3539 fratres,
2250 3488 2454 3533 natura:
2519 3482 2790 3535 vinculum
2848 3485 3184 3547 dissolvunt,
3247 3488 3542 3559 pcjoraque

1960 3566 2207 3622 hostibus
2239 3570 2289 3621 in
2322 3585 2442 3622 eam
2491 3571 2808 3627 moliuntur.
2868 3574 3095 3644 Propter
3140 3581 3382 3646 pecunia:
3421 3591 3538 3635 stu-

1959 3659 2134 3722 dium,
2164 3663 2360 3714 nedum
2389 3671 2542 3716 extra
2575 3664 2709 3718 lines
2738 3665 2952 3733 longius
3000 3669 3329 3736 positarum,
3359 3674 3454 3723 sed
3488 3687 3543 3725 et

1958 3754 2422 3808 conten-minarum
2486 3756 2753 3824 gentium,
2812 3758 3044 3812 iusuitns
3101 3764 3374 3815 oriuntur.
3434 3761 3538 3816 Per

1958 3845 2087 3899 illud
2130 3849 2519 3905 crudelissimae
2549 3852 2863 3922 tyrannides
2917 3869 3013 3907 ceu
3043 3853 3204 3923 gladii
3235 3866 3532 3920 acuuntur,

1957 3940 2326 4008 adversusque
2360 3940 2565 4008 legibus
2606 3942 2913 3995 institutum
2955 3958 3200 4013 regnum,
3256 3947 3536 4014 piumque.

1956 4044 2019 4083 ac
2047 4029 2198 4097 cujus
2236 4047 2264 4084 a
2309 4032 2416 4086 Deo
2454 4043 2694 4101 potestas
2736 4035 2980 4101 eXsistat,
3032 4037 3395 4092 instruuntur.
3432 4037 3539 4092 Per

1956 4119 2084 4174 illud
2126 4124 2508 4178 contribulium
2568 4137 2975 4192 praisuniuntur
3023 4144 3218 4193 neces,
3255 4147 3318 4184 ac
3351 4140 3537 4184 exter-

1959 4213 2122 4266 minia
2174 4215 2517 4284 populorum.
2562 4216 2667 4272 Per
2714 4219 2842 4272 illud
2893 4219 3200 4288 iniquorum
3235 4223 3531 4292 praevalent

1957 4319 2168 4367 manus,
2211 4307 2495 4375 caedesque
2526 4307 2847 4374 exuberant,
2880 4325 2944 4364 ac
2990 4311 3198 4381 injuriae
3232 4329 3391 4382 supra
3421 4329 3537 4368 mo-

1955 4396 2080 4449 dum
2125 4407 2410 4466 augentur,
2452 4413 2749 4470 passosque
2818 4400 3072 4472 injuriam
3119 4415 3414 4474 paupertas
3470 4420 3536 4462 ac

1955 4502 2134 4541 rerum
2169 4488 2349 4556 inOpia
2376 4501 2600 4560 angunt.

2027 4672 2126 4739 Qui
2157 4675 2399 4743 pecunia:
2435 4677 2615 4733 studio
2639 4678 3017 4748 voluptuosius
3063 4681 3369 4750 deiiciatur,
3402 4682 3538 4739 alic—
3591 4685 3610 4702 ί

1955 4783 2056 4822 nus
2084 4769 2307 4822 omnino
2331 4784 2362 4823 a
2413 4785 2542 4824 vere
2573 4771 2837 4827 bonorum
2869 4773 3077 4830 deliciis
3110 4773 3372 4843 edicitur;
3404 4778 3536 4832 sibi-

1952 4875 2060 4930 que
2106 4862 2384 4914 contraria
2435 4865 2680 4931 congerit
2727 4866 3014 4919 :trahitur
3067 4866 3134 4920 ad
3188 4867 3530 4935 voluptates;

1956 4951 2157 5006 furiose
2204 4953 2366 5008 habet
2413 4953 2482 5008 ad
2531 4957 2838 5025 proximos;
2873 4959 3164 5026 supercilia
3219 4959 3531 5025 contrahit;

1953 5054 2036 5096 est
2083 5043 2359 5113 armgauti
2423 5055 2682 5112 aspectu;
2743 5045 2912 5097 altum
2961 5044 3294 5112 stultumque
3356 5047 3527 5115 sapit;

1954 5135 2177 5205 fereque
2210 5140 2402 5201 nescit,
2433 5141 2628 5191 nedum
2661 5146 2868 5191 natura;
2898 5137 3280 5201 hmnilitatem,
3317 5152 3381 5191 ac
3410 5153 3536 5192 cor-

1953 5228 2103 5295 poris
2146 5228 2582 5293 dissolutionem,
2633 5229 2728 5283 sed
2771 5239 2826 5282 et
2870 5236 3009 5283 Stata
3037 5229 3536 5301 judicia,justique

1946 5320 2145 5389 judicis
2169 5336 2413 5376 severam
2448 5321 2726 5374 ultionem.

2025 5415 2163 5482 Quin
2223 5424 2278 5469 et
2334 5416 2406 5469 ita
2462 5431 2626 5469 avara
2689 5414 3020 5486 cogitatione
3054 5453 3071 5478 ,
3133 5417 3199 5468 ad
3253 5415 3540 5484 proximos

1954 5523 2218 5578 suamque
2261 5509 2432 5576 ipsius
2459 5508 2664 5562 habens
2688 5510 2942 5570 salutem,
2971 5509 3144 5562 servis
3179 5506 3395 5561 miseris
3419 5524 3532 5562 mo-

1953 5601 2228 5658 lestiorem
2261 5601 2374 5672 agit
2417 5604 2604 5672 vitam,
2629 5601 2914 5672 cupiditati
2941 5601 3218 5671 subjectus
3245 5609 3297 5655 ct
3326 5603 3531 5657 manci-
