3948 6162
251 317 393 386 1513

1102 317 1182 378 ΙΝ
1223 318 1327 378 SS.
1371 315 1603 378 MART.
1644 314 1946 375 COSMAM
1985 313 2080 374 ET
2120 308 2534 374 DAMIANUM

3373 305 3508 372 15H

250 451 464 501 σαντες,
499 433 621 506 Θεῷ
642 435 752 504 ,μὲν
801 433 876 496 ὡς
929 433 1168 503 ἐγχωρεῖ
1214 433 1380 503 νοητῇ
1416 449 1522 484 τινι
1575 433 1825 500 γενητοῖς

1936 444 2242 498 novumque
2279 445 2343 485 ac
2371 428 2675 484 mirabilem
2712 439 2934 483 cursum
2963 425 3340 490 conliclentcs,
3382 441 3506 480 cnm

247 525 522 582 οἰκειώσει
571 525 1038 598 προσωμίλησανο
1079 523 1190 576 τῶν
1240 525 1372 595 παρ’
1418 521 1586 576 αὐτοῦ
1641 522 1698 575 δὲ
1729 521 1828 574 δω-

251 619 412 691 ρεῶν,
454 619 596 690 ὑπὲρ
633 619 854 673 ἃπασαν
878 617 1194 671 ἀπέλαυσαν
1225 617 1484 670 διάνοιαν.
1518 614 1697 668 Μόνον
1717 614 1827 684 γὰρ

249 711 415 764 αὐτὸν
459 712 622 781 κόρου
669 711 745 781 μὴ
796 710 1233 782 προσγινομένου
1306 707 1666 778 ποθήσαντες,
1725 707 1826 759 καὶ

249 803 374 865 τούς
414 801 638 872 πλησίον
672 800 814 870 ὐπέρ
862 800 1113 862 ἑαυτοὺς,
1149 801 1398 868 κρεῖττον
1443 799 1640 862 εἰπεῖν,
1679 797 1711 867 ἢ
1755 796 1829 860 ὡς

248 894 480 955 ἑαυτοὺς
530 894 945 962 ἀγαπήσαντες,
1015 891 1200 962 ἔργοις
1256 890 1463 953 αὐτοῖς,
1521 888 1624 958 τὴν
1688 887 1828 957 πρὸς

249 983 457 1035 ἐκεῖνον
493 981 720 1050 ἀγάπην
780 981 1074 1052 παριστᾷν,
1127 979 1478 1050 ἐκομίσαντο.
1546 975 1829 1030 Ἐντεῦθεν

248 1072 437 1133 αὐτοῖς
472 1073 522 1123 ei
555 1071 900 1141 καταράκται
932 1069 1042 1122 τῶν
1078 1069 1354 1138 οὐρανίων
1396 1067 1636 1138 χαρίτων
1673 1065 1820 1136 ηνοί-

247 1177 466 1232 γησαν·
501 1160 752 1213 ἐντεῦθεν
825 1160 1062 1223 ἄϐυσσος
1109 1162 1142 1229 ἡ
1193 1158 1304 1211 τῶν
1368 1156 1590 1226 ἀγαθῶν
1642 1158 1828 1218 αὐτοῖς

247 1251 543 1320 ἐκκέχυται
575 1265 588 1279 ·
619 1249 763 1302 οὕτω
809 1248 1039 1312 πλοῦτος
1069 1249 1257 1310 αὐτοῖς
1280 1250 1308 1301 6
1338 1247 1445 1300 τῶν
1497 1248 1828 1318 κρειττόνων

248 1340 470 1410 δωρεῶν
495 1337 822 1391 ἐπλεόνασεν
854 1353 869 1367 ·
907 1336 1162 1399 πλοῦτος,
1187 1331 1590 1404 ὃνάπεκύησεν
1628 1331 1792 1386 πενία
1811 1349 1826 1364 ο

250 1430 308 1484 ὃν
339 1429 700 1500 ἁκτημοσύνη
757 1427 1041 1493 συνέλεξεν
1071 1445 1086 1459 ο
1129 1427 1190 1479 ὃν
1221 1425 1538 1496 ἀναργυρία
1596 1423 1822 1477 συνεκόσ

252 1539 413 1592 μισεν
437 1539 452 1550 ·
513 1521 572 1575 δν
605 1521 879 1591 ὑπεροψία
930 1519 1042 1572 τῶν
1096 1518 1384 1588 παρόντων
1414 1517 1786 1588 ἐταμιεύσατο
1810 1533 1824 1548 ο

249 1612 308 1666 δν
339 1615 368 1666 6
402 1614 482 1676 εἰς
515 1611 652 1665 Θεὸν
696 1610 975 1682 ἐπηύξησε
993 1609 1180 1672 πόθος,
1212 1610 1308 1662 καὶ
1340 1611 1374 1680 ή
1398 1609 1536 1679 πρὸς
1567 1609 1854 1678 ὁμοφυεῖς.

249 1705 440 1774 ἀγάπη
471 1703 852 1775 συνήθροισεν.
905 1697 1095 1766 Οὗτος,
1145 1705 1177 1755 ὁ
1223 1701 1295 1754 ἐν
1346 1701 1673 1764 αὐτόπταις
1724 1699 1823 1752 καί

1933 519 2042 574 Deo
2095 520 2334 589 quidem,
2390 528 2654 591 quantum
2732 519 2934 575 creatis
2991 518 3118 572 licet
3191 518 3506 578 maximam,

1932 611 2165 680 spiritali
2236 612 2470 682 quatiant
2546 610 2975 677 necessitudine,
3052 609 3506 665 consuetudinem

1932 701 2269 768 habuerunt;
2324 702 2441 771 ejus
2490 717 2619 756 vero
2657 702 2863 772 majora
2929 713 3180 761 munera,
3236 713 3396 769 qnam
3443 709 3502 752 ιιι

1933 806 2088 846 mens
2123 792 2228 846 ulla
2271 793 2408 846 satis
2436 793 2724 861 intelligat,
2753 799 3108 858 acceperunt.
3145 787 3332 841 Solum
3361 789 3506 841 enim

1930 898 2075 951 eum,
2137 883 2286 938 nulla
2357 884 2613 938 satietate
2657 883 3071 945 desiderantes,
3125 881 3512 950 proximosque

1930 987 2093 1042 supra
2125 991 2285 1044 qnam
2314 975 2550 1045 seipsos,
2607 983 2664 1029 ut
2697 974 2882 1030 verius
2914 975 3124 1039 dicam;
3166 986 3262 1027 seu
3313 971 3508 1025 saltem

1933 1067 2066 1120 nihil
2097 1081 2155 1122 se
2205 1067 2385 1120 minus
2444 1067 2753 1136 diligentes,
2789 1076 2847 1119 ut
2882 1081 3035 1120 suam
3087 1066 3140 1118 in
3182 1065 3332 1117 illutn
3369 1065 3508 1117 dile-

1931 1160 2166 1212 ctionem
2194 1158 2329 1227 ipsis
2349 1169 2811 1228 reprarsentarent
2834 1157 3114 1227 operibus,
3135 1163 3505 1225 reportarunt.

1937 1245 2072 1302 [line
2111 1247 2190 1302 eis
2244 1247 2549 1302 caelestium
2627 1249 2924 1317 gratiarum
2953 1256 3255 1301 cataractae
3305 1255 3511 1314 aperta:

1932 1347 2061 1393 sunt
2093 1355 2106 1391 :
2146 1337 2271 1392 hinc
2300 1339 2381 1392 eis
2411 1337 2673 1392 bonorum
2701 1337 2869 1392 elIusa
2902 1338 3138 1408 abyssus
3166 1353 3180 1389 :
3205 1335 3285 1392 sic
3318 1336 3510 1389 melio-

1933 1443 2052 1481 rum
2117 1427 2198 1482 eis
2251 1426 2520 1480 donorum
2579 1425 2780 1480 divitia:
2831 1427 3226 1481 abundarunt:
3283 1425 3508 1485 divitiae,

1933 1520 2324 1589 inquam,qnas
2344 1527 2634 1589 paupertas
2667 1518 2971 1588 pepererit;
2992 1518 3171 1585 inopia
3196 1517 3508 1585 collegerit;

1933 1609 2312 1678 congesserint
2356 1618 2552 1679 spreta:
2613 1610 2891 1680 pecuniae;
2929 1609 3279 1678 praesentium
3326 1623 3508 1662 rerum

1934 1701 2292 1771 despicientia
2325 1701 2669 1771 reposuerit:
2704 1717 2840 1771 quas
2866 1701 3116 1771 denique,
3164 1699 3260 1755 Dei
3299 1701 3513 1755 deside-

245 1792 574 1861 ὑπηρέταις
620 1793 729 1847 τοῦ
785 1791 934 1846 Θεοῦ
979 1793 1176 1861 Λόγου
1225 1789 1612 1854 πλεονάσας·
1651 1783 1825 1852 οὗτος,

1935 1793 2075 1846 rium
2117 1793 2370 1858 auxerit;
2423 1791 2756 1861 dilectioque
2825 1793 2878 1846 in
2943 1801 3204 1862 cognatos
3264 1792 3510 1846 homines

147 1931 154 1938 .
247 1883 575 1953 ὁμοτρόποις
608 1882 793 1952 ἔργοις
837 1882 937 1936 καὶ
983 1882 1130 1952 λόγῳ
1173 1879 1570 1950 γεγενημένοις
1621 1878 1828 1942 αὐτῶν,

246 1973 635 2044 ὐπερέὅρισεν.
692 1975 835 2037 Τοὺς
880 1972 1105 2026 ἐκείνων
1161 1973 1270 2043 γὰρ
1320 1971 1543 2040 ἀγῶνας
1577 1971 1827 2040 εὐψύχως

245 2066 554 2130 διεδέξαντο
579 2081 593 2095 ο
621 2066 748 2129 τούς
778 2064 920 2134 ὐπέρ
956 2063 1216 2135 ἀληθείας
1242 2063 1437 2124 πόνους
1463 2078 1476 2092 °
1518 2062 1618 2125 τὰς
1671 2077 1831 2130 περι-

245 2159 477 2226 ηγήσεις
513 2172 526 2186 ’
565 2155 662 2219 τάς
695 2156 833 2225 ὐπέρ
863 2153 1080 2219 εὐεξίας
1110 2153 1299 2224 ψυχῶν
1341 2151 1634 2223 φροντίδας
1671 2167 1685 2183 ο
1727 2150 1829 2214 τάς

247 2248 383 2316 ὑπὲρ
407 2246 707 2316 θεραπείας
733 2247 1005 2315 σωμάτων
1025 2243 1349 2314 ἐπιμελείας
1378 2261 1392 2276 ο
1426 2243 1524 2314 τὴν
1554 2243 1830 2296 ἀδάπανον

249 2337 489 2406 σπουδήν
525 2353 540 2367 ’
574 2337 700 2400 τοὺς
748 2336 946 2407 ἀμισθὶ
1005 2334 1519 2405 καταϐαλλομένους
1553 2333 1787 2403 δρόμους
1811 2347 1826 2362 ο

245 2428 344 2498 τὴν
365 2429 470 2481 οὐκ
502 2428 799 2498 ἀπέριττον
853 2427 1036 2497 μόνον,
1075 2426 1214 2480 ἀλλά
1246 2426 1341 2479 καὶ
1366 2426 1542 2495 πάντη
1599 2424 1828 2478 δέουσαν

246 2519 357 2572 τῶν
396 2521 457 2571 ἐν
482 2519 643 2590 χρείᾳ
668 2519 818 2589 ζωήν
852 2536 866 2551 ο
909 2519 1008 2589 τὴν
1037 2517 1149 2571 τῶν
1181 2518 1466 2589 παρόντων
1497 2515 1786 2586 γύμνωσιν
1812 2531 1825 2544 ·

251 2609 340 2662 τὸν
366 2609 789 2680 ἐσταυρωμένον
825 2608 962 2678 βίον,
1003 2609 1070 2662 δι’
1095 2609 1175 2673 ὃν,
1207 2607 1462 2661 κοινωνοὶ
1488 2607 1586 2676 μὲν
1609 2606 1706 2675 τῆς
1730 2603 1824 2658 τοῦ

251 2699 582 2763 πεπονθότος
612 2700 967 2762 ἀναστάσεως
995 2700 1245 2768 ἐγένοντο
1269 2716 1281 2731 ο
1316 2697 1620 2770 ἀνθρώπων
1649 2697 1707 2750 δὲ
1731 2697 1833 2758 τὰς

255 2791 321 2844 δι’
349 2791 761 2862 ὑπερϐάλλοντα
812 2791 961 2861 πάθη
990 2790 1406 2861 νενεκρωμὲνας
1447 2789 1696 2852 ἐλπίδας,
1737 2789 1830 2842 ὐπ’

253 2883 422 2938 αὐτοῦ
448 2884 542 2937 τοῦ
571 2883 926 2947 ἀναστάντος,
946 2885 1040 2936 καὶ
1068 2883 1195 2946 τοὺς
1217 2884 1448 2953 νεκροὺς
1480 2883 1830 2954 συναναστή-

258 2991 473 3038 σαντος,
499 2975 884 3046 ἀναζωπυρεῖν
919 2974 1230 3045 εἰλήφασιν.

1930 1885 2289 1940 coacervarit.
2330 1884 2563 1949 Divitiae,
2592 1883 2645 1937 in
2684 1883 2752 1938 iis
2805 1883 2936 1938 olim
2985 1883 3357 1947 abundantes,
3417 1884 3510 1953 qui

1926 1977 2028 2045 ipsi
2059 1975 2318 2041 viderunt,
2362 1991 2424 2029 ac
2477 1975 2734 2030 sermonis
2771 1974 2884 2029 Dei
2916 1975 3150 2029 ministri
3203 1975 3510 2044 fuerunt“,

1927 2065 2164 2134 atquein
2200 2065 2352 2129 viris,
2392 2065 2586 2118 iisdem
2625 2080 2748 2119 cum
2780 2065 2889 2120 illis
2921 2065 3186 2130 moribus,
3218 2073 3330 2119 tum
3364 2067 3507 2134 quod

1928 2163 2136 2224 spectat
2170 2155 2235 2210 ad
2266 2170 2453 2223 opera,
2494 2165 2605 2208 tum
2647 2157 2790 2223 quod
2835 2156 2898 2219 ad
2950 2169 3290 2220 sermonem,
3342 2171 3505 2224 supra

1934 2247 2155 2302 modum
2199 2248 2588 2303 exuberantes.
2618 2246 2818 2302 Eorum
2853 2248 3050 2316 quippe
3089 2260 3314 2317 agones,
3342 2261 3510 2316 gene-

1933 2354 2074 2415 roso.
2095 2340 2294 2395 mentis
2322 2340 2602 2409 proposito
2632 2350 3000 2408 exceperunt:
3047 2340 3261 2395 labores
3293 2355 3390 2408 pro
3420 2354 3510 2392 ve-

1929 2431 2129 2496 ritate;
2163 2431 2426 2488 doctrina:
2457 2445 2629 2486 sacrae
2676 2430 3124 2500 exlilanaliones;
3184 2443 3528 2499 assumptas-

1931 2536 2034 2592 pro
2073 2521 2381 2577 animorum
2429 2521 2718 2578 sanatione
2749 2521 3199 2597 sollicitudines;
3236 2521 3509 2590 impensas

1931 2627 2031 2682 pro
2083 2627 2373 2683 corporum
2437 2613 2800 2692 medicatione
2850 2627 3040 2677 curas;
3099 2613 3336 2667 studium
3387 2613 3507 2668 sine

1933 2713 2181 2774 sumptu;
2234 2703 2522 2774 pratjactos
2571 2704 2720 2758 nulla
2751 2697 3008 2759 mercede
3043 2718 3276 2769 cursus;
3330 2703 3498 2758 vitam

1933 2795 2130 2849 nedum
2159 2794 2293 2848 nihil
2321 2795 2676 2864 superﬂuam,
2713 2802 2809 2851 sed
2841 2804 2896 2851 et
2927 2796 3254 2851 necessariis
3279 2794 3504 2850 omnino

1931 2887 2300 2956 indigenlem;
2368 2888 2668 2943 nuditatem
2750 2902 2932 2943 rerum
3005 2889 3292 2957 prasentis
3359 2887 3506 2952 aevi;

1931 2979 2080 3034 cruci
2112 2978 2386 3034 conﬁxam
2417 2980 2610 3043 vitam,
2651 2995 2758 3050 qua
2788 2978 2905 3048 ejus
2929 2978 3352 3034 resurrectionis
3389 2993 3513 3048 par-

251 3067 442 3135 ticipes
473 3065 671 3133 eﬂ'ecti,
714 3065 804 3136 qui
845 3066 954 3135 pati
984 3064 1241 3136 dignatus
1273 3075 1378 3132 est,
1419 3073 1479 3119 ιιι
1532 3075 1813 3121 emortuas
1868 3068 2148 3124 hominum
2216 3085 2340 3142 spes
2397 3071 2466 3126 ab
2530 3069 2914 3142 exsuperantia
2958 3069 3296 3140 passionum,
3347 3085 3502 3126 resu-

251 3159 539 3221 scitarent,
569 3158 637 3212 ab
667 3173 732 3213 eo
763 3167 1112 3228 acceperunt,
1139 3160 1233 3228 qui
1269 3160 1386 3230 ipse
1412 3174 1720 3230 resurgens,
1750 3177 1856 3216 una
1897 3151 2546 3220 mortuos-resuscitavit.

316 3250 429 3303 Καὶ
449 3249 534 3312 τίς
564 3249 630 3302 ἂν
653 3249 722 3304 τά
751 3249 976 3304 ἐκείνων
1006 3251 1104 3320 οὐχ
1132 3251 1209 3314 ὡς
1251 3251 1518 3322 μεγέθους
1551 3254 1648 3305 καὶ
1679 3254 1825 3324 πλή-

2003 3257 2136 3324 Quis
2163 3273 2327 3328 porro
2352 3273 2555 3325 sermo,
2589 3259 2786 3314 nedum
2839 3273 2935 3330 pro
2989 3258 3366 3329 magnitudine
3407 3274 3511 3313 nu-

249 3340 374 3405 θους
411 3340 528 3411 ἔχει
575 3340 900 3412 διηγήσαιτο
947 3341 1142 3409 λόγος,
1175 3342 1314 3396 ἀλλὰ
1356 3342 1454 3397 καὶ
1495 3343 1681 3406 ποσῶς
1728 3343 1828 3414 τῆς

247 3431 430 3485 αὐτῶν
457 3430 803 3502 προσάψαιτο
835 3431 1258 3502 μεγαλειότητος
1289 3449 1303 3497 ;
1331 3434 1495 3486 Ὅσαι
1529 3433 1775 3502 γλῶσσαι
1805 3449 1820 3499 ;

246 3524 356 3578 οὐδ’
391 3525 442 3577 εί
479 3523 675 3594 μυρίαι
696 3541 711 3557 ·
741 3524 852 3577 οὐδ’
884 3526 934 3578 εί
961 3523 1168 3578 τούτων
1199 3525 1632 3590 πολυπλασίονες
1663 3540 1677 3555 ⁸
1713 3524 1826 3578 οὐδ’

245 3615 368 3668 ὅσαι
399 3617 514 3680 τοῖς
544 3617 887 3671 καθέκαστον
926 3619 1125 3682 ἐντοῖς
1148 3617 1245 3671 νῦν
1269 3615 1593 3686 ἐνεργοῦσιν
1624 3615 1828 3687 ἀνθρώ-

249 3723 395 3770 ποις,
431 3709 481 3759 εί
519 3707 832 3776 πειραθεῖεν
891 3706 992 3776 τῆς
1037 3706 1220 3762 αὐτῶν
1258 3707 1592 3778 ὐφηγήσεως
1647 3721 1824 3775 προσ-

245 3797 380 3866 ῆκόν
410 3814 464 3850 τι
493 3797 671 3851 εἰπεῖν
705 3797 1072 3868 ἐξισχύσαιεν.
1134 3797 1306 3868 ’Υπὲρ
1357 3796 1488 3868 γάρ,
1555 3797 1614 3850 οὐ
1657 3796 1826 3867 μόνον

246 3888 535 3960 ἔκφρασιν,
551 3889 686 3943 ἀλλὰ
713 3891 806 3944 καὶ
827 3890 1100 3960 διανόησιν
1116 3889 1291 3942 ταῦτα
1316 3889 1634 3960 γεραίρεται
1658 3906 1673 3920 ·
1689 3888 1827 3940 ἀκα-

243 3982 510 4050 τανοήτου
547 3980 686 4035 Θεοῦ
716 3980 999 4052 θαυμάσια
1049 3981 1415 4050 τυγχάνοντα,
1473 3979 1820 4050 ἀνερμηνεύ-

243 4086 350 4134 τως
370 4071 660 4136 δοξάζεται
687 4086 701 4102 ’
735 4072 1058 4142 χαρίσματα
1077 4071 1549 4142 καινοτομούμενα
1579 4069 1820 4141 παραδό-

247 4159 350 4224 ξως
382 4162 536 4229 ὄντα,
573 4163 962 4234 ἀνεκλαλήτως
996 4162 1245 4226 θεσπίζει
1275 4161 1678 4233 θαυμάζεσθαι.
1708 4161 1822 4214 Οὐκ

246 4253 514 4307 ἐννοεῖται
570 4253 820 4323 λογισμῷ
851 4271 865 4284 ·
928 4254 1030 4306 οὐκ
1103 4254 1434 4323 ἐμφαίνεται
1493 4252 1679 4322 λόγῳ·
1721 4253 1820 4322 οὐχ

246 4343 548 4395 ὑποπίπτει
585 4345 774 4414 μέτρῳ
804 4361 820 4378 ο
851 4345 912 4396 οὐ
947 4345 1126 4414 χρόνῳ
1165 4345 1562 4416 περιορίζεται.
1592 4345 1670 4396 Δι’
1694 4344 1818 4406 ὅλου

244 4436 355 4506 γὰρ
382 4436 476 4488 καὶ
510 4436 633 4490 καθ’
664 4437 904 4508 ἑκάστην
931 4436 1257 4506 τελούμενα,
1289 4437 1427 4508 πρὸς
1460 4437 1687 4506 ἄπειρον
1721 4435 1820 4505 μὲν

244 4527 485 4580 ἐκτείνει
505 4527 604 4596 τὴν
627 4528 1010 4600 ἀπαρίθμησιν
1034 4545 1048 4560 ο
1078 4531 1160 4593 είς
1189 4529 1573 4600 περιμάχητον
1608 4528 1667 4582 δέ
1709 4531 1822 4590 τοῖς

1931 3349 2356 3418 merositateqne
2386 3363 2474 3402 res
2503 3362 2697 3405 eorum
2723 3347 3087 3413 enarraverit,
3140 3347 3235 3402 sed
3294 3346 3378 3402 vel
3413 3347 3511 3402 ali-

1928 3449 2033 3503 qua
2064 3445 2238 3504 parte,
2267 3435 2727 3505 magniﬁcentiam
2750 3435 2966 3490 illarum
2988 3435 3264 3505 attigerit?
3283 3434 3510 3502 Quanta:

1929 3525 1981 3579 id
2015 3524 2243 3594 lingua?
2273 3523 2352 3579 Ne
2385 3526 2432 3579 si
2462 3534 2766 3592 sexcentae;
2802 3541 2869 3580 ne
2907 3525 2952 3580 si
2981 3525 3048 3580 iis
3087 3526 3298 3595 plures;
3342 3541 3411 3582 ne
3463 3527 3508 3581 si

1928 3615 2091 3670 etiam
2128 3624 2403 3686 quatquot
2461 3630 2608 3669 nunc
2659 3615 2714 3668 in
2766 3616 2998 3686 singulis
3038 3618 3350 3674 hominibus
3382 3633 3510 3689 ope-

1927 3715 2140 3768 rantur.
2167 3705 2449 3774 explicare
2485 3706 2839 3772 tentaverint,
2866 3722 3165 3776 congruum
3185 3707 3414 3776 aliquid,
3444 3725 3508 3764 ac

1927 3797 2060 3854 satis
2089 3811 2120 3852 e
2150 3811 2208 3851 re
2237 3797 2420 3852 dicere
2439 3797 2676 3867 possint.
2720 3797 2892 3868 Supra
2935 3798 3105 3864 enim,
3151 3799 3350 3854 nedum
3387 3813 3510 3855 ver-

1925 3891 2118 3946 borum
2147 3889 2588 3957 explicationem,
2617 3890 2726 3944 sed
2774 3900 2829 3945 et
2859 3890 3028 3944 animi
3066 3889 3502 3962 intelligentiam,
3598 3941 3608 3950 .

1925 3985 2042 4036 haec
2071 3982 2436 4036 honorantur.
2471 3980 2602 4048 Qua:
2630 3980 2745 4044 Dei,
2793 3981 3032 4052 cogitatu
3079 3981 3506 4050 incomprehen-

1925 4071 2143 4138 sibilis,
2185 4071 2455 4126 mirabilia
2517 4073 2809 4136 exsistunt,
2866 4071 3230 4141 inexplicabili
3295 4074 3508 4128 ratione

1925 4163 2253 4220 laudantur:
2294 4179 2414 4234 quae
2448 4164 2591 4219 dona
2643 4153 2876 4219 mirabili
2927 4164 3143 4220 ratione
3177 4180 3338 4230 nova,
3391 4167 3506 4222 ine-

1924 4251 2275 4305 narrabiliter
2312 4266 2378 4306 ac
2405 4251 2622 4314 silentio
2650 4252 3000 4306 admirationi
3031 4253 3322 4309 habentur.
3364 4254 3503 4310 Sunt

1923 4341 2138 4396 ratione
2203 4340 2664 4410 inintelligihilia;
2720 4352 3000 4410 nequeunt
3064 4344 3333 4400 declarari
3383 4361 3504 4400 ser-

1925 4447 2114 4497 mone;
2165 4446 2276 4486 non
2315 4432 2521 4487 eadunt
2569 4432 2672 4487 sub
2716 4448 3062 4501 mensuram;
3104 4450 3204 4490 nec
3264 4445 3506 4506 tempore

1925 4521 2283 4578 deﬁniuntur.
2315 4523 2446 4590 Quae
2497 4523 2642 4577 enim
2705 4540 2802 4592 per
2829 4534 3000 4579 totum
3037 4535 3250 4595 tempus
3288 4542 3351 4582 ac
3392 4528 3506 4583 dies

245 4617 537 4687 ἑκατέροις
559 4619 839 4686 ἐγγίνεται
868 4619 1101 4690 χρόνοις.
1129 4620 1433 4673 Φιλονεικεϊ
1477 4620 1586 4690 γὰρ
1613 4621 1642 4672 ό
1673 4636 1816 4688 παρ-

1930 4613 2174 4683 singulos
2219 4624 2698 4680 consummantur,
2735 4615 2788 4669 in
2836 4616 3158 4670 immensam
3199 4618 3504 4673 multitudi-

244 4707 503 4778 φχηκὼς.
533 4709 602 4762 τὰ
635 4710 691 4761 ἓν
743 4710 892 4780 αύτῷ
932 4727 1405 4781 προκεκαινοτομη
1418 4711 1556 4779 μένα
1589 4711 1826 4778 προόαλ-

245 4799 506 4869 λόμενος,
534 4799 839 4870 ἀνάριθμόν
873 4816 934 4852 τε
959 4800 1058 4871 τὴν
1092 4800 1299 4854 τούτων
1329 4799 1504 4872 φορὰν
1529 4801 1822 4871 δεικνύμε-

244 4905 355 4952 νος,
386 4890 451 4957 τῇ
471 4888 517 4941 τ’
552 4889 778 4959 εὐτυχίᾳ
811 4889 1012 4960 μᾶλλον
1040 4888 1136 4942 τοῦ
1176 4892 1298 4960 μετ’
1342 4892 1550 4944 ἐκεῖνον
1602 4890 1821 4960 θαυμά-

245 4974 459 5042 ζεσθαι,
500 4977 596 5029 καὶ
635 4975 704 5030 δι’
735 4977 1076 5048 ἀρχαιότητα
1121 4977 1230 5030 τῶν
1262 4979 1667 5049 πεπραγμένων
1691 4980 1822 5051 κληο

247 5067 477 5136 ροῦσθαι
507 5069 571 5120 τὸ
625 5068 907 5138 αἰδέσιμον
933 5087 945 5100 ·
977 5068 1406 5138 ἀντιφιλονεικεί
1451 5071 1495 5123 δ’
1520 5073 1548 5124 6
1597 5069 1812 5142 παρὼν,

1925 4719 2048 4759 nem
2103 4717 2396 4758 numerum
2465 4705 2773 4773 producunt
2827 4723 2839 4758 :
2907 4721 3217 4776 pugnaque,
3295 4718 3507 4779 tempus

1923 4811 2162 4863 praesens
2191 4812 2256 4851 ac
2288 4797 2626 4866 prmteritum
2686 4799 3062 4855 committunt.
3117 4801 3331 4856 Etenim
3371 4817 3504 4856 cono

1922 4888 2092 4943 tendit
2127 4889 2409 4958 praeterita
2443 4899 2597 4954 mtas,
2630 4906 2772 4946 nova
2805 4891 3090 4958 proferens
3125 4893 3176 4946 in
3207 4895 3318 4962 ipsa
3351 4894 3506 4948 exhi-

1919 4979 2050 5045 bita,
2098 4981 2266 5050 inque
2300 4981 2645 5036 innumeram
2706 4983 3110 5037 multitudinem
3160 4985 3499 5048 promovisse

1927 5072 2255 5137 ostendens;
2284 5088 2346 5126 ac
2365 5076 2612 5142 sequenti
2641 5073 2961 5137 feliciorem,
2985 5073 3105 5140 plus
3123 5074 3504 5129 admirationis

243 5157 411 5212 αὐτόν
442 5175 501 5210 τε
561 5158 904 5213 πλεονεκτεῖν
948 5154 1004 5212 ἐν
1048 5164 1159 5224 τοῖς
1195 5161 1668 5232 προσυνεστῶσιν,
1723 5165 1818 5217 καὶ

1928 5162 2140 5228 habere,
2175 5174 2507 5233 propterque
2530 5180 2710 5219 rerum
2743 5164 3130 5234 antiquitatem
3159 5167 3498 5221 venerationi

243 5249 357 5312 τοῖς
395 5249 521 5318 ἀρτι
552 5249 1071 5319 καινοτομουμένοις
1096 5251 1174 5320 τῷ
1191 5252 1510 5322 ἁσυγκρίτῳ
1563 5255 1820 5323 γεραίρει

247 5339 394 5396 σθαι.
427 5341 539 5393 Καὶ
580 5343 608 5393 6
639 5339 759 5410 μέν,
819 5341 890 5394 τὰ
935 5343 993 5394 ἐν
1025 5343 1408 5414 ὐποδλήμασιν
1454 5344 1820 5413 παραδεικνύς

245 5429 637 5499 ἐγκαλλύνεται
665 5447 680 5462 ο
713 5433 741 5483 6
771 5433 828 5484 δὲ
867 5432 966 5485 σύν
1005 5436 1120 5498 τοῖς
1158 5433 1304 5486 οὕτω
1327 5434 1426 5502 τὴν
1458 5435 1680 5504 μνήμην
1716 5453 1819 5488 πα·-
1856 5467 1858 5472 -

251 5522 610 5590 ρατείνουσιν,
638 5525 732 5574 καὶ
765 5523 837 5575 τὰ
873 5523 1101 5594 ἔναγχος
1135 5526 1230 5580 καὶ
1258 5525 1457 5596 μᾶλλον
1477 5526 1556 5588 εἰς
1583 5527 1816 5597 φανερόν

312 5697 357 5727 ⁹⁶
408 5695 537 5750 Lttt‘.
593 5712 634 5759 1,
669 5695 722 5750 2.

554 5791 825 5851 Parnm"
869 5792 984 5854 Gn.
1030 5793 1097 5854 C.

1915 5267 2082 5308 esse:
2141 5263 2334 5310 contra
2391 5266 2574 5330 autem
2627 5258 2908 5312 contendit
2943 5273 3206 5327 praesens,
3250 5272 3309 5312 se
3340 5258 3391 5311 in
3431 5259 3500 5312 iis

1919 5359 2036 5411 quae
2056 5357 2457 5414 praecesserunt
2503 5349 2718 5404 abunde
2746 5363 3034 5418 superare,
3089 5350 3496 5418 incomparabi-

1918 5436 2064 5504 lique
2097 5451 2278 5491 rerum
2321 5438 2482 5493 modo
2520 5451 2841 5494 novatarnm
2875 5445 3214 5510 praestantia,
3273 5443 3497 5512 praecel-

1919 5527 2053 5583 lere.
2079 5526 2261 5599 Atque
2286 5532 2630 5597 praeteritum
2671 5534 2887 5602 quidem
2922 5549 3117 5599 mvnm,
3155 5551 3251 5591 ceu
3307 5535 3499 5588 innita-

2981 5803 3057 5866 158
