3948 6162
441 255 576 322 1ῖ›ί5

1570 261 1889 323 GEORGII
1931 253 2526 330 NICOMEDIENSIS

3555 279 3688 346 1516

438 371 605 425 tnettli
634 370 752 424 loco
779 369 1029 440 praejacta
1077 372 1389 432 ostendens.
1415 369 1711 442 gloriatur;
1775 390 1999 443 praesens

2120 382 2418 450 προτιθεὶς,
2451 384 2798 453 σεμνύνεται.
2849 385 3009 440 Ἀλλά
3049 387 3190 458 μέγα
3219 387 3548 462 φρονοῦντες
3578 396 3688 462 ἀμ-

435 476 638 530 autem,
656 479 776 519 cum
793 465 859 518 iis
879 481 999 534 qua:
1027 465 1357 536 siclongaeva
1380 467 1642 521 memoria
1665 477 1810 533 sunt,
1831 470 2016 538 proxi-

439 574 524 613 me
557 572 780 627 quoque
814 559 1080 624 exhibita,
1111 560 1285 628 iisque
1337 558 1637 614 illustriora
1682 561 2013 628 produccns,

435 650 777 704 bonestatur.
813 650 943 704 'Etsi
1000 660 1178 704 tamen
1227 665 1480 721 magnum
1517 649 1646 719 quid
1689 652 1928 719 sapiunt,
1981 667 2010 706 a

435 756 617 796 rerum
650 741 1010 815 nihilominus
1044 742 1366 798 mirabiliter
1393 749 1732 810 patratarum
1788 742 2008 797 cumulo

2120 469 2358 540 φότεροι,
2389 471 2449 524 τὸ
2480 474 2910 547 καταδεέστερον
2942 478 2999 529 ἐν
3024 480 3088 548 τῇ
3140 480 3528 551 ἀπαριθμήσει
3584 485 3690 536 τῶν

2118 560 2759 632 τεθαυματουργημένων
2804 566 3001 636 ἐπίσης
3047 567 3283 636 ἔχουσιν.
3323 569 3541 641 Ὠσπερ
3580 574 3688 642 γὰρ

2115 650 2214 702 οὐκ
2243 652 2516 721 ἐννοῆσαι,
2559 654 2591 722 ἢ
2620 653 2761 725 λόγῳ
2785 657 3142 726 διασημᾶναι,
3173 659 3344 724 οὕτως
3365 662 3486 714 οὐδέ
3515 663 3692 733 χρόνῳ

2111 741 2266 794 ταῦθ’
2289 740 2398 797 οἷόν
2434 748 2495 797 τέ
2522 747 2671 799 ἐστιν
2706 749 3068 820 περιγράψαι.

435 836 659 900 perinde
695 835 970 889 deﬁciunt.
1001 834 1099 890 ὐιί
1167 835 1337 901 enim,
1377 850 1479 890 nec
1527 836 1913 906 comprehendi
1981 836 2242 906 cogitatu,
2277 851 2376 892 nec
2435 853 2687 896 sermone
2713 842 2972 910 explicari
3037 853 3285 914 possunt,
3322 845 3395 900 ita
3421 860 3522 902 nec
3555 856 3691 902 tem-

431 941 560 994 pore
589 926 804 980 valeant
833 926 1068 981 deﬁniri.

504 1018 634 1082 Quae
679 1017 821 1071 enim
867 1028 1042 1072 vestra
1068 1057 1082 1084 ,
1116 1033 1149 1073 o
1181 1019 1571 1088 stupendorum
1619 1021 2010 1078 miraculorum

2185 1022 2318 1077 Τίνα
2350 1024 2457 1095 γὰρ
2482 1024 2510 1078 ὑ
2521 1024 2657 1094 μῶν,
2686 1019 2730 1080 ὦ
2753 1027 2864 1081 τῶν
2901 1028 3222 1100 παραδόξων
3255 1033 3453 1102 ταμίαι
3477 1033 3690 1102 θαυμόΓ

430 1110 854 1179 dispensatores,
917 1121 1130 1178 tempus
1203 1112 1368 1166 ullum
1423 1126 1516 1166 aut
1556 1115 1697 1168 ratio
1759 1116 1993 1169 demirar

2113 1129 2244 1178 των,
2294 1115 2642 1184 ἐξαρκέσειεν
2685 1134 2768 1179 τις
2801 1119 2990 1187 χρόνος
3039 1119 3071 1189 ἢ
3121 1120 3385 1190 λογισμὸς
3440 1123 3689 1175 ἀποθαυ-

431 1200 668 1255 sufﬁciat
689 1200 977 1266 miracula,
1013 1204 1210 1255 nedum
1254 1205 1619 1273 perscribere,
1651 1215 1745 1260 aut
1799 1208 2012 1262 articu-

433 1291 543 1344 lata
578 1306 708 1346 voce
745 1292 951 1360 eloqui,
977 1308 1098 1361 quae
1135 1303 1355 1347 manent
1413 1297 1578 1348 animi
1631 1297 1807 1352 sensis
1851 1313 2010 1368 repo-

427 1383 572 1436 sita?
629 1384 916 1451 nimirum,
971 1385 1273 1441 exstinctos
1323 1385 1683 1454 depascentes
1755 1391 2009 1456 morbos;

428 1485 785 1544 exasperatas
851 1491 915 1530 ac
962 1486 1260 1531 aestuantes
1319 1479 1633 1546 proﬂigatas
1689 1484 2007 1550 passiones;

431 1581 493 1620 ac
549 1566 870 1620 instructam
921 1567 1139 1636 quidem
1193 1568 1364 1621 aciem
1410 1569 1672 1623 adversus
1716 1574 2007 1640 spiritales,

429 1657 711 1711 subtnolas
745 1667 926 1710 autem
981 1657 1326 1726 corporales;
1365 1659 1641 1713 castitatis
1685 1675 1750 1714 ac
1802 1662 2010 1717 sobrie-

2115 1205 2286 1274 μάσαι
2328 1205 2396 1257 τὰ
2431 1201 2725 1274 θαύματα;
2779 1209 2911 1276 μήτι
2961 1224 3025 1274 γε
3070 1209 3370 1280 γράψαιμῆ
3439 1212 3694 1282 ἐνάρθρῳ

2109 1291 2460 1363 διαγορεῦσαι
2487 1297 2662 1365 φωνῇ,
2685 1297 2753 1350 τὰ
2791 1298 2846 1349 ἐν
2881 1299 3136 1366 ψυχικαῖς
3169 1300 3527 1369 ἐπισκέψεσιν
3558 1319 3688 1355 συν-

2113 1385 2381 1451 ιστάμενα
2405 1401 2419 1414 ·
2454 1385 2550 1446 τάς
2586 1385 2694 1437 τῶν
2720 1385 3373 1455 πυρπολούντωνπαθῶν
3409 1390 3687 1442 κατασϐέ-

2112 1489 2246 1537 σεις,
2274 1474 2375 1544 τὴν
2403 1473 2513 1533 τῶν
2537 1475 2915 1544 ἀγριουμένων
2961 1478 3059 1529 καὶ
3085 1479 3465 1546 κυμαινόντων
3497 1480 3688 1534 παθῶν

2109 1564 2507 1634 καταστόρεσιν
2529 1582 2543 1596 ·
2575 1565 2684 1618 τῶν
2730 1567 3038 1635 νοουμένων
3077 1567 3175 1637 τὴν
3207 1570 3642 1637 ἀντιπαράταξιν
3670 1583 3684 1598 ·

2109 1653 2220 1706 τῶν
2248 1655 2462 1723 ὁρατῶν
2489 1655 2588 1725 τὴν
2629 1657 3006 1726 ἀποσόϐησιν·
3036 1659 3136 1726 τὴν
3184 1658 3284 1727 τῆς
3329 1660 3688 1730 σωφροσύνης
3761 1685 3780 1698 ο

429 1749 558 1802 tatis
635 1750 957 1802 custodiam.
1017 1748 1108 1804 Sic
1164 1750 1402 1812 diversa,
1467 1765 1627 1819 quam
1686 1755 1999 1819 corporibus

2111 1744 2381 1814 φυλακήν.
2423 1745 2608 1808 Οὕτως
2639 1747 2672 1816 ἡ
2700 1749 2761 1799 ἐν
2798 1743 3049 1817 σώμασιν
3093 1749 3245 1818 ὑμῶν
3276 1750 3534 1819 διάφορος
3569 1751 3687 1802 ἐπί-

428 1838 769 1908 impenditis,
807 1839 1070 1904 visitatio,
1109 1840 1259 1894 varia
1314 1841 1576 1894 beneﬁcia
1604 1843 1863 1897 ostendit.
1913 1844 2003 1900 Sic

424 1930 518 1998 qui
576 1929 724 1983 solus
763 1944 975 1984 summe
1024 1931 1364 1985 admirabilis
1395 1940 1498 1994 est,
1531 1946 1686 1986 suam
1743 1933 1794 1986 in
1849 1934 2002 1989 vobis

425 2019 742 2073 miriﬁcavit
785 2020 1073 2073 virtutem.
1126 2018 1337 2075 Sanctis
1397 2023 1566 2084 enim,
1617 2023 1793 2090 inquit
1850 2021 2004 2078 Psal-

427 2109 613 2175 mista,
679 2109 1073 2180 miriﬁcavit".
1131 2109 1248 2165 Non
1320 2112 1476 2176 dixit,
1536 2113 1854 2179 miriﬁcatus
1887 2124 2002 2178 est;

426 2201 543 2264 sed,
598 2201 935 2271 miriﬁcavit.
975 2201 1188 2256 Etenim
1225 2196 1337 2267 ille,
1372 2203 1568 2270 inquit,
1606 2216 1798 2256 natura
1829 2205 2003 2257 admi-

431 2290 617 2344 rabilis
643 2301 748 2356 est,
781 2307 884 2346 nec
906 2293 1010 2344 ulla
1035 2307 1099 2346 ex
1130 2292 1405 2346 miraculis
1429 2293 1655 2361 patratis
1690 2291 2002 2346 acceSs-ione

424 2393 549 2450 eget
576 2383 641 2436 ad
675 2381 1066 2437 conciliandam
1120 2385 1558 2454 admirationem,
1596 2383 1688 2438 sed
1751 2383 2004 2436 miriticat

425 2477 478 2531 in
526 2477 727 2531 sanctis
757 2493 854 2532 sua
896 2478 1178 2542 beneﬁcia,
1219 2476 1470 2530 miriﬁcat
1516 2484 1725 2544 patrata
1781 2489 1877 2544 per
1908 2490 2002 2530 eos

428 2569 698 2639 prodigia,
735 2568 989 2624 miriticat
1021 2585 1174 2624 suam
1218 2569 1271 2621 in
1303 2568 1382 2621 eis
1409 2567 1732 2636 potentiam,
1792 2577 1846 2622 et
1882 2582 1998 2635 quae

428 2677 523 2726 pcr
549 2675 641 2714 eos
671 2675 808 2713 nova
833 2659 969 2712 ﬁunt
1030 2658 1312 2712 miracula.
1365 2657 1538 2711 Porro
1593 2672 1812 2711 causam
1853 2655 2001 2710 miri-

426 2751 697 2804 ticationis
742 2749 1030 2818 perspicue
1089 2749 1377 2802 admodum
1432 2747 1704 2801 edisserit.
1743 2747 1996 2812 Quaenam

425 2856 553 2894 vero
592 2841 702 2905 illa,
743 2838 1042 2909 ac'qnalis?
1073 2838 1266 2893 Omnes
1296 2839 1668 2907 enim,inquit,
1702 2839 1998 2890 voluntates

422 2933 610 3001 ejusin
641 2934 715 2986 eis
753 2933 822 2985 ³⁸.
854 2932 908 2985 In
955 2934 1019 2986 iis
1054 2933 1308 2985 miriﬁcat
1347 2932 1504 2995 dona,
1567 2931 1620 2984 in
1670 2931 1866 3001 quibus
1902 2932 2001 2984 im-

427 3025 645 3093 plentur
673 3024 792 3091 ejus
820 3025 1168 3090 voluntates;
1224 3024 1274 3078 in
1319 3023 1514 3092 quibus
1548 3026 1665 3078 sine
1702 3039 1851 3077 mora
1880 3024 1998 3092 ejus

425 3126 757 3184 peraguntur
794 3125 1094 3185 praecepta;
1130 3119 1180 3170 in
1215 3117 1412 3184 quibus
1448 3117 1658 3169 sincera
1705 3115 1857 3179 ﬁdes,
1911 3129 1998 3167 sa-

425 3207 708 3275 lubrisque
745 3207 920 3277 legum
955 3209 1226 3261 institutio
1253 3216 1531 3269 servatur;
1553 3205 1606 3258 in
1638 3206 1835 3274 quibus
1859 3205 1993 3274 ipse,

425 3314 488 3351 ac
514 3299 675 3352 Pater
696 3300 1057 3368 prwpurgatis
1081 3314 1142 3352 ac
1163 3298 1517 3352 sanctiﬁcatis
1551 3296 1788 3364 Spiritus
1821 3294 1996 3350 sancti

421 3389 684 3454 adventu,
715 3391 999 3446 venientes
1027 3388 1238 3444 faciunt
1261 3389 1597 3443 mansionem
1612 3385 1658 3418 θ’

493 3669 552 3723 In
605 3669 750 3724 hunc
803 3668 1043 3734 modum,
1084 3680 1182 3723 sua
1238 3667 1292 3721 in
1335 3665 1491 3721 vobis
1527 3663 1822 3734 adimpleta
1876 3673 1997 3718 esse

422 3773 716 3832 prmcepta,
752 3775 816 3813 ex
873 3761 941 3815 iis
991 3774 1111 3830 qua:
1155 3758 1428 3824 retribuit,
1454 3756 1690 3811 dilucide
1723 3754 1992 3820 ostendit;

422 3862 585 3921 atque
616 3853 667 3906 id
698 3859 960 3919 quantum
1015 3849 1431 3904 retributionum
1485 3847 1800 3915 magnitudo
1834 3845 1996 3897 rebus

422 3946 554 4014 ipsis
580 3943 820 4007 exhibet,
848 3956 912 3995 ac
937 3941 1138 4009 prodit.
1167 3939 1300 3992 Nam
1331 3943 1470 3993 dona
1498 3937 1715 4005 quidem
1766 3936 1905 4005 ipsa,
1939 3943 1996 3989 et

419 4035 711 4095 exsistunt,
746 4042 802 4084 et
837 4031 1039 4094 honori
1062 4031 1364 4093 habentur;
1397 4043 1583 4082 eorum
1612 4035 1790 4079 tamen
1816 4024 1994 4079 studio

417 4139 486 4179 ac
518 4123 825 4187 voluntate,
887 4121 982 4189 qui
1035 4121 1314 4186 alliciunt,
1355 4120 1624 4190 digneque
1671 4119 1992 4187 suscipiunt,

417 4233 538 4269 cum
603 4219 822 4271 modum
903 4215 1197 4285 accipiunt,
1257 4223 1368 4268 tum
1437 4211 1764 4278 pra-bentur.
1819 4209 1994 4277 Larga

421 4309 588 4375 igitur
618 4323 804 4362 eorum
847 4305 1239 4375 impertitione.
1275 4319 1398 4357 cum
1430 4311 1635 4366 vestra,
1685 4299 1777 4368 qui
1808 4313 1994 4354 susce-

2109 1835 2303 1903 σκεψις
2329 1837 2577 1899 ποικίλας
2599 1840 2699 1899 τάς
2739 1839 3062 1909 εὐεργεσίας
3092 1840 3450 1892 ἐνδείκνυται.
3494 1840 3682 1904 Οὕτως

2104 1928 2132 1980 ὁ
2167 1929 2328 1995 μόνος
2373 1929 2820 2009 θαυμαστότατός
2847 1933 3072 2002 Κύριος,
3099 1933 3158 1985 ἐν
3190 1934 3319 2001 ὑμῖν
3342 1933 3442 2004 τὴν
3473 1935 3682 1986 οἰκείαν

2103 2017 2529 2089 έθαυμάστωσεν
2556 2022 2808 2092 δύναμιν.
2866 2023 2992 2090 Τοῖς
3034 2026 3226 2093 ἁγίοις
3259 2026 3389 2094 γὰρ,
3456 2027 3623 2094 φησὶν
3653 2027 3681 2078 ὁ

2103 2113 2424 2183 Ψαλμῳδὸς,
2444 2115 2932 2184 ἐθαυμάστωσεν.
2948 2119 3058 2171 Οὐκ
3075 2119 3236 2172 Ἐθαυ
3247 2137 3320 2186 μα
3329 2118 3533 2186 στὼοη,
3552 2118 3677 2187 ἔφη’

2103 2205 2218 2257 ἀλλ’
2235 2206 2763 2274 Ἐθαιιμάστωσεν.
2791 2208 2954 2262 Φύσει
2987 2211 3086 2279 μέν
3140 2211 3249 2280 γὰρ
3273 2212 3479 2271 ἐκεῖνος
3543 2209 3677 2261 θαυ-

2106 2296 2334 2364 μαστὸς,
2376 2298 2560 2367 φησιν,
2596 2299 2688 2351 καὶ
2725 2299 2982 2369 οὐδεμιᾶς
3016 2300 3123 2353 τῶν
3153 2300 3678 2370 θαυματουργουμέ-

2104 2402 2208 2437 νων
2244 2385 2564 2456 προσθήκης
2592 2389 2869 2443 ἐπιδέεται
2891 2389 2982 2444 τοῦ
3023 2389 3485 2460 θαυμαστωθῆναι
3506 2406 3518 2418 °
3549 2391 3679 2444 θαυ-

2106 2477 2301 2543 μαστοῖ
2347 2475 2393 2527 δ’
2433 2480 2489 2528 ἐν
2539 2479 2651 2540 τοῖς
2682 2478 2860 2546 ἁγίοις
2913 2479 3010 2540 τὰς
3057 2480 3265 2542 οἰκείας
3305 2481 3631 2548 εὐεργεσίας
3659 2497 3674 2512 ο

2105 2563 2412 2631 θαυμαστοῖ
2429 2566 2495 2618 τὰ
2515 2567 2582 2618 δι’
2604 2568 2784 2621 αὐτῶν
2805 2569 3201 2638 ἐπιτελούμενα
3223 2571 3504 2640 τεράστια’
3551 2570 3678 2623 θαυ-

2105 2658 2303 2723 μαστοῖ
2332 2656 2433 2722 τὴν
2466 2658 2604 2710 ἰδίαν
2645 2661 2702 2710 ἐν
2731 2660 2942 2722 τούτοις
2980 2661 3158 2729 ἰσχὺν,
3203 2662 3296 2711 καὶ
3351 2662 3416 2711 τὶ
3463 2661 3529 2713 δι’
3581 2660 3678 2713 αὐ-

2101 2745 2209 2799 τῶν
2237 2749 2709 2819 καινοτομούμενα
2733 2750 3037 2820 παράδοξα.
3072 2752 3178 2802 Καὶ
3218 2751 3317 2820 τὴν
3351 2752 3532 2802 αἰτίαν
3576 2751 3676 2820 τῆς

2104 2837 2568 2906 θαυμαστώσεως,
2601 2843 2746 2910 μάλα
2782 2845 2967 2912 σαφῶς
2996 2843 3281 2908 διέξεισιν.
3323 2844 3417 2902 Τίς
3440 2843 3674 2912 δὲαύτη,

2101 2929 2331 2996 καὶοῖας
2367 2932 2640 2985 Ἀπαντα
2670 2937 2798 3002 γὰρ.
2836 2937 3005 3004 φησι,
3039 2935 3108 2987 τὰ
3137 2934 3452 3002 θελήματα
3489 2933 3676 2987 αὑτοῦ

2100 3021 2171 3074 ἐν
2199 3024 2421 3088 αὐτοῖς.
2462 3024 2549 3076 Ἐν
2600 3025 2809 3089 τούτοις
2844 3028 2943 3090 τὰς
2975 3027 3186 3097 δωρεὰς
3235 3027 3566 3094 θαυμαστοῖ,
3614 3030 3673 3080 ἐν

2100 3107 2180 3174 οἷς
2207 3111 2275 3164 τά
2309 3112 2476 3165 αὐτοῦ
2510 3114 2812 3182 πληροῦται
2844 3117 3126 3186 θελήματα
3151 3133 3164 3146 ⁸
3215 3120 3270 3169 ἐν
3312 3112 3397 3179 οἷς
3438 3119 3676 3187 ἀνυπερ-

2100 3201 2236 3270 θέτῳ
2264 3203 2458 3274 γνώμῃ
2487 3205 2554 3259 τά
2576 3205 2766 3259 τούτου
2795 3207 3072 3261 διανύεται
3118 3209 3524 3278 προστάγματα
3551 3227 3564 3240 ·
3614 3212 3672 3262 ἐν

2097 3287 2177 3357 οἷς
2201 3294 2380 3358 πίστις
2411 3297 2718 3364 ἀνόθευτος,
2760 3301 2858 3352 καὶ
2889 3302 3044 3368 νόμοι
3075 3283 3530 3368 διαφυλάττονται
3563 3318 3670 3354 σω·-

2097 3386 2277 3456 τήριοι
2307 3402 2321 3416 ·
2355 3388 2413 3439 ἐν
2445 3384 2525 3451 οἷς
2561 3389 2722 3450 αὐτὸς
2747 3393 2898 3444 καὶὸ
2926 3391 3114 3461 Πατὴρ
3147 3392 3583 3462 προκαθαρθεῖσί
3607 3409 3665 3446 τε

2098 3483 2190 3530 καὶ
2229 3479 2578 3546 ἀγιασθείσιν
2609 3482 2765 3550 ἁγίου
2811 3483 3128 3554 Πνεύματος
3178 3485 3466 3556 ἐπιδημίᾳ,
3505 3485 3673 3556 μονὴν

2097 3570 2385 3624 ποιοῦνται
2417 3574 2878 3642 παραγενόμενοι.

2169 3657 2360 3723 Οὕτως
2403 3663 2460 3715 ἐν
2490 3663 2619 3732 ὐμίν
2649 3663 2716 3716 τὰ
2745 3665 2959 3718 ἐκείνου
3013 3664 3293 3718 δείκνυται
3346 3662 3541 3733 σαφῶς
3587 3663 3676 3717 διὰ

2096 3751 2205 3804 τῶν
2261 3753 2584 3806 ἀντιδόσεων
2632 3755 3029 3824 πεπληρῶσθαι
3089 3758 3535 3826 προστάγματα·
3578 3758 3672 3808 καὶ

2095 3843 2368 3908 τοσοῦτον,
2405 3845 2528 3898 ὅσον
2553 3847 2607 3897 αἱ
2630 3845 2858 3915 ἀμοιϐαὶ
2889 3846 3226 3916 παριστῶσιν
3264 3848 3376 3908 τοῖς
3405 3847 3673 3916 πράγμα-

2099 3950 2200 3987 σιν.
2264 3937 2476 4004 Δωρεαὶ
2515 3935 2611 4005 μὲν
2657 3938 2766 4004 γὰρ
2796 3929 2955 3990 αὗται
2995 3942 3091 3990 καὶ
3118 3938 3484 4007 τυγχάνουσιν
3511 3976 3527 4002 ,
3578 3937 3676 3990 καὶ

2096 4026 2448 4097 γεραίρονται
2471 4041 2486 4057 ⁸
2522 4028 2724 4099 σπουδῇ
2766 4028 2824 4080 δὲ
2853 4028 2948 4082 καὶ
2978 4029 3303 4097 προαιρέσει
3335 4027 3445 4080 τῶν
3466 4028 3674 4090 ταύτας

2096 4118 2515 4187 ἐπισπωμένων,
2552 4118 2648 4171 καὶ
2704 4119 2823 4171 κατ’
2874 4117 3029 4182 ἀξίαν
3091 4119 3531 4188 ὑποδεχομένων,
3580 4120 3674 4172 καὶ

2108 4205 2437 4277 μετροῦνται
2463 4206 2560 4258 καὶ
2589 4208 2939 4277 παρέχονται.
2967 4207 3181 4260 Οὐκοῦν
3205 4209 3272 4275 τῇ
3303 4206 3523 4276 ἀφθόνῳ
3555 4206 3677 4258 τού-

2094 4315 2202 4352 των
2230 4299 2533 4369 μεταδόσει,
2569 4299 2662 4352 καὶ
2703 4300 2731 4351 ὑ
2743 4299 2857 4369 μῶν
2882 4299 2988 4351 τῶν
3011 4299 3315 4368 εἰληφότων
3350 4298 3386 4367 ἦ
3423 4314 3487 4349 τε
3516 4298 3672 4366 φιλό-

419 4400 599 4469 pistis,
637 4400 887 4465 religiosa
920 4396 1198 4460 voluntas,
1241 4403 1350 4447 tum
1392 4393 1589 4462 prmvia
1625 4407 1689 4446 ex
1735 4391 1990 4458 operibus

2107 4389 2216 4454 θεός
2272 4389 2613 4462 προαίρεσις,
2661 4391 2755 4442 καὶ
2807 4391 2840 4456 ή
2897 4389 2963 4442 δι’
2997 4388 3186 4459 έργων
3234 4387 3676 4460 προπαρασκευὴ

418 4493 747 4561 prmparatio
786 4493 854 4545 iis
893 4493 1361 4549 commensurata,
1403 4484 1713 4538 ostenditur
1765 4483 1989 4550 pariter,

419 4583 658 4652 atquein
692 4597 850 4650 opus,
889 4581 954 4634 iis
982 4580 1071 4650 qui
1098 4578 1286 4633 volunt
1311 4577 1619 4642 exquirere,
1649 4574 1993 4642 proponitur.

419 4673 558 4738 Quis
592 4672 738 4726 enim
788 4672 923 4725 adeo
955 4669 1342 4724 miraculorum
1386 4667 1558 4738 gloria
1590 4666 1760 4732 dives,
1792 4667 1872 4721 vel
1902 4680 2000 4719 no-

420 4774 550 4820 stra:
599 4763 756 4832 hujus
790 4761 988 4827 artatis,
1019 4761 1103 4814 vel
1157 4759 1573 4814 veterrimorum
1612 4757 1912 4820 homin-um,
1943 4765 2000 4810 ut

415 4860 461 4912 ei
487 4873 612 4911 cum
632 4852 828 4910 vestris
847 4851 1041 4906 collata
1067 4851 1402 4916 muneribus,
1423 4851 1646 4906 virtutis»
1662 4850 1752 4905 illa
1773 4851 1987 4919 magni-

415 4948 637 5003 ﬁcentia
680 4962 785 4999 non
818 4941 1006 4998 cedat?

488 5039 760 5092 Abraham
807 5037 1024 5107 quidem
1058 5034 1139 5088 vir
1172 5032 1377 5104 justus,
1408 5030 1677 5084 universis
1709 5041 1807 5099 pro
1854 5039 1989 5084 tem-

416 5146 547 5202 pore
597 5129 1015 5192 exsisteutibns,
1075 5125 1309 5181 nominis
1361 5122 1681 5178 celebritate
1735 5122 1990 5192 prwlatus

414 5223 552 5289 fuit;
584 5221 771 5278 multis
803 5231 983 5276 tamen
1013 5220 1262 5288 partibus
1289 5233 1317 5270 a
1340 5216 1530 5286 gratiis
1575 5214 1771 5269 vestris
1800 5215 1998 5268 abesse

416 5317 708 5382 Videbitur,
760 5330 864 5384 qua
909 5311 1288 5367 honestissittta
1354 5310 1486 5373 vita,
1556 5322 1620 5361 ac
1675 5306 1986 5375 praestantia

416 5410 701 5471 virtutum,
741 5407 1003 5476 majorem
1054 5401 1463 5472 comparatione
1494 5398 1873 5454 excellentiam
1905 5412 1990 5454 ve-

416 5506 586 5555 stram
636 5497 950 5552 ostendunt.
1000 5493 1134 5548 Nam
1199 5492 1287 5547 ille
1335 5491 1577 5560 quidem,
1614 5488 1990 5544 universorum

491 5683 532 5710 ‘7
588 5675 733 5730 Paul.
775 5690 861 5742 xv,
904 5675 957 5738 5,
1030 5669 1271 5748 ff'lbid.
1372 5669 1429 5754 θ’.
1461 5666 1619 5723 Joan.
1649 5679 1764 5748 xiv,
1794 5663 1886 5756 33‘-

2095 4484 2574 4552 συμμετρουμένη,
2616 4483 2713 4534 καὶ
2745 4480 3028 4552 δηλοῦται,
3072 4481 3167 4532 καὶ
3210 4482 3292 4543 εἰς
3338 4479 3505 4549 ἔργον
3563 4483 3674 4541 τοῖς

2093 4571 2370 4637 ἐξετάζειν
2406 4573 2754 4643 βουλομένοις
2783 4573 3127 4641 προτίθεται.
3157 4572 3253 4634 Τίς
3291 4575 3397 4642 γὰρ
3454 4573 3522 4641 τῇ
3558 4573 3671 4623 ταν

2095 4661 2388 4733 θαυμάτων
2422 4662 2567 4716 οὕτω
2598 4664 2961 4726 πλουτισοεὶς,
2981 4663 3090 4716 τῶν
3117 4663 3214 4716 νῦν
3249 4661 3411 4732 ἦτῶν
3443 4661 3674 4715 παλαιοο

2097 4755 2298 4820 τάτων,
2329 4757 2534 4827 χάριτι,
2571 4749 2725 4826 ᾧπερ
2757 4759 2878 4816 ταῖς
2914 4755 3072 4824 ὑμῶν
3103 4755 3333 4824 δωρεαῖς
3363 4756 3672 4823 ἀντιπαρα-

2097 4845 2388 4916 τιθεμένῳ,
2429 4847 2528 4917 οὐχ
2565 4849 2598 4918 ἡ
2641 4848 2738 4918 τῆς
2782 4848 2982 4918 ἀρετῆς
3021 4847 3235 4915 ἐφίεται
3268 4844 3379 4918 [Ισ.
3429 4847 3674 4916 ὑφίεται]

2098 4935 2455 5005 μεγαλειότης
2478 4955 2493 5003 ;

2179 5029 2428 5099 Ἀϐραὰμ
2463 5029 2565 5098 μὲν
2617 5027 2726 5099 γὰρ
2787 5031 2815 5082 ό
2863 5029 3087 5092 δίκαιος,
3125 5027 3235 5081 τῶν
3283 5026 3424 5080 κατά
3481 5025 3674 5095 καιρὸν

2099 5118 2357 5172 ἁπάντων
2385 5119 2746 5190 διεθρυλλήθη
2803 5119 3271 5190 προκρινόμενος·
3324 5115 3441 5168 ἀλλ’
3477 5115 3674 5168 ἐνδέων

2094 5210 2175 5281 τῷ
2208 5209 2446 5280 πλείστῳ
2500 5210 2608 5263 τῶν
2641 5209 2794 5280 ὐμῶν
2829 5211 3066 5280 χαρίτων
3122 5209 3447 5277 ὀφθήσεται,
3477 5206 3546 5258 δι’
3601 5199 3678 5257 ὧν

2093 5303 2209 5373 βίος
2230 5303 2580 5373 σεμνότατος,
2612 5303 2704 5356 καὶ
2725 5301 2935 5372 ἀρετῶν
2968 5298 3270 5369 ὑπερϐολὴ,
3290 5297 3352 5350 τὸ
3370 5298 3500 5366 ὑμῖν
3529 5312 3675 5364 παρ-

2099 5395 2320 5449 ιστῶσιν
2347 5395 2698 5467 ἀσύγκριτον.
2745 5392 2849 5447 Τὸν
2898 5392 3005 5446 τῶν
3067 5392 3206 5446 ὅλων
3238 5389 3338 5460 μὲν
3390 5389 3499 5458 γάρ
3539 5387 3675 5439 Θεὸν

2101 5487 2306 5558 ἐκεῖνος
2339 5486 2626 5556 ἠγάπησεν
2651 5524 2667 5554 ,
2696 5483 3163 5567 ὐπερηγαπήσατε
3264 5479 3454 5534 τοῦτον
3491 5476 3675 5548 ὑμεῖς,
