3948 6162
244 358 379 425 151⁵1

1100 346 1183 407 ΙΝ
1222 345 1327 406 SS.
1372 346 1602 407 MART.
1638 340 1942 404 COSMAM
1981 342 2076 401 ET
2118 338 2551 403 DAMIANUM.

3366 334 3504 401 1518

238 466 519 540 ἀσαρκίαν
561 463 631 517 δι’
662 459 826 516 αὑτὸν
880 458 973 512 καὶ
1007 456 1307 526 ἀγγελικὴν
1345 454 1681 527 ἀνῃρημένοι
1716 471 1817 506 πο-

1954 454 2117 508 Iilexit
2151 455 2315 507 Deum
2346 470 2360 518 ;
2424 468 2518 508 vos
2555 461 2758 532 autem,
2796 451 2885 520 qui
2944 460 3165 521 propter
3198 446 3323 506 eum
3381 453 3504 507 vitae

236 558 466 613 λιτείαν.
494 555 603 608 Καὶ
627 552 748 623 Θεῷ
783 551 881 622 μὲν
921 550 1148 611 ἐκεῖνος,
1170 546 1262 600 τὸν
1285 546 1343 611 ἐξ
1372 546 1573 615 ὀσφύος
1596 546 1811 617 καρπὸν

239 650 437 704 θυσίαν
456 645 729 712 ἀνήνεγκε
762 639 1153 715 προστάγματι
1181 636 1278 689 τού
1334 635 1629 707 δεχομένου
1676 634 1819 687 καθ-

243 762 356 813 υπη
366 732 523 813 ρετού
532 753 717 811 μενος·
747 735 977 806 σώματα
992 733 1036 786 δ’
1058 733 1215 802 ὑμεῖς
1234 730 1573 801 αὐθαιρέτως
1599 729 1826 801 ἀνηνέγ-

240 852 379 890 κατε
405 851 420 865 °
457 832 706 904 μαχαίρᾳ
728 826 873 881 θείου
898 825 1091 889 πόθου,
1115 826 1209 878 καὶ
1242 825 1376 894 πυρὶ
1405 823 1581 877 ταῦτα
1609 824 1706 893 τῆς
1728 823 1793 891 ἐγ
1816 851 1823 855 ι

243 925 512 997 κρατείας
541 917 990 981 ό).οκαυτοῦντες.
1028 916 1141 969 Καὶ
1174 915 1328 986 κριὸν
1363 914 1464 984 μὲν
1499 914 1706 983 ἐκεῖνος
1729 912 1824 966 τοῦ

243 1014 662 1088 προσαγομένου
695 1010 892 1081 λύτρον
920 1008 1141 1075 ἐδέξατο
1159 1023 1174 1040 θ
1199 1007 1359 1075 ὑμεῖς
1379 1007 1422 1059 δ’
1445 1005 1828 1072 ἀνενεγκόντες

242 1109 529 1171 ἐπείσατε,
575 1104 671 1157 καὶ
717 1101 1172 1170 ἀνταλλάγματος
1236 1098 1338 1151 ούκ
1398 1095 1680 1168 ἐδεήθητε.
1719 1095 1828 1148 Καὶ

250 1197 426 1265 ἅπαξ,
447 1197 657 1259 ἐκεῖνος
691 1193 792 1265 μέν
815 1191 1161 1263 προσήνεγκε
1183 1206 1196 1219 ·
1229 1189 1295 1242 δι’
1326 1188 1451 1242 ὅλου
1470 1187 1514 1240 δ’
1549 1188 1705 1257 ὑμεῖς
1732 1185 1826 1238 τού

250 1290 371 1361 βίου
426 1285 805 1359 προσήχθητε,
874 1281 1272 1352 σταυρούμενοι
1346 1278 1427 1349 τῷ
1491 1278 1686 1349 κόσμῳ
1735 1277 1832 1331 καὶ

248 1377 632 1450 νεκρούμενοι,
658 1375 756 1429 καὶ
788 1373 878 1427 διὰ
908 1373 1089 1443 πάσης
1120 1370 1268 1441 ζωῆς
1296 1369 1759 1440 ἀποθνήσκοντες.

326 1663 439 1719 Καὶ
477 1663 535 1715 ἐν
564 1655 846 1730 φιλοξενίᾳ
880 1654 981 1725 μέν
1025 1654 1238 1718 ἐκεῖνος
1299 1653 1647 1724 θαυμάζεται
1675 1667 1689 1682 ³
1737 1653 1833 1707 καὶ

254 1757 366 1828 γὰρ
395 1752 619 1817 ἐπάξιον
633 1749 882 1819 τδοέργον
901 1745 1206 1815 θαύματος,
1240 1746 1335 1799 καὶ
1367 1745 1468 1814 τῆς
1498 1744 1709 1797 ἐκείνου
1745 1761 1839 1814 με-

1925 546 2191 599 rationem
2225 547 2371 599 velut
2402 554 2557 599 extra
2584 557 2830 604 carnem,
2864 556 2928 595 ac
2970 540 3270 609 angelicam
3325 540 3504 611 elege-

1930 636 2067 700 ritis,
2099 633 2353 703 ampliori
2376 635 2596 689 cumulo
2621 632 2893 687 dilexistis
2925 648 2939 685 :
2973 639 3138 701 atque
3166 632 3257 686 ille
3285 633 3504 701 quidem

1927 726 2239 781 lumborum
2288 725 2546 791 fructum,
2604 725 2786 781 divino
2837 723 2974 792 ejus,
3012 723 3104 792 qui
3156 734 3507 793 suscepturus

1926 826 2093 884 esset,
2126 828 2394 889 praecepto
2413 817 2745 886 obsequens,
2777 814 3107 871 sacriﬁcium
3143 815 3375 881 obtulit;
3415 830 3510 869 vos

1927 919 2108 963 autem
2150 918 2332 964 vestra
2366 920 2561 978 sponte
2592 924 2821 978 corpora
2866 907 3182 971 oﬁ‘ereutes,
3231 908 3399 962 divini
3446 926 3510 963 ca

1929 1002 2130 1057 amoris
2157 1003 2358 1073 gladio,
2388 1016 2451 1056 ac
2473 1003 2581 1071 igni
2614 1002 2901 1070 castitatis,
2925 1002 3314 1057 sacriﬁcastis:
3350 1012 3512 1071 atque

1933 1093 1979 1148 is
2014 1095 2255 1163 quidem,
2277 1095 2393 1162 ejus
2430 1095 2521 1165 qui
2553 1093 2861 1149 efferendus
2896 1102 3038 1149 esset
3089 1094 3353 1164 redempti
3386 1110 3513 1163 pre-

1935 1187 2091 1253 tium,
2134 1187 2358 1241 arietem
2391 1188 2643 1257 accepit;
2688 1202 2784 1242 vos
2812 1195 2991 1243 autem
3021 1184 3298 1242 offerendo
3333 1190 3514 1255 reipsa

1932 1280 2080 1347 passi
2112 1279 2266 1345 estis,
2297 1293 2397 1334 nec
2431 1279 2537 1333 ulla
2574 1280 3004 1334 commutatione
3040 1294 3178 1350 opus
3208 1279 3511 1334 habuistis:

1935 1386 2000 1425 ac
2033 1373 2278 1436 tandem,
2310 1372 2482 1428 semel
2514 1373 2604 1427 ille
2634 1374 2850 1439 obtulit,
2883 1389 2980 1428 vos
3012 1383 3192 1428 autem
3224 1389 3319 1443 per
3346 1385 3512 1429 totam

1937 1465 2108 1518 vitam
2143 1464 2314 1519 oblati
2341 1467 2501 1530 estis,
2535 1464 2737 1519 mundo
2766 1464 3013 1520 cruciﬁxi
3053 1480 3117 1521 ac
3175 1466 3516 1530 ntortiﬁcati,

1942 1568 2005 1608 ac
2030 1555 2275 1623 quotidie
2310 1556 2630 1610 morientes.

2008 1647 2190 1715 'Atque
2249 1646 2795 1719 Abraham'quidem
2852 1632 3247 1718 hospitalitatis
3301 1652 3523 1709 nomine

1941 1737 2359 1792 admirationem
2391 1739 2591 1795 habet:
2630 1741 2789 1809 plane
2819 1742 2963 1796 enim
3001 1757 3090 1798 res
3123 1753 3205 1799 est
3233 1744 3393 1816 digna
3426 1746 3522 1798 ad-

255 1807 566 1917 γάλοφυῒας
593 1807 821 1913 γνησίον
848 1854 863 1868 ⁸
913 1807 1029 1891 an;
1066 1840 1131 1891 ἐκ
1165 1807 1504 1908 ’περιουσίας
1545 1830 1683 1907 αὓτη
1728 1807 1838 1889 τῶν

1954 1829 2261 1893 miratione,
2281 1829 2535 1899 illiusque
2553 1831 2825 1901 magniﬁci
2840 1833 3004 1887 animi
3028 1835 3322 1904 genuinum
3342 1850 3479 1905 opus
3501 1854 3517 1891 :

257 1940 495 1993 ἐνόντων
537 1935 635 1989 καὶ
671 1933 983 2004 προεχεῖτο,
1041 1930 1138 1983 καὶ
1191 1930 1270 1992 είς
1301 1928 1431 1991 τοὺς
1482 1920 1840 1999 παρατυγχά-

255 2044 458 2090 νοντας
496 2025 810 2095 διενέμετο·
874 2024 935 2074 ἐν
970 2021 1123 2087 τάξει
1161 2019 1206 2073 δ’
1265 2006 1427 2090 ὑμεῖς
1479 2018 1840 2090 ξενιζομένων

257 2117 583 2186 ἐθελουσίῳ,
624 2115 721 2169 καὶ
753 2114 856 2167 οὐκ
910 2111 1199 2181 ἀϐουλήτῳ
1232 2109 1396 2181 πενίᾳ
1444 2108 1840 2177 καταστάντες,

259 2209 543 2278 ξενοδοχίᾳ
570 2209 637 2277 τῇ
672 2204 946 2276 κρείττονι
969 2204 1099 2266 τοὺς
1129 2202 1364 2265 ἐπιδεεῖς
1396 2202 1648 2265 ἅπαντας
1673 2201 1870 2266 ὲξενί-ο

260 2311 396 2347 σατε
425 2311 441 2324 ·
473 2291 961 2362 φιλοφρονούμενοι
1022 2288 1248 2352 τούτους
1275 2288 1476 2359 ψυχαῖς
1514 2307 1575 2343 τε
1618 2292 1712 2344 καὶ
1741 2289 1845 2344 σώ-

264 2403 456 2457 μασιν,
490 2384 587 2438 καὶ
611 2380 1079 2455 ἀναρρωννύντες,
1101 2381 1201 2434 ούκ
1229 2382 1290 2433 ἐν
1324 2381 1505 2453 χρόνῳ
1551 2382 1585 2452 ή
1615 2399 1723 2436 τινι
1752 2381 1845 2435 τό-

259 2496 354 2549 πῳ
395 2478 496 2547 τὴν
530 2476 862 2545 φιλοξενίαν,
912 2473 1053 2526 ἀλλὰ
1079 2472 1358 2543 πανταχοῦ
1386 2473 1494 2543 γῆς
1525 2475 1621 2527 καὶ
1652 2474 1847 2529 θαλάτ-

259 2588 366 2640 της
407 2570 816 2638 ἐφαπλοῦντεςο
878 2566 1084 2636 νοητῶς
1119 2566 1487 2636 ἐκτρέφοντες
1519 2583 1533 2599 ο
1570 2568 1848 2639 αἰσθητῶς

261 2663 393 2723 1τοὺς
422 2660 690 2722 τακέντας
726 2658 1125 2727 ἀνακτώμενοι,
1165 2657 1264 2710 καὶ
1294 2658 1376 2721 είς
1411 2660 1574 2729 κόρον
1608 2659 1706 2731 τὴν
1729 2661 1850 2715 ἀσι-

261 2751 411 2818 τίαν,
442 2751 710 2823 ἐπιθυμίᾳ
738 2750 847 2805 τῶν
869 2750 1147 2824 ἐδωδίμων
1179 2752 1702 2824 μετασκευάζοντες.

349 2936 621 3003 Ἐξένισεν
651 2938 858 3002 ἐκεῖνος
893 2938 951 2991 ἐν
997 2928 1249 3007 ἀγγέλων
1288 2936 1437 3004 ἅπαξ
1468 2939 1845 3010 προσχήματι,

266 3029 349 3100 μὴ
379 3030 868 3100 περιγραφομένην
897 3029 1059 3098 φύσει
1083 3029 1337 3101 θεότητα,
1366 3030 1465 3101 τὴν
1495 3031 1595 3101 τῆς
1619 3030 1849 3101 Τριάδος

1943 1933 2006 1993 ea
2031 1929 2231 1988 tamen,
2268 1936 2389 1976 cum
2417 1936 2483 1977 ex
2508 1924 2825 1979 facultatum
2856 1925 3193 1981 abundantia
3248 1915 3523 1997 profusior

1944 2026 2085 2075 erat,
2119 2023 2229 2067 tum
2259 2015 2314 2068 in
2341 2029 2436 2069 eos
2462 2015 2554 2084 qui
2588 2022 2945 2071 occurrerent
2984 2030 3106 2072 sese
3134 2016 3519 2087 impertiebat;

1944 2120 2043 2163 νοε
2069 2116 2271 2171 autem,
2307 2109 2360 2163 in
2415 2108 2686 2179 hospitum
2739 2109 2843 2178 ipsi
2895 2110 3167 2172 ordinem,
3219 2111 3520 2166 voluntaria

1947 2198 2190 2266 nihilque
2228 2207 2421 2251 coacta
2453 2199 2658 2253 redacti
2692 2209 3042 2268 paupertate,
3100 2200 3301 2269 potiori
3337 2201 3525 2271 ltospio

1946 2288 2155 2342 talitate
2189 2289 2401 2358 indiges
2444 2303 2636 2345 omnes
2683 2288 2919 2355 fovistis,
2965 2292 3164 2346 animis
3190 2292 3398 2361 pariter
3452 2293 3514 2347 a'e

1947 2380 2271 2448 corporibus
2311 2392 2560 2436 amanter
2591 2382 2967 2451 amplexantes
3016 2396 3081 2437 ac
3121 2383 3525 2449 confortantes;

1948 2487 2049 2526 nec
2081 2474 2547 2543 tetnporealiquo,
2575 2483 2669 2528 aut
2691 2484 2842 2529 certe
2870 2474 2988 2529 loco
3022 2489 3143 2531 eam
3181 2475 3526 2542 deﬁnientes,

1948 2565 2043 2617 sed
2077 2562 2277 2632 ubique
2328 2572 2471 2618 terra
2515 2579 2578 2618 ac
2619 2565 2755 2618 mari
2807 2564 3162 2635 explicantes,
3209 2564 3531 2635 spiritaliter

1948 2655 2188 2722 alentes;
2237 2656 2583 2731 tabescentes
2613 2657 2865 2712 homines
2900 2656 3238 2712 sensibiliter
3271 2662 3529 2712 recrean-
3598 2710 3609 2715 -

1952 2756 2060 2815 tes,
2092 2749 2256 2819 inque
2288 2750 2621 2814 satietatem,
2651 2750 2897 2805 ciborum
2931 2749 3228 2819 cupiditate
3245 2763 3526 2815 concessa,

1953 2837 2187 2893 inediam
2215 2849 2633 2895 commutantes.
3133 2846 3141 2851 '
3262 2836 3267 2839 ’

2024 2925 2206 2985 Semel
2265 2930 2564 2999 Abraham,
2603 2930 2915 3002 angelorum
2977 2933 3181 3002 Specie,
3233 2932 3531 2988 incircum-

1953 3024 2214 3094 scriptam
2268 3035 2463 3080 natura
2505 3024 2782 3088 deitatem,
2819 3037 2885 3079 ac
2924 3024 3211 3080 Trinitatis
3244 3040 3530 3096 personam

262 3119 324 3171 δὲ
362 3119 665 3181 τυποῦσαν.
718 3120 777 3172 ἰν
818 3119 1129 3191 ἀνθρώποις
1162 3120 1579 3191 ὀφθησομένην⁸
1620 3121 1689 3175 δι’
1723 3122 1845 3175 ὅλου

1956 3117 2009 3171 in
2046 3116 2301 3173 humanis
2350 3118 2664 3183 videndam,
2712 3116 3063 3187 ﬁgurantem,
3103 3117 3336 3186 hospitio
3372 3132 3533 3172 exce-

264 3209 314 3262 δ’
342 3211 504 3279 ὑμεῖς
532 3210 626 3261 τοῦ
654 3210 791 3280 βίου,
819 3210 921 3281 τῆς
944 3211 1265 3282 ὲλλάμψεως
1285 3214 1458 3284 αὐτῆς
1489 3213 1851 3268 ἐναπολαύον-

263 3318 383 3365 τες,
421 3302 710 3371 φωστῆρες
746 3301 848 3373 μὲν
899 3303 1226 3375 οίκουμένης
1265 3306 1706 3376 ἐχρηματίσατεο
1751 3305 1851 3375 τὴν

266 3392 536 3463 ἀνελλιπῆ
566 3392 612 3445 δ’
638 3393 853 3464 ἐκείνης
878 3394 1220 3464 εὐεργεσίαν,
1254 3397 1313 3448 ἐν
1341 3396 1851 3467 παραδοξουμέναις

268 3483 600 3554 θεραπείαις
633 3485 1065 3550 καθυπεδείξατε
1086 3501 1101 3516 ’
1137 3487 1232 3540 καὶ⁹
1276 3487 1339 3540 οὑ
1365 3490 1638 3559 παρόντες
1669 3487 1848 3558 μόνον,

268 3575 411 3628 ἀλλὰ
444 3576 535 3628 καὶ
562 3576 940 3645 μεταστάντες
963 3577 1063 3640 τὰς
1094 3576 1364 3646 ἀφθόνους
1386 3580 1557 3646 αὐτῆς
1580 3579 1650 3633 δι’
1676 3580 1851 3650 ἔργων

270 3665 603 3733 ὑποφαίνετε
679 3667 913 3737 δωρεὰς,
967 3668 1228 3740 καθαρῶς
1299 3671 1396 3723 καὶ
1452 3670 1851 3740 θεολογοῢντες,

270 3757 371 3810 καὶ
398 3758 480 3819 είς
513 3758 807 3829 συνεργίαν
828 3758 1035 3829 ταύτην
1060 3759 1456 3831 ἐπισπώμενοι.
1540 3762 1541 3765 “

344 3848 459 3900 Καὶ
484 3846 541 3899 τί
570 3846 650 3900 δεῖ
676 3848 804 3911 τοὺς
835 3849 901 3901 ἐκ
934 3849 1029 3902 τοῦ
1055 3851 1400 3920 πατριάρχου
1428 3849 1658 3919 φύντας,
1689 3851 1723 3922 ἢ
1758 3850 1855 3905 stati.

274 3937 397 4007 μετ’
424 3938 620 3999 αὐτοὺς
650 3938 893 4002 δικαίους
925 3940 1302 4005 ἀντεξετάζειν
1334 3943 1462 4012 ὑμῖν
1489 3959 1571 4007 τε,
1619 3944 1714 3997 καὶ
1742 3946 1856 4005 τοῖς

273 4026 464 4081 θεόθεν
497 4027 805 4096 δεδομένοις
840 4029 1180 4100 χαρίσμασιν
1205 4046 1219 4059 ⁸
1254 4031 1422 4085 αὐτοῦ
1454 4032 1521 4102 τῇ
1551 4034 1855 4102 ἀντιπαρα-

275 4116 429 4170 θέσει
461 4118 1005 4188 προσεξαρκέσαντος
1031 4135 1046 4151 ⁸
1077 4122 1170 4174 καὶ
1196 4121 1294 4190 οὐχ
1324 4121 1516 4190 ὕφεσιν
1558 4122 1728 4193 δήπου
1758 4123 1856 4192 τῆς

274 4208 486 4271 οίκείας
517 4208 771 4262 ἐντεῦθεν
812 4209 1149 4274 ὑποστάντος
1179 4211 1402 4283 ἀρετῆς,
1450 4212 1547 4282 τῆς
1581 4215 1638 4267 ἐν
1670 4213 1856 4284 χάριτι

271 4298 331 4351 δὲ
391 4299 775 4369 παρεχομένης
831 4300 1039 4372 δωρεᾶς
1088 4302 1180 4354 τοῦ
1232 4304 1564 4373 ἁσυγκρίτου
1622 4322 1680 4358 τε
1740 4306 1858 4376 ἅμα

214 4390 219 4393 “
277 4390 378 4442 καὶ
412 4390 819 4460 ἀπεριορίστον,
850 4391 925 4456 ὡς
968 4393 1059 4446 διὰ
1094 4392 1268 4462 λόγων
1328 4396 1476 4464 αὑτῷ
1510 4395 1617 4469 [τον.
1660 4397 1802 4451 οὕτω
1836 4397 1856 4471 ]

276 4481 377 4533 καὶ
413 4480 481 4533 δι’
521 4481 704 4535 αὐτῶν
739 4484 1141 4554 ἐμφαινομένου
1175 4486 1284 4539 τῶν
1318 4486 1526 4557 ἐργωνς
1558 4489 1719 4543 Ἀλλά
1749 4490 1858 4560 γὰρ

276 4572 518 4624 καὶτῶν
566 4572 769 4642 ταύτης
822 4574 1113 4645 ὑπηρετῶν
1162 4577 1257 4629 καὶ
1306 4576 1566 4648 κηρύκων
1623 4582 1860 4651 μιμηταὶ

275 4661 583 4732 γενόμενοι,
602 4664 712 4718 τῶν
728 4664 859 4719 ίσων
879 4665 1108 4729 ἐκείνοις
1121 4668 1477 4738 χαρισμάτων
1489 4669 1857 4725 ἀπελαύσατε.

275 4759 376 4828 Οἷς
412 4764 523 4836 γὰρ
548 4765 599 4817 ei
652 4764 867 4834 ἀγῶνες
900 4767 1227 4837 ἐφάμιλλοι,
1282 4767 1492 4832 τούτοις
1548 4771 1744 4837 ἐπίσης
1803 4771 1859 4824 at

273 4864 479 4935 δωρεαὶ
515 4863 889 4936 διανέμονται.
924 4869 1060 4922 Κατ’
1090 4869 1236 4939 ἴχνος
1265 4870 1375 4942 γὰρ
1403 4872 1629 4927 ἐκείνων
1666 4876 1857 4942 ίόντες,

276 4964 479 5028 πόνους
516 4964 618 5035 μὲν
676 4966 803 5028 τοὺς
846 4964 935 5019 διά
985 4966 1048 5019 τδ
1092 4970 1362 5040 σωτήριον
1403 4971 1723 5036 ἀνεδέξασθε
1760 4974 1863 5045 κή-

277 5082 469 5139 ρυγμα
488 5083 503 5100 θ
534 5066 628 5121 τοῦ
658 5068 773 5122 ῐοου
798 5068 853 5123 δέ
883 5069 1096 5135 τούτοις
1119 5072 1217 5125 οὐκ
1235 5072 1602 5147 ἀπελείφθητε
1623 5076 1825 5148 δρόμου
1844 5092 1858 5108 ⁸

281 5169 460 5239 λόγοις
514 5170 656 5241 πρὸς
703 5171 991 5227 εὐσέϐειαν
1058 5172 1156 5239 τὰς
1182 5175 1291 5230 τῶν
1327 5176 1633 5247 ἀνθρώπων
1681 5179 1862 5252 ψυχὰς

277 5269 670 5339 ἐπαλείφοντες
690 5287 705 5301 ·
739 5270 840 5335 τὰς
865 5272 977 5326 τῶν
1042 5271 1297 5339 ζιζανίων
1328 5276 1636 5349 ἐπισποράς
1688 5278 1863 5333 ἐκτίλ-

276 5365 498 5431 λοντεςο
555 5368 627 5422 τά
692 5368 914 5440 καθαρά
957 5369 1059 5441 τῆς
1116 5371 1400 5439 θεολογίας
1457 5375 1859 5443 ἐμφυτεύοντες

274 5467 561 5551 δόγματα⁸
612 5469 725 5540 βίον
774 5472 1073 5537 ἀσκοῦντες
1119 5473 1443 5545 ἀκτήμονα·
1504 5477 1862 5544 πλουτοῦντες

276 5574 511 5641 δωρεαῖς
562 5575 683 5637 ταῖς
724 5572 819 5628 τοῦ
876 5575 1230 5644 Πνεύματος’
1267 5577 1404 5648 πρὸς
1447 5578 1508 5632 τὸ
1551 5580 1862 5647 πολυπαθὲς

264 5670 389 5723 ,τῶν
419 5671 691 5740 σωμάτων
719 5653 1193 5744 ἀνθοπλιζόμενοιο
1230 5675 1299 5729 τά
1335 5681 1504 5746 μυρία
1533 5677 1739 5734 τούτων
1758 5698 1859 5736 κα-

276 5770 719 5844 ταπολεμῶντες
747 5772 843 5828 καὶ
871 5773 1268 5840 ἀποσοϐοῦντες
1298 5775 1483 5855 πάθη·
1516 5779 1725 5852 δωρεὰν
1761 5783 1860 5855 τὴν

1955 3209 2069 3278 pit;
2103 3224 2199 3264 vos
2232 3216 2440 3274 autem,
2472 3209 2590 3280 ejus
2617 3218 2732 3264 toto
2759 3210 2885 3265 vitae
2907 3209 3139 3265 decursu
3174 3209 3535 3266 illustratioue

1953 3302 2138 3370 potiti,
2174 3299 2322 3356 orbis
2353 3310 2621 3356 terrarum
2666 3302 2955 3357 luminaria
3010 3303 3337 3370 erstitis'tis;
3372 3315 3536 3373 atque

1956 3392 2368 3448 indeﬁcientem
2406 3394 2551 3449 illius
2578 3394 2993 3450 beneﬁcentiam
3021 3397 3177 3451 novis
3192 3398 3538 3453 curationum

1957 3476 2252 3555 generibus
2282 3485 2606 3540 ostendistis
2632 3502 2647 3551 ;
2678 3500 2777 3539 nec
2807 3487 2970 3541 modo
2999 3498 3317 3556 praesentes,
3345 3503 3535 3542 verum

1958 3576 2123 3631 etiam
2162 3585 2515 3647 posteaquam
2572 3590 2635 3631 ex
2708 3578 2962 3632 humanis
3021 3581 3315 3650 migraslis,
3389 3581 3537 3654 larga

1961 3667 2080 3735 ejus
2110 3682 2333 3722 munera
2369 3678 2534 3735 opere
2588 3665 2881 3730 exhibetls,
2928 3681 3083 3736 pure,
3139 3682 3260 3722 cum
3319 3668 3538 3724 deitatis

1963 3773 2263 3829 praecones,
2300 3767 2411 3811 tum
2442 3756 2561 3825 ejus
2587 3756 2778 3811 auxilii
2809 3757 3071 3811 vindices.

2030 3850 2169 3916 Quid
2204 3851 2485 3905 enimvero
2517 3864 2677 3920 opus,
2713 3856 2773 3902 ut
2836 3848 3160 3917 patriarchae
3200 3853 3537 3919 progeniem,

1959 3956 2055 3997 seu
2088 3942 2251 3997 etiam
2283 3942 2460 4011 iustos
2488 3951 2649 3995 aetate
2667 3948 2950 4011 sequaces,
2990 3941 3293 4007 vobiscum,
3325 3958 3387 4011 ae
3415 3958 3536 3998 cum

1959 4035 2117 4090 donis
2165 4049 2193 4087 a
2245 4034 2354 4088 Deo
2388 4034 2685 4099 concessis,
2716 4032 3016 4098 conferam,
3048 4048 3169 4088 cum
3221 4034 3266 4088 is
3325 4037 3541 4091 abunde

1963 4128 2030 4181 ad
2082 4126 2549 4195 comparationem
2587 4125 2873 4192 habuerit;
2906 4134 2962 4179 ut
3015 4134 3195 4181 tamen
3238 4128 3370 4182 nihil
3417 4128 3542 4183 inde

1961 4218 2081 4289 ejus
2130 4218 2346 4277 ,virtttte
2412 4217 2618 4271 minuta
2670 4225 2833 4284 atque
2867 4216 3146 4285 depressa,
3197 4197 3542 4287 incompara-

1962 4309 2087 4364 hilis
2151 4309 2491 4381 immensitas
2564 4307 2690 4362 doni
2773 4307 2826 4360 in
2888 4308 3061 4377 gratia
3131 4309 3400 4374 exhibiti,
3465 4313 3540 4365 uti

1964 4420 2029 4460 ex
2095 4401 2298 4469 verbis,
2351 4401 2424 4456 ita
2480 4409 2534 4454 et
2595 4401 2759 4455 rebus
2814 4400 2946 4470 ipsis
2999 4400 3254 4455 eluserit.
3297 4402 3435 4470 Quin
3489 4416 3543 4458 et

1891 4480 2155 4570 Dgratiae
2232 4497 2473 4568 ejusdem
2540 4495 2946 4557 ministrorum,
3002 4509 3065 4548 ac
3128 4496 3542 4565 praedicatorum

1965 4593 2271 4644 imitatores
2303 4588 2500 4653 effecti,
2525 4588 2715 4642 eadem
2749 4598 2914 4656 atque
2939 4586 3011 4640 illi
3039 4587 3179 4641 dona
3212 4588 3544 4645 obtinuistis.

1961 4682 2171 4749 Quibus
2220 4681 2363 4735 enim
2420 4679 2642 4734 fuertmt
2694 4680 2994 4734 certamina
3033 4679 3209 4748 paria,
3251 4681 3316 4736 iis
3393 4697 3545 4751 aequa

1963 4773 2348 4829 distributione
2415 4786 2640 4826 munera
2702 4771 3032 4826 tribuuntur.
3094 4772 3293 4827 Eorum
3350 4773 3548 4843 quippe

1963 4866 2190 4936 vestigia
2224 4872 2522 4928 sectantes,
2561 4863 2776 4919 labores
2807 4864 3027 4935 quidem
3060 4864 3315 4919 salutaris
3346 4867 3544 4933 praedi-

1963 4957 2199 5011 cationis
2237 4970 2403 5011 causa
2441 4956 2795 5025 suscepistis;
2829 4956 2960 5011 nihil
2995 4963 3171 5009 autem
3226 4956 3294 5009 ab
3348 4956 3544 5025 aequali

1962 5050 2031 5104 iis
2080 5066 2243 5105 cursu
2293 5049 2601 5116 defecistis;
2664 5049 2945 5103 hominum
2984 5047 3183 5117 quippe
3229 5050 3440 5106 animos
3474 5055 3545 5105 ad

1961 5141 2221 5210 pietatem
2284 5139 2629 5195 sermonibus
2687 5139 3043 5211 inungentes;
3114 5141 3544 5211 supersentinata

1964 5233 2175 5287 zizania
2256 5232 2589 5296 evelleutes;
2662 5245 2793 5299 pura
2873 5231 3158 5303 theologia:
3239 5234 3543 5291 inserentes

1964 5325 2251 5395 dogmata;
2290 5324 2457 5377 vitam
2504 5337 2730 5395 egenam
2796 5323 3065 5392 colentes;
3113 5326 3268 5380 donis
3308 5325 3548 5395 Spiritus

1965 5414 2198 5482 divites;
2226 5414 2490 5469 adversus
2519 5413 2846 5483 multiplices
2875 5429 3163 5484 corporum
3195 5416 3546 5487 mgritudiues

1966 5505 2216 5560 instructi
2237 5524 2251 5573 ;
2271 5506 2491 5561 morbos
2510 5521 2697 5561 eorum
2724 5508 3149 5565 innumerabiles
3164 5521 3547 5580 eXpugnantes

1965 5614 2029 5655 ac
2060 5599 2471 5664 submoventes,
2510 5615 2792 5656 sermones
2836 5601 3039 5671 pariter
3071 5601 3412 5675 intplevistis,
3449 5603 3547 5659 da-

1966 5692 2212 5763 torisque
2243 5692 2659 5764 benignitatem,
2697 5709 2761 5749 ac
2793 5700 3114 5765 prepensam
3151 5696 3203 5752 in
3244 5697 3545 5752 humanum

1969 5801 2139 5856 genus
2168 5785 2523 5869 voluntatem,
2551 5787 2750 5843 imitati
2783 5790 2938 5844 estis.
