3982 6160
454 285 588 350 1519

1574 298 1905 361 GEORGII
1947 301 2544 362 NICOMEDIENSIS

3574 301 3710 369 1521)

455 406 615 475 χάριν
649 403 1134 476 καταϐαλλόμενοι,
1169 409 1294 473 τούς
1325 426 1381 461 τε
1417 407 1606 478 λόγους
1649 413 2004 486 ἐπληρώσατε
2031 455 2045 478 ,
2074 415 2167 468 καὶ⁵
2221 416 2318 484 τὴν
2360 412 2766 484 φιλανθρωπίαν
2816 412 2910 466 τοῦ
2965 413 3259 477 δεδωκότος
3288 413 3363 478 ὡς
3403 414 3532 487 ἐνῆν
3581 417 3704 486 ἐμςι

453 493 719 566 μήσασθε.

522 604 626 657 P-ar
657 604 800 658 enim
836 615 978 670 erat,
1020 616 1077 658 nt
1108 607 1200 674 qui
1241 623 1266 660 a
1294 610 1556 665 donorum
1599 615 1784 666 datare
1822 612 2026 667 beneﬁ-

447 699 534 768 cia,
564 699 938 766 accepissctis,
971 701 1199 769 ejusque
1228 705 1399 771 gratis
1422 705 1642 760 divitias
1669 707 1845 760 sortiti
1875 721 2027 761 esse-

445 800 516 843 tts
544 799 658 842 tum
702 789 976 857 largitoris
1018 793 1386 860 recogitantes
1445 796 1860 865 benignitatem,
1912 807 2022 850 tum

445 878 706 946 apostolis
736 894 1029 947 coagntam
1065 883 1319 949 gratiam,
1363 885 1427 938 iis
1460 885 1740 940 visitandis
1770 901 1905 955 quos
1932 889 2028 939 be-

446 970 642 1022 neiiciu
677 969 872 1022 essetis
924 968 1194 1036 aﬂ‘ccturi,
1243 973 1547 1028 beneficum
1586 975 1732 1029 illum
1782 976 2025 1030 imitare-

445 1060 603 1114 mini.
651 1058 765 1112 Non
804 1059 947 1114 enim
996 1072 1195 1117 vestrae
1252 1063 1875 1133 ipsorurmambitionis,
1934 1068 2025 1121 sed

446 1151 567 1220 ejus
615 1153 801 1220 gloria:
851 1155 1049 1224 gratia,
1080 1170 1203 1208 cum
1256 1157 1320 1210 iis
1357 1158 1716 1220 ministratis,
1756 1168 1866 1212 tum
1901 1159 2023 1212 doni

447 1245 874 1312 magnitudinem
904 1244 1423 1314 facitisprzedicari.

519 1451 671 1506 Dedit
715 1451 880 1516 enim,
931 1452 1105 1522 inquit
1155 1453 1761 1526 divinnscvangelista,
1809 1457 1876 1512 iis
1932 1454 2024 1526 qui

447 1543 548 1614 ipsi
596 1544 867 1610 viderunt,
925 1558 990 1598 ac
1039 1543 1364 1612 discipulis,
1413 1557 1724 1613 potestatem
1775 1549 2025 1602 adversus

445 1634 665 1702 spiritus
700 1633 1018 1696 immundos,
1076 1643 1132 1686 ut
1167 1651 1254 1688 eos
1289 1635 1535 1704 ejicerent
1571 1638 1608 1690 ‘.
1652 1638 1807 1702 Quod
1842 1638 2026 1708 itaque

444 1737 540 1791 per
576 1721 993 1791 promissionem
1050 1721 1158 1775 illis
1188 1738 1512 1778 concessum
1551 1724 1674 1791 fuit,
1733 1727 1835 1780 hoc
1873 1725 2026 1781 vobis

443 1830 542 1884 per
577 1815 724 1883 ipsos
759 1828 940 1867 rerum
975 1825 1225 1875 eventus,
1263 1816 1547 1883 praebitum
1581 1827 1680 1871 eSI.
1708 1815 1842 1870 Data
1871 1818 2026 1872 vobis

444 1915 528 1957 est
580 1913 821 1973 potestas
866 1905 1130 1957 adversus
1170 1903 1396 1972 spiritus
1437 1904 1782 1968 immundos,
1823 1913 1882 1960 ut
1919 1921 2026 1960 non

446 2005 652 2048 tantum
682 1995 714 2047 ii
746 2009 858 2060 vos,
902 1994 978 2048 uti
1025 1993 1411 2060 Deivfamulos,
1459 1996 1743 2062 horreant,
1773 1997 2028 2050 timeant-

445 2101 584 2156 quc,
630 2101 692 2140 ac
727 2095 994 2152 tremant;
1031 2086 1124 2140 sed
1163 2097 1222 2140 ut
1267 2086 1452 2150 etiam,
1489 2101 1586 2156 per
1623 2102 1717 2142 vos
1759 2088 2030 2157 pellantur

450 2192 513 2229 ac
566 2177 1022 2240 sulnnoveantnr,
1069 2191 1168 2230 nec
1217 2177 1512 2232 habitaculi
1561 2177 1737 2232 locum
1775 2179 2028 2249 deinceps

449 2267 752 2322 obtineant.
772 2268 840 2318 Et
865 2275 923 2320 ut
951 2278 1216 2330 curarent,
1245 2269 1438 2336 inquit,
1471 2285 1678 2322 onmem
1706 2271 1941 2324 morbum
1963 2273 1983 2302 ¹
2009 2289 2023 2326 :

447 2372 555 2411 non
595 2364 653 2408 ut
685 2357 825 2409 hunc
862 2357 1085 2424 quidem
1114 2368 1391 2422 curarent,
1431 2368 1488 2411 ut
1513 2358 1666 2426 cujus
1700 2362 1910 2415 sanatio
1939 2376 2027 2416 es-

443 2459 526 2501 set
561 2447 760 2511 facilis,
799 2447 945 2499 illum
975 2457 1153 2502 autem
1185 2449 1272 2517 qui
1297 2449 1572 2503 dillicilier
1599 2458 1790 2506 curatu
1815 2453 2027 2508 videre-

444 2549 552 2602 tur,
607 2539 950 2607 przcterirent
985 2555 998 2591 :
1040 2539 1168 2606 quin
1217 2540 1442 2594 dicendo
1489 2557 1714 2608 omnem,
1765 2544 2024 2598 virtutem

444 2630 613 2694 dedit,
645 2645 744 2684 eos
773 2645 991 2699 quoque
1026 2631 1244 2686 morbos
1278 2631 1439 2688 facile
1469 2635 1718 2700 curandi,
1751 2634 1841 2704 qui
1875 2637 2025 2690 insa-

447 2719 659 2773 nabiles
711 2718 913 2789 alioqui
951 2721 1122 2774 videri
1162 2733 1403 2789 possent.
1435 2724 1756 2794 Quanquam
1802 2727 1875 2780 sit
1907 2727 2025 2780 diu-

448 2821 642 2864 turnus
673 2811 916 2872 morbus,
953 2825 1016 2864 ac
1066 2825 1256 2865 eorum
1297 2813 1617 2883 desperatus
1658 2814 1895 2883 judicio,
1932 2815 2024 2884 qui

451 2903 517 2956 de
550 2904 712 2956 rebus
732 2901 1009 2970 ejusmodi
1046 2913 1294 2977 censent,
1335 2903 1654 2975 futurosque
1681 2916 1908 2961 eventus
1941 2921 2025 2960 'ex

449 2994 837 3063 apparentibus
897 2995 1070 3063 signis
1133 2997 1356 3050 omnino
1407 2998 1676 3054 aestimant
1725 3016 1739 3052 :
1806 2998 2024 3054 tametsi

449 3087 632 3139 tendat
666 3087 732 3138 ad
774 3096 1025 3140 mortem.
1072 3085 1163 3140 Sic
1184 3088 1327 3141 enim
1372 3089 1535 3144 habet
1587 3090 1784 3144 divinze
1821 3093 2023 3144 veritas

449 3177 850 3244 promissionis.
917 3176 1071 3242 Quod
1130 3177 1294 3247 igitur
1349 3196 1552 3233 omnem
1605 3181 1838 3245 dixerit,
1879 3181 2024 3234 nulla

451 3269 768 3323 morborum
825 3268 915 3336 qui
948 3269 1176 3334 curandi
1226 3280 1448 3334 essent,
1520 3269 1874 3334 discretione,
1933 3285 2027 3326 eos

447 3375 664 3430 quoque
742 3360 1105 3428 signiﬁcavit,
1151 3360 1246 3428 qni
1304 3360 1532 3414 extremi
1598 3371 1819 3424 essent;
1873 3361 2028 3431 plane

447 3447 746 3501 ostendens
797 3447 1075 3515 accepisse
1131 3461 1226 3502 vos
1265 3448 1561 3514 ﬁduciam,
1615 3459 1674 3503 ut
1725 3449 1923 3504 vestris
1961 3450 2029 3503 ad

449 3537 729 3591 Christum
785 3539 1307 3606 intercessionibus,
1364 3555 1394 3594 a
1464 3541 1758 3598 lethalibus
1812 3554 2029 3612 quoque

451 3631 676 3696 morbis,
713 3629 905 3684 aliccta
941 3645 1174 3701 corpora
1210 3631 1535 3688 liberaretis.

523 3743 753 3810 Quando
805 3744 969 3813 igitur
1007 3745 1068 3823 id
1100 3761 1128 3798 a
1173 3745 1283 3800 Deo
1315 3747 1558 3804 muneris
1596 3750 1900 3818 consecuti,
1933 3749 2030 3804 da-

450 3835 696 3901 torisque
736 3832 1089 3906 benignitatis
1138 3849 1202 3888 ac
1233 3837 1604 3904 propensioris
1647 3838 1700 3892 in
1733 3839 2026 3893 humanum

449 3939 620 3993 genus
649 3922 814 3978 studii
875 3924 1178 3979 imitatores
1205 3923 1405 3990 effecti,
1435 3926 1583 3981 nullo
1633 3937 1816 3982 vestro
1845 3927 2028 3982 labore

450 4031 512 4068 ac
553 4015 820 4076 molestia,
851 4017 970 4084 opis
1003 4016 1214 4086 indigos
1245 4017 1510 4072 beneﬁcio
1543 4016 1753 4072 allicere
1791 4018 2024 4083 habetis,

449 4109 722 4160 numnum
769 4109 927 4160 modo
955 4107 1431 4162 obsecrationibus
1494 4107 1673 4163 inﬂexi
1709 4149 1722 4173 ,
1757 4110 2024 4164 submissa

448 4215 511 4252 ex
547 4200 655 4253 imo
712 4208 930 4266 pectore
977 4199 1141 4252 verba
1197 4200 1489 4264 exaudite;
1540 4200 1776 4269 gemitus
1822 4201 2026 4255 doloris

451 4292 642 4360 plenos
677 4291 899 4343 auribus
955 4291 1236 4359 percipite.
1292 4289 1460 4343 Porro
1518 4299 1796 4360 acceptam
1835 4307 1862 4343 a
1917 4291 2024 4344 Deo

450 4383 667 4436 habetis
695 4382 1038 4435 curationum
1074 4381 1463 4435 abundantiam
1491 4399 1505 4446 ;
1547 4382 1759 4436 habetis
1787 4396 2021 4451 quoque,

452 4485 512 4525 ut
560 4473 663 4526 nisi
699 4473 826 4540 quid
874 4475 1231 4527 obsecrantes
1288 4489 1316 4525 a
1369 4474 1630 4528 beneﬁcio
1672 4483 1877 4538 arceat,
1931 4488 2025 4527 eas

449 4559 609 4614 facile
660 4561 851 4615 iisdem
907 4561 1228 4630 impendatis
1275 4579 1288 4614 :
1345 4565 1490 4630 quod
1546 4562 2020 4618 antenrbenei‘tcio

449 4650 651 4713 obstat,
694 4660 970 4717 peceatum
1004 4660 1105 4714 est,
1131 4652 1273 4721 quod
1296 4663 1350 4705 et
1375 4651 1643 4720 pessimas
1671 4653 2023 4722 mgritudines

450 4741 648 4812 pariat,
685 4757 985 4809 earumque
1028 4743 1246 4798 dolores
1297 4760 1360 4799 ac
1401 4745 1679 4800 molesdas
1733 4744 2022 4814 plurimum

449 4845 683 4904 augeat;
733 4833 860 4887 illud
898 4844 1074 4887 tamen
1114 4847 1417 4890 vestrarum
1459 4835 1780 4891 ellicaeitate
1827 4835 2030 4905 suppli-

451 4928 734 4981 cationum
762 4927 1128 4996 superandum
1155 4938 1318 4996 atque
1346 4929 1754 4983 convellendum
1781 4943 1796 4981 :
1819 4942 1885 4982 ne
1913 4928 2028 4996 ejus

448 5035 579 5090 ergo
605 5022 1057 5074 contrarietatem
1094 5030 1424 5089 spectantes,
1461 5034 1622 5087 quam
1654 5034 1866 5087 semper
1901 5033 2027 5086 pro-

452 5110 681 5165 funditis
700 5112 956 5180 gratiam,
976 5110 1119 5179 jnsta
1146 5112 1386 5164 vindicta
1407 5111 1683 5164 continere
1711 5111 2025 5164 volueritis:

452 5203 581 5270 quin
621 5203 751 5257 illud
803 5218 1020 5272 quoque
1077 5205 1144 5258 de
1200 5203 1376 5256 medio
1413 5202 1683 5266 tollentes,
1737 5216 1832 5255 ceu
1890 5200 2029 5255 vallo

453 5294 756 5348 fortissimo
786 5294 942 5348 bonis
977 5296 1243 5348 munitum
1291 5295 1513 5356 donum,
1547 5294 1715 5348 libere
1745 5293 1798 5344 in
1833 5307 2030 5363 rogan-

456 5394 538 5440 tes
600 5387 864 5439 derivatc.
909 5386 1117 5454 Quippe
1165 5386 1315 5450 haec,
1358 5385 1599 5438 aliarum
1638 5383 2028 5453 aegritudinum

455 5477 778 5548 gravissima
830 5487 934 5544 est,
989 5488 1046 5530 ttt
1090 5477 1331 5531 omnium
1385 5478 1640 5542 maxime,
1700 5477 2026 5546 adiutorium

530 5654 545 5685 ²
582 5650 770 5706 Matth.
811 5667 863 5717 tt,
902 5651 950 5704 1.
1029 5653 1047 5681 ³
1076 5648 1209 5705 Ibid.

2201 603 2348 655 Ἔδει
2383 603 2491 673 γὰρ
2531 603 2695 674 ὑμᾶς,
2747 603 2846 669 τὰς
2897 604 2993 660 τοῦ
3048 607 3344 680 δωροδότου
3383 611 3710 683 δεξαμένους

2127 694 2468 763 εὐεργεσίας,
2503 695 2594 748 καὶ
2639 698 2844 766 προῖκα
2874 697 2966 751 τὸν
3012 701 3206 754 τούτου
3247 702 3711 775 κληρωσαμένους

2129 781 2379 846 πλοῦτον,
2418 783 2480 836 τό
2503 799 2564 836 τε
2592 783 2986 856 φιλάνθρωπον
3012 789 3106 842 τοῦ
3137 795 3582 864 παρασχομένου,
3618 799 3712 849 καὶ
3769 802 3778 810 ’

2127 873 2224 943 τὴν
2267 873 2606 945 κατάλληλον
2656 876 2976 941 ἀποστόλοις
3028 879 3476 953 ἐκλογιζομένους
3523 887 3709 957 χάριν,

2126 963 2216 1017 διά
2236 965 2332 1035 τῆς
2354 965 2464 1019 τῶν
2488 967 2969 1039 εὐεργετουμένων
2985 971 3349 1042 ἐπισκέψεως,
3371 976 3462 1028 τὸν
3483 977 3709 1048 εὐεργέο

2127 1073 2226 1125 την
2266 1057 2751 1128 ἀπομιμήσασθαι.
2808 1061 2881 1114 Οὐ
2941 1061 3052 1134 γὰρ
3109 1065 3316 1128 οἰκείας
3374 1066 3708 1138 φιλοτιμίας,

2127 1145 2262 1198 ἀλλά
2305 1146 2407 1215 τῆς
2440 1148 2649 1201 ἐκείνου
2691 1149 2850 1219 δόξης
2878 1150 3062 1218 ἕνεκα,
3111 1156 3319 1217 τούτοις
3363 1173 3422 1228 τε
3455 1157 3714 1228 καθυπη-

2130 1239 2360 1306 ρετεῖτε,
2392 1239 2489 1291 καὶ
2521 1239 2622 1308 τῆς
2651 1239 2860 1311 δωρεᾶς
2891 1243 2950 1295 τὸ
2976 1241 3207 1314 μέγεθος
3239 1221 3709 1316 ἀνακηρύττεσθαι

2129 1327 2601 1399 παρασκευάζετε.

2201 1441 2469 1496 Ἔδωκεν
2491 1441 2621 1516 γὰρ,
2649 1445 2836 1516 φησιν,
2864 1449 2979 1510 τοῖς
3002 1447 3299 1515 αὐτόπταις
3323 1451 3415 1505 καὶ
3451 1455 3705 1524 μύσταις,

2128 1533 2155 1585 ό
2187 1533 2476 1596 θεσπέσιος
2528 1534 2953 1606 εὐαγγελιοτὴς,
2994 1536 3290 1601 ἐξουσίαν
3338 1544 3490 1595 κατὰ
3518 1561 3707 1596 πνευ-

2122 1623 2330 1693 μάτων
2363 1621 2733 1695 ἀκαθάρτων,
2765 1625 2920 1682 ὥστε
2948 1627 3099 1682 αὐτὰ
3144 1629 3482 1686 ἐκϐάλλειν.
3527 1634 3708 1704 Ἀπερ

2128 1712 2223 1769 οὖν
2249 1716 2481 1780 ἐκείνοις
2503 1718 2570 1770 δι’
2599 1719 2950 1788 ὑποσχέσεως
2976 1720 3216 1785 δέδοται,
3235 1723 3408 1777 ταῦτα
3428 1725 3495 1777 δι’
3525 1727 3707 1788 αὐτῶν

2130 1807 2260 1878 ὑμῖν
2301 1806 2616 1879 παρεσχέθη
2651 1808 2750 1862 τῶν
2782 1808 3083 1864 ἐκδάσεων.
3119 1811 3338 1866 Δέδοται
3368 1815 3511 1868 κατά
3541 1833 3708 1870 πνευ-

2133 1899 2318 1966 μάτων
2354 1898 2686 1965 ἀκαθάρτων
2719 1900 2852 1969 ὐμῖν
2885 1899 3126 1966 ἐξουσία,
3160 1903 3258 1973 οὐχ
3287 1904 3428 1958 ὥστε
3458 1907 3708 1976 φρίσσειν

2129 1988 2274 2058 ὑμᾶς
2299 1986 2374 2050 ὡς
2403 1987 2537 2040 Θεοῦ
2590 1987 2951 2058 θεράποντας,
2993 1992 3088 2042 καὶ
3139 1991 3372 2047 δεδιέναι
3402 1995 3574 2048 ταῦτα
3608 1997 3705 2050 καὶ

2126 2079 2351 2150 τρέμειν
2380 2078 2540 2148 μόνον
2567 2095 2580 2108 ·
2615 2079 2752 2132 ἀλλά
2796 2081 2892 2133 καὶ
2922 2074 3262 2148 ἐλαύνεσθαι,
3290 2085 3384 2138 καὶ
3415 2086 3705 2140 ἀποσοδεῖ-

2131 2170 2276 2234 σθαι,
2336 2171 2429 2223 καὶ
2465 2171 2630 2223 τόπον
2677 2172 2755 2242 μὴ
2813 2173 3145 2243 κληροῦσθαι
3206 2179 3703 2247 κατασκηνώσεως.

2131 2261 2492 2329 Θεραπεύειν
2515 2260 2583 2314 δὲ
2609 2261 2818 2317 πᾶσαν
2837 2265 3047 2328 νόσον,
3075 2266 3208 2336 φησί
3233 2283 3246 2298 ο
3279 2269 3340 2320 οὐ
3365 2271 3463 2339 τὴν
3497 2270 3598 2339 μὲν
3630 2273 3706 2334 ὡς

2127 2352 2189 2406 τὸ
2230 2352 2414 2423 ῥᾴδιον
2454 2352 2684 2423 ἔχουσαν
2717 2357 2815 2425 τῆς
2861 2355 3086 2420 ἰάσεως,
3117 2356 3441 2428 θεραπεύειν
3463 2377 3478 2392 ο
3518 2361 3618 2432 τὴν
3645 2363 3705 2415 δὲ

2126 2446 2203 2507 ὡς
2246 2445 2307 2497 τὸ
2344 2443 2608 2515 δυσχερὲς
2666 2447 3061 2516 ἐμφαίνουσαν,
3119 2450 3516 2520 παρατρέχειν
3565 2451 3705 2506 ἀλλὰ

2126 2536 2336 2592 πᾶσαν
2361 2535 2552 2603 εἰπὼν,
2592 2539 2820 2592 καὶτῶν
2861 2540 3095 2594 ἀνιάτων
3127 2541 3559 2612 ὑπονοουμένων,
3607 2547 3708 2618 ῥᾴ-

2128 2646 2260 2698 στην
2291 2631 2420 2700 ὐμῖν
2454 2631 2555 2701 τὴν
2589 2630 2684 2684 τοῦ
2713 2630 3041 2701 θεραπεύειν
3097 2633 3399 2705 δεδώρηται
3447 2637 3702 2708 δύναμιν.

2126 2721 2244 2776 Κᾶν
2274 2721 2464 2793 χρονία
2496 2721 2653 2792 τύχοι
2695 2739 2778 2786 τις
2817 2723 2954 2778 οὖσα
2984 2724 3078 2778 καὶ
3129 2727 3554 2800 ἀπηγορευμένη
3588 2733 3705 2794 τοῖς

2127 2812 2258 2882 περὶ
2282 2811 2486 2865 τούτων
2518 2812 2945 2883 διανοουμένοις,
2980 2815 3076 2868 καὶ
3116 2817 3325 2885 κρίνειν
3352 2820 3462 2880 τοῖς
3485 2819 3706 2889 ὁρωμέ-

2128 2902 2489 2979 νοιςίδοκοῦσι
2516 2903 2584 2957 τά
2610 2903 2959 2975 ἐκϐησόμενα
2978 2921 2992 2936 ·
3027 2905 3130 2960 κᾶν
3161 2909 3298 2978 πρὸς
3321 2909 3484 2962 αὐτὸν
3515 2909 3706 2979 βλέποι

2126 2992 2218 3047 τὸν
2251 2978 2508 3047 θάνατον.
2545 2992 2702 3048 Οὕτω
2735 2995 2844 3065 γὰρ
2870 2995 2983 3066 ἔχει
3015 2996 3071 3050 τὸ
3093 2997 3320 3063 ἀψευδὲς
3347 3002 3442 3070 τῆς
3466 2978 3706 3071 ὑποσχέ-

2130 3101 2287 3148 σεως.
2323 3084 2540 3139 Πᾶσαν
2587 3085 2718 3155 γοῦν
2746 3085 2936 3152 εἰπὼν,
2995 3088 3092 3141 καὶ
3123 3089 3411 3161 διαστολήν
3441 3109 3563 3145 τινα
3592 3092 3704 3146 τῶν

2053 3187 2096 3246 C
2133 3172 2700 3244 θεραπευθησομένων
2728 3174 2804 3245 μὴ
2826 3175 3084 3244 προσθεὶς
3098 3177 3288 3242 νόσων,
3319 3180 3417 3231 καὶ
3443 3183 3540 3242 τὰς
3565 3181 3703 3251 πρὸς

2129 3266 2304 3336 πέρας
2361 3264 2653 3336 ἀφορώσας
2710 3265 3062 3338 διεσήμανεν,
3121 3269 3335 3332 δεικνὺς
3382 3271 3458 3335 ὡς
3507 3273 3602 3326 καὶ
3638 3276 3706 3326 ἐκ

2129 3354 2521 3428 θανατηφόρων
2548 3356 2736 3410 παθῶν
2765 3375 2826 3411 τε
2853 3359 2948 3411 καὶ
2972 3359 3142 3413 νόσων
3165 3360 3390 3428 ῥύεσθαι
3416 3365 3537 3427 ταῖς
3568 3364 3708 3436 πρὸς

2128 3447 2365 3519 Χριστὸν
2396 3447 2555 3520 ἡμῶν
2585 3448 2820 3514 ἱκεσίαις
2852 3450 2953 3516 τὴν
2987 3452 3300 3524 παρρησίαν
3327 3453 3610 3524 εἰλήφατε.

2211 3745 2364 3799 Ἐπεὶ
2392 3740 2484 3801 οὖν
2515 3747 2647 3817 παρ’
2672 3746 2840 3801 αὐτοῦ
2871 3748 2970 3819 μὲν
2992 3749 3197 3821 ταύτην
3225 3749 3581 3822 ἐκομίσασθε·
3607 3753 3705 3807 τοῦ

2129 3837 2424 3900 δεδωκότος
2458 3838 2504 3891 δ’
2536 3840 2594 3892 ἐν
2625 3841 2858 3910 μιμήσει
2890 3840 2993 3909 τῆς
3040 3840 3452 3912 φιλανθρωπίας
3481 3845 3707 3915 γινόμε-

2128 3928 2330 3994 νοι,τδ,
2349 3928 2474 3991 τοὺς
2503 3928 2707 3991 ἐνδεεῖς
2753 3929 3066 4000 εὐεργετεῖν
3097 3932 3351 4001 ἀμόχθως
3376 3933 3547 4001 ἔχετε,
3583 3937 3706 3998 ταῖς

2128 4015 2223 4070 νῦν
2293 4017 2402 4071 τῶν
2460 4018 2731 4088 δεομένων
2797 4021 3188 4090 ἐπικάμφθητε
3259 4023 3705 4094 παρακλήσεσιοδο

2129 4108 2394 4178 ῥημάτων
2448 4109 2514 4162 ἐκ
2563 4109 2762 4172 ϐάθους
2810 4110 3287 4181 ἀναπεμπομένων
3338 4114 3564 4183 καρδίας
3607 4116 3712 4168 ἑπ-

2129 4198 2419 4252 ακούσατε⁶
2439 4199 2780 4262 κατωδύνους
2797 4201 3123 4270 ἐνωτίσθητε
3137 4203 3496 4273 στεναγμούς.
3513 4206 3708 4274 Ἔχετε

2127 4291 2227 4362 τὴν
2257 4290 2514 4360 ἀφθονίαν
2551 4291 2666 4362 ,μὲν
2697 4293 2806 4345 τῶν
2854 4293 3100 4363 ἰαμάτων
3153 4293 3435 4363 εἰληφότες
3463 4296 3706 4353 ἄνωθεν

2130 4381 2282 4450 ἔχετε
2332 4381 2376 4433 δ’
2412 4382 2628 4446 ἀπόνως
2667 4371 2863 4434 ’καὶτὸ
2910 4384 3024 4445 τοῖς
3072 4383 3245 4436 ταῦτα
3295 4387 3709 4453 παρακαλοῦσιν

2131 4473 2336 4543 νέμειν,
2363 4475 2412 4526 εἰ
2449 4474 2522 4544 μή
2556 4491 2608 4526 τι
2632 4473 2740 4526 τῶν
2782 4473 3037 4543 ἐμποδὼν
3071 4476 3540 4546 παρακαλοῦντας
3575 4481 3711 4532 ἀπο-

2127 4563 2297 4616 κλείοι
2345 4564 2444 4635 τῆς
2478 4569 2720 4635 χάριτος.
2769 4564 3053 4634 Ἐμποδὼν
3107 4565 3164 4618 δὲ
3214 4566 3315 4635 τῆς
3363 4567 3706 4638 εὐεργεσίας,

2121 4654 2391 4725 ἁμαρτία,
2423 4656 2456 4724 ἠ
2484 4655 2580 4708 καὶ
2605 4653 2714 4708 τῶν
2731 4655 2922 4707 παθῶν
2951 4655 3021 4708 τὰ
3051 4655 3395 4726 πονηρότατα
3425 4656 3705 4725 τίκτουσα,

2123 4743 2219 4795 καὶ
2240 4741 2544 4812 ἀλγηδόνας
2589 4741 2691 4805 τὰς
2734 4741 2944 4796 τούτων
2995 4745 3077 4807 εἰς
3116 4745 3252 4798 πολὺ
3291 4745 3392 4815 μὲν
3442 4748 3712 4816 παρατεί-

2126 4834 2338 4900 νεσθαι,
2373 4833 2872 4904 παρασκευάζουσα
2893 4849 2906 4862 ·
2950 4827 3240 4906 ἡττωμένη
3274 4835 3332 4888 δὲ
3373 4835 3468 4888 καὶ
3499 4835 3713 4890 διαλυο-

2133 4924 2271 4995 μένη
2334 4924 2724 4996 στερῤοτάταις
2793 4925 2948 4994 ὐμῶν
3007 4925 3336 4990 ἐντεύξεσιν.
3388 4927 3481 4997 Μὴ
3529 4927 3711 4982 τοίνυν

2137 5011 2457 5067 ἐναντιώσει
2486 5017 2551 5084 τῇ
2584 5013 2793 5084 ταύτης
2836 5015 3286 5086 προσανέχοντες,
3324 5017 3426 5087 τὴν
3463 5017 3549 5070 ἀεὶ
3580 5032 3716 5086 προ-

2134 5105 2403 5175 χεομένην
2425 5106 2584 5174 χάριν
2608 5105 2782 5174 ὑμῶν,
2814 5104 2881 5157 δι’
2910 5105 3092 5158 αἰτίαν
3120 5105 3327 5159 ἔνδικον
3354 5107 3712 5175 ἐπισχεθῆναι

2137 5193 2524 5264 βουληθείητε’
2573 5194 2687 5246 ἀλλ’
2741 5194 2817 5256 ὡς
2871 5196 2984 5256 τοῖς
3035 5195 3498 5266 ἐπιτειχισθεῑσαν
3557 5196 3717 5266 περί-

2139 5303 2370 5358 φραγμα
2397 5288 2834 5356 καρτερώτατον,
2852 5288 2914 5339 ἐκ
2941 5285 3108 5356 μέσου
3141 5289 3234 5340 καὶ
3255 5288 3462 5359 ταύτην
3487 5288 3713 5359 διάραν-

2137 5395 2260 5441 τες,
2328 5377 2625 5441 ἀκωλύτως
2710 5377 3218 5449 διαπορθμευθῆναι
3279 5380 3559 5449 δεομένοις
3613 5379 3715 5450 τὴν

2136 5474 2341 5546 δωρεὰν
2395 5473 2875 5542 παρασκευάσκτε.
2933 5472 3166 5544 Νόσημα
3225 5474 3333 5544 γὰρ
3379 5471 3489 5525 τῶν
3538 5470 3718 5526 ἄλλων
