3982 6160
318 318 455 384 1521
1168 323 1253 384 ΙΝ
1293 323 1397 384 SS.
1440 322 1672 385 MART.
1713 325 2017 387 COSMAM
2055 327 2150 387 ET
2191 323 2623 386 DAMIANUM.
3452 323 3584 389 13322

318 430 589 502 ἀλγεινῶν
637 416 732 487 καὶ
768 433 907 507 αὑτὴ
968 434 1385 507 χαλεπώτερον,
1448 436 1544 489 καὶ
1590 434 1691 505 τῆς
1745 436 1892 507 ὑμῶν

2008 444 2277 498 vestrum,
2300 440 2394 490 seu
2425 434 2599 504 magis
2640 431 3032 501 inspectionem
3065 447 3133 488 ac
3165 446 3378 498 curam,
3404 436 3589 502 requi-

319 523 662 594 ἐπικουρίας,
698 524 899 596 μᾶλλον
937 527 981 580 δ’
1015 526 1361 597 ἐπισκέψεως
1395 527 1670 599 δεόμενον.
1706 528 1892 598 Ἔχετε

2007 537 2111 580 rat.
2136 525 2364 579 Habetis
2395 534 2580 580 autem
2629 525 2681 580 in
2716 539 2836 578 eam
2885 538 3103 595 quoque
3151 532 3502 594 potestatem,
3529 533 3588 578 ut

317 615 414 670 καὶ
458 618 578 670 κατ’
633 617 808 688 αὐτῆς
852 617 952 688 τήν
1013 618 1285 683 ἐξουσίαν,
1348 619 1424 683 ὡς
1479 618 1662 690 ἔργοις
1717 620 1892 684 αὐτοῖς

2009 619 2139 687 ipsis
2170 620 2334 672 rebus
2361 631 2548 670 eorum
2572 616 2705 671 socii
2738 614 2942 683 effecti,
2972 616 3064 685 qui
3103 629 3222 670 eam
3275 616 3590 685 promissio.

319 709 568 764 κοινωνοὶ
596 709 706 764 τῶν
731 709 829 782 τὴν
863 710 1157 781 ὑπόσχεσιν
1179 711 1381 783 ταύτην
1410 711 1712 782 εἰληφότων
1733 729 1900 781 γεγε-

318 819 383 873 νη
395 803 570 872 μένοι.
619 801 840 873 Ἰσχύει,
868 802 1028 857 τοῦτο
1057 804 1275 869 πάντως
1305 804 1405 858 ούκ
1438 803 1757 875 ἀμφίϐολον,
1791 804 1901 858 τῶν

318 892 592 963 δεομένων
624 893 1051 965 συνεργούντων,
1075 896 1169 950 καὶ
1199 895 1403 965 ταύτην
1421 894 1576 966 ὑμῶν
1600 896 1633 965 ἡ
1662 895 1899 967 εὐπρόσ-

318 982 507 1046 δεκτος
550 983 662 1056 [τσ.
699 986 865 1039 lem.
923 983 1153 1056 δέησις],
1207 983 1282 1048 ὡς
1351 986 1447 1037 καὶ⁹
1518 985 1567 1038 τ’
1607 984 1742 1039 ἄλλα
1790 984 1900 1038 τῶν

318 1075 644 1145 νοσημάτων
675 1075 889 1146 ἐξᾶραι,
937 1077 1031 1130 καὶ
1076 1075 1265 1147 εὐεξίᾳ
1298 1078 1364 1147 τῇ
1387 1075 1578 1141 ὅντως,
1610 1077 1900 1149 νοσηλευο-

318 1164 518 1234 μένους
548 1165 888 1237 ἀναρρῶσαι.
1078 1172 1083 1177 ’

387 1256 546 1309 Κατά
569 1256 786 1311 πάντων
810 1253 906 1311 οὖν
934 1257 1123 1314 παθῶν
1147 1260 1213 1314 ἐκ
1240 1260 1499 1332 προνοίας
1528 1261 1743 1333 ἔχοντες
1764 1259 1900 1314 Θεοῦ

314 1347 385 1401 τὰ
416 1348 734 1420 νικητήρια,
764 1350 825 1402 τὸ
849 1349 943 1403 τοῦ
981 1352 1428 1424 προνοησαμένου
1456 1353 1549 1408 καὶ
1575 1353 1634 1406 ἐν
1663 1350 1900 1405 ὑπευθύ-

315 1454 431 1502 νοις
503 1439 821 1514 μιμήσασθε
872 1440 1204 1510 φιλάγαθον’
1258 1443 1516 1514 ἐμμόνοις
1577 1442 1900 1513 πρεσϐείαις

315 1527 512 1598 ἐνοχάς
549 1513 912 1601 πταισμάτων
958 1513 1300 1586 διαλύσατε(
1321 1513 1556 1605 χρονίοις
1589 1533 1902 1603 πεπεδημέ-

315 1636 446 1683 νους
476 1621 783 1691 νοσήμασιν
815 1622 1122 1678 ἀπολύσατε
1142 1641 1154 1654 ·
1189 1625 1422 1695 ἡσθῆναι
1450 1627 1517 1697 τῇ
1543 1642 1606 1678 τε
1638 1625 1901 1698 προαιρέ-

315 1726 402 1763 σει
442 1712 535 1765 καὶ
562 1711 640 1782 τῷ
682 1713 855 1783 πόθῳ,
900 1714 1007 1767 τῶν
1050 1715 1156 1768 ὑπὸ
1201 1714 1450 1786 πτέρυγα
1504 1715 1715 1787 θερμῆς
1743 1716 1897 1787 ὑμῶν

2005 722 2128 763 nem
2165 716 2528 777 acceperunt.
2581 705 2728 761 Nihil
2766 707 2928 777 plane
2973 706 3222 772 dubium,
3263 700 3322 760 ut
3354 721 3421 761 ne
3450 707 3590 761 hanc

2004 813 2220 867 quoque
2267 807 2326 852 ut
2367 809 2421 852 et
2462 797 2701 867 reliquas
2759 797 3136 867 aegritudines,
3201 798 3311 854 Deo
3362 810 3587 866 acet-pta

2003 900 2183 943 vestra
2212 888 2413 953 oratio,
2443 888 2577 958 ipsis
2597 889 2693 957 qui
2734 897 2926 958 rogant
2954 890 3330 959 coagentibus,
3365 889 3584 944 auferre

2005 977 2203 1042 valeat,
2238 987 2403 1046 atque
2429 988 2490 1035 ea
2519 978 2854 1045 laborantes,
2876 979 3019 1037 bona
3049 996 3242 1038 revera
3270 981 3580 1038 valetudine

2005 1070 2352 1125 conlirmare.

2074 1255 2174 1322 Qui
2216 1269 2345 1325 ergo
2379 1256 2613 1314 donante
2632 1258 2721 1315 Dei
2754 1258 3090 1330 providentia
3154 1262 3414 1318 adversus
3463 1276 3584 1318 om-

2001 1364 2099 1404 nes
2125 1349 2343 1405 morbos
2370 1351 2648 1406 victoriam
2679 1350 2943 1422 habeatis,
2968 1355 3085 1424 ejus
3106 1356 3198 1425 qui
3229 1357 3310 1412 sic
3334 1357 3579 1427 providit.

2000 1441 2420 1513 benignitatem,
2457 1443 2509 1497 in
2550 1444 2617 1498 iis
2669 1460 2889 1515 quoque
2945 1449 3040 1517 qui
3074 1448 3153 1502 rei
3204 1459 3334 1504 sunt
3398 1450 3587 1504 imitaq

2002 1533 2176 1600 ntini;
2234 1534 2468 1590 assiduis
2520 1537 2717 1592 vestris
2766 1537 3252 1594 intercessionibus
3304 1541 3583 1596 dissolvite

2001 1633 2184 1679 reatus
2217 1625 2535 1680 delictorum
2584 1643 2598 1680 :
2642 1626 2897 1697 longaevis
2948 1636 3122 1685 lentos
3172 1630 3587 1698 aegritudinlbns

2003 1715 2305 1781 absolvite,
2344 1724 2400 1769 ut
2427 1730 2615 1770 eorum
2667 1716 2861 1773 affectu
2911 1733 2977 1773 ac
3033 1718 3317 1774 desiderio.
3352 1721 3584 1791 gaudea-

313 1800 666 1871 ἐπισκέψεως
730 1805 1199 1872 καταφευγόντων.
1239 1806 1625 1879 δυσωπήθητε.
1690 1808 1887 1879 Ὁρᾶτε

2010 1807 2099 1873 tis,
2127 1808 2220 1877 qui
2244 1807 2345 1863 sub
2366 1808 2478 1863 alas
2505 1806 2763 1864 ferventis
2790 1820 2982 1864 vestrae
3005 1810 3586 1897 inspectiouiscoufu-

315 1883 428 1957 γὰρ
454 1885 528 1950 ὡς
553 1884 667 1958 [ισ.
702 1891 864 1944 dem.
892 1890 997 1963 ὅτι]
1031 1894 1110 1957 εἰς
1137 1892 1353 1963 ἀμοχθά
1382 1911 1504 1948 τινα
1534 1896 1629 1949 καὶ
1657 1896 1897 1965 χαρίτων

320 1975 535 2045 ἰατρεῖα
564 1976 773 2050 πλήρη,
804 1981 863 2034 ἐν
894 1984 1008 2046 τοῖς
1035 1983 1289 2054 τεμένεσι
1318 1985 1474 2056 ὑμῶν
1498 1988 1548 2040 οἱ
1569 1986 1895 2059 ὀδυνώμενοι

315 2066 782 2137 καταφεύγοντες,
826 2071 925 2144 τὴν
956 2073 1066 2128 τῶν
1099 2075 1365 2144 ἀλγεινῶν
1413 2078 1488 2148 μὴ
1532 2077 1898 2149 ὑπερτιθεμέ-

316 2174 420 2229 νην
458 2159 783 2232 ἀπαλλαγήν
807 2162 1149 2229 ἐλπίζουσιν.
1202 2166 1433 2238 Ὀρῶσιν
1462 2168 1571 2241 γὰρ
1609 2169 1754 2239 ὑμᾶς
1783 2169 1898 2223 δια-

315 2249 459 2319 νοίᾳ,
500 2252 595 2305 καὶ
633 2252 709 2325 μὴ
741 2258 1104 2326 φαινομένους
1130 2257 1379 2329 ὄμμασιν
1403 2277 1417 2292 ·
1454 2263 1647 2332 χεῖρας
1682 2262 1899 2332 προτεί-

216 2344 221 2347 ’
316 2357 504 2395 νουσιν
523 2359 537 2374 ⁸
554 2342 735 2412 λόγοις
753 2345 846 2400 τὸν
868 2346 1017 2400 ἔλεον
1034 2347 1419 2419 ἐπιζητοῦντες
1443 2351 1865 2422 προσομιλοῦσιν
1878 2368 1893 2384 ⁸

316 2433 397 2497 ὡς
428 2434 684 2507 σωτῆρας
717 2439 1132 2509 παρακαλοῦσιν
1157 2457 1171 2472 ο
1203 2441 1279 2505 ὡς
1326 2443 1633 2515 κηδεμόνας
1678 2444 1898 2498 καθικε-

316 2523 558 2580 τεύουσι.
594 2527 703 2581 Καὶ
744 2530 773 2582 ό
799 2530 919 2601 μὲν,
952 2531 1050 2585 τοῦ
1076 2531 1255 2601 λέγειν
1285 2532 1367 2587 ἐτι
1403 2534 1478 2606 μὴ
1516 2536 1894 2607 πεπαυμένος,

321 2613 570 2686 ῥήμασιν
599 2615 698 2681 τὰς
738 2619 1072 2691 συνεχούσας
1102 2621 1404 2693 ἀλγηδόνας
1441 2623 1770 2694 διαγγέλλει,
1797 2625 1897 2690 τὰς

319 2706 462 2776 ὑπὲρ
495 2708 677 2763 αὐτῶν
702 2710 914 2777 ἱκεσίας
940 2714 1379 2787 προϐαλλόμενος
1397 2731 1415 2749 ο
1439 2718 1467 2769 ὁ
1491 2716 1569 2784 δέ,
1595 2716 1685 2770 διὰ
1710 2717 1897 2772 κακώ-

321 2809 459 2860 σεως
490 2797 797 2871 ὑπερϐολὴν
824 2804 918 2856 καὶ
947 2804 1128 2859 αὐτῶν
1167 2805 1512 2869 ἀποπαυθεὶς
1556 2808 1665 2862 τῶν
1701 2808 1894 2879 λόγων,

319 2889 661 2959 στεναγμοὺς
688 2892 988 2948 ἀνατείνων
1012 2896 1353 2968 ἀναπέμπει,
1404 2898 1498 2952 καὶ
1525 2898 1719 2973 ὀδύνην
1763 2902 1897 2956 ὑπο-

246 2975 255 2984 ’
317 2976 500 3044 φαίνει
530 2979 629 3050 τὴν
661 2980 1108 3054 ὑποσμύχουσαν.

389 3067 576 3134 Οὕτως
606 3071 635 3123 ό
667 3072 747 3144 τῷ
796 3073 1027 3148 φλογμῷ
1054 3075 1150 3131 τοῦ
1195 3080 1433 3151 πυρετοῦ
1481 3082 1890 3157 δαπανώμενος,

307 3159 414 3230 τὴν
460 3159 716 3229 γλῶσσαν
759 3171 1207 3238 καταφρυγεῖσαν
1247 3173 1327 3237 είς
1369 3173 1586 3229 ἱκεσίαν
1616 3179 1893 3250 προτείνε-

312 3265 427 3312 ται,
464 3254 559 3305 ml.
588 3253 686 3321 τῆς
718 3257 1065 3328 ἐπισκέψεως
1091 3261 1248 3332 ὑμῶν
1275 3264 1363 3319 διά
1395 3267 1564 3338 μόνης
1599 3267 1726 3333 θέας
1750 3270 1898 3338 ἐξαιο

312 3341 486 3431 τετται
530 3342 751 3414 δρόσον·
801 3350 830 3401 ό
891 3349 1245 3431 δριμυτάτοις
1313 3356 1639 3427 βαλλόμενος
1688 3362 1892 3428 πόνοις,

313 3429 415 3522 τῆς
466 3432 728 3502 γλυκείας
759 3429 928 3509 ὑμῶν
947 3441 1117 3497 δεῖται
1159 3444 1226 3498 δι’
1288 3448 1634 3522 ἐπισκέψεως
1666 3452 1893 3506 ἐπικου-

315 3521 440 3614 ρίας
458 3526 479 3614 ’Δ
561 3523 927 3601 λειποψυχῶν,
964 3532 1362 3608 ἀνακτωμένην
1392 3539 1535 3610 ὑμᾶς
1565 3541 1894 3614 παραψυχήν

307 3611 677 3706 ἀπεκδέχεται
702 3633 717 3648 ·
746 3620 775 3672 ό
821 3621 1065 3690 χρονίαις
1091 3625 1451 3698 ἐκλελυμένος
1474 3631 1745 3702 τηκεδόσι,

313 3700 472 3772 ὑμῶν
505 3706 597 3769 εἰς
636 3706 937 3779 ἀνόρθωσιν
971 3714 1311 3783 προσϐλέπει
1351 3700 1689 3788 παρουσίαν·
1724 3721 1754 3773 ό
1789 3700 1895 3775 πά-

314 3792 467 3871 θεσιν
495 3795 594 3859 τὰς
625 3796 778 3866 όψεις
810 3805 1236 3875 συγκεχυμένος,
1264 3809 1359 3862 καὶ
1388 3808 1696 3865 κατώδυνον
1718 3812 1893 3867 ἐλκων

314 3884 447 3953 βίον,
495 3893 871 3961 φωταγωγοὺς
913 3895 1058 3964 ὑμᾶς
1115 3898 1209 3952 καὶ⁵
1265 3900 1468 3956 ὀδυνῶν
1520 3903 1894 3977 ἐλευθερωτάς

311 4161 562 4253 καλεῖται
599 4165 873 4237 βοήθειαν.
904 4172 1019 4235 Πᾶς
1044 4173 1223 4228 τοίνυν
1246 4176 1377 4229 me
1402 4149 1712 4244 πολῦπαθές
1739 4199 1895 4253 περι-

310 4252 567 4323 κείμενος
616 4256 798 4327 σῶμα,
837 4259 931 4312 καὶ
979 4261 1253 4331 ἀλγεινοῖς
1280 4270 1396 4333 τοῖς
1424 4270 1616 4326 τούτου
1649 4252 1893 4328 συνδεδε-

313 4346 497 4414 μένος,
533 4348 773 4418 Χριστοῦ
814 4351 912 4404 τοῦ
955 4354 1258 4424 φιλαγόιθου
1313 4361 1665 4433 παρέχοντος,
1703 4367 1891 4420 κακῶν

1999 1902 2170 1971 giunt,
2205 1899 2458 1970 precibus
2485 1899 2792 1969 impetrate.
2823 1898 3027 1955 Videtis
3055 1901 3198 1956 enim
3223 1904 3441 1973 uteaegr-i
3492 1904 3589 1958 ho-

1998 1992 2192 2053 miues,
2218 2004 2313 2046 ceu
2348 1991 2416 2046 ad
2462 1989 2648 2048 faciles
2681 1992 3048 2061 quasdam,ac
3070 1994 3265 2065 gratiis
3310 1995 3586 2051 confertas

1998 2079 2247 2135 ofﬁcinas
2262 2081 2519 2145 medicas,
2542 2082 2608 2136 ad
2625 2090 2799 2137 vestra
2818 2082 3041 2140 delubra
3058 2083 3452 2156 confugientes,
3466 2088 3587 2141 nul-

1999 2176 2047 2230 la
2072 2192 2129 2232 se
2153 2176 2409 2233 dilatione
2435 2193 2464 2231 a
2487 2179 2861 2250 languoribus.
2881 2180 3192 2237 liberandos
3232 2181 3589 2252 sperent.Vos

1999 2269 2194 2339 quippe
2221 2269 2402 2325 animo
2431 2273 3005 2338 contuentur,tametsi
3049 2286 3155 2327 non
3187 2274 3319 2328 estis
3370 2277 3588 2344 conspi-n

2000 2363 2083 2415 cui
2117 2361 2321 2428 oculis;
2367 2376 2557 2418 manus
2609 2366 2969 2433 protendunt;
3024 2366 3454 2421 misericordiam
3501 2382 3586 2421 re-

2000 2449 2279 2516 quirentes
2322 2452 2505 2506 verbis
2554 2453 3013 2523 congrediuntur;
3045 2457 3336 2510 obsecrant
3364 2464 3420 2509 ut
3460 2456 3581 2510 viu-
3662 2484 3663 2487 η

2000 2541 2186 2606 dices;
2221 2550 2278 2595 ut
2330 2553 2637 2607 curatores,
2669 2544 2941 2615 supplices
2970 2556 3282 2614 rogantzac
3316 2546 3407 2603 ille
3459 2549 3589 2617 quia

1999 2631 2143 2694 dem,
2184 2635 2412 2688 necdum
2473 2637 2743 2693 sermonis
2794 2637 2996 2692 amissa
3045 2638 3326 2702 facultate,
3367 2640 3584 2695 dolores

1999 2723 2196 2792 quibus
2234 2734 2449 2781 tenetur
2492 2727 2676 2783 verbis
2730 2729 3020 2799 significat,
3049 2745 3146 2799 pro
3168 2733 3249 2787 eis
3306 2732 3581 2803 supplica-

2001 2812 2205 2868 tionem
2229 2814 2555 2885 proferens;
2582 2816 2672 2872 ille
2688 2831 2819 2872 vero
2847 2832 2958 2895 pra:
2989 2819 3324 2890 aegritudinis
3353 2823 3584 2875 immen-

1999 2906 2158 2962 sitate
2185 2909 2346 2962 etiam
2377 2922 2439 2962 es
2460 2904 2680 2974 amissa,
2702 2924 2766 2965 ac
2788 2910 2935 2980 loqui
2960 2912 3309 2982 praepeditus,
3347 2914 3584 2983 gemitus

2001 2996 2210 3052 intente
2233 2997 2531 3061 submittit;
2549 3013 2612 3055 ac
2632 2998 2875 3055 dolorem
2919 3002 3271 3057 suburentem
3324 3002 3592 3060 ostendite

2072 3087 2164 3143 Sic
2223 3089 2315 3159 qui
2362 3088 2529 3146 febris
2582 3091 2868 3147 ardoribus
2921 3092 3140 3155 adesus.
3177 3094 3423 3148 deustam
3472 3092 3581 3147 lin.

1999 3192 2161 3248 quam
2224 3178 2579 3248 supplicantis
2609 3181 2790 3250 specie
2820 3183 3111 3251 protendit,
3139 3197 3316 3253 exque
3357 3194 3583 3254 aspectu

1997 3270 2135 3335 solo,
2160 3270 2512 3340 inspectionis
2565 3282 2760 3328 vestrae
2786 3289 2962 3328 rorem
3011 3276 3255 3345 deposcit
3287 3294 3301 3331 :
3336 3277 3580 3331 acerbis-

1994 3364 2150 3418 simis
2171 3363 2399 3420 affeetus
2451 3366 2751 3434 doloribus,
2783 3368 2937 3424 dulce
2977 3380 3175 3426 vestrae
3225 3369 3580 3441 iuspeetionis

1996 3451 2257 3506 auxilium
2311 3456 2446 3533 petit
2482 3470 2495 3507 :
2528 3455 2691 3509 animi
2751 3457 2989 3523 deliquio
3039 3459 3316 3523 laborans,
3351 3461 3578 3529 refrige-

1996 3542 2136 3596 rium
2191 3552 2481 3629 exspeclat/
2523 3560 2629 3615 quo
2670 3551 2969 3605 recreetis:
3006 3551 3262 3605 diuturno
3321 3552 3581 3624 languore

1997 3633 2269 3689 resolutus
2324 3650 2388 3689 ac
2426 3637 2840 3702 contabescens,
2867 3640 3157 3696 adventum
3217 3654 3456 3699 vestrum
3488 3633 3576 3699 re?-

1993 3727 2266 3797 parandus
2317 3728 2574 3783 observat
2607 3747 2620 3783 :
2656 3730 2884 3784 confusa
2942 3730 3149 3787 habens
3172 3748 3236 3787 ex
3269 3736 3458 3790 morbo
3490 3735 3572 3790 lu;

1995 3817 2163 3885 mina,
2199 3832 2372 3888 eoque
2400 3819 2677 3875 doloribus
2728 3819 2940 3888 plenam
2968 3822 3135 3877 vitam
3196 3824 3437 3887 trahens,
3479 3840 3578 3880 vos

1995 3906 2405 3983 illuminatores,
2446 3916 2609 3980 atque
2639 3925 2669 3965 a
2702 3911 2985 3968 doloribus
3013 3913 3255 3971 vindices
3278 3916 3573 3985 praevidet:

1992 3998 2198 4055 habens
2226 4015 2352 4056 casu
2379 4001 2561 4071 aliquo
2585 4004 2862 4059 confracta
2894 4006 3159 4072 membra,
3180 4016 3420 4062 vestrum
3473 4023 3573 4061 au-

1867 4121 1895 4133 -
1995 4092 2182 4147 xilium
2246 4095 2483 4162 invocat,
2534 4097 2676 4166 quod
2724 4108 2777 4152 et
2839 4108 3056 4167 coaptet
3130 4100 3573 4170 committatque.

1993 4182 2249 4255 Quisquis
2290 4185 2470 4254 itaque
2494 4186 2680 4242 multis
2704 4189 3006 4244 morbidum
3032 4189 3409 4247 affectionibus
3454 4208 3573 4248 cor-

1993 4293 2092 4347 pus
2107 4287 2302 4345 gestat,
2332 4278 2557 4348 ejusque
2582 4288 2799 4334 tenetur
2822 4283 3154 4337 constrictus
3184 4283 3565 4353 languoribus,

1994 4382 2091 4436 per
2123 4384 2237 4436 vos,
2268 4369 2538 4439 prabente
2576 4369 2777 4425 Christi
2813 4371 3164 4444 benignitate,
3201 4390 3230 4430 a
3259 4375 3420 4431 malis
3452 4375 3573 4447 qui-

308 4435 420 4489 τῶν
453 4439 791 4509 συνεχόντων
839 4441 907 4497 δι’
959 4445 1116 4516 ὑμῶν
1150 4447 1339 4503 λαϐεῖν
1390 4453 1596 4520 ἐξαιτεῖ
1641 4455 1741 4528 τὴν
1798 4457 1890 4511 λύ-

1998 4435 2096 4519 bus
2127 4435 2360 4529 tenetur,
2398 4461 2618 4520 liberari
2650 4462 2942 4536 efﬂagitat,

307 4544 537 4600 τρωσιν.

393 4618 620 4690 Ίλαρῶς
649 4617 742 4677 οὗν
774 4627 894 4691 ταῖς
924 4628 1034 4691 τῷν
1061 4628 1338 4700 δεομένων
1391 4634 1739 4701 ἐπινεύοντες
1772 4639 1888 4692 ἰκε-

309 4708 459 4774 σίαις
504 4710 683 4783 (τοῦτο
712 4715 823 4787 γὰρ
858 4717 1014 4787 ὑμῶν
1059 4721 1159 4789 μὲν
1196 4723 1492 4781 ῑδιαίτατον
1517 4767 1533 4793 ,
1565 4727 1672 4783 τῶν
1703 4731 1888 4784 αἰτου-

310 4802 493 4892 μένων
539 4802 586 4857 δ’
645 4805 798 4869 ἐλπὶς
832 4809 1245 4883 ἀνυπέρθετος),
1292 4815 1392 4878 τάς
1458 4822 1888 4892 προτεινομένας

307 4891 643 4963 πληρώσατε
659 4895 876 4968 δεήσεις
896 4916 911 4931 ο
930 4902 1213 4972 πυρπολου
1222 4904 1400 4974 μένων
1419 4908 1654 4962 σϐέσατε
1674 4891 1848 4982 φλόγα
1866 4930 1882 4945 ’

306 4985 621 5056 κοιμήσατε
654 4988 857 5054 πόνους
897 4990 1323 5061 ἀγριαίνονταςο
1358 4997 1496 5070 μέλη
1532 5003 1885 5074 παρειμένων

305 5075 660 5148 ἀνορθώσατε
680 5096 696 5111 ·
723 5080 964 5152 ἀθυμίαν
989 5084 1295 5155 ἀνακλήσει
1318 5091 1418 5159 τῆς
1440 5091 1711 5163 εὐθυμίας
1749 5098 1885 5158 ἀπο-

312 5169 619 5239 σοϐήσατε·
664 5171 890 5243 ἐλπίδας
935 5168 1397 5251 ἀπηγορευμένας
1432 5168 1880 5244 ἀνακαλέσασοε·

303 5262 718 5332 νενεκρωμένας
740 5265 1214 5340 ἀναζωπυρήσατε
1244 5276 1598 5343 προσδοκίας.
1620 5282 1692 5334 Τὸ
1721 5284 1885 5339 ἀσθε-

302 5348 391 5412 νὲς
420 5353 523 5404 οὐκ
573 5358 819 5420 ἀγνοεῖτε
854 5358 955 5427 τῆς
987 5360 1228 5429 φύσεως,
1267 5367 1328 5417 οὐ
1388 5367 1550 5437 μόνον
1604 5371 1681 5434 ὡς
1712 5392 1881 5442 μετα-

303 5441 528 5533 οχόγτες
560 5445 768 5518 ταύτης
794 5465 808 5479 ο
836 5449 975 5504 ἀλλὰ
1010 5453 1105 5506 καὶ
1129 5455 1204 5518 ὡς
1230 5455 1418 5512 θεόθεν
1448 5441 1878 5533 ἐλλαμφθέντες,

300 5532 395 5584 καὶ
445 5533 581 5604 αὐτῇ
642 5537 831 5610 πείρᾳ,
885 5542 995 5594 τῶν
1046 5546 1217 5618 αὐτῆς
1271 5551 1374 5617 μὲν
1428 5532 1879 5625 κοινωνησάντων

303 5622 521 5675 κακῶν
556 5624 623 5678 δι’
657 5627 812 5697 ὑμῶν
839 5630 883 5682 δ’
919 5634 1341 5705 ἀπαλλαγέντων
1367 5641 1466 5710 τῆς
1494 5643 1704 5698 τούτων
1738 5648 1876 5719 ἐπη-

308 5715 494 5785 ρείας,
540 5719 873 5793 σπλάγχνοις
933 5726 1365 5800 φιλανθρωπίας,
1409 5733 1500 5786 καὶ
1563 5737 1869 5809 ἐπισκέψει.

2063 4646 2275 4704 Hilares
2298 4648 2480 4720 itaque
2510 4648 2812 4719 supplicum
2844 4650 2986 4705 votis
3015 4658 3317 4706 annuentes
3349 4648 3574 4721 (quippe

1989 4743 2091 4797 hoc
2137 4757 2258 4797 cum
2315 4742 2503 4811 primis
2550 4742 2824 4812 peculiare
2861 4741 3108 4809 habetis;
3153 4742 3426 4812 habetque
3486 4743 3574 4797 iu-

1989 4828 2310 4888 cunctanter‘
2332 4835 2612 4887 orantium
2647 4833 2794 4905 spes)
2820 4850 2835 4888 :
2864 4832 3085 4905 implete
3108 4833 3317 4888 oblatas
3334 4848 3526 4901 preces
3549 4851 3568 4900 ;

1987 4924 2327 4979 aestuandum
2352 4926 2575 4981 ardores
2599 4927 2979 4996 exstinguite;
3011 4925 3197 4980 sedate
3219 4934 3571 4994 exasperatos

1930 5072 1933 5077 ,
1986 5016 2519 5083 dolores;dissolnta
2586 5019 2826 5073 membra
2875 5017 3213 5082 instaurate;
3256 5017 3423 5070 animi
3465 5034 3567 5070 au-

1985 5118 2168 5173 gorem
2213 5114 2465 5159 revocata
2522 5105 2706 5159 laetitia
2757 5104 3108 5173 submovete;
3145 5121 3269 5176 spes
3319 5107 3564 5176 sbjectas

1987 5202 2273 5263 reparate;
2350 5206 2627 5250 etnortuas
2700 5195 3140 5266 exspectationes
3204 5200 3563 5253 exsuscitate.

1984 5282 2099 5339 Non
2130 5286 2348 5341 nescitis
2376 5287 2797 5343 imbecillitatem
2831 5288 3266 5353 natur:e,uedum
3294 5295 3420 5359 quia
3448 5290 3565 5359 ejus

1983 5383 2043 5431 et.
2067 5377 2165 5447 ipsi
2197 5379 2316 5434 sitis
2346 5379 2657 5448 participes,
2688 5393 2876 5434 verum
2916 5380 3081 5434 etiam
3117 5381 3241 5449 quia
3274 5380 3561 5436 illumiuati

1983 5482 2010 5520 a
2046 5466 2156 5521 Deo
2213 5466 2446 5534 fueritis,
2476 5469 2703 5539 ipsaque
2760 5472 2895 5525 adeo
2957 5471 3316 5540 experientia,
3349 5472 3562 5540 impen-

1982 5559 2144 5614 sioris
2175 5560 2318 5616 illius
2372 5561 2726 5618 humanitatis
2781 5563 3103 5625 visceribus,
3139 5580 3201 5616 ac
3234 5579 3420 5617 eorum
3475 5565 3551 5617 in-

1980 5651 2276 5720 spectione,
2308 5653 2398 5723 qui
2433 5654 2550 5724 ejus
2586 5656 2804 5724 quidem
2859 5655 3121 5710 malorum
3162 5655 3378 5710 fuerunt
3401 5660 3563 5721 socii,

1980 5758 2078 5812 per
2110 5757 2203 5801 vos
2234 5754 2413 5802 autem
2456 5746 2522 5802 ab
2559 5762 2747 5805 eorum
2805 5747 3003 5821 injuria
3053 5747 3267 5805 fuerunt
3317 5747 3559 5803 liberati.
