3948 6162
388 264 525 332 15ἓ3

1517 274 1839 335 GEORGII
1872 276 2470 339 NICOMEDIENSIS

3514 270 3651 335 1524

390 374 559 430 Scitis
588 376 704 445 ejus
731 378 1058 444 socordiam,
1091 378 1281 435 alienis
1313 382 1499 436 tentati
1531 384 1956 448 calamitatibus,

2087 384 2258 437 )ίδατε
2282 383 2343 435 τὸ
2364 382 2572 465 ταύτης
2598 382 2841 456 ῥᾴθυμον
2864 384 2921 437 ἐν
2948 382 3260 455 ἀλλοτρίαις
3288 382 3647 453 πειραθέντες

388 478 447 521 ut
472 467 563 536 qui
598 482 692 522 vos
716 469 1023 524 imitatione
1050 470 1142 525 Dei
1176 471 1575 537 misericordes,
1610 473 1777 543 lapsis
1809 475 1967 530 incli-

387 560 563 627 netis;
593 560 684 628 qui
743 559 1026 616 fetentium
1058 573 1305 633 putorem
1364 563 1706 633 sustineatis;
1738 565 1828 634 qui
1865 582 1968 621 non

387 658 597 705 tantum
640 666 735 722 per
789 668 885 708 vos
937 654 1038 725 ipsi
1094 654 1374 718 lahoretis,
1409 657 1609 726 utejus
1665 659 1968 713 emendetis

388 741 667 815 vitia,sed
715 751 770 799 et
805 744 872 799 iis
908 745 998 813 qui
1064 761 1280 799 maumu
1336 748 1614 817 porrigere
1683 759 1968 814 conantur,

387 830 633 888 laborem
661 834 865 889 socium
899 836 1226 904 adjungatis,
1262 836 1499 907 ipsisque
1522 838 1778 906 operibus
1832 855 1974 909 prte~

390 924 582 977 sentiae
613 937 808 978 vesme
838 938 901 980 ac
933 926 1119 989 studii,
1148 928 1467 996 corrigendo
1506 943 1572 987 ne
1596 928 1725 998 quid
1760 927 1834 983 illi
1887 944 1973 983 er-

391 1016 656 1082 raverint,
694 1030 911 1071 sensum
947 1019 1252 1086 praeheatis.

461 1107 676 1162 Etenim
706 1108 947 1164 medicus
976 1110 1135 1163 saluti
1166 1118 1353 1179 parata
1387 1110 1623 1165 remedia
1650 1124 1970 1180 aspergens,

390 1189 713 1261 Dominique
760 1207 915 1263 opem
980 1194 1304 1266 efﬂagitans,
1354 1196 1630 1267 adjutores
1689 1214 1805 1265 vos,
1838 1214 1960 1252 cum

392 1284 661 1340 orationis
716 1286 956 1352 asciscit,
991 1296 1100 1341 tum
1142 1289 1471 1357 sanationis;
1502 1290 1855 1360 cogitansque
1892 1291 1971 1344 fe-

392 1376 533 1430 brim
592 1377 807 1442 sistere,
845 1380 1146 1447 praesentiae
1200 1391 1393 1435 vestra:
1433 1381 1775 1450 refrigerium
1830 1381 1973 1437 roris

392 1466 566 1522 instar
591 1469 857 1537 deposcit.
878 1468 974 1524 Hic
1006 1468 1209 1523 ferrum
1236 1469 1528 1524 extrahens
1559 1474 1894 1541 tendensque
1918 1472 1971 1526 in

2074 477 2405 544 συμφοραῖς,
2459 474 2535 538 ὡς
2566 474 2735 545 οῖκτῳ
2780 475 3098 545 θεομιμήτῳ
3145 476 3256 538 τοῖς
3297 473 3647 527 πεπτωκόσιν

2072 565 2518 634 ἐπικλινόμενοιο
2557 567 2633 629 ὼς
2666 566 2857 635 ἀηδίας
2907 565 3294 619 δυσωδούντων
3344 565 3650 634 ἀνασχόμε-

2071 672 2186 709 νοι·
2220 655 2296 719 ὼς
2341 656 2403 710 οὐ
2464 656 2624 725 μόνον
2675 659 2757 719 είς
2802 656 2902 727 τὴν
2931 656 3040 709 τῶν
3082 655 3289 725 ταύτης
3338 654 3651 725 ὀλισθηρῶν

2072 745 2395 816 αὐτοχειρίᾳ
2442 745 2735 811 πονοῦντες
2796 747 3138 818 ἀνόρθωσιν,
3192 746 3333 800 ἀλλά
3387 745 3486 798 καὶ
3538 747 3652 809 τοῖς

2070 836 2286 909 ὀρέγειν
2317 839 2455 908 αὐτῇ
2487 838 2853 908 πειρωμένοις
2875 838 3313 907 συγκάμνοντες,
3343 835 3441 888 καὶ
3465 832 3650 905 ἔργοις

2071 928 2257 990 αὐτοῖς
2285 927 2384 997 τὴν
2410 927 2501 979 τοῦ
2527 928 2919 997 συμπαρεῖναι,
2951 925 3049 979 καὶ
3077 924 3138 977 τὸ
3164 923 3437 995 σφαλερὸν
3470 922 3651 976 αὐτῶν

2071 1017 2470 1089 διοορθοῦσθαι,
2510 1021 2846 1090 παρέχοντες
2875 1018 3153 1088 αἴσθησιν.

2157 1110 2359 1180 ’ἰατρός
2394 1128 2451 1163 τε
2497 1110 2607 1182 γὰρ
2655 1112 2898 1179 σωτήρια
2933 1108 3161 1162 πάσσων
3192 1106 3500 1176 φάρμακα,
3556 1104 3653 1158 καὶ

2072 1201 2172 1270 τὴν
2206 1201 2356 1271 παρά
2391 1202 2599 1274 Κυρίου
2637 1202 2891 1272 βοήθειαν
2943 1198 3351 1269 ἐξαιτούμενος,
3396 1213 3653 1264 συναρω-

2073 1295 2204 1361 γοὺς
2226 1294 2373 1363 ὑμᾶς
2396 1293 2453 1346 ἐν
2484 1310 2544 1346 τε
2573 1295 2639 1364 τῇ
2673 1293 2891 1362 αἰτήσει
2922 1290 3019 1345 καὶ
3052 1290 3194 1342 ἰάσει
3225 1285 3648 1360 προσεπικαλεῖ-

2072 1400 2203 1438 ται·
2264 1383 2505 1454 πυρετοῦ
2551 1400 2610 1435 τε
2662 1381 2820 1453 λῆξιν
2865 1382 3273 1450 ἐπινοούμενος,
3332 1376 3435 1448 τὴν
3495 1375 3650 1445 ὑμῶν

2072 1474 2386 1546 δροσοποιὸν
2456 1474 2752 1542 ἐξαιτεῖται
2805 1472 3132 1545 παρουσίαν.
3183 1466 3353 1534 Οὗτος
3404 1468 3653 1540 σιδήριον

395 1559 598 1613 malum
628 1560 834 1626 oculos,
856 1578 961 1616 una
993 1573 1230 1616 vestram
1258 1562 1700 1617 intercessionem
1751 1565 1975 1618 attrahit

2087 1566 2384 1638 τπὼμενος,
2426 1568 2523 1620 καὶ
2554 1569 2633 1631 εἰς
2681 1565 2912 1637 οὐρανὸν
2946 1565 3119 1635 αίρων
3163 1563 3231 1617 τὰ
3265 1561 3516 1630 ῦμματα,
3551 1560 3651 1629 τὴν

392 1659 778 1722 provocatque,
811 1666 874 1706 ac
905 1668 999 1721 per
1026 1668 1148 1707 eam
1199 1663 1316 1709 ιιιιο
1342 1670 1401 1709 se
1433 1670 1543 1709 rem
1588 1670 1970 1727 aggressurum

2087 1658 2229 1729 5p.th
2260 1661 2662 1713 συνεπισπᾶται
2707 1660 2804 1711 καί⁵
2833 1656 3154 1728 συνεπαίρει
3190 1652 3514 1726 πρεσϐείαν,
3551 1650 3649 1704 καὶ

393 1750 695 1809 exspectat.
763 1742 1067 1814 Chirurgus
1139 1744 1290 1810 item,
1348 1734 1677 1802 séctionibus
1744 1748 1974 1818 ignique

2087 1750 2142 1801 it’
2171 1749 2345 1819 αὐτῆς
2377 1748 2439 1802 τὸ
2473 1748 2719 1819 ἀσφαλὲς
2759 1747 3278 1819 ἀποκαραδοκεῖται,
3320 1741 3415 1796 τοῦ
3463 1743 3645 1811 ἐγχει-

393 1834 763 1898 putrescentia
813 1843 1026 1892 tentans
1079 1836 1282 1903 ulcera,
1312 1839 1491 1893 socios
1523 1853 1619 1893 vos
1643 1840 1884 1904 secandi,
1911 1854 1974 1896 ac

2087 1840 2142 1910 ρή
2153 1857 2320 1910 ματος
2345 1856 2361 1871 ο
2402 1840 2745 1911 χειρουργῶν
2772 1856 2831 1892 τε
2861 1841 3067 1909 τομαῖς
3097 1836 3208 1908 [Eon
3231 1836 3325 1890 καὶ
3366 1830 3648 1902 mortem],

395 1937 504 1975 una
530 1923 861 1981 obducenles
912 1926 1129 1995 vulnus,
1180 1929 1363 1984 arduis
1422 1930 1658 1984 maxime
1701 1930 1881 1997 rebus,
1909 1946 1973 1987 ac

2087 1931 2170 1984 καὶ
2184 1932 2491 2002 σηπεδόνας
2509 1931 2851 2001 ἐξαιρεῖσθαι
2864 1928 3232 2000 πειρώμενος,
3249 1926 3652 1996 συντέμνοντας

394 2013 678 2084 desperata
715 2031 851 2087 pene
878 2019 1181 2086 curatione,
1208 2021 1490 2091 prospicit.

466 2104 605 2172 Quin
645 2109 807 2163 etiam
833 2151 848 2178 ,
874 2110 967 2180 qui
1005 2112 1269 2167 adversus
1317 2113 1620 2179 reipublicae
1670 2114 1850 2169 hostes
1875 2130 1973 2185 pu-

400 2209 560 2264 gnam
587 2198 827 2268 suscepit
855 2214 921 2255 ac
950 2199 1240 2270 impiorum
1270 2202 1423 2258 bellis
1458 2212 1715 2267 vexatur,
1734 2213 1971 2257 vestram

394 2287 840 2344 intercessionem
862 2330 877 2356 ,
913 2306 1074 2359 quam
1110 2306 1207 2348 ceu
1249 2292 1517 2347 instructa
1571 2292 1688 2348 acie
1718 2303 1971 2362 Opponal,

394 2379 648 2447 precibus
710 2382 964 2437 accersit.
1012 2382 1472 2450 Quemadmodum
1510 2384 1653 2438 enim
1716 2384 1975 2438 adversus

394 2470 665 2538 spiritales
734 2472 919 2529 hostes
1001 2488 1064 2530 ac
1122 2473 1343 2530 morbos
1410 2474 1739 2543 corporales,
1812 2475 1975 2527 robur

393 2560 667 2630 quoddam
728 2561 1095 2632 insuperabile
1132 2563 1448 2634 accepistis;
1499 2564 1574 2617 ita
1612 2574 1668 2617 et
1715 2564 1975 2617 adversus

396 2653 692 2709 visibilium
725 2653 961 2710 hostium
998 2656 1405 2724 impressiones,
1430 2669 1766 2725 pugnasque,
1798 2670 1862 2709 ac
1890 2656 1974 2707 iu-

394 2744 588 2812 sultus,
612 2747 910 2814 potentiam
933 2747 1000 2801 ab
1029 2746 1385 2816 omnipotenti
1440 2745 1660 2801 Christo
1696 2746 1973 2801 consecuti

358 2835 547 2891 .estis.
605 2835 971 2902 Quamobrem
1028 2835 1193 2890 etiam
1257 2835 1372 2905 pios
1429 2835 1806 2903 imperatores,
1868 2849 1973 2888 una

395 2943 518 2982 cmn
550 2927 758 2998 populis
799 2944 861 2984 ac
915 2927 1177 2995 urbibus,
1206 2928 1361 2983 vobis
1412 2927 1682 2996 supplices
1740 2926 1970 2981 habetis.

392 3021 516 3077 Cito
567 3021 755 3091 itaque
795 3021 1226 3077 obsecrationem
1284 3028 1631 3089 occupantes,
1688 3033 1977 3073 commune

2074 2022 2221 2092 ὑμᾶς
2253 2022 2348 2074 καὶ
2374 2022 2765 2085 συνουλοῦντας
2792 2023 2849 2073 ἐν
2880 2020 3186 2090 ἀμηχάνοις
3216 2016 3539 2089 προϐλέπει.

2156 2113 2318 2167 Ἀλλά
2339 2112 2448 2184 γὰρ
2469 2113 2566 2166 καὶ
2593 2115 2620 2166 ό
2650 2114 2747 2182 τὴν
2774 2111 2882 2165 τῶν
2910 2110 3177 2164 ἐναντίων,
3209 2109 3391 2181 μάχην
3417 2108 3647 2178 δεξάμε-

2075 2225 2187 2270 νος,
2229 2207 2327 2259 καὶ
2358 2209 2469 2267 τοῖς
2514 2206 2623 2258 τῶν
2652 2207 2831 2259 ἀθέων
2865 2206 3124 2274 πολέμοις
3157 2204 3517 2279 τρυχόμενος,
3548 2203 3649 2273 τὴν

2077 2295 2232 2364 ὑμῶν
2302 2297 2382 2358 εἰς
2437 2295 2874 2366 ἀντιπαράταξιν
2948 2294 3264 2348 ἐκκαλεῖται
3324 2292 3651 2364 πρεσϐείαν.

2076 2385 2287 2456 Ὠσπερ
2316 2385 2426 2456 γὰρ
2470 2387 2611 2440 κατά
2642 2386 2851 2457 νοητῶν
2895 2386 3175 2455 πολεμίων
3203 2386 3298 2440 καὶ
3325 2385 3513 2439 παθῶν
3544 2402 3653 2438 σω-

2080 2476 2327 2546 ματικῶν
2362 2476 2575 2546 ἄμαχον
2618 2476 2679 2530 τὸ
2733 2478 2934 2548 κράτος
2986 2475 3278 2542 ἐδέξασθεο
3334 2474 3477 2528 οὕτω
3532 2475 3654 2528 κατ’

2076 2566 2323 2630 ἐναντίας
2378 2567 2568 2636 ἐφόδου
2603 2567 2698 2620 καὶ⁸
2730 2567 2911 2638 μάχης
2961 2565 3269 2637 όρωμένης,
3311 2567 3405 2619 καὶ
3437 2563 3657 2635 ἐχθρῶν

2076 2658 2455 2728 καταδρομῆς,
2485 2660 2584 2728 τήν
2611 2657 2862 2722 ἐξουσίαν
2892 2657 3044 2728 παρὰ
3066 2657 3303 2727 Χριστοῦ
3335 2656 3429 2710 τοῦ
3458 2672 3661 2710 παντο-

2077 2747 2345 2819 κράτορος
2375 2746 2656 2818 εἰλήφατε.
2689 2747 2780 2800 Διὸ
2822 2747 2916 2800 καὶ
2945 2746 3307 2809 εὐσεϐοῦντας
3337 2747 3535 2817 δήμοις
3559 2747 3657 2800 καὶ

2079 2837 2265 2891 πόλεσι
2299 2838 2564 2908 βασιλεῖς,
2610 2837 3062 2902 συνικετεύοντας
3093 2838 3265 2907 ἔχετε.
3301 2837 3652 2906 Προφθάνον-

2076 2947 2169 2992 τες
2214 2930 2344 2998 γοῦν
2391 2930 2563 2997 ὀξέως
2616 2932 3092 3001 παρακαλοῦντας,
3128 2930 3308 2984 κοινὸν
3367 2928 3508 2998 ῖαμα
3558 2927 3658 2998 τὴν

2077 3017 2186 3071 τῶν
2236 3019 2513 3088 πολεμίων
2564 3014 2758 3094 ἧτταν,
2803 3022 3102 3093 περιουσίῳ
3144 3020 3238 3074 καὶ
3275 3018 3659 3091 Χριστωνύμῳ

407 3112 731 3177 remedium,
754 3112 991 3167 hostium
1011 3113 1292 3168 victoriam
1307 3112 1564 3181 peculiari
1581 3127 1642 3165 ac
1666 3110 1977 3165 Christiano

2087 3108 2195 3179 λαῷ
2226 3079 2684 3182 προμῆθήσασθε.
2734 3079 3004 3178 Νεύοντες
3054 3079 3375 3183 ᾧιλαγάθιύς
3421 3079 3656 3164 salaria;

398 3203 595 3274 populo
651 3206 952 3273 providete.
990 3204 1230 3276 Benigne
1281 3213 1586 3259 auunentes
1644 3204 1980 3259 orationibus

402 3299 704 3367 supplicum
758 3298 888 3367 ipsis
950 3298 1181 3368 quidem
1208 3305 1266 3351 ut
1292 3297 1518 3352 iusaucii
1550 3296 1659 3352 sint
1686 3296 1975 3365 illwsique;

399 3390 725 3446 adversariis
751 3399 932 3445 autem
964 3389 1141 3457 fugam
1166 3388 1351 3458 petite,
1378 3403 1483 3457 qua
1517 3389 1976 3456 exterminentur;

399 3480 559 3549 gladii
584 3481 637 3534 in
669 3468 844 3535 caedes
871 3479 1100 3535 districti
1140 3479 1424 3534 obtundite
1477 3480 1649 3534 aciem
1680 3496 1695 3546 ;
1727 3480 1979 3549 blasphe-

402 3587 611 3627 mormu
646 3587 808 3627 arcus
841 3570 1137 3636 conterite;
1171 3570 1460 3639 impiorum
1516 3582 1668 3627 scuta
1717 3572 1980 3628 interces-

402 3665 571 3719 sionis
606 3664 711 3733 igni
779 3661 1115 3728 comburite;
1148 3676 1306 3717 voces
1362 3677 1425 3717 ac
1484 3662 1647 3716 verba
1699 3663 1979 3718 hominum

402 3756 509 3812 alta
557 3755 890 3825 loquentium
936 3757 1149 3822 sistite;
1183 3756 1398 3827 linguas
1451 3756 1713 3812 adversus
1764 3758 1980 3813 Altissi-

403 3863 549 3902 mqu
605 3856 781 3904 motas
830 3847 1397 3918 praepedite;piqrum
1452 3847 1849 3917 gloriatiouem'
1885 3865 1981 3903 vo-
2031 3850 2036 3855 ’

402 3940 574 3994 caletn
645 3939 1119 4010 cxaudibilemque
1172 3939 1476 4006 ostendite;
1512 3938 1718 3993 fortiori
1780 3941 1979 3995 virtute

402 4046 497 4086 eos
522 4032 613 4101 qui
639 4029 915 4087 Christum
939 4040 1244 4101 agnoscunt
1269 4040 1503 4096 armate;
1534 4028 1866 4084 ferventibus
1895 4045 1982 4085 as—

402 4125 682 4193 siduisque
710 4124 778 4178 ad
819 4123 1197 4179 universorum
1227 4121 1429 4191 Regem
1467 4119 1980 4189 supplicationibus,

405 4216 523 4287 pios
574 4216 933 4287 imperatores
981 4214 1223 4271 victoriis
1276 4221 1641 4279 coronantes,
1673 4212 1982 4267 communia

406 4313 646 4380 trophaea
672 4308 798 4365 ovili
821 4307 1024 4365 Christi
1055 4308 1319 4365 obtinete.

474 4402 699 4457 Habetis
747 4416 869 4456 eum
897 4399 1218 4469 adiutorem,
1263 4401 1353 4471 qui
1412 4400 1550 4454 dona
1587 4401 1799 4455 abunde
1849 4415 1981 4469 prae-
2017 4412 2058 4467 ι)

402 4494 531 4556 bet;
560 4493 653 4562 qui
682 4492 1069 4547 misericordia:
1112 4490 1387 4562 profundit
1422 4488 1679 4558 ﬂumina;
1717 4490 1809 4559 qui
1860 4505 1985 4546 suo-

405 4600 527 4639 rum
558 4597 846 4638 munerum
896 4581 1151 4654 abyssum
1185 4582 1382 4651 aperit,
1435 4595 1499 4638 ac
1522 4582 1745 4636 haurire
1794 4582 1983 4636 volen-

407 4679 551 4733 tibus
581 4675 956 4731 accommodat
979 4687 1239 4744 operam;
1270 4677 1358 4744 qui
1383 4683 1605 4745 praestat
1633 4674 1984 4743 insuperabili

406 4772 622 4836 robore;
641 4769 734 4840 qui
753 4767 901 4824 solus
925 4767 1158 4823 victores
1183 4765 1331 4831 facit,
1358 4765 1606 4822 Christus
1628 4784 1642 4835 ;
1662 4782 1980 4839 pacemque,

405 4867 634 4920 veritate
664 4877 879 4933 pacem,
917 4860 1127 4914 tribuit.

480 4958 726 5023 Habetis,
772 4972 894 5013 cum
923 4954 1120 5015 verbis,
1178 4961 1292 5006 tum
1317 4953 1486 5006 rebus
1516 4951 1671 5021 ipsis,
1713 4951 1983 5006 faventem

412 5048 695 5121 largitoris
739 5048 998 5109 Matrem,
1035 5058 1099 5097 ac
1128 5051 1435 5097 creatorum
1488 5042 1782 5112 Reginam;
1814 5042 1986 5096 inter-

408 5144 710 5200 cessionem
767 5139 913 5194 illam
962 5136 1206 5192 exaudiri
1250 5133 1503 5200 facilem;
1561 5131 1848 5201 feminam,
1903 5134 1983 5187 in-

410 5251 599 5306 quam,
633 5236 708 5290 uti
742 5233 912 5303 gloria
940 5227 1349 5301 incomparabili
1372 5266 1388 5291 ,
1438 5226 1510 5280 ita
1544 5236 1597 5280 et
1624 5225 1984 5294 supplicatio-

415 5342 540 5381 num
573 5324 919 5386 efficacitate,
966 5320 1189 5377 semotis
1230 5336 1259 5372 a
1304 5318 1532 5372 materia
1566 5315 1836 5370 mentibus
1871 5332 1987 5369 om-

411 5420 589 5481 nibus,
642 5417 845 5484 Deique
874 5412 1091 5467 famulis
1123 5410 1426 5480 prmlatam,
1496 5421 1725 5476 quasque
1756 5405 1824 5462 ab
1874 5406 1988 5476 ipso

410 5509 605 5563 datore
631 5506 921 5575 acceperit,
965 5513 1025 5558 ut
1054 5502 1172 5570 ejus
1209 5513 1400 5569 preces
1449 5512 1727 5566 nunquam
1760 5497 1813 5551 in
1864 5512 1988 5552 cas-

318 5632 339 5641 ε
412 5615 531 5656 sum
561 5599 754 5653 cedant
785 5615 798 5651 :
832 5612 926 5666 per
977 5609 1138 5665 quam
1170 5593 1445 5648 infirmum
1480 5590 1758 5643 hominum
1792 5604 1984 5659 genus,

414 5704 478 5746 ac
525 5699 808 5759 postquam
851 5700 975 5742 vere
1020 5686 1215 5741 bonam
1269 5678 1635 5738 valetudinem
1690 5678 1985 5750 amisisset,

2085 3201 2322 3272 ρούντων
2346 3202 2621 3274 δεήσεσιν,
2650 3190 2836 3268 αὐτοῖς
2866 3206 2967 3275 μὲν
3006 3205 3068 3258 τὸ
3090 3205 3334 3273 ἄτρωτον
3354 3220 3368 3235 ·
3390 3201 3660 3264 ἐναντίοις

2079 3292 2338 3363 δίς-φυγὴν
2358 3294 2740 3366 πανωλεθρίας
2759 3295 3119 3367 ὲξαιτήσασθε
3132 3295 3413 3365 πρόξενον.
3449 3292 3659 3361 Ἀκμάς

2083 3389 2313 3459 φονικῆς
2347 3388 2700 3459 ἀμϐλύνασθε
2732 3391 3012 3461 μαχαίρας
3037 3407 3051 3421 ⁸
3080 3390 3211 3456 τόξα
3228 3386 3660 3458 δυσφημούντων

2084 3479 2416 3550 συντρίψατε
2438 3495 2453 3510 ⁸
2494 3480 2720 3550 θυρεοὺς
2760 3480 2935 3534 ἀθέων
2970 3497 3109 3552 πυρι
3142 3479 3443 3551 πρεσϐείας
3490 3495 3661 3530 κατα-

2080 3571 2321 3625 καύσατε
2346 3588 2359 3601 ·
2384 3566 2573 3641 φωνὰς
2617 3573 2715 3627 καὶ
2760 3572 2955 3637 λόγους
3019 3570 3659 3644 μεγαλορῤημονούντων

2081 3665 2365 3718 παύσατε·
2398 3664 2650 3733 γλώσσας
2681 3665 2823 3719 κατὰ
2866 3665 2960 3719 τοῦ
3019 3665 3281 3735 Ὑψίστου
3335 3660 3663 3731 κινουμένας

2083 3757 2357 3826 πεδήσατε
2381 3773 2395 3788 ·
2426 3755 2591 3809 λάλον
2650 3755 2860 3820 δείξατε
2900 3757 3009 3810 τῶν
3048 3740 3422 3810 εὐσεϐούντων
3452 3753 3549 3806 καὶ
3574 3752 3662 3817 ἐξ-

2082 3849 2349 3902 άκουστον
2382 3847 2647 3919 καύχημα
2668 3863 2681 3876 ·
2715 3849 2949 3919 δυνάμει
2971 3847 3245 3917 κρείττονι
3268 3845 3395 3907 τοὺς
3424 3832 3665 3911 ἐπιγνώῖ

2087 3955 2252 4010 μονοις
2285 3938 2527 4009 Χριστοῦ
2568 3938 2967 3993 καθοπλίσατεο
3019 3938 3328 4003 ὲντεύξεσιν
3357 3937 3477 3999 ταῖς
3529 3933 3665 4005 πρὸς

2082 4030 2176 4083 τὸν
2216 4029 2354 4083 ὅλων
2412 4028 2649 4083 Βασιλέα
2680 4030 2916 4101 θερμαῖς
2948 4030 3043 4082 καὶ
3088 4029 3393 4099 ἐπιμόνοις,
3428 4026 3668 4098 βασιλεῖς

2084 4119 2329 4183 εὐσεϐεῖς
2365 4118 2545 4181 νίκαις
2589 4112 3053 4187 καταστέψαντες,
3106 4117 3348 4188 τρόπαια
3404 4114 3565 4170 κοινὰ.
3598 4115 3666 4184 τῇ

2084 4209 2179 4264 τοῦ
2204 4209 2441 4282 Χριστοῦ
2477 4207 2822 4280 βραϐεύσατε
2855 4208 3082 4281 ποίμνῃ.

2160 4398 2357 4467 Ἔχετε
2413 4394 2806 4465 συνεργοῦντα,
2848 4395 2938 4447 τὸν
2990 4393 3088 4457 τὰς
3139 4391 3410 4461 ἀφθόνους
3454 4389 3668 4461 δωρεάς

2089 4486 2470 4556 παρεχόμενον
2491 4501 2504 4514 ·
2536 4484 2630 4537 τὸν
2659 4482 2749 4537 τοῦ
2785 4483 2973 4545 ἐλέους
3012 4482 3293 4549 ποταμοὺς
3321 4479 3627 4550 προχέοντα
3651 4494 3664 4508 ·

2086 4576 2180 4631 τὸν
2208 4578 2307 4643 τὴν
2342 4576 2579 4629 ἄϐυσσον
2613 4575 2724 4626 τῶν
2755 4573 2973 4627 οἰκείων
3016 4570 3361 4639 διανοίγοντα
3386 4569 3669 4639 χαρισμά-

2087 4685 2219 4731 των,
2249 4668 2345 4721 καί
2376 4665 2671 4720 ἀπαντλεῖν
2704 4664 3053 4734 βουλομένοις
3079 4664 3507 4734 συμπράττοντα
3529 4678 3543 4691 ·
3577 4661 3668 4713 τὸν

2088 4760 2301 4830 ἄμαχον
2331 4757 2394 4811 τὸ
2425 4758 2627 4829 κράτος
2659 4756 2852 4826 ἔχοντα
2878 4772 2890 4785 ·
2922 4755 3014 4807 τὸν
3046 4754 3208 4824 μόνον
3240 4751 3519 4805 νικοποιὸν
3543 4751 3670 4821 Χρι-

2090 4855 2236 4916 στὸν,
2268 4852 2365 4906 καὶ
2399 4851 2502 4920 τῆς
2533 4849 2702 4911 ὅντως
2730 4848 2953 4919 εἰρήνης
2983 4845 3243 4916 χορηγόν.

2163 4946 2359 5015 Ἔχετε
2406 4942 2587 5011 λόγοις
2632 4940 2727 4993 καὶ
2761 4939 2947 5010 ἔργοις
2994 4938 3201 5002 αὐτοῖς,
3234 4935 3333 5007 τὴν
3366 4932 3460 5009 τοῦ
3500 4933 3670 5004 δωρο-

2086 5038 2238 5093 δότου
2292 5033 2522 5104 Μητέρα
2554 5032 2649 5084 καὶ
2697 5029 2951 5083 Βασιλίδα
3004 5028 3112 5081 τῶν
3164 5026 3481 5097 κτισμάτων
3533 5041 3670 5092 συμ-

2090 5130 2480 5200 πράττουσανο
2538 5123 2634 5194 τὴν
2694 5123 2997 5191 εὐεπήκοον
3044 5118 3392 5193 πρεσϐείαν·
3449 5118 3551 5184 τὴν
3610 5116 3667 5166 ὲν

2092 5220 2323 5280 ἰκεσίαις
2373 5216 2563 5286 ὥσπερ
2614 5215 2710 5267 καὶ
2759 5215 2817 5266 ἐν
2848 5210 3166 5282 ἀσυγκρίτῳ
3218 5209 3368 5279 δόξῃ,
3421 5207 3558 5259 νόων
3612 5222 3667 5259 τε

2090 5312 2307 5366 πάντων
2334 5307 2539 5370 ἀΰλων,
2571 5306 2667 5359 καὶ
2704 5304 3056 5373 θεραπόντων
3095 5286 3671 5369 Θεοῦίπροτετιμημέ-

2090 5421 2209 5474 νην,
2256 5403 2350 5454 καὶ
2403 5400 2536 5470 παρ’
2566 5395 2731 5451 αὐτοῦ
2780 5394 3037 5459 διδόντος,
3071 5393 3133 5446 τὸ
3174 5391 3284 5444 τῶν
3331 5390 3672 5457 αἰτουμένων

2090 5497 2386 5567 δεχομένην
2406 5492 2784 5563 ἀπαραίτητον
2812 5506 2825 5519 ’
2842 5490 2951 5559 ’τὴν
2973 5488 3040 5540 δι’
3060 5481 3127 5560 ῆς
3149 5486 3184 5556 ἥ
3211 5503 3269 5537 τε
3294 5483 3670 5553 ἀσθενήσασα,

2092 5589 2189 5644 καὶ
2220 5586 2319 5658 τὴν
2363 5584 2532 5647 ὅντως
2566 5581 2783 5648 εὐεξίαν
2800 5577 3181 5645 ἀποϐαλοῦσα,
3211 5575 3322 5628 τῶν
3366 5571 3672 5644 ἀνθρώπων

2093 5672 2415 5749 ἀνερῤὡσθη
2442 5672 2624 5743 φύσις,
2667 5668 2761 5724 καὶ
2796 5667 2960 5740 νομαὶ
3000 5666 3107 5721 τῶν
3144 5663 3535 5737 προσφυέντων
3571 5680 3675 5716 πα-
