3982 6160
240 373 244 377 -
339 335 476 404 1-225

1246 338 1333 406 IN
1370 347 1473 409 ss.
1516 302 1749 410 MART.
1792 352 2091 413 COSMAM
2132 349 2228 410 ET
2264 342 2697 408 DAMIANUM.

3462 333 3599 399 15:26

332 448 447 503 θ’ῶν
506 446 926 520 ἐιττιεσχέθησαν⁸
987 450 1054 504 δι’
1094 445 1162 522 ἦς
1213 454 1247 525 η
1311 459 1589 523 νοσοποιδς
1668 462 1909 533 παρακοῆ

2022 454 2308 516 sanitatem
2336 455 2565 526 recepit,
2602 452 3051 519 morborumque
3077 446 3602 514 sanaturum-depa-

334 541 635 608 πέπαυται,
691 542 787 595 καὶ
832 541 941 594 τῶν
994 543 1248 612 ὐγιεινῶν
1296 547 1398 616 τῆς
1463 548 1714 620 ὑπακοῆς
1783 552 1917 621 ἀρε-

333 631 464 698 τῶν,
494 632 556 686 τὸ
583 634 693 685 τῶν
748 633 1002 703 γηγενῶν
1063 635 1392 692 ἐναπολαύει
1448 642 1642 708 γένος’
1680 642 1750 697 δι’
1781 638 1848 716 ἧς
1880 646 1914 717 ἡ

333 723 713 793 θανατηφόρος
742 724 1011 795 ἁμαρτία,
1041 726 1139 796 τῆς
1188 728 1295 781 τῶν
1328 730 1517 784 κακῶν
1552 733 1798 805 ἀνεκόπη
1822 753 1919 803 φο-

337 815 462 884 ρᾶς,
484 814 581 866 καὶ
609 814 953 879 δικαιοσύνης
978 817 1036 869 ἐν
1057 816 1365 888 ἀνθρώποις
1388 821 1715 876 ἐπλεόνασεν
1747 825 1918 893 ἀφθο-

333 903 425 956 νία
444 919 462 935 ·
490 904 560 957 δι’
589 899 656 976 ἧς
682 906 716 975 ἠ
740 906 930 975 χρονία
953 906 1049 960 τοῦ
1070 906 1307 961 θανάτου
1336 911 1697 966 καταλέλυται
1721 931 1918 984 τυραν-

334 995 439 1058 νὶς,
477 995 571 1047 καὶ
600 994 694 1047 ἀπ’
722 994 918 1057 αἰῶνος
946 997 1134 1065 νεκροὶ
1152 997 1519 1066 διαλυθέντες,
1559 1004 1801 1074 κραταιᾷ
1819 1002 1917 1057 τοῦ

334 1083 398 1149 ἐξ
444 1087 616 1156 αὐτῆς
672 1085 876 1155 φύντος
922 1086 1171 1158 δυνάμει,
1220 1091 1788 1164 συνηρμολογήθησάν
1831 1112 1913 1161 τε,

335 1172 432 1225 καὶ
463 1173 597 1242 πρὸς
624 1172 820 1243 ἀγήρω
844 1172 996 1243 ζωὴν
1025 1177 1458 1248 μετεκλήθησανο
1486 1177 1633 1250 ζωῆς
1655 1182 1757 1251 τῆς
1783 1181 1918 1236 ddist-

333 1261 499 1314 νάτου
539 1262 638 1332 τὴν
678 1264 851 1333 μόνην
895 1266 1201 1321 ἀδιόδευτον
1246 1270 1667 1340 χρηματίσασαν
1716 1273 1914 1344 πύλην,

331 1350 404 1403 δι’
446 1345 515 1422 ἦς
566 1351 881 1424 ἀφθαρσίας
930 1359 1155 1425 ταμιεῖα
1212 1358 1586 1431 διηνοίγησαν,
1641 1363 1736 1416 καὶ
1787 1365 1918 1427 τοὺς

334 1437 578 1509 θνητοὺς.
603 1440 904 1497 ἀθανασίαν
931 1444 1257 1500 ἐπλούτισαν
1277 1466 1290 1479 ο
1321 1449 1388 1501 δι’
1410 1444 1479 1519 ἦς
1517 1451 1641 1520 ῥοαὶ
1665 1451 1918 1522 δακρύων

339 1528 446 1581 τῶν
475 1532 839 1602 προπατόρων
890 1535 1269 1606 ἐπεσχέθησαν
1292 1552 1308 1568 ·
1360 1542 1596 1609 ποταμοὶ
1620 1540 1677 1592 δὲ
1717 1544 1913 1613 χαρᾶῖ,

335 1619 539 1683 αὐτούς
573 1637 653 1684 τε,
688 1621 782 1675 καὶ
834 1625 959 1687 τοὺς
1011 1626 1236 1680 ἐκείνων
1277 1627 1348 1681 τὰ
1400 1630 1665 1701 μεγαλεῖα
1707 1632 1916 1704 ταύτης

304 1754 312 1760 .
337 1710 646 1775 συνιέντας,
672 1712 753 1774 είς
775 1712 981 1778 αἰῶνας
1014 1716 1355 1786 ἀρδεύουσιν.

408 1989 483 2043 Τὸ
517 1991 628 2045 τῶν
669 1992 918 2061 ἀγγέλων
948 1997 1332 2069 σεμνολόγημα
1352 2015 1366 2030 ο
1399 1998 1466 2053 τὸ
1509 2000 1787 2059 ἄπαυστον
1816 2006 1913 2060 αύ-

335 2080 446 2135 τῶν
476 2082 825 2154 ἀγαλλίαμαο
855 2085 915 2139 τὸ
946 2089 1045 2156 τῆς
1087 2078 1435 2160 ἀνθρωπίνης
1468 2091 1680 2160 φύσεως
1716 2094 1912 2165 εὐφρόο

336 2190 495 2227 συνον
520 2174 802 2248 καύχημα.
841 2177 1057 2248 Ταύτης
1088 2180 1121 2249 ἠ
1153 2181 1210 2232 ἐν
1228 2181 1405 2251 καιρῷ
1431 2182 1510 2252 τῷ
1539 2183 1910 2256 ἐπιζητοῦντι,

335 2267 430 2320 καὶ
469 2267 580 2320 τῶν
628 2270 686 2322 ἐν
718 2269 988 2339 ἀνάγκαις
1035 2271 1307 2341 δεομένων
1343 2276 1683 2344 συνεργοῦσα
1728 2278 1909 2349 χάρις,

334 2359 432 2428 οὐχ
473 2360 605 2427 ὑμῖν
632 2363 889 2430 παρεῖναι
929 2363 1113 2432 μόνοις
1151 2364 1617 2433 ἀνακαλύπτεται,
1647 2368 1782 2422 ἀλλὰ
1812 2386 1912 2438 τη-

332 2449 572 2503 νικαῦτα
615 2449 834 2522 θερμῶς
881 2453 1334 2522 ἐπικαλουμένοις
1370 2456 1515 2524 μάλα
1561 2456 1661 2529 τὴν
1700 2460 1913 2515 οἰκείαν

335 2539 575 2593 συνιέναι
627 2531 849 2594 δίδωσιν
899 2543 1208 2614 ἐπίσκεψιν.
1283 2545 1513 2617 Ὀρῶσιν
1566 2549 1676 2620 γὰρ
1721 2551 1792 2614 ὼς
1846 2551 1912 2606 ἂν

334 2629 519 2700 ἐκείνη
564 2630 679 2701 δοίη
726 2635 989 2704 συνορᾷνο
1021 2635 1153 2702 ποτὲ
1196 2636 1296 2704 μὲν
1328 2637 1427 2708 τῆς
1470 2640 1786 2709 ἐπιμελείας
1816 2643 1929 2706 τοῦ.

332 2719 636 2788 κάμνοντος
666 2723 973 2791 φροντίζειν
1002 2725 1395 2781 διατάττουσαν
1416 2743 1429 2757 ⁸
1461 2729 1590 2782 ποτὲ
1616 2730 1693 2793 δὲ,
1722 2731 1780 2784 τὸ
1811 2732 1913 2802 τῆς

334 2807 630 2879 θεραπείας
665 2809 805 2876 εἶδος
831 2816 1315 2885 διερμηνεύουσαν,
1359 2820 1451 2871 καὶ
1498 2821 1817 2893 αὐτοχειρίᾳ
1842 2825 1930 2894 τῇ.

333 2898 489 2966 ὑμῶν
520 2901 583 2954 τὸ
623 2902 745 2956 ὅλον
774 2906 1211 2976 παραχωροῦσαν
1252 2906 1354 2977 τῆς
1400 2909 1633 2973 ἰάσεωςο
1681 2914 1776 2965 καὶ
1813 2912 1912 2982 οὐχ

333 2989 410 3055 ὡς
459 2995 814 3059 συγκατιέναι
854 2999 1295 3068 παραιτουμένη,
1338 3000 1431 3054 καὶ
1480 3004 1636 3072 χεῖρα
1665 3005 1778 3067 τοῖς
1808 3004 1910 3059 κά-

2019 549 2229 606 scentia
2280 546 2520 603 cohibita
2551 551 2637 599 est
2672 561 2687 599 :
2742 555 2850 612 per;
2880 554 3063 612 quam,
3083 536 3306 594 morbos
3354 537 3595 592 inferens

2019 639 2384 696 inobedientia
2434 635 2691 698 cessavit,
2744 644 3130 701 terrenumque
3167 632 3463 685 humanum
3511 643 3603 698 ge-

2017 746 2143 797 nus,
2177 731 2327 786 sanis
2356 727 2680 785 obedientiae
2703 724 2994 780 virtutibus
3017 723 3224 791 potitur
3255 736 3270 776 :
3301 736 3398 791 per
3426 735 3591 790 quam

2018 822 2329 878 letbiferum
2363 828 2667 891 peccatum,
2698 833 2727 871 a
2760 813 3327 870 malisconvebendis
3368 814 3603 882 impedi.

2022 925 2133 971 tum
2161 923 2265 977 est,
2297 928 2359 967 ac
2385 911 2611 982 iustitia:
2641 909 2794 978 copia
2822 907 2874 960 in
2906 906 3218 961 hominibus
3238 905 3537 959 abundavit
3562 921 3577 958 :

2017 1021 2116 1076 per
2165 1018 2329 1074 quam
2387 1014 2540 1056 vetus
2605 999 2799 1055 mortis
2851 998 3099 1067 tyrannis
3164 994 3448 1065 proﬂigata
3483 1004 3593 1060 est,

2000 1096 2326 1165 mortuique
2383 1092 2630 1148 dissoluti
2666 1108 2693 1144 a
2727 1090 2947 1154 saeculo,
2977 1089 3182 1158 potenti
3202 1086 3327 1142 Filii
3348 1087 3466 1156 ejus
3489 1086 3600 1140 vir-

2020 1195 2153 1252 tute,
2193 1186 2459 1256 coaptatis
2512 1183 2793 1249 membris,
2827 1183 2891 1236 ad
2955 1181 3193 1235 nesciam
3248 1180 3386 1235 senii
3431 1180 3603 1232 vitam

2020 1277 2259 1342 fuerunt,
2294 1276 2543 1332 evocati:
2603 1291 2724 1344 qua:
2759 1273 2872 1328 sola
2907 1273 3031 1326 vitae
3066 1270 3392 1325 immortalis
3419 1279 3598 1339 porta,

2019 1384 2117 1438 per
2145 1384 2303 1437 quam
2331 1369 2589 1422 transitus
2635 1380 2738 1419 non
2796 1372 2959 1433 patet,
3015 1363 3279 1430 appellata
3342 1361 3454 1427 sit;
3501 1374 3600 1430 per

2017 1473 2178 1530 quam
2209 1456 2632 1526 incorruptionis
2661 1469 2830 1523 penus
2887 1453 3178 1521 potuerint,
3240 1464 3401 1520 atque
3452 1466 3600 1504 mor-

2021 1550 2177 1616 tales,
2216 1547 2638 1603 immortalitatis
2669 1545 2873 1600 divitiis
2907 1543 3049 1597 aucti
3082 1542 3231 1595 sint:
3298 1556 3393 1611 per
3434 1556 3596 1609 quam

2017 1642 2313 1713 primorum
2369 1649 2648 1709 parentum
2709 1635 2936 1690 ﬂuentes
2993 1633 3143 1702 copia
3215 1632 3464 1703 lacrymze
3515 1646 3601 1685 re-

1933 1774 1960 1802 η
2019 1746 2227 1802 pressa
2284 1731 2416 1797 sint,
2469 1730 2761 1799 gaudiiqne
2810 1725 3054 1789 ﬂumina,
3115 1733 3225 1777 tttm
3293 1723 3438 1788 illos,
3484 1731 3611 1777 tum,

2018 1832 2498 1890 eorumtposteros,
2526 1820 2642 1887 ejus
2674 1818 2942 1889 magnalia
2995 1814 3380 1885 intelligentes,
3433 1828 3460 1866 a
3491 1829 3599 1868 sae-

2013 1912 2138 1967 culo
2154 1940 2159 1946 -
2179 1910 2547 1981 irrigaverint.

2082 2004 2436 2075 Angelorum,
2497 2001 2739 2070 inquam,
2791 1995 3289 2060 honoriﬁcentiam;
3347 1994 3605 2048 incessav

2014 2090 2175 2146 bilem
2209 2107 2392 2146 eorum
2424 2090 2800 2160 gloriationem
2828 2104 2844 2154 ;
2878 2087 3099 2141 humani
3127 2087 3344 2156 generis
3374 2086 3591 2154 plenam

2015 2184 2214 2239 laetitiae
2260 2183 2506 2254 gloriam.
2541 2181 2668 2250 Ejus
2724 2180 2919 2250 gratia,
2981 2194 3168 2234 eorum
3201 2177 3594 2247 propitia.pra-

2014 2276 2189 2343 cibus,
2234 2275 2546 2343 favensque,
2605 2273 2694 2341 qui
2727 2271 2782 2325 in
2844 2268 3277 2333 necessitatibus,
3338 2284 3460 2322 cum
3515 2269 3591 2323 ita

2015 2376 2228 2436 tempus
2288 2366 2476 2435 exigit,
2529 2374 2709 2427 orant,
2783 2376 2886 2417 non
2918 2362 3072 2417 vobis
3139 2370 3347 2415 tantum
3399 2360 3589 2415 adesse

2015 2467 2370 2522 monStratnr,
2422 2457 2516 2511 sed
2571 2465 2627 2509 et
2681 2465 2809 2509 tunc
2857 2453 3133 2509 ferventer
3180 2451 3585 2515 invocantibus,

1992 2566 2164 2606 'sunm
2231 2551 2345 2619 ipsa
2392 2548 2577 2619 utique
2622 2546 3013 2617 inspectionetn
3065 2558 3385 2614 curamque,
3429 2543 3593 2598 intel-

2014 2642 2179 2711 ligere
2232 2642 2439 2696 tribuit.
2508 2637 2705 2694 Vident
2761 2637 2929 2699 enim,
2992 2645 3153 2706 prout
3225 2635 3312 2689 illa
3367 2636 3599 2703 conspi--

2013 2749 2136 2789 cere
2167 2733 2420 2800 dederit;
2475 2731 2632 2785 modo
2660 2729 2876 2798 quidem
2933 2727 3218 2800 jubentcm
3278 2736 3603 2795 utaegroto—p

2014 2842 2131 2879 rum
2158 2823 2343 2878 curam
2406 2823 2692 2888 habeatis;
2752 2821 2913 2876 modo
2942 2833 3122 2875 autem
3142 2818 3443 2873 curationis
3471 2833 3592 2871 mo-

2013 2914 2138 2969 dum
2173 2921 2548 2982 exponeutcm,
2577 2926 2799 2980 remque
2834 2922 3001 2966 totam
3064 2924 3317 2964 manuum
3342 2920 3580 2981 'vcstra-

2014 3019 2133 3059 rum
2169 3004 2430 3074 obsequio
2461 3003 2860 3073 permittentem
2917 3020 2930 3056 :
2961 3016 3065 3057 non
3106 2999 3156 3054 id
3190 2999 3431 3068 quidem,
3464 3009 3589 3053 tan-

335 3098 558 3150 μνουσιν
585 3085 893 3155 ἐπορέγειν,
919 3086 954 3158 ἢ
989 3088 1137 3157 μόνῳ
1159 3091 1543 3160 προστάγματι
1565 3094 1667 3164 τὴν
1697 3093 1909 3160 εὐεξίαν

2014 3110 2174 3165 quam
2207 3096 2322 3165 ipsa
2359 3093 2726 3148 inclinationis
2757 3093 3021 3149 detrectet
3068 3091 3311 3159 modum,
3344 3103 3438 3146 aut
3473 3107 3590 3146 ma-

332 3175 599 3246 ἐνεργεῖν,
633 3176 788 3231 ταῦτ’
818 3179 993 3232 ὲννοεϊ
1026 3180 1119 3234 καὶ
1141 3185 1603 3254 πραγματεύεται
1622 3203 1634 3217 '
1663 3187 1777 3259 ἔχει
1805 3189 1909 3261 γὰρ

2017 3200 2147 3240 num
2203 3186 2362 3254 aegris
2411 3185 2684 3254 porrigere
2725 3183 2880 3248 nolit,
2941 3182 3125 3238 solove
3179 3191 3449 3252 praecepto
3493 3184 3590 3237 ιιο-

331 3265 393 3320 τὸ
416 3265 610 3335 φιλανθ
622 3266 818 3338 ρώπως
839 3269 1112 3324 ἐπινεύειν
1132 3272 1227 3326 καὶ
1251 3273 1628 3343 κάμπτεσθαι,
1653 3277 1916 3332 καὶ-τοῦθ’

337 3354 478 3425 ὑπὲρ
503 3357 767 3428 γεννητὴν
790 3358 974 3428 φύσιν,
995 3361 1139 3431 μόνῳ
1170 3361 1247 3433 τῷ
1276 3362 1392 3431 Υίῷ
1416 3366 1829 3440 παραχωροῦσαν.
1855 3367 1916 3422 τὸ

333 3445 433 3513 τῆς
460 3446 1218 3521 εὐσπλαγχνίαςάσύγκριτον
1238 3468 1252 3481 ο
1285 3451 1402 3505 ἀλλ’
1427 3452 1505 3516 ὡς
1549 3454 1713 3508 αὐτοῦ
1748 3456 1914 3526 θερά-

335 3551 535 3598 ποντας
565 3535 711 3607 ὑμᾶς
741 3536 981 3609 τιμῶσα,
1010 3537 1107 3592 καὶ
1131 3539 1230 3609 τὴν
1258 3539 1348 3595 διὰ
1375 3538 1470 3595 τοῦ
1497 3541 1701 3614 ταύτην
1721 3545 1915 3599 διοικο-

332 3628 519 3694 νομεῐν
551 3626 719 3699 τιμὴν
751 3627 1167 3688 ἐπιόεδαιοῦσα.

401 3902 581 3975 Αὐτὴν
610 3899 704 3959 οῦν
728 3906 809 3968 είς
837 3895 1136 3978 πρεσδείαν
1167 3910 1391 3982 ἑτοίμην
1418 3908 1584 3969 οὖσαν
1611 3913 1907 3979 κινοῦντες,

329 3991 425 4044 καὶ
459 3992 627 4046 πᾶσιν
655 3993 895 4061 δαψιλῶς
926 3995 987 4048 τὺ
1019 3998 1118 4067 τῆς
1146 3998 1552 4071 εὐσπλαγχνίας
1579 4003 1911 4074 ἐπιχέουσαν

328 4082 531 4149 ἔλαιον,
561 4084 660 4149 τὰς
683 4085 789 4141 τῶν
812 4086 1166 4158 όδυνωμένων
1197 4092 1289 4145 καὶ
1314 4090 1612 4164 θεραπείας
1637 4095 1909 4166 δεομένων

327 4173 626 4244 ἀλγηδόνας
659 4176 970 4247 κοιμίσατε,
997 4179 1088 4233 τόν
1108 4197 1169 4233 τε
1196 4182 1361 4235 πόθον
1392 4184 1702 4254 ἀμείψασθε
1727 4186 1822 4239 τοῦ
1848 4185 1911 4239 τὸ

330 4267 476 4337 ἱερὸν
532 4266 687 4336 ὐμῶν
717 4267 1054 4337 κοσμοῦντος
1109 4271 1359 4341 τέμενος,
1391 4273 1484 4326 καὶ
1529 4276 1587 4327 ἐν
1640 4279 1710 4347 τῇ
1754 4276 1910 4348 ὑμῶν

2019 3292 2144 3330 nam
2184 3276 2546 3337 valetudinem
2586 3282 2780 3329 renuat
2806 3275 3043 3343 operari,
3108 3275 3327 3328 molitur
3384 3275 3486 3328 ista
3514 3288 3579 3327 ac

2018 3368 2311 3438 excogitat,
2347 3365 2592 3437 (quippe
2641 3366 2803 3420 habet
2835 3373 2894 3418 ut
2970 3365 3302 3437 benignitate
3363 3375 3607 3432 annuatr

2014 3473 2077 3513 ac
2107 3457 2381 3522 ﬂectatur,
2430 3457 2590 3526 idque
2654 3470 2814 3524 supra
2848 3465 3089 3512 creatum
3118 3471 3299 3522 omne,
3338 3492 3345 3499 κ
3375 3467 3433 3509 ιιι
3496 3458 3611 3510 uni:

2017 3551 2281 3605 duntaxat
2310 3548 2450 3604 Filio
2511 3548 2954 3614 incomparabilis
3019 3549 3407 3603 misericordia:
3459 3564 3598 3616 prta.

2017 3643 2314 3712 rogativam
2368 3643 2627 3706 concedat
2666 3660 2681 3698 :
2721 3640 2861 3708 )sed
2892 3650 2952 3693 ut
2992 3641 3139 3695 vobis
3190 3638 3305 3707 ejus
3372 3641 3587 3696 famulis

2015 3736 2276 3791 honorem
2310 3734 2527 3799 habeat,
2583 3747 2650 3788 ac
2695 3747 2859 3801 quam
2899 3731 3260 3801 dispensanda
3315 3733 3584 3802 ejusmodi

2012 3821 2323 3876 valetudine
2369 3820 2597 3888 gloriam
2638 3819 2921 3884 obtinetis,
2962 3819 3267 3875 conﬁrmet.

2084 3911 2222 3967 Eam
2286 3911 2491 3980 itaque,
2535 3926 2657 3981 qua:
2714 3918 2960 3981 prompta
3015 3912 3086 3965 sit
3115 3913 3179 3965 ad
3237 3905 3589 3967 intercessio-

2016 4016 2161 4068 nem,
2197 4015 2261 4056 ac
2292 4001 2561 4056 universis
2600 4003 2986 4058 misericordia:
3043 4001 3222 4057 olemn
3272 4005 3485 4059 abunde
3508 4005 3591 4058 atl-

2014 4092 2220 4159 l'undat,
2300 4101 2678 4163 provocantes,
2731 4101 3054 4162 aegrotorum
3105 4091 3341 4160 dolores,
3388 4108 3451 4148 ac
3489 4109 3589 4148 cu-

2014 4183 2228 4238 ratione
2261 4182 2562 4252 egentium,
2623 4184 2835 4246 sedate;
2864 4182 3090 4251 ejusque
3148 4181 3424 4237 desiderio
3456 4198 3588 4238 con,

2012 4288 2202 4343 gruam
2243 4272 2522 4340 rependite
2575 4271 2772 4336 vicem,
2803 4272 2895 4341 qui
2944 4285 3157 4324 sacrum
3188 4272 3313 4326 hoc
3344 4281 3586 4327 vestrum

326 4359 755 4428 ἐγκαυχωμένου
790 4360 1130 4430 προστασίᾳο
1180 4362 1275 4415 καὶ
1312 4362 1422 4439 τῶν
1469 4366 1548 4428 είς
1595 4365 1729 4419 Θεοῦ
1764 4367 1909 4434 δοξο-

2014 4362 2296 4417 dclubrum
2337 4378 2559 4430 ornans,
2618 4363 2671 4416 in
2705 4372 2881 4417 vestra
2913 4364 3177 4433 gloriatur
3229 4365 3585 4432 protectionc:

323 4445 533 4514 λογίαν,
567 4448 661 4501 καὶ
697 4447 799 4517 τῆς
843 4449 976 4519 παρ’
1022 4448 1189 4502 αὐτοῦ
1226 4450 1519 4523 δεδομένης
1552 4454 1683 4525 ὑμῖν
1728 4473 1909 4512 συνει-

324 4535 607 4605 λεγμένων
627 4540 704 4601 είς
728 4539 1009 4609 εὐφημίαν
1034 4539 1280 4610 χάριτος,
1309 4540 1411 4606 τὰς
1445 4543 1739 4610 διαπαντὸς
1761 4548 1902 4620 πλη-

328 4624 540 4696 ρώσατε
563 4627 795 4699 δεήσεις.
814 4630 1023 4683 Λάϐετε
1045 4631 1339 4700 σύμφωνον
1356 4633 1385 4685 ύ
1394 4636 1485 4703 μίν
1511 4637 1903 4705 προτείνουσαν

322 4718 643 4787 πρεσϐείαν,
667 4721 748 4782 είς
767 4737 829 4773 τε
850 4722 943 4775 τὸν
959 4722 1020 4789 ἐξ
1039 4723 1208 4793 αὐτῆς
1226 4726 1653 4797 σεσαρκωμένον
1672 4729 1902 4802 Κύριον,

323 4810 419 4860 καὶ
454 4811 753 4879 μητρόθεον
786 4811 993 4882 ταύτης
1028 4816 1460 4887 μεγαλειότητα,
1505 4819 1720 4890 μητέρα
1764 4838 1900 4893 γνη-

323 4900 466 4961 σίαν,
499 4902 915 4972 φιλανθρωπίαν
961 4906 1380 4977 ἐκμιμουμένην
1409 4908 1652 4963 τέκνωνο
1690 4912 1782 4983 ἣν,
1824 4914 1901 4979 ὡς

319 4991 554 5060 γάλακτι
576 4991 876 5061 θρέψασαν,
897 4993 1040 5048 οὕτω
1062 4998 1157 5050 καὶ
1175 4996 1406 5067 πράξεσι
1437 4999 1641 5065 ἐνθέοις
1661 5004 1783 5057 τελε
1794 5005 1903 5058 ιοῦ-

324 5097 426 5134 σαν
472 5080 896 5152 ἐκληρώσασθεο
928 5084 1013 5153 ἢν,
1056 5082 1131 5146 ὡς
1179 5087 1278 5155 τῆς
1330 5087 1567 5155 φύσεως,
1619 5090 1762 5145 οὓτω
1804 5096 1900 5148 καὶ

321 5172 443 5242 βίου¹
460 5170 842 5242 όμογνώμονος
871 5174 1214 5244 ηὐτυχήσατε
1239 5176 1430 5248 χρῆμα
1448 5195 1461 5210 ο
1487 5180 1557 5234 δι’
1577 5177 1667 5254 ἧς,
1692 5186 1897 5254 ὁρατοῦ

317 5278 375 5316 τε
407 5263 527 5333 ἅμα
558 5264 651 5316 καὶ
681 5264 875 5335 νοητοῦ
920 5266 1095 5332 φωτὸς
1142 5266 1361 5321 ἀκτῖσιν
1407 5272 1857 5348 περιελάμφθητε
1879 5293 1895 5311 ·

316 5354 614 5423 Θεοδότην,
666 5355 767 5426 τὴν
813 5354 1045 5427 δώρημα
1102 5358 1205 5427 μὲν
1253 5358 1396 5414 θεῖον
1449 5367 1893 5438 χρηματίσασαν,

313 5442 479 5496 δεκτὰ
533 5442 589 5497 δὲ
633 5442 805 5515 δῶρα,
850 5445 953 5508 τάς
994 5464 1054 5500 τε
1081 5449 1288 5513 οίκείας
1329 5451 1551 5521 ἀρετὰς,
1603 5456 1699 5509 καὶ
1748 5459 1895 5528 ὑμᾶς

313 5533 435 5602 Θεῷ
489 5538 993 5607 καρποφορήσασαν
1016 5555 1030 5568 ·
1059 5539 1283 5611 ταύτην,
1315 5540 1505 5614 ὥσπερ
1532 5546 1642 5600 τῶν
1670 5550 1893 5618 ἀγαθῶν

313 5620 515 5692 ἔργων,
541 5621 686 5676 οὕτω
710 5625 930 5677 καὶτῶν
957 5627 1217 5698 χαρίτων,
1243 5630 1336 5683 καὶ
1360 5631 1462 5701 τῆς
1490 5637 1624 5705 πρὸς
1649 5637 1742 5690 τὸν
1761 5639 1893 5693 Κτί-

317 5730 449 5784 στην
490 5716 824 5787 παρρησίας,
861 5722 1114 5775 κοινωνὸν
1144 5721 1448 5793 εἰληφότες.
1485 5727 1576 5781 Διὸ
1626 5732 1716 5785 καὶ
1753 5733 1888 5804 πρὸς

2016 4470 2114 4508 nec
2146 4467 2252 4509 non
2288 4468 2499 4518 eorum,
2536 4454 2627 4522 qui
2680 4453 2746 4507 ad
2801 4454 2895 4508 Dei
2948 4453 3180 4520 laudem,
3243 4455 3479 4525 donique
3517 4458 3587 4509 ab

2010 4560 2075 4599 eo
2139 4545 2291 4600 vobis
2352 4546 2596 4600 concessi
2667 4545 3109 4611 celebrationem,
3196 4559 3584 4609 convenerunt,

2007 4652 2221 4706 semper
2246 4637 2523 4691 orationes
2572 4637 2808 4704 implete.
2862 4636 3084 4691 Habetis
3137 4638 3406 4693 sinceram
3459 4656 3586 4694 ma-
3662 4674 3665 4676 -

2008 4738 2168 4793 trem,
2220 4743 2340 4796 quae
2393 4729 2681 4783 cbarorum
2715 4727 2999 4797 pignorum
3031 4729 3314 4792 imitatrix,
3388 4746 3584 4784 censu-

2005 4835 2130 4874 nam
2173 4818 2324 4873 vobis
2380 4818 2839 4887 deprecationem,
2900 4818 2966 4872 ad
3026 4818 3313 4874 Dominum
3354 4835 3420 4875 ex
3473 4823 3585 4889 ipsa

2004 4909 2365 4974 incarnatum,
2451 4908 2676 4978 ejusque
2734 4907 2827 4962 Dei
2891 4909 3170 4979 genitricis
3222 4909 3581 4976 majestatem,

2003 4998 2194 5054 oll‘erat
2224 5018 2239 5054 :
2270 5014 2430 5069 quam
2459 5000 2535 5054 uti
2573 4999 2713 5054 lacte
2762 5001 3052 5065 nutricem,
3119 5000 3193 5054 ita
3226 5002 3421 5056 divinis
3450 5018 3584 5073 quo~
3655 5072 3662 5081 δ

2002 5105 2106 5162 que
2185 5090 2499 5146 actionibus
2576 5092 3112 5157 consummatriccn‘t,
3163 5094 3338 5147 sortiti
3401 5097 3577 5161 estis;

2000 5196 2161 5251 quam
2194 5183 2269 5237 uti
2298 5192 2524 5247 naturae,
2575 5182 2647 5236 ita
2685 5191 2738 5236 et
2761 5182 3044 5237 concordis
3069 5183 3191 5237 vitae
3215 5185 3577 5241 substantiam

1999 5273 2265 5328 habuistis
2291 5290 2307 5340 ;
2334 5273 2487 5341 cujus
2512 5286 2699 5340 opera,
2738 5272 2970 5326 visibilis
3004 5273 3207 5341 pariter
3234 5289 3296 5328 ac
3318 5276 3578 5345 spiritalis

1998 5367 2218 5424 luminis
2260 5370 2450 5434 radiis,
2508 5369 2760 5424 illustrati
2815 5368 3037 5436 fuistis;
3065 5354 3396 5426 Tlteodotam
3428 5376 3577 5430 scili~

1996 5470 2102 5526 cet,
2135 5461 2374 5516 divinum
2410 5473 2773 5531 nuncupatam
2807 5475 3023 5527 munus,
3048 5476 3166 5531 qua:
3192 5463 3573 5534 nihilominus,

1995 5566 2117 5606 cum
2158 5567 2283 5608 snas
2332 5554 2453 5622 ipsa,
2498 5554 2746 5619 virtutes,
2778 5566 2888 5609 tum
2922 5569 3018 5608 vos
3051 5567 3275 5625 accepta
3311 5557 3421 5612 Deo
3452 5576 3573 5614 tnu-

1994 5659 2127 5699 nera
2177 5644 2464 5713 obtulerit;
2511 5663 2654 5713 eam,
2693 5649 2768 5702 uti
2806 5648 3069 5704 bonorum
3122 5664 3369 5718 operum,
3404 5653 3475 5706 ita
3519 5664 3573 5708 et

1996 5737 2283 5812 donorum,
2321 5738 2574 5811 illiusque
2598 5741 2665 5799 ad
2698 5741 2863 5799 Deum
2907 5751 3181 5801 auctorem
3210 5744 3442 5814 ﬁduciae,
3476 5762 3567 5805 so-
