3948 6162
394 319 527 383 1527

1312 324 1631 388 GEORGII
1673 321 2266 388 NICOMEDIENSIS
2305 319 2693 381 IDIOMELA.

3517 318 3541 382 1
3552 321 3654 386 528

387 434 530 484 ciam
575 432 772 500 adepti.
835 432 1196 500 Quamobrem
1257 440 1419 491 etiam
1465 442 1529 494 ad
1574 441 1720 493 illum
1791 444 1959 510 ipsum

2068 436 2228 490 αὐτὸν
2279 436 2488 488 ἐκεῖνον
2523 435 2614 486 τὸν
2645 435 2846 506 δοτῆρα
2900 452 3006 488 των
3057 435 3258 500 καλῶν,
3305 437 3401 490 καὶ
3435 438 3651 493 πάντων

389 523 655 578 honorum
688 525 1025 595 largitorem,
1055 536 1441 598 auctoremque
1491 531 1765 586 Christum
1795 532 1962 586 Deum

390 623 660 680 nostrum,
692 632 797 669 una
827 619 1230 686 deprecantem,
1279 634 1641 688 assumentes,
1691 625 1962 678 orantium

389 706 681 774 petitiones
713 707 948 776 implete.
1001 710 1210 779 Quippe
1243 711 1359 780 ipse
1384 723 1468 767 est
1506 715 1595 782 qui
1629 715 1868 784 impleat,
1903 731 1966 771 ac

381 793 668 864 plenitudo
691 799 804 868 ipsa
837 801 1291 869 repromissorum
1319 803 1728 869 beneﬁciorum,
1756 821 1967 860 eorum-

386 902 492 955 que
533 889 878 958 dispensator
907 906 970 944 ac
999 891 1293 958 prtebitor,
1329 895 1532 963 quique
1571 898 1792 950 uberem
1840 897 1961 952 illo-

391 991 507 1033 rnm
549 982 822 1035 custodiat
886 984 1134 1052 pariter,
1198 988 1607 1056 prmtendatque
1657 990 1964 1044 communi-

389 1071 684 1124 cationem.
720 1072 889 1138 Quem
922 1073 1077 1127 decet
1111 1076 1305 1142 honor,
1339 1084 1391 1130 et
1419 1077 1587 1146 gloria
1613 1078 1858 1148 lausque,
1899 1094 1963 1134 ac

387 1160 685 1226 gratiarum
750 1163 923 1226 actio,
984 1178 1104 1218 cum
1159 1163 1318 1219 Patre
1379 1177 1676 1237 sanctoque
1724 1183 1786 1222 ac
1827 1168 1962 1223 vivi-

387 1253 487 1304 lico
521 1252 752 1321 Spiritu,
794 1269 937 1312 nunc
971 1264 1024 1310 et
1061 1270 1300 1326 semper,
1329 1267 1383 1312 et
1408 1258 1462 1312 in
1494 1259 1690 1314 saecula
1721 1261 1959 1317 saeculo-

385 1359 527 1398 t'utn.
559 1345 595 1397 A
610 1360 748 1400 men.

404 1456 1660 1498 --————‘———__—___________

1088 1597 1633 1779 E;lUSDEM
1711 1605 2208 1704 GEORGII
2293 1619 2930 1712 IDIOMELA.
3631 1629 3638 1700 ἱ

1187 1769 1200 1782 .
2812 1755 2891 1812 A’.

564 1818 628 1872 In
658 1821 1006 1876 sanctissima:
1035 1819 1131 1876 Dei
1172 1820 1452 1880 Genitricis
1481 1827 1797 1898 ingressum;

453 1929 697 1985 Exsultet
725 1930 883 1986 hodie
909 1931 1106 1988 ccelum
1134 1934 1386 2004 desuper,
1408 1948 1462 1990 et
1497 1939 1668 1994 nubes
1699 1954 1960 2012 spargant

375 2020 668 2089 justitiam,
701 2038 800 2090 pro
830 2023 920 2077 Dei
948 2023 1120 2078 nostri
1148 2026 1300 2079 novis
1324 2027 1584 2093 maxime,
1613 2029 1957 2101 insolitisque

380 2113 698 2183 magnaliis.
722 2115 861 2169 Ecce
893 2117 1041 2169 enim
1070 2124 1224 2185 porta
1253 2118 1318 2170 ad
1342 2119 1608 2173 orientem
1632 2122 1951 2192 respiciens,

380 2220 446 2258 ex
497 2205 791 2260 infecundo
837 2207 1040 2261 sterilis
1093 2217 1249 2262 utero
1283 2224 1348 2263 ex
1381 2213 1748 2278 promissione
1798 2227 1954 2284 partu

382 2296 549 2361 edita,
591 2297 809 2365 Deoque
839 2296 891 2351 in
929 2297 1291 2352 habitaculum
1327 2311 1644 2358 consecrata
1668 2344 1682 2369 ,
1723 2305 1778 2360 in
1813 2317 1954 2362 tem-

382 2387 467 2456 plo
524 2388 682 2441 hodie
745 2388 1105 2442 immaculata:
1178 2390 1350 2445 instar
1402 2393 1637 2450 victimae
1704 2396 1951 2452 offertur.

381 2477 651 2542 (Exsultet
715 2476 880 2531 David
949 2480 1168 2546 pulsans
1244 2481 1510 2536 citharam
1563 2501 1577 2537 ε
1627 2485 1987 2554 Aﬂ'eremur,-

381 2566 576 2634 inquit,
632 2564 760 2634 Regi
789 2567 1009 2634 virgines
1034 2579 1146 2635 post
1185 2583 1324 2634 eam,
1375 2571 1628 2638 proxima:
1659 2573 1772 2641 ejus
1823 2577 1955 2644 aﬂ‘eo-

382 2663 564 2708 rentur
600 2654 622 2684 ³
649 2653 688 2724 :)
725 2656 777 2708 in
838 2653 937 2708 Dei
976 2657 1348 2721 tabernaculo,
1392 2659 1446 2712 in
1471 2660 1590 2729 ejus
1617 2660 1736 2717 loco
1773 2667 1956 2733 propi-

382 2745 620 2811 tiatorii;
661 2753 714 2798 ut
743 2745 793 2798 in
829 2744 944 2814 ejus
974 2746 1308 2802 domicilium
1357 2751 1640 2818 educetur,
1687 2756 1777 2822 qui
1833 2765 1957 2810 ante

383 2837 582 2892 saecula
615 2851 679 2892 ex
713 2835 876 2890 Putre
909 2836 1051 2892 nulla
1103 2837 1340 2894 ﬂuxione
1373 2850 1529 2897 natus
1561 2851 1641 2897 est
1661 2859 1677 2906 ;
1714 2843 1768 2897 in
1813 2845 1956 2899 salu—

390 2938 494 2982 tem
532 2929 837 2983 animorum
874 2937 1207 2986 nostrorum.

454 3103 622 3160 l‘lodie
646 3104 737 3158 Dei
763 3118 932 3173 capax
960 3103 1238 3172 templum.
1271 3103 1362 3158 Dei
1394 3104 1640 3162 Genitrix
1663 3108 1715 3162 in
1742 3107 1952 3163 Domini

382 3196 590 3264 templo
615 3195 871 3259 oﬂ'ertur,
896 3210 1124 3264 eamque
1149 3195 1442 3251 Zacharias
1471 3198 1720 3268 suscipit.
1761 3199 1954 3255 Exsul-
1981 3174 2023 3232 ο

385 3295 499 3340 tant
527 3285 688 3340 hodie
720 3285 920 3340 Sancta
951 3294 1290 3349 sanctorum,
1321 3301 1384 3339 ac
1407 3288 1723 3356 angelorum
1751 3290 1952 3344 chorus

383 3383 610 3452 mystica
664 3380 874 3434 ratione
907 3387 1256 3443 conventum,
1286 3395 1350 3433 ac
1377 3381 1516 3434 diem
1552 3381 1746 3436 festum
1795 3385 1905 3451 agit
1940 3401 1952 3436 :

382 3489 502 3526 cum
527 3473 724 3540 quibus
747 3485 844 3523 nos
875 3485 1091 3539 quoque
1116 3470 1273 3524 hodie
1300 3471 1660 3537 celebrantes,
1689 3457 1958 3528 consertis

380 3579 502 3615 cum
527 3561 778 3616 Gabriele
812 3563 1033 3634 vocibus
1057 3561 1387 3616 clamemus:
1417 3562 1544 3628 Ave,
1566 3565 1738 3633 gratia
1764 3564 1954 3634 plena;

381 3655 636 3708 Dominus
670 3665 838 3706 tecum
873 3653 916 3717 ³,
951 3653 1105 3720 cujus
1160 3668 1357 3723 magna
1398 3663 1482 3708 est
1516 3656 1909 3710 misericordia.

415 3775 418 3778 -
452 3747 546 3800 Eia
574 3745 735 3816 agite,
773 3745 951 3813 populi
977 3759 1187 3809 omnes,
1217 3744 1436 3799 laudum
1469 3761 1588 3800 eam
1620 3744 1848 3802 canticis
1871 3761 1959 3802 ce-

381 3838 674 3896 lebremus,
710 3849 830 3903 qua:
884 3832 1001 3887 sola
1046 3831 1398 3887 immaculata
1443 3844 1525 3888 est
1569 3847 1772 3901 :quam
1817 3847 1960 3901 prae-

384 3930 632 3984 dixerant
673 3923 972 3997 pr0plietaé,
1008 3939 1071 3980 ac
1103 3928 1238 3994 quin}
1271 3925 1324 3978 in
1370 3925 1568 3994 templo
1608 3927 1788 3989 oblata
1825 3935 1910 3981 est
1943 3943 1957 3980 :

383 4022 553 4085 illam,
586 4022 830 4088 inquam,
880 4033 999 4088 qua:
1034 4026 1161 4072 ante
1188 4017 1384 4072 smcula
1428 4016 1812 4087 prazdestinata
1845 4032 1961 4072 ma-

383 4124 485 4176 ter,
525 4112 836 4168 novissimis
871 4110 1208 4181 temporibus
1240 4110 1333 4164 Dei
1364 4108 1617 4164 Genitrix
1639 4109 1832 4164 eiIecta
1855 4118 1955 4164 est.

380 4208 511 4275 Ejus
552 4207 730 4270 nobis,
767 4204 1014 4268 Domine,
1045 4201 1550 4262 intercessionibus.
1575 4215 1761 4272 pacem
1789 4211 1958 4267 tuam,

383 4315 446 4352 ac
489 4314 736 4366 magnam
770 4296 1210 4350 misericordiam
1245 4293 1444 4363 praebe.

421 4481 483 4536 In
520 4492 763 4535 sanctum
830 4479 1095 4533 Joannem
1129 4479 1583 4548 Chrysoslomum.
1627 4479 1719 4549 (15
1755 4476 1918 4549 Νου.)
1995 4503 2036 4558 ι)

449 4593 642 4647 Aureis
676 4593 782 4645 tuis
827 4591 1192 4655 sermonibus,
1233 4589 1372 4642 hami
1398 4605 1558 4644 secus
1590 4598 1754 4659 atque
1791 4603 1958 4644 aureo

377 4694 667 4754 perornata
701 4683 922 4747 mundo,
955 4681 1194 4736 Joannes
1223 4680 1632 4752 Chrysostome,
1668 4683 1719 4736 in
1745 4697 1960 4752 sponsa:

381 4779 472 4833 tibi
505 4790 709 4831 morem
737 4774 932 4844 gaudio
957 4773 1156 4827 clamat
1189 4771 1450 4827 Ecclesia.
1495 4773 1716 4829 Aliatim
1757 4787 1956 4827 aureos

380 4883 500 4925 tuos
565 4870 754 4922 latices
810 4865 954 4930 bibi,
1000 4879 1194 4933 meque
1248 4865 1313 4918 iis
1370 4865 1738 4935 ingurgitavi;
1791 4879 1956 4918 aureo

382 4963 585 5032 fulgore
649 4959 864 5023 rutilis,
943 4957 1268 5025 mellitisque
1324 4958 1432 5012 tuis
1485 4959 1740 5026 prmclare
1801 4957 1958 5026 aquis

383 5056 646 5126 glorians.
703 5054 783 5107 Ab
834 5052 1051 5106 actione
1106 5065 1337 5117 namque
1402 5049 1671 5122 provehor
1710 5049 1777 5102 ad
1831 5064 1962 5103 con-

379 5147 806 5216 templationem,
838 5144 925 5207 iis,
967 5157 1105 5210 quas
1151 5141 1298 5196 lenes
1361 5140 1762 5195 admonitiones
1808 5139 1960 5193 adhi-

383 5243 511 5305 bes;
545 5238 875 5304 Christoque
907 5236 1064 5288 unior
1095 5235 1368 5303 spirituali
1418 5248 1636 5304 sponso,
1674 5247 1736 5286 ac
1764 5231 1812 5286 ei
1841 5248 1966 5287 con-

381 5347 565 5403 regno.
609 5329 974 5402 Quamobrem
1019 5342 1117 5380 uos
1152 5341 1365 5395 quoque
1409 5327 1461 5380 in
1511 5338 1596 5381 tua
1645 5325 1956 5395 congregati

381 5423 639 5478 memoria
687 5422 1031 5475 clamamus:
1071 5417 1145 5471 Nc
1195 5434 1290 5487 pro
1343 5418 1498 5474 nobis
1551 5417 1836 5471 Dominum
1865 5420 1958 5472 de-

385 5513 588 5583 precari
634 5509 899 5582 graveris,
947 5523 1054 5577 quo
1107 5508 1408 5562 animorum
1473 5507 1702 5561 salutem
1763 5521 1958 5561 conse-

380 5620 628 5660 (tuantur.

455 5721 474 5752 ³
513 5717 657 5773 Psal.
687 5733 826 5787 κων,
876 5719 957 5775 lii.
1035 5719 1056 5752 ⁸
1084 5718 1215 5773 Luc.
1250 5731 1288 5782 ι,
1352 5713 1403 5771 8.

2063 523 2233 598 αῖτιον
2266 523 2373 576 τῶν
2401 522 2622 591 ἀγαθῶν
2665 524 2905 594 Χριστὸν
2951 525 3043 577 τὸν
3075 524 3209 578 Θεδν
3239 525 3396 596 ἡμῶν
3425 529 3507 590 εἰς
3537 529 3648 581 ἰκε-

2065 615 2188 667 σίαν
2221 613 2645 684 παρειληφότες,
2675 613 2776 675 τάς
2807 613 2918 667 τῶν
2953 615 3292 684 αἰτουμένων
3323 615 3651 685 πληρώσατε

2061 705 2294 775 δεήσεις.
2349 705 2523 766 Αὐτὸς
2574 704 2684 774 γὰρ
2735 704 3036 776 πληρωτὴς
3087 705 3204 758 ἐστι
3235 706 3341 759 καὶ,
3375 709 3652 778 πλήρωμα

2063 793 2172 846 τῶν
2199 796 2257 846 έν
2296 793 2653 860 ἐπαγγελίαις
2692 792 3058 862 εὐεργεσιῶψ
3100 794 3306 862 ταμίας
3352 811 3412 846 τε
3444 796 3653 850 τούτων

2071 885 2166 936 καὶ
2195 884 2454 954 πάροχος,
2485 884 2579 938 καὶ
2609 885 2709 955 τὴν
2741 884 2920 938 αὐτῶν
2960 884 3192 952 ἄφθονον
3223 888 3317 939 καὶ
3365 886 3651 954 φυλάττων

2071 977 2166 1027 καί
2191 977 2603 1047 προτεινόμενος
2636 975 2924 1046 μετάδοσιν
2944 992 2958 1007 ·
2987 977 3079 1029 καὶ
3108 975 3257 1046 αὐτῷ
3282 978 3485 1048 πρέπει
3514 978 3650 1048 τιμὴ

2071 1067 2164 1120 καὶ
2188 1065 2316 1130 δόξα
2349 1067 2445 1118 καὶ
2486 1063 2634 1130 αἶνος
2671 1067 2766 1120 καὶ
2804 1067 3148 1137 εὐχαριστία,
3188 1069 3287 1121 σὺν
3347 1069 3426 1137 τῷ
3473 1070 3652 1139 Πατρί

2069 1157 2164 1209 καὶ
2206 1156 2284 1226 τῷ
2312 1157 2453 1227 ἁγίῳ
2494 1159 2585 1211 καὶ
2621 1157 2878 1227 ζωοποιῷ
2931 1158 3234 1229 Πνεύματι,
3275 1159 3370 1213 νῦν
3415 1159 3511 1214 καὶ
3537 1160 3648 1225 ἀεὶ,

2069 1247 2164 1302 καὶ
2194 1249 2273 1314 εἰς
2305 1250 2432 1316 τοὺς
2465 1249 2669 1316 αἰῶνας
2692 1249 2797 1304 τῶν
2832 1249 3060 1305 αἰώνων.
3103 1251 3293 1322 Ἀμήν.

1667 1485 3607 1523 ____________________________

3627 1761 3635 1803 ἰ

2186 1843 2288 1910 Εἰς
2325 1847 2396 1901 τὰ
2426 1850 2669 1903 Εἰσόδια
2709 1850 2818 1920 τῆς
2846 1854 3170 1923 ὑπεραγοίας
3204 1857 3515 1912 Θεοτόκου.

2145 1955 2519 2023 Ἀγαλλιάσθω
2569 1962 2805 2032 σήμερον
2835 1965 2865 2017 ὁ
2905 1964 3133 2033 οὐρανὸς
3165 1965 3370 2019 ἀνωθεν
3396 1983 3410 1996 °
3441 1968 3539 2020 καί
3584 1971 3641 2022 αἱ

2059 2049 2281 2114 νεφέλαι
2329 2052 2668 2122 εὐφροσύνην
2705 2054 3027 2125 ρανάτωσαν
3067 2059 3165 2110 ἐπὶ
3202 2057 3272 2111 τά
3303 2057 3427 2112 λίαν
3462 2061 3645 2131 παρά-

2059 2136 2186 2206 δοξα
2223 2141 2488 2209 μεγαλεῖα
2532 2143 2626 2196 τοῦ
2660 2143 2796 2197 Θεοῦ
2834 2145 3019 2216 ήμῶν.
3059 2146 3190 2200 Ἰδοὺ
3215 2149 3324 2218 γάρ
3360 2149 3394 2218 ή
3428 2148 3574 2219 πύλη
3611 2152 3643 2221 ἡ

2059 2229 2202 2284 κατά
2226 2232 2492 2295 ἀνατολάς
2524 2233 2819 2302 βλέπουσα,
2867 2237 3266 2308 ἀποκυηθεῖσα,
3321 2240 3385 2292 ὲκ
3419 2241 3642 2310 στείρας

2059 2321 2332 2392 ἀκάρπου,
2369 2323 2430 2388 ἐξ
2470 2325 2828 2393 ἐπαγγελίας,
2866 2329 2962 2380 καὶ
3008 2328 3084 2398 τῷ
3115 2328 3233 2400 Θεῷ
3267 2331 3644 2401 ἀφιερωθεῐσα

2059 2415 2139 2476 εἰς
2188 2415 2532 2485 κατοίκησιν,
2587 2418 2830 2488 σήμερον
2871 2419 2930 2470 ἐν
2975 2418 3053 2488 τῷ
3100 2420 3234 2490 ναῷ,
3281 2422 3356 2495 ὡς
3407 2422 3643 2492 ἄμωμος

2059 2505 2347 2575 προσφορὰ
2378 2507 2733 2578 προσάγεται.
2772 2507 3142 2575 Ἀγαλλιάσθω
3170 2513 3197 2564 ὁ
3225 2512 3388 2565 Δαόἰδ
3419 2513 3640 2583 κρούων

2056 2596 2155 2668 τὴν
2213 2597 2473 2668 κινύραν·
2524 2599 3094 2667 Ἀπενεχθήσονται,
3139 2603 3294 2671 φησὶ,
3339 2603 3419 2669 τῷ
3450 2605 3642 2668 βασι·

2057 2689 2158 2742 ,πεῖ
2183 2689 2466 2757 παρθένοι
2511 2691 2706 2746 ὀπίσω
2755 2691 2984 2760 αὐτῆς·
3018 2696 3076 2747 αἰ
3129 2697 3403 2762 πλησίον
3448 2695 3645 2764 αὐτῆς

2056 2777 2596 2848 ὰὲτενεχθήσονται.
2641 2782 2728 2834 Ἐν
2749 2785 2813 2854 τῇ
2844 2789 3014 2856 σκηνῇ
3050 2785 3146 2839 τοῦ
3177 2785 3335 2851 Θεοῦ,
3363 2787 3514 2839 ἔνδον
3545 2786 3642 2840 τοῦ

2061 2869 2373 2940 ἰλαστηρίου
2413 2871 2580 2924 αὐτοῦ
2608 2889 2622 2904 ο
2657 2872 3037 2944 ἀνατραφῆναι
3085 2878 3165 2938 εἰς
3191 2874 3518 2945 κατοίκησιν
3545 2877 3640 2931 τοῦ

2058 2961 2165 3032 πρὸ
2191 2959 2404 3014 αἰώνων
2447 2963 2511 3013 ὲκ
2547 2962 2762 3032 Πατρὸς
2806 2962 3128 3034 ἀρρεύστως
3167 2963 3528 3034 γεννηθέντος
3558 2966 3639 3028 εἰς

2060 3053 2334 3124 σωτηρίαν
2363 3053 2473 3107 τῶν
2501 3053 2690 3124 ψυχῶν
2715 3057 2748 3124 ή
2759 3053 2894 3125 μῶν.

2129 3145 2375 3216 Σήμερον
2418 3146 2446 3196 ὁ
2485 3143 2826 3215 θεοχώρητος
2851 3145 2994 3208 ναός.
3043 3145 3108 3198 Ἥ
3138 3144 3397 3210 Θεοτόκος
3439 3147 3498 3198 ὲν
3527 3145 3641 3216 ναῷ

2059 3236 2265 3305 Κυρίου
2311 3235 2667 3304 προσάγεται,
2705 3237 2800 3288 καὶ
2835 3237 3110 3306 Ζαχαρίας
3150 3237 3353 3307 ταύτην
3381 3239 3642 3308 ὑποδέχε-

2058 3343 2168 3379 ται.
2202 3327 2448 3396 Σήμερον
2475 3326 2542 3380 τὰ
2574 3325 2684 3379 τῶν
2730 3327 2904 3396 ἁγίων
2937 3328 3104 3395 ’Ἅγια
3147 3329 3473 3396 ἀγάλλονται
3494 3346 3507 3359 ·
3547 3330 3641 3382 καὶ

1940 3423 1952 3491 ξ
2057 3418 2086 3469 ό
2115 3415 2272 3489 χορὸς
2324 3417 2432 3471 τῶν
2478 3417 2728 3487 ἀγγέλων
2775 3419 3052 3488 μυστικῶς
3083 3419 3486 3491 πανηγυρίζειο
3520 3418 3642 3489 μεθ’

2057 3501 2133 3562 ὧν
2161 3509 2254 3563 καί⁵
2292 3508 2452 3579 ἡμεῖς
2491 3507 2840 3579 ἑορτάζοντες
2872 3510 3114 3580 σήμερον
3156 3510 3254 3573 σὺν
3292 3511 3368 3580 τῷ
3399 3509 3643 3580 Γαϐριὴλ

2060 3598 2418 3668 ὲκϐοήσωμεν
2444 3615 2456 3628 °
2484 3598 2681 3667 Χαῖρε,
2713 3600 3176 3669 κεχαριτωμένη·
3203 3603 3234 3655 ό
3263 3602 3478 3669 Κύριος
3492 3601 3646 3669 μετὰ

2061 3689 2198 3756 σοῦ,
2238 3691 2268 3742 ὁ
2293 3689 2432 3760 ἔχων
2465 3690 2527 3742 τὸ
2567 3691 2709 3761 μέγα
2745 3689 2913 3753 ἔλεος.
3236 3763 3243 3770 _

2131 3782 2318 3848 Δεῦτε,
2343 3783 2544 3844 πάντες
2568 3783 2618 3836 οἰ
2634 3782 2776 3845 λαοὶ,
2799 3782 2898 3852 τὴν
2930 3783 3100 3852 μόνην
3125 3782 3433 3853 ἀμώμητον
3461 3784 3643 3850 ἔγκω-

2066 3873 2375 3943 μιάσωμεν,
2414 3873 2511 3944 τὴν
2539 3875 2604 3928 ἐκ
2633 3871 2742 3928 τῶν
2786 3868 3084 3942 προφητῶν
3128 3875 3642 3945 προκηρυχθεῖσαν,

2063 3965 2158 4016 καὶ
2200 3966 2258 4017 ἐν
2295 3965 2409 4036 ναῷ
2436 3963 2893 4034 προσενεχθεῖσαν
2915 3980 2928 3993 ·
2962 3964 3060 4034 τὴν
3114 3966 3221 4034 πρὸ
3265 3965 3481 4020 αἰώνων
3507 3983 3642 4037 προ-

2061 4056 2372 4126 ορισθεῖσαν
2419 4055 2666 4125 μητέρα,
2719 4056 2814 4111 καὶ
2854 4055 2944 4108 ἐπ’
2993 4057 3238 4125 ἐσχάτων
3274 4057 3387 4110 τῶν
3434 4058 3650 4128 χρόνων

2063 4147 2476 4216 ἀναδειχθεῖσαν
2505 4145 2788 4202 Θεοτόκον.
2811 4145 3007 4216 Κὺριε,
3033 4145 3333 4215 πρεσϐείας
3361 4148 3531 4218 αὐτῆς
3548 4149 3649 4218 τὴν

2065 4239 2288 4310 εἰρήνην
2317 4256 2410 4292 σου
2442 4238 2725 4309 παράσχου
2761 4240 2914 4308 ἡμῖν,
2945 4239 3040 4294 καί⁵
3074 4239 3133 4292 τὸ
3154 4238 3301 4309 μέγα
3331 4238 3502 4303 ἔλεος.

2811 4408 2888 4465 Β’.

2235 4503 2340 4566 Εἰς
2369 4507 2474 4556 τύν
2515 4501 2806 4568 Ἰωάννην
2842 4503 2949 4555 τὸν
2985 4504 3435 4573 Χρυσόστομον.

2131 4617 2400 4688 Χρυσέοις
2425 4614 2604 4680 λόγοις
2632 4631 2728 4667 σου
2753 4617 2788 4684 ή
2823 4615 3146 4686 Ἐκκλησία,
3175 4616 3250 4680 ὡς
3276 4617 3482 4688 κόσμον
3515 4636 3650 4690 χρυ-

2062 4707 2190 4761 σοῦν
2219 4705 2715 4776 περικοσμηθεῖσα,
2762 4705 2984 4776 Ἰωάννη
3019 4708 3401 4777 Χρυσόστομε,
3438 4727 3650 4778 νυμφι-

2059 4799 2170 4862 κῶς
2193 4799 2462 4869 χαίρουσα
2487 4796 2588 4867 βοᾷ
2609 4813 2724 4851 σοι·
2744 4798 3092 4867 Κεκόρεσμαι
3119 4801 3184 4850 ὲκ
3207 4798 3317 4850 σῶν
3339 4818 3369 4868 χ
3379 4800 3649 4872 ρυσοϐρύ-

2057 4905 2166 4942 των
2239 4888 2529 4959 ναμάτων·
2591 4888 3056 4955 καταγλαῖσθεῖσα
3114 4891 3491 4959 χρυσοφαέσι,
3555 4894 3648 4944 καὶ

2065 4979 2413 5049 μελιχρύσοις
2442 4978 2704 5048 πόμασιν.
2746 4979 2843 5032 Ἐκ
2872 4979 3122 5049 πράξεως
3147 4981 3254 5050 γὰρ
3290 4984 3370 5044 εἰς
3409 4981 3650 5054 θεωρίαν

2060 5073 2289 5142 ἄγομαι,
2313 5071 2401 5123 διὰ
2429 5070 2538 5122 τῶν
2567 5069 2785 5138 πραέων
2818 5085 2916 5122 σου
2945 5071 3321 5139 παραινέσεων
3341 5088 3355 5101 ·
3387 5074 3486 5125 καὶ
3511 5075 3652 5144 πρὸς

2060 5163 2407 5233 Χριστὸντδν
2430 5161 2618 5230 νοητὸν
2649 5161 2881 5230 νυμφίον
2903 5161 3127 5229 ὲνοῡμαι
3165 5163 3653 5231 συμϐασιλεύουσα

2061 5254 2229 5324 αὐτῷ.
2266 5253 2356 5306 Διὸ
2387 5253 2481 5305 καί
2528 5253 2688 5320 ἡμεῖς
2735 5250 3220 5322 συναθροισθέντες
3253 5255 3312 5306 ὲν
3344 5257 3410 5324 τῇ
3453 5257 3648 5330 μνήμῃ

2067 5364 2160 5401 σου
2190 5345 2469 5416 κράζομεν
2491 5358 2504 5373 °
2537 5343 2629 5414 Μὴ
2669 5343 2963 5413 ἀποκάμῃς
3011 5341 3267 5412 δεόμενος
3310 5345 3455 5418 ὑπὲρ
3492 5349 3654 5419 ήμῶν

2066 5440 2203 5512 πρὸς
2238 5438 2465 5506 Κύριον,
2495 5434 2588 5490 τοῦ
2616 5436 2854 5505 σωθῆναι
2887 5436 2987 5498 τὰς
3025 5433 3206 5505 ψυχὰς
3243 5437 3424 5509 ήμῶν.
