4158 6348
404 368 470 434 13
1879 371 2189 432 NOTITIA
3592 362 3658 426 14

407 499 731 556 llnmlredus
773 495 956 571 ilody,
985 509 1042 552 ut
1081 502 1280 556 dictum
1309 515 1338 554 a
1370 515 1456 556 me
1495 510 1578 556 est
1612 499 1706 554 lib.
1744 512 1815 565 tv,
1850 513 1970 566 cap.
1996 497 2050 563 5,
2084 511 2205 565 pag.
2247 493 2373 549 225.
2404 492 2481 548 De
2516 491 2704 548 codice
2751 492 2843 548 illo
2887 491 3136 559 lenensl,
3184 509 3292 564 quo
3349 493 3478 549 olim
3519 510 3651 549 nsus

419 589 792 651 Caua-rarius,
829 589 950 641 vide
986 585 1070 641 Jo.
1106 589 1336 642 Andreae
1367 588 1512 642 Bosii
1541 590 1607 640 ad
1634 585 1947 642 Reinesium
1976 584 2234 653 epistolas
2261 598 2393 653 pag.
2422 581 2551 646 561,
2585 581 2710 635 562.
3541 573 3555 600 ’

475 677 527 729 5.
571 675 840 740 Confessio
879 675 1004 742 ﬁdei
1039 675 1107 726 ad
1148 673 1365 728 Leonem
1393 673 1486 729 III
1524 691 1732 742 papam,
1789 672 1978 727 Latine
2005 686 2073 725 ex
2132 671 2300 725 veteri
2343 669 2831 735 interpretatione,
2862 683 2980 736 qua:
3022 668 3299 723 Anastasii
3359 667 3659 720 Bibliothe-

407 760 536 817 carii
567 775 686 813 csse
711 769 927 827 putatur
952 800 966 822 ,
989 759 1202 827 vulgata
1231 775 1258 812 a
1293 758 1527 813 Barouio
1556 761 1608 813 in
1643 759 1835 810 Annal.
1874 758 1939 809 ad
1968 771 2058 810 an.
2094 757 2158 810 Ο.
2185 756 2310 818 811,
2345 771 2398 808 n.
2428 755 2619 809 20-43.
2655 754 2760 809 Sed
2789 754 2966 809 versio
3001 757 3054 807 in
3087 755 3218 810 edit.
3251 754 3657 809 Graeco-Latina

407 846 836 901 Coinmcliuiana
877 847 1021 898 inter
1060 847 1191 909 Acta
1221 847 1415 914 synodi
1450 847 1742 914 Ephesinae
1776 853 1859 898 est
1889 843 2156 897 Theodori
2202 843 2407 897 Peltani
2441 841 2499 895 S.
2528 841 2580 895 .l.
2613 841 2956 908 lleidelberg.
3002 842 3174 906 1591,
3218 841 3312 896 l'ol.
3344 858 3459 912 pag.
3502 843 3608 896 342
3640 859 3656 907 ;

419 932 542 986 Lat.
578 944 631 986 et
661 933 835 985 Graec.
872 949 924 998 p.
955 933 1082 995 303,
1119 933 1252 986 ibid.
1290 934 1450 995 1604,
1483 932 1576 985 fol.
1607 931 1741 986 Cum
1777 932 1964 985 eadem
1991 929 2199 984 Peltani
2235 929 2482 983 versione
2513 927 2713 997 legitur
2744 939 2866 996 post
2897 927 2995 981 Jo.
3027 927 3251 982 Zonarzc
3289 929 3657 982 Conuucntar.

408 1022 461 1074 in
509 1035 745 1072 canones
793 1020 1076 1072 COIIClIIOI'.
1126 1020 1303 1074 Paris.
1358 1021 1492 1074 1618
1513 1059 1528 1085 ,
1577 1020 1672 1073 fol.
1724 1035 1847 1087 pag.
1880 1018 1984 1071 760
2011 1035 2026 1071 :
2055 1028 2109 1071 et
2137 1017 2188 1071 in
2217 1018 2552 1072 Collectioue
2574 1017 2858 1069 concilior.
2887 1015 3197 1080 Labbeana,
3223 1027 3359 1071 tom.
3394 1015 3501 1079 VII.
3533 1033 3658 1086 pag.

410 1106 568 1160 1205.
606 1106 782 1159 Faan.
822 1117 876 1159 et
908 1105 1170 1158 llarduini
1218 1116 1346 1160 tom.
1390 1106 1480 1171 ιν,
1521 1121 1572 1176 p.
1623 1106 1749 1166 978,
1795 1104 2000 1158 Grmcis
2043 1104 2330 1174 utrobique
2381 1119 2445 1157 ex
2475 1103 2735 1173 praeclaro
2773 1105 2895 1158 cod.
2948 1105 3305 1172 Seguieriano
3359 1101 3661 1172 castigatis.

409 1193 658 1246 Veterem
696 1191 812 1245 Lat.
867 1192 1174 1245 versionem
1214 1194 1279 1244 ad
1311 1191 1608 1245 Baronium
1665 1191 1814 1244 misit
1859 1190 2062 1246 Fronto
2087 1193 2345 1257 Dircaeus,
2391 1192 2719 1260 descriptam
2751 1206 2817 1246 ex
2849 1207 3042 1260 inagno
3087 1193 3272 1247 codice
3307 1194 3663 1246 conciliorum

411 1300 540 1336 mss.
577 1281 705 1334 bibi.
736 1281 1126 1334 catmuirorttm
1164 1282 1418 1336 Ecclesiae
1445 1282 1805 1337 Virdunensis
1850 1280 1903 1333 in
1948 1279 2336 1346 Lotbaringia,
2381 1293 2614 1346 eamque
2665 1279 2810 1330 dedit
2867 1279 3131 1332 Duronius
3179 1280 3231 1332 in
3265 1281 3461 1332 Annal.
3502 1280 3539 1332 l.
3574 1295 3627 1333 c.

477 1367 529 1424 6.
564 1367 884 1435 Νικηφόρου
919 1367 1258 1436 ὀμολογητοῦ
1297 1367 1532 1421 Conone:
1589 1367 1939 1420 ecclesiastici
1973 1363 2111 1418 XVI

2039 1363 2146 1417 VII
2191 1368 2243 1418 in
2275 1365 2411 1420 libro
2462 1367 2704 1419 secundo
2740 1362 2888 1418 Juris
2919 1364 3211 1419 Orientalis
3240 1366 3308 1419 ab
3363 1366 3666 1418 Enimuudo

411 1453 688 1510 Bonelidio
716 1452 891 1506 Paris.
932 1453 1091 1514 1585.
1123 1455 1177 1518 8,
1214 1454 1368 1518 editi,
1395 1470 1512 1522 pag.
1551 1455 1636 1518 18,
1672 1453 1847 1507 Graec.
1879 1464 1933 1507 et
1967 1453 2110 1519 Lat.,
2141 1471 2193 1524 p.
2226 1456 2352 1510 105.
2415 1458 2588 1523 Atque
2626 1457 2676 1508 in
2715 1455 2915 1509 Graeco
2937 1454 3125 1509 Latina
3198 1454 3370 1524 Marq.
3440 1455 3664 1510 Freberi

412 1543 651 1600 editione
686 1539 938 1594 Fraucoi‘.
973 1538 1132 1604 1596,
1173 1540 1265 1594 fol.
1304 1556 1356 1608 p.
1390 1542 1489 1596 195
1519 1556 1634 1609 seq.
1674 1552 1784 1594 tum
1817 1553 1950 1595 tom.
1992 1539 2079 1595 Vll
2113 1545 2406 1598 Concilior.
2461 1542 2660 1596 Labbci
2699 1560 2752 1609 p.
2787 1543 2923 1597 1297
2955 1555 3009 1596 et
3041 1542 3231 1596 Latine
3267 1544 3317 1596 iu
3355 1544 3666 1612 Appendicc

413 1631 478 1684 ad
508 1628 649 1686 bibl.
694 1626 918 1682 Patrum
950 1628 1129 1683 Paris.
1169 1629 1340 1693 1579;
1365 1638 1419 1684 et
1449 1639 1593 1683 tomo
1638 1627 1705 1682 Ἦ
1739 1630 1870 1684 edit.
1907 1628 2081 1685 Paris.
2117 1630 2274 1684 1654.
2311 1627 2486 1700 [Add.
2513 1629 2633 1682 Cat.
2666 1630 2725 1682 Β.
2756 1629 2906 1683 Leid.
2937 1647 2988 1697 p.
3019 1630 3127 1692 59;
3159 1638 3340 1682 exstat
3369 1645 3586 1698 quoque
3615 1632 3667 1682 in

415 1718 610 1776 concil.
644 1718 731 1770 ed.
769 1716 903 1783 Reg.
940 1726 1070 1770 tom.
1109 1715 1229 1781 XX,
1262 1717 1459 1772 Labbei
1515 1727 1648 1771 tom.
1685 1715 1796 1779 γιι,
1826 1728 1878 1769 et
1909 1716 2174 1771 llardttiui
2221 1727 2350 1770 tom.
2389 1714 2476 1770 IV.
2524 1715 2586 1767 V.
2626 1717 2765 1769 infra
2801 1716 2895 1770 lib.
2933 1715 3022 1781 Vl,
3059 1734 3111 1786 ι).
3146 1717 3272 1782 519,
3306 1717 3409 1770 vol.
3452 1717 3543 1781 XI,
3577 1719 3665 1769 ed.

417 1814 523 1860 vet.
557 1804 647 1860 ubi
681 1819 896 1872 quoque
931 1806 997 1856 de
1031 1804 1229 1858 concil.
1275 1803 1436 1858 CPol.
1466 1819 1492 1857 a
1529 1802 1646 1857 Nic.
1697 1802 1853 1857 CPol.
1895 1814 2230 1873 congregato
2256 1813 2310 1857 et
2340 1804 2551 1872 synodo
2582 1801 2740 1856 CPol.
2776 1803 2827 1854 in
2857 1818 2962 1871 qua
2995 1801 3285 1871 Niccplior.
3323 1814 3407 1855 est
3453 1803 3672 1870 deposi-

423 1903 527 1952 tus.
564 1890 673 1961 -—|
717 1891 990 1946 Caeterum
1044 1891 1186 1961 opud
1235 1891 1528 1954 Zonaram,
1573 1895 1662 1948 ubi
1702 1893 1820 1946 illos
1863 1904 2082 1946 exstare
2123 1891 2312 1945 scribit
2356 1893 2588 1954 Caveus,
2623 1902 2678 1944 et
2705 1893 2794 1959 qui
2827 1890 3146 1959 Catalogum
3191 1889 3322 1943 bibl.
3362 1888 3670 1942 Barberina‘

427 1979 799 2042 roncinuavit,
857 1980 1097 2045 reperire
1129 1979 1268 2032 haud
1299 1981 1468 2047 potui.
1502 1980 1579 2032 Ex
1613 1981 1695 2032 bis
1721 1979 1778 2041 2,
1810 1980 1862 2041 3,
1891 1980 1945 2044 4,
1973 1980 2028 2043 9,
2064 1978 2131 2031 12
2161 1988 2213 2032 et
2248 1978 2330 2040 16,
2365 1992 2468 2030 non
2502 1988 2817 2044 comparent
2847 1976 2990 2029 inter
3023 1989 3262 2029 canones
3292 1975 3412 2029 illos
3440 1975 3508 2028 57
3534 1988 3669 2042 (ιιιος

422 2065 609 2120 (ιῐωςε
640 2075 694 2116 et
734 2064 926 2118 Latine
962 2066 1132 2120 edidit
1181 2066 1506 2126 Cotelerius,
1551 2077 1678 2119 tom.
1730 2065 1792 2117 Ill
1827 2065 2154 2120 Monument.
2195 2066 2397 2119 Eccles.
2445 2063 2665 2125 Gra'cce,
2697 2079 2816 2132 pag.
2857 2063 2964 2116 445
3011 2078 3164 2130 seq.;
3195 2081 3222 2114 τι
3255 2079 3362 2131 quo
3412 2080 3532 2131 pag.
3562 2063 3660 2116 451

424 2167 542 2221 seq.
581 2151 718 2202 alius
773 2153 950 2204 adhuc
989 2167 1180 2205 novem
1226 2152 1498 2216 διατάξεις
1544 2153 2011 2222 summatm;
2047 2168 2066 2219 ι

2047 2151 2349 2219 publicatas
2389 2151 2558 2203 babes
2588 2164 2654 2202 ex
2682 2149 3021 2210 collectione,
3059 2163 3179 2216 qua:
3211 2148 3671 2216 complectebatur

425 2253 665 2290 taliones
698 2237 786 2289 76.
838 2236 971 2288 Nam
1007 2247 1060 2290 et
1093 2237 1324 2290 Michael
1364 2237 1582 2306 Glycas,
1636 2255 1756 2308 pag.
1801 2239 1928 2304 294,
1965 2239 2476 2308 quinquagesimum
2511 2237 2745 2306 primum
2801 2231 3008 2299 laudat,
3041 2246 3095 2289 et
3126 2235 3420 2302 Coteierio,
3457 2251 3509 2304 p.
3543 2236 3669 2297 652,

425 2323 780 2399 observante.
807 2323 874 2375 ab
905 2322 1027 2376 aliis
1054 2323 1256 2390 plures,
1283 2326 1350 2376 ab
1379 2326 1504 2378 aliis
1539 2327 1824 2394 pauciores
1855 2326 1988 2379 clari
2028 2325 2172 2379 illius
2197 2322 2522 2392 patriarchae
2553 2337 2616 2375 ac
2646 2321 3000 2384 confessoris,
3035 2336 3142 2390 quo
3176 2322 3309 2390 ipsis
3341 2324 3514 2375 visum
3551 2324 3673 2389 fuit,

425 2411 618 2464 ordine
649 2424 712 2459 ac
745 2409 906 2461 modo
937 2409 1116 2477 colligi
1152 2425 1392 2463 canones
1436 2414 1684 2480 contigit.
1718 2413 1901 2465 Eidem
1934 2415 2098 2466 etiam
2115 2411 2408 2480 ﬁotelerio
2453 2410 2712 2462 debemus
2744 2425 2796 2476 p.
2841 2408 3087 2462 453-463
3128 2426 3139 2460 :
3177 2409 3470 2477 Epistolam
3519 2409 3676 2464 Nice-

425 2495 606 2568 phori,
640 2493 1018 2560 Responsiones
1049 2497 1118 2548 ad
1166 2498 1227 2550 17
1261 2500 1458 2564 capita,
1491 2500 1558 2553 ab
1592 2499 1799 2552 Hilario
1829 2487 1887 2554 ei
1915 2500 2190 2554 Eustratio
2224 2499 2524 2568 proposita,
2563 2497 2924 2565 complexam.
2969 2494 3363 2564 Expositionem
3408 2497 3532 2558 ﬁdei
3572 2515 3674 2554 me.

419 2593 686 2638 memorat
713 2580 960 2635 La‘obeus
994 2581 1134 2635 Bibl.
1165 2600 1284 2636 nov.
1313 2601 1436 2638 nisa.
1465 2600 1587 2653 pag.
1617 2586 1705 2641 88.
1735 2585 1898 2640 Faas.
1928 2615 1996 2626 -—
2031 2586 2304 2653 Expositio
2331 2585 2456 2652 ﬁdei
2481 2593 2562 2638 est
2593 2587 2644 2636 in
2675 2585 2796 2638 cod.
2825 2581 2952 2648 887,
2988 2599 3042 2639 η.
3073 2582 3125 2637 6.
3155 2583 3284 2638 bibl.
3320 2585 3466 2654 publ.
3502 2583 3676 2640 Paris.

419 2698 491 2714 α-
525 2671 644 2725 Nic.
683 2670 921 2738 Epistola
957 2672 1022 2722 ad
1070 2669 1306 2725 Leonem
1342 2687 1531 2742 papam
1567 2675 1720 2728 Rom.
1763 2676 1817 2729 in
1859 2677 1981 2730 cod.
2014 2673 2082 2727 32
2108 2671 2332 2727 Coislin.
2383 2681 2548 2738 atque
2588 2669 2956 2724 Monti‘aucon.
2997 2670 3048 2723 iu
3082 2669 3220 2724 Bibl.
3273 2670 3462 2736 (ἰοῦσι,
3497 2688 3549 2741 p.
3585 2674 3676 2734 85,

423 2752 668 2824 adnotat,
697 2769 973 2826 postremo
1002 2759 1146 2812 illam
1169 2775 1233 2812 ex
1265 2761 1368 2815 hoc
1384 2763 1575 2816 codice
1604 2765 1948 2816 emendatam
1975 2776 2097 2816 esse
2122 2769 2176 2815 ct
2203 2760 2531 2814 illustratam
2568 2759 2620 2811 in
2653 2758 2984 2812 Coilectione
3019 2759 3395 2823 conciliorum,
3431 2769 3682 2814 monente

426 2844 664 2910 Labbeo,
696 2857 825 2900 tom.
855 2845 968 2907 Vll,
1001 2862 1054 2916 p.
1086 2847 1244 2902 1205.
1270 2877 1339 2888 —
1370 2847 1427 2902 in
1460 2851 1581 2902 cod.
1614 2849 1842 2904 Coislin.
1877 2849 1968 2902 36.
2001 2848 2095 2902 fol.
2128 2848 2224 2902 ult.
2253 2859 2341 2902 est
2375 2862 2550 2902 canon
2584 2845 2923 2916 Niceph.-De
2946 2847 3154 2914 jejunio
3183 2848 3583 2901 monachorum.
3606 2877 3680 2890 —-

429 2933 487 2986 ιιι
517 2936 636 2988 cod.
669 2933 767 2988 211
811 2934 902 2988 l’oi.
932 2936 1036 2988 312
1098 2951 1214 3004 seq.
1262 2935 1491 3006 Niceph.
1526 2937 1621 2991 Ἐκ
1661 2937 1766 2990 τῶν
1797 2938 2064 3005 ἐκκλησια

2041 2934 2272 2989 ιστικῶν
2321 2933 2490 2987 αὑτοῦ
2549 2933 2861 2996 συντάξεων
2904 2934 3001 2986 καὶ
3039 2933 3148 2986 τῶν
3187 2936 3284 2987 σὺν
3328 2934 3476 3004 αὐτῷ
3509 2934 3683 3003 ἁγίων

435 3021 720 3092 Πατέρων,
763 3021 882 3074 XVI
923 3023 1222 3076 absolvitur
1272 3024 1537 3078 articulis.
1570 3055 1640 3064 --
1672 3024 1923 3092 Ejusdem
1957 3023 2077 3092 Σύμ

2041 3023 2238 3092 μϐολον
2276 3021 2509 3084 πίστεως
2539 3020 2628 3074 διὰ
2666 3022 2980 3088 κεφαλαίων
3017 3020 3102 3091 ιβ’.
3139 3053 3207 3062 -
3243 3023 3494 3090 Ejusdem
3525 3024 3683 3077 Dill'e-

435 3112 607 3163 rentia
646 3109 790 3162 inter
844 3109 1132 3178 imaginem
1163 3120 1216 3162 ot
1245 3125 1462 3164 crucem
1494 3110 1720 3175 Christi,
1762 3111 2085 3182 syllogismis
2125 3111 2335 3162 decem.
2368 3138 2439 3148 —
2471 3107 2550 3161 Ex
2582 3108 2812 3176 epistola
2858 3108 3084 3178 Niccpb.
3118 3111 3182 3163 ad
3219 3107 3451 3163 Leonem
3491 3128 3680 3179 papam

436 3196 590 3250 Rom.
628 3226 699 3237 —-
731 3195 785 3248 in
819 3196 942 3248 cod.
985 3197 1117 3250 363.
1158 3199 1248 3266 qui
1281 3201 1525 3252 continet
1579 3198 1966 3253 Collectionem
2020 3195 2376 3249 conciliorum
2432 3195 2830 3258 brevissimam,
2883 3196 2984 3248 sub
3044 3195 3204 3248 linem
3263 3195 3566 3264 fragmenta
3616 3212 3679 3251 ex

433 3283 742 3352 Nicephoro
787 3285 1117 3354 patriarcha,
1163 3295 1300 3340 teste
1330 3286 1628 3342 Montfauc.
1656 3286 1692 3340 l.
1725 3303 1778 3342 c.
1811 3301 1932 3356 pag.
1973 3283 2095 3348 103,
2128 3280 2233 3335 269
2257 3291 2311 3336 et
2337 3279 2462 3336 563.
2494 3309 2562 3320 —
2588 3279 2644 3334 ln
2671 3279 2796 3335 cod.
2828 3281 2898 3335 52
2935 3283 3126 3352 syuotl.
3164 3281 3476 3351 Mosqttetts.
3501 3301 3555 3336 ιι.
3589 3283 3681 3343 55.

430 3369 658 3440 Niceplt.
716 3383 953 3425 canones
993 3361 1087 3424 Ἐκ
1131 3371 1238 3424 τῶν
1286 3373 1765 3442 ἐκκλησιαστεκῶν
1797 3373 1988 3426 τούτου
2042 3369 2352 3435 συντάξεων
2405 3370 2500 3423 καὶ
2538 3370 2644 3422 τῶν
2695 3371 2794 3423 σὺν
2841 3370 2992 3440 αὑτῷ
3036 3371 3208 3439 ἁγίων
3257 3371 3516 3442 Πατέρων
3557 3375 3687 3442 περὶ

428 3458 706 3528 διαφόρων
752 3458 1065 3526 κεφαλαίων
1087 3473 1101 3487 °
1133 3469 1189 3514 et
1216 3476 1271 3514 n.
1305 3461 1395 3525 56,
1423 3476 1490 3516 ex
1520 3461 1641 3516 aliis
1673 3461 1912 3526 ejusdem
1942 3474 2070 3514 cano

2095 3459 2262 3524 tibus,
2303 3459 2464 3512 Ἤτοι
2501 3459 2580 3522 εις
2616 3458 2715 3526 τὰς
2755 3459 3208 3529 ἐπιγραφομένας
3243 3461 3516 3526 διατάξεις
3575 3463 3683 3513 τῶν
3735 3519 3737 3522 ,

430 3541 602 3612 ἁγίων
637 3545 952 3597 ἀποστόλων
977 3559 993 3578 ο
1029 3554 1167 3599 teste
1213 3545 1316 3600 cel.
1349 3546 1584 3600 Mattbaei
1620 3548 1671 3600 in
1708 3545 1910 3600 Notitia
1956 3545 2116 3606 codd.
2155 3560 2292 3600 mss.
2351 3544 2446 3600 Gr.
2490 3545 2738 3600 biblioth.
2790 3547 3103 3615 Mosquens.
3137 3547 3196 3602 S.
3231 3552 3447 3620 synodi,
3486 3566 3536 3617 p.
3585 3550 3673 3603 54.

431 3658 502 3670 --
527 3629 584 3683 1n
622 3631 780 3683 codd.
813 3631 946 3686 bibl.
1001 3632 1150 3700 publ.
1200 3633 1376 3687 Paris.
1417 3644 1548 3687 sunt
1602 3633 1845 3687 Conone:
1877 3631 2104 3700 Niceplt.
2139 3633 2194 3687 in
2224 3633 2348 3688 cod.
2385 3630 2544 3686 1151.
2601 3649 2657 3687 n.
2689 3633 2756 3699 2;
2791 3634 2952 3698 1259,
2992 3651 3047 3688 n.
3079 3635 3180 3700 11;
3228 3651 3422 3690 canon.
3475 3638 3683 3692 Ecclcs.

436 3720 658 3786 triginta
690 3728 919 3786 septem.
953 3747 1022 3758 —
1055 3718 1110 3772 In
1141 3721 1262 3774 cod.
1290 3721 1452 3788 1337,
1485 3719 1606 3774 Nic.
1636 3720 1971 3777 confessoris
1993 3729 2229 3776 canones
2254 3720 2346 3773 27.
2375 3748 2448 3759 —
2477 3718 2533 3773 In
2561 3721 2686 3776 cod.
2715 3721 2876 3786 1559,
2905 3737 2958 3774 n.
2987 3722 3040 3786 3,‘
3080 3737 3203 3776 can.
3237 3723 3326 3777 36.
3363 3753 3432 3764 —
3465 3723 3524 3776 ln
3557 3727 3681 3779 cod.

438 3804 600 3868 1342,
641 3820 694 3856 n.
725 3805 1042 3866 4,cauoues
1070 3822 1134 3859 ex
1165 3807 1309 3861 illius
1335 3807 1828 3860 Constitutionibns
1860 3807 2234 3871 excerpti;——
2276 3806 2328 3858 in
2354 3807 2475 3860 cod.
2529 3807 2690 3871 1374,
2744 3825 2798 3861 η.
2841 3808 2896 3869 4,
2939 3824 3197 3872 canones,
3224 3820 3279 3863 et
3320 3810 3373 3863 in
3423 3813 3544 3864 cod.
3597 3825 3686 3863 se-

438 3890 627 3958 quenti
680 3907 734 3942 n.
769 3889 826 3955 8,
873 3905 1116 3944 canones
1147 3891 1239 3944 35.
1277 3919 1342 3929 -—
1374 3892 1430 3942 In
1467 3893 1588 3943 cod.
1648 3889 1750 3944 165
1790 3887 1928 3941 Bibl.
1965 3887 2123 3944 elect.
2175 3889 2370 3942 Bavar.
2401 3890 2628 3960 Nicepb.
2666 3908 2900 3946 canones
2954 3909 3065 3950 sec.
3091 3895 3265 3948 Catal.
3302 3898 3460 3950 codd.
3499 3897 3592 3951 Gr.
3625 3897 3685 3950 P.

439 3975 531 4035 63.
558 3975 706 4027 -ιιι
734 3979 855 4031 cod.
885 3977 1086 4030 Caesar.
1135 3976 1366 4031 Vindob.
1405 3977 1512 4031 283
1537 4016 1552 4042 ,
1604 3995 1657 4032 n.
1691 3978 1760 4045 3f,
1808 3984 2060 4044 excerpta
2107 3991 2171 4030 ex
2203 3975 2488 4053 Nicephori
2529 3987 2582 4030 et
2626 3977 2847 4031 Patrum
2901 3995 3025 4032 cum
3074 3981 3190 4048 ipso
3240 3995 3686 4053 congregatorum

436 4060 936 4120 Constitutiouibus
979 4065 1285 4120 ecclesiast.
1337 4065 1612 4137 (Lau'tbec.
1660 4066 1872 4120 Comm.
1904 4065 2014 4121 vol.
2055 4060 2117 4127 V,
2157 4077 2210 4131 p.
2254 4052 2402 4132 475).
2439 4092 2509 4102 -—
2563 4063 2619 4116 In
2660 4067 2780 4120 cod.
2825 4065 2918 4131 45,
2958 4081 3013 4120 n.
3073 4067 3163 4130 66,
3225 4082 3400 4123 canon
3455 4052 3684 4140 quintus

439 4151 509 4204 de
575 4149 917 4204 hebdomade
972 4151 1446 4220 quinquagesima.
1505 4151 1785 4221 (Lambec.
1835 4149 1972 4217 Vill,
2031 4166 2083 4219 p.
2135 4148 2285 4220 948.)
2323 4179 2388 4191 -—
2422 4148 2480 4203 In
2532 4151 2655 4205 cod.
2705 4152 2795 4214 51,
2864 4170 2918 4207 ιι.
2968 4154 3057 4220 15,
3104 4170 3340 4210 canones
3392 4157 3462 4212 36
3515 4159 3686 4221 ct18.

436 4236 668 4303 Nicepb.
705 4234 993 4292 Observat.
1027 4247 1080 4291 et
1113 4238 1548 4294 Constitutiones
1589 4240 1867 4294 canonica:
1897 4239 1963 4292 de
1986 4238 2150 4290 variis
2187 4237 2543 4306 argmneutis.
2577 4238 2790 4306 (Lamb.
2823 4241 2956 4295 ibid.
2987 4244 3070 4295 col
3104 4241 3208 4296 989
3238 4255 3291 4298 et
3325 4244 3477 4314 993).
3514 4276 3584 4287 —
3633 4248 3688 4301 lu

435 4323 557 4380 cod.
589 4322 680 4386 52,
710 4339 765 4396 ιι.
802 4323 855 4384 5,
887 4336 938 4377 et
969 4325 1090 4379 cod.
1123 4325 1212 4389 55,
1245 4344 1298 4380 ιι.
1332 4327 1382 4392 5,
1417 4342 1653 4381 canones
1701 4325 1836 4381 eccl.
1874 4325 1943 4379 56
1968 4323 2246 4394 (Lambec.
2280 4324 2410 4380 ibid.
2445 4326 2548 4379 col.
2579 4325 2712 4379 1001
2744 4336 2798 4380 et
2824 4326 3005 4399 1006).
3032 4358 3100 4370 —
3131 4327 3186 4382 1n
3225 4333 3415 4399 prunis
3467 4333 3692 4387 laudan-

437 4414 536 4462 dus
563 4421 646 4462 est
677 4409 796 4463 cod.
841 4408 1145 4466 Vindobon.
1175 4413 1264 4476 45,
1301 4415 1352 4467 in
1383 4430 1490 4482 quo
1515 4424 1640 4468 sunt
1676 4413 1794 4467 Nic.
1823 4412 2070 4467 (Iunones
2110 4413 2246 4467 eccl.
2279 4428 2370 4468 sex
2400 4423 2454 4467 et
2487 4418 2792 4486 sexaginta,
2841 4429 2896 4472 et
2942 4434 3102 4487 quem
3156 4421 3260 4473 late
3289 4423 3688 4495 diligenterque

436 4495 693 4550 describit
742 4498 1018 4553 Kollarius
1051 4500 1102 4553 in
1135 4499 1412 4570 Supplem.
1474 4503 1494 4554 1
1535 4502 1600 4554 ad
1633 4499 1907 4555 Latnbecii
1957 4497 2167 4554 Comm.
2213 4514 2337 4566 pag.
2381 4501 2479 4556 321
2529 4517 2685 4571 seqq.
2745 4503 2833 4557 Ille
2896 4506 2963 4558 de
3005 4505 3316 4574 Nicepltoro
3382 4515 3689 4578 patriarcha

437 4607 774 4690 nographta"
793 4607 1198 4690 compendiaria
1248 4615 1316 4666 ab
1351 4614 1484 4667 orbe
1535 4614 1795 4690 condito,_
1817 4623 2009 4678 eaque.
2120 4612 2191 4690 sit
2221 4613 2534 4690 hujnsmoili
2560 4615 2904 4680 opusculum,
2939 4615 3204 4690 incertum
3237 4637 3454 4690 (pioque
3477 4625 3692 4679 videtur

438 4679 554 4730 sive
589 4679 774 4755 verba,
808 4679 922 4732 sive
968 4696 1332 4755 numerorum
1355 4694 1534 4745 notas,
1577 4687 1691 4755 sive
1717 4685 1889 4755 etiam
1926 4693 2012 4733 re-
2119 4679 2311 4755 lriarto
2347 4697 2400 4755 ρ.
2431 4682 2556 4755 483,
2586 4679 2747 4751 atque
2773 4679 3022 4740 monetio
3057 4679 3380 4755 Nesseb'ano'
3403 4696 3530 4748 bibl.
3568 4694 3692 4746 Viu-

440 4758 559 4796 rum
612 4748 858 4828 ordinem
895 4756 1130 4828 spectes,
1161 4751 1411 4828 ab_editis
1442 4764 1524 4828 est
1570 4753 1764 4828 alicubi
1802 4754 2010 4828 discrc-
2118 4752 2314 4806 doboo.
2347 4748 2534 4805 'Catal.
2587 4748 2807 4828 partui,
2837 4771 2956 4828 pag.
3005 4748 3130 4822 2‘30,
3179 4762 3299 4820 cod.
3350 4763 3473 4823 153,
3509 4781 3560 4816 ιι.
3600 4767 3687 4828 11,

438 4828 602 4901 pons.
622 4823 674 4901 et
703 4817 948 4901 plurimis
979 4819 1112 4900 locis
1141 4821 1308 4875 multo
1331 4817 1544 4889 plenior
1571 4839 1633 4877 ac
1658 4823 2006 4901 locupletior;
2115 4835 2418 4901 occurrere.
2451 4817 2666 4901 quoque
2712 4817 2940 4901 similem
2984 4817 3252 4898 anonymi'
3279 4817 3684 4901 στιχοελετρίανξ

439 4886 672 4966 accedit,
715 4887 1143 4966 quodnmaxima
1196 4883 1382 4966 eorum
1435 4907 1581 4966 pars,
1617 4883 1832 4966 quaeea
1865 4894 2009 4944 Ana-
2117 4892 2335 4966 Singula
2370 4883 2593 4966 uberius
2611 4896 2852 4966 explicat
2883 4896 3049 4959 idem,
3079 4883 3152 4960 et:
3186 4915 3304 4966 quae
3336 4883 3687 4956 «ιέιιὲει-είιῖιέέιὶ

438 4955 607 5040 stasio
640 4957 849 5033 supplet
871 4954 930 5010 Ρ.
961 4953 1124 5038 Goar,
1157 4974 1222 5012 ex
1249 4953 1848 5040 Grmcobujusicodicis
1881 4977 2010 5040 con-

2116 4953 2358 5040 editioue
2390 4964 2553 5040 ‘regia
2597 4953 2781 5040 Paris.
2816 4953 3078 5040 adnotat.
3128 4953 3264 5040 Ᾰς1ἰ1.
3301 4973 3364 5026 de
3400 4953 3683 5040 Nicepboii

440 5031 587 5102 textu
624 5028 826 5102 pariter
868 5028 1190 5102 restituitur.
1244 5028 1686 5102 Cbronographia
1719 5033 1920 5086 desinit
1953 5033 2004 5085 in
2115 5031 2454 5100 aliorumque
2472 5028 2878 5092 wsticitometriis
2912 5035 3146 5090 Natbau.
3177 5038 3420 5094 Larduer
3451 5048 3500 5094 in
3531 5028 3551 5094 ’τ
3582 5041 3687 5094 The

441 5089 666 5175 Basilo
699 5091 988 5175 biticetltitte
1009 5137 1023 5150 .
1067 5089 1494 5175 Constantinus"
1519 5089 1712 5175 autem
1750 5102 2003 5175 Lascaris
2111 5089 2404 5175 credibilin
2432 5103 2486 5170 of
2516 5104 2606 5175 the
2633 5090 2826 5171 ‘Gospel
2854 5103 3088 5161 Hiaiorie
3108 5089 3270 5171 ,ieic.‘
3539 5089 3688 5164 1.7.61

438 5165 674 5213 attexuit
708 5165 892 5238 Basilii
937 5181 1313 5231 successorum
1359 5173 1554 5225 seriem
1587 5176 1652 5225 ad
1681 5173 2020 5227 Constanti-»
2109 5175 2220 5224 diu.
2283 5165 2535 5238 1754,11.
2580 5171 2646 5236 8;
2699 5165 2791 5225 aut
2840 5165 3132 5230 secundum
3198 5165 3514 5234 versionem
3549 5181 3682 5234 Dan.

441 5233 914 5320 {lilﬂlullsﬂwlug
961 5238 1286 5320 cuinhh'revi
1361 5245 1781 5320 expugnationis
1842 5245 1994 5320 urbis
2109 5233 2526 5320 BruhnnGerm.
2558 5233 2654 5294 Die
2713 5243 3389 5320 Glaudtonrdigkeitender
3418 5233 3682 5320 ρυῖιιιρείό-

441 5310 1593 5388 suae-queAipsiusncaptivitatis‘narratiooe.
1631 5312 1885 5388 Ultimum
1926 5314 2011 5388 lo-
2106 5315 2261 5388 sclien
2291 5312 2613 5388 Geschichte,
2639 5321 2747 5388 et_e.
2779 5318 2883 5388 v_ol_.
2917 5313 3007 5388 lii,
3038 5310 3159 5384 cap.
3199 5318 3311 5388 147,
3342 5336 3392 5388 p.
3419 5310 3681 5372 9555161.

442 5382 822 5458 E‘f'_':‘.,‘}‘_cc_upill
849 5374 1193 5458 gqttslautini
1226 5377 1449 5458 iralrnm
1463 5397 1776 5458 forumque
1805 5384 2008 5458 sobolis
2107 5379 2241 5458 (loli.
2299 5374 2613 5458 Baumgart.
2667 5374 3002 5458 [inciti-ient;
3026 5374 3124 5439 von
3158 5374 3527 5458 multivia-dig.
3572 5389 3686 5442 Bu-

441 5441 832 5525 pﬂlllithquam
853 5441 1115 5525 Iriartein
1139 5445 1258 5525 Cat:
1278 5451 1432 5504 codd.
1455 5449 1549 5505 Gr.
1574 5441 1774 5506 Mati-it.
1799 5441 2006 5525 p.481,
2108 5453 2286 5511 C/lei'lt,
2321 5462 2452 5504 tom.
2473 5441 2550 5511 VX.
2587 5467 2639 5520 p.
2665 5452 2792 5504 353.
2833 5455 2902 5506 De
2933 5456 3308 5509 stichomctria
3339 5473 3386 5510 s.
3434 5441 3686 5515 "(angina

438 5505 628 5592 Graece
661 5505 950 5592 evolgavit,
1002 5514 1216 5592 aliaque
1242 5518 1378 5592 bene
1425 5525 1652 5585 notavit,
1687 5505 1740 5576 et
1773 5505 2011 5591 reliquo;
2108 5505 2362 5574 versuum
2419 5505 2794 5573 univci'sorum
2843 5505 3386 5592 operitur-7733319:

439 5577 493 5660 ξη
530 5577 618 5657 illo
652 5577 837 5660 codice
864 5577 1171 5660 complures
1197 5589 1472 5660 catalogos
1503 5577 1746 5645 recenset
1777 5577 2012 5646 chrono:
2110 5607 2296 5646 eorum
2329 5591 2698 5652 distinctione,
2729 5601 2781 5644 et
2813 5577 3177 5648 in'inetiendis
3210 5577 3459 5652 versibus
3477 5577 3690 5658 e,s;£.'..-Z

437 5643 666 5730 I'Qgicos‘.
685 5648 821 5730 ‘Pag.
851 5643 1224 5730 4o,hs'_equitur
1249 5643 1512 5715 narratio.
1545 5643 1710 5714 "(iant
1732 5643 1839 5714 ξιξ.
1866 5643 2012 5718 Θείαι
2120 5643 2204 5713 ilia
2242 5662 2292 5713 in
2333 5643 2609 5714 veteribus
2635 5643 3456 5730 libris,
3479 5643 3688 5725 ii'tilv’rb-

435 5713 656 5804 ξραφαὶ
680 5713 1180 5804 ἐκκλησιαζιξμέναι
1211 5729 1304 5780 καὶ
1328 5713 1781 5804 κεκανρνιᾶιιέναι
1806 5748 1820 5763 ο
1851 5713 2010 5804 ικαὶ-ἦ

2123 5733 2425 5804 legomenis
2467 5733 2520 5782 in
2562 5713 2815 5804 ‘Sonllllll'l
2866 5747 2959 5784 seu
2996 5713 3338 5804 pinnam"

434 5793 644 5841 τούτων
694 5793 1070 5864 στιχομετρία.
1109 5795 1200 5860 At,
1252 5813 1382 5854 num
1420 5801 1587 5870 ipsius
1721 5793 2010 5870 Nicephori

1865 5793 2010 5870 phori
2122 5793 2262 5854 SIEII.
2295 5801 2348 5865 4,
2381 5801 2520 5870 piag.
2550 5800 2581 5851 4
2609 5814 2806 5862 πει-8.,
2833 5812 2888 5854 et
2910 5801 3050 5857 stell.
3081 5804 3134 5859 5.
3339 5793 3507 5866 iisab.
