4158 6348
344 490 525 541 studio
563 487 802 556 Dionysii
837 483 1042 560 Petavii
1093 498 1121 537 e
1152 482 1413 538 societate
1444 483 1591 547 Jesu,
1633 499 1755 536 cum
1787 482 2026 548 ejusdem
2079 483 2221 538 netis
2257 484 2675 554 chronologicis.
2708 483 2934 540 Parisiic
2997 485 3175 549 ttilb;
3216 495 3268 539 et
3327 503 3390 541 ex
3445 499 3599 560 typo-

348 560 569 628 graphia
607 560 747 628 regia
781 556 940 612 1648.
1739 631 1744 636 ι

1225 644 1434 723 Opera
1470 645 1663 706 dubia
1705 646 1772 706 S.
1815 645 2160 724 Nicephori
2198 646 2580 723 patriarcha
2609 647 2722 724 Cp.

354 749 826 816 Interpremmenla
856 749 1185 801 somniorum
1231 747 1517 819 secundum
1565 747 1804 819 ordinem
1841 748 2132 815 nlphabeti,
2166 749 2400 800 versibus
2429 749 2689 801 iambicia.
2727 746 2888 799 Edita
2914 767 2943 819 a
2972 748 3196 803 Nico/ao
3223 745 3459 818 Iiiguttio
3487 760 3602 819 post

421 822 837 892 Orieirocriticon
865 818 1508 892 Astrampsyclti,_eodeut
1556 833 1660 884 quo
1709 816 2130 870 Oueirocriticon
2185 819 2510 892 Artemidori
2559 819 2839 872 columine.
2899 818 2964 872 In
3014 832 3202 890 quarto
3255 816 3502 882 Lutetia",
3540 836 3604 873 ex

423 891 626 949 officina
659 888 874 942 Claudii
911 887 1144 949 Morelli,
1185 889 1346 941 1603.

349 955 626 1027 Macarius
693 959 931 1027 Magnes,
968 974 1060 1010 seu
1111 957 1176 1010 de
1210 956 1454 1010 Macario
1497 955 1760 1025 Magnete,
1799 967 2028 1027 auctore
2086 957 2457 1017 vetustissimo,
2494 959 2721 1008 veterum
2755 974 2834 1027 ac
2891 960 3236 1011 recentiorum
3275 961 3600 1014 testimonia.

417 1026 556 1082 Item
584 1026 882 1098 fragmenta
909 1043 975 1081 ea.
1009 1029 1256 1096 ejusdem,
1278 1028 1425 1078 libris
1449 1039 1716 1093 excerpta,
1751 1026 1999 1095 pleraque
2027 1043 2162 1079 nunc
2195 1027 2421 1093 primum
2446 1042 2471 1078 e
2495 1026 2869 1093 manuscriptis
2901 1030 3166 1082 codicibus
3195 1032 3528 1098 deprompta.

1241 1114 1446 1174 Index
1480 1132 1716 1186 eorum,
1745 1131 1878 1192 qua:
1910 1117 2023 1176 hoc
2062 1113 2271 1175 libello
2305 1115 2729 1176 continentur.

416 1219 459 1269 1.
497 1214 752 1268 Praelatio
791 1213 1017 1268 Joannis
1053 1212 1309 1276 Boivinii,
1342 1213 1407 1266 de
1433 1211 1668 1265 Macario
1703 1211 1968 1281 Magnete
1998 1222 2053 1266 et
2085 1213 2152 1266 de
2186 1212 2304 1276 ejus
2336 1213 2614 1281 Operibus.
2647 1241 2716 1254 -
2751 1214 2812 1268 Il.
2857 1215 3254 1272 Testimonium
3307 1219 3483 1276 Photii
3533 1224 3603 1278 do

347 1287 604 1349 Macario,
660 1285 968 1352 Mag-uetttttt
1022 1286 1391 1351 episcopo.—
1427 1281 1511 1336 Ill.
1574 1281 1646 1333 De
1693 1280 2140 1353 verbisAMacarii
2208 1280 2514 1349 Magnetis,
2567 1299 2685 1350 qua:
2731 1282 3068 1339 Iconomachi
3123 1300 3309 1342 contra
3344 1293 3604 1353 imagines

347 1371 536 1410 sacras
607 1351 977 1422 protulerant.
1027 1353 1342 1423 Antis_litutn
1386 1353 1835 1423 ortltodoxorunt
1871 1351 2226 1423 disputatio._
2260 1367 2364 1419 qua
2420 1353 2765 1406 continentur
2821 1358 2983 1408 multa
3030 1374 3091 1409 ex
3151 1359 3388 1423 ejusdem
3445 1351 3599 1415 libris

347 1419 664 1492 apocritic'is
695 1434 976 1492 excerpta.
1026 1421 1112 1475 IV.
1165 1420 1499 1492 Testimonia
1556 1419 1977 1475 recentiorum.’
2006 1422 2139 1492 Item
2189 1419 2512 1492 Fragmenta
2559 1424 2995 1489 apocriticorum.
3033 1445 3060 1478 a
3097 1419 3364 1481 Turriano
3390 1441 3440 1482 et
3480 1433 3603 1485 aliis

343 1490 664 1562 qiubusdam
694 1490 1090 1547 recentioribus
1112 1494 1283 1563 edita.
1310 1490 1370 1545 V.
1407 1490 1730 1563 Fragmenta
1759 1490 2142 1545 commentarii
2177 1490 2422 1559 ejusdem
2459 1490 2677 1546 Macarii
2715 1492 2980 1563 Magnetis
3014 1497 3065 1549 in
3098 1496 3376 1561 Genesim,
3408 1515 3470 1551 ex
3497 1515 3599 1555 tua.

343 1560 534 1618 codice
561 1563 987 1619 eminentissimi
1021 1560 1320 1615 cardinalis
1343 1560 1598 1614 Uttoboui
1623 1560 1932 1628 desumpta.

557 1655 828 1712 Hactenus
853 1667 1162 1724 conspectus
1185 1671 1400 1725 operum
1432 1653 1494 1709 S.
1532 1651 1820 1722 Nicephori
1861 1651 2041 1708 CPol.
2085 1655 2149 1707 ab
2192 1654 2436 1709 Anselmo
2468 1653 2742 1708 Baudurio
2761 1656 2987 1724 junctim
3045 1657 3387 1712 edendorum.

697 1869 824 2032 s.
906 1896 1767 2023 NICEPHORI
1861 1895 2098 2025 CP.
2172 1899 3246 2030 PATRIARCH/E

1764 2111 2167 2228 VITA.

1011 2286 1151 2345 (Acta
1192 2287 1484 2339 Sanctorum
1529 2285 1775 2346 Bottand.,
1819 2283 1980 2336 Martii
2031 2291 2148 2336 tom.
2191 2288 2254 2349 ll,
2296 2289 2378 2338 die
2422 2290 2495 2350 ιδ,
2527 2305 2574 2353 p.
2609 2291 2702 2340 294
2723 2300 2769 2341 et
2808 2292 2939 2353 7οι.)

1156 2481 2113 2573 COMMENTARIUS
2199 2485 2796 2578 PR/EVIUS.

407 2701 458 2755 t.
497 2697 738 2774 Celebris
767 2704 848 2751 est
889 2696 976 2750 hic
1015 2696 1130 2751 dies
1159 2677 1510 2755 veneratione
1549 2701 1722 2756 sancti
1752 2700 1916 2758 Nice.
1945 2711 1991 2767 Α
2019 2697 2298 2754 Februarii
2326 2696 2393 2751 ad
2426 2695 2608 2751 Vitam
2659 2696 2835 2752 sancti
2887 2695 3122 2765 Tarasii,
3170 2702 3223 2755 in
3257 2717 3360 2772 qua
3392 2706 3591 2761 asserit

1069 1790 3564 1814 I—W

372 1790 732 1806 Μ

735 1792 1012 1805 ——-——

337 2793 490 2862 phori
512 2790 832 2860 patriarcha:
853 2787 1437 2858 Constantinopolitani
1461 2791 1598 2860 apud
1621 2790 1846 2848 Latinos
1859 2803 1915 2848 et

347 2878 568 2935 Graecos
602 2897 616 2931 :
651 2881 718 2933 de
747 2893 856 2948 quo
879 2875 1098 2931 Tabula:
1135 2876 1508 2952 Martyrologii
1551 2881 1779 2936 Romani
1809 2883 1912 2937 ista

341 2972 573 3022 habent:
599 2986 617 3020 ι
641 2969 1104 3037 Coutantiuopoli,
1125 2969 1309 3024 Sancti
1339 2969 1629 3040 Nicephori
1649 2974 1911 3044 episcopi,

340 3063 454 3132 qui,
476 3074 823 3132 paternarum
846 3064 1194 3116 traditionuin
1210 3075 1578 3134 propugnator
1590 3067 1910 3133 acerrimus,

339 3155 505 3212 Leoni
559 3157 798 3210 Armeno
851 3155 1166 3226 imperatori
1219 3157 1570 3213 lconoclastae
1616 3173 1713 3228 pro
1764 3159 1912 3214 cultu

338 3259 651 3305 sanctarum
685 3248 979 3317 imaginum
1014 3265 1073 3304 se
1100 3258 1417 3305 constanter
1445 3252 1717 3320 opposuit,
1747 3267 1777 3305 a
1805 3267 1914 3321 quo

341 3341 600 3395 inultatus
645 3340 860 3406 exsilio,
897 3341 1098 3394 ibidem
1148 3343 1556 3410 quatuordecim
1607 3344 1764 3396 annis
1797 3342 1913 3396 lon-

336 3449 463 3503 gum
512 3435 718 3488 ducens
758 3434 1108 3503 martyrium,
1143 3434 1397 3503 migravit
1427 3434 1494 3487 ad
1539 3435 1845 3488 Dominum.
1887 3453 1905 3486 ι

335 3529 516 3596 Agunt
545 3526 610 3580 de
642 3528 831 3580 eodem
866 3525 1133 3592 Molanus,
1166 3524 1425 3591 Felicius,
1471 3524 1744 3589 Canisius,
1780 3523 1913 3580 Ghi-

337 3620 460 3674 nius
494 3619 719 3689 aliique.
765 3617 862 3672 Est
899 3628 1077 3672 autem
1117 3619 1204 3672 hic
1233 3619 1370 3683 dies,
1405 3627 1468 3674 ut
1504 3619 1640 3673 intra
1673 3619 1724 3672 in
1759 3619 1913 3673 Actis

338 3712 731 3778 posterioribus
764 3709 981 3779 legitur,
1007 3727 1024 3760 t
1055 3711 1252 3778 duplici
1276 3725 1332 3765 re
1353 3711 1746 3776 memorabilis,
1769 3711 1910 3779 quod

339 3815 468 3856 tunc
502 3802 554 3855 in
578 3802 826 3856 exsilium
856 3801 1061 3870 ejectus
1083 3802 1266 3865 fuerit,
1292 3811 1349 3854 at
1372 3803 1736 3870 potissimum,
1770 3800 1910 3868 quod

339 3907 555 3944 sacrum
587 3891 709 3959 ejus
737 3907 933 3958 corpus
952 3888 1476 3960 Constantinopolim
1510 3893 1762 3955 relatmu,
1799 3907 1914 3944 ma-

343 3982 502 4034 nibus
536 3983 706 4048 sancti
745 3980 1028 4044 Methodii,
1054 3983 1106 4035 in
1138 3983 1493 4036 celeberrimo
1530 3982 1910 4050 Apostolorum

2015 2806 2074 2846 se
2103 2788 2261 2856 hujus
2299 2788 2624 2858 discipulum
2667 2787 2834 2842 fuisse
2894 2789 2946 2843 in
2991 2801 3110 2845 arte
3152 2795 3363 2862 poetica
3393 2807 3445 2849 et
3473 2812 3598 2852 car-

2017 2881 2252 2935 minibus
2280 2880 2582 2950 pangendis
2607 2878 2989 2944 exercitatum,
3019 2895 3204 2936 sacras
3229 2884 3346 2952 ejus
3375 2889 3596 2941 concio-

2017 2990 2113 3029 nes
2143 2974 2306 3030 celeri
2339 2973 2549 3026 calamo
2573 2981 2859 3042 excerptas
2887 2973 2936 3026 iu
2970 2974 3210 3029 codicem
3239 2978 3510 3043 retulisse,
3534 2995 3597 3034 ac

2017 3069 2234 3120 demum
2269 3066 2520 3119 morienti
2554 3066 2818 3119 astitisse.
2847 3064 3120 3121 Successit
3150 3079 3339 3122 sancto
3371 3069 3598 3125 Tarasio

2017 3157 2377 3228 Nicephorus,
2413 3172 2572 3226 quem
2617 3166 2826 3226 patrem
2864 3172 3020 3212 suum
3052 3160 3283 3228 appellat
3334 3163 3595 3230 Ignalius,

2019 3265 2185 3318 seque
2213 3250 2327 3319 ejus
2358 3251 2523 3302 lilium
2558 3249 2807 3317 agnoscit
2835 3250 2935 3304 sub
2968 3251 3182 3304 initium
3221 3251 3376 3318 Vitze,
3409 3267 3462 3308 et
3499 3259 3597 3310 ite-

2018 3356 2134 3393 rum
2185 3344 2288 3394 sub
2336 3341 2498 3394 littem
2551 3356 2616 3394 ex
2662 3340 2922 3410 singulari
2986 3345 3338 3398 veneratione
3403 3360 3596 3400 omnes

2017 3432 2296 3484 interioris
2329 3431 2494 3485 animi
2533 3446 2728 3488 sensus
2760 3431 3011 3498 eﬂ‘undit,
3042 3441 3096 3487 et
3124 3436 3266 3503 quod
3301 3437 3596 3506 aliquando

2016 3524 2066 3576 in
2104 3525 2375 3578 haereseos
2402 3539 2646 3579 errorem
2707 3533 2979 3579 attractus
3042 3525 3245 3593 fuerit,
3310 3529 3594 3596 deplorat,

2012 3617 2236 3686 ejusque
2303 3616 2608 3684 patrocinio
2679 3625 2839 3686 atque
2912 3618 3163 3687 exemplo
3215 3634 3273 3674 se
3323 3621 3389 3675 ad
3452 3624 3593 3676 viam

2013 3710 2260 3763 veritatis
2293 3711 2574 3764 reductum
2627 3709 2850 3764 indicat.
2883 3708 3149 3764 Nonnulla
3193 3712 3259 3767 de
3293 3729 3357 3768 eo
3405 3715 3455 3767 in
3488 3714 3603 3786 epi-

2013 3802 2146 3852 stola
2185 3799 2495 3866 interpretis
2529 3815 2650 3854 mox
2697 3800 2874 3854 danda
2911 3802 3278 3854 continentur.
3321 3802 3591 3857 Caeterum

2015 3889 2200 3942 eadem
2234 3893 2362 3942 Acta
2417 3892 2607 3945 damus
2641 3907 2792 3945 more
2836 3901 3020 3944 nostro
3059 3893 3110 3944 in
3166 3893 3340 3959 capita
3377 3902 3430 3946 et
3490 3909 3591 3946 nu-

2017 3994 2198 4040 meros
2234 3981 2529 4050 distincta,
2586 3991 2642 4034 et
2693 3981 3034 4034 uberioribus
3097 3985 3461 4038 uolationibus
3521 4001 3589 4039 ex

340 4072 562 4140 templo,
597 4071 650 4125 in
679 4071 925 4140 sepulcro
952 4087 1143 4127 recens
1172 4082 1448 4127 exstructo
1468 4074 1563 4127 hoc
1599 4075 1756 4129 tertio
1787 4077 1911 4130 ldus
1948 4057 1985 4112 Β
2011 4069 2251 4138 aIIIiQIIis
2295 4070 2654 4137 scriptoribus
2690 4070 3049 4125 illustratnus.
3086 4071 3394 4126 PoSIeriora
3452 4076 3588 4130 Acta

339 4164 520 4218 Martii
559 4164 926 4231 compositum
959 4163 1142 4221 fuerit.
1185 4183 1202 4215 ι
1242 4165 1412 4220 01·ωεὶ
1449 4166 1498 4219 in
1536 4169 1651 4221 suis
1689 4166 1910 4220 Mena-is

333 4256 552 4309 excusis
592 4270 654 4307 ac
686 4269 852 4306 manu
896 4257 1134 4308 exaratis
1185 4255 1464 4310 celebrant
1505 4256 1608 4311 hoc
1641 4257 1726 4311 die
1757 4272 1907 4310 eam-

333 4347 453 4400 dem
497 4345 746 4415 corporis
798 4345 1237 4412 translationem,
1300 4349 1546 4401 encomio
1591 4364 1657 4403 ex
1700 4349 1904 4403 eisdem

331 4439 484 4492 Actis
513 4439 826 4507 desumpto.
859 4439 927 4491 At
969 4439 1225 4507 primaria
1257 4437 1373 4504 ejus
1406 4437 1720 4493 solemnitas
1750 4455 1906 4508 pera-

327 4533 474 4598 gitur
501 4529 586 4582 die
615 4529 854 4582 secundo
896 4525 1065 4592 Junii,
1097 4546 1204 4597 quo
1234 4529 1388 4583 exsul
1426 4531 1524 4583 hac
1554 4531 1764 4584 mortali
1796 4533 1902 4584 vita

331 4635 551 4682 exutus,
585 4619 652 4674 ad
688 4621 1048 4674 immortalem
1101 4633 1470 4690 aeternamque
1515 4623 1901 4678 beatitudinem

329 4712 598 4780 gloriosus
641 4711 915 4778 migravit.
942 4711 1071 4777 Quae
1091 4721 1200 4766 tum
1231 4713 1403 4766 Grteci
1443 4711 1600 4782 longo
1617 4723 1669 4767 et
1702 4713 1900 4768 illustri

331 4801 589 4855 Eucomio
617 4800 919 4870 proferunt,
949 4819 1012 4855 ac
1045 4804 1208 4857 variis
1235 4805 1352 4858 odis
1378 4813 1431 4857 et
1462 4805 1678 4875 hymnis
1708 4807 1904 4860 decan-

329 4903 466 4960 tant,
511 4895 564 4946 in
615 4894 886 4963 prioribus
935 4894 1086 4948 Actis
1159 4895 1526 4948 continentur.
1588 4895 1900 4952 Grtecorum

326 4985 576 5054 exe‘tnplo
622 4987 688 5038 ad
739 4986 989 5040 eumdem
1040 4987 1182 5040 diem
1240 4990 1476 5042 refertur
1521 5003 1550 5042 a
1593 4987 1802 5044 Molano
1847 4990 1900 5045 in

326 5077 586 5129 Auctario
629 5074 861 5130 Usuardi
893 5084 948 5128 et
985 5073 1237 5129 Ferrario
1265 5077 1315 5130 in
1344 5077 1602 5148 Catalogo
1637 5080 1897 5148 generali.

394 5167 447 5218 ἓ.
480 5168 638 5229 Acta,
670 5175 726 5219 ut
758 5165 1017 5228 diximus,
1051 5166 1283 5233 duplicia
1311 5169 1520 5234 damus,
1558 5170 1737 5237 priora
1773 5173 1898 5224 bac-

325 5268 481 5310 lenus
535 5257 738 5310 inedita
800 5257 1021 5324 scripsit
1084 5258 1352 5326 Iguatius,
1389 5269 1523 5313 teste
1553 5258 1742 5326 Suida,
1783 5262 1896 5315 dia-

323 5361 492 5399 conus
538 5355 591 5398 et
629 5359 877 5400 vasorum
911 5353 1092 5398 custos
1123 5345 1323 5415 Magnae
1344 5344 1598 5402 Ecclesia:
1625 5346 1894 5401 Constan-

323 5436 715 5504 tinopolitanae,
764 5435 890 5489 dein
939 5437 1112 5490 factus
1158 5435 1389 5490 Nicaeum
1461 5437 1894 5505 metropolitame

317 5527 740 5585 Grammaticus.
776 5527 895 5596 llic,
939 5528 1090 5582 addit
1140 5529 1280 5582 idem
1337 5529 1533 5584 Snidas
1565 5569 1579 5594 ,
1617 5548 1636 5581 ι
1676 5531 1895 5600 scripsit

319 5619 470 5674 Vitas
511 5617 723 5675 Tarasii
755 5630 806 5676 et
835 5620 1148 5690 Nicephori,
1174 5631 1487 5676 sanctorum
1522 5631 1577 5676 et
1607 5623 1889 5677 beatorum

315 5711 770 5780 patriarcharum,
831 5729 850 5763 ›
917 5721 972 5766 et
1027 5711 1130 5766 alia
1184 5711 1376 5782 plura,
1432 5722 1488 5766 ut
1534 5712 1766 5768 diximus
1819 5715 1890 5766 25

2011 4161 2336 4230 conscripsit
2369 4160 2725 4230 Theophanes
2753 4163 3038 4232 presbyter
3075 4172 3128 4218 et
3164 4166 3509 4234 pra-positus,
3535 4168 3586 4221 iu

2010 4253 2204 4322 quibus
2239 4252 2424 4321 paucis
2457 4253 2896 4322 perstringuntur
2947 4268 3006 4307 ea
3063 4271 3184 4325 qua:
3219 4258 3284 4311 ad
3318 4257 3479 4312 vitam
3533 4270 3588 4315 et

2007 4346 2258 4398 exsilium
2300 4355 2582 4415 spectant,
2622 4345 2766 4415 quod
2792 4360 2852 4400 ea
2901 4359 3090 4401 essent
3129 4364 3156 4401 a
3195 4349 3339 4403 dicto
3378 4350 3586 4420 lgnatio

2009 4444 2266 4488 accurate
2297 4448 2520 4490 narrata
2555 4455 2567 4490 :
2599 4445 2653 4490 at
2689 4453 2810 4506 qua:
2863 4441 3206 4506 postmodum
3256 4441 3307 4493 in
3351 4444 3581 4497 solemni

2010 4526 2360 4581 translatione
2417 4530 2662 4596 corporis
2698 4543 2916 4597 peracta
2974 4543 3123 4598 sunt,
3185 4533 3349 4587 tradit
3391 4545 3583 4590 auctor

2005 4629 2240 4680 coaevus,
2279 4619 2353 4670 uti
2383 4633 2446 4671 ex
2477 4619 2688 4689 epilogo
2735 4620 3078 4688 colligimus,
3133 4624 3220 4677 ubi
3276 4625 3343 4678 ad
3387 4643 3572 4682 arcam

2008 4706 2248 4760 translati
2283 4710 2529 4777 corporis
2565 4725 2687 4764 cum
2743 4711 3014 4767 desiderio
3054 4717 3282 4780 accedit,
3336 4728 3389 4771 et
3420 4736 3575 4788 opem

2004 4795 2246 4863 ejusdem
2275 4797 2514 4864 invocat,
2563 4809 2620 4853 ut
2667 4799 2908 4856 Ecclesia
2940 4811 3127 4858 sancta
3183 4806 3234 4859 iu
3271 4809 3578 4877 tranquilli-

2005 4895 2137 4948 tate,
2170 4902 2334 4956 quam
2367 4899 2494 4942 tunc
2528 4891 2630 4944 sub
2687 4902 2876 4946 sancto
2913 4891 3183 4948 Methodio
3222 4907 3379 4951 nacta
3434 4911 3574 4963 erat,

2005 4978 2174 5045 possit
2209 4993 2583 5047 perseverare.
2629 4982 2883 5038 Dedimus
2920 4984 2987 5037 12
3015 4985 3193 5040 Martii
3237 4990 3370 5044 Acta
3402 4995 3575 5049 sancti

2006 5065 2372 5138 Theophanis,
2413 5075 2715 5143 presbyteri
2742 5076 2907 5128 etiam
2955 5086 3009 5130 et
3057 5084 3352 5148 przepositi,
3389 5087 3492 5136 imo
3524 5095 3576 5138 ct

2005 5160 2233 5215 illustris
2278 5165 2586 5232 scriptoris.
2627 5168 2720 5220 sed
2775 5182 2937 5237 quem
2994 5171 3140 5225 circa
3188 5187 3388 5227 annum
3449 5175 3574 5238 710,

2001 5268 2110 5323 quo
2154 5265 2393 5325 tempore
2445 5255 2783 5326 Nicephorus
2833 5260 2884 5313 in
2941 5263 3134 5317 exsilio
3190 5274 3432 5333 superat,
3468 5266 3576 5318 vita

2002 5343 2244 5398 functum
2274 5344 2440 5399 fuisse
2459 5346 2720 5402 diximus.
2753 5347 2904 5402 Atius
2923 5363 3053 5419 ergo
3078 5352 3165 5404 hic
3193 5360 3376 5404 noster
3405 5349 3575 5405 Theo-

2003 5436 2207 5504 phanes
2259 5445 2340 5489 est
2386 5446 2440 5491 et
2479 5437 2758 5507 aliquanto
2788 5438 2977 5507 jttuior
3029 5459 3041 5493 :
3079 5440 3232 5508 cujus
3283 5441 3572 5496 elucubra-

2006 5530 2204 5583 tionem
2237 5527 2480 5584 Graecam
2516 5530 2583 5584 de
2611 5541 2802 5586 sancto
2835 5531 3139 5603 Nicephoro
3173 5537 3375 5601 reperit
3402 5535 3453 5590 in
3489 5537 3576 5592 bi-

2003 5621 2269 5675 bliotheca
2304 5620 2506 5676 Veneta
2539 5623 2792 5694 Aloysius
2823 5625 3174 5694 Lipomanus,
3212 5637 3369 5695 atque
3405 5644 3434 5682 a
3472 5629 3575 5684 Pe-

2001 5723 2084 5766 tro
2123 5713 2414 5770 Francisco
2445 5715 2578 5770 Zitto
2604 5715 2794 5771 Latine
2819 5717 3083 5772 redditam
3115 5719 3280 5773 edidit
3311 5718 3393 5776 ΠΙ
3429 5735 3572 5778 tomo
