4158 6348
591 345 663 408 33
1596 347 1657 406 S.
1698 342 2113 406 NlCEl’llOlll
2157 349 2160 407 ζ

2263 342 2669 405 ΓΗΙΑΒΟΗΕ
2721 344 2827 405 CP.
2960 398 2963 399 ν
3791 363 3859 426 40

597 462 840 539 Vitarunt
888 470 1203 513 sanctorum
1245 460 1466 514 l‘atrutn
1494 463 1560 514 ad
1599 462 1741 516 hunc
1778 462 1840 515 l3
1875 461 2090 525 Martii;
2123 472 2177 514 et
2204 469 2250 524 Λ
2279 463 2405 531 quia
2436 463 2550 516 hare
2591 477 2656 515 ex
2711 478 2900 516 amore
2931 478 3096 520 ausus
3125 482 3269 526 sttm.
3322 486 3444 538 qute
3474 472 3608 539 dixi,
3669 492 3859 533 sacras
3912 470 3925 477 ’

593 567 659 606 ex
697 537 763 605 eo
796 550 1016 613 Surius,
1057 564 1220 618 quam
1253 567 1351 606 nos
1395 566 1536 605 novo
1566 551 1753 605 labore
1782 566 2132 605 exornamus.

664 644 721 698 5.
763 642 937 697 Natus
965 648 1049 694 est
1088 653 1313 696 sanctus
1356 640 1692 709 Nicephorus
1738 650 1859 712 post
1913 642 2174 695 concilia-

532 788 540 803 ,
598 732 782 787 bulum
814 731 1141 802 Copronymi
1175 734 1318 787 circa
1348 748 1549 786 annum
1595 732 1721 796 758,
1751 732 2040 787 ordinatus
2073 747 2171 799 pa-

599 827 838 878 triarcha
876 826 943 877 12
994 825 1214 895 Aprilis,
1250 826 1368 895 ipso
1401 824 1489 877 die
1518 822 1809 879 Paschalis
1842 840 1987 879 anno
2017 823 2120 879 806
2151 842 2166 889 ;

595 915 810 983 prad'uit
848 914 1104 968 Ecclesia:
1137 922 1246 968 suae
1280 929 1458 968 annos
1491 930 1709 979 novem,
1764 915 1983 983 dempto
2010 915 2169 968 unico

594 1020 801 1066 mense,
822 1006 876 1059 in
899 1006 1151 1059 exsilium
1173 1006 1458 1076 ablegatus
1477 1022 1621 1060 anno
1643 1006 1748 1060 815
1764 1007 1853 1061 die
1876 1008 1942 1061 15
1957 1006 2164 1060 Martii:

594 1096 646 1148 in
665 1094 858 1148 exsilio
878 1096 1010 1149 visit
1031 1096 1192 1152 annis
1220 1098 1512 1162 tredecim,
1538 1098 1750 1152 decimo
1777 1108 1970 1167 quarto
1992 1097 2168 1152 exsilii

590 1193 778 1239 sancte
813 1193 1062 1240 mortuus
1093 1185 1186 1240 die
1226 1186 1471 1241 secundo
1494 1185 1638 1240 Junii
1666 1186 1794 1238 anni
1830 1184 1935 1239 828
1964 1199 1979 1238 :
2012 1185 2170 1255 cujus

588 1291 788 1344 corpus
813 1280 881 1329 ab
912 1278 1109 1331 exsilio
1138 1276 1370 1331 relatum
1399 1286 1479 1331 est
1504 1291 1649 1330 anno
1673 1275 1799 1329 846.
1832 1274 1962 1341 Quae
1985 1274 2166 1328 omnia

496 1386 501 1391 ·
590 1363 729 1419 inl'ra
754 1382 821 1421 ex
879 1367 1013 1436 ipsis
1073 1368 1227 1421 Actis
1289 1373 1563 1421 constant.
1617 1364 1814 1418 Libros
1842 1365 1911 1416 ab
1939 1377 2006 1417 eo
2031 1378 2166 1416 con-

591 1458 824 1525 scriptos
854 1467 977 1527 post
1007 1457 1145 1512 alios
1179 1467 1404 1513 enarrat
1434 1456 1719 1527 Philippus
1748 1454 1933 1510 Labbe
1963 1454 2017 1508 in
2049 1454 2168 1508 Dis-

589 1548 890 1599 sertatione
922 1547 986 1599 de
1028 1547 1389 1614 scriptoribus
1438 1544 1845 1606 ecclesiasticis,
1879 1559 2038 1612 quem
2068 1558 2167 1596 cu-

595 1637 778 1701 riosus
798 1637 970 1691 lector
991 1638 1275 1692 consulat;
1309 1635 1539 1705 plurima
1569 1650 1636 1688 ex
1660 1634 2014 1689 Confessioue
2043 1634 2163 1687 lldei

593 1732 657 1785 ad
721 1729 959 1798 Leonem
992 1744 1185 1800 papam
1223 1731 1412 1791 missa,
1444 1729 1520 1780 uti
1553 1737 1608 1782 et
1646 1743 1711 1781 cx
1745 1727 2020 1795 opusculis
2047 1725 2166 1792 ejus

2276 567 2466 621 preces
2496 564 2614 606 tuas
2647 556 2963 621 itnpertieus
2996 574 3008 609 :
3036 566 3089 608 ut
3117 557 3376 615 minimus
3402 562 3546 619 lilius
3582 575 3707 620 tuus
3737 584 3859 624 esse

2276 657 2381 695 non
2418 645 2686 709 desinam,
2746 645 2839 714 qui
2887 647 3130 701 omnium
3180 650 3417 705 maxime
3472 655 3680 711 inutilis
3735 677 3856 715 sum

2274 744 2496 804 propter
2541 746 2786 804 peccata.
2848 755 2867 788 ι
2926 738 3047 792 ΙΙειτα
3095 742 3162 793 ad
3213 738 3581 812 Nicephorum
3633 764 3856 808 sanctus

2276 824 2601 882 Theodorus
2639 828 2880 882 Studita.
2924 830 3075 886 Hanc
3102 833 3169 885 ad
3203 836 3339 889 Acta
3364 840 3539 891 Sancti
3565 839 3852 910 Nit'PpltOri

2281 920 2623 986 progressnri
2657 922 3022 989 praeponimus
3044 925 3325 989 c-pistolam
3358 933 3640 984 reverendi
3678 932 3853 992 Putris

2271 1007 2545 1064 Francisci
2564 1009 2902 1073 Comhcl'tsii,
2919 1009 3140 1067 Ordinis
3157 1014 3412 1070 Fratrum
3434 1019 3848 1080 l'rzedicatorutu

2271 1098 2498 1153 Parisiis
2541 1101 2607 1153 ad
2653 1112 2856 1156 sanctae
2891 1102 3072 1157 Marias
3125 1109 3471 1162 Aunnntiata:
3527 1116 3685 1169 nobis
3720 1121 3852 1172 mis-

2269 1206 2407 1244 ειηη.

2342 1282 2396 1336 5.
2432 1283 2756 1338 Provocavit
2789 1285 2987 1341 vestris
3018 1285 3299 1342 laboribus
3333 1293 3650 1360 productus,
3685 1297 3848 1349 mihi-

2270 1390 2377 1444 que
2415 1388 2674 1446 aspectus
2706 1377 2903 1447 triplici
2951 1381 3142 1447 grandi
3180 1381 3450 1439 volumine
3492 1386 3843 1453 Februarius,

2269 1475 2328 1517 ut
2379 1477 2435 1519 et
2488 1476 2802 1535 exspectato
2838 1466 3033 1521 Martio
3084 1471 3294 1538 aliquid
3349 1476 3635 1544 adjutricis
3666 1495 3845 1549 opere

2265 1554 2517 1610 conferre
2550 1558 2862 1626 studerent;
2914 1576 2979 1614 ac
3006 1561 3051 1615 si
3110 1564 3241 1632 quid
3285 1566 3414 1619 inihi
3453 1582 3483 1621 θ
3525 1578 3841 1628 sanctorum

2268 1647 2442 1709 Actis,
2469 1661 2589 1716 quae
2618 1664 2713 1702 vos
2736 1651 3057 1716 deﬁcerent,
3083 1657 3380 1725 repositum
3405 1670 3574 1724 esset,
3597 1661 3647 1715 id
3680 1662 3733 1717 iu
3764 1667 3838 1719 rei

2267 1736 2597 1792 Christiana:
2626 1741 2997 1808 commodum,
3047 1744 3360 1817 Christique
3412 1766 3475 1803 ac
3525 1766 3840 1813 sanctorum

592 1825 858 1906 adversus
895 1821 1491 1886 lconomachos,‘infra
1541 1822 1594 1874 itt
1648 1821 1797 1874 Actis
1832 1817 2160 1872 referuntur.

2270 1829 2496 1897 gloriam
2541 1831 2927 1899 evulgandum,
2968 1838 3323 1904 propensiore
3364 1842 3545 1897 animo
3579 1846 3842 1902 submini-

594 1912 904 1968 F.mnliaris
936 1923 1127 1967 sancto
1174 1912 1480 1980 Nicephoro
1516 1911 1618 1964 fuit
1654 1924 1885 1980 magnus
1913 1908 2167 1963 Theodo-

598 2022 687 2059 tus
715 2005 953 2069 Smdita,
978 2000 1138 2073 cujus
1168 2004 1453 2073 epistolam
1490 2003 1615 2057 huic
1643 2005 1694 2056 in
1722 2001 1915 2057 exsilio
1946 2002 2166 2053 tttissattt

589 2096 678 2148 ltic
704 2098 895 2150 damus
923 2115 936 2151 :
967 2109 1019 2152 et
1041 2108 1125 2151 est
1147 2095 1411 2165 ejusmodi
1438 2114 1452 2150 :

656 2187 707 2239 4.
740 2205 758 2237 t
781 2186 912 2241 Cum
943 2202 1324 2256 saepenumero
1345 2189 1410 2242 ad
1435 2203 1651 2241 sacrum
1684 2186 2035 2241 beatitudinis
2060 2194 2167 2239 tme

587 2279 846 2332 verticem
878 2261 1543 2342 scribereinstituissem:
1585 2279 1768 2333 destiti
1802 2281 1872 2333 ab
1927 2280 2162 2345 incepto,

585 2374 784 2444 partim
815 2374 1155 2443 indignitatis
1181 2389 1313 2428 mete
1352 2374 1818 2436 consideratione,
1855 2375 2053 2443 partim
2095 2388 2160 2425 ex

586 2466 905 2521 inﬁrmitate
928 2482 995 2521 ex
1018 2467 1277 2519 arumnis
1297 2476 1422 2519 nata
1446 2467 1798 2535 praepeditus.
1828 2465 1983 2521 Nunc
2009 2483 2161 2527 vero,

590 2569 883 2626 utrumque
918 2557 1341 2627 parvipendcns.
1373 2569 1427 2612 et
1469 2555 1741 2611 Triuitate
1772 2556 1966 2621 frctus,
2001 2557 2165 2609 miser

589 2649 703 2703 [nec
735 2652 867 2701 dico
894 2664 907 2699 :
943 2648 1151 2714 Gaude,
1186 2663 1314 2703 vere
1338 2649 1514 2702 victor
1544 2648 1839 2717 impietatis
1870 2650 1962 2718 qui
1995 2649 2167 2701 virtu-

572 2730 700 2802 ,tnnt
762 2741 1040 2809 quadrigis
1088 2740 1210 2794 Iidci
1256 2755 1487 2801 cursum
1542 2753 1919 2794 consummas.
1980 2739 2163 2800 Salve,

591 2846 782 2897 magne
821 2830 898 2881 sol
924 2830 1190 2882 doctrina:
1231 2828 1571 2893 orthodoxae,
1622 2827 1775 2894 cujus
1804 2818 2166 2882 confessionis

587 2924 761 2975 radiis
789 2921 1073 2975 universus
1100 2921 1251 2974 orbis
1283 2919 1608 2975 illustratur.
1634 2918 1818 2982 Salve,
1856 2933 2165 2989 prepugna-

588 3023 673 3065 tor
727 3011 994 3077 veritatis,
1049 3020 1296 3065 veterum
1352 3021 1666 3064 sanctorum
1710 3012 1886 3065 iustar
1945 3010 2162 3064 virtutis

2270 1931 2525 1976 strarem.
2545 1922 2996 1981 Occurritautetn
3014 1932 3329 2000 cumprimis
3359 1938 3687 1994 sanctissimi
3719 1958 3843 1997 con-

2271 2009 2520 2073 fessoris.
2560 2014 3181 2088 Constantinopolitanae
3228 2026 3380 2077 urbis
3443 2030 3837 2104 archiepiscopi

2271 2114 2332 2153 ac
2364 2105 2692 2169 patriarcha:
2716 2104 3006 2177 Nicepltori
3037 2111 3145 2165 vita
3175 2123 3339 2184 atque
3360 2128 3657 2188 certamen,
3683 2124 3841 2195 lgna-

2272 2193 2344 2247 tio
2366 2193 2621 2249 Ecclesia:
2653 2197 2875 2266 majoris
2922 2200 3155 2257 diacono
3187 2220 3252 2258 ac
3298 2221 3552 2265 vasorum
3590 2193 3837 2283 custode,

2264 2284 2550 2354 eidemque
2580 2287 2886 2359 Nicephoro
2905 2293 3122 2361 requali,
3160 2310 3266 2351 non
3298 2297 3500 2356 inculto
3540 2314 3633 2360 aut
3664 2312 3840 2366 minus

2263 2387 2521 2430 accurato
2542 2391 2799 2434 auctore:
2834 2398 3029 2437 munus
3049 2386 3260 2441 scilicet
3280 2388 3476 2447 Leonis
3502 2396 3702 2463 Allatii,
3731 2401 3833 2454 viri

2265 2468 2567 2524 doctissimi
2599 2485 2666 2526 ac
2717 2474 3061 2541 amicissimi,
3115 2477 3372 2536 Romanis
3421 2500 3486 2540 cx
3534 2490 3826 2555 codicibus,

2266 2564 2393 2615 dum
2437 2565 2481 2619 is
2510 2568 2795 2622 meditanti
2818 2586 2997 2638 υῃττευ
3030 2573 3232 2644 ahquid
3262 2577 3315 2632 in
3344 2578 3668 2649 Nicephoro,
3696 2586 3835 2652 ejus-

2268 2671 2371 2723 que
2402 2656 2523 2710 luce
2554 2658 2882 2719 clarioribus
2928 2668 3315 2736 monumentis,
3360 2674 3532 2727 vicem
3594 2674 3836 2744 aliquam

2265 2755 2607 2813 acceptorum
2656 2763 2685 2799 :t
2728 2766 2813 2804 me
2862 2753 3047 2821 inclyti
3103 2756 3455 2815 nihilominus
3511 2764 3839 2822 cenfessoris

2264 2833 2481 2905 Georgii
2500 2836 2805 2894 Metochita:
2828 2841 3089 2896 librorum
3114 2847 3376 2919 quinque,
3398 2853 3602 2922 quibus
3631 2866 3835 2913 tomum

2265 2923 2495 2979 alterum
2526 2925 2747 2982 Grarcite
2801 2946 2914 2986 suae
2945 2936 3261 2992 orthodoxa:
3312 2939 3494 3010 Regiis
3543 2959 3609 2999 ex
3637 2949 3840 3003 codici-

2267 3011 2652 3107 busprteclare
2675 3018 2897 3084 ditaret,
2933 3024 3198 3091 rependit.
3236 3026 3422 3083 Graeca
3449 3030 3640 3100 lgnatii
3670 3030 3845 3107 quam

587 3105 993 3173 pulchritudine
1025 3103 1324 3158 collucens.
1355 3104 1642 3171 Rcliquisti
1692 3104 1969 3158 excelsum
2002 3103 2157 3157 lltro-
2186 3149 2231 3197 η
2268 3103 2418 3154 licuit
2442 3103 2608 3169 clare,
2639 3107 2849 3176 lidaque
2877 3109 3195 3180 interpretis
3225 3132 3390 3186 opera
3427 3123 3652 3177 reddidi.
3682 3103 3837 3183 llaud

586 3212 712 3248 nutu
746 3196 862 3264 ejus
889 3209 1079 3258 causa,
1128 3195 1220 3269 qui
1254 3197 1610 3264 semetipsum
1657 3195 1963 3249 humiliavit
1990 3210 2159 3269 usque

583 3287 649 3337 ad
681 3296 933 3347 tnnrtettt,
962 3268 1192 3338 utortem
1216 3294 1399 3339 autem
1430 3284 1633 3339 crucis.
1673 3282 1960 3354 lleliquisti
1994 3268 2158 3336 mini—

585 3378 752 3439 διεςτίιὶ
782 3385 839 3432 et
868 3376 1265 3433 oblectamenta
1320 3377 1831 3448 archiepiscopalia,
1884 3383 1939 3429 et
1994 3376 2161 3429 variis

586 3471 948 3524 incommodis
990 3471 1368 3525 confessorum
1431 3483 1580 3523 more
1618 3467 1863 3524 exerceri
1899 3466 2159 3528 maluisti,

587 3579 751 3632 quam
772 3563 1118 3632 temporariis
1135 3562 1237 3615 frui
1262 3562 1472 3615 deliciis
1494 3562 1719 3630 peccati.
1741 3559 1819 3616 Ac
1841 3570 1989 3613 certe
2020 3574 2158 3629 quo-

585 3659 730 3707 niam
767 3671 870 3707 tton
903 3669 968 3706 ex
999 3654 1127 3718 illis,
1152 3654 1254 3706 etsi
1293 3655 1344 3705 iit
1388 3653 1494 3706 illis
1520 3652 1762 3716 vivebas,
1793 3650 2032 3704 membra
2065 3665 2161 3717 per

587 3747 752 3798 vitam
781 3746 835 3797 in
875 3745 1097 3799 Christo
1124 3755 1304 3797 actam
1337 3744 1695 3802 tnortilicans.
1738 3752 1940 3795 SMN'liB
1972 3744 2159 3793 matris

584 3835 943 3909 privationem
977 3834 1287 3904 pertulisti,
1326 3834 1529 3889 chartis
1566 3828 1824 3886 fratribus
1878 3833 2155 3895 omnibus,

581 3928 741 3982 simul
799 3928 1055 3982 omnibus
1119 3927 1402 3997 spoliatus.
1446 3926 1684 3981 Necdum
1722 3925 2012 3995 opprobria
2067 3934 2156 3977 tua

581 4017 785 4076 Christi
817 4018 1128 4087 opprobriis
1152 4019 1352 4072 similia
1371 4031 1763 4084 commemoro,
1793 4016 2067 4070 immissas
2089 4014 2158 4069 ab

580 4112 1012 4181 imperatoribus
1039 4111 1489 4178 Oppuguationcs,
1515 4108 1854 4171 vexationes,
1877 4104 2158 4176 angustias

578 4220 642 4256 ac
684 4202 851 4255 vt-lttti
881 4200 1288 4255 sul'focationes.
1334 4198 1505 4253 Noctu
1554 4216 1678 4252 cum
1720 4199 1940 4254 Christo
1978 4200 2156 4252 abdu-

580 4308 699 4347 ctus
730 4309 791 4346 cs
820 4310 833 4344 :
867 4293 1071 4345 ctcnint
1117 4290 1366 4355 proditus
1408 4289 1571 4342 etiam
1607 4290 1719 4356 ipse
1770 4289 2042 4358 relegatus
2075 4304 2154 4348 es,

582 4386 634 4438 in
663 4384 820 4438 collis
855 4383 1150 4436 conliniuut
1182 4383 1434 4434 redactus
1452 4397 1535 4446 es,
1560 4392 1765 4452 martyr
1794 4381 2018 4435 Christi.
2049 4379 2155 4433 Sed

2216 3186 2231 3205 ‘
2260 3193 2493 3251 obscure
2528 3197 2640 3266 ipse
2679 3214 2737 3252 se
2771 3200 3065 3271 aliquando
3103 3206 3209 3259 vim
3238 3223 3460 3277 passum
3489 3222 3542 3268 et
3565 3214 3837 3275 haireticis

2264 3286 2557 3356 imaginum
2602 3288 2985 3348 cﬂractoribus
3044 3301 3481 3359 communicasse
3517 3309 3719 3376 prodit,
3753 3322 3837 3365 ta-

2262 3381 2417 3433 metsi
2463 3395 2494 3434 a
2553 3380 2678 3437 ﬁdei
2718 3383 2947 3441 veritate
2986 3402 3233 3460 sanoque
3273 3391 3529 3451 Ecclesia:
3568 3413 3730 3454 sensu
3768 3404 3835 3457 de

2260 3486 2447 3524 earum
2505 3488 2781 3541 nunquam
2837 3477 3022 3533 animo
3071 3484 3380 3539 recesserit.
3432 3486 3604 3544 Tanta
3635 3489 3834 3548 Leonis

2258 3562 2597 3630 subindeque
2622 3565 2909 3634 Theophili
2958 3570 3037 3624 vis
3077 3571 3177 3626 fuit
3206 3577 3548 3646 exagitandis
3577 3582 3680 3649 piis
3710 3583 3834 3640 (ide-

2260 3653 2424 3718 lihus,
2455 3664 2513 3708 ut
2559 3655 2642 3709 vel
2679 3657 2847 3726 ipsos,
2885 3662 2976 3728 qui
3028 3662 3292 3720 columna:
3331 3669 3503 3724 videri
3556 3684 3828 3742 poterant,

2259 3758 2394 3834 pene
2435 3750 2791 3813 prostraverit
2828 3763 2841 3802 :
2886 3765 2983 3805 uec
3036 3751 3107 3807 ita
3151 3756 3305 3811 tnttltt
3341 3756 3562 3817 fuerunt
3614 3778 3720 3834 qua
3771 3760 3833 3823 so

2258 3832 2490 3887 Romani
2522 3851 2618 3904 per
2652 3835 2928 3893 Orientem
2954 3841 3165 3911 imperii
3210 3847 3472 3918 majestas
3524 3832 3834 3920 proferebat

2258 3941 2322 3980 ac
2365 3928 2516 3991 ditio,
2553 3943 2687 3998 quos
2719 3930 2806 3983 illa
2847 3930 3101 3989 immanis
3142 3936 3301 3992 ruina
3351 3956 3455 3995 non
3512 3942 3822 4002 involverit.

2257 4016 2455 4083 Quanti
2500 4035 2585 4073 res
2622 4022 2822 4091 uegetii
2858 4025 3044 4090 fuerit,
3069 4027 3170 4095 pia:
3212 4027 3512 4087 Tbeodora:
3544 4036 3661 4091 viro
3693 4009 3863 4094 male.

2259 4109 2347 4175 pio
2381 4124 2556 4179 eoque
2599 4111 2764 4179 impio
2801 4115 3094 4180 exstincto,
3129 4119 3163 4188 ἡ
3201 4119 3312 4173 τῶν
3340 4124 3566 4178 εἰκόνων
3593 4128 3831 4199 ἀναστή-

2256 4200 2442 4262 ὶωσις,
2475 4203 2720 4255 delarant
2756 4203 2891 4257 Acta
2921 4209 2986 4258 ad
3028 4209 3363 4265 Dominicatn
3399 4215 3496 4284 τῆς
3526 4217 3831 4286 ὀρθοδοξέσι..

2258 4292 2573 4347 Graecorum
2608 4296 3002 4352 ecclesiasticis
3028 4299 3182 4355 libris
3206 4288 3432 4369 iitserla,
3460 4308 3699 4373 mihique
3725 4312 3834 4375 pri-

2258 4382 2380 4433 dent
2416 4398 2481 4435 ex
2512 4383 2703 4436 iisdem
2735 4388 3029 4453 producta;
3057 4398 3167 4441 tum
3205 4407 3330 4446 cum
3367 4403 3423 4448 et
3448 4398 3834 4453 sanctissimus

580 4491 740 4545 euge,
768 4489 934 4544 quam
968 4474 1019 4526 itt
1054 4474 1254 4525 bonum
1280 4472 1373 4525 tibi
1407 4471 1623 4525 omnia!
1656 4472 1855 4525 Attolle
1884 4473 1934 4525 itt
1965 4474 2150 4524 orbcttt
2190 4484 2226 4535 ι)
2258 4473 2543 4529 confessor
2578 4475 2902 4543 Methodius,
2942 4496 3078 4533 nova
3111 4480 3400 4554 aﬂttlgente
3434 4485 3551 4539 luce
3583 4489 3833 4557 depulsa-

586 4559 777 4619 oculos
809 4581 874 4618 ex
908 4565 1127 4634 specula
1161 4565 1373 4627 mentis,
1413 4574 1466 4618 et
1491 4563 1676 4633 aspice
1706 4562 1846 4616 lilios
1879 4572 2019 4624 tuos,
2063 4577 2155 4614 scu

585 4658 781 4716 mavis,
813 4669 965 4719 oves,
999 4666 1187 4722 pastor
1225 4654 1382 4719 bene,
1410 4655 1660 4724 quamvis
1688 4669 1916 4720 corpore
1950 4654 2158 4719 dispcr-

582 4762 694 4812 sas,
741 4747 924 4800 animo
973 4754 1150 4798 tamen
1190 4744 1530 4814 conjunctas,
1574 4755 1739 4797 totam
1785 4757 1922 4812 pene
1974 4742 2158 4795 Eccle-

582 4842 719 4895 siant
752 4849 900 4892 tuam
936 4838 1102 4892 variis
1142 4836 1273 4892 locis
1300 4848 1654 4905 occupantes,
1695 4845 1749 4889 ct
1799 4834 2157 4888 confessionis

585 4945 689 4985 tute
720 4931 946 4999 Ittlgot‘c,
974 4930 1252 4983 stellarum
1282 4930 1473 4992 instar,
1503 4928 1571 4983 iis
1622 4929 1712 4996 qui
1765 4928 1817 4980 itt
1872 4926 2157 4981 nocturnis

581 5027 852 5079 liter-oscus
878 5024 1114 5077 tenebris
1136 5032 1445 5085 versantur,
1478 5022 1795 5075 orthodoxa:
1826 5019 1949 5073 fidei
1976 5018 2154 5071 Intuen

580 5121 936 5173 ostendentes
986 5134 1000 5169 :
1062 5116 1197 5169 alias
1254 5114 1473 5181 quidem
1535 5114 1643 5166 Deo
1697 5110 2009 5165 immolatus
2062 5127 2156 5179 per

585 5208 897 5260 athleticam
925 5205 1456 5259 consummationem
1480 5222 1493 5267 ;
1521 5202 1657 5257 alias
1681 5202 2023 5255 decertantes
2041 5203 2156 5255 sine

581 5298 692 5351 ullo
715 5298 1062 5365 pru'sentiuttt
1106 5312 1288 5351 rerum
1328 5306 1494 5357 metu,
1544 5294 1640 5346 sed
1681 5294 1846 5347 Deum
1890 5291 2152 5347 ﬂectenti-

581 5390 683 5443 bus
707 5391 959 5457 precibus
992 5389 1099 5441 luis
1135 5387 1541 5441 corroboratas.
1577 5385 1701 5440 llaic
1733 5395 1813 5439 est
1846 5387 2014 5455 gloria
2050 5387 2152 5441 Ec-

577 5481 760 5534 clesiae
793 5490 897 5532 tua:
942 5497 955 5532 :
989 5480 1090 5533 hoc
1146 5479 1356 5544 insigne
1386 5493 1447 5529 ac
1509 5476 1813 5547 symbolum
1870 5480 2149 5550 martyrii,

579 5574 721 5638 quod
754 5586 991 5640 sequens
1015 5579 1148 5623 tetas
1176 5570 1478 5637 excipiens,
1512 5567 1677 5621 Deum
1709 5570 1759 5620 iu
1791 5579 1862 5632 te,
1891 5571 1966 5621 uti
1988 5586 2151 5632 nunc,

581 5664 929 5735 gloriﬁcaltit.
958 5661 1125 5715 Multa
1152 5663 1245 5714 tibi
1281 5677 1375 5729 pro
1404 5661 1600 5715 Christi
1633 5661 1865 5729 imagine
1894 5665 2153 5730 pugnanti

576 5756 827 5812 encomia
860 5753 1132 5807 dicentur.
1177 5749 1282 5806 Sed
1314 5752 1532 5822 ignosce
1577 5751 1731 5815 mihi,
1769 5751 1860 5806 Dei
1893 5754 2149 5817 imitator,

2260 4579 2366 4633 que
2397 4576 2543 4620 terra
2576 4569 2801 4622 hmresis
2841 4571 3093 4640 caligine,
3144 4574 3195 4626 itt
3228 4577 3830 4647 Constantinopolitaua

2259 4659 2387 4712 sede
2419 4658 2618 4729 dignus
2647 4671 2835 4730 pastor
2873 4673 2926 4716 et
2959 4662 3252 4734 Nicephori
3292 4681 3597 4733 successor,
3630 4672 3834 4725 abactis

2259 4751 2329 4803 ab
2357 4766 2417 4804 ea
2461 4752 2604 4820 IUpis
2630 4770 2693 4806 ac
2748 4755 3181 4823 ittcuhatoribus,
3225 4758 3522 4814 collocatus
3564 4772 3647 4815 est
3680 4780 3694 4816 :
3727 4779 3834 4831 quo

2259 4843 2422 4894 etiam
2463 4852 2706 4912 tempore.
2763 4844 3004 4914 lgnatius
3066 4848 3410 4917 paenitudine
3443 4852 3658 4917 ductus,
3698 4869 3836 4919 prac-

2258 4932 2465 4986 clarutn
2519 4934 2621 4988 hoc
2672 4934 2999 5005 Nicephoro,
3056 4940 3203 4992 velut
3234 4941 3661 5012 στηλητβυτικὸν
3722 4960 3837 4997 mo-

2260 5035 2580 5077 numentum
2614 5030 2878 5096 reposuit.
2920 5028 3102 5083 Laudo
3139 5031 3398 5099 judicium
3426 5033 3545 5103 ejus
3569 5034 3639 5090 dc
3674 5032 3836 5088 Nice-

2259 5117 2415 5184 phori
2447 5118 2708 5185 Operibns
2744 5134 2974 5189 quorum
3002 5121 3122 5175 luce
3152 5124 3427 5177 ominatur
3456 5125 3739 5194 depulsum
3768 5128 3833 5180 iri

2260 5206 2404 5260 illaut
2440 5210 2645 5264 erroris
2677 5211 2987 5280 caliginem.
3021 5212 3133 5268 Nec
3173 5214 3394 5268 dubium
3435 5217 3565 5285 quin
3607 5219 3834 5273 multum

2258 5300 2595 5353 contulerint
2622 5301 2796 5356 eidem
2822 5304 3175 5371 dcpellendm,
3200 5315 3488 5374 postquam
3514 5306 3747 5363 l'acultas
3771 5324 3835 5364 ea

2262 5389 2471 5456 legendi
2505 5391 2870 5463 Augustorum
2918 5396 3207 5449 clementia
3250 5414 3312 5450 ac
3350 5397 3551 5466 pietate
3588 5399 3838 5453 veritatis

2257 5484 2571 5536 amantibus
2604 5480 2704 5538 fuit
2757 5486 3007 5540 indulta:
3052 5504 3227 5556 neque
3280 5506 3423 5542 nunc
3477 5492 3655 5544 tuiuns
3684 5493 3837 5545 utilia

2258 5573 2438 5624 futura
2467 5587 2592 5628 reor
2630 5574 2901 5630 dilllandis
2936 5577 3173 5642 nebulis,
3209 5594 3345 5648 quas
3371 5581 3496 5634 novi
3550 5581 3833 5635 tcuebrio-

2259 5679 2355 5715 nes
2385 5666 2576 5719 eadem
2618 5667 2673 5719 in
2711 5682 2875 5721 causa
2910 5684 2976 5721 ex
3012 5684 3141 5723 orco
3168 5684 3518 5737 revocarunt,
3550 5673 3592 5725 si
3620 5673 3835 5741 quando

2262 5751 2353 5806 Dci
2388 5753 2798 5811 clementissimi
2828 5759 2881 5812 itt
2920 5759 3101 5815 fideles
3127 5776 3255 5817 suos
3280 5777 3341 5817 ac
3375 5761 3677 5817 Ecclesium
3714 5778 3835 5817 mu-

3484 5875 3502 5912 ἱ
