  <div class='ocr_page' id='page_1' title='image "/cluster/home/n/w/nwhite01/storage/ocr_20150623/100/hvd.32044010574994/039.png"; bbox 0 0 4158 6348; ppageno 0'>
   <div class='ocr_carea' id='block_1_1' title="bbox 501 267 2091 367">
    <p class='ocr_par' dir='ltr' id='par_1_1' title="bbox 501 267 2091 348">
     <span class='ocr_line' id='line_1_1' title="bbox 501 267 2091 348; baseline 0.007 -12"><span class='ocrx_word' id='word_1_1' title='bbox 501 267 577 336; x_wconf 75' lang='lat'><strong>55</strong></span> <span class='ocrx_word' id='word_1_2' title='bbox 1497 278 1556 338; x_wconf 90' lang='lat' dir='ltr'><strong>S.</strong></span> <span class='ocrx_word' id='word_1_3' title='bbox 1599 278 2020 345; x_wconf 82' lang='lat' dir='ltr'><strong>NICEPHORI</strong></span> <span class='ocrx_word' id='word_1_4' title='bbox 2059 287 2091 348; x_wconf 68' lang='grc' dir='ltr'><strong><em>Ε</em></strong></span> 
     </span>
    </p>
   </div>
   <div class='ocr_carea' id='block_1_2' title="bbox 2196 267 3770 367">
    <p class='ocr_par' dir='ltr' id='par_1_2' title="bbox 2196 288 3770 367">
     <span class='ocr_line' id='line_1_2' title="bbox 2196 288 3770 367; baseline 0.003 -17"><span class='ocrx_word' id='word_1_5' title='bbox 2196 288 2568 352; x_wconf 69' lang='lat' dir='ltr'><strong>&#39;RIARCH.E</strong></span> <span class='ocrx_word' id='word_1_6' title='bbox 2606 293 2715 354; x_wconf 68' lang='grc' dir='ltr'><strong>ω).</strong></span> <span class='ocrx_word' id='word_1_7' title='bbox 3702 302 3770 367; x_wconf 73' lang='lat'><strong>55</strong></span> 
     </span>
    </p>
   </div>
   <div class='ocr_carea' id='block_1_3' title="bbox 507 383 2091 480">
    <p class='ocr_par' dir='ltr' id='par_1_3' title="bbox 507 383 2082 467">
     <span class='ocr_line' id='line_1_3' title="bbox 507 383 2082 467; baseline 0.014 -33"><span class='ocrx_word' id='word_1_8' title='bbox 507 383 771 449; x_wconf 61' lang='grc' dir='ltr'>μειςδίνίεί,</span> <span class='ocrx_word' id='word_1_9' title='bbox 822 384 1234 458; x_wconf 85' lang='lat' dir='ltr'><strong>incorruptione</strong></span> <span class='ocrx_word' id='word_1_10' title='bbox 1282 390 1515 447; x_wconf 91' lang='lat' dir='ltr'><strong>donatur</strong></span> <span class='ocrx_word' id='word_1_11' title='bbox 1563 403 1730 465; x_wconf 88' lang='lat' dir='ltr'><strong>atque</strong></span> <span class='ocrx_word' id='word_1_12' title='bbox 1778 399 2082 467; x_wconf 78' lang='lat' dir='ltr'><strong>angelicam</strong></span> 
     </span>
    </p>
   </div>
   <div class='ocr_carea' id='block_1_4' title="bbox 2196 383 3771 480">
    <p class='ocr_par' dir='ltr' id='par_1_4' title="bbox 2196 404 3771 480">
     <span class='ocr_line' id='line_1_4' title="bbox 2196 404 3771 480; baseline 0.006 -22"><span class='ocrx_word' id='word_1_13' title='bbox 2196 404 2388 476; x_wconf 78' lang='grc' dir='ltr'>ἀρετὴν</span> <span class='ocrx_word' id='word_1_14' title='bbox 2416 405 2783 475; x_wconf 83' lang='grc' dir='ltr'>καταγώγιον,</span> <span class='ocrx_word' id='word_1_15' title='bbox 2812 405 2881 476; x_wconf 67' lang='grc' dir='ltr'>ἢν</span> <span class='ocrx_word' id='word_1_16' title='bbox 2909 406 2938 459; x_wconf 80' lang='grc' dir='ltr'><strong>δ</strong></span> <span class='ocrx_word' id='word_1_17' title='bbox 2976 407 3321 479; x_wconf 76' lang='grc' dir='ltr'>κτησάμενος</span> <span class='ocrx_word' id='word_1_18' title='bbox 3351 407 3771 480; x_wconf 75' lang='grc' dir='ltr'>ἀφθαρτίζετσε.</span> 
     </span>
    </p>
   </div>
   <div class='ocr_carea' id='block_1_5' title="bbox 511 477 2084 555">
    <p class='ocr_par' dir='ltr' id='par_1_5' title="bbox 511 477 2084 555">
     <span class='ocr_line' id='line_1_5' title="bbox 511 477 2084 555; baseline 0.014 -29"><span class='ocrx_word' id='word_1_19' title='bbox 511 477 728 531; x_wconf 79' lang='lat' dir='ltr'><strong>vivendi</strong></span> <span class='ocrx_word' id='word_1_20' title='bbox 758 479 1022 533; x_wconf 87' lang='lat' dir='ltr'><strong>rationem</strong></span> <span class='ocrx_word' id='word_1_21' title='bbox 1054 481 1425 551; x_wconf 71' lang='lat' dir='ltr'><strong>amplectitur.</strong></span> <span class='ocrx_word' id='word_1_22' title='bbox 1456 482 1608 541; x_wconf 76' lang='lat' dir='ltr'><strong>Hanc</strong></span> <span class='ocrx_word' id='word_1_23' title='bbox 1636 486 1806 555; x_wconf 79' lang='lat' dir='ltr'><strong>igitur</strong></span> <span class='ocrx_word' id='word_1_24' title='bbox 1828 492 2084 548; x_wconf 89' lang='lat' dir='ltr'><strong>comitem</strong></span> 
     </span>
    </p>
   </div>
   <div class='ocr_carea' id='block_1_6' title="bbox 513 566 2087 649">
    <p class='ocr_par' dir='ltr' id='par_1_6' title="bbox 513 566 2087 649">
     <span class='ocr_line' id='line_1_6' title="bbox 513 566 2087 649; baseline 0.011 -30"><span class='ocrx_word' id='word_1_25' title='bbox 513 566 829 639; x_wconf 74' lang='lat' dir='ltr'><strong>sociamque</strong></span> <span class='ocrx_word' id='word_1_26' title='bbox 861 585 1175 637; x_wconf 80' lang='lat' dir='ltr'><strong>magnarum</strong></span> <span class='ocrx_word' id='word_1_27' title='bbox 1200 572 1287 626; x_wconf 91' lang='lat' dir='ltr'><strong>ille</strong></span> <span class='ocrx_word' id='word_1_28' title='bbox 1315 588 1493 628; x_wconf 90' lang='lat' dir='ltr'><strong>rerum</strong></span> <span class='ocrx_word' id='word_1_29' title='bbox 1525 577 1841 646; x_wconf 82' lang='lat' dir='ltr'><strong>negotiator</strong></span> <span class='ocrx_word' id='word_1_30' title='bbox 1872 590 2087 649; x_wconf 88' lang='lat' dir='ltr'><strong>nactus,</strong></span> 
     </span>
    </p>
   </div>
   <div class='ocr_carea' id='block_1_7' title="bbox 505 654 2090 738">
    <p class='ocr_par' dir='ltr' id='par_1_7' title="bbox 505 654 2090 738">
     <span class='ocr_line' id='line_1_7' title="bbox 505 654 2090 738; baseline 0.013 -30"><span class='ocrx_word' id='word_1_31' title='bbox 505 654 876 725; x_wconf 77' lang='lat' dir='ltr'><strong>jautqueulim</strong></span> <span class='ocrx_word' id='word_1_32' title='bbox 900 676 1060 730; x_wconf 86' lang='lat' dir='ltr'><strong>supra</strong></span> <span class='ocrx_word' id='word_1_33' title='bbox 1083 677 1244 732; x_wconf 88' lang='lat' dir='ltr'><strong>quam</strong></span> <span class='ocrx_word' id='word_1_34' title='bbox 1270 664 1362 719; x_wconf 83' lang='lat' dir='ltr'><strong>alii</strong></span> <span class='ocrx_word' id='word_1_35' title='bbox 1400 664 1613 736; x_wconf 79' lang='lat' dir='ltr'><strong>lapillos</strong></span> <span class='ocrx_word' id='word_1_36' title='bbox 1662 667 1834 738; x_wconf 88' lang='lat' dir='ltr'><strong>Opbir</strong></span> <span class='ocrx_word' id='word_1_37' title='bbox 1866 670 2090 728; x_wconf 86' lang='lat' dir='ltr'><strong>Serum-</strong></span> 
     </span>
    </p>
   </div>
   <div class='ocr_carea' id='block_1_8' title="bbox 504 751 2088 829">
    <p class='ocr_par' dir='ltr' id='par_1_8' title="bbox 504 751 2088 829">
     <span class='ocr_line' id='line_1_8' title="bbox 504 751 2088 829; baseline 0.01 -28"><span class='ocrx_word' id='word_1_38' title='bbox 504 764 619 819; x_wconf 73' lang='lat' dir='ltr'><strong>que</strong></span> <span class='ocrx_word' id='word_1_39' title='bbox 651 751 738 806; x_wconf 85' lang='lat' dir='ltr'><strong>lila</strong></span> <span class='ocrx_word' id='word_1_40' title='bbox 767 753 937 822; x_wconf 84' lang='lat' dir='ltr'><strong>pluris</strong></span> <span class='ocrx_word' id='word_1_41' title='bbox 987 754 1215 822; x_wconf 77' lang='lat' dir='ltr'><strong>faciens,</strong></span> <span class='ocrx_word' id='word_1_42' title='bbox 1248 756 1315 809; x_wconf 90' lang='lat' dir='ltr'><strong>ad</strong></span> <span class='ocrx_word' id='word_1_43' title='bbox 1349 771 1573 823; x_wconf 88' lang='lat' dir='ltr'><strong>novum,</strong></span> <span class='ocrx_word' id='word_1_44' title='bbox 1610 760 1690 814; x_wconf 86' lang='lat' dir='ltr'><strong>uti</strong></span> <span class='ocrx_word' id='word_1_45' title='bbox 1730 760 1934 817; x_wconf 87' lang='lat' dir='ltr'><strong>dictum</strong></span> <span class='ocrx_word' id='word_1_46' title='bbox 1980 774 2088 829; x_wconf 87' lang='lat' dir='ltr'><strong>est,</strong></span> 
     </span>
    </p>
   </div>
   <div class='ocr_carea' id='block_1_9' title="bbox 513 842 2089 925">
    <p class='ocr_par' dir='ltr' id='par_1_9' title="bbox 513 842 2089 925">
     <span class='ocr_line' id='line_1_9' title="bbox 513 842 2089 925; baseline 0.01 -30"><span class='ocrx_word' id='word_1_47' title='bbox 513 842 819 898; x_wconf 76' lang='lat' dir='ltr'><strong>Carmelum</strong></span> <span class='ocrx_word' id='word_1_48' title='bbox 846 847 1053 901; x_wconf 83' lang='lat' dir='ltr'><strong>secedit</strong></span> <span class='ocrx_word' id='word_1_49' title='bbox 1084 866 1098 903; x_wconf 89' lang='lat'><strong>:</strong></span> <span class='ocrx_word' id='word_1_50' title='bbox 1136 847 1401 917; x_wconf 70' lang='lat' dir='ltr'><strong>ejusmodi</strong></span> <span class='ocrx_word' id='word_1_51' title='bbox 1435 850 1673 918; x_wconf 83' lang='lat' dir='ltr'><strong>scilicet,</strong></span> <span class='ocrx_word' id='word_1_52' title='bbox 1697 854 1789 923; x_wconf 83' lang='lat' dir='ltr'><strong>qui</strong></span> <span class='ocrx_word' id='word_1_53' title='bbox 1827 855 1933 910; x_wconf 88' lang='lat' dir='ltr'><strong>situ</strong></span> <span class='ocrx_word' id='word_1_54' title='bbox 1970 855 2089 925; x_wconf 89' lang='lat' dir='ltr'><strong>ipso</strong></span> 
     </span>
    </p>
   </div>
   <div class='ocr_carea' id='block_1_10' title="bbox 513 933 2088 1011">
    <p class='ocr_par' dir='ltr' id='par_1_10' title="bbox 513 933 2088 1011">
     <span class='ocr_line' id='line_1_10' title="bbox 513 933 2088 1011; baseline 0.01 -24"><span class='ocrx_word' id='word_1_55' title='bbox 513 933 727 1003; x_wconf 81' lang='lat' dir='ltr'><strong>locique</strong></span> <span class='ocrx_word' id='word_1_56' title='bbox 744 936 1063 993; x_wconf 86' lang='lat' dir='ltr'><strong>dillicultate</strong></span> <span class='ocrx_word' id='word_1_57' title='bbox 1084 938 1329 993; x_wconf 83' lang='lat' dir='ltr'><strong>deforme</strong></span> <span class='ocrx_word' id='word_1_58' title='bbox 1357 941 1486 1009; x_wconf 85' lang='lat' dir='ltr'><strong>quid</strong></span> <span class='ocrx_word' id='word_1_59' title='bbox 1512 943 1816 1011; x_wconf 68' lang='lat' dir='ltr'><strong>praeferret,</strong></span> <span class='ocrx_word' id='word_1_60' title='bbox 1847 947 2088 1003; x_wconf 88' lang='lat' dir='ltr'><strong>inacces-</strong></span> 
     </span>
    </p>
   </div>
   <div class='ocr_carea' id='block_1_11' title="bbox 514 1028 2088 1109">
    <p class='ocr_par' dir='ltr' id='par_1_11' title="bbox 514 1028 2088 1109">
     <span class='ocr_line' id='line_1_11' title="bbox 514 1028 2088 1109; baseline 0.008 -29"><span class='ocrx_word' id='word_1_61' title='bbox 514 1040 683 1092; x_wconf 77' lang='lat' dir='ltr'><strong>soque</strong></span> <span class='ocrx_word' id='word_1_62' title='bbox 714 1037 767 1080; x_wconf 91' lang='lat' dir='ltr'><strong>et</strong></span> <span class='ocrx_word' id='word_1_63' title='bbox 792 1028 962 1083; x_wconf 89' lang='lat' dir='ltr'><strong>arduo</strong></span> <span class='ocrx_word' id='word_1_64' title='bbox 998 1031 1201 1085; x_wconf 88' lang='lat' dir='ltr'><strong>montis</strong></span> <span class='ocrx_word' id='word_1_65' title='bbox 1225 1031 1451 1088; x_wconf 82' lang='lat' dir='ltr'><strong>acclivis</strong></span> <span class='ocrx_word' id='word_1_66' title='bbox 1477 1034 1681 1090; x_wconf 84' lang='lat' dir='ltr'><strong>vertice</strong></span> <span class='ocrx_word' id='word_1_67' title='bbox 1714 1036 1804 1090; x_wconf 83' lang='lat' dir='ltr'><strong>vix</strong></span> <span class='ocrx_word' id='word_1_68' title='bbox 1841 1035 2088 1109; x_wconf 72' lang='lat' dir='ltr'><strong>frugibus</strong></span> 
     </span>
    </p>
   </div>
   <div class='ocr_carea' id='block_1_12' title="bbox 514 1116 2090 1199">
    <p class='ocr_par' dir='ltr' id='par_1_12' title="bbox 514 1116 2090 1199">
     <span class='ocr_line' id='line_1_12' title="bbox 514 1116 2090 1199; baseline 0.011 -31"><span class='ocrx_word' id='word_1_69' title='bbox 514 1116 638 1170; x_wconf 86' lang='lat' dir='ltr'><strong>ullis</strong></span> <span class='ocrx_word' id='word_1_70' title='bbox 667 1130 812 1175; x_wconf 85' lang='lat' dir='ltr'><strong>esset</strong></span> <span class='ocrx_word' id='word_1_71' title='bbox 851 1134 1077 1192; x_wconf 82' lang='lat' dir='ltr'><strong>propter</strong></span> <span class='ocrx_word' id='word_1_72' title='bbox 1110 1124 1458 1179; x_wconf 86' lang='lat' dir='ltr'><strong>sterilitatem</strong></span> <span class='ocrx_word' id='word_1_73' title='bbox 1488 1126 1739 1194; x_wconf 78' lang='lat' dir='ltr'><strong>idoneus,</strong></span> <span class='ocrx_word' id='word_1_74' title='bbox 1772 1144 2090 1199; x_wconf 87' lang='lat' dir='ltr'><strong>summaque</strong></span> 
     </span>
    </p>
   </div>
   <div class='ocr_carea' id='block_1_13' title="bbox 510 1208 2089 1291">
    <p class='ocr_par' dir='ltr' id='par_1_13' title="bbox 510 1208 2089 1291">
     <span class='ocr_line' id='line_1_13' title="bbox 510 1208 2089 1291; baseline 0.01 -29"><span class='ocrx_word' id='word_1_75' title='bbox 510 1208 757 1265; x_wconf 80' lang='lat' dir='ltr'><strong>siccitate</strong></span> <span class='ocrx_word' id='word_1_76' title='bbox 788 1227 854 1268; x_wconf 89' lang='lat' dir='ltr'><strong>ac</strong></span> <span class='ocrx_word' id='word_1_77' title='bbox 893 1214 1122 1284; x_wconf 89' lang='lat' dir='ltr'><strong>penuria</strong></span> <span class='ocrx_word' id='word_1_78' title='bbox 1155 1230 1418 1286; x_wconf 79' lang='lat' dir='ltr'><strong>aquarum</strong></span> <span class='ocrx_word' id='word_1_79' title='bbox 1449 1217 1744 1287; x_wconf 84' lang='lat' dir='ltr'><strong>laboraret,</strong></span> <span class='ocrx_word' id='word_1_80' title='bbox 1788 1236 1924 1291; x_wconf 86' lang='lat' dir='ltr'><strong>quas</strong></span> <span class='ocrx_word' id='word_1_81' title='bbox 1955 1237 2089 1277; x_wconf 84' lang='lat' dir='ltr'><strong>con-</strong></span> 
     </span>
    </p>
   </div>
   <div class='ocr_carea' id='block_1_14' title="bbox 511 1300 2089 1379">
    <p class='ocr_par' dir='ltr' id='par_1_14' title="bbox 511 1300 2089 1379">
     <span class='ocr_line' id='line_1_14' title="bbox 511 1300 2089 1379; baseline 0.01 -27"><span class='ocrx_word' id='word_1_82' title='bbox 511 1300 634 1369; x_wconf 69' lang='lat' dir='ltr'><strong>velli</strong></span> <span class='ocrx_word' id='word_1_83' title='bbox 660 1318 725 1358; x_wconf 89' lang='lat' dir='ltr'><strong>eo</strong></span> <span class='ocrx_word' id='word_1_84' title='bbox 751 1315 1067 1374; x_wconf 84' lang='lat' dir='ltr'><strong>oporteret;</strong></span> <span class='ocrx_word' id='word_1_85' title='bbox 1107 1322 1231 1362; x_wconf 89' lang='lat' dir='ltr'><strong>cum</strong></span> <span class='ocrx_word' id='word_1_86' title='bbox 1267 1308 1385 1379; x_wconf 83' lang='lat' dir='ltr'><strong>ipso</strong></span> <span class='ocrx_word' id='word_1_87' title='bbox 1437 1310 1581 1379; x_wconf 89' lang='lat' dir='ltr'><strong>quod</strong></span> <span class='ocrx_word' id='word_1_88' title='bbox 1633 1323 1701 1364; x_wconf 86' lang='lat' dir='ltr'><strong>ex</strong></span> <span class='ocrx_word' id='word_1_89' title='bbox 1735 1311 1973 1367; x_wconf 89' lang='lat' dir='ltr'><strong>nubibus</strong></span> <span class='ocrx_word' id='word_1_90' title='bbox 2004 1322 2089 1367; x_wconf 88' lang='lat' dir='ltr'><strong>est</strong></span> 
     </span>
    </p>
   </div>
   <div class='ocr_carea' id='block_1_15' title="bbox 514 1394 2086 1463">
    <p class='ocr_par' dir='ltr' id='par_1_15' title="bbox 514 1394 2086 1463">
     <span class='ocr_line' id='line_1_15' title="bbox 514 1394 2086 1463; baseline 0.007 -16"><span class='ocrx_word' id='word_1_91' title='bbox 514 1394 849 1463; x_wconf 82' lang='lat' dir='ltr'><strong>irrigatiouis</strong></span> <span class='ocrx_word' id='word_1_92' title='bbox 889 1400 1174 1454; x_wconf 86' lang='lat' dir='ltr'><strong>commodo</strong></span> <span class='ocrx_word' id='word_1_93' title='bbox 1208 1411 1424 1457; x_wconf 82' lang='lat' dir='ltr'><strong>careret</strong></span> <span class='ocrx_word' id='word_1_94' title='bbox 1456 1404 1528 1457; x_wconf 90' lang='lat' dir='ltr'><strong>ob</strong></span> <span class='ocrx_word' id='word_1_95' title='bbox 1558 1403 1659 1459; x_wconf 91' lang='lat' dir='ltr'><strong>loci</strong></span> <span class='ocrx_word' id='word_1_96' title='bbox 1695 1404 2086 1460; x_wconf 82' lang='lat' dir='ltr'><strong>declivitatem.</strong></span> 
     </span>
    </p>
   </div>
   <div class='ocr_carea' id='block_1_16' title="bbox 588 1483 2091 1561">
    <p class='ocr_par' dir='ltr' id='par_1_16' title="bbox 588 1483 2091 1561">
     <span class='ocr_line' id='line_1_16' title="bbox 588 1483 2091 1561; baseline 0.007 -24"><span class='ocrx_word' id='word_1_97' title='bbox 588 1484 676 1539; x_wconf 72' lang='lat'><strong>13.</strong></span> <span class='ocrx_word' id='word_1_98' title='bbox 718 1483 918 1541; x_wconf 84' lang='lat' dir='ltr'><strong>Verum</strong></span> <span class='ocrx_word' id='word_1_99' title='bbox 961 1488 1089 1556; x_wconf 89' lang='lat' dir='ltr'><strong>quid</strong></span> <span class='ocrx_word' id='word_1_100' title='bbox 1142 1488 1338 1544; x_wconf 90' lang='lat' dir='ltr'><strong>attinet</strong></span> <span class='ocrx_word' id='word_1_101' title='bbox 1388 1491 1488 1546; x_wconf 86' lang='lat' dir='ltr'><strong>soli</strong></span> <span class='ocrx_word' id='word_1_102' title='bbox 1523 1492 1782 1546; x_wconf 84' lang='lat' dir='ltr'><strong>duritiem</strong></span> <span class='ocrx_word' id='word_1_103' title='bbox 1843 1492 2091 1561; x_wconf 88' lang='lat' dir='ltr'><strong>situsque</strong></span> 
     </span>
    </p>
   </div>
   <div class='ocr_carea' id='block_1_17' title="bbox 516 1573 2091 1651">
    <p class='ocr_par' dir='ltr' id='par_1_17' title="bbox 516 1573 2091 1651">
     <span class='ocr_line' id='line_1_17' title="bbox 516 1573 2091 1651; baseline 0.006 -25"><span class='ocrx_word' id='word_1_104' title='bbox 516 1573 858 1631; x_wconf 86' lang='lat' dir='ltr'><strong>incommoda</strong></span> <span class='ocrx_word' id='word_1_105' title='bbox 882 1575 1113 1645; x_wconf 92' lang='lat' dir='ltr'><strong>proferri</strong></span> <span class='ocrx_word' id='word_1_106' title='bbox 1140 1578 1407 1648; x_wconf 80' lang='lat' dir='ltr'><strong>pluribus,</strong></span> <span class='ocrx_word' id='word_1_107' title='bbox 1442 1595 1562 1634; x_wconf 91' lang='lat' dir='ltr'><strong>cum</strong></span> <span class='ocrx_word' id='word_1_108' title='bbox 1586 1582 1779 1650; x_wconf 78' lang='lat' dir='ltr'><strong>possit,</strong></span> <span class='ocrx_word' id='word_1_109' title='bbox 1807 1580 1852 1636; x_wconf 87' lang='lat' dir='ltr'><strong>si</strong></span> <span class='ocrx_word' id='word_1_110' title='bbox 1878 1581 2001 1651; x_wconf 87' lang='lat' dir='ltr'><strong>quis</strong></span> <span class='ocrx_word' id='word_1_111' title='bbox 2024 1596 2091 1636; x_wconf 91' lang='lat' dir='ltr'><strong>eo</strong></span> 
     </span>
    </p>
   </div>
   <div class='ocr_carea' id='block_1_18' title="bbox 515 1666 2088 1745">
    <p class='ocr_par' dir='ltr' id='par_1_18' title="bbox 515 1666 2088 1745">
     <span class='ocr_line' id='line_1_18' title="bbox 515 1666 2088 1745; baseline 0.006 -26"><span class='ocrx_word' id='word_1_112' title='bbox 515 1666 834 1734; x_wconf 88' lang='lat' dir='ltr'><strong>accesserit,</strong></span> <span class='ocrx_word' id='word_1_113' title='bbox 874 1667 978 1723; x_wconf 89' lang='lat' dir='ltr'><strong>Ieci</strong></span> <span class='ocrx_word' id='word_1_114' title='bbox 1007 1669 1242 1725; x_wconf 85' lang='lat' dir='ltr'><strong>indolem</strong></span> <span class='ocrx_word' id='word_1_115' title='bbox 1264 1671 1468 1729; x_wconf 88' lang='lat' dir='ltr'><strong>clarius</strong></span> <span class='ocrx_word' id='word_1_116' title='bbox 1497 1687 1826 1743; x_wconf 75' lang='lat' dir='ltr'><strong>cognoscere</strong></span> <span class='ocrx_word' id='word_1_117' title='bbox 1850 1683 1905 1729; x_wconf 91' lang='lat' dir='ltr'><strong>et</strong></span> <span class='ocrx_word' id='word_1_118' title='bbox 1924 1688 2088 1745; x_wconf 85' lang='lat' dir='ltr'><strong>supra</strong></span> 
     </span>
    </p>
   </div>
   <div class='ocr_carea' id='block_1_19' title="bbox 2188 495 3776 576">
    <p class='ocr_par' dir='ltr' id='par_1_19' title="bbox 2188 495 3776 576">
     <span class='ocr_line' id='line_1_19' title="bbox 2188 495 3776 576; baseline 0.005 -27"><span class='ocrx_word' id='word_1_119' title='bbox 2188 496 2287 549; x_wconf 79' lang='grc' dir='ltr'>καὶ</span> <span class='ocrx_word' id='word_1_120' title='bbox 2319 495 2419 566; x_wconf 75' lang='grc' dir='ltr'>τὴν</span> <span class='ocrx_word' id='word_1_121' title='bbox 2462 496 2572 549; x_wconf 88' lang='grc' dir='ltr'><strong>τῶν</strong></span> <span class='ocrx_word' id='word_1_122' title='bbox 2609 496 2862 565; x_wconf 82' lang='grc' dir='ltr'>ἀγγέλων</span> <span class='ocrx_word' id='word_1_123' title='bbox 2916 495 3226 561; x_wconf 74' lang='grc' dir='ltr'>ἀσπάζεται</span> <span class='ocrx_word' id='word_1_124' title='bbox 3275 499 3513 554; x_wconf 84' lang='grc' dir='ltr'>δίαιταν.</span> <span class='ocrx_word' id='word_1_125' title='bbox 3556 501 3776 576; x_wconf 77' lang='grc' dir='ltr'>Ταύτην</span> 
     </span>
    </p>
   </div>
   <div class='ocr_carea' id='block_1_20' title="bbox 2189 581 3774 661">
    <p class='ocr_par' dir='ltr' id='par_1_20' title="bbox 2189 581 3774 661">
     <span class='ocr_line' id='line_1_20' title="bbox 2189 581 3774 661; baseline 0.006 -22"><span class='ocrx_word' id='word_1_126' title='bbox 2189 581 2284 639; x_wconf 82' lang='grc' dir='ltr'>οὖν</span> <span class='ocrx_word' id='word_1_127' title='bbox 2312 585 2656 657; x_wconf 75' lang='grc' dir='ltr'><strong>συνέμπορον</strong></span> <span class='ocrx_word' id='word_1_128' title='bbox 2685 588 2715 641; x_wconf 81' lang='grc' dir='ltr'><strong>ὁ</strong></span> <span class='ocrx_word' id='word_1_129' title='bbox 2763 584 3184 657; x_wconf 74' lang='grc' dir='ltr'>μεγαλέμπορος</span> <span class='ocrx_word' id='word_1_130' title='bbox 3214 581 3369 651; x_wconf 70' lang='grc' dir='ltr'>οὗτος</span> <span class='ocrx_word' id='word_1_131' title='bbox 3405 591 3774 661; x_wconf 82' lang='grc' dir='ltr'>κτησάμενος,</span> 
     </span>
    </p>
   </div>
   <div class='ocr_carea' id='block_1_21' title="bbox 2190 674 3778 752">
    <p class='ocr_par' dir='ltr' id='par_1_21' title="bbox 2190 674 3778 752">
     <span class='ocr_line' id='line_1_21' title="bbox 2190 674 3778 752; baseline 0.003 -23"><span class='ocrx_word' id='word_1_132' title='bbox 2190 676 2285 729; x_wconf 78' lang='grc' dir='ltr'>καὶ</span> <span class='ocrx_word' id='word_1_133' title='bbox 2317 677 2564 746; x_wconf 77' lang='grc' dir='ltr'>σσέργων</span> <span class='ocrx_word' id='word_1_134' title='bbox 2609 678 2675 729; x_wconf 76' lang='grc' dir='ltr'>ὲκ</span> <span class='ocrx_word' id='word_1_135' title='bbox 2706 675 2938 742; x_wconf 82' lang='grc' dir='ltr'>πολλῶν,</span> <span class='ocrx_word' id='word_1_136' title='bbox 2983 674 3172 748; x_wconf 77' lang='grc' dir='ltr'>[πλέον</span> <span class='ocrx_word' id='word_1_137' title='bbox 3202 674 3261 748; x_wconf 71' lang='grc' dir='ltr'><strong>ἦ]</strong></span> <span class='ocrx_word' id='word_1_138' title='bbox 3299 677 3406 731; x_wconf 86' lang='grc' dir='ltr'><strong>τῶν</strong></span> <span class='ocrx_word' id='word_1_139' title='bbox 3444 680 3510 731; x_wconf 84' lang='grc' dir='ltr'>ὲκ</span> <span class='ocrx_word' id='word_1_140' title='bbox 3555 679 3778 752; x_wconf 75' lang='grc' dir='ltr'>Σουφάρ</span> 
     </span>
    </p>
   </div>
   <div class='ocr_carea' id='block_1_22' title="bbox 2190 765 3777 841">
    <p class='ocr_par' dir='ltr' id='par_1_22' title="bbox 2190 765 3777 841">
     <span class='ocr_line' id='line_1_22' title="bbox 2190 765 3777 841; baseline 0.004 -22"><span class='ocrx_word' id='word_1_141' title='bbox 2190 765 2354 820; x_wconf 87' lang='grc' dir='ltr'>λίθων</span> <span class='ocrx_word' id='word_1_142' title='bbox 2388 768 2482 820; x_wconf 72' lang='grc' dir='ltr'><strong>καὶ</strong></span> <span class='ocrx_word' id='word_1_143' title='bbox 2512 767 2703 838; x_wconf 83' lang='grc' dir='ltr'>Σηρῶν</span> <span class='ocrx_word' id='word_1_144' title='bbox 2742 768 3001 839; x_wconf 80' lang='grc' dir='ltr'>νημάτων</span> <span class='ocrx_word' id='word_1_145' title='bbox 3047 768 3249 841; x_wconf 56' lang='grc' dir='ltr'>ῑτηεροι,</span> <span class='ocrx_word' id='word_1_146' title='bbox 3286 771 3380 822; x_wconf 71' lang='grc' dir='ltr'><strong>ἐπὶ</strong></span> <span class='ocrx_word' id='word_1_147' title='bbox 3422 770 3537 835; x_wconf 77' lang='grc' dir='ltr'>τὸν,</span> <span class='ocrx_word' id='word_1_148' title='bbox 3583 771 3659 836; x_wconf 87' lang='grc' dir='ltr'><strong>ῶς</strong></span> <span class='ocrx_word' id='word_1_149' title='bbox 3699 772 3777 826; x_wconf 79' lang='grc' dir='ltr'>εί-</span> 
     </span>
    </p>
   </div>
   <div class='ocr_carea' id='block_1_23' title="bbox 2192 859 3774 932">
    <p class='ocr_par' dir='ltr' id='par_1_23' title="bbox 2192 859 3774 932">
     <span class='ocr_line' id='line_1_23' title="bbox 2192 859 3774 932; baseline 0.003 -19"><span class='ocrx_word' id='word_1_150' title='bbox 2192 876 2377 931; x_wconf 84' lang='grc' dir='ltr'>ρηται,</span> <span class='ocrx_word' id='word_1_151' title='bbox 2397 860 2517 914; x_wconf 78' lang='grc' dir='ltr'>νέον</span> <span class='ocrx_word' id='word_1_152' title='bbox 2543 859 2846 931; x_wconf 79' lang='grc' dir='ltr'>Κάρμηλον</span> <span class='ocrx_word' id='word_1_153' title='bbox 2877 859 3337 931; x_wconf 75' lang='grc' dir='ltr'>τετοοτραχύτητι</span> <span class='ocrx_word' id='word_1_154' title='bbox 3370 862 3469 932; x_wconf 69' lang='grc' dir='ltr'>μὲν</span> <span class='ocrx_word' id='word_1_155' title='bbox 3508 864 3604 917; x_wconf 69' lang='grc' dir='ltr'>καὶ</span> <span class='ocrx_word' id='word_1_156' title='bbox 3644 865 3774 918; x_wconf 80' lang='grc' dir='ltr'>δυσ-</span> 
     </span>
    </p>
   </div>
   <div class='ocr_carea' id='block_1_24' title="bbox 2189 953 3776 1029">
    <p class='ocr_par' dir='ltr' id='par_1_24' title="bbox 2189 953 3776 1029">
     <span class='ocr_line' id='line_1_24' title="bbox 2189 953 3776 1029; baseline 0.004 -23"><span class='ocrx_word' id='word_1_157' title='bbox 2189 954 2365 1027; x_wconf 71' lang='grc' dir='ltr'>χωρία</span> <span class='ocrx_word' id='word_1_158' title='bbox 2401 954 2463 1008; x_wconf 68' lang='grc' dir='ltr'>τὸ</span> <span class='ocrx_word' id='word_1_159' title='bbox 2485 953 2722 1018; x_wconf 75' lang='grc' dir='ltr'><strong>ἀκαλλὲς</strong></span> <span class='ocrx_word' id='word_1_160' title='bbox 2766 953 3205 1026; x_wconf 72' lang='grc' dir='ltr'><strong>ἐνδεικνύμενον,</strong></span> <span class='ocrx_word' id='word_1_161' title='bbox 3229 954 3307 1026; x_wconf 86' lang='grc' dir='ltr'>τῷ</span> <span class='ocrx_word' id='word_1_162' title='bbox 3337 955 3556 1010; x_wconf 70' lang='grc' dir='ltr'>ἀνάντει</span> <span class='ocrx_word' id='word_1_163' title='bbox 3587 956 3646 1011; x_wconf 67' lang='grc' dir='ltr'>δι</span> <span class='ocrx_word' id='word_1_164' title='bbox 3674 958 3776 1029; x_wconf 82' lang='grc' dir='ltr'>τῆς</span> 
     </span>
    </p>
   </div>
   <div class='ocr_carea' id='block_1_25' title="bbox 2189 1046 3777 1119">
    <p class='ocr_par' dir='ltr' id='par_1_25' title="bbox 2189 1046 3777 1119">
     <span class='ocr_line' id='line_1_25' title="bbox 2189 1046 3777 1119; baseline 0.001 -18"><span class='ocrx_word' id='word_1_165' title='bbox 2189 1046 2504 1118; x_wconf 80' lang='grc' dir='ltr'><strong>ἀκρωρείας</strong></span> <span class='ocrx_word' id='word_1_166' title='bbox 2556 1047 2762 1119; x_wconf 83' lang='grc' dir='ltr'>πολλὴν</span> <span class='ocrx_word' id='word_1_167' title='bbox 2803 1048 2942 1118; x_wconf 78' lang='grc' dir='ltr'>πρὸς</span> <span class='ocrx_word' id='word_1_168' title='bbox 2971 1048 3361 1117; x_wconf 69' lang='grc' dir='ltr'>καρπογονίαν</span> <span class='ocrx_word' id='word_1_169' title='bbox 3400 1049 3777 1118; x_wconf 76' lang='grc' dir='ltr'>ὑποφαίνοντα</span> 
     </span>
    </p>
   </div>
   <div class='ocr_carea' id='block_1_26' title="bbox 2194 1137 3776 1211">
    <p class='ocr_par' dir='ltr' id='par_1_26' title="bbox 2194 1137 3776 1211">
     <span class='ocr_line' id='line_1_26' title="bbox 2194 1137 3776 1211; baseline 0 -18"><span class='ocrx_word' id='word_1_170' title='bbox 2194 1139 2516 1211; x_wconf 86' lang='grc' dir='ltr'>στείρωσιν,</span> <span class='ocrx_word' id='word_1_171' title='bbox 2592 1137 2912 1209; x_wconf 81' lang='grc' dir='ltr'>πολυδίψιδν</span> <span class='ocrx_word' id='word_1_172' title='bbox 2943 1156 3005 1193; x_wconf 83' lang='grc' dir='ltr'><strong>τε</strong></span> <span class='ocrx_word' id='word_1_173' title='bbox 3038 1141 3134 1194; x_wconf 77' lang='grc' dir='ltr'>καὶ</span> <span class='ocrx_word' id='word_1_174' title='bbox 3178 1141 3443 1209; x_wconf 77' lang='grc' dir='ltr'><strong>ἄτεγκτον</strong></span> <span class='ocrx_word' id='word_1_175' title='bbox 3484 1141 3582 1193; x_wconf 66' lang='lat' dir='ltr'><strong>atat</strong></span> <span class='ocrx_word' id='word_1_176' title='bbox 3618 1143 3667 1194; x_wconf 83' lang='grc' dir='ltr'><strong>εἰ</strong></span> <span class='ocrx_word' id='word_1_177' title='bbox 3701 1141 3776 1211; x_wconf 76' lang='grc' dir='ltr'>μὴ</span> 
     </span>
    </p>
   </div>
   <div class='ocr_carea' id='block_1_27' title="bbox 2192 1229 3777 1303">
    <p class='ocr_par' dir='ltr' id='par_1_27' title="bbox 2192 1229 3777 1303">
     <span class='ocr_line' id='line_1_27' title="bbox 2192 1229 3777 1303; baseline 0.001 -19"><span class='ocrx_word' id='word_1_178' title='bbox 2192 1230 2452 1302; x_wconf 78' lang='grc' dir='ltr'>φορητὸν.</span> <span class='ocrx_word' id='word_1_179' title='bbox 2476 1230 2648 1302; x_wconf 78' lang='grc' dir='ltr'>αὐτῆς</span> <span class='ocrx_word' id='word_1_180' title='bbox 2677 1229 2777 1302; x_wconf 80' lang='grc' dir='ltr'>τῆς</span> <span class='ocrx_word' id='word_1_181' title='bbox 2800 1232 2865 1285; x_wconf 74' lang='grc' dir='ltr'>ὲκ</span> <span class='ocrx_word' id='word_1_182' title='bbox 2891 1230 3070 1298; x_wconf 76' lang='grc' dir='ltr'>νεφῶν</span> <span class='ocrx_word' id='word_1_183' title='bbox 3092 1232 3356 1302; x_wconf 79' lang='grc' dir='ltr'>ὲπιρῤοῆς</span> <span class='ocrx_word' id='word_1_184' title='bbox 3376 1231 3464 1285; x_wconf 63' lang='grc' dir='ltr'><strong>διὰ</strong></span> <span class='ocrx_word' id='word_1_185' title='bbox 3490 1232 3550 1284; x_wconf 82' lang='grc' dir='ltr'>τὸ</span> <span class='ocrx_word' id='word_1_186' title='bbox 3572 1230 3777 1303; x_wconf 70' lang='grc' dir='ltr'>πρανὶς</span> 
     </span>
    </p>
   </div>
   <div class='ocr_carea' id='block_1_28' title="bbox 2193 1325 2741 1397">
    <p class='ocr_par' dir='ltr' id='par_1_28' title="bbox 2193 1325 2741 1397">
     <span class='ocr_line' id='line_1_28' title="bbox 2193 1325 2741 1397; baseline 0.002 -21"><span class='ocrx_word' id='word_1_187' title='bbox 2193 1325 2637 1397; x_wconf 85' lang='grc' dir='ltr'>στερισκόμενον.</span> <span class='ocrx_word' id='word_1_188' title='bbox 2728 1328 2741 1333; x_wconf 73' lang='grc'><em>’</em></span> 
     </span>
    </p>
   </div>
   <div class='ocr_carea' id='block_1_29' title="bbox 2264 1501 3779 1577">
    <p class='ocr_par' dir='ltr' id='par_1_29' title="bbox 2264 1501 3779 1577">
     <span class='ocr_line' id='line_1_29' title="bbox 2264 1501 3779 1577; baseline 0.002 -21"><span class='ocrx_word' id='word_1_189' title='bbox 2264 1508 2356 1572; x_wconf 85' lang='grc' dir='ltr'>ιγ’.</span> <span class='ocrx_word' id='word_1_190' title='bbox 2387 1503 2501 1558; x_wconf 74' lang='grc' dir='ltr'><strong>Καὶ</strong></span> <span class='ocrx_word' id='word_1_191' title='bbox 2531 1502 2583 1557; x_wconf 85' lang='grc' dir='ltr'><strong>τί</strong></span> <span class='ocrx_word' id='word_1_192' title='bbox 2610 1503 2694 1557; x_wconf 75' lang='grc' dir='ltr'>δεῖ</span> <span class='ocrx_word' id='word_1_193' title='bbox 2737 1504 2798 1557; x_wconf 75' lang='grc' dir='ltr'><strong>τὸ</strong></span> <span class='ocrx_word' id='word_1_194' title='bbox 2843 1504 3139 1567; x_wconf 70' lang='grc' dir='ltr'>ἀντιτυπὲς</span> <span class='ocrx_word' id='word_1_195' title='bbox 3173 1501 3270 1557; x_wconf 80' lang='grc' dir='ltr'><strong>τοῦ</strong></span> <span class='ocrx_word' id='word_1_196' title='bbox 3301 1502 3491 1573; x_wconf 82' lang='grc' dir='ltr'>χώρου</span> <span class='ocrx_word' id='word_1_197' title='bbox 3513 1503 3608 1556; x_wconf 78' lang='grc' dir='ltr'>καὶ</span> <span class='ocrx_word' id='word_1_198' title='bbox 3642 1502 3779 1577; x_wconf 75' lang='grc' dir='ltr'>πρὸς</span> 
     </span>
    </p>
   </div>
   <div class='ocr_carea' id='block_1_30' title="bbox 2192 1594 3782 1670">
    <p class='ocr_par' dir='ltr' id='par_1_30' title="bbox 2192 1594 3782 1670">
     <span class='ocr_line' id='line_1_30' title="bbox 2192 1594 3782 1670; baseline 0.001 -22"><span class='ocrx_word' id='word_1_199' title='bbox 2192 1594 2398 1659; x_wconf 79' lang='grc' dir='ltr'>θέσεως</span> <span class='ocrx_word' id='word_1_200' title='bbox 2421 1596 2712 1670; x_wconf 71' lang='grc' dir='ltr'>εὐμοιρίαν</span> <span class='ocrx_word' id='word_1_201' title='bbox 2739 1595 3060 1668; x_wconf 65' lang='grc' dir='ltr'>ἀσύμφορον</span> <span class='ocrx_word' id='word_1_202' title='bbox 3087 1595 3322 1649; x_wconf 65' lang='grc' dir='ltr'>ἐπιπολὺ</span> <span class='ocrx_word' id='word_1_203' title='bbox 3357 1594 3435 1666; x_wconf 80' lang='grc' dir='ltr'>τῷ</span> <span class='ocrx_word' id='word_1_204' title='bbox 3459 1594 3603 1666; x_wconf 83' lang='grc' dir='ltr'>λόγῳ</span> <span class='ocrx_word' id='word_1_205' title='bbox 3628 1596 3782 1649; x_wconf 72' lang='grc' dir='ltr'>ἐνδα-</span> 
     </span>
    </p>
   </div>
   <div class='ocr_carea' id='block_1_31' title="bbox 2191 1684 3780 1757">
    <p class='ocr_par' dir='ltr' id='par_1_31' title="bbox 2191 1684 3780 1757">
     <span class='ocr_line' id='line_1_31' title="bbox 2191 1684 3780 1757; baseline -0.001 -17"><span class='ocrx_word' id='word_1_206' title='bbox 2191 1685 2545 1757; x_wconf 77' lang='grc' dir='ltr'>ψιλεύεσθαι,</span> <span class='ocrx_word' id='word_1_207' title='bbox 2592 1686 2715 1740; x_wconf 78' lang='grc' dir='ltr'>ὲνδν</span> <span class='ocrx_word' id='word_1_208' title='bbox 2748 1686 2927 1739; x_wconf 66' lang='lat' dir='ltr'><strong>basiat</strong></span> <span class='ocrx_word' id='word_1_209' title='bbox 2976 1685 3274 1757; x_wconf 78' lang='grc' dir='ltr'>γενόμενον</span> <span class='ocrx_word' id='word_1_210' title='bbox 3319 1684 3410 1738; x_wconf 76' lang='grc' dir='ltr'>τὸν</span> <span class='ocrx_word' id='word_1_211' title='bbox 3459 1684 3780 1757; x_wconf 82' lang='grc' dir='ltr'>βουλόμενον</span> 
     </span>
    </p>
   </div>
   <div class='ocr_carea' id='block_1_32' title="bbox 516 1760 2091 1849">
    <p class='ocr_par' dir='ltr' id='par_1_32' title="bbox 516 1761 2091 1838">
     <span class='ocr_line' id='line_1_32' title="bbox 516 1761 2091 1838; baseline 0.008 -26"><span class='ocrx_word' id='word_1_212' title='bbox 516 1772 738 1815; x_wconf 87' lang='lat' dir='ltr'><strong>omnem</strong></span> <span class='ocrx_word' id='word_1_213' title='bbox 794 1761 1061 1817; x_wconf 84' lang='lat' dir='ltr'><strong>orationis</strong></span> <span class='ocrx_word' id='word_1_214' title='bbox 1101 1762 1209 1818; x_wconf 88' lang='lat' dir='ltr'><strong>vim</strong></span> <span class='ocrx_word' id='word_1_215' title='bbox 1252 1763 1385 1833; x_wconf 82' lang='lat' dir='ltr'><strong>ipsis</strong></span> <span class='ocrx_word' id='word_1_216' title='bbox 1419 1765 1593 1820; x_wconf 84' lang='lat' dir='ltr'><strong>oculis</strong></span> <span class='ocrx_word' id='word_1_217' title='bbox 1621 1767 1894 1823; x_wconf 63' lang='lat' dir='ltr'><strong>aestimare</strong></span> <span class='ocrx_word' id='word_1_218' title='bbox 1931 1779 2091 1838; x_wconf 87' lang='lat' dir='ltr'><strong>atque</strong></span> 
     </span>
    </p>
   </div>
   <div class='ocr_carea' id='block_1_33' title="bbox 2196 1760 3781 1849">
    <p class='ocr_par' dir='ltr' id='par_1_33' title="bbox 2200 1774 3781 1849">
     <span class='ocr_line' id='line_1_33' title="bbox 2200 1774 3781 1849; baseline -0.001 -18"><span class='ocrx_word' id='word_1_219' title='bbox 2200 1777 2309 1848; x_wconf 79' lang='grc' dir='ltr'>πρὸ</span> <span class='ocrx_word' id='word_1_220' title='bbox 2343 1775 2441 1829; x_wconf 76' lang='grc' dir='ltr'><strong>τοῦ</strong></span> <span class='ocrx_word' id='word_1_221' title='bbox 2482 1776 2642 1845; x_wconf 84' lang='grc' dir='ltr'>λόγου</span> <span class='ocrx_word' id='word_1_222' title='bbox 2677 1777 2745 1830; x_wconf 65' lang='grc' dir='ltr'>τὰ</span> <span class='ocrx_word' id='word_1_223' title='bbox 2782 1775 2877 1830; x_wconf 77' lang='grc' dir='ltr'>τοῦ</span> <span class='ocrx_word' id='word_1_224' title='bbox 2907 1776 3077 1830; x_wconf 83' lang='grc' dir='ltr'>τόπου</span> <span class='ocrx_word' id='word_1_225' title='bbox 3108 1776 3374 1849; x_wconf 82' lang='grc' dir='ltr'>γνωρίσαι</span> <span class='ocrx_word' id='word_1_226' title='bbox 3396 1816 3410 1841; x_wconf 91' lang='grc'><strong>,</strong></span> <span class='ocrx_word' id='word_1_227' title='bbox 3443 1774 3535 1830; x_wconf 76' lang='grc' dir='ltr'>καὶ</span> <span class='ocrx_word' id='word_1_228' title='bbox 3572 1777 3781 1845; x_wconf 77' lang='grc' dir='ltr'>τεκμή-</span> 
     </span>
    </p>
   </div>
   <div class='ocr_carea' id='block_1_34' title="bbox 518 1851 2092 1927">
    <p class='ocr_par' dir='ltr' id='par_1_34' title="bbox 518 1851 2092 1927">
     <span class='ocr_line' id='line_1_34' title="bbox 518 1851 2092 1927; baseline 0.006 -22"><span class='ocrx_word' id='word_1_229' title='bbox 518 1851 827 1922; x_wconf 80' lang='lat' dir='ltr'><strong>conjicere,</strong></span> <span class='ocrx_word' id='word_1_230' title='bbox 869 1853 1049 1923; x_wconf 84' lang='lat' dir='ltr'><strong>qualis</strong></span> <span class='ocrx_word' id='word_1_231' title='bbox 1080 1868 1147 1909; x_wconf 89' lang='lat' dir='ltr'><strong>ex</strong></span> <span class='ocrx_word' id='word_1_232' title='bbox 1194 1855 1339 1925; x_wconf 82' lang='lat' dir='ltr'><strong>quali</strong></span> <span class='ocrx_word' id='word_1_233' title='bbox 1371 1855 1437 1910; x_wconf 88' lang='lat' dir='ltr'><strong>ab</strong></span> <span class='ocrx_word' id='word_1_234' title='bbox 1466 1871 1532 1911; x_wconf 89' lang='lat' dir='ltr'><strong>eo</strong></span> <span class='ocrx_word' id='word_1_235' title='bbox 1568 1866 1812 1927; x_wconf 90' lang='lat' dir='ltr'><strong>tempore</strong></span> <span class='ocrx_word' id='word_1_236' title='bbox 1853 1870 2092 1914; x_wconf 80' lang='lat' dir='ltr'><strong>mutatus</strong></span> 
     </span>
    </p>
   </div>
   <div class='ocr_carea' id='block_1_35' title="bbox 519 1943 2095 2021">
    <p class='ocr_par' dir='ltr' id='par_1_35' title="bbox 519 1943 2095 2021">
     <span class='ocr_line' id='line_1_35' title="bbox 519 1943 2095 2021; baseline 0.005 -23"><span class='ocrx_word' id='word_1_237' title='bbox 519 1944 615 2000; x_wconf 77' lang='lat' dir='ltr'><strong>sit.</strong></span> <span class='ocrx_word' id='word_1_238' title='bbox 643 1943 854 2000; x_wconf 86' lang='lat' dir='ltr'><strong>Etenim</strong></span> <span class='ocrx_word' id='word_1_239' title='bbox 894 1946 1041 2001; x_wconf 87' lang='lat' dir='ltr'><strong>velut</strong></span> <span class='ocrx_word' id='word_1_240' title='bbox 1065 1961 1284 2003; x_wconf 80' lang='lat' dir='ltr'><strong>exesam</strong></span> <span class='ocrx_word' id='word_1_241' title='bbox 1326 1962 1733 2021; x_wconf 84' lang='lat' dir='ltr'><strong>pannosamque</strong></span> <span class='ocrx_word' id='word_1_242' title='bbox 1767 1961 1995 2018; x_wconf 84' lang='lat' dir='ltr'><strong>vestem,</strong></span> <span class='ocrx_word' id='word_1_243' title='bbox 2031 1952 2095 2006; x_wconf 84' lang='lat' dir='ltr'><strong>il-</strong></span> 
     </span>
    </p>
   </div>
   <div class='ocr_carea' id='block_1_36' title="bbox 511 2035 2094 2113">
    <p class='ocr_par' dir='ltr' id='par_1_36' title="bbox 511 2035 2094 2113">
     <span class='ocr_line' id='line_1_36' title="bbox 511 2035 2094 2113; baseline 0.006 -23"><span class='ocrx_word' id='word_1_244' title='bbox 511 2036 629 2090; x_wconf 77' lang='lat' dir='ltr'><strong>lunt</strong></span> <span class='ocrx_word' id='word_1_245' title='bbox 664 2035 763 2092; x_wconf 88' lang='lat' dir='ltr'><strong>soli</strong></span> <span class='ocrx_word' id='word_1_246' title='bbox 802 2038 1081 2094; x_wconf 81' lang='lat' dir='ltr'><strong>horrorem</strong></span> <span class='ocrx_word' id='word_1_247' title='bbox 1113 2038 1486 2112; x_wconf 83' lang='lat' dir='ltr'><strong>incultamque</strong></span> <span class='ocrx_word' id='word_1_248' title='bbox 1505 2044 1749 2113; x_wconf 80' lang='lat' dir='ltr'><strong>speciem</strong></span> <span class='ocrx_word' id='word_1_249' title='bbox 1775 2058 2011 2110; x_wconf 76' lang='lat' dir='ltr'><strong>exuens,</strong></span> <span class='ocrx_word' id='word_1_250' title='bbox 2037 2054 2094 2100; x_wconf 86' lang='lat' dir='ltr'><strong>ct</strong></span> 
     </span>
    </p>
   </div>
   <div class='ocr_carea' id='block_1_37' title="bbox 518 2125 2090 2207">
    <p class='ocr_par' dir='ltr' id='par_1_37' title="bbox 518 2125 2090 2207">
     <span class='ocr_line' id='line_1_37' title="bbox 518 2125 2090 2207; baseline 0.008 -28"><span class='ocrx_word' id='word_1_251' title='bbox 518 2125 799 2182; x_wconf 82' lang='lat' dir='ltr'><strong>fertilitate</strong></span> <span class='ocrx_word' id='word_1_252' title='bbox 818 2129 990 2199; x_wconf 82' lang='lat' dir='ltr'><strong>glebae</strong></span> <span class='ocrx_word' id='word_1_253' title='bbox 1012 2130 1318 2188; x_wconf 85' lang='lat' dir='ltr'><strong>sterilitatis</strong></span> <span class='ocrx_word' id='word_1_254' title='bbox 1344 2134 1762 2204; x_wconf 74' lang='lat' dir='ltr'><strong>appellationem</strong></span> <span class='ocrx_word' id='word_1_255' title='bbox 1783 2135 2090 2207; x_wconf 82' lang='lat' dir='ltr'><strong>deponens;</strong></span> 
     </span>
    </p>
   </div>
   <div class='ocr_carea' id='block_1_38' title="bbox 516 2218 2090 2299">
    <p class='ocr_par' dir='ltr' id='par_1_38' title="bbox 516 2218 2090 2299">
     <span class='ocr_line' id='line_1_38' title="bbox 516 2218 2090 2299; baseline 0.006 -28"><span class='ocrx_word' id='word_1_256' title='bbox 516 2218 609 2285; x_wconf 85' lang='lat' dir='ltr'><strong>qui</strong></span> <span class='ocrx_word' id='word_1_257' title='bbox 639 2231 769 2276; x_wconf 85' lang='lat' dir='ltr'><strong>ante</strong></span> <span class='ocrx_word' id='word_1_258' title='bbox 803 2230 926 2275; x_wconf 91' lang='lat' dir='ltr'><strong>erat</strong></span> <span class='ocrx_word' id='word_1_259' title='bbox 956 2222 1164 2289; x_wconf 88' lang='lat' dir='ltr'><strong>aridus,</strong></span> <span class='ocrx_word' id='word_1_260' title='bbox 1195 2224 1403 2281; x_wconf 68' lang='lat' dir='ltr'><strong>caelesti</strong></span> <span class='ocrx_word' id='word_1_261' title='bbox 1432 2226 1608 2283; x_wconf 90' lang='lat' dir='ltr'><strong>imbre</strong></span> <span class='ocrx_word' id='word_1_262' title='bbox 1646 2243 1744 2299; x_wconf 91' lang='lat' dir='ltr'><strong>per</strong></span> <span class='ocrx_word' id='word_1_263' title='bbox 1784 2239 1942 2283; x_wconf 71' lang='lat' dir='ltr'><strong>terra:</strong></span> <span class='ocrx_word' id='word_1_264' title='bbox 1975 2229 2090 2283; x_wconf 83' lang='lat' dir='ltr'><strong>ltia-</strong></span> 
     </span>
    </p>
   </div>
   <div class='ocr_carea' id='block_1_39' title="bbox 517 2310 2092 2391">
    <p class='ocr_par' dir='ltr' id='par_1_39' title="bbox 517 2310 2092 2391">
     <span class='ocr_line' id='line_1_39' title="bbox 517 2310 2092 2391; baseline 0.008 -28"><span class='ocrx_word' id='word_1_265' title='bbox 517 2320 602 2365; x_wconf 88' lang='lat' dir='ltr'><strong>tus</strong></span> <span class='ocrx_word' id='word_1_266' title='bbox 637 2310 913 2383; x_wconf 73' lang='lat' dir='ltr'><strong>venasque</strong></span> <span class='ocrx_word' id='word_1_267' title='bbox 942 2329 1064 2370; x_wconf 88' lang='lat' dir='ltr'><strong>sese</strong></span> <span class='ocrx_word' id='word_1_268' title='bbox 1095 2316 1332 2372; x_wconf 84' lang='lat' dir='ltr'><strong>invicem</strong></span> <span class='ocrx_word' id='word_1_269' title='bbox 1378 2321 1572 2374; x_wconf 91' lang='lat' dir='ltr'><strong>subtus</strong></span> <span class='ocrx_word' id='word_1_270' title='bbox 1605 2321 1941 2391; x_wconf 78' lang='lat' dir='ltr'><strong>excipientes</strong></span> <span class='ocrx_word' id='word_1_271' title='bbox 1966 2322 2092 2376; x_wconf 90' lang='lat' dir='ltr'><strong>irri-</strong></span> 
     </span>
    </p>
   </div>
   <div class='ocr_carea' id='block_1_40' title="bbox 517 2402 2093 2479">
    <p class='ocr_par' dir='ltr' id='par_1_40' title="bbox 517 2402 2093 2479">
     <span class='ocr_line' id='line_1_40' title="bbox 517 2402 2093 2479; baseline 0.01 -27"><span class='ocrx_word' id='word_1_272' title='bbox 517 2402 632 2469; x_wconf 85' lang='lat' dir='ltr'><strong>gari</strong></span> <span class='ocrx_word' id='word_1_273' title='bbox 664 2405 853 2472; x_wconf 80' lang='lat' dir='ltr'><strong>ctepit,</strong></span> <span class='ocrx_word' id='word_1_274' title='bbox 885 2413 942 2460; x_wconf 89' lang='lat' dir='ltr'><strong>et</strong></span> <span class='ocrx_word' id='word_1_275' title='bbox 968 2406 1276 2463; x_wconf 86' lang='lat' dir='ltr'><strong>alternante</strong></span> <span class='ocrx_word' id='word_1_276' title='bbox 1306 2408 1557 2465; x_wconf 84' lang='lat' dir='ltr'><strong>ubertate</strong></span> <span class='ocrx_word' id='word_1_277' title='bbox 1585 2412 1803 2479; x_wconf 75' lang='lat' dir='ltr'><strong>pinguis</strong></span> <span class='ocrx_word' id='word_1_278' title='bbox 1846 2412 2093 2477; x_wconf 75' lang='lat' dir='ltr'><strong>ellectus,</strong></span> 
     </span>
    </p>
   </div>
   <div class='ocr_carea' id='block_1_41' title="bbox 518 2490 2095 2570">
    <p class='ocr_par' dir='ltr' id='par_1_41' title="bbox 518 2490 2095 2570">
     <span class='ocr_line' id='line_1_41' title="bbox 518 2490 2095 2570; baseline 0.008 -25"><span class='ocrx_word' id='word_1_279' title='bbox 518 2490 730 2547; x_wconf 81' lang='lat' dir='ltr'><strong>Alcinoi</strong></span> <span class='ocrx_word' id='word_1_280' title='bbox 761 2495 940 2548; x_wconf 91' lang='lat' dir='ltr'><strong>aulam</strong></span> <span class='ocrx_word' id='word_1_281' title='bbox 975 2509 1308 2566; x_wconf 90' lang='lat' dir='ltr'><strong>aureamque</strong></span> <span class='ocrx_word' id='word_1_282' title='bbox 1330 2497 1531 2554; x_wconf 78' lang='lat' dir='ltr'><strong>Xerxis</strong></span> <span class='ocrx_word' id='word_1_283' title='bbox 1556 2501 1832 2570; x_wconf 83' lang='lat' dir='ltr'><strong>platanum</strong></span> <span class='ocrx_word' id='word_1_284' title='bbox 1864 2504 2095 2558; x_wconf 85' lang='lat' dir='ltr'><strong>delecta-</strong></span> 
     </span>
    </p>
   </div>
   <div class='ocr_carea' id='block_1_42' title="bbox 521 2585 2095 2663">
    <p class='ocr_par' dir='ltr' id='par_1_42' title="bbox 521 2585 2095 2663">
     <span class='ocr_line' id='line_1_42' title="bbox 521 2585 2095 2663; baseline 0.009 -25"><span class='ocrx_word' id='word_1_285' title='bbox 521 2585 615 2663; x_wconf 86' lang='lat' dir='ltr'><strong>bili</strong></span> <span class='ocrx_word' id='word_1_286' title='bbox 650 2597 871 2654; x_wconf 86' lang='lat' dir='ltr'><strong>aspectu</strong></span> <span class='ocrx_word' id='word_1_287' title='bbox 907 2596 1119 2643; x_wconf 88' lang='lat' dir='ltr'><strong>tantum</strong></span> <span class='ocrx_word' id='word_1_288' title='bbox 1156 2592 1458 2658; x_wconf 88' lang='lat' dir='ltr'><strong>superavit,</strong></span> <span class='ocrx_word' id='word_1_289' title='bbox 1491 2604 1754 2662; x_wconf 88' lang='lat' dir='ltr'><strong>quantum</strong></span> <span class='ocrx_word' id='word_1_290' title='bbox 1786 2598 1986 2651; x_wconf 81' lang='lat' dir='ltr'><strong>veritas</strong></span> <span class='ocrx_word' id='word_1_291' title='bbox 2023 2596 2095 2652; x_wconf 85' lang='lat' dir='ltr'><strong>fa-</strong></span> 
     </span>
    </p>
   </div>
   <div class='ocr_carea' id='block_1_43' title="bbox 520 2674 2093 2754">
    <p class='ocr_par' dir='ltr' id='par_1_43' title="bbox 520 2674 2093 2754">
     <span class='ocr_line' id='line_1_43' title="bbox 520 2674 2093 2754; baseline 0.006 -25"><span class='ocrx_word' id='word_1_292' title='bbox 520 2674 729 2733; x_wconf 82' lang='lat' dir='ltr'><strong>bulosis</strong></span> <span class='ocrx_word' id='word_1_293' title='bbox 755 2678 1085 2733; x_wconf 82' lang='lat' dir='ltr'><strong>commentis</strong></span> <span class='ocrx_word' id='word_1_294' title='bbox 1113 2678 1432 2747; x_wconf 84' lang='lat' dir='ltr'><strong>speciosior,</strong></span> <span class='ocrx_word' id='word_1_295' title='bbox 1469 2680 1797 2751; x_wconf 85' lang='lat' dir='ltr'><strong>majorisque</strong></span> <span class='ocrx_word' id='word_1_296' title='bbox 1812 2699 1972 2754; x_wconf 90' lang='lat' dir='ltr'><strong>quam</strong></span> <span class='ocrx_word' id='word_1_297' title='bbox 2005 2686 2093 2741; x_wconf 92' lang='lat' dir='ltr'><strong>illa</strong></span> 
     </span>
    </p>
   </div>
   <div class='ocr_carea' id='block_1_44' title="bbox 520 2764 2093 2841">
    <p class='ocr_par' dir='ltr' id='par_1_44' title="bbox 520 2764 2093 2841">
     <span class='ocr_line' id='line_1_44' title="bbox 520 2764 2093 2841; baseline 0.005 -18"><span class='ocrx_word' id='word_1_298' title='bbox 520 2764 826 2823; x_wconf 85' lang='lat' dir='ltr'><strong>honestatis</strong></span> <span class='ocrx_word' id='word_1_299' title='bbox 855 2769 1096 2826; x_wconf 83' lang='lat' dir='ltr'><strong>exsistit.</strong></span> <span class='ocrx_word' id='word_1_300' title='bbox 1132 2769 1428 2841; x_wconf 71' lang='lat' dir='ltr'><strong>Martyrum</strong></span> <span class='ocrx_word' id='word_1_301' title='bbox 1469 2787 1634 2841; x_wconf 93' lang='lat' dir='ltr'><strong>porro</strong></span> <span class='ocrx_word' id='word_1_302' title='bbox 1662 2785 1908 2831; x_wconf 88' lang='lat' dir='ltr'><strong>sacratus</strong></span> <span class='ocrx_word' id='word_1_303' title='bbox 1938 2777 2093 2831; x_wconf 86' lang='lat' dir='ltr'><strong>delu-</strong></span> 
     </span>
    </p>
   </div>
   <div class='ocr_carea' id='block_1_45' title="bbox 2203 1861 3782 1939">
    <p class='ocr_par' dir='ltr' id='par_1_45' title="bbox 2203 1861 3782 1939">
     <span class='ocr_line' id='line_1_45' title="bbox 2203 1861 3782 1939; baseline 0 -18"><span class='ocrx_word' id='word_1_304' title='bbox 2203 1866 2404 1938; x_wconf 85' lang='grc' dir='ltr'>ρασθαι</span> <span class='ocrx_word' id='word_1_305' title='bbox 2449 1862 2559 1930; x_wconf 76' lang='grc' dir='ltr'>οἷος</span> <span class='ocrx_word' id='word_1_306' title='bbox 2599 1862 2669 1939; x_wconf 84' lang='grc' dir='ltr'>ἦν</span> <span class='ocrx_word' id='word_1_307' title='bbox 2714 1868 2807 1920; x_wconf 69' lang='grc' dir='ltr'><strong>καὶ</strong></span> <span class='ocrx_word' id='word_1_308' title='bbox 2852 1861 2963 1931; x_wconf 75' lang='grc' dir='ltr'>οἷος</span> <span class='ocrx_word' id='word_1_309' title='bbox 3002 1869 3067 1921; x_wconf 70' lang='grc' dir='ltr'>ἐκ</span> <span class='ocrx_word' id='word_1_310' title='bbox 3099 1866 3292 1921; x_wconf 85' lang='grc' dir='ltr'>τούτου</span> <span class='ocrx_word' id='word_1_311' title='bbox 3331 1867 3658 1939; x_wconf 75' lang='grc' dir='ltr'>γε’(ίνηταις</span> <span class='ocrx_word' id='word_1_312' title='bbox 3693 1865 3782 1930; x_wconf 82' lang='grc' dir='ltr'>Ὠς</span> 
     </span>
    </p>
   </div>
   <div class='ocr_carea' id='block_1_46' title="bbox 2200 1957 3782 2030">
    <p class='ocr_par' dir='ltr' id='par_1_46' title="bbox 2200 1957 3782 2030">
     <span class='ocr_line' id='line_1_46' title="bbox 2200 1957 3782 2030; baseline -0.001 -19"><span class='ocrx_word' id='word_1_313' title='bbox 2200 1958 2311 2029; x_wconf 83' lang='grc' dir='ltr'>γὰρ</span> <span class='ocrx_word' id='word_1_314' title='bbox 2348 1958 2633 2027; x_wconf 73' lang='grc' dir='ltr'>διεφθορὸς</span> <span class='ocrx_word' id='word_1_315' title='bbox 2661 1958 2756 2011; x_wconf 73' lang='grc' dir='ltr'>καὶ</span> <span class='ocrx_word' id='word_1_316' title='bbox 2787 1958 3032 2030; x_wconf 80' lang='grc' dir='ltr'>ρακῶδες</span> <span class='ocrx_word' id='word_1_317' title='bbox 3074 1958 3290 2029; x_wconf 77' lang='grc' dir='ltr'>ἱμάτιον</span> <span class='ocrx_word' id='word_1_318' title='bbox 3325 1957 3782 2029; x_wconf 76' lang='grc' dir='ltr'><strong>ἀπεκδυσάμενος</strong></span> 
     </span>
    </p>
   </div>
   <div class='ocr_carea' id='block_1_47' title="bbox 2200 2049 3784 2121">
    <p class='ocr_par' dir='ltr' id='par_1_47' title="bbox 2200 2049 3784 2121">
     <span class='ocr_line' id='line_1_47' title="bbox 2200 2049 3784 2121; baseline 0 -17"><span class='ocrx_word' id='word_1_319' title='bbox 2200 2050 2261 2105; x_wconf 75' lang='grc' dir='ltr'>σεδ</span> <span class='ocrx_word' id='word_1_320' title='bbox 2285 2050 2603 2119; x_wconf 80' lang='grc' dir='ltr'>ἀγροικικδν</span> <span class='ocrx_word' id='word_1_321' title='bbox 2634 2050 2729 2103; x_wconf 66' lang='grc' dir='ltr'>καὶ</span> <span class='ocrx_word' id='word_1_322' title='bbox 2758 2051 3058 2121; x_wconf 82' lang='grc' dir='ltr'>ἀνήμερον,</span> <span class='ocrx_word' id='word_1_323' title='bbox 3096 2050 3190 2103; x_wconf 75' lang='grc' dir='ltr'>καὶ</span> <span class='ocrx_word' id='word_1_324' title='bbox 3222 2050 3285 2103; x_wconf 77' lang='grc' dir='ltr'>τὸ</span> <span class='ocrx_word' id='word_1_325' title='bbox 3314 2049 3540 2119; x_wconf 81' lang='grc' dir='ltr'>γόνιμον</span> <span class='ocrx_word' id='word_1_326' title='bbox 3567 2067 3784 2121; x_wconf 84' lang='grc' dir='ltr'>χρημα-</span> 
     </span>
    </p>
   </div>
   <div class='ocr_carea' id='block_1_48' title="bbox 2198 2134 3778 2212">
    <p class='ocr_par' dir='ltr' id='par_1_48' title="bbox 2198 2134 3778 2212">
     <span class='ocr_line' id='line_1_48' title="bbox 2198 2134 3778 2212; baseline 0 -19"><span class='ocrx_word' id='word_1_327' title='bbox 2198 2140 2348 2194; x_wconf 82' lang='grc' dir='ltr'>τίσαι</span> <span class='ocrx_word' id='word_1_328' title='bbox 2373 2141 2435 2193; x_wconf 74' lang='grc' dir='ltr'>τὸ</span> <span class='ocrx_word' id='word_1_329' title='bbox 2455 2140 2705 2212; x_wconf 71' lang='grc' dir='ltr'>ἄκαρπον</span> <span class='ocrx_word' id='word_1_330' title='bbox 2730 2138 3089 2209; x_wconf 74' lang='grc' dir='ltr'><strong>διωσάμενος,</strong></span> <span class='ocrx_word' id='word_1_331' title='bbox 3117 2134 3173 2193; x_wconf 71' lang='grc' dir='ltr'><strong>τό</strong></span> <span class='ocrx_word' id='word_1_332' title='bbox 3194 2155 3254 2193; x_wconf 84' lang='grc' dir='ltr'><strong>τε</strong></span> <span class='ocrx_word' id='word_1_333' title='bbox 3283 2138 3536 2209; x_wconf 71' lang='grc' dir='ltr'>διψαλέον</span> <span class='ocrx_word' id='word_1_334' title='bbox 3555 2142 3622 2211; x_wconf 75' lang='grc' dir='ltr'>τῇ</span> <span class='ocrx_word' id='word_1_335' title='bbox 3648 2140 3778 2193; x_wconf 80' lang='grc' dir='ltr'>ἀνω-</span> 
     </span>
    </p>
   </div>
   <div class='ocr_carea' id='block_1_49' title="bbox 2200 2228 3781 2301">
    <p class='ocr_par' dir='ltr' id='par_1_49' title="bbox 2200 2228 3781 2301">
     <span class='ocr_line' id='line_1_49' title="bbox 2200 2228 3781 2301; baseline -0.001 -17"><span class='ocrx_word' id='word_1_336' title='bbox 2200 2230 2291 2284; x_wconf 83' lang='grc' dir='ltr'><strong>θεν</strong></span> <span class='ocrx_word' id='word_1_337' title='bbox 2317 2229 2596 2301; x_wconf 71' lang='grc' dir='ltr'>ἐπομϐρία</span> <span class='ocrx_word' id='word_1_338' title='bbox 2615 2270 2630 2294; x_wconf 94' lang='grc'><strong>,</strong></span> <span class='ocrx_word' id='word_1_339' title='bbox 2659 2228 2747 2282; x_wconf 83' lang='grc' dir='ltr'><strong>διά</strong></span> <span class='ocrx_word' id='word_1_340' title='bbox 2777 2229 3074 2299; x_wconf 71' lang='grc' dir='ltr'>σηράγγων</span> <span class='ocrx_word' id='word_1_341' title='bbox 3101 2229 3516 2300; x_wconf 81' lang='grc' dir='ltr'>ὑποτρεχόντων</span> <span class='ocrx_word' id='word_1_342' title='bbox 3554 2228 3781 2300; x_wconf 78' lang='grc' dir='ltr'>δεξαμε-</span> 
     </span>
    </p>
   </div>
   <div class='ocr_carea' id='block_1_50' title="bbox 2198 2321 3769 2393">
    <p class='ocr_par' dir='ltr' id='par_1_50' title="bbox 2198 2321 3769 2393">
     <span class='ocr_line' id='line_1_50' title="bbox 2198 2321 3769 2393; baseline -0.003 -17"><span class='ocrx_word' id='word_1_343' title='bbox 2198 2323 2293 2386; x_wconf 82' lang='grc' dir='ltr'><strong>νάς</strong></span> <span class='ocrx_word' id='word_1_344' title='bbox 2321 2325 2385 2375; x_wconf 73' lang='grc' dir='ltr'>ἐκ</span> <span class='ocrx_word' id='word_1_345' title='bbox 2408 2321 2721 2392; x_wconf 86' lang='grc' dir='ltr'>δεξαμενῶν</span> <span class='ocrx_word' id='word_1_346' title='bbox 2761 2321 3081 2393; x_wconf 78' lang='grc' dir='ltr'>ἀλληλούχῳ</span> <span class='ocrx_word' id='word_1_347' title='bbox 3109 2321 3364 2393; x_wconf 65' lang='grc' dir='ltr'>δαψιλείᾳ</span> <span class='ocrx_word' id='word_1_348' title='bbox 3393 2322 3735 2391; x_wconf 76' lang='grc' dir='ltr'>πιαινόμενος</span> <span class='ocrx_word' id='word_1_349' title='bbox 3754 2357 3769 2381; x_wconf 88' lang='grc'><strong>,</strong></span> 
     </span>
    </p>
   </div>
   <div class='ocr_carea' id='block_1_51' title="bbox 2199 2408 3770 2481">
    <p class='ocr_par' dir='ltr' id='par_1_51' title="bbox 2199 2408 3770 2481">
     <span class='ocr_line' id='line_1_51' title="bbox 2199 2408 3770 2481; baseline -0.005 -16"><span class='ocrx_word' id='word_1_350' title='bbox 2199 2412 2295 2481; x_wconf 78' lang='grc' dir='ltr'>τῆς</span> <span class='ocrx_word' id='word_1_351' title='bbox 2320 2411 2601 2464; x_wconf 77' lang='grc' dir='ltr'>Ἀλκινόου</span> <span class='ocrx_word' id='word_1_352' title='bbox 2625 2410 2797 2479; x_wconf 71' lang='grc' dir='ltr'>αὐλῆς</span> <span class='ocrx_word' id='word_1_353' title='bbox 2821 2411 2916 2464; x_wconf 71' lang='grc' dir='ltr'><strong>καὶ</strong></span> <span class='ocrx_word' id='word_1_354' title='bbox 2936 2409 3035 2478; x_wconf 80' lang='grc' dir='ltr'>τῆς</span> <span class='ocrx_word' id='word_1_355' title='bbox 3056 2412 3264 2480; x_wconf 78' lang='grc' dir='ltr'>χρυσῆς</span> <span class='ocrx_word' id='word_1_356' title='bbox 3286 2408 3484 2479; x_wconf 78' lang='grc' dir='ltr'>Ξέρξου</span> <span class='ocrx_word' id='word_1_357' title='bbox 3506 2408 3770 2461; x_wconf 74' lang='grc' dir='ltr'>πλατάνου</span> 
     </span>
    </p>
   </div>
   <div class='ocr_carea' id='block_1_52' title="bbox 2198 2496 3775 2572">
    <p class='ocr_par' dir='ltr' id='par_1_52' title="bbox 2198 2496 3775 2572">
     <span class='ocr_line' id='line_1_52' title="bbox 2198 2496 3775 2572; baseline -0.005 -16"><span class='ocrx_word' id='word_1_358' title='bbox 2198 2503 2258 2556; x_wconf 83' lang='grc' dir='ltr'>τὸ</span> <span class='ocrx_word' id='word_1_359' title='bbox 2287 2502 2522 2572; x_wconf 69' lang='grc' dir='ltr'>τερπνὸν</span> <span class='ocrx_word' id='word_1_360' title='bbox 2549 2501 2887 2570; x_wconf 77' lang='grc' dir='ltr'>ὑπερήλατο,</span> <span class='ocrx_word' id='word_1_361' title='bbox 2929 2500 3125 2554; x_wconf 83' lang='grc' dir='ltr'>ὁπόσον</span> <span class='ocrx_word' id='word_1_362' title='bbox 3162 2498 3404 2569; x_wconf 78' lang='grc' dir='ltr'>μυθικῶν</span> <span class='ocrx_word' id='word_1_363' title='bbox 3439 2496 3775 2565; x_wconf 62' lang='grc' dir='ltr'>πλασμάτων</span> 
     </span>
    </p>
   </div>
   <div class='ocr_carea' id='block_1_53' title="bbox 2201 2586 3779 2664">
    <p class='ocr_par' dir='ltr' id='par_1_53' title="bbox 2201 2586 3779 2664">
     <span class='ocr_line' id='line_1_53' title="bbox 2201 2586 3779 2664; baseline -0.005 -17"><span class='ocrx_word' id='word_1_364' title='bbox 2201 2593 2527 2663; x_wconf 75' lang='grc' dir='ltr'>σεμνότερόν</span> <span class='ocrx_word' id='word_1_365' title='bbox 2566 2594 2716 2645; x_wconf 76' lang='grc' dir='ltr'>ἐστιν</span> <span class='ocrx_word' id='word_1_366' title='bbox 2738 2591 2984 2664; x_wconf 76' lang='grc' dir='ltr'>ἀλήθεια.</span> <span class='ocrx_word' id='word_1_367' title='bbox 3012 2591 3204 2661; x_wconf 82' lang='grc' dir='ltr'>Σηκοίς</span> <span class='ocrx_word' id='word_1_368' title='bbox 3226 2607 3286 2643; x_wconf 87' lang='grc' dir='ltr'><strong>τε</strong></span> <span class='ocrx_word' id='word_1_369' title='bbox 3324 2588 3615 2660; x_wconf 80' lang='grc' dir='ltr'>μαρτύρων</span> <span class='ocrx_word' id='word_1_370' title='bbox 3646 2586 3779 2641; x_wconf 85' lang='grc' dir='ltr'>καθ-</span> 
     </span>
    </p>
   </div>
   <div class='ocr_carea' id='block_1_54' title="bbox 2199 2678 3780 2755">
    <p class='ocr_par' dir='ltr' id='par_1_54' title="bbox 2199 2678 3780 2755">
     <span class='ocr_line' id='line_1_54' title="bbox 2199 2678 3780 2755; baseline -0.005 -17"><span class='ocrx_word' id='word_1_371' title='bbox 2199 2683 2501 2754; x_wconf 77' lang='grc' dir='ltr'>αγιασθεὶς,</span> <span class='ocrx_word' id='word_1_372' title='bbox 2519 2686 2629 2746; x_wconf 75' lang='grc' dir='ltr'>τοῖς</span> <span class='ocrx_word' id='word_1_373' title='bbox 2646 2684 2854 2749; x_wconf 74' lang='grc' dir='ltr'>τούτων</span> <span class='ocrx_word' id='word_1_374' title='bbox 2882 2685 3045 2755; x_wconf 83' lang='grc' dir='ltr'>ίεροῖς</span> <span class='ocrx_word' id='word_1_375' title='bbox 3066 2683 3297 2745; x_wconf 78' lang='grc' dir='ltr'>ἐντελῶς</span> <span class='ocrx_word' id='word_1_376' title='bbox 3324 2678 3780 2737; x_wconf 82' lang='grc' dir='ltr'>διαποικιλθεῖσιν</span> 
     </span>
    </p>
   </div>
   <div class='ocr_carea' id='block_1_55' title="bbox 2199 2772 3780 2860">
    <p class='ocr_par' dir='ltr' id='par_1_55' title="bbox 2199 2772 3780 2860">
     <span class='ocr_line' id='line_1_55' title="bbox 2199 2772 3780 2860; baseline -0.006 -28"><span class='ocrx_word' id='word_1_377' title='bbox 2199 2777 2508 2860; x_wconf 55' lang='grc' dir='ltr'>ἀθλήμασιν</span> <span class='ocrx_word' id='word_1_378' title='bbox 2536 2776 2627 2829; x_wconf 78' lang='grc' dir='ltr'>τὸν</span> <span class='ocrx_word' id='word_1_379' title='bbox 2658 2775 2750 2828; x_wconf 76' lang='grc' dir='ltr'><strong>τοῦ</strong></span> <span class='ocrx_word' id='word_1_380' title='bbox 2780 2775 2938 2838; x_wconf 84' lang='grc' dir='ltr'>Θεοῦ,</span> <span class='ocrx_word' id='word_1_381' title='bbox 2969 2774 3111 2829; x_wconf 80' lang='grc' dir='ltr'><strong>κατά</strong></span> <span class='ocrx_word' id='word_1_382' title='bbox 3140 2775 3200 2827; x_wconf 79' lang='grc' dir='ltr'>τὸ</span> <span class='ocrx_word' id='word_1_383' title='bbox 3228 2773 3427 2842; x_wconf 69' lang='grc' dir='ltr'>λόγιον,</span> <span class='ocrx_word' id='word_1_384' title='bbox 3456 2772 3780 2842; x_wconf 78' lang='grc' dir='ltr'>ὲκμιμεϊται</span> 
     </span>
    </p>
   </div>
   <div class='ocr_carea' id='block_1_56' title="bbox 518 2859 2091 2939">
    <p class='ocr_par' dir='ltr' id='par_1_56' title="bbox 518 2859 2091 2929">
     <span class='ocr_line' id='line_1_56' title="bbox 518 2859 2091 2929; baseline 0.006 -15"><span class='ocrx_word' id='word_1_385' title='bbox 518 2859 661 2924; x_wconf 80' lang='lat' dir='ltr'><strong>bris,</strong></span> <span class='ocrx_word' id='word_1_386' title='bbox 703 2860 757 2914; x_wconf 92' lang='lat' dir='ltr'><strong>in</strong></span> <span class='ocrx_word' id='word_1_387' title='bbox 790 2860 989 2929; x_wconf 84' lang='lat' dir='ltr'><strong>quibus</strong></span> <span class='ocrx_word' id='word_1_388' title='bbox 1020 2875 1164 2917; x_wconf 76' lang='lat' dir='ltr'><strong>saeva</strong></span> <span class='ocrx_word' id='word_1_389' title='bbox 1197 2862 1408 2918; x_wconf 86' lang='lat' dir='ltr'><strong>illorum</strong></span> <span class='ocrx_word' id='word_1_390' title='bbox 1444 2866 1744 2920; x_wconf 87' lang='lat' dir='ltr'><strong>certamina</strong></span> <span class='ocrx_word' id='word_1_391' title='bbox 1778 2869 1929 2921; x_wconf 78' lang='lat' dir='ltr'><strong>vario</strong></span> <span class='ocrx_word' id='word_1_392' title='bbox 1960 2869 2091 2923; x_wconf 85' lang='lat' dir='ltr'><strong>artis</strong></span> 
     </span>
    </p>
   </div>
   <div class='ocr_carea' id='block_1_57' title="bbox 2196 2859 3781 2939">
    <p class='ocr_par' dir='ltr' id='par_1_57' title="bbox 2202 2859 3781 2939">
     <span class='ocr_line' id='line_1_57' title="bbox 2202 2859 3781 2939; baseline -0.005 -18"><span class='ocrx_word' id='word_1_393' title='bbox 2202 2859 2552 2939; x_wconf 76' lang='grc' dir='ltr'>παράδεισον.</span> <span class='ocrx_word' id='word_1_394' title='bbox 2600 2868 2673 2921; x_wconf 86' lang='lat' dir='ltr'><strong>Tb</strong></span> <span class='ocrx_word' id='word_1_395' title='bbox 2704 2868 2815 2937; x_wconf 80' lang='grc' dir='ltr'><strong>γάρ</strong></span> <span class='ocrx_word' id='word_1_396' title='bbox 2860 2867 2960 2937; x_wconf 79' lang='grc' dir='ltr'>τῆς</span> <span class='ocrx_word' id='word_1_397' title='bbox 3001 2866 3215 2935; x_wconf 75' lang='grc' dir='ltr'>διαίτης</span> <span class='ocrx_word' id='word_1_398' title='bbox 3247 2865 3472 2936; x_wconf 72' lang='grc' dir='ltr'>διαρκὲς</span> <span class='ocrx_word' id='word_1_399' title='bbox 3517 2865 3613 2917; x_wconf 72' lang='grc' dir='ltr'>καὶ</span> <span class='ocrx_word' id='word_1_400' title='bbox 3645 2861 3781 2933; x_wconf 67' lang='grc' dir='ltr'>πρὸς</span> 
     </span>
    </p>
   </div>
   <div class='ocr_carea' id='block_1_58' title="bbox 519 2950 2091 3029">
    <p class='ocr_par' dir='ltr' id='par_1_58' title="bbox 519 2950 2091 3026">
     <span class='ocr_line' id='line_1_58' title="bbox 519 2950 2091 3026; baseline 0.007 -22"><span class='ocrx_word' id='word_1_401' title='bbox 519 2960 714 3006; x_wconf 89' lang='lat' dir='ltr'><strong>ornatu</strong></span> <span class='ocrx_word' id='word_1_402' title='bbox 759 2950 1067 3007; x_wconf 89' lang='lat' dir='ltr'><strong>luculenter</strong></span> <span class='ocrx_word' id='word_1_403' title='bbox 1098 2952 1501 3023; x_wconf 83' lang='lat' dir='ltr'><strong>exprimuntur,</strong></span> <span class='ocrx_word' id='word_1_404' title='bbox 1541 2959 1859 3026; x_wconf 76' lang='lat' dir='ltr'><strong>paradisum’</strong></span> <span class='ocrx_word' id='word_1_405' title='bbox 1885 2958 2002 3023; x_wconf 89' lang='lat' dir='ltr'><strong>Dei,</strong></span> <span class='ocrx_word' id='word_1_406' title='bbox 2037 2971 2091 3016; x_wconf 75' lang='grc' dir='ltr'><strong>ιιι</strong></span> 
     </span>
    </p>
   </div>
   <div class='ocr_carea' id='block_1_59' title="bbox 2196 2950 3781 3029">
    <p class='ocr_par' dir='ltr' id='par_1_59' title="bbox 2198 2953 3781 3029">
     <span class='ocr_line' id='line_1_59' title="bbox 2198 2953 3781 3029; baseline -0.004 -18"><span class='ocrx_word' id='word_1_407' title='bbox 2198 2957 2415 3029; x_wconf 75' lang='grc' dir='ltr'>οἴκησιν</span> <span class='ocrx_word' id='word_1_408' title='bbox 2452 2957 2770 3028; x_wconf 79' lang='grc' dir='ltr'>ἀμφιδέξιον</span> <span class='ocrx_word' id='word_1_409' title='bbox 2824 2958 2906 3021; x_wconf 91' lang='grc' dir='ltr'><strong>τίς</strong></span> <span class='ocrx_word' id='word_1_410' title='bbox 2941 2958 3042 3010; x_wconf 79' lang='grc' dir='ltr'>οὐκ</span> <span class='ocrx_word' id='word_1_411' title='bbox 3082 2956 3149 3011; x_wconf 83' lang='grc' dir='ltr'><strong>ἀν</strong></span> <span class='ocrx_word' id='word_1_412' title='bbox 3183 2956 3278 3010; x_wconf 71' lang='grc' dir='ltr'>καὶ</span> <span class='ocrx_word' id='word_1_413' title='bbox 3320 2955 3426 3027; x_wconf 71' lang='grc' dir='ltr'><strong>πρὸ</strong></span> <span class='ocrx_word' id='word_1_414' title='bbox 3453 2955 3552 3025; x_wconf 75' lang='grc' dir='ltr'>τῆς</span> <span class='ocrx_word' id='word_1_415' title='bbox 3584 2953 3781 3024; x_wconf 87' lang='grc' dir='ltr'>πείρας</span> 
     </span>
    </p>
   </div>
   <div class='ocr_carea' id='block_1_60' title="bbox 519 3039 2091 3125">
    <p class='ocr_par' dir='ltr' id='par_1_60' title="bbox 519 3039 2091 3116">
     <span class='ocr_line' id='line_1_60' title="bbox 519 3039 2091 3116; baseline 0.006 -23"><span class='ocrx_word' id='word_1_416' title='bbox 519 3055 643 3099; x_wconf 79' lang='lat' dir='ltr'><strong>eum</strong></span> <span class='ocrx_word' id='word_1_417' title='bbox 692 3039 977 3111; x_wconf 71' lang='lat' dir='ltr'><strong>Scriptura</strong></span> <span class='ocrx_word' id='word_1_418' title='bbox 1010 3041 1226 3111; x_wconf 86' lang='lat' dir='ltr'><strong>loquar,</strong></span> <span class='ocrx_word' id='word_1_419' title='bbox 1278 3043 1604 3113; x_wconf 78' lang='lat' dir='ltr'><strong>perpulchra</strong></span> <span class='ocrx_word' id='word_1_420' title='bbox 1662 3047 1930 3102; x_wconf 88' lang='lat' dir='ltr'><strong>imitatur.</strong></span> <span class='ocrx_word' id='word_1_421' title='bbox 1964 3046 2091 3116; x_wconf 81' lang='lat' dir='ltr'><strong>Ejus</strong></span> 
     </span>
    </p>
   </div>
   <div class='ocr_carea' id='block_1_61' title="bbox 2196 3039 3781 3125">
    <p class='ocr_par' dir='ltr' id='par_1_61' title="bbox 2202 3039 3781 3125">
     <span class='ocr_line' id='line_1_61' title="bbox 2202 3039 3781 3125; baseline -0.005 -24"><span class='ocrx_word' id='word_1_422' title='bbox 2202 3048 2509 3125; x_wconf 77' lang='grc' dir='ltr'>ἀγάσαιτος</span> <span class='ocrx_word' id='word_1_423' title='bbox 2567 3046 2872 3118; x_wconf 76' lang='grc' dir='ltr'>Τοιγαροῦν</span> <span class='ocrx_word' id='word_1_424' title='bbox 2921 3048 3169 3115; x_wconf 82' lang='grc' dir='ltr'>σεμνείον</span> <span class='ocrx_word' id='word_1_425' title='bbox 3213 3044 3376 3116; x_wconf 76' lang='grc' dir='ltr'>ιερῶν</span> <span class='ocrx_word' id='word_1_426' title='bbox 3429 3041 3639 3113; x_wconf 86' lang='grc' dir='ltr'>ἀνδρῶν</span> <span class='ocrx_word' id='word_1_427' title='bbox 3689 3039 3781 3094; x_wconf 80' lang='grc' dir='ltr'><strong>τδν</strong></span> 
     </span>
    </p>
   </div>
   <div class='ocr_carea' id='block_1_62' title="bbox 517 3132 2091 3209">
    <p class='ocr_par' dir='ltr' id='par_1_62' title="bbox 517 3133 2091 3207">
     <span class='ocr_line' id='line_1_62' title="bbox 517 3133 2091 3207; baseline 0.001 -16"><span class='ocrx_word' id='word_1_428' title='bbox 517 3135 664 3191; x_wconf 84' lang='lat' dir='ltr'><strong>enim</strong></span> <span class='ocrx_word' id='word_1_429' title='bbox 696 3134 766 3188; x_wconf 91' lang='lat' dir='ltr'><strong>ad</strong></span> <span class='ocrx_word' id='word_1_430' title='bbox 797 3134 918 3188; x_wconf 67' lang='lat' dir='ltr'><strong>vitm</strong></span> <span class='ocrx_word' id='word_1_431' title='bbox 954 3145 1320 3191; x_wconf 88' lang='lat' dir='ltr'><strong>commentum</strong></span> <span class='ocrx_word' id='word_1_432' title='bbox 1361 3133 1766 3202; x_wconf 79' lang='lat' dir='ltr'><strong>sufﬁcientiam,</strong></span> <span class='ocrx_word' id='word_1_433' title='bbox 1802 3148 2091 3207; x_wconf 80' lang='lat' dir='ltr'><strong>aptamque</strong></span> 
     </span>
    </p>
   </div>
   <div class='ocr_carea' id='block_1_63' title="bbox 2196 3132 3779 3209">
    <p class='ocr_par' dir='ltr' id='par_1_63' title="bbox 2197 3132 3779 3209">
     <span class='ocr_line' id='line_1_63' title="bbox 2197 3132 3779 3209; baseline -0.002 -19"><span class='ocrx_word' id='word_1_434' title='bbox 2197 3138 2375 3209; x_wconf 84' lang='grc' dir='ltr'>χῶρον</span> <span class='ocrx_word' id='word_1_435' title='bbox 2404 3138 2644 3209; x_wconf 80' lang='grc' dir='ltr'>διώρισε,</span> <span class='ocrx_word' id='word_1_436' title='bbox 2684 3140 2818 3209; x_wconf 72' lang='grc' dir='ltr'>πρὸς</span> <span class='ocrx_word' id='word_1_437' title='bbox 2847 3138 3082 3208; x_wconf 72' lang='grc' dir='ltr'>ἄληκτον</span> <span class='ocrx_word' id='word_1_438' title='bbox 3108 3135 3433 3205; x_wconf 83' lang='grc' dir='ltr'>ὑμνολογίαν</span> <span class='ocrx_word' id='word_1_439' title='bbox 3460 3133 3551 3187; x_wconf 81' lang='grc' dir='ltr'><strong>τοῦ</strong></span> <span class='ocrx_word' id='word_1_440' title='bbox 3582 3132 3779 3204; x_wconf 78' lang='grc' dir='ltr'>Κρείτο</span> 
     </span>
    </p>
   </div>
   <div class='ocr_carea' id='block_1_64' title="bbox 518 3222 2091 3300">
    <p class='ocr_par' dir='ltr' id='par_1_64' title="bbox 518 3226 2091 3300">
     <span class='ocr_line' id='line_1_64' title="bbox 518 3226 2091 3300; baseline 0 -17"><span class='ocrx_word' id='word_1_441' title='bbox 518 3226 799 3283; x_wconf 86' lang='lat' dir='ltr'><strong>domicilio</strong></span> <span class='ocrx_word' id='word_1_442' title='bbox 820 3228 1293 3298; x_wconf 87' lang='lat' dir='ltr'><strong>compositionem,</strong></span> <span class='ocrx_word' id='word_1_443' title='bbox 1329 3228 1450 3298; x_wconf 81' lang='lat' dir='ltr'><strong>quis</strong></span> <span class='ocrx_word' id='word_1_444' title='bbox 1477 3227 1641 3283; x_wconf 88' lang='lat' dir='ltr'><strong>etiam</strong></span> <span class='ocrx_word' id='word_1_445' title='bbox 1665 3239 1955 3300; x_wconf 83' lang='lat' dir='ltr'><strong>antequam</strong></span> <span class='ocrx_word' id='word_1_446' title='bbox 1992 3245 2091 3284; x_wconf 84' lang='lat' dir='ltr'><strong>cx-</strong></span> 
     </span>
    </p>
   </div>
   <div class='ocr_carea' id='block_1_65' title="bbox 2196 3222 3782 3300">
    <p class='ocr_par' dir='ltr' id='par_1_65' title="bbox 2196 3222 3782 3299">
     <span class='ocr_line' id='line_1_65' title="bbox 2196 3222 3782 3299; baseline -0.003 -19"><span class='ocrx_word' id='word_1_447' title='bbox 2196 3246 2348 3292; x_wconf 75' lang='grc' dir='ltr'>τονος</span> <span class='ocrx_word' id='word_1_448' title='bbox 2372 3274 2381 3286; x_wconf 88' lang='grc'><strong>.</strong></span> <span class='ocrx_word' id='word_1_449' title='bbox 2416 3228 2535 3299; x_wconf 83' lang='grc' dir='ltr'>μεθ’</span> <span class='ocrx_word' id='word_1_450' title='bbox 2566 3223 2640 3282; x_wconf 82' lang='grc' dir='ltr'>ὧν</span> <span class='ocrx_word' id='word_1_451' title='bbox 2666 3232 2757 3283; x_wconf 70' lang='grc' dir='ltr'>καὶ</span> <span class='ocrx_word' id='word_1_452' title='bbox 2788 3231 2952 3292; x_wconf 73' lang='grc' dir='ltr'>αὐτὸς</span> <span class='ocrx_word' id='word_1_453' title='bbox 2979 3227 3316 3290; x_wconf 78' lang='grc' dir='ltr'>ἀδιαστάτως</span> <span class='ocrx_word' id='word_1_454' title='bbox 3344 3225 3561 3295; x_wconf 73' lang='grc' dir='ltr'>νύκτωρ</span> <span class='ocrx_word' id='word_1_455' title='bbox 3594 3238 3655 3276; x_wconf 82' lang='grc' dir='ltr'><strong>τε</strong></span> <span class='ocrx_word' id='word_1_456' title='bbox 3684 3222 3782 3276; x_wconf 86' lang='grc' dir='ltr'>καὶ</span> 
     </span>
    </p>
   </div>
   <div class='ocr_carea' id='block_1_66' title="bbox 522 3313 2091 3393">
    <p class='ocr_par' dir='ltr' id='par_1_66' title="bbox 522 3319 2091 3393">
     <span class='ocr_line' id='line_1_66' title="bbox 522 3319 2091 3393; baseline 0.001 -19"><span class='ocrx_word' id='word_1_457' title='bbox 522 3330 713 3391; x_wconf 86' lang='lat' dir='ltr'><strong>pertus</strong></span> <span class='ocrx_word' id='word_1_458' title='bbox 733 3319 898 3374; x_wconf 88' lang='lat' dir='ltr'><strong>fuerit</strong></span> <span class='ocrx_word' id='word_1_459' title='bbox 916 3335 1022 3376; x_wconf 92' lang='lat' dir='ltr'><strong>non</strong></span> <span class='ocrx_word' id='word_1_460' title='bbox 1044 3320 1315 3376; x_wconf 70' lang='lat' dir='ltr'><strong>miretur?</strong></span> <span class='ocrx_word' id='word_1_461' title='bbox 1337 3320 1627 3377; x_wconf 76' lang='lat' dir='ltr'><strong>Sacrorum</strong></span> <span class='ocrx_word' id='word_1_462' title='bbox 1651 3323 1831 3393; x_wconf 87' lang='lat' dir='ltr'><strong>itaque</strong></span> <span class='ocrx_word' id='word_1_463' title='bbox 1855 3324 2091 3377; x_wconf 90' lang='lat' dir='ltr'><strong>virorum</strong></span> 
     </span>
    </p>
   </div>
   <div class='ocr_carea' id='block_1_67' title="bbox 2196 3313 3780 3393">
    <p class='ocr_par' dir='ltr' id='par_1_67' title="bbox 2206 3313 3780 3392">
     <span class='ocr_line' id='line_1_67' title="bbox 2206 3313 3780 3392; baseline -0.003 -18"><span class='ocrx_word' id='word_1_464' title='bbox 2206 3320 2323 3392; x_wconf 82' lang='grc' dir='ltr'>μεθ’</span> <span class='ocrx_word' id='word_1_465' title='bbox 2354 3320 2567 3392; x_wconf 73' lang='grc' dir='ltr'>ἡμέραν</span> <span class='ocrx_word' id='word_1_466' title='bbox 2596 3324 2716 3384; x_wconf 83' lang='grc' dir='ltr'>ταῖς</span> <span class='ocrx_word' id='word_1_467' title='bbox 2740 3322 3023 3382; x_wconf 82' lang='grc' dir='ltr'>εὐκτικαῐς</span> <span class='ocrx_word' id='word_1_468' title='bbox 3048 3321 3091 3371; x_wconf 73' lang='lat' dir='ltr'><strong>is</strong></span> <span class='ocrx_word' id='word_1_469' title='bbox 3103 3318 3376 3391; x_wconf 78' lang='grc' dir='ltr'>ρολογίαις</span> <span class='ocrx_word' id='word_1_470' title='bbox 3400 3313 3780 3385; x_wconf 75' lang='grc' dir='ltr'>ἑγκαρτερῶν,</span> 
     </span>
    </p>
   </div>
   <div class='ocr_carea' id='block_1_68' title="bbox 523 3409 2095 3484">
    <p class='ocr_par' dir='ltr' id='par_1_68' title="bbox 523 3409 2095 3484">
     <span class='ocr_line' id='line_1_68' title="bbox 523 3409 2095 3484; baseline 0.001 -19"><span class='ocrx_word' id='word_1_471' title='bbox 523 3411 917 3467; x_wconf 86' lang='lat' dir='ltr'><strong>monasterium</strong></span> <span class='ocrx_word' id='word_1_472' title='bbox 953 3409 1026 3484; x_wconf 81' lang='lat' dir='ltr'><strong>(lt)</strong></span> <span class='ocrx_word' id='word_1_473' title='bbox 1072 3426 1193 3468; x_wconf 88' lang='lat' dir='ltr'><strong>esse</strong></span> <span class='ocrx_word' id='word_1_474' title='bbox 1222 3414 1483 3478; x_wconf 81' lang='lat' dir='ltr'><strong>decrevit,</strong></span> <span class='ocrx_word' id='word_1_475' title='bbox 1513 3415 1605 3483; x_wconf 91' lang='lat' dir='ltr'><strong>qui</strong></span> <span class='ocrx_word' id='word_1_476' title='bbox 1651 3415 1891 3471; x_wconf 73' lang='lat' dir='ltr'><strong>assiduis</strong></span> <span class='ocrx_word' id='word_1_477' title='bbox 1925 3411 2095 3469; x_wconf 86' lang='lat' dir='ltr'><strong>Deum</strong></span> 
     </span>
    </p>
   </div>
   <div class='ocr_carea' id='block_1_69' title="bbox 523 3502 2095 3576">
    <p class='ocr_par' dir='ltr' id='par_1_69' title="bbox 523 3502 2095 3576">
     <span class='ocr_line' id='line_1_69' title="bbox 523 3502 2095 3576; baseline 0.004 -21"><span class='ocrx_word' id='word_1_478' title='bbox 523 3502 775 3560; x_wconf 84' lang='lat' dir='ltr'><strong>laudibus</strong></span> <span class='ocrx_word' id='word_1_479' title='bbox 798 3503 1064 3569; x_wconf 88' lang='lat' dir='ltr'><strong>colerent,</strong></span> <span class='ocrx_word' id='word_1_480' title='bbox 1097 3505 1294 3575; x_wconf 92' lang='lat' dir='ltr'><strong>quibus</strong></span> <span class='ocrx_word' id='word_1_481' title='bbox 1325 3515 1379 3561; x_wconf 90' lang='lat' dir='ltr'><strong>et</strong></span> <span class='ocrx_word' id='word_1_482' title='bbox 1410 3507 1525 3576; x_wconf 83' lang='lat' dir='ltr'><strong>ipse</strong></span> <span class='ocrx_word' id='word_1_483' title='bbox 1544 3506 1659 3576; x_wconf 86' lang='lat' dir='ltr'><strong>jngi</strong></span> <span class='ocrx_word' id='word_1_484' title='bbox 1701 3506 1907 3573; x_wconf 82' lang='lat' dir='ltr'><strong>junctis</strong></span> <span class='ocrx_word' id='word_1_485' title='bbox 1933 3506 2095 3562; x_wconf 83' lang='lat' dir='ltr'><strong>celle-</strong></span> 
     </span>
    </p>
   </div>
   <div class='ocr_carea' id='block_1_70' title="bbox 523 3591 2095 3664">
    <p class='ocr_par' dir='ltr' id='par_1_70' title="bbox 523 3591 2095 3664">
     <span class='ocr_line' id='line_1_70' title="bbox 523 3591 2095 3664; baseline 0 -17"><span class='ocrx_word' id='word_1_486' title='bbox 523 3591 636 3664; x_wconf 85' lang='lat' dir='ltr'><strong>gio,</strong></span> <span class='ocrx_word' id='word_1_487' title='bbox 665 3591 756 3647; x_wconf 93' lang='lat' dir='ltr'><strong>diu</strong></span> <span class='ocrx_word' id='word_1_488' title='bbox 785 3602 1055 3663; x_wconf 85' lang='lat' dir='ltr'><strong>noctuque</strong></span> <span class='ocrx_word' id='word_1_489' title='bbox 1070 3592 1329 3663; x_wconf 86' lang='lat' dir='ltr'><strong>precibus</strong></span> <span class='ocrx_word' id='word_1_490' title='bbox 1348 3608 1413 3649; x_wconf 90' lang='lat' dir='ltr'><strong>ac</strong></span> <span class='ocrx_word' id='word_1_491' title='bbox 1432 3595 1607 3648; x_wconf 88' lang='lat' dir='ltr'><strong>sacris</strong></span> <span class='ocrx_word' id='word_1_492' title='bbox 1626 3594 1858 3649; x_wconf 89' lang='lat' dir='ltr'><strong>canticis</strong></span> <span class='ocrx_word' id='word_1_493' title='bbox 1874 3608 2095 3658; x_wconf 86' lang='lat' dir='ltr'><strong>vacans,</strong></span> 
     </span>
    </p>
   </div>
   <div class='ocr_carea' id='block_1_71' title="bbox 524 3683 2095 3757">
    <p class='ocr_par' dir='ltr' id='par_1_71' title="bbox 524 3683 2095 3757">
     <span class='ocr_line' id='line_1_71' title="bbox 524 3683 2095 3757; baseline 0.001 -17"><span class='ocrx_word' id='word_1_494' title='bbox 524 3687 848 3755; x_wconf 61' lang='lat' dir='ltr'><strong>optimaque</strong></span> <span class='ocrx_word' id='word_1_495' title='bbox 867 3686 1210 3757; x_wconf 84' lang='lat' dir='ltr'><strong>abstinentiae</strong></span> <span class='ocrx_word' id='word_1_496' title='bbox 1236 3686 1397 3741; x_wconf 88' lang='lat' dir='ltr'><strong>modo</strong></span> <span class='ocrx_word' id='word_1_497' title='bbox 1423 3700 1544 3740; x_wconf 90' lang='lat' dir='ltr'><strong>sese</strong></span> <span class='ocrx_word' id='word_1_498' title='bbox 1562 3684 1867 3752; x_wconf 88' lang='lat' dir='ltr'><strong>oblectans,</strong></span> <span class='ocrx_word' id='word_1_499' title='bbox 1891 3683 2095 3741; x_wconf 88' lang='lat' dir='ltr'><strong>divinis</strong></span> 
     </span>
    </p>
   </div>
   <div class='ocr_carea' id='block_1_72' title="bbox 525 3776 2094 3850">
    <p class='ocr_par' dir='ltr' id='par_1_72' title="bbox 525 3776 2094 3850">
     <span class='ocr_line' id='line_1_72' title="bbox 525 3776 2094 3850; baseline 0.001 -20"><span class='ocrx_word' id='word_1_500' title='bbox 525 3776 850 3833; x_wconf 77' lang='lat' dir='ltr'><strong>lectionibus</strong></span> <span class='ocrx_word' id='word_1_501' title='bbox 878 3778 944 3833; x_wconf 78' lang='lat' dir='ltr'><strong>ac</strong></span> <span class='ocrx_word' id='word_1_502' title='bbox 991 3777 1298 3850; x_wconf 89' lang='lat' dir='ltr'><strong>disciplinis</strong></span> <span class='ocrx_word' id='word_1_503' title='bbox 1328 3778 1573 3833; x_wconf 83' lang='lat' dir='ltr'><strong>animum</strong></span> <span class='ocrx_word' id='word_1_504' title='bbox 1603 3776 1913 3833; x_wconf 81' lang='lat' dir='ltr'><strong>adhibebat.</strong></span> <span class='ocrx_word' id='word_1_505' title='bbox 1946 3776 2094 3834; x_wconf 73' lang='lat' dir='ltr'><strong>lien-</strong></span> 
     </span>
    </p>
   </div>
   <div class='ocr_carea' id='block_1_73' title="bbox 2202 3403 3777 3483">
    <p class='ocr_par' dir='ltr' id='par_1_73' title="bbox 2202 3403 3777 3483">
     <span class='ocr_line' id='line_1_73' title="bbox 2202 3403 3777 3483; baseline -0.005 -20"><span class='ocrx_word' id='word_1_506' title='bbox 2202 3413 2296 3465; x_wconf 73' lang='grc' dir='ltr'>καὶ</span> <span class='ocrx_word' id='word_1_507' title='bbox 2322 3412 2400 3482; x_wconf 81' lang='grc' dir='ltr'>τῷ</span> <span class='ocrx_word' id='word_1_508' title='bbox 2425 3411 2635 3483; x_wconf 81' lang='grc' dir='ltr'>ἀρίστῳ</span> <span class='ocrx_word' id='word_1_509' title='bbox 2667 3411 2853 3481; x_wconf 77' lang='grc' dir='ltr'>μέτρῳ</span> <span class='ocrx_word' id='word_1_510' title='bbox 2882 3410 2981 3479; x_wconf 79' lang='grc' dir='ltr'>τῆς</span> <span class='ocrx_word' id='word_1_511' title='bbox 3010 3409 3339 3478; x_wconf 69' lang='grc' dir='ltr'>ἐγκρατείας</span> <span class='ocrx_word' id='word_1_512' title='bbox 3364 3403 3777 3475; x_wconf 74' lang='grc' dir='ltr'>κατεντρυςρῶν,</span> 
     </span>
    </p>
   </div>
   <div class='ocr_carea' id='block_1_74' title="bbox 2202 3497 3784 3575">
    <p class='ocr_par' dir='ltr' id='par_1_74' title="bbox 2202 3497 3784 3575">
     <span class='ocr_line' id='line_1_74' title="bbox 2202 3497 3784 3575; baseline -0.006 -17"><span class='ocrx_word' id='word_1_513' title='bbox 2202 3507 2269 3575; x_wconf 75' lang='grc' dir='ltr'>τῇ</span> <span class='ocrx_word' id='word_1_514' title='bbox 2292 3503 2593 3572; x_wconf 67' lang='grc' dir='ltr'>ἀναγνώσει</span> <span class='ocrx_word' id='word_1_515' title='bbox 2613 3503 2721 3555; x_wconf 86' lang='grc' dir='ltr'><strong>τῶν</strong></span> <span class='ocrx_word' id='word_1_516' title='bbox 2743 3504 2906 3556; x_wconf 86' lang='grc' dir='ltr'>θείων</span> <span class='ocrx_word' id='word_1_517' title='bbox 2928 3504 3186 3573; x_wconf 73' lang='grc' dir='ltr'>προσείχε</span> <span class='ocrx_word' id='word_1_518' title='bbox 3215 3501 3310 3553; x_wconf 83' lang='grc' dir='ltr'>καὶ</span> <span class='ocrx_word' id='word_1_519' title='bbox 3332 3503 3444 3560; x_wconf 79' lang='grc' dir='ltr'>τοῖς</span> <span class='ocrx_word' id='word_1_520' title='bbox 3470 3497 3784 3569; x_wconf 76' lang='grc' dir='ltr'>μαθήμασι,</span> 
     </span>
    </p>
   </div>
   <div class='ocr_carea' id='block_1_75' title="bbox 2213 3584 3781 3668">
    <p class='ocr_par' dir='ltr' id='par_1_75' title="bbox 2213 3584 3781 3668">
     <span class='ocr_line' id='line_1_75' title="bbox 2213 3584 3781 3668; baseline -0.008 -17"><span class='ocrx_word' id='word_1_521' title='bbox 2213 3594 2514 3668; x_wconf 74' lang='grc' dir='ltr'>τράπεζαν·</span> <span class='ocrx_word' id='word_1_522' title='bbox 2532 3595 2633 3667; x_wconf 72' lang='grc' dir='ltr'>μὲν</span> <span class='ocrx_word' id='word_1_523' title='bbox 2661 3594 3036 3666; x_wconf 77' lang='grc' dir='ltr'>Συρακουσίαν</span> <span class='ocrx_word' id='word_1_524' title='bbox 3057 3593 3153 3645; x_wconf 73' lang='grc' dir='ltr'>καὶ</span> <span class='ocrx_word' id='word_1_525' title='bbox 3185 3591 3377 3661; x_wconf 70' lang='grc' dir='ltr'>μέχρις</span> <span class='ocrx_word' id='word_1_526' title='bbox 3406 3586 3582 3656; x_wconf 80' lang='grc' dir='ltr'>αὐτῆς</span> <span class='ocrx_word' id='word_1_527' title='bbox 3610 3584 3781 3652; x_wconf 83' lang='grc' dir='ltr'>ἀκοῆς</span> 
     </span>
    </p>
   </div>
   <div class='ocr_carea' id='block_1_76' title="bbox 2202 3676 3783 3759">
    <p class='ocr_par' dir='ltr' id='par_1_76' title="bbox 2202 3676 3783 3759">
     <span class='ocr_line' id='line_1_76' title="bbox 2202 3676 3783 3759; baseline -0.009 -17"><span class='ocrx_word' id='word_1_528' title='bbox 2202 3688 2547 3756; x_wconf 81' lang='grc' dir='ltr'>εἰσδέξασθαι</span> <span class='ocrx_word' id='word_1_529' title='bbox 2569 3686 3033 3759; x_wconf 69' lang='grc' dir='ltr'>παραιτούμενος,</span> <span class='ocrx_word' id='word_1_530' title='bbox 3066 3686 3132 3755; x_wconf 69' lang='grc' dir='ltr'><strong>τῇ</strong></span> <span class='ocrx_word' id='word_1_531' title='bbox 3158 3683 3212 3736; x_wconf 70' lang='grc' dir='ltr'>δὲ</span> <span class='ocrx_word' id='word_1_532' title='bbox 3237 3677 3623 3752; x_wconf 78' lang='grc' dir='ltr'>συγκρατοῦσῃ</span> <span class='ocrx_word' id='word_1_533' title='bbox 3647 3676 3783 3747; x_wconf 76' lang='grc' dir='ltr'>πρὸς</span> 
     </span>
    </p>
   </div>
   <div class='ocr_carea' id='block_1_77' title="bbox 2201 3779 3085 3854">
    <p class='ocr_par' dir='ltr' id='par_1_77' title="bbox 2201 3779 3085 3854">
     <span class='ocr_line' id='line_1_77' title="bbox 2201 3779 3085 3854; baseline -0.009 -18"><span class='ocrx_word' id='word_1_534' title='bbox 2201 3779 2350 3854; x_wconf 75' lang='grc' dir='ltr'>ζωὴν</span> <span class='ocrx_word' id='word_1_535' title='bbox 2383 3781 2690 3853; x_wconf 72' lang='grc' dir='ltr'>αὐταρκείᾳ</span> <span class='ocrx_word' id='word_1_536' title='bbox 2727 3780 3085 3851; x_wconf 69' lang='grc' dir='ltr'>τρεφόμενος.</span> 
     </span>
    </p>
   </div>
   <div class='ocr_carea' id='block_1_78' title="bbox 525 3867 3780 3951">
    <p class='ocr_par' dir='ltr' id='par_1_78' title="bbox 525 3867 3780 3951">
     <span class='ocr_line' id='line_1_78' title="bbox 525 3867 3780 3951; baseline -0.003 -23"><span class='ocrx_word' id='word_1_537' title='bbox 525 3890 638 3929; x_wconf 72' lang='lat' dir='ltr'><strong>sam</strong></span> <span class='ocrx_word' id='word_1_538' title='bbox 670 3887 796 3930; x_wconf 87' lang='lat' dir='ltr'><strong>vero</strong></span> <span class='ocrx_word' id='word_1_539' title='bbox 848 3873 1246 3946; x_wconf 84' lang='lat' dir='ltr'><strong>Syracusanam</strong></span> <span class='ocrx_word' id='word_1_540' title='bbox 1301 3888 1370 3951; x_wconf 78' lang='lat' dir='ltr'><strong>ac</strong></span> <span class='ocrx_word' id='word_1_541' title='bbox 1423 3872 1655 3943; x_wconf 86' lang='lat' dir='ltr'><strong>dapibus</strong></span> <span class='ocrx_word' id='word_1_542' title='bbox 1707 3872 1993 3929; x_wconf 86' lang='lat' dir='ltr'><strong>lautiorem</strong></span> <span class='ocrx_word' id='word_1_543' title='bbox 2067 3890 2136 3930; x_wconf 90' lang='lat' dir='ltr'><strong>ne</strong></span> <span class='ocrx_word' id='word_1_544' title='bbox 2208 3881 2374 3932; x_wconf 80' lang='lat' dir='ltr'><strong>verbo</strong></span> <span class='ocrx_word' id='word_1_545' title='bbox 2430 3878 2650 3948; x_wconf 85' lang='lat' dir='ltr'><strong>quidem</strong></span> <span class='ocrx_word' id='word_1_546' title='bbox 2714 3876 2905 3931; x_wconf 84' lang='lat' dir='ltr'><strong>audire</strong></span> <span class='ocrx_word' id='word_1_547' title='bbox 2963 3873 3298 3937; x_wconf 76' lang='lat' dir='ltr'><strong>sustinebat;</strong></span> <span class='ocrx_word' id='word_1_548' title='bbox 3360 3869 3427 3925; x_wconf 89' lang='lat' dir='ltr'><strong>iis</strong></span> <span class='ocrx_word' id='word_1_549' title='bbox 3484 3867 3780 3933; x_wconf 83' lang='lat' dir='ltr'><strong>alimentis,</strong></span> 
     </span>
    </p>
   </div>
   <div class='ocr_carea' id='block_1_79' title="bbox 524 3969 3523 4039">
    <p class='ocr_par' dir='ltr' id='par_1_79' title="bbox 524 3969 3523 4039">
     <span class='ocr_line' id='line_1_79' title="bbox 524 3969 3523 4039; baseline 0.003 -17"><span class='ocrx_word' id='word_1_550' title='bbox 524 3984 644 4039; x_wconf 73' lang='lat' dir='ltr'><strong>qua:</strong></span> <span class='ocrx_word' id='word_1_551' title='bbox 698 3969 821 4024; x_wconf 74' lang='lat' dir='ltr'><strong>vita:</strong></span> <span class='ocrx_word' id='word_1_552' title='bbox 870 3980 1146 4039; x_wconf 79' lang='lat' dir='ltr'><strong>utcunque</strong></span> <span class='ocrx_word' id='word_1_553' title='bbox 1194 3970 1563 4025; x_wconf 78' lang='lat' dir='ltr'><strong>sustentanda:</strong></span> <span class='ocrx_word' id='word_1_554' title='bbox 1612 3979 1816 4035; x_wconf 84' lang='lat' dir='ltr'><strong>essent,</strong></span> <span class='ocrx_word' id='word_1_555' title='bbox 1851 3972 2070 4039; x_wconf 82' lang='lat' dir='ltr'><strong>parcius</strong></span> <span class='ocrx_word' id='word_1_556' title='bbox 2101 3981 2280 4028; x_wconf 83' lang='lat' dir='ltr'><strong>nteus.</strong></span> <span class='ocrx_word' id='word_1_557' title='bbox 3518 4006 3523 4013; x_wconf 88' lang='lat'><strong>-</strong></span> 
     </span>
    </p>
   </div>
   <div class='ocr_carea' id='block_1_80' title="bbox 596 4055 2091 4137">
    <p class='ocr_par' dir='ltr' id='par_1_80' title="bbox 596 4063 2091 4133">
     <span class='ocr_line' id='line_1_80' title="bbox 596 4063 2091 4133; baseline -0.001 -14"><span class='ocrx_word' id='word_1_558' title='bbox 596 4063 682 4119; x_wconf 69' lang='lat' dir='ltr'><strong>l4.</strong></span> <span class='ocrx_word' id='word_1_559' title='bbox 726 4064 1019 4133; x_wconf 81' lang='lat' dir='ltr'><strong>Postquam</strong></span> <span class='ocrx_word' id='word_1_560' title='bbox 1054 4079 1181 4119; x_wconf 79' lang='lat' dir='ltr'><strong>vero</strong></span> <span class='ocrx_word' id='word_1_561' title='bbox 1216 4078 1494 4127; x_wconf 83' lang='lat' dir='ltr'><strong>sacrarum</strong></span> <span class='ocrx_word' id='word_1_562' title='bbox 1535 4064 1917 4133; x_wconf 87' lang='lat' dir='ltr'><strong>diciplinarum</strong></span> <span class='ocrx_word' id='word_1_563' title='bbox 1946 4081 2091 4120; x_wconf 88' lang='lat' dir='ltr'><strong>men-</strong></span> 
     </span>
    </p>
   </div>
   <div class='ocr_carea' id='block_1_81' title="bbox 2196 4055 3784 4137">
    <p class='ocr_par' dir='ltr' id='par_1_81' title="bbox 2282 4055 3784 4137">
     <span class='ocr_line' id='line_1_81' title="bbox 2282 4055 3784 4137; baseline -0.009 -16"><span class='ocrx_word' id='word_1_564' title='bbox 2282 4068 2364 4122; x_wconf 87' lang='grc' dir='ltr'>ιδ’.</span> <span class='ocrx_word' id='word_1_565' title='bbox 2409 4067 2549 4122; x_wconf 77' lang='grc' dir='ltr'>Ἀλλ’</span> <span class='ocrx_word' id='word_1_566' title='bbox 2581 4065 2767 4137; x_wconf 74' lang='grc' dir='ltr'>ἐπειδὴ</span> <span class='ocrx_word' id='word_1_567' title='bbox 2800 4064 3145 4135; x_wconf 79' lang='grc' dir='ltr'>μαθημάτων</span> <span class='ocrx_word' id='word_1_568' title='bbox 3169 4059 3582 4133; x_wconf 73' lang='grc' dir='ltr'>ὲμνήσθην,οὑκ</span> <span class='ocrx_word' id='word_1_569' title='bbox 3615 4055 3784 4125; x_wconf 76' lang='grc' dir='ltr'>ἄχαρι</span> 
     </span>
    </p>
   </div>
   <div class='ocr_carea' id='block_1_82' title="bbox 527 4142 2091 4229">
    <p class='ocr_par' dir='ltr' id='par_1_82' title="bbox 527 4157 2091 4226">
     <span class='ocr_line' id='line_1_82' title="bbox 527 4157 2091 4226; baseline -0.003 -14"><span class='ocrx_word' id='word_1_570' title='bbox 527 4160 604 4212; x_wconf 92' lang='lat' dir='ltr'><strong>tio</strong></span> <span class='ocrx_word' id='word_1_571' title='bbox 637 4157 847 4222; x_wconf 87' lang='lat' dir='ltr'><strong>incidit,</strong></span> <span class='ocrx_word' id='word_1_572' title='bbox 884 4157 1024 4213; x_wconf 83' lang='lat' dir='ltr'><strong>haud</strong></span> <span class='ocrx_word' id='word_1_573' title='bbox 1063 4158 1341 4226; x_wconf 78' lang='lat' dir='ltr'><strong>ingratum</strong></span> <span class='ocrx_word' id='word_1_574' title='bbox 1374 4166 1466 4210; x_wconf 89' lang='lat' dir='ltr'><strong>aut</strong></span> <span class='ocrx_word' id='word_1_575' title='bbox 1498 4158 1565 4211; x_wconf 86' lang='lat' dir='ltr'><strong>ab</strong></span> <span class='ocrx_word' id='word_1_576' title='bbox 1597 4157 1849 4219; x_wconf 81' lang='lat' dir='ltr'><strong>instituto</strong></span> <span class='ocrx_word' id='word_1_577' title='bbox 1872 4157 2091 4213; x_wconf 74' lang='lat' dir='ltr'><strong>alienum</strong></span> 
     </span>
    </p>
   </div>
   <div class='ocr_carea' id='block_1_83' title="bbox 2196 4142 3784 4229">
    <p class='ocr_par' dir='ltr' id='par_1_83' title="bbox 2208 4142 3784 4229">
     <span class='ocr_line' id='line_1_83' title="bbox 2208 4142 3784 4229; baseline -0.011 -16"><span class='ocrx_word' id='word_1_578' title='bbox 2208 4160 2333 4214; x_wconf 72' lang='grc' dir='ltr'>οὔτε</span> <span class='ocrx_word' id='word_1_579' title='bbox 2359 4159 2466 4229; x_wconf 81' lang='grc' dir='ltr'>μὴν</span> <span class='ocrx_word' id='word_1_580' title='bbox 2503 4158 2777 4228; x_wconf 83' lang='grc' dir='ltr'>παρέλκον</span> <span class='ocrx_word' id='word_1_581' title='bbox 2808 4155 3046 4226; x_wconf 76' lang='grc' dir='ltr'>ἡγοῦμαι</span> <span class='ocrx_word' id='word_1_582' title='bbox 3074 4155 3168 4208; x_wconf 80' lang='grc' dir='ltr'>καὶ</span> <span class='ocrx_word' id='word_1_583' title='bbox 3198 4153 3295 4223; x_wconf 84' lang='grc' dir='ltr'>τῆς</span> <span class='ocrx_word' id='word_1_584' title='bbox 3335 4152 3466 4222; x_wconf 76' lang='grc' dir='ltr'>περὶ</span> <span class='ocrx_word' id='word_1_585' title='bbox 3490 4149 3664 4203; x_wconf 81' lang='grc' dir='ltr'>ταῦτα</span> <span class='ocrx_word' id='word_1_586' title='bbox 3687 4142 3784 4197; x_wconf 79' lang='grc' dir='ltr'>τοῦ</span> 
     </span>
    </p>
   </div>
   <div class='ocr_carea' id='block_1_84' title="bbox 527 4240 2091 4324">
    <p class='ocr_par' dir='ltr' id='par_1_84' title="bbox 527 4248 2091 4319">
     <span class='ocr_line' id='line_1_84' title="bbox 527 4248 2091 4319; baseline 0.004 -20"><span class='ocrx_word' id='word_1_587' title='bbox 527 4256 710 4319; x_wconf 86' lang='lat' dir='ltr'><strong>putem</strong></span> <span class='ocrx_word' id='word_1_588' title='bbox 746 4258 947 4319; x_wconf 83' lang='lat' dir='ltr'><strong>quanta</strong></span> <span class='ocrx_word' id='word_1_589' title='bbox 984 4248 1087 4303; x_wconf 89' lang='lat' dir='ltr'><strong>viri</strong></span> <span class='ocrx_word' id='word_1_590' title='bbox 1117 4248 1168 4302; x_wconf 93' lang='lat' dir='ltr'><strong>in</strong></span> <span class='ocrx_word' id='word_1_591' title='bbox 1198 4249 1282 4303; x_wconf 89' lang='lat' dir='ltr'><strong>eis</strong></span> <span class='ocrx_word' id='word_1_592' title='bbox 1308 4248 1590 4318; x_wconf 77' lang='lat' dir='ltr'><strong>diligentia</strong></span> <span class='ocrx_word' id='word_1_593' title='bbox 1615 4258 1761 4303; x_wconf 87' lang='lat' dir='ltr'><strong>esset</strong></span> <span class='ocrx_word' id='word_1_594' title='bbox 1782 4257 1944 4318; x_wconf 84' lang='lat' dir='ltr'><strong>atque</strong></span> <span class='ocrx_word' id='word_1_595' title='bbox 1967 4265 2091 4319; x_wconf 65' lang='lat' dir='ltr'><strong>pra!-</strong></span> 
     </span>
    </p>
   </div>
   <div class='ocr_carea' id='block_1_85' title="bbox 2196 4240 3783 4324">
    <p class='ocr_par' dir='ltr' id='par_1_85' title="bbox 2209 4240 3783 4324">
     <span class='ocr_line' id='line_1_85' title="bbox 2209 4240 3783 4324; baseline -0.01 -17"><span class='ocrx_word' id='word_1_596' title='bbox 2209 4253 2402 4324; x_wconf 72' lang='grc' dir='ltr'>ἀνδρδς</span> <span class='ocrx_word' id='word_1_597' title='bbox 2440 4249 2847 4321; x_wconf 77' lang='grc' dir='ltr'>ἐπιμνησθῆναι</span> <span class='ocrx_word' id='word_1_598' title='bbox 2891 4246 3178 4317; x_wconf 78' lang='grc' dir='ltr'>ἀκριϐείας</span> <span class='ocrx_word' id='word_1_599' title='bbox 3217 4261 3278 4297; x_wconf 81' lang='grc' dir='ltr'><strong>τε</strong></span> <span class='ocrx_word' id='word_1_600' title='bbox 3328 4245 3422 4297; x_wconf 65' lang='grc' dir='ltr'>καὶ</span> <span class='ocrx_word' id='word_1_601' title='bbox 3447 4240 3783 4312; x_wconf 72' lang='grc' dir='ltr'>ἀκρότητος.</span> 
     </span>
    </p>
   </div>
   <div class='ocr_carea' id='block_1_86' title="bbox 528 4328 2091 4415">
    <p class='ocr_par' dir='ltr' id='par_1_86' title="bbox 528 4339 2091 4411">
     <span class='ocr_line' id='line_1_86' title="bbox 528 4339 2091 4411; baseline 0.001 -17"><span class='ocrx_word' id='word_1_602' title='bbox 528 4339 734 4394; x_wconf 83' lang='lat' dir='ltr'><strong>stantia</strong></span> <span class='ocrx_word' id='word_1_603' title='bbox 771 4341 1111 4395; x_wconf 88' lang='lat' dir='ltr'><strong>meminisse.</strong></span> <span class='ocrx_word' id='word_1_604' title='bbox 1146 4339 1227 4393; x_wconf 81' lang='lat' dir='ltr'><strong>Ad</strong></span> <span class='ocrx_word' id='word_1_605' title='bbox 1257 4339 1567 4395; x_wconf 83' lang='lat' dir='ltr'><strong>divinarum</strong></span> <span class='ocrx_word' id='word_1_606' title='bbox 1599 4341 1741 4395; x_wconf 86' lang='lat' dir='ltr'><strong>enim</strong></span> <span class='ocrx_word' id='word_1_607' title='bbox 1787 4340 2091 4411; x_wconf 88' lang='lat' dir='ltr'><strong>Scriptura-</strong></span> 
     </span>
    </p>
   </div>
   <div class='ocr_carea' id='block_1_87' title="bbox 2196 4328 3786 4415">
    <p class='ocr_par' dir='ltr' id='par_1_87' title="bbox 2214 4328 3786 4415">
     <span class='ocr_line' id='line_1_87' title="bbox 2214 4328 3786 4415; baseline -0.011 -17"><span class='ocrx_word' id='word_1_608' title='bbox 2214 4347 2253 4398; x_wconf 88' lang='grc' dir='ltr'><em>Π</em></span> <span class='ocrx_word' id='word_1_609' title='bbox 2263 4346 2357 4415; x_wconf 72' lang='grc' dir='ltr'><strong>ρος</strong></span> <span class='ocrx_word' id='word_1_610' title='bbox 2383 4342 2493 4413; x_wconf 76' lang='grc' dir='ltr'><strong>γὰρ</strong></span> <span class='ocrx_word' id='word_1_611' title='bbox 2515 4344 2580 4412; x_wconf 77' lang='grc' dir='ltr'>τῇ</span> <span class='ocrx_word' id='word_1_612' title='bbox 2613 4341 2721 4394; x_wconf 88' lang='grc' dir='ltr'><strong>τῶν</strong></span> <span class='ocrx_word' id='word_1_613' title='bbox 2745 4341 2905 4393; x_wconf 86' lang='grc' dir='ltr'>θείων</span> <span class='ocrx_word' id='word_1_614' title='bbox 2932 4328 3130 4408; x_wconf 81' lang='grc' dir='ltr'>λογίων</span> <span class='ocrx_word' id='word_1_615' title='bbox 3153 4335 3352 4408; x_wconf 64' lang='grc' dir='ltr'>μελέτῃ</span> <span class='ocrx_word' id='word_1_616' title='bbox 3379 4334 3475 4388; x_wconf 73' lang='grc' dir='ltr'>καὶ</span> <span class='ocrx_word' id='word_1_617' title='bbox 3500 4333 3597 4402; x_wconf 77' lang='grc' dir='ltr'>τῆς</span> <span class='ocrx_word' id='word_1_618' title='bbox 3620 4330 3786 4400; x_wconf 83' lang='grc' dir='ltr'>θύρα-</span> 
     </span>
    </p>
   </div>
   <div class='ocr_carea' id='block_1_88' title="bbox 530 4422 2091 4507">
    <p class='ocr_par' dir='ltr' id='par_1_88' title="bbox 530 4430 2091 4503">
     <span class='ocr_line' id='line_1_88' title="bbox 530 4430 2091 4503; baseline 0.002 -18"><span class='ocrx_word' id='word_1_619' title='bbox 530 4446 649 4485; x_wconf 89' lang='lat' dir='ltr'><strong>rum</strong></span> <span class='ocrx_word' id='word_1_620' title='bbox 684 4430 1090 4485; x_wconf 83' lang='lat' dir='ltr'><strong>meditationem</strong></span> <span class='ocrx_word' id='word_1_621' title='bbox 1120 4431 1404 4486; x_wconf 73' lang='lat' dir='ltr'><strong>smcularis</strong></span> <span class='ocrx_word' id='word_1_622' title='bbox 1435 4432 1755 4487; x_wconf 66' lang='lat' dir='ltr'><strong>litteraturae</strong></span> <span class='ocrx_word' id='word_1_623' title='bbox 1780 4435 2091 4503; x_wconf 76' lang='lat' dir='ltr'><strong>tontpetttlt’a</strong></span> 
     </span>
    </p>
   </div>
   <div class='ocr_carea' id='block_1_89' title="bbox 2196 4422 3788 4507">
    <p class='ocr_par' dir='ltr' id='par_1_89' title="bbox 2213 4422 3788 4507">
     <span class='ocr_line' id='line_1_89' title="bbox 2213 4422 3788 4507; baseline -0.011 -18"><span class='ocrx_word' id='word_1_624' title='bbox 2213 4437 2303 4490; x_wconf 85' lang='grc' dir='ltr'><strong>θεν</strong></span> <span class='ocrx_word' id='word_1_625' title='bbox 2336 4431 2660 4507; x_wconf 80' lang='grc' dir='ltr'>[παιδείας]</span> <span class='ocrx_word' id='word_1_626' title='bbox 2705 4432 3092 4499; x_wconf 80' lang='grc' dir='ltr'>είσεποιήσατο</span> <span class='ocrx_word' id='word_1_627' title='bbox 3124 4427 3340 4500; x_wconf 66' lang='grc' dir='ltr'>μέθεξιν</span> <span class='ocrx_word' id='word_1_628' title='bbox 3360 4444 3373 4458; x_wconf 76' lang='grc' dir='ltr'><strong>ο</strong></span> <span class='ocrx_word' id='word_1_629' title='bbox 3406 4427 3474 4497; x_wconf 77' lang='grc' dir='ltr'>τῇ</span> <span class='ocrx_word' id='word_1_630' title='bbox 3508 4425 3604 4493; x_wconf 72' lang='grc' dir='ltr'>μὲν</span> <span class='ocrx_word' id='word_1_631' title='bbox 3637 4422 3699 4475; x_wconf 74' lang='grc' dir='ltr'>τὸ</span> <span class='ocrx_word' id='word_1_632' title='bbox 3730 4422 3788 4473; x_wconf 69' lang='grc' dir='ltr'>ιν</span> 
     </span>
    </p>
   </div>
   <div class='ocr_carea' id='block_1_90' title="bbox 475 4496 2091 4595">
    <p class='ocr_par' dir='ltr' id='par_1_90' title="bbox 475 4520 2091 4595">
     <span class='ocr_line' id='line_1_90' title="bbox 475 4520 2091 4595; baseline 0.002 -22"><span class='ocrx_word' id='word_1_633' title='bbox 475 4531 480 4535; x_wconf 88' lang='grc'><em>’</em></span> <span class='ocrx_word' id='word_1_634' title='bbox 531 4523 799 4593; x_wconf 70' lang='lat' dir='ltr'><strong>adiunxit,</strong></span> <span class='ocrx_word' id='word_1_635' title='bbox 821 4532 931 4576; x_wconf 84' lang='lat' dir='ltr'><strong>lunt</strong></span> <span class='ocrx_word' id='word_1_636' title='bbox 953 4533 1012 4576; x_wconf 80' lang='grc' dir='ltr'><strong>ιιι</strong></span> <span class='ocrx_word' id='word_1_637' title='bbox 1047 4520 1260 4577; x_wconf 76' lang='lat' dir='ltr'><strong>facilius</strong></span> <span class='ocrx_word' id='word_1_638' title='bbox 1279 4534 1464 4590; x_wconf 89' lang='lat' dir='ltr'><strong>posset</strong></span> <span class='ocrx_word' id='word_1_639' title='bbox 1487 4522 2091 4595; x_wconf 61' lang='lat' dir='ltr'><strong>dOCCIHIOPCl‘SUutiefe</strong></span> 
     </span>
    </p>
   </div>
   <div class='ocr_carea' id='block_1_91' title="bbox 2196 4496 3788 4595">
    <p class='ocr_par' dir='ltr' id='par_1_91' title="bbox 2210 4496 3788 4595">
     <span class='ocr_line' id='line_1_91' title="bbox 2210 4496 3788 4595; baseline -0.011 -16"><span class='ocrx_word' id='word_1_640' title='bbox 2210 4496 2453 4595; x_wconf 79' lang='grc' dir='ltr'>διδαχαῖς</span> <span class='ocrx_word' id='word_1_641' title='bbox 2497 4496 3145 4577; x_wconf 41' lang='grc' dir='ltr'>καταπλουτίσαι-θέλων</span> <span class='ocrx_word' id='word_1_642' title='bbox 3188 4496 3482 4588; x_wconf 85' lang='grc' dir='ltr'>πειθήνιον,</span> <span class='ocrx_word' id='word_1_643' title='bbox 3529 4517 3594 4584; x_wconf 75' lang='grc' dir='ltr'>τῇ</span> <span class='ocrx_word' id='word_1_644' title='bbox 3626 4512 3680 4565; x_wconf 68' lang='grc' dir='ltr'>δὲ</span> <span class='ocrx_word' id='word_1_645' title='bbox 3726 4510 3788 4563; x_wconf 82' lang='grc' dir='ltr'>τὸ</span> 
     </span>
    </p>
   </div>
   <div class='ocr_carea' id='block_1_92' title="bbox 531 4600 2091 4687">
    <p class='ocr_par' dir='ltr' id='par_1_92' title="bbox 531 4614 2091 4687">
     <span class='ocr_line' id='line_1_92' title="bbox 531 4614 2091 4687; baseline 0.003 -23"><span class='ocrx_word' id='word_1_646' title='bbox 531 4623 643 4667; x_wconf 88' lang='lat' dir='ltr'><strong>tum</strong></span> <span class='ocrx_word' id='word_1_647' title='bbox 667 4623 725 4668; x_wconf 86' lang='grc' dir='ltr'><strong>ιιι</strong></span> <span class='ocrx_word' id='word_1_648' title='bbox 745 4614 811 4668; x_wconf 90' lang='lat' dir='ltr'><strong>ad</strong></span> <span class='ocrx_word' id='word_1_649' title='bbox 837 4627 1056 4668; x_wconf 80' lang='lat' dir='ltr'><strong>errores</strong></span> <span class='ocrx_word' id='word_1_650' title='bbox 1091 4614 1464 4683; x_wconf 74' lang='lat' dir='ltr'><strong>coarguendos</strong></span> <span class='ocrx_word' id='word_1_651' title='bbox 1498 4618 1752 4672; x_wconf 80' lang='lat' dir='ltr'><strong>evaderet</strong></span> <span class='ocrx_word' id='word_1_652' title='bbox 1780 4618 2091 4687; x_wconf 24' lang='lat' dir='ltr'><strong>expeditior,</strong></span> 
     </span>
    </p>
   </div>
   <div class='ocr_carea' id='block_1_93' title="bbox 2196 4600 3838 4687">
    <p class='ocr_par' dir='ltr' id='par_1_93' title="bbox 2211 4600 3838 4684">
     <span class='ocr_line' id='line_1_93' title="bbox 2211 4600 3838 4684; baseline -0.008 -15"><span class='ocrx_word' id='word_1_653' title='bbox 2211 4617 2307 4684; x_wconf 76' lang='grc' dir='ltr'>τῆς</span> <span class='ocrx_word' id='word_1_654' title='bbox 2355 4613 2564 4683; x_wconf 83' lang='grc' dir='ltr'>πλάνης</span> <span class='ocrx_word' id='word_1_655' title='bbox 2615 4611 2915 4680; x_wconf 75' lang='grc' dir='ltr'>διελέγχειν</span> <span class='ocrx_word' id='word_1_656' title='bbox 2994 4608 3277 4664; x_wconf 78' lang='grc' dir='ltr'>ἀπίθανον.</span> <span class='ocrx_word' id='word_1_657' title='bbox 3336 4605 3425 4669; x_wconf 81' lang='grc' dir='ltr'>Ὠς</span> <span class='ocrx_word' id='word_1_658' title='bbox 3467 4604 3573 4675; x_wconf 76' lang='grc' dir='ltr'>γὰρ</span> <span class='ocrx_word' id='word_1_659' title='bbox 3617 4600 3786 4671; x_wconf 79' lang='grc' dir='ltr'>ἁρετὴ</span> <span class='ocrx_word' id='word_1_660' title='bbox 3822 4613 3838 4621; x_wconf 81' lang='lat'>&#39;</span> 
     </span>
    </p>
   </div>
   <div class='ocr_carea' id='block_1_94' title="bbox 532 4691 2091 4778">
    <p class='ocr_par' dir='ltr' id='par_1_94' title="bbox 532 4706 2084 4778">
     <span class='ocr_line' id='line_1_94' title="bbox 532 4706 2084 4778; baseline 0 -18"><span class='ocrx_word' id='word_1_661' title='bbox 532 4706 1007 4773; x_wconf 80' lang='lat' dir='ltr'><strong>Quemadmodum</strong></span> <span class='ocrx_word' id='word_1_662' title='bbox 1049 4706 1193 4760; x_wconf 89' lang='lat' dir='ltr'><strong>enim</strong></span> <span class='ocrx_word' id='word_1_663' title='bbox 1223 4720 1285 4762; x_wconf 89' lang='lat' dir='ltr'><strong>ea</strong></span> <span class='ocrx_word' id='word_1_664' title='bbox 1323 4706 1454 4777; x_wconf 87' lang='lat' dir='ltr'><strong>legis</strong></span> <span class='ocrx_word' id='word_1_665' title='bbox 1500 4707 1671 4764; x_wconf 86' lang='lat' dir='ltr'><strong>virtus</strong></span> <span class='ocrx_word' id='word_1_666' title='bbox 1716 4719 1821 4775; x_wconf 88' lang='lat' dir='ltr'><strong>est,</strong></span> <span class='ocrx_word' id='word_1_667' title='bbox 1860 4716 1919 4763; x_wconf 86' lang='lat' dir='ltr'><strong>ut</strong></span> <span class='ocrx_word' id='word_1_668' title='bbox 1975 4708 2084 4778; x_wconf 84' lang='lat' dir='ltr'><strong>just</strong></span> 
     </span>
    </p>
   </div>
   <div class='ocr_carea' id='block_1_95' title="bbox 2196 4691 3786 4778">
    <p class='ocr_par' dir='ltr' id='par_1_95' title="bbox 2212 4691 3786 4776">
     <span class='ocr_line' id='line_1_95' title="bbox 2212 4691 3786 4776; baseline -0.01 -17"><span class='ocrx_word' id='word_1_669' title='bbox 2212 4705 2413 4776; x_wconf 84' lang='grc' dir='ltr'>νόμου,</span> <span class='ocrx_word' id='word_1_670' title='bbox 2436 4705 2648 4758; x_wconf 78' lang='grc' dir='ltr'>δικαίου</span> <span class='ocrx_word' id='word_1_671' title='bbox 2680 4719 2737 4756; x_wconf 86' lang='grc' dir='ltr'><strong>τε</strong></span> <span class='ocrx_word' id='word_1_672' title='bbox 2766 4702 2866 4756; x_wconf 70' lang='grc' dir='ltr'>καὶ</span> <span class='ocrx_word' id='word_1_673' title='bbox 2895 4700 3082 4755; x_wconf 85' lang='grc' dir='ltr'>ἀδίκου</span> <span class='ocrx_word' id='word_1_674' title='bbox 3112 4696 3418 4767; x_wconf 79' lang='grc' dir='ltr'>κατάληψιν</span> <span class='ocrx_word' id='word_1_675' title='bbox 3450 4691 3786 4763; x_wconf 70' lang='grc' dir='ltr'>ἐπαγγέλλει-</span> 
     </span>
    </p>
   </div>
   <div class='ocr_carea' id='block_1_96' title="bbox 531 4787 2091 4871">
    <p class='ocr_par' dir='ltr' id='par_1_96' title="bbox 531 4797 2086 4871">
     <span class='ocr_line' id='line_1_96' title="bbox 531 4797 2086 4871; baseline -0.001 -18"><span class='ocrx_word' id='word_1_676' title='bbox 531 4812 696 4868; x_wconf 85' lang='lat' dir='ltr'><strong>atque</strong></span> <span class='ocrx_word' id='word_1_677' title='bbox 714 4797 900 4868; x_wconf 72' lang='lat' dir='ltr'><strong>iniusti</strong></span> <span class='ocrx_word' id='word_1_678' title='bbox 923 4799 1458 4868; x_wconf 83' lang='lat' dir='ltr'><strong>comprehensionem</strong></span> <span class='ocrx_word' id='word_1_679' title='bbox 1479 4810 1796 4871; x_wconf 84' lang='lat' dir='ltr'><strong>certamque</strong></span> <span class='ocrx_word' id='word_1_680' title='bbox 1815 4799 2086 4857; x_wconf 80' lang='lat' dir='ltr'><strong>scientian</strong></span> 
     </span>
    </p>
   </div>
   <div class='ocr_carea' id='block_1_97' title="bbox 2196 4787 3787 4871">
    <p class='ocr_par' dir='ltr' id='par_1_97' title="bbox 2212 4787 3787 4867">
     <span class='ocr_line' id='line_1_97' title="bbox 2212 4787 3787 4867; baseline -0.011 -16"><span class='ocrx_word' id='word_1_681' title='bbox 2212 4816 2324 4866; x_wconf 86' lang='grc' dir='ltr'>ται,</span> <span class='ocrx_word' id='word_1_682' title='bbox 2354 4797 2440 4867; x_wconf 76' lang='grc' dir='ltr'>ἵνα</span> <span class='ocrx_word' id='word_1_683' title='bbox 2468 4796 2567 4867; x_wconf 77' lang='grc' dir='ltr'>τὴν</span> <span class='ocrx_word' id='word_1_684' title='bbox 2600 4795 2759 4862; x_wconf 76' lang='grc' dir='ltr'>ἀξίαν</span> <span class='ocrx_word' id='word_1_685' title='bbox 2786 4793 3057 4848; x_wconf 82' lang='grc' dir='ltr'>ἀντίδοσιν</span> <span class='ocrx_word' id='word_1_686' title='bbox 3083 4793 3197 4853; x_wconf 80' lang='grc' dir='ltr'>τοῖς</span> <span class='ocrx_word' id='word_1_687' title='bbox 3225 4790 3507 4844; x_wconf 65' lang='grc' dir='ltr'>ἐπαΐουσιν</span> <span class='ocrx_word' id='word_1_688' title='bbox 3530 4787 3787 4853; x_wconf 75' lang='grc' dir='ltr'>ὁπότερον</span> 
     </span>
    </p>
   </div>
   <div class='ocr_carea' id='block_1_98' title="bbox 534 4876 2091 4960">
    <p class='ocr_par' dir='ltr' id='par_1_98' title="bbox 534 4888 2086 4960">
     <span class='ocr_line' id='line_1_98' title="bbox 534 4888 2086 4960; baseline 0 -19"><span class='ocrx_word' id='word_1_689' title='bbox 534 4888 882 4959; x_wconf 78' lang='lat' dir='ltr'><strong>proﬁteatur,</strong></span> <span class='ocrx_word' id='word_1_690' title='bbox 911 4902 1025 4960; x_wconf 84' lang='lat' dir='ltr'><strong>quo</strong></span> <span class='ocrx_word' id='word_1_691' title='bbox 1060 4889 1299 4960; x_wconf 78' lang='lat' dir='ltr'><strong>dignam,</strong></span> <span class='ocrx_word' id='word_1_692' title='bbox 1331 4900 1387 4943; x_wconf 91' lang='lat' dir='ltr'><strong>ut</strong></span> <span class='ocrx_word' id='word_1_693' title='bbox 1425 4892 1657 4959; x_wconf 81' lang='lat' dir='ltr'><strong>quisque</strong></span> <span class='ocrx_word' id='word_1_694' title='bbox 1687 4889 1914 4944; x_wconf 88' lang='lat' dir='ltr'><strong>alterum</strong></span> <span class='ocrx_word' id='word_1_695' title='bbox 1940 4899 2086 4943; x_wconf 84' lang='lat' dir='ltr'><strong>secta</strong></span> 
     </span>
    </p>
   </div>
   <div class='ocr_carea' id='block_1_99' title="bbox 2196 4876 3787 4960">
    <p class='ocr_par' dir='ltr' id='par_1_99' title="bbox 2211 4876 3787 4955">
     <span class='ocr_line' id='line_1_99' title="bbox 2211 4876 3787 4955; baseline -0.012 -11"><span class='ocrx_word' id='word_1_696' title='bbox 2211 4887 2651 4955; x_wconf 68' lang='grc' dir='ltr'>ταλαντεῠσειεν,</span> <span class='ocrx_word' id='word_1_697' title='bbox 2679 4886 2822 4940; x_wconf 82' lang='grc' dir='ltr'>οὕτω</span> <span class='ocrx_word' id='word_1_698' title='bbox 2856 4886 2948 4939; x_wconf 73' lang='grc' dir='ltr'>καὶ</span> <span class='ocrx_word' id='word_1_699' title='bbox 2970 4883 3033 4938; x_wconf 76' lang='grc' dir='ltr'><strong>τὸ</strong></span> <span class='ocrx_word' id='word_1_700' title='bbox 3060 4885 3161 4953; x_wconf 79' lang='grc' dir='ltr'>τῆς</span> <span class='ocrx_word' id='word_1_701' title='bbox 3192 4881 3527 4942; x_wconf 80' lang='grc' dir='ltr'>παιδεύσεως</span> <span class='ocrx_word' id='word_1_702' title='bbox 3555 4876 3787 4937; x_wconf 76' lang='grc' dir='ltr'>ἐντελὲς,</span> 
     </span>
    </p>
   </div>
   <div class='ocr_carea' id='block_1_100' title="bbox 538 4958 2091 5053">
    <p class='ocr_par' dir='ltr' id='par_1_100' title="bbox 538 4958 2091 5053">
     <span class='ocr_line' id='line_1_100' title="bbox 538 4958 2091 5053; baseline -0.001 -18"><span class='ocrx_word' id='word_1_703' title='bbox 538 4958 625 5036; x_wconf 86' lang='lat' dir='ltr'><strong>tns</strong></span> <span class='ocrx_word' id='word_1_704' title='bbox 656 4980 843 5047; x_wconf 91' lang='lat' dir='ltr'><strong>fuerit,</strong></span> <span class='ocrx_word' id='word_1_705' title='bbox 904 4958 1317 5039; x_wconf 76' lang='lat' dir='ltr'><strong>retributionem</strong></span> <span class='ocrx_word' id='word_1_706' title='bbox 1367 4984 1651 5053; x_wconf 76' lang='lat' dir='ltr'><strong>:equalitcr</strong></span> <span class='ocrx_word' id='word_1_707' title='bbox 1692 4980 1982 5051; x_wconf 80' lang='lat' dir='ltr'><strong>rependat;</strong></span> <span class='ocrx_word' id='word_1_708' title='bbox 2036 4981 2091 5034; x_wconf 90' lang='lat' dir='ltr'><strong>it:</strong></span> 
     </span>
    </p>
   </div>
   <div class='ocr_carea' id='block_1_101' title="bbox 2196 4958 3788 5053">
    <p class='ocr_par' dir='ltr' id='par_1_101' title="bbox 2206 4963 3788 5052">
     <span class='ocr_line' id='line_1_101' title="bbox 2206 4963 3788 5052; baseline -0.013 -16"><span class='ocrx_word' id='word_1_709' title='bbox 2206 4981 2482 5052; x_wconf 74' lang='grc' dir='ltr'>ἑκατέρας</span> <span class='ocrx_word' id='word_1_710' title='bbox 2511 4978 2649 5050; x_wconf 64' lang='grc' dir='ltr'>πρὸς</span> <span class='ocrx_word' id='word_1_711' title='bbox 2676 4975 3028 5043; x_wconf 58' lang='grc' dir='ltr'>διδασκαλίαν</span> <span class='ocrx_word' id='word_1_712' title='bbox 3054 4974 3333 5044; x_wconf 76' lang='grc' dir='ltr'>προσήκει</span> <span class='ocrx_word' id='word_1_713' title='bbox 3362 4971 3553 5041; x_wconf 79' lang='grc' dir='ltr'>φέρειν</span> <span class='ocrx_word' id='word_1_714' title='bbox 3580 4967 3679 5037; x_wconf 76' lang='grc' dir='ltr'>τὴν</span> <span class='ocrx_word' id='word_1_715' title='bbox 3709 4963 3788 5016; x_wconf 82' lang='grc' dir='ltr'>εί-</span> 
     </span>
    </p>
   </div>
   <div class='ocr_carea' id='block_1_102' title="bbox 532 5059 2091 5145">
    <p class='ocr_par' dir='ltr' id='par_1_102' title="bbox 532 5070 2091 5145">
     <span class='ocr_line' id='line_1_102' title="bbox 532 5070 2091 5145; baseline 0 -20"><span class='ocrx_word' id='word_1_716' title='bbox 532 5072 697 5127; x_wconf 88' lang='lat' dir='ltr'><strong>etiam</strong></span> <span class='ocrx_word' id='word_1_717' title='bbox 745 5070 1160 5141; x_wconf 89' lang='lat' dir='ltr'><strong>disciplinarum</strong></span> <span class='ocrx_word' id='word_1_718' title='bbox 1216 5074 1479 5145; x_wconf 88' lang='lat' dir='ltr'><strong>perfectio</strong></span> <span class='ocrx_word' id='word_1_719' title='bbox 1515 5074 1801 5143; x_wconf 73' lang='lat' dir='ltr'><strong>utriusque</strong></span> <span class='ocrx_word' id='word_1_720' title='bbox 1836 5073 2091 5144; x_wconf 78' lang='lat' dir='ltr'><strong>cognitio-</strong></span> 
     </span>
    </p>
   </div>
   <div class='ocr_carea' id='block_1_103' title="bbox 2196 5059 3786 5145">
    <p class='ocr_par' dir='ltr' id='par_1_103' title="bbox 2211 5059 3786 5145">
     <span class='ocr_line' id='line_1_103' title="bbox 2211 5059 3786 5145; baseline -0.013 -17"><span class='ocrx_word' id='word_1_721' title='bbox 2211 5076 2387 5145; x_wconf 85' lang='grc' dir='ltr'>δησιν.</span> <span class='ocrx_word' id='word_1_722' title='bbox 2414 5074 2524 5141; x_wconf 80' lang='grc' dir='ltr'>Οὐχ</span> <span class='ocrx_word' id='word_1_723' title='bbox 2547 5072 2631 5125; x_wconf 81' lang='grc' dir='ltr'>ὅτι</span> <span class='ocrx_word' id='word_1_724' title='bbox 2654 5068 2977 5139; x_wconf 79' lang='grc' dir='ltr'>παράλληλα</span> <span class='ocrx_word' id='word_1_725' title='bbox 2996 5065 3221 5135; x_wconf 87' lang='grc' dir='ltr'>τίθεμεν</span> <span class='ocrx_word' id='word_1_726' title='bbox 3242 5064 3431 5133; x_wconf 72' lang='grc' dir='ltr'>ἄμφω,</span> <span class='ocrx_word' id='word_1_727' title='bbox 3460 5061 3534 5130; x_wconf 83' lang='grc' dir='ltr'>μὴ</span> <span class='ocrx_word' id='word_1_728' title='bbox 3558 5059 3786 5128; x_wconf 74' lang='grc' dir='ltr'>γένοιτοο</span> 
     </span>
    </p>
   </div>
   <div class='ocr_carea' id='block_1_104' title="bbox 536 5149 2091 5247">
    <p class='ocr_par' dir='ltr' id='par_1_104' title="bbox 536 5162 2091 5235">
     <span class='ocr_line' id='line_1_104' title="bbox 536 5162 2091 5235; baseline -0.001 -21"><span class='ocrx_word' id='word_1_729' title='bbox 536 5178 661 5215; x_wconf 79' lang='grc' dir='ltr'>ιιι-ιη</span> <span class='ocrx_word' id='word_1_730' title='bbox 696 5162 1054 5232; x_wconf 83' lang='lat' dir='ltr'><strong>peritiautque</strong></span> <span class='ocrx_word' id='word_1_731' title='bbox 1102 5166 1351 5235; x_wconf 84' lang='lat' dir='ltr'><strong>requirit.</strong></span> <span class='ocrx_word' id='word_1_732' title='bbox 1388 5162 1503 5218; x_wconf 81' lang='lat' dir='ltr'><strong>Non</strong></span> <span class='ocrx_word' id='word_1_733' title='bbox 1549 5164 1620 5218; x_wconf 89' lang='lat' dir='ltr'><strong>ita</strong></span> <span class='ocrx_word' id='word_1_734' title='bbox 1657 5175 1836 5217; x_wconf 89' lang='lat' dir='ltr'><strong>tamen</strong></span> <span class='ocrx_word' id='word_1_735' title='bbox 1872 5173 1928 5217; x_wconf 90' lang='lat' dir='ltr'><strong>ut</strong></span> <span class='ocrx_word' id='word_1_736' title='bbox 1955 5178 2091 5232; x_wconf 67' lang='lat' dir='ltr'><strong>qu:</strong></span> 
     </span>
    </p>
   </div>
   <div class='ocr_carea' id='block_1_105' title="bbox 2196 5149 3790 5247">
    <p class='ocr_par' dir='ltr' id='par_1_105' title="bbox 2212 5149 3790 5247">
     <span class='ocr_line' id='line_1_105' title="bbox 2212 5149 3790 5247; baseline -0.009 -27"><span class='ocrx_word' id='word_1_737' title='bbox 2212 5168 2275 5220; x_wconf 75' lang='grc' dir='ltr'>οὐ</span> <span class='ocrx_word' id='word_1_738' title='bbox 2296 5165 2407 5236; x_wconf 72' lang='grc' dir='ltr'>γὰρ</span> <span class='ocrx_word' id='word_1_739' title='bbox 2425 5162 2735 5234; x_wconf 70' lang='grc' dir='ltr'>«ἐφάμιλλος</span> <span class='ocrx_word' id='word_1_740' title='bbox 2764 5160 3019 5230; x_wconf 79' lang='grc' dir='ltr'>δεσποίνῃ</span> <span class='ocrx_word' id='word_1_741' title='bbox 3046 5157 3376 5247; x_wconf 77' lang='grc' dir='ltr'>θεράπαινα,</span> <span class='ocrx_word' id='word_1_742' title='bbox 3401 5152 3522 5247; x_wconf 67' lang='grc' dir='ltr'>οὐδὲ</span> <span class='ocrx_word' id='word_1_743' title='bbox 3553 5149 3761 5247; x_wconf 39' lang='grc' dir='ltr'>μὴοκλῖι</span> <span class='ocrx_word' id='word_1_744' title='bbox 3777 5177 3790 5187; x_wconf 91' lang='grc'>·</span> 
     </span>
    </p>
   </div>
   <div class='ocr_carea' id='block_1_106' title="bbox 540 5241 2091 5327">
    <p class='ocr_par' dir='ltr' id='par_1_106' title="bbox 540 5253 2047 5325">
     <span class='ocr_line' id='line_1_106' title="bbox 540 5253 2047 5325; baseline 0 -21"><span class='ocrx_word' id='word_1_745' title='bbox 540 5253 685 5307; x_wconf 81' lang='lat' dir='ltr'><strong>velut</strong></span> <span class='ocrx_word' id='word_1_746' title='bbox 722 5254 897 5324; x_wconf 86' lang='lat' dir='ltr'><strong>lance,</strong></span> <span class='ocrx_word' id='word_1_747' title='bbox 924 5258 1070 5325; x_wconf 26' lang='lat' dir='ltr'><strong>Aquod</strong></span> <span class='ocrx_word' id='word_1_748' title='bbox 1122 5257 1284 5322; x_wconf 83' lang='lat' dir='ltr'><strong>absit,</strong></span> <span class='ocrx_word' id='word_1_749' title='bbox 1319 5271 1712 5325; x_wconf 86' lang='lat' dir='ltr'><strong>componamus</strong></span> <span class='ocrx_word' id='word_1_750' title='bbox 1760 5265 2047 5323; x_wconf 85' lang='lat' dir='ltr'><strong>utramque</strong></span> 
     </span>
    </p>
   </div>
   <div class='ocr_carea' id='block_1_107' title="bbox 2196 5241 3790 5327">
    <p class='ocr_par' dir='ltr' id='par_1_107' title="bbox 2219 5241 3790 5327">
     <span class='ocr_line' id='line_1_107' title="bbox 2219 5241 3790 5327; baseline -0.013 -18"><span class='ocrx_word' id='word_1_751' title='bbox 2219 5255 2512 5327; x_wconf 83' lang='grc' dir='ltr'>ρονομήσει</span> <span class='ocrx_word' id='word_1_752' title='bbox 2552 5254 2579 5306; x_wconf 86' lang='grc' dir='ltr'><strong>ὁ</strong></span> <span class='ocrx_word' id='word_1_753' title='bbox 2616 5252 2731 5315; x_wconf 83' lang='grc' dir='ltr'>υίὸς</span> <span class='ocrx_word' id='word_1_754' title='bbox 2776 5250 2875 5320; x_wconf 79' lang='grc' dir='ltr'>τῆς</span> <span class='ocrx_word' id='word_1_755' title='bbox 2906 5247 3198 5316; x_wconf 85' lang='grc' dir='ltr'>παιδίσκης</span> <span class='ocrx_word' id='word_1_756' title='bbox 3230 5243 3369 5314; x_wconf 84' lang='grc' dir='ltr'><strong>μετά</strong></span> <span class='ocrx_word' id='word_1_757' title='bbox 3408 5241 3499 5294; x_wconf 81' lang='grc' dir='ltr'>τοῦ</span> <span class='ocrx_word' id='word_1_758' title='bbox 3546 5241 3661 5293; x_wconf 77' lang='grc' dir='ltr'>υἱοῦ</span> <span class='ocrx_word' id='word_1_759' title='bbox 3693 5241 3790 5305; x_wconf 72' lang='grc' dir='ltr'>τῆς</span> 
     </span>
    </p>
   </div>
   <div class='ocr_carea' id='block_1_108' title="bbox 535 5330 2091 5420">
    <p class='ocr_par' dir='ltr' id='par_1_108' title="bbox 535 5346 2091 5420">
     <span class='ocr_line' id='line_1_108' title="bbox 535 5346 2091 5420; baseline -0.004 -19"><span class='ocrx_word' id='word_1_760' title='bbox 535 5359 642 5401; x_wconf 81' lang='lat' dir='ltr'><strong>non</strong></span> <span class='ocrx_word' id='word_1_761' title='bbox 676 5348 819 5402; x_wconf 91' lang='lat' dir='ltr'><strong>enim</strong></span> <span class='ocrx_word' id='word_1_762' title='bbox 847 5350 963 5420; x_wconf 88' lang='lat' dir='ltr'><strong>pari</strong></span> <span class='ocrx_word' id='word_1_763' title='bbox 1009 5366 1133 5405; x_wconf 89' lang='lat' dir='ltr'><strong>cum</strong></span> <span class='ocrx_word' id='word_1_764' title='bbox 1175 5350 1395 5405; x_wconf 88' lang='lat' dir='ltr'><strong>domina</strong></span> <span class='ocrx_word' id='word_1_765' title='bbox 1429 5349 1634 5403; x_wconf 83' lang='lat' dir='ltr'><strong>honore</strong></span> <span class='ocrx_word' id='word_1_766' title='bbox 1685 5346 1880 5400; x_wconf 77' lang='lat' dir='ltr'><strong>ancilla</strong></span> <span class='ocrx_word' id='word_1_767' title='bbox 1934 5357 2091 5400; x_wconf 77' lang='lat' dir='ltr'><strong>certa</strong></span> 
     </span>
    </p>
   </div>
   <div class='ocr_carea' id='block_1_109' title="bbox 2196 5330 3793 5420">
    <p class='ocr_par' dir='ltr' id='par_1_109' title="bbox 2216 5330 3793 5420">
     <span class='ocr_line' id='line_1_109' title="bbox 2216 5330 3793 5420; baseline -0.014 -19"><span class='ocrx_word' id='word_1_768' title='bbox 2216 5346 2528 5417; x_wconf 76' lang='grc' dir='ltr'>ἐλευθέρας,</span> <span class='ocrx_word' id='word_1_769' title='bbox 2580 5343 2667 5396; x_wconf 83' lang='grc' dir='ltr'>ἵνα</span> <span class='ocrx_word' id='word_1_770' title='bbox 2709 5341 2804 5395; x_wconf 76' lang='grc' dir='ltr'>καὶ</span> <span class='ocrx_word' id='word_1_771' title='bbox 2857 5339 2962 5393; x_wconf 79' lang='grc' dir='ltr'><strong>τῶν</strong></span> <span class='ocrx_word' id='word_1_772' title='bbox 2998 5338 3136 5410; x_wconf 72' lang='grc' dir='ltr'>πρὸς</span> <span class='ocrx_word' id='word_1_773' title='bbox 3196 5334 3448 5407; x_wconf 71' lang='grc' dir='ltr'>Ἀϐραὰμ</span> <span class='ocrx_word' id='word_1_774' title='bbox 3492 5330 3793 5420; x_wconf 78' lang='grc' dir='ltr'>λεχθέντων</span> 
     </span>
    </p>
   </div>
   <div class='ocr_carea' id='block_1_110' title="bbox 541 5419 2091 5512">
    <p class='ocr_par' dir='ltr' id='par_1_110' title="bbox 541 5442 2085 5505">
     <span class='ocr_line' id='line_1_110' title="bbox 541 5442 2085 5505; baseline -0.003 -7"><span class='ocrx_word' id='word_1_775' title='bbox 541 5443 676 5499; x_wconf 82' lang='lat' dir='ltr'><strong>vcrit</strong></span> <span class='ocrx_word' id='word_1_776' title='bbox 713 5460 729 5500; x_wconf 91' lang='lat'><strong>:</strong></span> <span class='ocrx_word' id='word_1_777' title='bbox 763 5459 863 5502; x_wconf 90' lang='lat' dir='ltr'><strong>nec</strong></span> <span class='ocrx_word' id='word_1_778' title='bbox 892 5461 1026 5503; x_wconf 81' lang='lat' dir='ltr'><strong>vero</strong></span> <span class='ocrx_word' id='word_1_779' title='bbox 1060 5446 1204 5502; x_wconf 84' lang='lat' dir='ltr'><strong>filius</strong></span> <span class='ocrx_word' id='word_1_780' title='bbox 1253 5445 1468 5500; x_wconf 74' lang='lat' dir='ltr'><strong>ancillae</strong></span> <span class='ocrx_word' id='word_1_781' title='bbox 1518 5458 1639 5499; x_wconf 90' lang='lat' dir='ltr'><strong>cum</strong></span> <span class='ocrx_word' id='word_1_782' title='bbox 1676 5442 1788 5498; x_wconf 80' lang='lat' dir='ltr'><strong>(ilio</strong></span> <span class='ocrx_word' id='word_1_783' title='bbox 1821 5442 2026 5505; x_wconf 81' lang='lat' dir='ltr'><strong>liberae,</strong></span> <span class='ocrx_word' id='word_1_784' title='bbox 2058 5458 2085 5494; x_wconf 77' lang='grc' dir='ltr'><strong>ε</strong></span> 
     </span>
    </p>
   </div>
   <div class='ocr_carea' id='block_1_111' title="bbox 2196 5419 3793 5512">
    <p class='ocr_par' dir='ltr' id='par_1_111' title="bbox 2220 5419 3793 5512">
     <span class='ocr_line' id='line_1_111' title="bbox 2220 5419 3793 5512; baseline -0.013 -17"><span class='ocrx_word' id='word_1_785' title='bbox 2220 5437 2467 5512; x_wconf 84' lang='grc' dir='ltr'>μνησθῶ.</span> <span class='ocrx_word' id='word_1_786' title='bbox 2501 5439 2668 5501; x_wconf 83' lang='grc' dir='ltr'>Ὅσος</span> <span class='ocrx_word' id='word_1_787' title='bbox 2713 5436 2820 5506; x_wconf 83' lang='grc' dir='ltr'>γὰρ</span> <span class='ocrx_word' id='word_1_788' title='bbox 2860 5432 2989 5504; x_wconf 84' lang='grc' dir='ltr'>περί</span> <span class='ocrx_word' id='word_1_789' title='bbox 3026 5449 3087 5484; x_wconf 86' lang='grc' dir='ltr'><strong>τε</strong></span> <span class='ocrx_word' id='word_1_790' title='bbox 3121 5426 3522 5501; x_wconf 75' lang='grc' dir='ltr'>γραμματικὴν</span> <span class='ocrx_word' id='word_1_791' title='bbox 3557 5420 3662 5495; x_wconf 74' lang='grc' dir='ltr'>ἦν,</span> <span class='ocrx_word' id='word_1_792' title='bbox 3698 5419 3793 5475; x_wconf 79' lang='grc' dir='ltr'>καὶ</span> 
     </span>
    </p>
   </div>
   <div class='ocr_carea' id='block_1_112' title="bbox 600 5673 3306 5766">
    <p class='ocr_par' dir='ltr' id='par_1_112' title="bbox 600 5673 3306 5766">
     <span class='ocr_line' id='line_1_112' title="bbox 600 5673 3306 5766; baseline -0.007 -20"><span class='ocrx_word' id='word_1_793' title='bbox 600 5689 679 5766; x_wconf 66' lang='grc' dir='ltr'><strong>ας)</strong></span> <span class='ocrx_word' id='word_1_794' title='bbox 713 5690 766 5746; x_wconf 81' lang='grc' dir='ltr'><strong>ιιι</strong></span> <span class='ocrx_word' id='word_1_795' title='bbox 808 5705 873 5747; x_wconf 85' lang='lat' dir='ltr'><strong>eo</strong></span> <span class='ocrx_word' id='word_1_796' title='bbox 916 5687 1247 5746; x_wconf 83' lang='lat' dir='ltr'><strong>monasterio</strong></span> <span class='ocrx_word' id='word_1_797' title='bbox 1299 5685 1454 5745; x_wconf 75' lang='lat' dir='ltr'><strong>exsul</strong></span> <span class='ocrx_word' id='word_1_798' title='bbox 1524 5686 1676 5758; x_wconf 70' lang='lat' dir='ltr'><strong>vixit,</strong></span> <span class='ocrx_word' id='word_1_799' title='bbox 1761 5692 2007 5743; x_wconf 83' lang='lat' dir='ltr'><strong>mortuus</strong></span> <span class='ocrx_word' id='word_1_800' title='bbox 2058 5691 2111 5741; x_wconf 80' lang='lat' dir='ltr'><strong>et</strong></span> <span class='ocrx_word' id='word_1_801' title='bbox 2150 5681 2396 5755; x_wconf 85' lang='lat' dir='ltr'><strong>sepultus</strong></span> <span class='ocrx_word' id='word_1_802' title='bbox 2425 5689 2533 5751; x_wconf 89' lang='lat' dir='ltr'><strong>est,</strong></span> <span class='ocrx_word' id='word_1_803' title='bbox 2565 5687 2623 5735; x_wconf 84' lang='grc' dir='ltr'><strong>ιιι</strong></span> <span class='ocrx_word' id='word_1_804' title='bbox 2645 5678 2699 5737; x_wconf 89' lang='lat' dir='ltr'><strong>in</strong></span> <span class='ocrx_word' id='word_1_805' title='bbox 2735 5676 2906 5735; x_wconf 85' lang='lat' dir='ltr'><strong>altera</strong></span> <span class='ocrx_word' id='word_1_806' title='bbox 2936 5673 3058 5733; x_wconf 68' lang='lat' dir='ltr'><strong>Vita</strong></span> <span class='ocrx_word' id='word_1_807' title='bbox 3087 5673 3306 5731; x_wconf 87' lang='lat' dir='ltr'><strong>dicitur.</strong></span> 
     </span>
    </p>
   </div>
  </div>
