4158 6348
595 343 666 412 59
1592 347 1654 408 s.
1692 300 2117 409 maternam
2149 344 2662 416 ramulum:
2705 344 2815 404 cr.

3810 340 3891 407 60

597 458 776 514 ctieus
805 455 1155 528 syllogismus
1176 469 1238 513 ea
1262 470 1383 527 qua:
1410 455 1663 511 videntur
1687 456 1909 528 verique
1933 459 2173 524 speciem

2284 454 2417 525 ὓλην
2456 454 2511 507 δὲ
2544 455 2664 506 τίνα
2694 450 3061 523 λαμϐάνουσι,
3102 448 3279 522 μίξεις
3314 464 3374 501 τε
3403 447 3501 503 καὶ
3530 448 3883 521 συμπλοκάςο

598 548 805 605 habent
833 549 1150 614 concludat,
1180 557 1235 604 et
1274 562 1518 619 quamam
1552 548 1747 602 horum
1793 548 1865 603 sit
1897 548 2177 613 reductio;

601 655 766 710 quam
801 641 1183 696 necessitatem
1213 641 1603 696 demonstratio
1628 641 1849 709 habeat,
1877 648 1936 694 ut
1963 656 1991 694 a
2027 641 2179 695 deteo

602 728 843 782 rioribus
870 737 1053 799 captet
1081 728 1398 794 veritatem;
1431 743 1551 798 quas
1582 729 1776 784 horum
1816 729 2177 798 problemata,

602 834 724 888 qua:
745 819 1042 886 axiomata,
1062 835 1180 889 qua:
1203 819 1491 876 axiomatis
1503 821 1699 876 similia
1718 838 1734 887 ;
1754 836 2000 890 quamam
2015 831 2181 877 mate-

588 902 763 974 ’riam,
782 910 1063 965 mistiones
1084 925 1145 966 ac
1164 911 1573 982 complexiones
1593 913 1858 979 recipiant
1882 930 1897 979 ;
1924 928 2176 983 ηιιιιιιιειιιι

602 1002 772 1072 prima
803 1002 1147 1073 physicorum
1182 1001 1452 1073 principia
1495 1005 1576 1060 sic
1601 1015 1663 1059 ut
1684 1006 2043 1061 demonsttari
2078 1022 2182 1061 non

600 1094 806 1161 possint
829 1114 842 1149 :
863 1110 983 1165 quae
1013 1095 1172 1164 quies
1201 1094 1274 1150 sit
1296 1112 1311 1161 ;
1332 1106 1464 1166 quot
1493 1098 1671 1177 modis
1699 1097 1915 1153 dicatur
1942 1099 2083 1153 idem
2117 1113 2181 1155 ac

600 1186 905 1253 diversum;
942 1186 1056 1250 ubi,
1097 1186 1166 1241 ad
1195 1188 1345 1257 quid,
1379 1190 1672 1258 quomodo,
1714 1190 1957 1261 quando,
2001 1191 2179 1245 conti—

602 1289 810 1329 nunsve
843 1276 1242 1344 principiorum
1274 1292 1588 1347 processus,
1612 1293 1679 1331 an
1704 1292 1835 1332 vero
1864 1293 1971 1331 non
1989 1272 2182 1331 termi-

600 1370 761 1419 netur
809 1356 883 1418 ad
934 1366 1294 1433 continuum;
1343 1367 1467 1437 quis
1499 1376 1698 1433 motor,
1736 1382 1855 1437 qua:
1890 1366 1972 1420 vis
2019 1379 2181 1434 orga-

601 1454 746 1523 nica,
768 1470 890 1525 qua:
910 1456 989 1510 vis
1016 1456 1303 1527 genitalis;
1330 1457 1459 1528 quid
1484 1458 1767 1527 praevium,
1791 1457 1919 1527 quid
1948 1458 2000 1512 id
2037 1457 2180 1528 quod

540 1606 545 1613 ,
598 1547 858 1602 eductum
884 1559 989 1612 est,
1030 1558 1086 1604 et
1110 1564 1216 1618 quo
1245 1549 1460 1616 medio;
1486 1566 1595 1620 quo
1621 1549 1748 1619 quid
1781 1559 1988 1621 vergat,
2024 1566 2186 1621 spon-

2287 545 2433 609 τίνες
2460 562 2520 598 τε
2553 544 2767 615 πρῶται
2798 544 2907 599 τῶν
2951 541 3196 614 φυσικῶν
3233 541 3403 612 ἀρχαὶ
3446 539 3543 593 καὶ
3589 539 3708 607 πῶς
3750 541 3890 596 ἀνα-

2288 637 2582 692 πόδεικτοι·
2609 635 2690 700 τίς
2708 636 2743 707 ὴ
2768 635 2956 700 στάσις
2974 676 2990 700 ,
3014 636 3048 707 ἡ
3077 632 3345 704 ταυτότης
3366 632 3425 689 δὲ
3451 631 3731 704 ποσαχῶς,
3763 633 3892 687 ἑτε-

2290 731 2456 804 ρότης
2487 731 2543 784 δὲ
2573 729 2700 794 πού,
2732 729 2990 802 καὶπρὸς
3018 727 3071 780 τί
3103 728 3198 781 καί
3225 725 3367 789 πῶς,
3403 720 3498 780 καὶ
3547 725 3680 779 πότε
3708 743 3722 757 ·
3756 741 3892 781 συν-

2285 821 2420 892 εχὴς
2447 821 2504 875 δὲ
2527 817 2637 892 ἄρα
2666 820 2774 874 τῶν
2798 819 2984 890 ἀρχῶν
3014 820 3048 890 ἡ
3078 817 3328 889 πρόοδος,
3362 817 3457 871 καὶ
3488 815 3626 888 πρὸς
3659 814 3722 869 τὸ
3751 833 3882 870 συνι-

2286 909 2409 980 εχὲς
2426 909 2526 979 ούχ
2552 907 2820 979 ὁρίζεται·
2852 907 2937 969 τίς
2955 907 2984 959 ό
3009 907 3265 977 κινήσας,
3297 906 3451 958 ποῖον
3481 903 3799 973 ὀργανικὸν,
3826 905 3887 958 τί

2291 1000 2351 1053 τὸ
2386 1000 2630 1071 γόνιμον·
2663 1000 2723 1053 τὸ
2751 998 3111 1071 προοδεῦσαν.
3142 998 3237 1052 καὶ
3265 1000 3416 1050 ποῖον
3449 995 3885 1067 ἐκπυρηνισθὲν,

2291 1092 2386 1145 καὶ
2432 1091 2523 1146 διὰ
2555 1091 2735 1155 τίνος,
2775 1091 2870 1144 καὶ
2905 1092 3035 1162 περὶ
3076 1089 3131 1142 τί
3177 1088 3427 1143 συννεύει
3466 1088 3610 1143 κατὰ
3642 1088 3883 1159 αἵρεσιν,

2286 1183 2429 1239 κατὰ
2460 1182 2582 1255 βίαν
2607 1183 2664 1237 δὲ
2686 1179 2796 1253 ἆρα
2816 1198 2830 1212 ’
2862 1183 2914 1236 τί
2945 1183 3007 1235 τὸ
3032 1181 3374 1253 συγκρατοῦν
3411 1180 3512 1243 τὶς
3546 1180 3839 1251 ποιότητας
3861 1197 3882 1215 ι

2288 1274 2351 1326 ἐκ
2391 1272 2549 1336 ποίας
2580 1271 2638 1325 δὲ
2681 1272 2857 1326 ταῦτα
2905 1288 3068 1340 φασιν
3101 1274 3300 1325 ἐκεῖνοι
3333 1271 3669 1342 στερήσεως,
3715 1273 3808 1326 καὶ
3839 1275 3878 1344 ἡ

2288 1366 2353 1418 εκ
2382 1363 2475 1418 τοῦ
2513 1365 2735 1437 μηδαμῆ
2768 1364 3035 1435 μηδαμῶς
3060 1381 3075 1397 ο
3109 1365 3206 1419 καὶ
3238 1365 3389 1428 ὅπως
3416 1366 3499 1428 είς
3532 1366 3750 1434 γένεσιν
3780 1366 3881 1419 καὶ

2289 1458 2548 1511 ούσίωσιν
2575 1457 2635 1522 ἐξ
2665 1459 2928 1511 ἐναντίων
2957 1456 3272 1521 ἐλαύνεται,
3298 1457 3446 1521 ὅπως
3476 1457 3534 1512 δὲ
3562 1458 3724 1513 πάλιν
3755 1460 3875 1524 τοῖς

2294 1549 2560 1613 ἐναντίοις
2593 1548 2922 1618 ἀφανίζεται
2957 1549 3054 1602 καὶ
3092 1548 3516 1620 συμφθείρεται.

603 1641 726 1693 tene
759 1654 827 1693 an
879 1639 1177 1696 violentia?
1225 1638 1352 1710 quid
1405 1642 1697 1712 qualitates
1752 1643 2049 1708 contineat,
2103 1656 2170 1697 ex
2210 1655 2449 1711 qttauaut
2481 1641 2595 1696 haec
2662 1655 2786 1694 esse
2814 1641 3121 1709 privatione
3187 1626 3460 1704 dicantur,
3509 1648 3565 1695 et
3593 1654 3659 1694 an
3694 1655 3757 1695 es
3784 1639 3874 1695 ni-

602 1730 715 1785 hilo
766 1747 992 1802 prorsus
1056 1735 1191 1791 nihil
1249 1736 1380 1802 ﬁat;
1433 1751 1552 1807 qua:
1614 1748 1669 1792 et
1725 1741 1999 1808 quomodo
2037 1753 2102 1793 ex
2169 1735 2463 1791 contrariis
2523 1746 2702 1792 ortum
2769 1736 3007 1791 habeant
3095 1750 3159 1791 ac
3222 1736 3560 1804 esscnziam;
3620 1746 3677 1792 et
3734 1752 3871 1809 quo-

601 1825 765 1882 modo
794 1826 992 1882 iterum
1040 1831 1333 1887 contrariis
1362 1830 1712 1887 destruantur
1740 1833 2057 1903 pariterque
2093 1832 2388 1886 intereant.
2580 1856 2587 1863 ο
2916 1892 2925 1895 _

672 1917 763 1971 17.
806 1917 930 1976 ΠεΒῦ
960 1929 1125 1992 atque
1167 1923 1284 1992 ejus
1331 1926 1547 1994 generis
1594 1925 1722 1993 alia,
1764 1927 1947 1997 sagaci
1993 1935 2176 1981 mente

2353 1921 2438 1987 ιζ’.
2479 1922 2664 1977 Ταῦτα
2698 1923 2793 1978 καὶ
2825 1921 3055 1977 τοιαῦτα
3108 1925 3356 1995 προσοχῇ
3405 1922 3525 1988 νοὸς
3568 1924 3666 1980 καὶ
3711 1925 3874 1998 νήψει

596 2022 917 2080 summaque
945 2013 1245 2084 vigilantia,
1283 2017 1461 2085 quoad
1487 2016 1670 2084 licuit,
1708 2018 1961 2082 rimatus,
1994 2030 2181 2074 estre-

597 2101 808 2175 misque
828 2103 994 2160 labris
1012 2121 1200 2162 eorum
1222 2107 1458 2163 utilitate
1476 2118 1718 2181 gustata,
1738 2109 2176 2165 laudatissimtuu

595 2192 809 2250 colebat
830 2196 1130 2265 silentium,
1151 2199 1315 2270 inque
1335 2201 1535 2256 coelum
1563 2202 1962 2259 subvehentem
1983 2216 2178 2258 sensus

594 2286 944 2356 modestiam,
989 2290 1043 2347 id
1095 2303 1202 2358 est,
1263 2294 1622 2351 humilitatem
1680 2294 1998 2351 exhibebat.
2063 2293 2175 2349 Vili

594 2379 741 2432 enim
767 2378 1011 2448 perfecta
1032 2382 1261 2438 scientia
1286 2393 1390 2449 est,
1422 2395 1480 2438 ut
1502 2386 1641 2455 grati
1673 2386 1840 2441 animi
1870 2402 2030 2442 sensu
2056 2401 2180 2457 per-

598 2468 798 2524 fectam
828 2472 1199 2542 cognitionem
1254 2477 1366 2531 Deo
1405 2476 1671 2540 ascribat,
1705 2478 1956 2546 sciatque
1984 2493 2045 2533 se
2074 2477 2176 2532 mi-

597 2559 749 2616 nime
776 2577 864 2618 res
884 2564 1389 2632 comprehendisse,
1408 2577 1467 2621 ut
1493 2566 1598 2621 illa:
1620 2578 1746 2622 sunt
1773 2554 2073 2624 secundum
2102 2585 2182 2624 es-

597 2645 857 2704 sentiam.
896 2649 988 2705 Sic
1030 2650 1231 2707 indolis
1280 2653 1329 2707 vi
1372 2654 1655 2724 animique
1701 2658 2068 2728 propensione
2114 2674 2181 2715 ac

597 2737 796 2794 divinas
815 2755 920 2807 ope
950 2744 1141 2811 gentia
1171 2743 1586 2814 disciplinarum
1609 2748 1897 2803 scientiam
1931 2751 2178 2819 adeptus,

595 2830 734 2886 nihil
771 2833 953 2889 minus
981 2835 1047 2890 ad
1083 2850 1243 2893 veras
1288 2840 1519 2894 virtutes
1565 2842 1794 2907 gradum
1829 2840 2011 2898 facere
2041 2859 2178 2900 con-

598 2924 875 2980 tendebat.
912 2925 1065 2982 Haud
1101 2928 1248 2983 enim
1280 2944 1435 2985 suam
1470 2932 1527 2987 in
1566 2931 1671 2987 illis
1703 2916 1987 3004 probatam
2047 2953 2180 3008 ope-

598 3029 738 3081 ram,
771 3016 875 3072 sibi
905 3019 972 3072 ad
998 3018 1249 3076 virtutem
1272 3020 1614 3079 incommodo
1654 3024 1772 3081 fore
1812 3028 2175 3098 existimavit;

598 3107 728 3174 quin
759 3116 882 3176 apta
907 3108 992 3163 via
1021 3110 1272 3179 serieque
1302 3127 1456 3179 usus,
1483 3129 1677 3187 magno
1698 3132 1818 3173 sese
1847 3119 1914 3174 ad
1950 3130 2181 3191 utraque

596 3198 930 3254 extendebat
954 3198 1224 3270 profectu,
1259 3202 1314 3258 in
1336 3205 1582 3276 utrisque
1608 3207 1997 3278 perfectionem
2025 3227 2179 3268 sum-

598 3302 742 3343 mam
779 3289 1032 3358 adeptus.

675 3378 765 3435 18.
807 3381 1170 3439 Abstinentize
1198 3393 1253 3441 et
1294 3387 1539 3443 ciborum
1571 3390 1823 3460 parritati
1855 3392 2170 3450 castitatem

602 3481 813 3527 natura;
841 3476 1176 3531 contrariam
1202 3478 1438 3545 socians,
1469 3478 1754 3536 etl'renium
1785 3483 2069 3539 libidinum
2096 3485 2181 3541 iu-

598 3572 883 3632 grueutem
916 3567 1124 3622 ventris
1147 3569 1408 3626 umbilico
1428 3582 1696 3629 tumorem
1713 3574 2026 3631 collidebat.
2049 3574 2179 3633 Om-

601 3655 654 3707 ni
678 3654 749 3709 ab
775 3653 854 3710 ira
879 3658 1127 3713 sedatum
1155 3661 1396 3718 animum
1434 3664 1620 3719 innata
1652 3666 1906 3722 obtinens
1932 3667 2175 3737 lenitate,

593 3746 812 3804 cunctis
845 3762 906 3804 se
946 3749 1205 3811 blandum
1238 3765 1405 3825 atque
1450 3771 1676 3812 suavem
1704 3759 2018 3825 exhibebat,
2056 3763 2177 3817 vul-

594 3850 683 3895 tus
710 3838 964 3896 iracundi
1013 3828 1198 3915 specie
1231 3846 1542 3919 proﬂigata.
1574 3846 1694 3905 Non
1724 3851 1871 3907 enim
1914 3853 1988 3909 illi
2024 3854 2178 3909 furor

586 3933 893 3991 secundum
946 3935 1359 3996 similitudinem
1417 3943 1729 4011 serpentis;
1780 3944 1832 4000 in
1880 3947 2174 4002 draconem

588 4032 829 4091 tantum,
852 4030 947 4099 qui
979 4028 1128 4084 solus
1153 4030 1312 4086 nobis
1345 4031 1518 4087 ruina
1548 4043 1740 4090 auctor
1769 4038 2002 4107 exstitit,
2031 4049 2176 4094 totus

588 4115 891 4172 ferebatur.
922 4118 1286 4177 Pecuniarum
1344 4133 1739 4196 contemptura,
1790 4146 1895 4202 quo
1926 4134 1995 4188 ad
2050 4134 2176 4189 vitae

586 4206 855 4274 spiritalis
916 4211 1241 4280 compendia
1298 4211 1551 4271 homines
1610 4231 2013 4291 pra‘pat‘antur,
2066 4240 2173 4279 non

592 4310 747 4351 more
773 4297 964 4369 Cynici
1003 4301 1147 4357 illius
1181 4304 1488 4377 philosOpbi
1542 4312 1872 4369 recondebat
1904 4314 1959 4368 in
1990 4316 2171 4385 dolio;

590 4387 687 4444 sed
712 4388 830 4461 jugi
879 4390 933 4444 in
960 4406 1226 4462 pauperes
1252 4402 1589 4468 erogatione,
1622 4404 1961 4460 monstrabat
1988 4408 2175 4464 animo

566 4480 771 4534 ‘latiori
819 4497 879 4537 se
909 4486 1169 4552 pecunias
1211 4502 1493 4558 spernere,
1547 4503 1599 4548 et
1639 4509 1760 4550 eam
1791 4512 1898 4567 qua
1933 4498 2036 4554 illa:
2070 4516 2172 4570 pa-

595 4580 787 4626 rantur
821 4571 962 4626 viam
997 4573 1290 4634 declinare.
1316 4579 1632 4652 Opportune
1664 4586 1810 4641 enim
1844 4603 1963 4642 eam
2009 4591 2172 4646 virtu-

596 4663 669 4716 tis
697 4663 926 4732 adeptus
977 4682 1268 4736 summam,
1306 4681 1366 4727 ut
1398 4678 1785 4734 ostentationis
1823 4681 2000 4750 gratia
2033 4684 2172 4738 nihil

594 4753 819 4823 faceret,
851 4771 1027 4828 eaque
1056 4771 1209 4830 parte
1243 4766 1578 4823 conscientia
1626 4769 2024 4841 imperturbata
2056 4776 2174 4844 pol-

594 4849 731 4915 lens,
792 4865 897 4905 non
947 4855 1108 4909 modo
1153 4854 1434 4914 dexteram
1485 4860 1554 4915 ad
1608 4861 1970 4930 eleemosynze
2009 4881 2172 4935 opera

592 4940 920 5007 instruebat,
953 4947 1047 4999 sed
1077 4948 1244 5003 etiam
1276 4950 1516 5007 sinistras
1562 4951 1680 5022 ejus
1714 4954 1956 5032 notitiam
1996 4957 2169 5013 liuen-

2279 2015 2462 2088 τελείᾳ
2492 2016 2636 2070 κατᾶ
2664 2015 2726 2069 τὸ
2773 2015 3001 2069 δυνατδν
3045 2014 3342 2082 ἐξετάσας,
3377 2013 3474 2069 καὶ
3525 2015 3626 2087 τῆς
3660 2018 3872 2071 τούτων

2280 2106 2546 2175 ὠφελείας
2573 2108 2728 2177 ἄκρῳ
2760 2106 3013 2176 δακτύλῳ
3042 2106 3391 2176 γευσάμενος
3418 2106 3760 2177 ἐφιλοσόφει,
3784 2126 3869 2163 σι-

2256 2198 2385 2282 ογήν
2408 2214 2467 2251 τε
2497 2196 2904 2267 πολυύμνητον,
2940 2196 3035 2249 καὶ
3070 2194 3206 2265 πρὸς
3240 2194 3471 2267 οὐρανὸν
3504 2195 3746 2268 ύψοῦσαν
3775 2214 3872 2253 τας

2279 2288 2538 2343 πείνωσιν
2568 2287 2941 2342 ἐπεδείκνυτο.
2970 2286 3165 2340 Τελεία
3191 2285 3299 2355 γὰρ
3329 2285 3531 2357 γνῶσις
3565 2288 3780 2362 ἀνδρὸς,
3808 2289 3869 2344 τὸ

2276 2378 2377 2450 τὴν
2425 2378 2638 2433 τελείαν
2688 2378 2996 2449 κατάληψιν
3045 2377 3387 2448 εὐχαρίστως
3435 2379 3741 2434 ἀποδιδόναι
3788 2380 3864 2450 τῷ

2280 2470 2566 2542 Κρείττονι
2586 2511 2601 2536 ,
2627 2471 2724 2525 καὶ
2752 2469 3065 2539 γινώσκειν,
3101 2470 3184 2524 ὅτι
3217 2470 3286 2523 τὰ
3327 2470 3402 2542 μὴ
3439 2471 3588 2536 ὄντα,
3620 2472 3695 2534 ὡς
3722 2469 3861 2524 αύτὰ

2282 2563 2403 2615 κατ’
2432 2561 2625 2615 οὐσίαν
2655 2562 2797 2627 ἐστὶ,
2834 2561 3188 2633 κατείληφεν.
3214 2560 3372 2616 Οὕτω
3392 2559 3605 2631 φύσεως
3630 2560 3862 2632 δυνάμει

2282 2652 2377 2705 καὶ
2413 2652 2642 2723 γνώμης
2671 2651 2925 2723 βουλήσει
2953 2693 2968 2719 ,
3001 2653 3095 2706 καὶ
3125 2653 3345 2724 χάριτος
3388 2653 3664 2707 ἐπινεύσει
3711 2651 3864 2717 θείας

2281 2744 2341 2797 ἐν
2372 2741 2663 2814 περιλήψει
2694 2742 2800 2795 τῶν
2835 2741 3175 2812 μαθημάτων
3206 2742 3519 2811 γενόμενος,
3560 2741 3696 2813 πρὸς
3746 2741 3868 2795 ἐπί-

2283 2834 2442 2888 ϐασιν
2480 2833 2588 2888 τῶν
2614 2833 2777 2889 θείων
2800 2833 3014 2903 ἀρετῶν
3036 2834 3134 2904 οὐχ
3159 2826 3325 2905 ἦττον
3354 2833 3617 2904 ὑπήγετο.
3654 2832 3729 2886 Οὐ
3759 2831 3868 2904 γὰρ

2281 2928 2464 3002 ἔκρινε
2495 2928 2556 2982 τὺ
2585 2930 2642 2982 ὲν
2675 2927 2909 2992 ἐκείνοις
2947 2927 3268 2998 εὐδόκιμον,
3315 2926 3451 2996 πρὸς
3491 2925 3696 2998 ἀρετὴν
3718 2925 3868 2995 αύτῷ

2280 3020 2534 3092 γενέσθαι
2579 3020 2864 3093 ἐμπόδιον·
2916 3019 3032 3074 ἀλλ’
3071 3019 3176 3091 ὁδῷ
3220 3017 3540 3089 καταλλήλῳ
3575 3019 3673 3072 καὶ
3714 3017 3867 3084 τάξει

2279 3117 2652 3187 χρησάμενος,
2684 3117 2802 3178 ταῖς
2827 3115 2913 3168 ἐπ’
2942 3115 3110 3185 ἄμφω
3141 3116 3451 3185 προκοπαίς
3484 3113 3865 3181 ιπεκτείνετο,

2281 3208 2377 3262 καὶ
2402 3208 2541 3277 πρὸς
2572 3207 2671 3279 τὴν
2701 3205 2973 3278 ἑκατέρας
3002 3205 3209 3276 ἔφθασε
3238 3205 3580 3277 τελειότητα.

2357 3383 2448 3456 ιη’.
2502 3382 2867 3455 Σωφροσύνην
2896 3384 2997 3455 μὲν
3037 3384 3136 3455 τὴν
3164 3382 3266 3455 τῆς
3306 3382 3525 3453 φύσεως
3575 3383 3868 3454 ἀντίφυτον

2283 3479 2352 3533 δι’
2388 3480 2744 3551 όλιγαρκείας
2772 3481 2869 3534 καὶ
2920 3480 3293 3552 συγκρατείας
3336 3480 3589 3534 σύνοικον
3631 3480 3865 3551 mmet-

2285 3587 2469 3642 μενος,
2497 3572 2592 3627 καὶ
2622 3571 2694 3625 τὰ
2718 3572 2827 3626 τῶν
2861 3573 2949 3626 ἐπ’
2998 3569 3248 3641 ὀμφαλοῦ
3280 3570 3516 3642 γαστρὸς
3544 3570 3866 3642 ἐπιτιθεμι-

2280 3680 2389 3717 νων
2413 3662 2735 3717 ἁκαθὲκτων
2762 3662 2950 3718 παθῶν
2970 3661 3362 3717 ἀπολεπτύνων
3385 3662 3500 3732 οίδή
3510 3678 3658 3733 ματα
3677 3701 3695 3727 ,
3735 3663 3865 3733 ἀορ-

2280 3753 2477 3825 γησίαν
2501 3754 2559 3808 δὲ
2586 3756 2653 3825 τῇ
2683 3755 2913 3826 ἑμφύτῳ
2930 3754 3200 3827 πραότητι
3227 3756 3742 3825 προσκτησάμενος,
3764 3755 3860 3808 καὶ

2278 3845 2400 3898 ὅλον
2432 3844 2623 3899 ἑαυτὸν
2649 3847 2985 3918 ἐμπαρέχων
3029 3847 3142 3908 τοῖς
3171 3846 3307 3899 πᾶσι
3338 3845 3624 3915 μειλίχιον,
3672 3846 3733 3900 τὸ
3763 3844 3864 3915 τῆς

2279 3938 2450 4009 ὀργῆς
2470 3937 2709 4010 εἰδεχθὲς
2735 3937 3080 4010 ἀπερῤἀπιζε
3110 3936 3428 4011 πρόσωπον.
3461 3937 3521 3991 '0
3551 3936 3661 4009 γὰρ
3691 3936 3861 4009 θυμὸς

2278 4029 2339 4083 οὗ
2371 4030 2514 4084 κατὰ
2556 4031 2657 4101 τὴν
2700 4029 2796 4085 τοῦ
2847 4030 3028 4101 ὄφεως
3073 4032 3373 4103 ὁμοιότητα
3424 4030 3639 4102 προσῆν
3678 4028 3857 4101 αὐτῷ,

2279 4119 2423 4175 κατὰ
2450 4120 2611 4191 μόνου
2641 4121 2700 4176 δὲ
2742 4122 2841 4193 τὴν
2874 4121 3083 4176 πτῶσιν
3119 4124 3251 4193 ἡμῖν
3283 4120 3701 4191 προξενίσαντος
3732 4121 3864 4194 δρά-

2276 4228 2467 4278 κοντος
2497 4212 2826 4279 ἐπετείνετο.
2881 4212 3310 4285 Ἀφιλαργυρίαν
3340 4212 3397 4267 δὲ
3420 4254 3435 4278 ,
3469 4212 3569 4282 τὴν
3599 4211 3739 4284 πρὸς
3760 4214 3861 4267 ἀῦ-

2278 4299 2397 4355 λίαν
2425 4301 2517 4354 τὸν
2544 4301 2834 4373 ἄνθρωπον
2861 4302 3287 4371 ὲπαλείφουσαν,
3313 4302 3414 4356 οὐκ
3442 4303 3500 4356 ἐν
3546 4302 3690 4374 πίθῳ
3721 4302 3860 4356 κατὰ

2276 4392 2369 4445 τὸν
2398 4391 2639 4445 Κυνικὸν
2687 4395 2901 4447 ἐκεῖνον
2953 4393 3246 4463 φιλόσοφον
3281 4392 3664 4464 ἑθησαύριζεν·
3705 4395 3773 4465 τῇ
3803 4392 3861 4447 δὲ

2280 4481 2416 4553 πρὸς
2444 4483 2572 4546 τοὺς
2598 4484 2843 4555 πένητας
2869 4485 3083 4555 ἀεννάῳ
3116 4484 3356 4556 χορηγίᾳ
3384 4484 3677 4547 διαπαντὸς
3722 4484 3861 4537 πλα-

2278 4575 2592 4646 τυνόμενος,
2616 4593 2721 4648 χρη
2732 4577 2918 4647 μάτων
2940 4578 3287 4647 κατεφρόνει,
3308 4577 3403 4631 καὶ
3428 4575 3524 4649 τὴν
3552 4575 3688 4647 πρὸς
3720 4575 3861 4630 αὐτὰ

2207 4641 2248 4698 D
2278 4641 2549 4747 φέρουσαν
2579 4641 3182 4740 ὁδόν-ἐξετρέπετοίῗδ
3210 4641 3319 4739 γάρ
3349 4671 3422 4738 μή
3450 4641 3504 4720 τί
3535 4641 3711 4721 ποιεῖν
3736 4665 3859 4720 κατ’

2273 4758 2532 4825 ἐπίδειξιν
2564 4762 2836 4831 εὐκαίρως
2854 4762 3227 4832 φιλοσοφήσας
3253 4762 3348 4815 καὶ
3378 4760 3438 4813 τὸ
3471 4759 3710 4824 συνειδὸς
3740 4757 3862 4814 ἁθόο

2270 4853 2440 4907 λωτον
2475 4856 2533 4907 ὲν
2578 4852 2755 4923 τούτῳ
2789 4854 3167 4925 κτησάμενος,
3216 4853 3279 4906 οὐ
3329 4852 3490 4923 μόνον
3532 4851 3631 4921 τὴν
3675 4849 3859 4916 δεξιὰν

2270 4945 2409 5017 πρὸς
2446 4944 2821 5017 ἐλεημοσύνην
2839 4943 3214 5023 ,καθώπλιζεῃ
3243 4944 3380 4998 ἀλλὰ
3409 4944 3503 4996 καὶ
3525 4941 3624 5015 τὴν
3651 4941 3859 5007 ταύτης

589 5048 675 5106 ter
696 5040 1101 5096 concredebat:
1144 5042 1346 5112 quippe
1380 5044 1473 5111 qui
1526 5059 1593 5098 eo
1626 5059 1686 5099 se
1714 5031 2078 5115 provexisset,
2111 5059 2170 5105 nt

2278 5036 2469 5107 γνῶσιν
2501 5039 2566 5108 τῇ
2595 5037 2863 5108 ἀριστερᾷ
2894 5034 3366 5106 προσεθάρρησεν,
3400 5034 3477 5098 ὡς
3507 5035 3587 5097 είς
3613 5031 3852 5108 παντελῆ

587 5128 915 5187 insatiabilis
945 5131 1104 5201 hujus
1126 5134 1472 5204 aegritudinis
1501 5133 1715 5191 affectio
1743 5137 1886 5192 nulla
1917 5137 2165 5194 titillaret

586 5234 853 5276 animum.

657 5312 747 5368 i9.
788 5314 1158 5382 Quamobrem
1205 5316 1506 5371 secundum
1539 5316 1830 5374 violentam
1873 5320 2166 5389 imperato.

585 5421 705 5463 tum
727 5406 1036 5476 jussionem
1073 5409 1296 5465 maximi
1328 5409 1472 5480 regia
1508 5410 1562 5465 in
1598 5412 1733 5468 urbe
1755 5412 2044 5482 liOSpitalLs
2075 5431 2169 5472 cu-

585 5511 826 5557 ratorem
859 5516 1022 5572 agere
1055 5517 1179 5558 eum
1219 5502 1403 5556 divina
1454 5503 1626 5572 gratia
1660 5504 1869 5570 voluit,
1908 5516 1966 5561 ut
2011 5521 2074 5562 ea
2109 5524 2169 5564 re

587 5592 946 5649 seiunctione
964 5595 1137 5664 ipsum
1164 5606 1500 5666 praepararet
1524 5597 1665 5669 ;_cui,
1692 5606 1749 5652 ut
1770 5598 1940 5653 verbo
1960 5598 2165 5665 dicam,

587 5684 851 5752 peruliari
884 5687 1118 5756 quadam
1161 5685 1634 5744 administratione
1663 5684 1945 5747 catholicae
1977 5691 2168 5748 Eccle-

590 5776 694 5835 sia:
716 5778 1167 5848 gubernationem
1195 5787 1313 5837 erat
1343 5780 1774 5840 concrcditurus.
1806 5780 2001 5840 Verum
2030 5783 2166 5853 hac,

2274 5128 2545 5184 ἀπάθειαν
2572 5127 2666 5183 τοῦ
2689 5128 2989 5199 ἀκορέστου
3022 5125 3179 5179 τοῦδε
3216 5125 3421 5196 φθάσαι
3453 5126 3782 5197 νοσήματος.

2350 5319 2435 5375 (θ’.
2474 5320 2636 5374 Ὅθεν
2660 5320 2872 5375 καὶτοῦ
2899 5319 3156 5392 μεγίστου
3174 5321 3446 5389 πτωχείου
3471 5316 3579 5371 τῶν
3595 5318 3737 5377 κατά
3757 5320 3857 5390 τὴν

2278 5412 2527 5484 βασιλίδα
2574 5412 2958 5484 ἐπιτροπεύειν
3016 5413 3308 5485 προτροπῇ
3365 5409 3519 5482 βιαίᾳ
3564 5410 3675 5464 τῶν
3717 5427 3853 5482 κρα-

2273 5503 2508 5557 τούντων
2541 5504 2573 5573 ἡ
2616 5504 2776 5574 χάρις
2807 5502 3011 5574 ἠξίωσε
3032 5544 3048 5569 ,
3084 5501 3600 5574 προευτρεπίζουσα
3644 5499 3854 5571 τούτῳ,

2275 5597 2389 5656 καὶ.
2438 5596 2516 5659 ὡς
2554 5595 2682 5658 ἔπος
2729 5596 2930 5658 εἰπεῖν,
2965 5594 3353 5665 ὲγχειρίζουσα
3415 5592 3480 5665 τῇ
3523 5596 3729 5665 μερικῇ
3771 5594 3856 5649 δι-

2275 5686 2528 5755 εξαγωγῇ
2556 5685 2653 5755 τὴν
2687 5685 2783 5755 τῆς
2805 5684 3098 5754 καθολικῆς
3135 5684 3465 5757 Ἐκκλησέας
3496 5684 3851 5757 κυδέρνησιν.

2290 5778 2449 5834 Ἀλλὰ
2500 5778 2601 5850 μὲν
2642 5776 2812 5832 ταῦτα
2841 5777 2937 5833 καὶ
2987 5775 3116 5849 περὶ
3145 5776 3351 5839 τούτων
3382 5774 3853 5850 καθιστορούντων
