4158 6348
565 397 635 463 63

1560 400 1620 461 S.
1661 350 2083 463 NICEPHCSRI
2119 402 2634 465 PATRIARCHE
2667 402 2778 463 CP.

3770 381 3848 448 65

563 507 782 576 agebat,
810 516 867 562 ut
895 506 1148 563 Ecclesia:
1172 507 1349 577 viduae
1381 520 1641 577 sponsum
1669 508 1938 579 ejusmodi
1962 511 2141 581 praeli-

2254 510 2451 581 Ξλλδς)
2500 511 2568 566 δι’
2618 510 2849 583 ἐρεύνης
2898 504 3014 579 εἶχε
3062 504 3265 575 πολλῆς
3308 499 3705 571 ἐγκαθιδρῦσαι
3768 503 3843 570 τῇ

564 604 715 650 ceret
740 595 832 665 qui
869 595 1112 652 docendo
1137 596 1347 652 fidelem
1367 611 1676 653 sermonem
1708 600 2140 657 tenereidoueus

566 691 737 749 esset,
776 694 830 741 et
860 684 1003 757 ejus,
1030 688 1122 757 qui
1156 702 1327 757 nuper
1363 688 1598 757 pastoris
1621 704 1823 747 munus
1849 693 2143 762 sapientis-

566 768 709 831 sime
735 777 968 843 obierat,
998 779 1239 848 vestigiis
1267 779 1536 835 insistere.
1569 777 1939 846 Quamobrem
1982 785 2144 839 etiam

569 867 635 921 ad
663 869 950 925 universos
974 886 1096 926 cum
1131 871 1443 927 sacerdotes
1478 882 1592 926 tum
1625 873 1951 939 monachos,
1975 890 2145 943 quos-

568 976 674 1031 que
710 971 1022 1016 senatorum
1059 962 1328 1029 primores
1372 977 1438 1017 ac
1465 962 1693 1033 reliquis
1740 967 2148 1035 pmstantiores

571 1061 813 1120 noverat,
842 1068 955 1108 rem
981 1052 1258 1108 deferebat
1288 1072 1304 1109 :
1344 1063 1404 1108 ut
1418 1052 1743 1123 justissima:
1774 1055 2005 1125 plurium
2035 1058 2148 1113 ele-

569 1143 936 1213 ctioni,quam
961 1144 1126 1199 divini
1148 1143 1389 1215 Spiritus
1422 1154 1597 1202 ratam
1621 1146 1845 1203 haberet
1868 1162 2149 1214 assensus,

569 1247 666 1286 suo
691 1247 906 1302 quoque
953 1232 1072 1301 ipse
1116 1234 1375 1306 suifragio
1421 1238 1731 1293 accederet.
1758 1240 1863 1293 Ast
1896 1238 1972 1292 illi
2005 1237 2148 1310 (nec

569 1324 715 1377 enim
753 1324 1003 1378 homines
1031 1339 1157 1378 cum
1190 1335 1398 1392 essent,
1426 1341 1651 1397 prorsus
1674 1342 1869 1385 cavere
1899 1337 2152 1399 poterant

573 1425 642 1465 ne
669 1411 799 1479 quid
825 1411 894 1467 ad
937 1412 1167 1481 gratiam
1210 1416 1455 1487 agerent)
1511 1424 1754 1472 mutuam
1801 1419 2149 1476 concordiam

574 1502 915 1558 dissensione
951 1504 1246 1573 solventes,
1270 1507 1435 1563 alium
1479 1508 1584 1564 sibi
1633 1509 1865 1581 quisque
1893 1511 2149 1581 designa-

575 1589 671 1645 bat
706 1602 874 1662 atque
904 1594 1154 1650 trahebat
1203 1612 1219 1650 :
1272 1610 1378 1651 non
1424 1612 1587 1667 quem
1619 1598 1787 1653 divini
1821 1610 1984 1656 nutus
2014 1616 2153 1670 pra-

574 1686 809 1741 scientia
839 1686 1262 1759 designaverat;
1293 1690 1386 1745 sed
1410 1704 1580 1760 quem
1608 1692 1877 1762 cujusque
1904 1693 2154 1748 voluntas

2244 604 2495 676 ἀνάνδρῳ
2515 604 2749 675 νυμφίον
2769 618 2831 655 τε
2857 601 2951 656 καὶ
2976 599 3390 672 προμνήστορα,
3419 590 3620 656 ίκανῶς
3646 590 3847 663 ἔχοντα

2243 695 2338 751 τοῦ
2368 695 2512 750 κατά
2548 697 2650 767 τήν
2674 694 2899 766 διδαχὴν
2947 692 3141 746 πιστοῦ
3172 690 3334 758 λόγου
3384 683 3707 751 ἀνθέξεσθαι
3743 685 3850 739 καὶ

2247 787 2551 859 βαδιεῖσθαι
2565 788 2685 843 κατ’
2702 788 2849 857 ῖχνος
2867 784 2960 839 τοῦ
2979 782 3455 855 προποιμάναντος
3470 776 3845 849 λογικώτατα.

2245 878 2340 932 Διὸ
2364 879 2460 933 καὶ
2490 881 2656 934 πᾶσιν
2682 876 3027 933 ἀνεκοινοῦτο
3053 871 3262 947 ίερεῦσί
3294 889 3356 926 τε
3391 870 3487 925 καὶ
3518 869 3847 941 μονάςουσι.

2256 976 2351 1030 καὶ
2378 977 2481 1047 τῆς
2516 976 2825 1047 συγκλήτου
2866 972 3066 1045 βουλῆς
3093 971 3222 1024 ὅσον
3265 968 3522 1041 ἔγκριτον
3550 966 3648 1030 καὶ
3676 965 3851 1036 προῦ-

2246 1083 2340 1136 χον
2390 1066 2692 1138 ἠπίστατο.
2729 1067 2805 1130 ὡς
2838 1066 2904 1119 ἂν
2937 1067 3004 1137 τῇ
3050 1064 3163 1118 τῶν
3205 1062 3471 1116 πλειόνων
3516 1060 3717 1130 ἐκλογῇ
3764 1060 3817 1113 δι
3842 1089 3854 1100 ι

2250 1156 2515 1227 καιοτάτῃ
2567 1154 2740 1227 οὔσῃ,
2772 1154 2869 1207 καὶ
2913 1156 2981 1224 τῇ
3025 1152 3122 1205 τοῦ
3162 1150 3313 1205 θείου
3362 1148 3684 1219 Πνεύματος
3715 1150 3849 1202 ἐπι-

2249 1247 2432 1300 νεύσει
2462 1246 2524 1299 τδ
2558 1246 2776 1317 βέϐαιον
2800 1243 3178 1315 λαμδανούση,
3211 1242 3308 1296 καὶ
3328 1244 3362 1311 ὴ
3394 1239 3559 1294 αὑτοῦ
3582 1237 3849 1308 ἐφέψοιτο

2252 1336 2530 1408 βούλησις.
2557 1338 2622 1390 Οί
2643 1335 2701 1389 δὲ
2732 1333 2864 1407 (καὶ
2889 1334 3000 1405 γάρ
3028 1331 3352 1403 ἀνθρώπως
3370 1330 3531 1392 δντας
3559 1327 3847 1395 διαδρᾶναι

2248 1431 2312 1485 τὸ
2341 1430 2479 1500 πρὸς
2511 1429 2673 1501 χάριν
2704 1425 3008 1497 ἀδύνατον)
3040 1427 3106 1496 τῇ
3142 1423 3239 1478 ἀπ’
3280 1422 3528 1493 ἀλλήλων
3555 1419 3847 1473 διαστάσει

2251 1519 2313 1573 τὸ
2337 1519 2663 1590 ὀμόγνωμον
2689 1516 3045 1578 διαλύσαντες
3068 1554 3084 1574 ,
3123 1511 3283 1576 ἀλλος
3317 1511 3479 1566 ἄλλον
3509 1508 3847 1579 ἑψηφολόγει

2256 1611 2352 1665 καί⁵
2379 1604 2564 1664 εἷλκεν
2592 1625 2607 1639 ο
2639 1609 2740 1680 οὐχ
2764 1608 2824 1661 δν
2852 1609 2885 1678 ή
2915 1606 3013 1675 τῆς
3045 1605 3159 1659 ἀνω
3197 1607 3371 1676 ροπής
3391 1603 3678 1673 ὑπέγραφε
3711 1601 3849 1672 πρό-

2254 1717 2482 1771 γνωσις,
2505 1700 2565 1755 τὺ
2587 1700 2823 1755 ἑκάστου
2839 1700 2896 1753 δὲ
2915 1698 3096 1753 θέλειν
3117 1695 3459 1752 ἀνετυποῦτο
3483 1696 3581 1750 καὶ
3600 1693 3842 1749 ἔπειθεν.

579 1776 909 1833 informabat
943 1792 1009 1834 ac
1049 1780 1475 1849 praebabendum
1514 1782 1798 1838 suadebat.
1832 1781 2153 1852 imperatori

2259 1791 2353 1864 Τῷ
2392 1791 2452 1846 δὶ
2488 1790 2703 1863 βασιλεῖ
2733 1791 2794 1845 τδ
2833 1789 2930 1844 τοῦ
2960 1788 3053 1843 νοῦ
3088 1788 3419 1860 δραστήριον
3450 1786 3844 1858 ὑπεζωγράφει

579 1875 761 1924 autem
796 1883 923 1923 acre
956 1870 1158 1925 mentis
1183 1885 1290 1941 qua
1317 1870 1549 1941 pollebat
1565 1870 1855 1941 judicium,
1882 1871 2153 1943 Nicepho-

2258 1859 2624 1955 mvtpviapxov
2657 1883 2995 1955 Νικηφόρον,
3026 1859 3284 1952 καὶπρὸς
3305 1881 3513 1935 ἐκεῖνον
3544 1878 3679 1949 ὁρᾶν
3715 1879 3845 1932 πάν-

579 1976 699 2015 rum
729 1962 913 2032 gregis
951 1963 1250 2033 principem
1276 1967 1598 2035 suggerebat
1621 1980 1642 2020 τ
1664 1964 1716 2020 in
1747 1980 1910 2035 quem
1946 1972 2003 2019 ut
2032 1981 2152 2021 oni-

576 2065 675 2106 nes
702 2051 1039 2120 conjicerent
1076 2052 1264 2109 oculos
1302 2053 1661 2125 compellebat
1694 2056 1833 2125 ipse,
1863 2056 2154 2127 praeclaras
2174 2072 2189 2093 ι

578 2139 680 2194 viri
715 2140 871 2197 dotes
916 2142 969 2196 in
1011 2143 1330 2198 memoriam
1359 2158 1660 2211 revocans;
1691 2144 2019 2216 eloquentiae
2041 2146 2152 2201 sci-

574 2230 702 2287 licet
725 2238 837 2286 tum
862 2247 1038 2290 sacra:
1059 2241 1171 2289 tum
1198 2234 1441 2305 profante
1459 2235 1570 2291 vim
1597 2238 1914 2303 maximam,
1937 2253 2153 2294 morum

575 2322 899 2379 modeStiam
930 2340 995 2381 ac
1024 2325 1328 2392 lenitatem,
1370 2328 1723 2385 conscientia
1754 2326 1823 2385 ad
1854 2344 2047 2386 omnes
2071 2331 2154 2384 in-

577 2414 884 2483 tegritatem
913 2415 983 2470 ab
1021 2417 1171 2471 omni
1209 2415 1517 2473 offensione
1562 2419 2009 2476 remotissimam.
2047 2419 2155 2476 De-

578 2503 742 2574 nique
767 2504 913 2561 velut
943 2504 1153 2573 nimbo,
1175 2506 1457 2565 continuis
1482 2507 1592 2564 illis
1614 2511 1751 2589 regii
1769 2510 1884 2566 oris
1903 2510 2157 2581 eloquiis,

579 2593 958 2651 universorum
986 2611 1149 2653 aures
1201 2599 1558 2668 concludens,
1611 2601 1742 2658 nulli
1789 2600 1896 2657 vim
1930 2602 2157 2671 faciens,

577 2685 728 2743 velut
782 2687 834 2742 in
881 2702 1159 2759 sagenam,
1225 2690 1282 2746 in
1342 2706 1507 2747 unam
1581 2708 1771 2751 omnes
1832 2697 2159 2751 sententiam

579 2766 760 2849 adegit
793 2798 807 2835 :
845 2780 1043 2836 exinde
1077 2782 1220 2837 enim
1282 2783 1524 2841 omnium
1557 2783 1716 2842 labiis
1736 2788 1965 2858 ‘oreque
1998 2786 2155 2844 Nice-

578 2872 782 2942 phorus
814 2872 1129 2942 patriarcha
1157 2873 1513 2932 acclamatur.

643 3024 735 3083 22.
772 3026 934 3084 Mittit
977 3028 1161 3099 itaque
1199 3030 1526 3101 imperator,
1558 3033 1652 3105 qui
1681 3033 2008 3092 denuntient
2060 3037 2157 3108 ju-

577 3119 884 3189 beantque',
923 3128 984 3174 ut
1027 3129 1239 3175 semota
1298 3122 1451 3177 omni
1524 3126 1875 3183 cunctatione
1926 3143 1991 3185 ac
2039 3130 2160 3184 sine

2252 1994 2351 2040 τας
2384 1975 2740 2047 συνήλαυνεν,
2770 1975 3208 2047 ὑπομιμνήσκων
3236 1972 3346 2027 τῶν
3386 1970 3597 2044 ἀρετῶν
3625 1970 3721 2024 τοῦ
3751 1972 3845 2024 ἀνα

2252 2067 2378 2137 δρὸς
2408 2068 2475 2123 τά
2509 2067 2826 2138 αὐχήματα’
2863 2067 2923 2120 τὸ
2964 2067 3025 2119 εν
3051 2064 3235 2134 λόγοις
3255 2106 3270 2129 ,
3297 2066 3412 2128 τοῖς
3444 2080 3504 2116 τε
3544 2078 3845 2134 πνευματιο

2255 2158 2372 2221 κοῖς
2410 2157 2505 2209 καὶ
2540 2158 2655 2219 τοῖς
2687 2155 2948 2228 θύραθεν,
2983 2154 3219 2229 καίριονς
3251 2153 3313 2206 τὸ
3344 2154 3399 2206 ὲν
3430 2151 3550 2222 ήθει
3587 2150 3844 2205 ταπεινὸν

2255 2250 2348 2301 καὶ
2368 2247 2657 2318 μειλίχιον·
2674 2248 2736 2301 τὸ
2755 2248 2813 2300 iv
2838 2248 3142 2318 συνειδήσει
3160 2244 3295 2318 προς
3320 2243 3529 2305 πάντας
3552 2241 3843 2312 είλικρινὶς

2254 2340 2350 2393 καὶ
2372 2338 2745 2410 ἀπρόσκοπον.
2772 2339 2884 2392 Καὶ
2911 2336 3274 2402 ἁπαξαπλῶς,
3301 2330 3388 2389 οἷα
3416 2334 3600 2403 νιφάδι
3625 2332 3701 2403 τῷ
3727 2340 3842 2385 συν·

2256 2431 2370 2499 εχεῖ
2392 2428 2502 2482 τῶν
2525 2426 2824 2499 βασιλικῶν
2849 2427 3074 2482 ἐκείνων
3093 2426 3289 2496 λογίων
3305 2424 3404 2488 τὰς
3429 2425 3649 2479 πάντων
3668 2421 3836 2480 ilicei;

2258 2520 2655 2585 κατακλείσας,
2691 2520 2964 2593 μηδεμιᾶς
2989 2520 3236 2597 ὑπούσης
3263 2517 3418 2588 βίας,
3455 2519 3532 2579 εἰς
3562 2515 3690 2585 μίαν
3723 2511 3835 2580 iiii"

2259 2626 2360 2680 φον
2377 2610 2452 2675 ὡς
2476 2612 2558 2673 είς
2579 2611 2825 2681 σαγήνην
2854 2611 2980 2674 τοῦς
2998 2600 3205 2674 πάντας
3230 2608 3568 2678 ἐζώγρησεν
3601 2603 3660 2670 ἒξ
3685 2603 3836 2655 bis"
3922 2662 3933 2667 -

2260 2719 2352 2756 vou
2384 2719 2444 2756 τε
2472 2704 2580 2773 γάρ
2626 2705 2683 2757 ιν
2712 2704 2880 2756 παντὶ
2910 2701 3079 2773 χείλει
3105 2701 3201 2755 καὶ
3242 2699 3469 2771 γλώσσῃ
3496 2696 3647 2771 πάσῃ
3671 2694 3842 2765 Νικη-

2261 2794 2429 2867 φόρος
2459 2794 2811 2866 πατριάρχης
2846 2791 3239 2865 ἀνηγορεύετο.

2330 3041 2432 3113 κβ’.
2486 3040 2705 3095 mnu
2754 3038 2886 3110 γοῦν
2939 3038 3196 3109 βασιλεὺς
3251 3035 3388 3108 πρὸς
3432 3032 3594 3088 αὑτὸν
3644 3030 3842 3102 ἄνδρας

2259 3134 2742 3205 ἀπαγγελοῦντας.
2776 3133 2977 3196 παντὸς
3009 3133 3172 3185 ἥκνου
3206 3130 3300 3184 καὶ
3335 3129 3513 3198 πάσης
3552 3126 3685 3196 ἄτερ
3714 3124 3842 3178 ἀνα⁹

577 3223 729 3265 mora
756 3211 920 3266 sistat
950 3225 1011 3268 se
1037 3211 1298 3282 Augustae
1349 3216 1491 3272 orbi.
1521 3215 1574 3273 ls
1598 3231 1755 3286 vero,
1784 3223 1877 3292 qui
1910 3221 2153 3303 laugabi-

2257 3227 2419 3298 ϐολῆς
2445 3226 2544 3298 τὴν
2574 3225 2772 3280 ἑαυτοῦ
2798 3224 3105 3295 παρουσίαν
3129 3224 3197 3293 τῇ
3228 3220 3461 3293 βασιλίδι
3486 3214 3841 3290 χαρίσασθαι.

577 3300 681 3355 lem
713 3299 1080 3357 obedientiam
1121 3305 1499 3375 vituperanda
1543 3308 1927 3369 inobedientim
1972 3299 2152 3391 potio-

574 3404 690 3447 rem
736 3392 983 3457 haberet,
1025 3408 1333 3466 quanquam
1383 3397 1665 3465 renitens,
1697 3402 1846 3459 viros
1895 3403 2156 3463 ductores

577 3484 789 3540 itineris
823 3494 1068 3541 actutum
1104 3490 1325 3545 secutus
1358 3500 1465 3547 est.
1498 3491 1599 3548 Ubi
1619 3504 1801 3551 autem
1833 3497 2152 3567 imperator,

575 3577 629 3632 id
656 3576 800 3646 quod
849 3580 1153 3649 satagebat,
1213 3579 1425 3647 eﬂ'ecit,
1475 3598 1540 3640 ac
1584 3601 1772 3642 coram
1826 3598 2153 3658 prasentem

490 3730 501 3731 ί
575 3682 721 3731 eum,
763 3666 918 3737 citius
950 3669 1225 3728 desiderio
1251 3673 1561 3743 tenebatur,
1598 3681 1925 3749 conspexit;
1956 3681 2010 3736 in
2042 3682 2156 3740 bare

574 3759 762 3822 verba,
796 3768 856 3814 ut
885 3759 1059 3826 aiunt,
1094 3762 1163 3817 ad
1190 3776 1316 3819 eum
1344 3764 1559 3823 locutus
1582 3777 1666 3824 est
1700 3784 1716 3823 :
1752 3768 1880 3827 Mihi
1910 3773 2151 3843 quidem,

573 3848 658 3902 vir
690 3848 805 3903 Deo
835 3851 1239 3920 acceptissime,
1265 3855 1536 3926 siquidem
1571 3856 1658 3916 fas
1684 3869 1831 3918 esset
1866 3862 1959 3919 Dei
1999 3881 2154 3920 man-

573 3939 697 3992 data
726 3939 779 3992 in
824 3938 1067 3997 minimis
1111 3942 1316 4000 habere
1367 3961 1669 4021 eorumque
1701 3965 1865 4020 opere
1909 3956 2153 4027 neglecto

571 4028 839 4098 publicam
878 4047 991 4088 rem
1038 4036 1453 4105 administrare,
1481 4040 1537 4096 in
1568 4054 1820 4115 promptu
1851 4056 1969 4101 erat
2001 4063 2152 4119 quaa-

570 4120 693 4173 dam
725 4122 1002 4177 seductria
1038 4138 1105 4179 ac
1132 4124 1239 4180 lata
1277 4127 1388 4194 via,
1423 4143 1531 4200 qua
1558 4132 1780 4189 obvium
1816 4140 2151 4208 quempiam,

572 4212 723 4266 nullo
753 4216 1024 4271 anteriori
1064 4219 1263 4274 merito
1295 4229 1355 4275 ut
1393 4223 1641 4292 pontifex
1689 4228 1845 4285 ﬁeret
1876 4245 2155 4288 commen-

573 4303 827 4368 dabilem,
863 4307 958 4361 sed
990 4308 1085 4375 qui
1110 4308 1451 4368 solummodo
1499 4316 1680 4393 vellet,
1732 4321 1856 4376 urbi
1892 4322 2154 4393 Augustae

573 4394 930 4462 praeﬁcerem.
969 4396 1106 4464 Quia
1137 4413 1269 4458 vero
1295 4401 1493 4461 divinis
1518 4392 1817 4480 Scriptum
1847 4392 2152 4471 documen-

573 4486 643 4540 tis
690 4487 940 4543 eruditus
986 4489 1137 4557 svio,
1181 4494 1397 4563 qualem
1442 4511 1564 4556 esse
1614 4511 1865 4571 oporteat
1913 4505 2151 4562 futurum

571 4578 914 4641 sacerdotem
949 4590 1005 4637 et
1036 4583 1304 4653 imprimis
1330 4601 1476 4658 eum,
1520 4592 1677 4663 cuius
1708 4596 1783 4651 sit
1820 4597 1888 4653 ad
1921 4598 2150 4668 gradum
2185 4571 2230 4629 θ

571 4667 842 4735 ejusmodi
873 4673 1175 4740 provehere
1204 4677 1377 4747 alios;
1414 4682 1673 4740 nimirum
1718 4667 2006 4745 sublimem
2042 4691 2153 4746 vir-

571 4763 690 4811 tute
733 4774 797 4815 ac
841 4760 999 4819 labiis
1047 4765 1338 4840 intactum,
1372 4775 1466 4844 qui
1510 4776 1798 4834 scientiam
1854 4782 2150 4851 custodiat,

572 4857 739 4917 atque
767 4853 1094 4924 exquisitam
1126 4858 1296 4933 legem
1329 4864 1385 4919 in
1414 4881 1513 4921 ore
1551 4866 1759 4933 ferens,
1787 4871 2001 4930 Domini
2031 4890 2153 4931 om-

572 4937 868 5009 nipotentis
923 4948 1146 5016 angelus
1207 4953 1427 5023 audiat;
1483 4972 1681 5014 vereor
1728 4977 1799 5018 ne
1847 4978 2004 5021 sacra
2058 4966 2149 5023 illa

572 5031 944 5094 admonitione
970 5053 1184 5112 spreta,
1219 5047 1565 5119 negligentiae
1595 5052 1718 5115 dein
1745 5064 1958 5125 pten'as,
1985 5058 2152 5130 inque

575 5139 757 5180 incum
791 5140 956 5200 caput
1000 5134 1150 5191 diras
1190 5138 1491 5195 intentatas
1534 5157 1832 5199 arcessant.
1861 5145 2016 5205 Nunc
2050 5150 2153 5221 igi-

572 5223 661 5271 tur
686 5233 810 5275 cum
851 5219 995 5279 Deus
1024 5229 1322 5285 sacerdotii
1364 5247 1573 5301 arcem,
1604 5235 1956 5311 caelestisque
1979 5219 2143 5314 bnjus

571 5311 730 5366 stadii
762 5315 913 5371 vobis
941 5318 1184 5375 habenas
1206 5325 1524 5393 concredat,
1554 5342 1642 5393 ne,
1674 5344 1882 5398 quaso,
1907 5311 2150 5392 vocatio-

571 5413 693 5496 nem
731 5408 1052 5475 respuet-itis
1081 5427 1095 5464 :
1130 5412 1225 5467 sed
1252 5410 1494 5473 divinum
1525 5420 1821 5479 subeuntes
1849 5404 2149 5496 certamen,

568 5489 628 5557 in
663 5499 716 5555 id
745 5504 930 5572 potius
992 5507 1273 5576 respicite,
1302 5512 1447 5580 quod
1481 5529 1511 5570 e
1546 5521 1820 5577 communi
1849 5522 2027 5582 salute
2053 5489 2147 5581 sit.

572 5587 788 5647 Scimus
829 5594 977 5649 enim
1019 5610 1115 5653 vos
1157 5597 1314 5669 juxta
1358 5610 1507 5664 tuum
1535 5621 1600 5664 ac
1632 5624 1974 5671 communem
2013 5630 2152 5687 prai-

645 5799 671 5828 °
705 5808 807 5847 ms.
831 5794 1005 5859 γνὼον

2266 3316 2327 3371 ὀ
2369 3316 2426 3370 δὲ
2454 3315 2555 3388 τήν
2604 3315 3008 3385 ἐπαινουμένην
3050 3312 3298 3384 ὑπακοὴν
3341 3309 3543 3383 μᾶλλον
3573 3307 3672 3377 τῆς
3706 3308 3841 3361 ἐπι-

2254 3404 2428 3477 ψὸγου
2477 3405 2766 3477 παρακοῆς
2812 3404 3211 3474 ἀνθελόμενος.
3264 3402 3360 3455 καὶ
3399 3401 3496 3471 οὐχ
3545 3397 3688 3453 ἑκὼν
3729 3397 3840 3459 τοῖς

2256 3499 2409 3567 ἄγειν
2440 3496 2720 3552 ἐθέλουσιν
2749 3497 2954 3551 εἵπετο.
2989 3496 3099 3549 Καὶ
3132 3494 3253 3548 ἐπεὶ
3277 3492 3356 3564 τῷ
3384 3491 3751 3562 αὐτοκράτορι
3781 3487 3842 3541 τὸ

2256 3590 2589 3662 ζητούμενον
2641 3588 2840 3660 ἣνυστο
2866 3630 2881 3654 ,
2940 3587 3038 3642 καὶ
3089 3587 3212 3640 κατ’
3246 3584 3370 3655 ὄψιν
3412 3579 3567 3655 εἶχεν
3605 3582 3740 3653 ὀρᾷν
3782 3578 3842 3633 τὸ

2256 3679 2622 3750 ποθούμενον,
2655 3678 2833 3734 ταῦτα
2880 3678 3020 3749 πρδς
3063 3677 3229 3733 αὐτὸν
3256 3675 3553 3746 διειλέχθαι
3597 3672 3837 3742 λέγεται·

2266 3773 2423 3842 Ἐμοὶ
2450 3773 2572 3845 μιν,
2603 3768 2649 3828 ὦ
2676 3772 2812 3842 ἄνερ
2839 3770 2961 3842 θεῷ
2994 3772 3431 3843 μεμελετημένε,
3459 3769 3617 3839 εἴπερ
3643 3762 3712 3838 ἦν
3735 3764 3841 3819 τῶν

2254 3865 2415 3921 θείων
2448 3865 2847 3935 κατολιγωρεῖν
2893 3862 3274 3937 προστάξεων,
3328 3864 3424 3917 καὶ
3468 3859 3702 3932 ἀμελείᾳ
3742 3856 3841 3928 τῆς

2253 3957 2460 4012 τούτων
2493 3955 2765 4029 ιργασίας
2811 3954 3229 4028 ἐπιμελεῖσθαι,
3256 3950 3324 4027 ἦν
3367 3953 3477 4025 ἀρα
3517 3968 3601 4015 τις
3634 3951 3840 4021 πλάνης

2252 4067 2314 4104 τε
2366 4050 2462 4104 καὶ
2508 4050 2743 4105 πλατεῖα
2781 4049 2930 4114 ὁδὸς,
2964 4048 3033 4103 δι’
3062 4042 3131 4121 ἦς
3162 4048 3259 4101 καὶ
3295 4047 3389 4101 τὸν
3430 4047 3660 4118 τυχόντα
3684 4084 3700 4107 ,
3750 4041 3841 4096 καὶ

2254 4139 2404 4205 ἀξιον
2438 4140 2608 4211 μηδὲν
2638 4139 3133 4212 προεισενεγκόντα
3160 4137 3258 4193 τοῦ
3300 4137 3544 4217 βήματος
3575 4136 3715 4206 πλὴν
3747 4132 3839 4189 τοῦ

2257 4229 2567 4301 βούλεσθαι,
2594 4231 2861 4303 ἀρχιερέα
2881 4233 2946 4302 τῇ
2975 4230 3207 4302 βασιλίδι
3231 4229 3666 4301 προστήσασθαι.
3702 4227 3840 4285 Ἀλλ’

2254 4321 2443 4394 ἐπειδὴ
2486 4322 2659 4393 παρὰ,
2678 4324 2779 4392 τῆς
2809 4323 2963 4387 θείας
3006 4323 3233 4398 Γραφῆε
3265 4321 3552 4392 νενουθέτη
3564 4338 3662 4393 μαι
3683 4360 3697 4384 ,
3732 4314 3841 4373 οἷον

2255 4408 2397 4467 εἶναι
2423 4413 2509 4468 δεῖ
2534 4415 2624 4469 τὸν
2654 4414 2906 4486 ἱερᾶσθαι
2936 4414 3198 4485 μέλλοντα
3228 4415 3324 4469 καὶ
3356 4414 3552 4477 ἀλλους
3580 4414 3661 4476 εἰς
3684 4410 3841 4465 τοῦτο

2256 4506 2519 4579 προάγειν
2548 4506 2856 4577 ὀφείλοντα,
2885 4509 2968 4562 ὃτι
3000 4506 3205 4578 ὑψηλὸν
3235 4508 3408 4579 ἀρετῇ
3443 4506 3539 4561 καί⁵
3566 4505 3841 4572 ἀνέπαφον

2255 4599 2493 4669 χείλεσι,
2526 4598 2769 4667 γνῶσιν*
2799 4599 3148 4670 φυλάσσοντα
3178 4598 3273 4651 καὶ
3309 4599 3473 4668 νόμον
3506 4595 3843 4667 ὲκζητούμε-

2255 4707 2345 4743 νον
2375 4691 2433 4742 ὲν
2460 4690 2689 4758 στόματι
2723 4691 2982 4761 φέροντα,
3012 4692 3108 4744 καὶ⁵
3134 4690 3223 4745 διὰ
3244 4689 3402 4744 τοῦτο
3434 4687 3842 4763 χρηματίζοντα

2255 4781 2464 4853 Κυρίου
2507 4783 2950 4857 παντοκράτορος
2988 4783 3257 4852 ἀγγελονο
3292 4782 3439 4836 δέδια
3479 4782 3553 4853 μὴ
3602 4781 3662 4835 τδ
3700 4779 3843 4851 ίερδν

2253 4873 2432 4927 ἐκεῖνο
2459 4873 2820 4946 παραϐλέψας
2851 4873 3187 4946 νουθέτημα,
3223 4873 3483 4945 ἀμελείας
3530 4872 3739 4926 ὕποίσω
3769 4869 3844 4925 δί-

2255 4982 2380 5036 κην,
2412 4966 2510 5019 καὶ⁸
2535 4965 2636 5038 τήν
2679 4966 3086 5038 ἀπειλουμένην
3126 4967 3268 5038 ἀρὰν
3293 4968 3375 5031 είς
3405 4965 3643 5038 ἐμαυτὸν
3677 4967 3843 5018 ἐκκα-

2257 5056 2511 5129 λέσομαι.
2542 5056 2653 5112 Νῦν
2681 5053 2775 5112 οὖν
2800 5058 2939 5112 Θεοῦ
2970 5059 3068 5130 τὴν
3101 5058 3409 5131 ἱερωσύνην
3438 5058 3535 5111 καὶ
3564 5057 3663 5120 τὰς
3690 5054 3845 5125 ἡνίας

2258 5146 2353 5201 τοῦ
2377 5148 2635 5219 οὐρανίου
2673 5149 2871 5204 τούτου
2895 5150 3116 5204 διαύλου
3148 5150 3278 5221 ὑμῖν
3313 5147 3736 5220 ἐγχειρῐζοντος,
3773 5146 3844 5215 μὴ

2257 5240 2656 5297 ἀπαναίνεσθαι
2693 5241 2793 5314 τὴν
2841 5242 3068 5313 κλῆσιν,
3110 5243 3226 5297 ἀλλ’
3263 5242 3538 5296 ὑποδύντα
3582 5241 3673 5293 τὸν
3707 5239 3846 5292 θεῖον

2256 5334 2469 5404 ἀγῶνα,
2512 5336 2651 5408 πρὸς
2697 5336 2760 5391 τὸ
2814 5340 2969 5408 κοινῇ
3010 5337 3323 5391 λυσιτελοῦν
3377 5336 3610 5406 ἀφορᾷν.
3662 5334 3847 5402 ἰσμεν

2257 5428 2366 5498 γάρ
2391 5428 2490 5493 ὡς,
2513 5430 2659 5483 κατὰ
2683 5428 2774 5484 τὸν
2802 5430 2895 5483 σὺν
2916 5431 3011 5484 καὶ
3035 5429 3212 5484 κοινὸν
3236 5426 3591 5499 καθηγεμόνα
3612 5424 3843 5489 Παῦλον,

2261 5521 2338 5593 μὴ
2370 5520 2510 5593 πρὸς
2536 5521 2676 5593 ἀέρα
2700 5522 2798 5593 τὴν
2827 5522 3098 5594 πυκτικὴν
3130 5518 3523 5584 ἐπιδείξασθαι,
3559 5517 3693 5590 μηδὲ
3719 5516 3844 5588 δρα·

2263 5613 2484 5687 μεῖσθαι
2524 5615 2673 5687 ὑμᾶς
2716 5615 3083 5688 ἀκατάληπτα
3110 5632 3125 5647 ·
3163 5614 3592 5688 τεθαρρήκαμεν
3645 5611 3701 5665 δὲ
3750 5608 3847 5679 τῆς
