4158 6348
565 391 631 452 67
1556 393 1616 452 5.
1658 389 2074 451 NICEPHORI
2117 390 2633 452 PATRIARCHE
2673 391 2782 451 CP.
3762 389 3847 452 C8

571 519 675 572 que
703 503 1036 561 lacessentes
1070 520 1251 577 pugna
1298 515 1464 574 atque
1504 504 1878 573 implacabiles
1905 506 2049 559 acies
2078 519 2144 558 ex

2254 506 2395 576 Σὰρξ
2433 505 2543 575 γὰρ
2590 505 2892 575 ὑπάρχων,
2927 503 3069 559 ὅπλα
3114 504 3463 574 πνευματικὰ
3511 506 3684 557 κινεῖν
3733 505 3850 575 οὐχ

574 595 807 652 adverso
865 598 1162 653 instructas
1209 600 1524 653 immittere.
1585 597 1796 667 Quippe
1839 612 1970 650 caro
2021 611 2144 650 eum

575 685 702 750 sint,
737 687 880 742 haud
921 704 1042 744 sunt
1072 691 1295 745 idoneus
1326 698 1384 744 ut
1415 703 1562 742 arma
1593 688 1862 757 spiritalia
1894 701 2142 741 moveam

2256 596 2568 667 ίκανοῦμαι,
2600 591 2698 659 ὧν,
2730 599 2778 650 εί
2803 597 2896 650 καὶ
2925 595 3190 650 πάντοθεν
3219 597 3413 650 ἑαυτὸν
3435 614 3520 660 τις
3550 598 3650 668 ὅση
3675 596 3842 651 δύναο

2255 706 2347 757 μις
2371 689 2752 757 ἀσφαλίσαιτο,
2785 687 2883 759 τὴν
2917 687 3103 756 ἔφοδον
3136 689 3327 758 μαθεῖν
3359 689 3420 741 οὐ
3452 689 3759 760 δυνήσεται.

575 781 839 835 adversus
875 797 994 847 eos,
1025 799 1254 854 quorum
1301 782 1558 854 insultum
1613 791 1779 851 atque
1821 779 2239 850 impressionem
2276 797 2458 846 nemo,
2497 783 2626 837 licet
2673 784 2850 852 quoad
2910 781 3144 836 facultas
3205 791 3291 837 est
3346 783 3586 852 undique
3620 797 3838 851 caveat,

576 871 712 926 satis
747 887 908 928 nosse
946 875 1133 940 possit.

647 965 740 1019 24.
773 964 908 1019 Tum
945 967 1180 1022 vicissim
1229 967 1528 1035 imperator
1561 986 1575 1022 :
1607 966 1765 1022 Nulla
1797 967 1896 1021 tibi
1932 977 2147 1022 contra-

2320 963 2415 1016 κδ’.
2489 963 2546 1014 '0
2602 962 2658 1015 δὲ
2696 962 2760 1032 δὴ
2819 961 3076 1032 βασιλεὺς
3129 963 3268 1033 πρὸς
3303 963 3466 1018 αὐτ-δν
3521 966 3842 1042 ὑποϐλήδην

576 1052 830 1109 dictionis
861 1057 1000 1110 ratio
1016 1068 1108 1110 aut
1138 1068 1434 1126 praetentus
1461 1057 1812 1128 relinquitur,
1837 1066 1894 1112 ut
1924 1072 2146 1112 sacrum

2254 1055 2538 1126 ημείϐετοο
2578 1053 2783 1120 Μηδείς
2831 1070 2913 1106 σοι
2964 1052 3102 1124 πρὸς
3146 1055 3494 1126 ἀφηνιασμὸν
3541 1060 3640 1128 τῆς
3685 1063 3843 1132 ἱερᾶς

573 1144 773 1200 Christi
803 1147 995 1216 jugum
1047 1150 1321 1204 tletractes
1357 1165 1373 1202 :
1409 1149 1524 1218 ipse
1574 1150 1744 1212 enim,
1773 1150 1848 1202 uti
1881 1151 2040 1203 modo
2061 1148 2146 1202 di-

573 1237 786 1303 cebam,
827 1239 918 1307 qui
966 1238 1201 1293 Verbum
1236 1250 1341 1304 est,
1374 1240 1633 1307 pastorali
1677 1254 1902 1294 munere
1934 1238 2150 1307 adjutor

575 1327 821 1394 accedet,
865 1328 1139 1397 addctque
1172 1331 1408 1394 animos,
1441 1345 1564 1398 qua:
1611 1329 1874 1383 hactenus
1913 1328 2146 1383 dillicilia

575 1419 850 1484 videntur,
903 1419 1060 1488 plana
1106 1421 1330 1474 omnino
1363 1429 1417 1474 et
1448 1421 1698 1488 expedita
1735 1420 1962 1473 faciens.
2007 1421 2150 1489 Ergo

574 1509 934 1579 Nicephorus,
987 1512 1079 1581 qui
1127 1513 1324 1566 divinis
1371 1514 1594 1566 monitis
1641 1513 1895 1566 omnibus
1932 1528 2151 1579 semper

577 1617 785 1656 morem
825 1613 1090 1671 gesserat,
1143 1604 1481 1671 obtemperat
1532 1603 1693 1656 tantis
1733 1604 2002 1656 rationum
2032 1619 2150 1657 mo-

579 1695 782 1748 mentis
817 1697 1067 1748 suadenti
1099 1696 1364 1763 Augusto,
1413 1710 1645 1762 euntque
1686 1705 1860 1760 rogat,
1898 1705 1954 1749 ut
1985 1695 2150 1749 laicu-

578 1787 684 1842 letn
719 1789 960 1842 habitum
983 1787 1266 1842 monastici
1299 1787 1512 1841 habitus
1540 1787 1780 1856 angelica
1808 1789 2150 1842 institutione

2246 1146 2482 1216 Χριστοῦ
2520 1144 2751 1217 ζεύγλης
2777 1143 3089 1211 ἀντιλογίας
3123 1146 3263 1198 ἔστω
3292 1145 3504 1218 λόγοςῆ
3537 1151 3839 1220 πρόφασις·

2248 1238 2406 1298 αὐτὸς
2429 1237 2558 1305 γὰρ,
2583 1235 2654 1297 ὼς
2676 1234 2848 1305 ἔφθην
2880 1235 3070 1299 είπὼν,
3093 1237 3121 1287 δ
3143 1236 3313 1302 Λόγος
3339 1238 3662 1306 ἐπαμύνων,
3691 1258 3838 1314 συμο

2256 1331 2516 1398 ποιμανεῖ
2556 1328 2651 1380 καὶ
2695 1326 3334 1397 συμπροθυμηθήσεται,
3371 1330 3464 1382 καὶ
3493 1333 3679 1386 πᾶσαν
3707 1335 3839 1404 ὑμῖν

2256 1421 2395 1491 πρὸς
2425 1421 2493 1472 τὰ
2527 1419 2790 1473 δοκοῦντα
2809 1420 2946 1482 τέως
2974 1417 3214 1489 δυσχερῆ
3249 1421 3481 1491 παρέξει
3510 1423 3835 1494 εὐμάρειαν.

2260 1513 2513 1567 Πείθεται
2541 1511 2754 1574 τούτοις
2783 1514 2812 1564 ὁ
2836 1512 3004 1565 πᾶσιν
3022 1511 3108 1563 ἀεὶ
3135 1514 3248 1574 τοῖς
3276 1512 3441 1576 θείοις
3462 1515 3839 1588 πειθαρχήσας

2257 1605 2355 1674 οὐχ
2384 1606 2604 1674 ἥκιστα,
2641 1603 2734 1656 καὶ
2761 1603 2820 1654 τδ
2855 1602 2952 1672 μὲν
2975 1602 3161 1672 σχῆμα
3191 1601 3284 1654 τοῦ
3328 1603 3519 1657 λαῖκοῦ
3553 1607 3691 1676 πρὸς
3737 1609 3840 1680 τὴν

2259 1696 2352 1750 τοῦ
2398 1698 2668 1766 μονήρους
2713 1693 3050 1765 μεταμεῖψαι
3085 1693 3408 1765 ἁγγελοειδῆ
3437 1697 3715 1752 πολιτείαν
3746 1700 3838 1755 τὸν

2261 1789 2486 1860 βασιλέα
2526 1788 2688 1851 εὐθὺς
2731 1787 3112 1858 παρῃτήσατο,
3146 1788 3212 1856 τῇ
3247 1786 3504 1858 ἀκριὸεία
3535 1789 3636 1858 τὴν
3679 1792 3837 1863 ἀκρι.

579 1895 642 1933 ac
665 1880 956 1947 disciplina
988 1890 1200 1934 mutare
1229 1880 1331 1934 sibi
1363 1879 1554 1944 liceat;
1595 1880 1922 1949 atljttncturo
1959 1881 2147 1934 videli-

2254 1883 2426 1944 ὒειαν,
2456 1881 2552 1933 καὶ
2578 1881 2690 1941 τοῖς
2721 1879 2903 1942 καλῶς
2945 1878 3388 1948 προδιανυσθεῖσι
3431 1881 3618 1944 πόνοις
3649 1885 3839 1938 ἐπιπο-

578 1979 666 2026 cet
693 1973 816 2026 vita:
848 1972 1116 2026 hactenus
1158 1981 1426 2026 accuratae
1455 1973 1848 2025 accuratiorem
1880 1973 2066 2035 vitant,
2098 1981 2152 2026 et

575 2060 878 2122 laboribus,
901 2062 1099 2130 quibus
1127 2061 1236 2130 jam
1272 2061 1537 2131 praeclare
1579 2062 1802 2117 functus
1831 2075 1972 2125 erat,
2006 2065 2154 2117 labo-

577 2169 697 2207 rum
747 2154 1143 2209 absolutionem
1206 2157 1491 2222 majorem.
1552 2155 1760 2208 Annuit
1821 2157 2147 2224 imperator,

573 2243 828 2314 sacrique
875 2245 1073 2314 capitis
1115 2248 1375 2300 detonsos
1413 2245 1619 2311 crines,
1654 2245 1748 2300 ﬁlii
1796 2247 1879 2300 sui
1909 2249 2152 2301 domina-

575 2333 711 2388 trice
744 2350 902 2388 manu
927 2335 1030 2404 (η),
1063 2344 1322 2404 tanquam
1357 2335 1477 2402 ejus
1495 2351 1600 2404 qua
1628 2335 1868 2406 fulgebat
1900 2352 2152 2406 purpurae

575 2420 841 2490 insignem
871 2433 1150 2487 ornatum,
1197 2424 1399 2492 suscipi
1453 2425 1624 2478 voluit
1654 2427 1948 2480 ambitioso
1979 2426 2153 2479 fantu-

575 2507 686 2563 latu
726 2527 740 2563 :
769 2511 996 2566 decebat
1041 2527 1279 2581 namque
1311 2523 1368 2568 ut
1397 2530 1464 2570 ex
1502 2515 1819 2570 summitate
1844 2517 2150 2572 divinarum

576 2601 842 2655 virtutum
869 2603 1052 2656 adulta
1089 2618 1265 2668 coma,
1296 2605 1487 2674 primis
1517 2605 1838 2676 dignitatum
1871 2622 2152 2675 suprema-

578 2707 698 2748 rum
751 2695 1048 2750 verticibus
1081 2696 1414 2764 etiparetur;
1455 2689 1620 2766 atque
1664 2697 1738 2752 ita
1784 2697 1926 2753 illius
1958 2702 2150 2770 gloria,

579 2787 672 2855 qui
711 2785 778 2840 ad
811 2788 1006 2840 summi
1057 2787 1355 2842 sacerdOtii
1393 2789 1602 2858 apicem
1639 2805 1966 2846 ascensurus
2009 2803 2148 2858 erat,

577 2878 870 2932 eminentis
893 2878 1156 2947 obsequio
1184 2879 1368 2946 gloria:
1401 2879 1806 2936 inclaresceret.
1837 2881 2028 2936 Divina
2052 2884 2152 2937 ita-

580 2983 686 3037 que
734 2971 1094 3024 monaehatus
1148 2971 1458 3027 initiatione
1482 2983 1759 3044 praeeunte
1787 2975 1959 3045 (juxta
2005 2977 2150 3046 quod

576 3075 864 3116 sacrorum
893 3061 982 3117 ille
1002 3063 1228 3117 antistes
1256 3063 1583 3133 sapiensque
1613 3065 1910 3137 Dionysius
1941 3071 2147 3137 tradit),

577 3153 950 3221 adhibitaqne_
1015 3169 1082 3206 ex
1145 3170 1425 3209 sacrorum
1481 3158 1799 3227 praescripto
1857 3175 2147 3227 canonum,

2259 1969 2508 2038 νωτὲραν
2530 1966 2838 2040 προστιθεὶς
2859 1966 3200 2036 τελειότητα.
3239 1967 3298 2019 '0
3324 1966 3380 2022 δέ
3404 1970 3497 2020 καὶ
3518 1972 3833 2038 κατένευσε,

2261 2064 2355 2116 καὶ
2387 2063 2454 2115 τὰ
2487 2064 2584 2132 τῆς
2618 2061 2766 2132 ἱερᾶς
2795 2061 3011 2129 ἐκείνης
3045 2059 3290 2128 κεφαλῆς
3318 2059 3692 2132 ἀποκάρματα
3721 2068 3836 2129 ταῖς

2257 2154 2354 2208 τοῦ
2383 2153 2500 2207 υίοῦ
2528 2154 2619 2207 καὶ
2649 2151 3029 2222 ωμὸασιλέως
3056 2152 3267 2221 χερσὶν,
3289 2151 3367 2215 ὡς
3394 2152 3495 2220 τῆς
3522 2156 3836 2225 περικειμι.

2259 2265 2357 2318 νης
2385 2247 2568 2309 αὐτοῖς
2599 2243 2917 2314 ἁλουργίδος
2949 2243 3254 2312 σεμνολογή
3265 2261 3440 2312 ματα,
3472 2243 3832 2315 ὑποδεχθῆναι

2260 2340 2442 2408 σοφῶς
2472 2336 2825 2390 ἐδικαίωσενο
2858 2335 2965 2386 ἔδει
3006 2334 3116 2402 γὰρ
3144 2333 3242 2401 τὴν
3273 2333 3331 2396 ἐξ
3371 2334 3671 2404 ἁκρότητος
3725 2337 3832 2389 τῶν

2258 2431 2418 2484 θείων
2457 2428 2668 2500 ἀρετῶν
2700 2429 2999 2498 τραφεῖσαν
3049 2425 3226 2494 κόμην
3269 2428 3388 2488 ταῖς
3431 2425 3677 2496 πρώταις
3723 2427 3825 2478 τῶν

2258 2521 2424 2586 ἀξίων
2461 2519 2881 2592 δορυφορεῖσθαι
2911 2519 3176 2588 ἀκρότησι
3196 2559 3210 2581 ,
3250 2520 3344 2572 καὶ
3369 2521 3445 2589 τῷ
3477 2522 3613 2589 πρὸς
3635 2526 3824 2589 ἀρχιε·

2261 2612 2491 2683 ρατικὴν
2509 2613 2791 2664 ἐπανιέναι
2816 2609 3060 2680 μέλλοντι
3084 2610 3244 2674 δόξαν
3267 2614 3330 2680 τῇ
3359 2613 3453 2663 ὺπε
3465 2613 3829 2682 ρανεστηκυίᾳ.

2257 2705 2382 2775 δέξῃ
2413 2702 2851 2773 λαμπρύνεσθαι.
2877 2703 2990 2772 Τῆς
3015 2698 3106 2754 οὖν
3139 2700 3290 2765 θείας
3315 2703 3401 2754 ἐπ’
3434 2701 3581 2771 αὐτῷ
3608 2702 3830 2767 τελετῆς

2257 2795 2352 2848 τοῦ
2394 2793 2632 2864 μοναχού
2670 2793 2951 2864 προσάσης
2997 2791 3139 2845 κατὰ
3181 2791 3272 2844 τὸν
3312 2792 3686 2862 ίεροτελεστὴν
3735 2792 3832 2844 καὶ

2259 2887 2422 2955 σοφὸν
2447 2885 2742 2948 Διονύσιον,
2773 2887 2868 2938 καὶ
2895 2885 2991 2953 τῆς
3020 2886 3306 2954 ἱερατικῆς
3337 2886 3476 2938 κατὰ
3507 2885 3715 2955 βαθμὸν
3737 2886 3832 2938 καί

2257 2978 2410 3042 τάξιν
2433 2977 2799 3048 προελθούσης
2821 2978 2963 3030 κατὰ
2979 2978 3066 3029 τὸν
3093 2977 3236 3047 iepbv
3260 2977 3456 3047 θεσμὸν
3477 2978 3594 3030 τελε
3605 2978 3828 3039 ιώσεας,

2257 3070 2466 3132 τούτοις
2493 3070 2594 3139 ἤδη
2629 3071 2720 3121 καὶ
2751 3070 2784 3138 ἡ
2822 3069 2918 3137 τῆς
2956 3067 3351 3138 ἀρχιερατικῆς
3385 3066 3700 3135 ἀγιαστείας
3735 3068 3833 3118 ἐπε

2259 3160 2597 3230 ηιιολούθησε
2634 3161 3028 3230 διακόσμησις·
3068 3160 3274 3229 πηνίκα
3295 3160 3350 3212 δέ
3379 3160 3471 3211 καὶ
3495 3159 3635 3224 πῶς,
3664 3156 3831 3223 λέξων

576 3257 675 3311 per
712 3246 976 3312 graduum
1012 3246 1370 3313 quorumdam
1403 3248 1622 3316 seriem,
1674 3253 2148 3308 consummatione
2175 3251 2218 3307 C
2253 3253 2506 3324 ἔρχομαι.

573 3336 926 3402 sacerdotali,
977 3337 1305 3406 pontificalis
1373 3339 1602 3412 domum
1672 3344 2105 3398 consecrationis
2131 3357 2349 3400 secutus
2401 3355 2484 3397 est
2570 3353 2844 3397 ornatus;
2911 3343 3129 3412 quando
3185 3350 3365 3397 autem
3420 3356 3481 3397 ac
3533 3341 3827 3411 quomodo,

573 3427 822 3480 dicturus
855 3429 1074 3483 accedo.

643 3519 738 3573 25.
775 3519 992 3573 Interim
1024 3535 1258 3590 namque
1288 3521 1606 3590 imperator,
1638 3533 1692 3579 et
1717 3524 1810 3595 qui
1838 3526 1887 3580 ei
1914 3541 2011 3596 pro
2038 3541 2151 3582 ma-

567 3611 774 3681 jestate
807 3613 994 3666 aderat
1022 3624 1267 3678 senatus,
1305 3615 1356 3668 in
1395 3616 1633 3670 maxima
1675 3619 2152 3688 constitutusade

577 3706 646 3758 ad
679 3705 973 3759 lretttendze
1005 3707 1452 3761 llesurrectionis
1492 3707 1564 3778 (υ)
1599 3708 1924 3763 celebranda
1948 3710 2148 3765 solem-

575 3798 700 3861 nia,
758 3798 881 3850 dunt
940 3811 1156 3852 sacrum
1221 3799 1372 3852 illum
1428 3801 1660 3854 chorum
1711 3816 1877 3854 aureo
1936 3801 2149 3873 fulgore

577 3888 853 3941 rutilantia
901 3888 1102 3943 lumina
1138 3892 1354 3945 abunde
1385 3901 1757 3960 asper-gerent,
1809 3893 2038 3964 luceque
2067 3895 2149 3949 ni-

575 3992 672 4032 vea
715 3979 1043 4035 immortalis
1087 3982 1236 4037 illius
1267 3983 1531 4037 claritatis
1581 3984 1901 4053 splendores
1954 3986 2150 4056 pradi-

575 4080 778 4135 carent,
829 4082 885 4124 et
923 4071 1102 4126 omnis
1150 4072 1406 4127 Ecclesiae
1456 4074 1609 4128 turba
1662 4075 1895 4129 candido
1945 4077 2149 4131 amictu

573 4165 802 4229 micans,
857 4166 1245 4233 conduxisset;
1297 4165 1656 4238 Nicepltorus,
1710 4168 1950 4221 divinum
1996 4167 2148 4220 illum

574 4255 698 4310 fidei
733 4267 936 4310 tomum
985 4258 1084 4329 (ρ),
1134 4258 1230 4314 abs
1264 4273 1324 4313 se
1351 4258 1480 4312 olim
1529 4259 1815 4328 scriptum,
1861 4259 2150 4328 cordisque

574 4363 638 4403 ac
664 4349 775 4403 oris
824 4349 1166 4404 confessione
1208 4352 1522 4420 probatura,
1567 4360 1621 4406 et
1648 4351 1796 4406 clero
1830 4351 1903 4406 illi
1931 4365 2028 4406 suo
2058 4368 2148 4407 so-

581 4440 752 4493 lemni
785 4440 1184 4495 acclamatione
1210 4441 1474 4504 oblatum,
1498 4456 1606 4509 prae
1637 4444 1885 4497 manibus
1920 4445 2145 4507 habens,

2327 3532 2422 3580 κε’.
2472 3524 2664 3578 Ὶίνίκα
2699 3524 2807 3594 γὰρ
2843 3522 3096 3593 βασιλεύς
3127 3540 3187 3575 τε
3218 3523 3310 3576 καὶ
3349 3523 3382 3592 ἡ
3416 3523 3544 3593 περὶ
3575 3521 3645 3576 τὰ
3673 3523 3828 3594 βασίο

2252 3617 2372 3668 λεια
2419 3614 2721 3685 σύγκλητος
2765 3615 2822 3666 ἐν
2855 3611 2932 3683 τῷ
2967 3611 3207 3680 μεγίστῳ
3244 3612 3346 3685 νεῲ
3384 3612 3588 3684 παρῆν,
3626 3614 3692 3664 τὰ
3732 3613 3830 3681 τῆς

2251 3704 2492 3776 φρικτῆς
2521 3703 2899 3765 ’Δναστάσεως
2925 3701 3326 3764 ἐπιτελέσοντες
3352 3701 3537 3771 δργια,
3558 3702 3720 3770 ἡνίκα
3739 3703 3829 3755 τὸν

2253 3798 2399 3868 ἱερὸν
2424 3797 2599 3867 χῶρον
2636 3796 2845 3848 ἐκεῖνον
2875 3797 2906 3864 ἡ
2929 3793 3222 3864 χρυσήλιος
3252 3793 3566 3864 φωτοχυσία
3592 3793 3828 3862 δαψιλῶς

2253 3891 2616 3959 σελαγίζουσα
2639 3890 2735 3958 τῆς
2757 3887 3119 3956 ἐλπιζομένης
3141 3885 3428 3952 ἀδιαδὸχου
3449 3887 3830 3958 λαμπρότητος

2249 3985 2350 4046 τὰς
2403 3982 2774 4053 μαρμαρυγὰς
2827 3979 3242 4050 ὑπεκήρυττεν,
3283 3978 3448 4047 ἡνίκα
3497 3981 3604 4041 πᾶς
3653 3981 3680 4031 ὁ
3732 3979 3827 4047 τῆς

2264 4074 2594 4143 Ἐκκλησίας
2621 4071 2987 4141 λευχειμονῶν
3020 4070 3312 4141 συνέρῤεεν
3339 4068 3554 4138 ὃμιλος’
3586 4068 3705 4121 τότε
3740 4065 3825 4136 δὴ,

2251 4169 2371 4222 τότε
2418 4167 2507 4218 τὸν
2551 4164 2651 4233 τῆς
2700 4163 2938 4224 πίστεως
2995 4160 3087 4214 ὑπ’
3139 4159 3305 4214 αὑτοῦ
3351 4159 3698 4231 προταγὲντα
3737 4160 3829 4211 καὶ

2249 4256 2706 4328 διομολογηθέντα
2739 4252 2938 4323 καρδία
2969 4253 3060 4304 καὶ
3094 4251 3342 4322 στόματι,
3384 4245 3504 4302 εῖτά
3541 4266 3597 4301 τε
3633 4249 3724 4302 καὶ
3752 4247 3829 4317 τῷ

2251 4351 2375 4405 κατ’
2419 4348 2580 4402 αὑτὸν
2632 4347 2821 4416 κλήρῳ
2880 4344 3393 4415 προσφωνηθὲντα,
3455 4342 3601 4396 θεῖον
3660 4342 3826 4394 τόπον

2250 4442 2440 4512 χερσὶν
2492 4438 2937 4508 ἐπειλημμένος,
2987 4437 3080 4487 ἐπὶ
3135 4436 3234 4504 τὴν
3278 4434 3432 4488 θείαν
3484 4433 3827 4504 χειροθεσίαν

572 4532 639 4585 ad
673 4532 914 4586 divinam
941 4547 1197 4586 manuum
1233 4533 1639 4601 impositionetn
1669 4536 1930 4602 accessit;
1969 4537 2147 4590 incor-

2255 4535 2395 4584 ἵετο·
2421 4529 2611 4583 τοῦτον
2645 4527 3114 4599 ἁπαρέγγραπτον
3145 4526 3518 4596 ἐπιϐοώμενος
3551 4526 3824 4596 μάρτυρα,

575 4633 790 4693 ruptum
823 4639 947 4678 eum
987 4631 1181 4679 testem
1217 4625 1478 4682 invocans
1510 4628 1856 4697 edicensquc,
1899 4629 2030 4683 velle
2064 4643 2143 4692 se,

574 4715 618 4768 si
658 4716 787 4783 quid
824 4730 1038 4779 eorum,
1067 4730 1185 4785 quae
1208 4717 1261 4772 in
1301 4717 1395 4773 illo
1430 4720 1627 4788 scripta
1661 4731 1866 4786 essent,
1905 4736 2143 4790 unquam

575 4807 853 4872 violasset,
900 4823 1021 4862 cum
1069 4823 1190 4863 vera
1222 4811 1323 4865 hac
1356 4821 1518 4880 atque
1562 4813 1778 4866 sincera
1810 4813 2146 4882 professione

573 4899 838 4970 cultuque
876 4911 1058 4956 astare
1092 4902 1144 4955 itt
1179 4907 1412 4958 adventu
1463 4906 1645 4975 magni
1679 4906 1770 4961 Dei
1799 4921 1862 4958 ac
1892 4905 2144 4960 Salvato-

576 4990 650 5044 ris
669 4990 856 5045 nostri
881 5008 896 5046 :
920 4991 1206 5063 ipsumque
1235 5005 1358 5064 post
1389 4995 1664 5051 celebrata
1690 5013 1854 5067 super
1880 5012 1944 5051 eo
1962 4997 2143 5051 divina

574 5082 852 5152 mysteria,
903 5099 1042 5152 pone
1083 5101 1291 5140 sacrant
1343 5103 1585 5143 mensam
1636 5087 1781 5142 velut
1811 5102 2142 5143 consecran-

570 5175 722 5239 dnnt,
765 5177 1034 5246 roburque
1064 5189 1117 5230 et
1147 5181 1526 5234 auctoritatem
1564 5195 1592 5233 a
1623 5179 1731 5233 Deo
1772 5194 1839 5233 ex
1873 5180 1986 5247 ipsa
2037 5179 2138 5233 loci

573 5265 831 5332 religione
864 5279 1310 5335 consecuturum,
1357 5270 1620 5340 reposuit.
1656 5269 2137 5324 Sacratnentorntn

568 5369 748 5410 autem
778 5359 1142 5417 celebratione
1174 5363 1358 5416 divino
1390 5361 1570 5415 alliam
1595 5376 1660 5416 ac
1693 5369 1823 5415 nutu
1849 5362 2136 5430 completa,

569 5453 872 5508 voctleratts
893 5455 1118 5526 populus
1142 5471 1154 5506 :
1183 5454 1385 5525 Dignus
1411 5470 1573 5525 super
1601 5455 1782 5524 digno,
1804 5453 2141 5510 trina‘accla-

636 5631 715 5701 (ιι)
759 5631 1081 5704 Stant-acim
1131 5648 1158 5684 a
1193 5643 1348 5704 patre
1385 5632 1659 5700 particeps
1682 5633 1942 5704 Augustae
1978 5635 2142 5704 maje-

566 5703 726 5756 ltat'ts
752 5702 928 5756 factus
960 5719 1104 5755 anno
1132 5703 1236 5757 8υῦ
1269 5718 1450 5755 mense
1478 5703 1780 5756 Decembri.

637 5777 714 5844 (ο)
744 5773 837 5827 Die
867 5773 931 5826 12
967 5772 1195 5842 Aprilis,
1231 5779 1382 5843 tyclo
1411 5774 1539 5828 solis
1567 5788 1646 5840 Ill,
1682 5775 1818 5830 luna:
1849 5791 1924 5844 tx,
1961 5775 2138 5830 littera

2244 4627 2292 4678 εί
2325 4622 2687 4694 παρατρώσαι
2716 4638 2768 4673 τι
2803 4620 2911 4673 τῶν
2933 4622 2990 4672 ἐδ
3018 4619 3167 4689 αύτῷ
3201 4619 3664 4688 σεσημασμένων,
3690 4617 3828 4671 ἀλλὰ

2249 4717 2388 4788 μετὰ
2416 4714 2624 4784 ταύτης
2655 4713 2756 4781 τῆς
2786 4712 3053 4782 ἀληθινῆς
3081 4713 3174 4764 καὶ
3202 4711 3530 4781 εἰλικρινοῦς
3570 4712 3826 4782 λατρείας

2246 4809 2303 4860 ἐν
2333 4811 2398 4878 τῇ
2447 4807 2654 4877 φοϐερᾷ
2686 4807 2779 4858 καὶ
2809 4805 3006 4874 ἐνδόξῳ
3036 4803 3247 4856 ἐλεύσει
3284 4804 3378 4856 τοῦ
3411 4805 3650 4874 μεγάλου
3691 4805 3825 4858 Θεοῦ

2246 4902 2340 4954 καὶ
2380 4899 2634 4968 Σωτῆρος
2667 4898 2826 4969 ἡμῶν
2879 4898 3269 4968 παραστῆναι·
3324 4897 3382 4950 ὃν
3418 4900 3512 4950 καὶ
3547 4898 3688 4968 μετὰ
3729 4898 3826 4969 τὴν

2243 4991 2626 5059 τελεσιουργὸν
2655 4991 2742 5044 ἐπ’
2782 4989 2933 5060 αύτῴ
2971 4989 3364 5058 μυσταγωγίαν
3400 4989 3585 5061 ἔνερθε
3618 4991 3720 5060 τῆς
3755 4992 3827 5042 l3-

2253 5086 2353 5154 ρᾶς
2411 5083 2692 5154 τραπέζης
2745 5080 3160 5152 ἀπεθησαύρισε
3219 5081 3824 5152 καθαγιασθησόμενον.

2253 5176 2345 5227 καὶ
2388 5174 2538 5244 παρὰ
2571 5173 2707 5225 Θεοῦ
2742 5173 2805 5225 τὸ
2851 5173 3073 5243 βέϐαιον
3123 5174 3203 5236 εἰς
3239 5173 3512 5242 ἀποδοχὴν
3547 5174 3827 5244 κληρωσό-

2254 5285 2433 5339 μενον.
2486 5267 2595 5337 Τῆς
2629 5261 2722 5319 οὖν
2771 5268 2921 5336 ἱερᾶς
2973 5267 3198 5338 τελετῆς
3254 5268 3515 5341 ἐπιπνοίᾳ
3550 5266 3670 5340 θεία
3726 5267 3826 5338 τὴν

2250 5361 2555 5432 περαίωσιν
2593 5360 2882 5431 είληφυίας
2909 5400 2923 5424 ,
2967 5363 2995 5414 ὁ
3030 5361 3159 5424 λαὸς
3202 5361 3325 5430 τὴν,
3372 5361 3556 5428 ’Ἄξιος
3611 5361 3706 5414 ἐπὶ
3752 5360 3828 5434 τῷ

2248 5456 2404 5526 ἀξίῳ,
2436 5456 2558 5509 κατ’
2587 5453 2746 5518 ἀξίαν
2771 5455 2956 5525 φωνὴν
2987 5456 3223 5527 τρισσῶς
3246 5456 3602 5528 ὑπεκρίνατο.
3636 5455 3828 5509 Ἔνθεν

2249 5634 2569 5689 Dominicali
2601 5634 2648 5688 ι)
2675 5617 2884 5689 Pascha
2920 5636 3248 5691 celebratum
3293 5644 3394 5691 est.

2322 5707 2396 5774 (υ)
2423 5707 2847 5778 Antirrlteticuut
2875 5707 3014 5775 ejus,
3045 5709 3108 5763 de
3128 5723 3234 5776 quo
3259 5721 3418 5778 supra
3443 5716 3643 5769 actum,
3676 5706 3817 5762 vide-

2252 5789 2341 5832 tur
2377 5785 2568 5832 auctor
2600 5776 2926 5848 intelligere.
