4158 6348
371 428 438 497 81

1901 432 2072 492 VITA
2085 478 2097 490 .

444 549 539 599 λε’.
573 545 800 614 ’Ᾱγεται
825 543 1006 596 τοίνυν
1032 541 1120 611 ἐφ’
1151 541 1329 613 ἑαυτῷ
1361 543 1530 613 μέρος
1555 542 1680 595 ὅσον
1705 543 1964 596 ύποπτὼ·
1994 559 2038 611 Α

378 653 464 691 σει
490 638 748 708 κανονικῇ
780 637 881 705 τῆς
915 636 1066 704 ἱερᾶς
1113 635 1464 706 λειτουργίας
1502 634 1814 704 άνείργετο,
1840 635 1966 688 ὅσον

379 729 474 782 καὶ
506 727 581 800 μὴ
619 727 946 799 βουλόμενον
983 729 1101 790 ταῖς
1147 726 1472 795 ύπαγωγαῖς
1507 727 1604 797 τῆς
1636 727 1758 796 βίας
1793 726 1970 796 ἐκάμ-

385 836 552 873 πτετο
580 859 595 882 ,
665 813 750 884 οἷς
805 819 902 873 καὶ
947 818 1116 872 τόπον
1156 819 1289 872 είσω
1336 817 1447 871 τῶν
1490 817 1784 888 βασιλείων
1829 818 1969 872 ἀπο-

382 910 693 982 κληρώσας,
735 912 828 964 καὶ
864 911 926 964 τὸ
950 909 1087 981 πρὸς
1117 909 1332 981 τρυφὴν
1372 909 1516 964 συῶν
1561 909 1718 980 δίκην
1757 909 1966 964 ἀποτά-

383 1002 480 1069 ξας
535 1004 720 1066 αὐτοῖς
769 1001 1085 1073 σιτηρέσιον
1112 1042 1128 1065 ,
1172 1002 1301 1055 νέαν
1341 1002 1526 1056 πίστιν
1566 1003 1888 1056 συντάττειν
1939 1004 1969 1056 ό

379 1094 629 1165 νεόφρων
681 1095 1001 1169 ἀποστάτης
1038 1093 1348 1148 ἐκέλευσεν.
1379 1095 1442 1146 Ol.
1475 1093 1532 1147 δὲ
1581 1095 1660 1163 τῷ
1703 1093 1967 1165 βασιλείῳ

381 1186 595 1258 θράσει,
626 1186 701 1249 ὡς
724 1186 753 1238 ό
785 1184 1016 1255 μυθικὸς
1053 1186 1259 1247 ἐκεῖνος
1290 1185 1550 1252 Αἰγαίων,
1577 1185 1966 1255 γαυρούμενοι,

384 1278 570 1347 σχεδὸν
615 1276 755 1331 κατὰ
803 1278 988 1346 πάσης
1034 1276 1366 1348 Ἐκκλησίας
1415 1276 1675 1347 ὠμότατα
1715 1277 1966 1342 θέοντες,

384 1367 601 1437 βίϐλους
616 1367 954 1438 ἀνηρεύνων·
991 1367 1086 1421 καὶ
1110 1366 1208 1429 τὰς
1243 1367 1342 1438 μὲν
1370 1367 1492 1420 κατ’
1523 1367 1759 1423 εἰδώλων
1783 1368 1973 1439 Exsp-

383 1475 502 1528 γον,
535 1458 610 1522 ὡς
645 1458 1052 1530 συνηγορούσας
1079 1458 1261 1513 αὐτῶν
1290 1459 1367 1529 τῷ
1405 1462 1738 1532 φρονήματι,
1774 1462 1875 1526 τὰς
1913 1463 1973 1517 δὲ

385 1550 531 1621 ὑπὲρ
577 1550 803 1605 είκόνων
842 1551 1162 1622 ὲπίμπρων,
1196 1551 1274 1617 ὡς
1311 1551 1644 1624 ὲλεγχούσας
1682 1554 1864 1608 αὐτῶν
1903 1554 1974 1609 τὰ

388 1641 738 1714 μυθεύματα.

469 1963 937 2029 λςἘὶσκαλεϊται
958 1967 1013 2020 δὲ
1039 1968 1131 2020 καὶ
1154 1967 1264 2020 τῶν
1290 1968 1608 2022 ἐπισκόπων
1631 1969 1758 2034 τοὺς
1785 1969 1968 2024 πλείο-

393 2068 493 2117 νας
517 2093 532 2118 ,
557 2052 634 2123 τῷ
663 2057 1038 2126 νεωτεροποιῷ
1067 2056 1242 2127 τούτῳ
1289 2059 1766 2130 συνηγορήσοντας
1799 2060 1972 2130 σκέμ-

396 2161 567 2215 ματι·
612 2145 809 2209 οἵτινες
864 2148 1027 2218 ἡνίκα
1072 2151 1184 2212 τοῖς
1217 2150 1513 2220 ἀντιπέρας
1569 2152 1825 2215 ἐπινείοις
1878 2152 1974 2206 τοῦ

396 2234 698 2299 Βυζαντίου
726 2237 1101 2306 προσήγγιζον
1132 2238 1229 2308 οὐχ
1267 2237 1378 2308 (10)
1412 2240 1759 2312 έκουσιότητι
1779 2281 1794 2305 ,
1835 2244 1979 2296 κατὰ

392 2325 457 2379 τὸ
482 2327 770 2398 κρατῆσαν
787 2327 910 2390 έθος
948 2327 1086 2398 πρὸς
1121 2329 1214 2383 τὸν
1251 2331 1621 2402 άρχιποίμενα
1647 2332 1977 2396 στέλλοντεςο

393 2415 424 2456 ἀ
446 2416 584 2488 πρὸς
603 2417 766 2470 αὐτὸν
788 2418 1270 2490 διεπορθμεύοντο’
1295 2422 1395 2492 τὴν
1416 2420 1707 2494 βασιλικὴν
1724 2423 1779 2476 δὲ
1806 2423 1980 2496 ῥοπὴν

393 2509 828 2563 άντιστατοῦσαν
866 2511 1298 2576 ὑπαντιάζοντες
1329 2515 1425 2567 καὶ
1465 2513 1558 2585 βίᾳ
1585 2513 1973 2585 δεσμούμενοι,

393 2600 534 2671 πρὸς
585 2600 685 2664 τὰς
749 2601 967 2672 Ἐχέτου
995 2604 1086 2656 καί
1118 2603 1419 2675 Φαλάριδος
1459 2606 1654 2670 ποινάς
1685 2606 2005 2677 παρεπέμ-⁶

393 2709 559 2746 ποντο
581 2708 593 2722 ·
634 2693 731 2746 καὶ
753 2695 800 2746 εί
829 2693 926 2763 μὲν
950 2693 1011 2747 τὸ
1034 2693 1226 2748 δοκοῦν
1259 2695 1492 2760 ἐκείνοις
1521 2699 1795 2764 ἐτίθεντο,
1824 2698 1978 2764 λύσις

393 2787 505 2840 τῶν
538 2785 728 2840 δεινῶν
763 2784 1134 2856 ’ἐπηκολούθει
1175 2789 1270 2844 καὶ
1317 2788 1502 2852 ἄνεσις
1531 2808 1545 2822 ·
1579 2793 1627 2844 εί
1660 2791 1718 2845 δέ
1773 2809 1860 2856 τις
1898 2791 1979 2865 τῷ

397 2879 496 2948 τῆς
544 2877 799 2948 ἀληθείας
831 2878 1046 2950 κέντρῳ
1073 2881 1400 2950 νυττόμενος
1430 2882 1569 2953 πρὸς
1595 2882 1695 2955 τὴν
1721 2883 1986 2938 ἀσέϐειαν.

401 2968 585 3031 ποσῶς
624 2969 962 3039 ἀπεμάχετο,
1003 2971 1254 3042 εἱρκταῖς
1274 2973 1369 3025 καὶ
1395 2973 1572 3043 λιμοῖς
1608 2975 1706 3026 καὶ
1744 2974 1980 3044 χθονίοις

399 3062 748 3132 κατεκρίνετο
773 3062 1042 3134 δείμασιν,
1069 3065 1222 3120 οὐδὲν
1238 3066 1344 3120 τῶν
1366 3068 1464 3139 τῆς
1494 3069 1808 3140 Ἐμπούσης
1825 3071 1980 3123 ἀνεκ-

397 3153 620 3224 τότερον
653 3158 1056 3226 φαντασμάτων
1087 3158 1423 3229 ὑπάρχοντα.
1457 3159 1614 3215 Οὖτω
1636 3161 1699 3215 τὸ
1728 3161 1823 3215 τοῦ
1856 3162 1981 3215 δευ-

3575 419 3644 480 82

2139 544 2228 600 55.
2270 543 2444 598 Unum
2474 541 2637 611 igitur
2694 540 2745 592 in
2790 545 2992 592 curtum
3027 535 3062 590 ii
3116 549 3306 591 omnes
3355 544 3653 602 cOguntur,

2056 651 2204 708 quos
2239 635 2496 690 canonica
2534 632 2719 702 regula
2754 644 2818 683 ac
2867 628 3137 683 districtio
3188 626 3360 681 sacris
3385 624 3650 678 altaribus

2073 730 2290 784 arcebat
2315 745 2330 794 ;
2354 728 2387 781 ii
2413 726 2577 781 etiam
2604 739 2814 786 omnes,
2849 737 2990 792 quos
3017 720 3219 775 invitos
3241 717 3393 773 fraus
3417 715 3469 770 vi
3499 729 3651 770 com-

2074 820 2232 873 tnista
2294 814 2634 879 innectebat;
2699 813 2896 882 quibus
2969 820 3026 867 et
3072 811 3223 866 locus
3286 809 3426 862 intra
3461 804 3649 876 palatii

2072 920 2224 978 septa
2281 909 2560 971 statuitur,
2616 912 2670 958 et
2699 919 2934 968 atmona,
2970 918 3075 972 qua
3129 914 3417 973 porcorum
3479 899 3653 953 instar
3700 959 3706 986 :

2075 1008 2316 1051 ventrem
2349 996 2740 1060 distenderent,
2775 993 2996 1062 cupiosa
3053 992 3388 1054 decernitur,
3423 987 3492 1043 ab
3512 987 3653 1042 antio

2073 1089 2162 1160 qui
2189 1088 2458 1158 dogmatis
2487 1086 2768 1140 desertore
2801 1099 2996 1140 novam
3055 1083 3216 1138 tidem
3267 1083 3504 1136 condere
3554 1093 3654 1147 με

2073 1177 2388 1236 stiente.llli
2416 1178 2562 1246 regia
2609 1176 2698 1230 illa
2739 1175 3072 1236 temeritate,
3109 1170 3251 1227 haud
3287 1184 3448 1227 secus
3474 1184 3539 1224 ac
3568 1168 3654 1223 l’a-

2075 1272 2295 1326 bnlosus
2336 1269 2422 1324 ille.
2449 1267 2656 1339 Egeon
2679 1267 2770 1338 (i),
2797 1265 3051 1336 superbia
3090 1264 3242 1329 elati,
3281 1263 3336 1318 in
3365 1276 3558 1316 omnes
3588 1261 3655 1328 (ἰ)

2071 1364 2333 1420 ecclesias
2359 1360 2730 1416 crudelissime
2761 1358 3022 1431 grassari,
3060 1356 3339 1426 librosque
3364 1353 3655 1424 exquirere

2075 1464 2236 1524 atque
2273 1453 2525 1508 auferre:
2557 1463 2612 1507 et
2654 1452 2698 1506 si
2730 1451 2950 1521 quidem
3016 1448 3282 1519 ejusmodi
3335 1455 3517 1508 erant,
3555 1446 3650 1514 qui

2073 1547 2340 1602 adversus
2391 1542 2530 1600 idola
2573 1541 2704 1598 editi
2748 1551 2954 1605 essent,
2981 1540 3133 1595 velut
3181 1539 3424 1608 ipsorum
3473 1549 3656 1590 causa:

2074 1637 2470 1705 sententiaeque
2522 1633 2766 1688 faventes
2811 1629 3146 1700 amplexari;
3184 1628 3268 1682 sin
3317 1623 3660 1681 vindicandis

2077 1729 2405 1800 imaginibus
2426 1725 2638 1796 scripti,
2669 1735 2926 1794 tanquam
2950 1722 3170 1777 illorum
3192 1727 3484 1788 arguentes
3504 1731 3627 1771 com
3644 1743 3661 1754 -

2078 1834 2260 1878 menta
2292 1819 2525 1898 ﬂammis
2557 1819 2844 1873 absumere
2871 1815 3184 1886 plerosque.

2149 1977 2235 2032 36.
2277 1978 2574 2045 Episcopos
2607 1973 2735 2028 item
2759 1979 2986 2026 arcessit
3022 1979 3346 2036 imperator,
3377 1961 3663 2035 lyrallllit'ﬂ

2081 2083 2146 2123 ac
2168 2067 2428 2121 seditioso
2454 2063 2743 2119 conventui
2771 2058 3077 2130 patrocinio
3098 2056 3336 2110 futuros.
3360 2052 3421 2106 lli
3460 2065 3656 2118 porro,

2085 2160 2173 2215 ubi
2207 2176 2236 2212 e
2269 2158 2490 2227 regione
2535 2153 2784 2226 Byzantii
2821 2151 3044 2206 navium
3092 2147 3386 2202 stationem
3443 2140 3666 2211 prapins

2085 2249 2322 2305 assecuti
2353 2256 2558 2313 essent,
2583 2245 2659 2299 uti
2696 2243 2862 2296 moris
2891 2250 3029 2304 erat,
3061 2240 3127 2295 ad
3152 2246 3430 2308 pastorum
3470 2231 3668 2301 princi-

2087 2358 2210 2413 pem
2259 2352 2642 2406 summumque
2693 2333 2993 2388 antistitem
3042 2341 3238 2401 sponte
3295 2325 3552 2396 profecti,
3601 2322 3668 2373 ad

2087 2449 2208 2488 eum
2246 2429 2692 2485 transmittebant
2719 2443 2734 2480 :
2761 2424 2855 2479 sed
2883 2425 2935 2477 itt
2979 2423 3187 2491 regium
3212 2436 3277 2474 ex
3298 2419 3529 2471 adterso
3557 2416 3667 2467 dis-

2054 2526 2292 2580 .crimen
2343 2523 2701 2582 incurrentes,
2735 2518 2800 2570 ad
2857 2515 3038 2569 Echeti
3093 2510 3506 2577 Plialuridisqne
3553 2523 3671 2576 pm-

2087 2631 2186 2670 nas
2231 2612 2398 2667 vincti
2463 2610 2816 2665 trahebantur
2875 2626 2886 2659 :
2949 2613 3003 2657 ct
3038 2599 3304 2672 siquidem
3359 2614 3427 2652 ex
3481 2612 3668 2650 coruom

2088 2705 2208 2760 (idei
2255 2705 2461 2758 ratione
2491 2716 2548 2756 se
2592 2699 2796 2754 sentire
2849 2695 3270 2765 proﬁtebantur,
3321 2699 3522 2761 prtcsto
3551 2697 3672 2740 erat

2088 2795 2350 2851 malorum
2386 2794 2582 2849 solutio
2619 2802 2782 2861 atque
2818 2789 3105 2848 remissio;
3135 2787 3218 2840 sin
3249 2795 3430 2840 autem
3467 2781 3668 2849 aliquis

2089 2889 2336 2943 veritatis
2361 2895 2758 2956 cotnpungente
2803 2881 3027 2936 stimulo
3094 2880 3362 2948 tantisper
3401 2874 3670 2944 impictuti

2087 2983 2498 3046 adversabatur,
2527 2994 2770 3041 carcere,
2819 2977 2984 3043 fante,
3022 2973 3258 3029 terrenis
3309 2972 3671 3025 damnabatur

2091 3073 2414 3134 terroribus,
2460 3072 2663 3140 quibus
2699 3070 2762 3123 ad
2797 3068 3046 3138 Etnpusae
3085 3076 3300 3136 spectra
3327 3063 3460 3116 nihil
3505 3061 3672 3114 mole-

2089 3167 2207 3221 stite
2233 3165 2468 3218 deesset.
2489 3160 2546 3215 In
2568 3163 2710 3216 hunc
2734 3163 2951 3215 modum
2972 3158 3195 3214 secundi
3215 3156 3431 3225 Caiphm
3455 3153 3670 3208 coalue-

398 3245 558 3317 τέρου
607 3245 835 3316 Καῖάφα
887 3245 1172 3300 συνίστατο
1227 3247 1631 3320 βουλευτήριον,
1678 3249 1821 3305 οὕτω
1868 3251 1972 3322 τῆς

2085 3266 2163 3312 rat
2219 3255 2551 3322 Concilium;
2609 3254 2687 3308 sic
2756 3251 2960 3308 Jannes
3014 3257 3068 3306 et
3113 3246 3382 3303 Mantbrcs
3447 3246 3673 3316 grandi-

409 3335 614 3391 Ἰαννοῦ
646 3339 742 3392 καὶ
794 3337 1052 3409 Ἰαμδροῦ
1108 3340 1672 3413 μεγαλοῤῥημοσύνης
1712 3342 1853 3395 κατά
1883 3341 1980 3396 τοῦ

395 3428 521 3484 νέου
551 3427 830 3491 Μωῦσέως
869 3428 1260 3498 ἐπετετήδευτο
1297 3430 1364 3482 τὸ
1391 3429 1682 3500 ἀγώνισμα
1707 3471 1723 3496 ,
1749 3429 1925 3494 οὕτως
1954 3430 1982 3483 ό

399 3519 499 3590 τῆς
533 3520 830 3592 ἱερωσύνης
876 3521 1054 3592 ἀστὴρ
1091 3520 1186 3574 καὶ
1233 3521 1332 3592 τῆς
1369 3522 1699 3592 οἰκουμένης
1736 3522 1984 3592 Νικηφό-

403 3627 497 3683 ρος
545 3612 738 3684 Πατὴρ
770 3612 877 3666 ὑπὸ
915 3613 1024 3666 τῶν
1058 3613 1150 3666 τοῦ
1195 3613 1422 3678 σκότους
1473 3614 1716 3684 εὑρετῶν
1764 3613 1983 3672 καὶτοῦ

413 3703 786 3774 Ἀντικρίστου
831 3703 1155 3774 προστατῶν
1207 3689 1324 3759 και
1353 3705 1680 3775 προδρόμων
1728 3705 1983 3776 ἡθέτητο.

403 3787 497 3858 Τῷ
519 3792 628 3859 γὰρ
654 3791 962 3862 διδασκάλῳ
997 3791 1155 3863 σιγὴν
1196 3793 1597 3864 ἀπειλήσαντες
1617 3833 1633 3856 ,
1667 3788 1779 3856 τοϊς
1851 3795 1988 3865 μηδὲ

411 3881 670 3949 μαθητῶν
715 3881 921 3952 βαθμὸν
961 3885 1208 3954 εἰληχόσι
1246 3885 1308 3936 το
1335 3885 1612 3941 διδάσκειν
1655 3884 1744 3936 ἐπ’
1786 3885 1987 3957 ἐκκλη-

410 3973 554 4035 σίαις
585 3975 992 4045 προτρέπουσι·
1023 3978 1121 4030 καὶ
1152 3977 1243 4028 τὸν
1273 3976 1367 4030 τοῦ
1407 3977 1567 4045 λόγου
1596 3977 1988 4050 χρυσόρειθρον

413 4064 658 4136 ποταμὸν
701 4065 843 4119 κατὰ
886 4065 1046 4134 λόγον
1101 4067 1368 4121 κωλύουσι
1419 4069 1718 4140 φέρεσθαι,
1761 4073 1873 4135 τοῖς
1930 4071 1986 4125 δὲ

412 4156 606 4228 βόθρον
641 4159 862 4222 ἑαυτοῖς
889 4159 1170 4223 ἀπωλείας
1208 4160 1454 4231 όρύξασι,
1487 4164 1582 4215 καὶ
1613 4161 1756 4234 ὕδωρ
1788 4163 1984 4232 σοφίας

401 4249 503 4304 οὐκ
530 4249 747 4321 ἔχουσιν
774 4251 1221 4323 ἐπιστημονικῶς
1246 4253 1344 4324 τὴν
1386 4255 1715 4326 Ἐκκλησίαν
1746 4256 1899 4324 ἄγειν
1922 4256 1985 4310 ού

402 4342 686 4414 φρίττουσι
713 4358 728 4373 ⁸
753 4343 843 4396 τὸν
873 4345 1136 4416 ἀρχιερέα
1158 4348 1254 4410 τῆς
1279 4347 1427 4414 ἱερᾶς
1455 4346 1674 4418 ἔχεσθαι
1704 4349 1986 4421 τραπέζης

401 4434 766 4504 ἀπείργουσι,
812 4437 906 4490 καὶ
950 4433 1034 4500 οἷς
1067 4437 1201 4507 μηδὲ
1247 4440 1326 4501 εἰς
1363 4433 1514 4493 οἷκον
1553 4439 1689 4493 Θεοῦ
1751 4441 1984 4494 εἰσιέναι

402 4526 625 4596 θεμιτδν
654 4527 723 4579 τὰ
753 4528 863 4581 τῶν
921 4529 1119 4597 Ἀγίων
1159 4531 1562 4604 ἑγχειρὲζουσιν
1606 4534 1809 4586 ἄδυταο
1857 4534 1986 4596 τοὺς

2095 3348 2387 3419 loquentiae
2427 3356 2707 3401 certamen
2756 3345 3019 3398 adversus
3072 3355 3271 3395 novum
3325 3337 3546 3409 Moysen
3586 3337 3672 3389 in-

2093 3449 2450 3504 struxerant;
2485 3439 2565 3494 sic
2619 3435 2914 3492 sacerdotii
2940 3434 3114 3498 sidus,
3151 3431 3410 3500 orbisque
3447 3427 3671 3483 Patrem

2094 3533 2457 3602 Nicephorum
2520 3528 2867 3583 tenebrarum
2939 3525 3257 3580 inventores
3310 3532 3474 3591 atque
3519 3521 3676 3574 Anti-

2093 3624 2286 3681 christi
2312 3636 2682 3691 przccursorcs
2709 3628 2760 3673 et
2792 3616 3007 3688 patroni
3033 3615 3348 3686 reprobant.
3372 3612 3668 3671 Silentium

2095 3730 2353 3784 namque,
2405 3713 2566 3767 minis
2627 3711 2850 3774 additis,
2887 3709 3150 3778 magistro
3195 3708 3522 3769 Indicentes,
3558 3720 3673 3767 cos,

2095 3807 2186 3878 qui
2249 3820 2349 3860 nec
2397 3803 2782 3874 discipulorum
2826 3800 3073 3855 ordinem
3116 3805 3462 3866 acceperant,
3496 3796 3546 3848 in
3579 3810 3673 3848 cc-

2098 3893 2280 3949 clesiis
2331 3894 2528 3946 docere
2565 3893 2869 3960 itttpcranl;
2902 3889 3282 3956 sermonisque
3313 3902 3377 3940 ac
3411 3886 3674 3938 doctrinzc

2097 4000 2322 4039 aureum
2363 3981 2559 4037 ﬂumen
2587 3981 2884 4036 secundum
2935 3980 3200 4032 rationem
3229 3976 3354 4030 ferri
3377 3975 3674 4048 prohiben-

2101 4085 2198 4139 tes,
2233 4089 2348 4139 eos,
2385 4073 2476 4143 qui
2533 4072 2741 4141 seipsos
2761 4068 3079 4140 perditionis
3110 4068 3255 4120 lacus
3305 4066 3574 4129 foderant,
3611 4083 3674 4120 ac

2096 4167 2293 4239 quibus
2321 4161 2600 4236 sapientiae
2618 4179 2756 4235 aqua
2783 4164 2990 4224 deerat,
3031 4160 3290 4216 Ecclesi:e
3329 4163 3676 4214 moderanda:

2097 4261 2374 4332 νηῆσαι-θ
2427 4273 2530 4312 non
2575 4261 2992 4313 exhorrescunt.
3050 4257 3428 4311 Venerandum
3492 4266 3673 4309 :ttttcm

2097 4352 2394 4406 antistitem
2448 4349 2622 4404 sacris
2651 4359 2860 4414 arcent,
2894 4359 2947 4402 et
2975 4363 3112 4419 quos
3163 4346 3316 4401 ncl'as
3352 4359 3471 4402 erat
3509 4349 3558 4400 in
3582 4345 3675 4399 Dei

2095 4446 2312 4498 domum
2347 4441 2427 4495 vel
2463 4441 2686 4506 intrare,
2723 4442 2788 4495 iis
2821 4441 3148 4496 Sanctorum
3179 4439 3483 4510 penetralia
3547 4457 3668 4494 cre-

2094 4533 2228 4588 dust
2268 4549 2282 4586 :
2332 4531 2588 4584 Ecclesia:
2649 4533 2933 4586 columnas
2979 4547 3085 4602 qua
3141 4531 3274 4586 libet
3315 4520 3568 4585 amovent
3611 4548 3677 4584 ae

402 4621 503 4690 τῆς
552 4619 878 4692 Ἐκκλησίας
913 4621 1137 4686 στύλους
1254 4623 1475 4678 δοκοῦσι
1528 4623 1818 4677 σαλεύουσι
1845 4667 1858 4690 ,
1891 4626 1980 4678 καὶ

2094 4625 2434 4687 concutiunt,
2458 4624 2684 4678 etvanis
2713 4635 2875 4695 atque
2905 4625 3250 4681 instabilibus
3293 4624 3502 4681 deliriis
3561 4625 3680 4680 suis

403 4711 733 4782 ἀντερείδειν
762 4714 876 4776 τοῖς
909 4713 1216 4784 ἀνεμιαίοις
1239 4715 1334 4768 καὶ
1355 4715 1454 4768 ἁστ
1467 4715 1616 4777 άτοις
1650 4714 1832 4770 αὐτῶν
1863 4715 1985 4768 ταύ-

404 4818 507 4875 την
542 4802 766 4858 αὐλοῦσι
796 4803 1103 4880 ληρήμασι.
1140 4803 1144 4808 ’

482 4980 510 5021 ἀ
544 4999 648 5038 ms.
685 4985 781 5040 ὡς.

480 5141 840 5216 (lin-Excidit
866 5158 897 5198 e
924 5142 1118 5216 Latina
1145 5145 1397 5199 versione
1434 5146 1682 5216 negatio;
1718 5156 1772 5200 ct
1816 5148 1986 5201 inter-

410 5214 702 5280 punctinne
739 5229 844 5267 non
881 5228 1026 5269 recta
1055 5214 1318 5270 distortus
1350 5217 1482 5270 mire
1518 5214 1737 5281 sensus,
1774 5219 1986 5272 videtur

409 5282 589 5356 clarus
621 5283 836 5356 futurus
867 5285 969 5338 hoc
999 5284 1157 5341 modo
1199 5303 1212 5339 :
1253 5303 1271 5337 t
1309 5285 1412 5351 Qui
1444 5297 1728 5355 postquam
1775 5289 1823 5342 ei
1865 5303 1984 5356 qua:

410 5368 474 5407 ex
508 5355 738 5429 adverso
766 5352 1009 5424 Byzantii
1036 5367 1120 5429 est
1146 5357 1361 5429 navium
1393 5352 1613 5429 stationi
1648 5374 1756 5413 non
1788 5352 1984 5429 sponte

411 5423 966 5497 appropinquassent,
1013 5427 1290 5497 mittentes
1331 5424 1622 5497 (nuntium
1662 5423 1871 5484 scilicet
1916 5432 1984 5485 dc

411 5492 646 5573 adventu
688 5509 808 5573 suo,
836 5496 922 5550 vel
967 5496 1218 5573 litteras)
1265 5492 1424 5573 inata
1466 5509 1731 5573 receptum
1775 5513 1980 5554 morem

412 5564 930 5643 archiprtesulisuo,
957 5568 1022 5621 ad
1051 5564 1226 5643 ipsum
1254 5564 1596 5636 trajiciebant
1623 5571 1776 5633 :sed,
1807 5579 1915 5624 etc.
1955 5587 1973 5620 ι

453 5634 546 5712 “(5)
589 5633 738 5712 llttrtc
764 5637 1035 5712 gigantem
1061 5633 1370 5712 fabulantur
1399 5650 1567 5712 pnetze
1602 5650 1817 5696 centum
1856 5656 1979 5712 tua-

415 5704 572 5782 nibus
601 5704 1105 5782 totidem'scopulos
1151 5709 1312 5782 simul
1360 5704 1412 5764 in
1443 5707 1629 5782 Jovem
1673 5710 1982 5764 intorsisse.

489 5776 555 5842 lj)
583 5792 599 5826 t
625 5776 1034 5848 Contemlebant
1069 5780 1122 5832 in
1144 5781 1429 5833 veritatem
1465 5797 1491 5832 a
1522 5779 1867 5842 Pentecoste.
1893 5781 1985 5848 qui

421 5841 686 5898 Joanttcm
747 5843 974 5918 llylilam
1033 5851 1398 5918 sequebantur
1447 5866 1770 5907 coacervare
1795 5841 1986 5917 labros,

2093 4733 2212 4771 eam
2247 4733 2308 4771 se
2333 4714 2646 4772 sulfulturos
2674 4716 3006 4785 gloriantur.

2093 5147 2236 5204 Iulio
2266 5164 2396 5204 vero
2440 5165 2632 5206 mense
2659 5151 2866 5206 socium
2923 5149 3288 5219 adiunxerunt
3354 5146 3674 5219 Antonium,

2092 5233 2147 5277 et
2179 5221 2438 5289 deinceps
2473 5224 2538 5276 ad
2570 5221 2916 5277 Decembrem
2947 5217 3221 5276 occultum
3246 5221 3528 5290 gerebant
3566 5217 3670 5290 do-

2093 5292 2223 5347 lum.
2255 5311 2272 5345 ι
2318 5286 2394 5345 ita
2427 5292 2478 5346 in
2509 5293 2820 5360 Appendice
2851 5291 3202 5358 Theotthanis
3223 5286 3316 5343 :‘in
3345 5303 3450 5356 qua
3473 5286 3681 5360 dicitur

2090 5361 2329 5417 Joannes
2360 5363 2522 5416 etiam
2555 5355 2961 5417 Grammaticus
2982 5355 3324 5420 .Pra’cursor
3348 5355 3397 5410 et
3448 5355 3681 5423 Adjutar

2091 5433 2297 5486 diaboli
2323 5433 2643 5502 appellatus,
2684 5433 2956 5487 Pancratii
3012 5432 3238 5502 Sciastae
3273 5426 3556 5502 filius,_cui
3590 5442 3682 5495 pa-
3716 5433 3720 5441 '

2089 5495 2448 5558 triarchatunt
2468 5502 2574 5556 Leo
2591 5495 2895 5556 addicebat.
2915 5501 3180 5555 Antonius
3195 5512 3343 5556 vero.
3362 5511 3425 5549 ex
3451 5495 3650 5549 lndima
3664 5526 3681 5535 -

2089 5575 2258 5641 gistro
2309 5574 2380 5627 ob
2437 5573 2665 5627 erimina
2707 5573 2916 5639 objecta
2961 5569 3259 5641 monachus
3308 5567 3505 5641 factus.
3545 5569 3678 5641 ‘deiu

2095 5636 2414 5711 prtepositns
2440 5644 2755 5696 tnmtnsterii
2777 5636 3205 5711 metropolitani,
3224 5636 3448 5711 tandem
3473 5636 3681 5711 cpisco-

2097 5707 2401 5785 pusSyim’.
2429 5716 2633 5785 Omitto
2651 5714 2784 5785 alios
2809 5712 2880 5785 ibi
2901 5707 3485 5785 relalt)s‘.__CmtsuIettdtt
3511 5709 3678 5762 clittttt

2097 5778 2227 5840 Acta
2361 5786 2554 5840 Nocte
2578 5778 3204 5848 ConfeszorisSAprilis.
