4158 6348
386 451 456 515 85

1907 455 1946 512 Υ
1960 455 2096 516 [ΤΑ.

3573 456 3648 521 86

390 566 652 630 σήμερον,
687 556 782 612 καὶ
808 552 896 612 οἷα
925 555 991 612 τά
1021 556 1142 611 κατ’
1177 558 1346 628 αὐτῆς
1380 559 1532 613 δεινά
1579 554 1932 629 μελετώμενα
1953 603 1966 622 ,

2086 575 2220 619 statu
2266 565 2586 631 Erilesiam,
2620 582 2726 638 quo
2765 581 2903 619 nunc
2944 566 3334 636 conspicimus,
3368 581 3430 621 ac
3467 567 3645 636 qualia

387 652 473 705 δτι
509 653 579 704 ὲκ
615 651 975 721 φαιδρότητος
1013 651 1072 704 τὸ
1103 653 1343 721 κατηφὲς
1387 652 1707 706 ὲπενδύεται
1737 694 1750 714 .
1795 654 1877 706 ὅτι
1908 657 1970 708 ἐκ

395 743 614 814 βαθείας
646 744 870 814 εἰρήνης
901 743 1036 814 πρὸς
1067 744 1286 807 στάσεις
1312 745 1594 812 ἐπείγεται
1618 790 1631 810 ,
1659 746 1739 799 ὅτι
1765 748 1972 812 πάντας

395 835 731 906 ἑκουσιότητι
759 834 941 904 τελείᾳ
984 836 1353 906 ποιμαίνοντα
1379 877 1394 900 ,
1426 835 1689 890 ἀκουσίαν
1710 838 1972 908 ἁρπαγὴν

393 924 501 977 τῶν
565 925 1011 996 ποιμαινομένων
1088 927 1421 996 ὑφίσταται,
1484 928 1570 981 ὅτι
1638 929 1771 980 πᾶσι
1839 931 1971 998 ὀμο-

393 1019 692 1086 γνωμονεῖν
734 1017 1122 1087 ἐπιτρέπουσα,
1156 1019 1432 1089 διαψύροις
1469 1018 1650 1084 δόξαις
1679 1019 1970 1085 διίσταται,

393 1106 460 1179 ἢν
474 1111 502 1162 6
521 1107 755 1179 Χριστὸς
777 1107 852 1178 τῷ
877 1110 992 1179 ἰδίῳ
1016 1113 1438 1182 περιεποιήσατο
1454 1111 1670 1182 αἵματι,
1685 1113 1752 1184 ἢν
1775 1113 1974 1176 παντὸς

397 1201 600 1272 μύσους
631 1203 726 1256 καὶ
757 1203 972 1272 κηλίδος
1003 1205 1308 1274 τετήρηκεν
1346 1204 1598 1276 ἄμωμον,
1626 1204 1694 1274 ήν
1738 1204 1973 1258 ἀποστὸ-

395 1295 648 1365 λοιςηκα).
679 1296 1016 1366 προφήταις,
1039 1296 1135 1349 καὶ
1165 1296 1428 1368 μάρτυσι,
1460 1297 1556 1348 καὶ
1591 1297 1724 1370 πᾶσι
1749 1296 1975 1350 δικαίων

398 1387 675 1456 πνεύμασι
710 1389 1138 1458 περιστοιχήσας
1182 1389 1602 1459 τετειχισμένην
1655 1387 1853 1452 ἔδειξεν
1900 1387 1977 1452 ὼς

398 1479 751 1548 παράδεισον.
799 1479 937 1531 Νυνὶ
989 1479 1045 1532 δὲ
1093 1479 1268 1533 ταῦτα
1326 1479 1595 1550 βλέπομεν
1637 1480 1974 1552 πάσχουσαν,

398 1571 504 1624 ὑπὸ
534 1571 642 1626 τῶν
669 1571 731 1625 τὸ
756 1572 937 1625 δοκεῖν
967 1573 1201 1643 ἑχόντων
1230 1572 1399 1645 ήμιίτε
1411 1589 1521 1643 ρον,
1550 1572 1610 1625 τὸ
1633 1571 1690 1625 δὲ
1717 1569 1854 1626 εἷναι
1882 1573 1979 1626 καὶ

398 1661 517 1716 λίαν
553 1664 875 1736 ἀλλοτρίων,
909 1666 1011 1719 ὅσα
1041 1668 1135 1720 καὶ
1164 1665 1296 1737 παρ’
1336 1666 1546 1737 ἐχθρῶν
1575 1669 1766 1720 παθεῖν
1804 1667 1976 1719 ἀπευ-

399 1756 628 1827 χόμεθα.
657 1758 908 1829 Σήμερον
935 1757 1045 1827 γάρ
1072 1761 1139 1829 τῇ
1167 1757 1262 1811 τοῦ
1296 1758 1535 1828 Χριστοῦ
1562 1757 1732 1811 εἰκόνι
1758 1775 1979 1812 συνατιε

2075 658 2126 710 iu
2165 673 2282 712 eam
2319 658 2456 711 mala
2485 658 2760 714 cuduntur
2783 677 2796 712 :
2823 661 3092 730 quomodo
3118 674 3310 730 nempe
3339 675 3437 724 pro
3463 660 3644 716 ketitla

2075 749 2390 804 intestitiam
2416 750 2621 813 induat,
2649 759 2810 820 atque
2829 766 2894 805 ex
2929 750 3036 806 alta
3074 765 3202 820 pace
3235 752 3287 806 in
3316 751 3643 805 discordiam

2075 844 2293 903 ten-.lat;
2322 859 2443 912 quae
2481 858 2672 898 omnes
2715 853 3045 912 spontaneos
3095 843 3334 912 perfecte
3391 859 3644 913 pascens,

2075 935 2367 989 violentam
2393 935 2574 988 ovium
2600 951 2821 990 snarttm
2849 938 3090 1004 rapinam
3125 937 3346 1006 patitur,
3364 944 3418 990 et
3441 936 3506 989 ad
3529 953 3648 989 con-

2073 1024 2312 1079 cordiam
2346 1026 2628 1080 universos
2653 1026 2876 1081 hortans
2904 1025 2957 1079 in
2975 1026 3217 1081 diversas
3243 1026 3512 1081 scinditur
3533 1027 3647 1095 opi-

2076 1119 2284 1172 niones.
2311 1117 2406 1185 Ea,
2439 1118 2681 1187 inquam,
2711 1117 2971 1184 Ecclesia,
2999 1134 3160 1189 quam
3194 1117 3444 1173 Christus
3473 1120 3651 1188 arqui-

2075 1208 2203 1262 sivit
2225 1209 2487 1279 sanguine
2513 1211 2760 1278 proprio;
2791 1224 2950 1278 quam
2973 1209 3149 1263 ornuis
3173 1207 3309 1263 labis
3331 1218 3380 1262 et
3409 1209 3651 1264 criminis
3687 1197 3691 1202 ’

2074 1314 2263 1370 puram
2301 1300 2571 1365 servavit;
2598 1316 2760 1369 quant
2785 1300 3065 1370 apostolis,
3108 1300 3411 1370 prophetis,
3444 1310 3651 1370 marty-

2077 1394 2247 1456 ribus.
2280 1394 2601 1462 cunctisque
2631 1394 2904 1470 iustorum
2926 1394 3210 1465 spiritibus
3239 1393 3472 1457 vallsus.
3509 1394 3653 1446 velut
3680 1389 3689 1400 '

2077 1485 2387 1556 paradisum
2445 1487 2613 1540 muris
2675 1485 2921 1541 clausum
2975 1486 3233 1540 ostendit.
3297 1482 3449 1540 Nunc
3520 1500 3652 1539 vero

2078 1592 2195 1634 eam
2221 1579 2332 1648 pati
2367 1579 2608 1632 videmus
2633 1593 2820 1634 eorum
2847 1577 3166 1643 molitione,
3190 1579 3280 1647 qui
3306 1578 3489 1647 specie
3531 1579 3652 1646 qui-

2077 1665 2198 1722 dem
2239 1667 2410 1722 nostri
2458 1677 2603 1733 sunt,
2642 1683 2701 1723 re
2758 1679 2938 1724 autem
2993 1668 3105 1739 ipsa
3167 1668 3322 1722 valde
3380 1668 3543 1722 alieni
3585 1681 3647 1722 ea

2080 1755 2386 1828 designant,
2422 1772 2544 1826 quae
2577 1757 2644 1811 ab
2685 1755 2935 1812 hostibus
2977 1772 3192 1826 quoque
3227 1755 3338 1825 pati
3393 1756 3650 1825 depreca-

405 1849 598 1916 μοῦται
630 1851 726 1901 καὶ
756 1850 816 1901 τὸ
858 1850 1184 1919 ἀρχέτυπον,
1232 1850 1344 1919 εῐγε
1389 1850 1551 1920 ήτῆς
1598 1849 1804 1913 εἰκόνος
1844 1847 1978 1921 τιμὴ

2086 1862 2223 1901 mur.
2275 1845 2432 1902 Modo
2481 1863 2712 1916 namque
2747 1863 2812 1902 eo
2867 1847 3098 1902 adducta
3159 1863 3248 1901 res
3295 1855 3399 1911 est,
3435 1857 3492 1899 ut
3528 1862 3648 1898 nun

407 1938 498 1989 ἐπὶ
523 1937 586 1988 τὸ
625 1939 981 2007 πρωτότυπον
1014 1940 1301 1994 διαϐαίνει.
1339 1941 1591 2011 Σήμερον
1645 1943 1679 2012 ὴ
1712 1940 1978 1996 ἀνέκαθεν

403 2029 471 2096 τῇ
507 2027 800 2098 Ἐκκλησία
822 2031 910 2082 διά
934 2030 1093 2097 λόγου
1117 2033 1210 2083 καὶ
1233 2032 1564 2100 γράμματος
1582 2031 1981 2102 σκδντηρηθεῖσα

406 2118 738 2187 παράδοσις,
806 2122 1050 2192 ἐκκοπὴν
1113 2121 1206 2174 καὶ
1276 2121 1489 2175 παῦλαν
1543 2123 1671 2176 ὅσον
1723 2123 1815 2175 ἐπὶ
1870 2125 1983 2187 τοῖς

407 2210 622 2280 ἐχθροῖς
669 2210 767 2279 τῆς
802 2211 1065 2280 ἀληθείας
1093 2213 1396 2281 λαμϐάνει,
1439 2216 1533 2266 καὶ
1579 2214 1877 2284 παράδοσιν
1916 2213 1985 2283 ἢν

402 2300 506 2352 οὐκ
534 2299 770 2369 ἤκουσεν
787 2300 1128 2364 ὲνωτίζεται.
1165 2302 1326 2354 Ἀλλὰ
1358 2301 1432 2374 μὴ
1467 2302 1591 2374 ὶδεῖ]
1622 2302 1994 2356 καταπίπτειν.

400 2393 522 2453 ταῖς
549 2391 774 2443 ἐκείνων
813 2391 1093 2457 ἀπειλαῖς,
1126 2393 1260 2461 μηδὲ
1293 2393 1573 2464 ύποχαλᾷν
1615 2410 1666 2447 τι
1712 2395 1810 2455 τῆς
1858 2409 1988 2463 προ-

401 2481 626 2551 θυμίας,
658 2482 860 2550 μᾶλλον
893 2483 994 2552 μὲν
1015 2480 1108 2536 οὖν
1144 2483 1240 2537 καὶ
1264 2483 1660 2549 διανίστασθαι,
1691 2485 1815 2538 ὅσον
1847 2485 1989 2554 μετά

403 2573 721 2642 συμμαχίας
759 2573 788 2625 6
828 2573 1085 2643 πόλεμος·
1122 2574 1332 2626 ἐοίκασι
1362 2574 1468 2644 γὰρ
1518 2574 1568 2627 οἱ
1597 2575 1696 2642 τῆς
1727 2574 1986 2642 ἀληθείας

401 2663 588 2734 ἐχθροὶ
615 2665 726 2727 τοῖς
751 2662 1100 2734 φιλοπονοῦσι
1127 2666 1235 2717 τῶν
1262 2663 1521 2734 ποταμῶν
1539 2665 1664 2727 τοὺς
1693 2664 1982 2732 ῥαγδαίους

405 2755 662 2817 ἐναντίως
691 2754 768 2826 τῷ
799 2758 1032 2827 ῥεύματι
1062 2755 1441 2824 διανήξασθαι.
1487 2756 1716 2809 Ἐκεῖνοι
1756 2757 1862 2826 γάρ
1890 2756 1985 2809 ἐπὶ

407 2844 476 2896 τὰ
500 2844 688 2912 πρόσω
729 2849 928 2916 χωρεῖν
973 2845 1343 2915 ἁμιλλώμενοι
1390 2846 1467 2916 τῷ
1498 2846 1750 2916 ποταμῷ,
1781 2847 1874 2900 καὶ
1909 2845 1985 2918 μὴ

412 2934 655 3000 θέλοντες
686 2937 1139 3007 συναπέρχονται·
1185 2932 1330 2991 οὗτοί
1360 2955 1418 2990 τε
1454 2939 1622 3008 μυρία
1661 2939 1781 2992 κατ’
1815 2938 1984 3007 αὐτῆς

412 3028 823 3102 φλυαρήσαντες
851 3031 1036 3104 ἐκείνῃ
1059 3032 1152 3083 καὶ
1174 3031 1397 3094 ἄκοντές
1419 3034 1554 3084 εἰσιν
1581 3031 1982 3101 ὁμογνώμονες.

409 3120 882 3190 Ἀκαταγώνιστον
927 3122 1037 3192 γὰρ
1072 3126 1303 3193 πρᾶγμα
1333 3123 1427 3175 καὶ
1482 3123 1658 3175 πάντα
1688 3123 1984 3191 δυνάμενον

411 3201 444 3282 ἡ
477 3211 725 3283 ἀλήθεια,
758 3213 850 3305 καὶ
886 3213 1131 3284 μεγάλην
1161 3215 1258 3285 τήν
1286 3215 1458 3286 ῥοπὴν
1503 3215 1586 3283 ἐφ’
1618 3214 1853 3286 ἑκατέρᾳ
1883 3233 1983 3285 χα-
2011 3243 2056 3305 c

415 3305 717 3374 ριζόμενον.
765 3299 888 3358 Οῐδε
929 3303 1231 3373 στεφανοῦν
1280 3307 1338 3358 ὲν
1385 3306 1604 3373 ἑκάστῳ
1650 3305 1982 3376 τιμώμενον,

409 3391 516 3449 οἶδε
547 3395 863 3468 χειροῦσθαι
894 3399 1172 3468 πανταχοῦ
1205 3398 1638 3468 πολεμούμενον.
1669 3400 1824 3454 Μετά
1854 3399 1987 3454 ταύὲ-

409 3501 510 3557 της
541 3488 638 3541 καὶ
687 3489 716 3542 ὁ
747 3488 980 3552 ἄνοπλος
1022 3490 1290 3560 ἄτρωτος,
1337 3491 1465 3544 ἄνευ
1499 3491 1557 3544 δὲ
1607 3492 1808 3563 ταύτης
1847 3494 1938 3546 καὶ
1962 3494 1991 3547 6

411 3578 638 3648 ὁπλίτης
677 3579 970 3642 εὐάλωτος.
1015 3581 1313 3651 Μάρτυρες
1346 3580 1402 3634 δὲ
1443 3580 1553 3632 τῶν
1587 3581 1891 3650 εἰρημένων
1943 3583 1992 3635 οἱ

413 3671 549 3740 πρὸς
595 3670 692 3732 οὓς
737 3672 868 3740 ἡμῖν
915 3673 944 3724 6
983 3671 1162 3739 λόγος·
1217 3671 1368 3724 οὐδὲν
1427 3671 1536 3739 γάρ
1588 3671 1684 3739 τῆς
1735 3671 1992 3739 ἀληθείας

417 3761 699 3829 φροντίσαι
727 3763 1138 3827 σπουδάζοντες,
1174 3764 1270 3816 καὶ
1313 3763 1494 3824 αὐτοῖς
1523 3764 1635 3824 τοῖς
1664 3763 1732 3814 τά
1753 3765 1991 3830 στοιχεῖα

419 3848 829 3918 παιδευομένοις
855 3852 1112 3918 γεγόνασι
1146 3853 1394 3918 παίγνια,
1429 3851 1584 3903 αὐτοὶ
1619 3852 1830 3913 ἑαυτοῖς
1858 3852 1993 3922 πρὸς

420 3939 732 4007 ἀντιλογίαν
763 3942 1059 4011 ἀρκοῦντες
1084 3981 1099 4004 ,
1154 3943 1249 3995 καλ⁸
1279 3941 1386 3994 τῶν
1421 3939 1634 3995 οἰκείων
1683 3944 1823 3996 κατά
1867 3943 1992 4006 τοὺς

423 4031 786 4099 μαινομένους
819 4030 1040 4101 σαρκῶν
1078 4031 1503 4102 ἐμφορούμενοι.

420 4133 531 4175 sua
593 4123 848 4177 collineat

2082 1935 2318 2007 imagine
2379 1948 2541 2007 atque
2587 1938 2754 2006 figura
2799 1937 3079 2006 exemplar
3129 1952 3342 2006 quoque
3388 1935 3653 1990 aﬂiciatur

2084 2029 2329 2100 probro:
2373 2028 2417 2081 si
2463 2029 2682 2098 quidem
2741 2030 2914 2082 honor
2955 2028 3204 2096 imaginis
3265 2027 3330 2078 ad
3378 2026 3653 2093 t-xemplar

2085 2121 2352 2175 ascendit.
2389 2120 2584 2183 llo.lie,
2613 2135 2730 2188 qua:
2766 2121 2877 2188 jam
2909 2121 3034 2172 inde
3079 2135 3106 2172 a
3143 2121 3332 2188 primis
3390 2119 3652 2186 tempori-

2087 2209 2188 2263 bus
2232 2208 2396 2263 verbo
2437 2224 2500 2263 ac
2548 2209 2754 2278 scripto
2798 2208 2971 2262 fuerat
3028 2219 3345 2261 conserVata
3404 2207 3654 2261 ΕρυΙιτεὶιιι

2090 2299 2694 2364 ιτιιιίἰιίο,,ειεεὶιιιίἱιιιι·
2735 2305 2896 2368 atque
2939 2298 3188 2352 aboletur
3235 2298 3398 2366 (quod
3451 2298 3657 2356 scilicet

2089 2391 2154 2444 ad
2195 2391 2436 2444 veritatis
2483 2391 2730 2445 inimicos
2777 2389 3018 2459 attinet),
3066 2389 3416 2458 inauditaque
3470 2390 3656 2446 hacte-

2089 2499 2189 2538 nus
2221 2483 2510 2538 traditione
2535 2483 2851 2538 imbuuntur
2880 2481 3082 2537 ﬁdeles.
3117 2479 3190 2536 Ne
3219 2492 3420 2546 autem,
3448 2499 3654 2551 quaeso,

2087 2574 2470 2642 tlespondea-tis
2541 2574 2782 2628 animum
2843 2573 3057 2627 illorum
3125 2574 3286 2628 minis
3338 2573 3652 2640 terreiscti,

2089 2679 2262 2734 neque
2293 2663 2498 2734 aliquid
2534 2665 2598 2718 tle
2637 2673 2818 2718 \estra
2848 2663 3133 2718 alacritate
3168 2664 3495 2729 remittatis;
3527 2680 3655 2732 qum

2086 2759 2266 2828 potius
2299 2756 2616 2811 excitamini
2649 2771 2736 2819 eo,
2759 2770 2868 2828 quo
2896 2771 3002 2810 ιιοιι
3049 2757 3257 2812 carebit
3293 2757 3394 2810 hoc
3434 2757 3654 2820 bellum,

2085 2849 2308 2903 auxilio.
2344 2846 2498 2902 llaud
2543 2849 2686 2902 enim
2729 2846 2889 2902 aliter
2919 2848 3098 2918 agitur
3134 2863 3255 2900 cum
3299 2847 3546 2902 hostibus
3572 2864 3659 2901 vc-

2088 2940 2262 2994 ritatis
2295 2955 2455 3009 quam
2495 2954 2618 2993 cum
2670 2937 2757 3002 iis,
2791 2939 2882 3007 qui
2944 2949 3130 2994 contra
3194 2938 3657 3005 rapidissimorum

2085 3030 2363 3086 ﬂuuiinnm
2394 3046 2613 3086 cursum
2667 3039 2854 3085 natare
2893 3040 3100 3084 tentant
3134 3047 3148 3084 :
3181 3046 3302 3085 nam
3337 3039 3394 3084 ιιι
3426 3030 3500 3084 illi
3534 3033 3653 3082 dum

2088 3125 2357 3194 progressi
2405 3139 2619 3178 sursum
2705 3123 3024 3189 enituntur,
3092 3122 3246 3176 inviti
3303 3123 3468 3175 etiam
3536 3122 3652 3189 ipso

2087 3229 2348 3282 aquarum
2378 3214 2578 3284 impetu
2618 3214 2902 3283 rapiuntur
2927 3213 3216 3279 deorsum;
3245 3215 3324 3268 sic
3353 3214 3403 3267 bi
3433 3227 3664 3267 sext-e-

2089 3313 2172 3358 tas
2223 3305 2484 3358 adversus
2540 3305 2823 3357 veritatem
2871 3319 3039 3374 nugas
3083 3303 3394 3364 commenti,
3427 3305 3492 3355 ad
3546 3301 3663 3370 ejus

2086 3397 2428 3452 concordiam
2473 3396 2554 3450 vel
2616 3396 2772 3450 inviti
2855 3397 3164 3451 tralmutnr.
3236 3394 3448 3449 Veritas
3517 3395 3662 3448 enim

2087 3504 2174 3544 res
2197 3498 2279 3543 est
2310 3487 2767 3558 inexpugnabilis,
2799 3501 3023 3555 qumque
3049 3484 3114 3540 ad
3143 3486 3323 3540 omnia
3383 3485 3576 3549 valeat,
3610 3494 3664 3536 et

2090 3573 2386 3636 maximum
2445 3581 2497 3633 in
2529 3589 2815 3648 utramque
2851 3591 3057 3648 partem
3089 3587 3418 3632 momentmn
3453 3574 3661 3628 ιιίΐιϊιιι.

2098 3671 2279 3738 Novit,
2303 3687 2426 3727 cum
2461 3671 2783 3734 honoratur,
2823 3685 3088 3724 coronare
3117 3685 3130 3734 ;
3159 3669 3306 3721 novit
3335 3682 3660 3735 expugnare.

2100 3779 2219 3817 cum
2257 3763 2396 3818 bello
2428 3764 2650 3831 petitur.
2685 3760 2800 3816 Hac
2833 3761 3031 3815 comite
3066 3761 3244 3812 vincat
3276 3760 3320 3810 is
3351 3758 3540 3819 etiam,
3575 3757 3664 3826 ιιιιὶ

2099 3853 2256 3908 nullis
2297 3854 2466 3907 armis
2504 3854 2801 3908 instructus
2855 3862 2976 3914 est;
3030 3851 3115 3904 sin
3155 3859 3335 3903 autem
3381 3850 3492 3900 lucc
3534 3849 3666 3899 deti-

2097 3944 2228 4010 ciat,
2263 3944 2427 3998 etiam
2453 3943 2836 4014 cataphractus
2876 3942 3033 3996 miles
3081 3941 3237 3994 facile
3273 3941 3471 4010 poterit
3499 3954 3667 4005 expu-

2098 4035 2275 4102 gnari.
2309 4034 2504 4089 Testes
2538 4035 2808 4088 dictorum
2859 4033 2895 4087 ii
2927 4033 3052 4103 ipsi,
3097 4032 3150 4086 in
3186 4047 3322 4100 quos
3358 4031 3535 4084 oratio
3573 4046 3668 4082 uo-

919 4142 933 4178 :
980 4125 1180 4178 nullam
1232 4127 1378 4180 enim
1439 4128 1686 4181 veritatis
1757 4127 2022 4182 rationem
2061 4130 2348 4192 habentes,
2403 4129 2501 4199 ipsi
2541 4145 2756 4199 quoque
2822 4128 3108 4184 tirunculis
3192 4138 3352 4196 atque
3399 4129 3665 4179 elementa

417 4218 750 4272 discentibus
771 4217 893 4274 facti
915 4228 1041 4274 sunt
1071 4219 1283 4275 ridiculi
1315 4237 1330 4274 :
1358 4222 1483 4275 dum
1505 4236 1696 4291 nempe
1724 4223 1825 4277 sibi
1859 4223 1989 4292 ipsis
2035 4225 2100 4279 ad
2126 4225 2615 4281 contradictionem
2653 4225 2787 4278 satis
2832 4233 2978 4288 sunt,
3046 4224 3262 4292 suisque
3323 4239 3378 4277 se
3409 4223 3666 4275 carnibus

417 4324 566 4364 more
600 4309 912 4365 insanorum
943 4311 1278 4383 ingurgitaut
1305 4312 1388 4383 (Ι).

487 4421 562 4493 μ’.
599 4421 837 4482 Τοιαῦτα
884 4425 1067 4479 τοίνυν
1111 4426 1486 4498 ὑποτροχάδην
1523 4428 1830 4499 ἀγορεύσας
1852 4473 1866 4496 ,
1896 4429 1990 4483 καλ¹

2167 4424 2254 4479 40.
2284 4423 2410 4481 llaec
2441 4424 2656 4479 concita
2689 4425 2942 4480 oratione
2973 4425 3185 4479 locutus
3220 4439 3434 4478 saermn
3476 4424 3666 4477 huuie-

413 4512 475 4569 τὸ
516 4513 660 4584 ἱερὸν
697 4514 860 4586 ῥάκος
896 4516 1128 4570 ἐπὶτῶν
1171 4515 1338 4587 ὤμων
1383 4519 1650 4589 περιθεὶς,
1699 4519 1795 4591 τὴν
1833 4518 1984 4590 βασι-

2097 4520 2172 4573 ris
2229 4517 2486 4586 imposuit
2533 4518 2756 4587 pallium
2830 4517 2949 4587 (ru),
3013 4517 3377 4585 universeque
3431 4517 3665 4584 stipante

415 4604 548 4667 λὲως
571 4605 740 4676 αὐλήν
777 4607 874 4661 σὺν
905 4608 1073 4692 παντὶ
1101 4607 1180 4680 τῷ
1216 4609 1318 4679 τῆςΔ
1353 4609 1678 4680 Ἑκκλησίας
1708 4612 1993 4681 καταλαμ-

416 4694 569 4748 ϐάνει
603 4695 962 4768 πληρώματι·
996 4697 1054 4757 ὃν
1080 4698 1179 4769 ούχ
1198 4697 1272 4762 ὡς
1303 4697 1484 4756 εἰώθει
1518 4700 1662 4771 χειρὶ
1691 4700 1786 4754 καὶ
1812 4703 1992 4757 ἀσπα-

420 4784 542 4855 σμῴ
580 4785 833 4855 βασιλεὺς
877 4787 1268 4859 προσεδέχετο,
1309 4791 1631 4861 τεκμηρίοις
1681 4788 1832 4846 οὖσιν
1864 4793 1995 4847 εἰλι-

421 4873 636 4944 κρινοῦς
670 4873 992 4941 διαθέσεως,
1025 4875 1159 4929 ἀλλά
1199 4875 1522 4947 διάστροφόν
1558 4895 1611 4932 τι
1641 4878 1736 4932 καὶ
1765 4881 1990 4949 μανικὸν

492 5075 556 5143 (1)
578 5073 632 5128 In
681 5074 822 5130 dicta
853 5075 1160 5146 Appendice
1198 5093 1213 5129 :
1262 5093 1280 5126 ι
1322 5073 1380 5146 S.
1413 5073 1746 5145 Nicephorus
1773 5076 1839 5130 ad
1869 5092 1988 5131 om-

420 5159 516 5199 nes
540 5147 700 5215 istum
731 5160 1036 5199 sermonem
1072 5147 1254 5215 dirigit
1283 5164 1298 5202 :
1325 5145 1460 5200 Num
1519 5146 1726 5201 habetis
1757 5147 1983 5214 aliquid,

421 5214 560 5281 quod
588 5216 768 5283 verbis
795 5215 910 5270 istis
937 5214 1299 5283 exprimatur,
1337 5216 1573 5270 fratres?
1596 5215 1986 5272 Exclamavere

420 5299 608 5337 names
638 5301 649 5334 :
681 5282 960 5350 Novimns,
998 5282 1049 5339 et
1077 5286 1207 5340 certi
1240 5300 1427 5340 sumus
1455 5302 1636 5340 veram
1665 5301 1788 5340 esse
1819 5287 1978 5341 {idem

423 5364 686 5425 nostram,
719 5355 769 5406 in
805 5354 909 5425 hac
963 5356 1226 5409 morimur
1261 5357 1564 5411 ontnes.Ad
1594 5356 1716 5411 illos
1751 5358 1982 5425 patriar-

420 5423 552 5478 cha:
576 5420 852 5495 Superest,
890 5423 1108 5491 fratres,
1130 5435 1186 5480 ut
1216 5427 1515 5481 concordes
1548 5420 1973 5495 perseverantis,

420 5505 475 5547 et
509 5494 706 5546 animis
736 5495 1005 5562 conjuncti
1043 5496 1142 5549 hac
1183 5499 1236 5550 in
1254 5494 1596 5550 confessione
1628 5497 1832 5564 absque
1864 5498 1976 5550 dis-

420 5579 580 5635 sensu
643 5578 1069 5621 remaneamus:
1129 5577 1186 5618 ut
1234 5568 1478 5622 adversm
1527 5569 1698 5635 partis
1731 5567 1977 5620 homines

418 5633 635 5706 nullum
681 5636 969 5702 reperiant,
1000 5651 1165 5706 quem
1212 5646 1466 5706 Separent
1516 5633 1543 5690 εἰ
1596 5637 1770 5700 nobis,
1803 5653 1901 5690 nec
1925 5637 1976 5689 id

419 5701 638 5772 exsequi
676 5701 934 5776 ﬂvaleant.
970 5701 1155 5759 Gratia
1211 5701 1356 5761 enim
1403 5706 1601 5761 Christi
1649 5707 1831 5776 plures
1875 5706 1980 5760 illis

420 5789 626 5828 sanius.
674 5773 754 5825 llli
807 5789 993 5828 rursus
1041 5792 1160 5829 cum
1223 5779 1459 5834 clamore
1511 5773 1860 5830 lirtnavernut
1913 5778 1978 5828 ad

423 5855 645 5898 mortem
673 5859 842 5912 usque
873 5845 1166 5900 obstituros
1203 5859 1253 5901 ct
1283 5863 1378 5916 pro
1412 5847 1646 5900 Ecclesia
1699 5846 1986 5901 dimicatu-

2092 4607 2349 4664 Ecclesize
2401 4616 2568 4670 casta,
2598 4607 2774 4660 aulam
2830 4606 2990 4675 petiit
3018 4606 3390 4674 imperatoris.
3429 4605 3520 4658 Ille
3558 4622 3664 4656 non

2092 4711 2190 4766 pro
2217 4711 2303 4760 eo,
2329 4704 2386 4748 ut
2439 4695 2605 4748 moris
2640 4705 2786 4758 erat,
2815 4693 2993 4748 oblata
3052 4709 3210 4746 manu
3267 4703 3428 4760 atque
3456 4692 3662 4751 nsi-nlo.

2091 4788 2256 4843 certis
2291 4787 2544 4841 nimirum
2565 4801 2703 4839 vera:
2733 4785 2985 4840 amicitiae
3036 4785 3270 4848 iudiciis,
3301 4787 3474 4838 virum
3509 4784 3666 4836 cxi-i-

2097 4880 2172 4949 pit
2194 4896 2214 4944 ;,
2245 4879 2338 4934 sed
2376 4888 2586 4934 torvum
2621 4878 2748 4948 quid
2781 4889 2942 4948 atque
2970 4877 3204 4931 furorem
3235 4876 3408 4931 oculis
3437 4887 3665 4944 praeten-

2093 5093 2201 5148 ros.
2225 5077 2592 5148 appositisque
2614 5077 2865 5148 crucibus
2891 5077 2958 5132 ad
2981 5076 3433 5148 subscriptiones,
3451 5074 3666 5143 scriptis

2091 5147 2196 5203 sibi
2229 5146 2456 5221 invicem
2489 5146 2646 5202 tidem
2706 5147 2882 5202 fecere
2907 5162 3182 5221 nunquam
3201 5146 3279 5202 ab
3323 5146 3554 5200 invicem
3605 5159 3665 5198 se

2085 5217 2438 5293 separandos.
2480 5236 2496 5268 ι
2528 5287 2550 5293 μ
2753 5289 2764 5293 _
2790 5286 2800 5293 _
2991 5287 3022 5293 _
3042 5217 3057 5221 ἡ
3257 5286 3277 5293 _
3517 5292 3520 5293 ν
3582 5281 3592 5293 .

2159 5291 2254 5360 (m)
2285 5286 2490 5360 Isidoro
2525 5287 2679 5355 ἆγιον
2739 5286 2948 5357 ῥάκιον.
2988 5287 3226 5360 Saecns_
3253 5286 3392 5360 forte
3435 5292 3528 5336 aut
3582 5286 3666 5337 in-

2088 5356 2241 5429 signe
2264 5428 2272 5429 ί
2295 5359 2678 5425 patriarcbale,
2722 5356 2831 5427 quo
2875 5359 3158 5429 angustior
3196 5356 3288 5429 Dei
3325 5367 3546 5429 causam
3574 5368 3668 5408 co-

2087 5421 2204 5499 ra‘in
2262 5421 2916 5499 binrr-tieomiinperatore
2949 5421 3172 5499 “ageret.
3235 5421 3332 5499 l‘ta'
3366 5424 3453 5499 hic
3507 5421 3669 5499 (ροιιι-

2085 5497 2238 5554 beﬂs.
2284 5515 2297 5552 :
2332 5515 2428 5551 nos
2458 5493 2683 5566 pallium
2719 5493 3104 5561 vertimusfex
3149 5495 3381 5550 Latinae.
3415 5493 3668 5549 Ecclesia:

2087 5585 2184 5623 usu
2232 5585 2245 5621 :
2298 5570 2384 5622 cui
2454 5567 2743 5638 respondet.
2778 5567 2994 5638 isimilis
3046 5566 3235 5621 formae
3275 5580 3515 5638 pannus,
3574 5569 3668 5638 sed

2089 5639 2259 5693 multo
2306 5652 2467 5706 quam.
2519 5635 2725 5692 [Latinis
2776 5636 2933 5706 latior
2976 5645 3030 5706 et
3075 5649 3208 5706 pene
3247 5635 3312 5706 ad
3361 5635 3521 5706 pedes
3572 5636 3672 5689 de-

2090 5710 2280 5772 ﬂuens,
2328 5705 2379 5762 in
2417 5708 2622 5764 Grtecis
2663 5705 3107 5777 patriarchalium
3144 5705 3437 5777 imaginum
3481 5705 3670 5761 lorinis

2093 5778 2530 5850 conspiciendus.

2059 5916 2090 5930 φ

3696 809 3704 850 t'
