4158 6348
528 359 586 421 Sil
1518 367 1576 424 S.
1614 365 2031 427 NICEPHORI
2070 365 2574 426 PATRIARCHJE
2602 366 2708 427 ΟΡ.
3719 375 3795 437 92

533 468 697 530 laute,
729 472 870 540 quod
907 471 1060 526 vobis
1098 472 1454 527 od‘ensionem
1506 475 1656 538 fecit,
1688 475 1904 544 penitus
1951 489 2104 529 amo-

2205 474 2297 529 τοῦ
2333 474 2652 544 Πνεύματος
2699 474 2953 543 συζητεῖν
2992 477 3095 531 ούκ
3142 478 3438 546 ἀναγκαῖον
3487 481 3793 549 τιθέμεθα,

535 575 778 616 Venulus.
843 561 916 617 Os
945 573 1122 618 autem
1181 565 1412 631 aperire,
1447 574 1609 635 atque
1666 580 1728 620 ea
1795 579 1916 635 quae
1975 574 2107 620 sunt

538 653 794 720 Spiritus,
819 671 941 709 cum
973 658 1059 721 iis,
1080 658 1168 726 qui
1202 674 1230 711 a
1256 656 1462 726 Spiritu
1497 657 1657 712 alieni
1680 668 1825 726 sunt,
1854 657 2108 713 conferre

535 760 698 818 atque
729 751 779 804 in
833 751 1254 819 disputationem
1298 767 1520 821 vocare,
1555 754 1696 807 haud
1751 767 1934 822 operae
1978 766 2106 822 pre-

538 839 668 891 tium
700 856 820 894 esse
855 841 1122 908 ducimus,
1147 858 1470 913 quacunque
1519 844 1740 899 demum
1765 845 1829 898 ad
1863 845 1966 898 hoc
2009 857 2108 897 ne-

536 929 790 983 cessitate
857 933 1118 1001 compulsi
1183 933 1450 990 fuerimus
1505 951 1519 987 :

2211 564 2312 617 κάν
2334 566 2382 616 εί
2407 562 2588 633 πάσης
2618 563 2863 634 ἀνάγκης
2894 565 3296 636 πειραθείημεν
3319 568 3488 631 αἴτια,
3517 571 3640 623 οὐδὲ
3673 574 3798 634 ταῖς

2213 656 2306 709 ὑπ’
2330 656 2552 708 ἐκείνων
2577 656 3022 721 ἀποκνισθείσαις
3051 658 3354 728 Γραφικαῖς
3378 664 3470 714 καὶ
3489 663 3799 733 [ἰατρικαῖς

2213 749 2511 818 ὑπείχομεν
2545 749 2761 819 ρήσεσι.
2790 748 2968 802 Πάλαι
2989 751 3103 829 γὰρ
3129 753 3234 806 ὑπὸ
3260 753 3473 816 πολλῶν
3502 755 3785 826 ἐλεγχθεῖ-

2215 857 2326 903 σαι,
2365 839 2456 892 καὶ
2486 837 2764 908 Πατέρων,
2797 837 3118 910 τεθνήκασι.

1577 950 1752 1004 neque
1803 945 1984 989 tamen
2032 933 2101 988 iis
2169 930 2494 993 sententiis,
2549 944 2686 996 quas
2741 943 2807 983 ex
2883 929 3168 1000 Scriptura
3230 932 3566 1005 Patrumque
3635 936 3796 992 libris

535 1018 943 1087 decerpserunt,
1000 1035 1286 1095 propterea
1351 1026 1618 1084 cedimus.
1677 1026 1796 1082 Jam
1847 1027 1975 1081 olim
2034 1024 2178 1080 enim
2242 1038 2275 1076 a
2337 1020 2521 1076 multis
2575 1020 2737 1074 etiam
2797 1021 3047 1080 Patribus
3108 1025 3437 1092 conf-statue.
3499 1029 3783 1087 exstinctae

1965 1245 2192 1302 CAPUT
2235 1247 2343 1303 γη.

733 1396 1062 1468 Colloquium
1097 1399 1266 1452 sancti
1304 1395 1589 1467 Nicephort'
1620 1414 1737 1451 cum
1767 1399 2082 1467 imperatore
2113 1399 2179 1452 de
2212 1399 2448 1469 sculptili
2476 1415 2542 1454 ex
2573 1401 2878 1470 pra'scriplo
2910 1400 3110 1473 Moysi:
3144 1421 3244 1459 non
3298 1406 3561 1477 faciendo.

610 1560 696 1614 12.
727 1559 864 1614 Tum
913 1561 1214 1630 imperator
1264 1560 1594 1629 suscipiens,
1632 1561 1755 1614 ait:
1804 1562 1885 1616 An
1942 1562 2107 1632 igitur

2277 1558 2384 1630 μβν.
2423 1559 2532 1613 Καὶ
2564 1562 2592 1612 6
2618 1559 2873 1630 βασιλεὺς
2905 1560 3227 1629 ὑποφθάσας
3260 1564 3447 1634 φησίν·
3495 1567 3639 1621 Ἀλλ’
3666 1569 3790 1623 οὺδι

538 1671 604 1708 ne
626 1651 835 1723 Moyses
870 1653 1092 1723 quidem
1125 1667 1309 1707 veram
1333 1652 1427 1705 tibi
1452 1652 1520 1706 de
1551 1652 1635 1706 his
1682 1655 1872 1708 doctus
1896 1655 2108 1707 videtur

2204 1649 2444 1720 Μωῦσῆς
2480 1666 2560 1702 σοι
2585 1650 2716 1721 περὶ
2739 1653 2946 1704 τούτων
2973 1650 3075 1720 τῆς
3129 1652 3365 1723 ἀληθοῦς
3413 1661 3791 1725 πεφωτικέναι

537 1747 862 1800 sententiam
890 1744 922 1797 ?‘
949 1742 1084 1797 Num
1125 1744 1335 1797 dubitas
1364 1741 1564 1814 Moysis
1604 1747 1767 1799 verba
1815 1745 1905 1798 Dei
1942 1746 2106 1799 verba

2204 1741 2454 1809 φαίνεται
2506 1741 2756 1810 ῥήσεως;
2801 1741 2916 1795 Ούκ
2951 1741 3119 1796 ἀνιδέ
3153 1745 3489 1816 ἀμφιγνοίης
3529 1749 3604 1812 ὼς
3649 1749 3786 1804 Θεοῦ

537 1851 680 1899 csse,
705 1835 796 1904 qui
824 1835 1070 1904 praecipit
1107 1849 1208 1887 non
1244 1834 1544 1888 faciendum
1592 1849 1714 1890 esse
1769 1835 1968 1888 idolum
2011 1851 2106 1890 seu

2205 1832 2352 1899 λόγοι
2394 1830 2488 1884 τοῦ
2534 1831 2778 1895 Μωσέως
2820 1833 2868 1886 οἱ
2917 1833 3106 1900 λόγοι,
3164 1835 3304 1905 μήτε
3357 1837 3598 1904 είδωλον,
3649 1840 3787 1910 μήτε

537 1927 889 1981 εἰιιιιιιαύτυιιι
921 1941 984 1979 ac
1035 1923 1467 1990 similitudinem,
1503 1927 1660 1994 idque
1722 1942 1824 1979 non
1873 1927 2104 1981 hominis

2206 1923 2456 1994 ὁμοίωμα
2485 1927 2657 1976 ποιεῖν
2687 1923 3076 1994 ἐπιτρέποντος
3096 1963 3110 1986 ,
3143 1924 3242 1976 οὐκ
3271 1926 3562 1998 ἀνθρώπου
3601 1931 3783 1998 μόνον,

539 2023 770 2076 tantum,
806 2013 900 2068 sed
939 2013 1182 2068 absolute
1215 2029 1277 2067 ac
1309 2013 1584 2068 indeﬁnite
1621 2019 1694 2068 rei
1732 2017 1959 2070 alterius
2005 2033 2106 2072 cu-

531 2103 864 2173 juscnnque,
896 2105 948 2158 in
981 2105 1118 2158 cmio
1149 2120 1380 2174 aereque
1419 2107 1715 2159 volantium
1748 2149 1762 2173 ,
1800 2117 1894 2160 aut
1930 2107 2110 2162 viven-

537 2194 668 2246 tium
710 2195 760 2247 iu
823 2204 990 2258 terra,
1033 2195 1114 2249 vel
1151 2195 1304 2264 aquis
1346 2197 1758 2250 innatantium?
1793 2197 1907 2264 Qua
1943 2197 2108 2268 igitur

536 2285 746 2338 ratione
780 2283 1061 2339 fabricatis
1095 2286 1426 2355 imaginibus
1469 2303 1533 2342 ac
1571 2288 1880 2342 simulacris
1937 2290 2100 2343 hono-

539 2389 650 2428 rem
711 2390 807 2429 vos
860 2376 1166 2439 adhibetis,
1211 2393 1335 2430 cum
1398 2377 1674 2446 legislator
1716 2380 1879 2432 etiam
1932 2379 2109 2435 facere

535 2467 797 2536 ejusmodi
834 2470 1153 2535 prohibeat?
1173 2465 1644 2523 PATRIARGHA.
1683 2468 1838 2524 Velut
1861 2471 1914 2524 in
1937 2471 2104 2527 altum

540 2569 860 2627 vastumque
893 2558 1274 2627 disputationis
1309 2560 1548 2629 pelagus,
1575 2573 1608 2612 o
1654 2560 1974 2629 imperator,
2005 2576 2108 2616 nos

538 2653 726 2716 ducis;
766 2651 909 2718 quod
966 2651 1114 2704 multi
1165 2652 1380 2717 quidem
1433 2667 1538 2705 non
1589 2667 1713 2706 raro
1753 2652 2103 2722 traiecerunt,

541 2741 737 2798 nullius
769 2751 946 2795 autem
997 2743 1428 2806 adversantium,
1461 2745 1605 2812 quod
1651 2746 1983 2811 noverimus,
2014 2747 2109 2800 di—

538 2832 758 2902 ligentia
800 2835 878 2887 sic
926 2834 1239 2902 enavigavit
1273 2842 1330 2887 ut
1379 2836 1444 2888 ad
1505 2837 1960 2902 imperturbatum
1991 2853 2110 2908 por-

539 2937 654 2979 tum
691 2927 1017 2996 pervenerit.
1046 2925 1176 2980 Nam
1207 2926 1297 2981 alii
1332 2928 1576 2996 quidem,
1604 2943 1928 2998 quamquam
1951 2931 2108 2985 abso-

539 3034 666 3072 num
706 3019 1022 3073 existiment
1058 3020 1355 3089 imaginum
1384 3035 1538 3073 usum
1589 3033 1644 3074 et
1668 3021 1811 3074 velut
1849 3021 2104 3086 gentilitii

537 3108 714 3162 cultus
763 3110 930 3163 fetum
973 3109 1186 3163 occulto
1242 3110 1438 3164 mentis
1480 3109 1682 3178 iudicio
1721 3110 2104 3177 criminentur,

536 3215 736 3270 easque
773 3201 1155 3255 damnantilms
1207 3201 1604 3271 astipulentur;
1663 3201 1751 3255 ubi
1804 3211 1978 3256 tamen
2037 3201 2105 3257 ad

536 3307 651 3346 rem
682 3291 920 3355 venitur,
945 3292 1292 3361 puppi,quod
1320 3291 1491 3356 aiunt,
1516 3292 1740 3346 inhibita
1766 3307 1825 3348 se
1848 3293 2104 3361 paulatim
2134 3275 2177 3334 (ἶ

535 3381 862 3450 subducunt,
891 3382 1165 3436 contraria
1197 3391 1419 3452 agentes
1450 3383 1534 3436 his
1570 3398 1690 3452 qua:
1725 3396 2053 3439 censuerant
2083 3405 2098 3442 :

536 3475 736 3529 habent
765 3475 910 3528 enim
943 3473 1204 3543 imagines
1229 3487 1352 3528 cum
1378 3474 1431 3527 in
1465 3473 1709 3530 ecclesiis
1738 3482 1852 3528 tum
1899 3475 1954 3530 in
1990 3475 2107 3532 foro

536 3567 700 3634 inque
742 3564 1011 3629 domibus,
1042 3565 1264 3635 quidam
1310 3565 1475 3619 etiam
1527 3565 1739 3621 itineris
1785 3567 2012 3624 comites
2053 3579 2106 3624 et

531 3656 951 3712 centubernales
1000 3667 1144 3710 terra
1194 3656 1591 3724 marique.Alii
1649 3658 1724 3710 rei
1754 3658 2107 3728 perplexitate

532 3750 746 3818 penitus
774 3747 1105 3813 fzttiscentes,
1140 3758 1308 3818 atque
1354 3765 1381 3801 a
1417 3749 1590 3815 prima
1635 3749 1819 3804 statim
1852 3765 2106 3820 congres-

528 3843 683 3898 sione
741 3842 1067 3909 abjicientes
1126 3857 1304 3905 arma,
1359 3841 1499 3896 hosti
1557 3849 1705 3911 terga
1771 3842 2000 3910 dedere;
2051 3851 2105 3899 et

530 3947 705 4001 neque
753 3933 1141 4003 prophetarum
1195 3933 1458 4004 imagines
1510 3933 1706 3988 honori
1749 3933 1967 4001 habent,
2003 3949 2105 3990 nec

527 4026 888 4093 apostolorum
918 4025 1234 4091 simulacra,
1266 4040 1444 4096 neque
1485 4036 1781 4097 martyrum
1829 4025 2103 4082 coloribus

527 4132 590 4170 ac
615 4117 867 4186 penicillo
898 4117 1090 4171 ductas
1131 4117 1330 4186 ﬁguras
1369 4135 1382 4171 :
1410 4119 1501 4173 sed
1531 4118 1613 4172 his
1640 4118 1894 4173 omnibus
1928 4117 2101 4172 libera

525 4219 872 4263 exstruentes
922 4211 1121 4278 templa
1164 4209 1300 4263 citra
1355 4209 1518 4263 ullum
1565 4210 1855 4280 ﬁgurarum
1910 4209 2101 4279 imagi-

528 4316 765 4370 numqne
808 4313 1151 4369 apparatum,
1170 4299 1282 4356 Deo
1307 4301 1564 4355 invisibili
1589 4312 1753 4371 atque
1779 4301 2102 4369 incorporeo

521 4391 725 4458 jactant
758 4393 1180 4461 supplicationes
1227 4393 1424 4450 olferre
1475 4409 1534 4450 se
1564 4409 1626 4448 ac
1651 4403 1770 4448 vota
1803 4393 2000 4448 facere.
2031 4394 2101 4448 At

525 4485 568 4536 si
599 4483 799 4553 placet,
824 4485 876 4537 in
916 4484 1074 4554 hujus
1106 4485 1180 4540 rei
1230 4485 1536 4552 indaginem
1580 4485 1832 4556 ingressi,
1867 4499 1970 4539 non
2005 4499 2101 4539 ne-

2209 2014 2394 2078 ἀπλῶς
2428 2014 2484 2068 δέ
2511 2013 2654 2068 οὕτω
2683 2015 2774 2067 καὶ
2823 2013 3114 2084 ἀορίστως,
3154 2017 3228 2084 μὴ
3261 2017 3369 2068 τῶν
3403 2018 3526 2070 κατ’
3555 2020 3786 2090 οὐρανὸν

2207 2105 2668 2177 ἀεροπορούντων,
2711 2106 2786 2175 μὴ
2809 2103 2918 2158 τῶν
2941 2108 2998 2159 ἐν
3029 2109 3098 2176 γῇ
3127 2105 3499 2177 διαιτωμένων
3523 2147 3538 2172 ,
3572 2110 3646 2180 μὴ
3674 2112 3783 2164 τῶν

2208 2199 2267 2249 ἐν
2313 2195 2466 2250 ὕδασι
2505 2195 2857 2266 νηχομένων;
2903 2194 3028 2258 Πῶς
3075 2192 3170 2248 οὖν
3219 2197 3379 2268 ὑμεῖς
3424 2199 3640 2261 εἰκόνας
3684 2201 3782 2270 δη-

2211 2287 2595 2360 μιουργοῦντες
2637 2288 2943 2359 προσάγετε
2973 2287 3167 2351 αὐταῖς
3191 2305 3240 2340 τι
3251 2291 3376 2358 μὰς,
3401 2290 3468 2354 ἃς
3498 2291 3526 2342 6
3555 2292 3780 2361 νομοθέ-

2206 2395 2303 2450 της
2335 2377 2746 2448 ἀπηγόρευσεν;
2789 2379 2830 2432 Ο
2865 2379 3330 2434 ΠΑΤΡΙΑΡΧΗΣ.
3394 2380 3482 2445 Ὠς
3515 2384 3596 2446 είς
3645 2382 3779 2454 βαθύ

2207 2487 2267 2523 τε
2297 2471 2390 2524 καὶ
2437 2469 2635 2540 ἀχανὲς
2675 2471 2956 2541 ζητήσεως
3016 2471 3253 2540 πέλαγος
3289 2473 3504 2541 ἐνάγεις
3538 2477 3703 2544 ἡμᾶς,
3737 2471 3785 2530 ὧ

2173 2599 2178 2603 -
2211 2558 2454 2629 βασιλεῦ,
2479 2560 2508 2613 δ
2547 2559 2732 2613 πολλοὶ
2762 2559 2864 2630 μέν
2911 2560 3173 2626 πολλάκις
3220 2562 3568 2629 διέπλευσαν,
3607 2564 3785 2629 οὐδεὶς

2209 2650 2265 2704 δέ
2283 2667 2368 2719 γε,
2397 2651 2496 2705 ὅσα
2520 2651 2678 2721 ἴσμεν
2708 2651 2891 2721 ἡμεῖς,
2923 2652 3014 2704 ἐπὶ
3041 2653 3131 2705 τὸν
3157 2653 3352 2723 λιμένα
3377 2657 3474 2726 τῆς
3501 2654 3787 2727 ἀκριϐείας

2210 2740 2456 2809 ἀφίκετο.
2499 2744 2561 2796 Οἱ
2611 2743 2708 2813 μὲν
2755 2743 2885 2813 γὰρ,
2914 2744 3160 2812 καίτοιγε
3199 2746 3401 2800 ἄτοπόν
3453 2763 3505 2799 τι
3551 2747 3785 2815 οἰόμενοι

2208 2833 2307 2897 τὰς
2331 2835 2544 2898 εἰκόνας
2574 2837 2759 2906 χρῆμα
2781 2836 2876 2888 καὶ
2909 2835 3247 2907 Ἑλληνικῆς
3290 2835 3513 2904 ἔκγονον
3542 2837 3748 2907 πλάνης
3767 2876 3783 2901 ,

2209 2927 2268 2979 ἐν
2296 2926 2394 2996 μέν
2435 2925 2510 2995 τῷ
2547 2909 2745 2996 ἀφανεῖ
2777 2925 2877 2996 τῆς
2910 2926 3092 2996 ψυχῆς
3135 2927 3407 2998 κριτηρίῳ
3441 2927 3787 2983 διαϐάλλουσι

2207 3034 2267 3070 τε
2306 3017 2474 3080 αύτάς
2506 3020 2600 3070 καὶ
2635 3021 2747 3081 τοῖς
2796 3019 3126 3088 κατηγόροις
3176 3019 3553 3073 συντίθενται·
3596 3021 3688 3074 ἐπὶ
3729 3018 3788 3073 δὲ

2206 3105 2316 3159 τῶν
2357 3108 2692 3178 πραγμάτων
2737 3108 2984 3171 ἐλθόντες
3016 3091 3273 3179 πρύμναν
3303 3127 3362 3163 τε
3419 3110 3785 3182 ἐκρούσαντο,

2208 3197 2303 3252 καὶ
2329 3199 2546 3253 ἐναντία
2573 3199 2775 3271 δρῶσιν
2809 3194 2891 3264 οἷς
2931 3202 3202 3267 ἔγνωσαν·
3239 3203 3449 3268 εἰκόνες
3475 3221 3534 3256 τε
3559 3205 3666 3275 γάρ
3687 3204 3787 3257 αύ-

2208 3291 2319 3351 τοῖς
2352 3291 2456 3342 είσι
2482 3291 2574 3342 καὶ
2604 3292 2662 3342 ἐν
2690 3293 2810 3354 ταῖς
2836 3290 3158 3362 ἐκκλησίαις
3184 3292 3280 3346 καὶ
3319 3295 3378 3347 ἐν
3410 3297 3531 3359 ταῖς
3559 3295 3788 3365 ἀγοραῖς

2208 3382 2304 3434 καὶ
2330 3383 2387 3434 ἐν
2423 3383 2534 3444 τοῖς
2559 3381 2750 3445 οἴκοις,
2795 3383 2895 3455 ἤδη
2945 3383 3001 3436 δέ
3046 3385 3141 3436 κα)⁵
3187 3383 3321 3438 ἔνιοι
3369 3386 3787 3456 συνοδοιπόρους

2207 3472 2390 3541 έχουσι
2426 3473 2521 3526 καὶ
2556 3472 2900 3543 όμοδιαίτους
2949 3475 3043 3526 καὶ
3081 3474 3514 3546 πεζοποροῢντες
3547 3480 3642 3532 καὶ
3685 3494 3786 3531 πι-

2205 3561 2520 3631 λαγίζοντες
2536 3579 2551 3595 ·
2590 3564 2640 3615 oi
2667 3563 2723 3615 δέ
2747 3563 2946 3628 τελέως
2970 3564 3108 3636 πρδς
3133 3565 3233 3636 τὴν
3261 3567 3497 3638 ἀπορίαν
3519 3568 3786 3623 ὀκλάσαν-

2204 3668 2316 3716 τες,
2342 3652 2504 3716 εὐθὺς
2533 3655 2596 3706 ἐκ
2623 3653 2850 3725 πρώτης
2875 3655 3198 3726 συμπλοκῆς
3216 3658 3285 3710 τά
3314 3658 3454 3712 ὅπλα
3477 3659 3573 3728 τῆς
3603 3659 3784 3730 ψυχῆς

2206 3745 2613 3816 ἀπορρίψαντες
2638 3786 2652 3809 ,
2691 3745 2836 3800 νῶτα
2877 3747 2956 3818 τῷ
3003 3748 3248 3820 πολεμίῳ
3279 3751 3650 3822 παρέσχοντο·
3685 3753 3781 3806 καὶ

2203 3834 2328 3890 οὗτε
2362 3837 2668 3907 προφητῶν
2695 3838 2885 3902 αὐτοῖς
2911 3841 3182 3911 τιμῶνται
3213 3843 3445 3907 εἰκόνες,
3493 3841 3617 3897 οὔτε
3651 3845 3785 3897 ἀπο-

2205 3927 2404 3981 στόλων
2441 3928 2686 3998 μορφαὶ,
2727 3927 2850 3982 οὔτε
2885 3931 3186 4004 μαρτύρων
3220 3933 3453 4004 γραφαί·
3495 3933 3631 3986 ἀλλά
3661 3933 3783 3987 τού-

2200 4036 2310 4073 των
2343 4020 2596 4074 ἀπάντων
2645 4019 3074 4092 ἀπηλλαγμένας
3104 4023 3204 4089 τὰς
3250 4025 3550 4097 ἐκκλησίας
3582 4026 3784 4096 συστή-

2203 4129 2416 4177 σαντες,
2451 4112 2894 4182 ἀσχηματίστους
2926 4116 3020 4168 καὶ
3046 4115 3212 4169 τόπον
3248 4117 3407 4181 ἐκτὸς
3434 4115 3513 4188 τῷ
3562 4116 3782 4189 ἀοράτῳ

2200 4220 2258 4258 τε
2287 4203 2383 4256 καὶ
2410 4204 2687 4276 ἀσωμάτῳ
2711 4205 2830 4276 Θεῷ
2857 4206 2956 4270 τάς
2979 4207 3188 4262 ἐαυτῶν
3219 4209 3430 4272 ίκεσίας
3459 4209 3777 4279 ἀνάγουσιν.

2212 4295 2374 4360 Ἀλλ’,
2407 4296 2456 4349 εί
2483 4295 2650 4362 δοκεῖ,
2687 4296 2762 4367 μὴ
2809 4298 2940 4368 περὶ
2974 4299 3074 4368 τὴν
3120 4299 3350 4369 ζήτησιν
3379 4301 3779 4371 ἀποκάμωμεν,

2204 4384 2337 4456 μηδὲ
2357 4384 2650 4457 ἀμελῶμεν
2668 4387 2765 4456 τῆς
2787 4385 2978 4456 θύρας,
2997 4389 3045 4440 εί
3070 4388 3144 4457 μὴ
3164 4388 3222 4439 ἐν
3247 4387 3429 4456 κύκλῳ
3451 4392 3780 4459 περιιόντες,

2199 4477 2293 4531 καὶ
2328 4477 2741 4548 ίχνηλατοῦντες
2769 4476 2847 4548 τῷ
2889 4477 3035 4550 λόγῳ
3076 4480 3136 4531 ἐν
3163 4479 3402 4542 δικτύοις
3435 4481 3604 4550 αὐτὴν
3649 4481 3782 4551 ἀλή-

526 4574 792 4643 gligamus
819 4576 1077 4642 ianuam:
1112 4591 1179 4630 ne
1210 4575 1350 4631 forte
1386 4577 1438 4630 in
1458 4577 1688 4632 circuitu
1725 4575 2094 4631 ambulemus:

2204 4567 2350 4622 θειαν
2392 4567 2746 4639 ἐμϐάλωμεν.
2781 4567 2983 4621 ’Δκουε
3021 4568 3158 4638 δῆτα
3191 4569 3286 4622 τοῦ
3317 4569 3514 4637 λόγου,
3547 4567 3604 4622 εὗ
3639 4571 3783 4640 μάλα

526 4665 618 4717 sed
663 4681 759 4733 pt‘l‘
807 4681 902 4719 sua
940 4667 1166 4734 vestigia
1197 4669 1480 4722 veritatem
1547 4676 1926 4722 consectantes
1973 4681 2093 4721 εει·-

529 4770 706 4818 mone,
752 4755 920 4822 ipsam
954 4757 1092 4811 intra
1157 4757 1292 4811 retia
1352 4759 1625 4826 possimus
1679 4771 1895 4823 capere.
1931 4754 2069 4809 Audi

2202 4659 2368 4728 σοφοῦ
2392 4677 2452 4712 τε
2482 4659 2577 4713 καὶ
2597 4658 2853 4730 ἀληθοῦς,
2881 4659 2941 4713 ὃν
2967 4659 3208 4733 ἀποδέξῃ
3238 4661 3335 4712 καὶ
3369 4659 3702 4724 ἐπαινέσεις,
3733 4662 3782 4714 εί

2188 4751 2266 4823 τῷ
2301 4751 2418 4804 ὄντι
2444 4750 2540 4805 τοῦ
2573 4751 2728 4815 ὄντος
2755 4753 2887 4824 ἐρᾷς
2916 4755 3012 4806 καὶ
3048 4754 3150 4822 τῆς
3179 4751 3443 4822 ἀληθείας
3471 4750 3711 4821 ἐφίεσαι.

526 4849 688 4918 igitur
720 4851 1005 4904 admodum
1035 4853 1337 4921 sapientem
1379 4866 1673 4920 verumque
1712 4865 2040 4912 sermonem,
2077 4860 2236 4918 quem
2290 4847 2446 4916 plane
2478 4846 2802 4916 probaturus
2839 4847 2914 4902 sis
2942 4862 3006 4902 ac
3045 4847 3371 4901 laudaturus
3395 4885 3410 4910 ,
3447 4847 3492 4900 si
3546 4861 3671 4900 vere
3729 4846 3780 4901 id

526 4957 678 4996 amas
731 4941 871 5011 quod
930 4957 1116 4996 verum
1179 4954 1280 5007 cst,
1312 4954 1368 4997 et
1418 4942 1676 5014 veritatis.
1719 4939 1988 4995 desiderio
2024 4937 2246 4994 teneris.

592 5098 683 5154 ιδ.
722 5097 980 5153 Noscisne
1001 5100 1124 5169 quis
1169 5099 1298 5154 olim
1336 5099 1401 5152 de
1419 5096 1529 5154 Deo
1549 5114 1705 5154 error
1723 5098 2100 5170 Egyptiorum

523 5196 730 5243 mentes
754 5190 1061 5253 incesserit,
1097 5201 1266 5259 utque
1303 5189 1338 5243 ii
1374 5189 1692 5253 incrcatam,
1725 5190 1983 5259 omnique
2010 5204 2104 5242 va-

522 5288 733 5334 cantem
758 5280 990 5334 materia
1031 5279 1241 5334 Domini
1275 5280 1528 5349 gloriam,
1556 5281 1623 5335 ad
1664 5281 1946 5334 materiam
1980 5279 2094 5335 l'or-

523 5387 776 5440 mamque
824 5371 1195 5441 deprimentes
1255 5373 1506 5425 humana:
1551 5371 1738 5427 formae
1806 5371 2095 5427 simulacra

523 5462 804 5519 colerent?
846 5462 1078 5518 Osiridis
1112 5461 1320 5518 scilicet
1347 5471 1512 5532 atque
1558 5463 1858 5534 Typhonis,
1890 5463 2093 5535 Orique

524 5564 617 5606 aut
645 5552 800 5607 Isidis
834 5563 996 5622 atque
1027 5552 1257 5607 aliorum
1314 5554 1613 5622 hominum,
1647 5571 1877 5625 quorum
1955 5557 2094 5612 divis

523 5645 1059 5712 stulteascriptorum
1087 5643 1356 5698 luxuriam
1385 5646 1564 5715 arguit
1599 5648 1908 5703 institutum
1934 5648 2086 5702 viue:

524 5737 813 5793 Maritiam
886 5735 1190 5806 injustaquc
1265 5736 1443 5792 studia
1503 5739 1667 5809 bella,
1723 5741 2092 5811 opprimendis

2275 5103 2384 5167 μγ’.
2447 5095 2562 5150 Ούκ
2611 5091 2808 5156 οἶσθα,
2853 5093 2942 5148 οἵα
2987 5109 3072 5157 τις
3107 5093 3300 5165 πρώην
3353 5095 3483 5166 περὶ
3518 5095 3653 5149 Θεὸν
3682 5097 3780 5161 τὰς

2198 5189 2508 5258 Αἰγυπτίων
2529 5187 2706 5258 ψυχὰς
2730 5187 3026 5256 ἐπενέμετο
3050 5187 3248 5257 πλάνη,
3273 5189 3368 5240 καὶ
3393 5187 3468 5251 ὡς
3493 5189 3592 5260 τὴν
3623 5187 3778 5242 ἄκτι..

2199 5280 2328 5333 στὸν
2355 5297 2413 5333 τε
2448 5279 2542 5332 καὶ
2565 5277 2728 5332 ἀϋλον
2754 5276 2849 5330 τοῦ
2875 5277 3150 5330 Δεσπότου
3180 5277 3340 5342 δόξαν
3373 5281 3775 5348 καταγαγόντες

2196 5372 2275 5435 εἰς
2307 5370 2440 5440 ὓλην
2473 5370 2564 5424 καὶ
2592 5365 2754 5432 εἶδος,
2773 5369 3118 5440 ἀνδρείκελόν
3149 5389 3202 5424 τι
3234 5373 3438 5444 ταύτην
3461 5374 3554 5428 καὶ
3573 5374 3780 5445 ἀνθρω-

2205 5462 2392 5532 ποειδῆ
2431 5463 2800 5532 τετιμήκασιν
2822 5479 2839 5528 ;,
2881 5459 2993 5525 οἷος
3018 5458 3086 5534 ἦν
3113 5462 3222 5533 ἄρα
3249 5465 3457 5528 ἐκεῖνος
3483 5467 3512 5518 6
3546 5467 3775 5535 Ὄσιρις,

2205 5558 2232 5608 6
2255 5553 2471 5623 Τυφὼν,
2507 5555 2534 5606 6
2560 5549 2747 5623 Ὦρος,
2771 5555 2803 5622 ἠ
2831 5548 2991 5619 Ἶσις,
3024 5553 3120 5607 καὶ
3144 5555 3253 5609 τῶν
3280 5555 3454 5609 ἄλλων
3476 5555 3776 5627 ἀνθρώπων

2206 5646 2345 5699 θεῶν
2367 5647 2393 5699 6
2429 5645 2748 5712 κατάλογος,
2783 5637 2857 5698 ὧν
2879 5643 3148 5715 διελέγχει
3174 5648 3268 5699 καὶ
3297 5647 3646 5701 ἀποδείκνυσι
3679 5649 3776 5718 τὴν

2204 5741 2473 5811 ἀκρασίαν
2503 5741 2530 5794 6
2568 5741 2681 5812 βίος
2701 5781 2715 5807 ,
2747 5739 2847 5811 τὴν
2881 5740 2936 5794 δὲ
2978 5740 3291 5809 πλεονεξίαν
3321 5743 3348 5795 6
3379 5741 3612 5812 πόλεμος
3636 5783 3650 5808 ,
3683 5743 3777 5818 τὴν
