4158 6348
325 401 394 462 93
1839 413 1879 471 ν
1891 414 1911 470 ι

2023 461 2029 473 .
3507 405 3579 471 9i

328 511 491 578 φύσιν
519 511 548 561 ὁ
582 506 830 571 θάνατος.
859 509 922 560 Τί
959 510 1052 580 δη;
1085 510 1210 581 ἄχρι
1245 512 1439 566 τούτου
1470 515 1532 567 τὸ
1561 517 1715 569 Θεῖον
1744 518 1902 589 ἔστη-

2018 521 2122 577 ιΙιίε
2149 532 2419 592 suscepta;
2442 532 2718 590 expertem
2743 521 2974 592 denique
2998 519 3298 574 divinitatis
3327 529 3578 573 naturam

331 619 451 666 σαν,
486 601 518 673 ἢ
560 599 653 653 καὶ
695 600 774 664 είς
805 600 974 668 ἄλογα
1003 601 1117 666 ζῶα
1151 604 1245 656 καὶ
1272 604 1484 672 ἀλόγων
1514 607 1628 678 είδη
1659 608 1718 661 τὸ
1757 608 1902 662 θεῖον

331 685 467 752 εἶδος
508 691 783 743 τετύπωτο
814 691 1000 754 αὐτοῖς
1041 693 1134 744 καὶ
1166 694 1531 765 μεμόρφωτο;
1580 699 1672 750 καὶ
1734 716 1904 770 προσ-

335 780 556 835 εκύνουν
601 780 701 850 μὲν
751 780 828 844 ὡς
872 782 1002 835 Θεὸν
1040 783 1130 836 τὸν
1175 784 1333 849 κύνα,
1382 787 1605 856 ὑμνεῖτο
1647 790 1845 860 μόσχος
1875 791 1904 842 ό

336 873 520 935 Ἆπις,
556 869 758 940 τράγος
801 873 829 924 ὁ
881 870 1122 942 Ἑρμῆς,
1153 873 1249 927 καὶ
1284 874 1436 945 ἰχθὺς
1463 878 1498 947 ἡ
1530 876 1769 948 Ἀθηνᾶ,
1806 877 1903 933 καὶ

331 961 520 1031 γνώμῃ
537 960 719 1030 ἀλόγῳ
741 961 808 1016 τά
819 960 989 1030 ἄλογα
1013 962 1165 1026 θεοὺς
1188 963 1542 1036 ἀνηγόρευον’
1567 966 1744 1038 san-st
1765 970 1904 1024 αὐτὰ

329 1049 425 1102 καλ⁵
453 1051 513 1102 ὲν
543 1047 796 1119 ἀλλήλοις
829 1051 1112 1115 συνθέντες
1137 1090 1152 1115 ,
1185 1053 1568 1125 πολυμόρφους
1611 1057 1764 1120 τινὰς
1810 1059 1904 1111 καὶ

327 1139 628 1204 πολυειδεῖς
661 1139 816 1204 θεοὺς
846 1141 1218 1196 ἀνεπλάσαντο
1241 1161 1254 1174 ·
1307 1145 1399 1200 τὸν
1451 1146 1552 1216 μὲν
1591 1148 1904 1217 τραγόπουν

325 1232 789 1304 δημιουργοῦντες
815 1250 829 1262 ·
868 1235 896 1287 ό
938 1235 1051 1286 Πᾶν
1077 1232 1232 1299 οὗτος
1267 1232 1335 1307 ἦν
1359 1255 1371 1266 ·
1413 1237 1491 1307 τῷ
1525 1238 1581 1292 δὲ
1614 1240 1904 1308 πρόσωπον

328 1323 490 1386 κυνὸς
523 1324 949 1395 περιάπτοντεςο
987 1325 1242 1392 Ἄνουϐις
1261 1369 1276 1392 ,
1307 1323 1494 1398 οἶμαι,
1525 1329 1745 1396 ἐλέγετο
1765 1371 1780 1396 ,
1828 1332 1931 1402 μή-

327 1435 386 1469 τε
421 1416 558 1488 ἀνὴρ
591 1411 728 1469 εἶναι
766 1417 1059 1487 ὁλόκληρος
1094 1419 1230 1488 μήτε
1263 1418 1410 1472 κύων
1437 1419 1658 1490 ἐντελὴς
1689 1439 1904 1492 συγχω-

330 1509 613 1580 ρούμενος.
667 1510 898 1579 Πότερον
931 1509 1198 1582 ψεύδομαι
1243 1511 1416 1565 ταῦτα
1468 1512 1702 1576 διεξιὼν,
1758 1514 1790 1586 ἢ
1829 1513 1904 1578 ὡς

328 1602 552 1671 ἀληθέσι
615 1604 955 1668 συντίθεσαις
1012 1606 1053 1656 0
1096 1605 1448 1658 ΒΑΣΙΛΕΥΣ.
1488 1605 1816 1677 Ἀληθεύεις.
1860 1607 1902 1660 0

331 1692 788 1749 ΠΑΤΡΙΑΡΧΗΣ.
833 1694 986 1746 Ἐπεὶ
1032 1690 1125 1748 οὖν
1170 1696 1377 1767 ὲκείνος
1415 1695 1444 1747 ό
1485 1696 1780 1767 νομοθέτης
1811 1697 1903 1750 τὸν

330 1783 761 1853 παραδεδομένον
807 1783 956 1854 αὑτῷ
988 1784 1136 1854 παρά
1167 1785 1259 1838 τοῦ
1302 1785 1436 1838 Θεοῦ
1482 1785 1609 1839 λαὸν
1656 1787 1764 1840 ἀπὸ
1801 1786 1901 1855 τῆς

331 1872 602 1940 Αἰγύπτου
625 1873 856 1942 ἐξάγων,
885 1874 982 1936 τὰς
1005 1875 1326 1939 ὲντακείσας
1351 1875 1559 1929 ἐκεῖθεν
1582 1879 1702 1939 ταῖς
1722 1875 1902 1930 αὐτῶν
1935 1855 1976 1908 Β

332 1965 524 2034 ψυχαῖς
553 1964 900 2020 δευσοποιοῦς
937 1965 1158 2034 κηλίδας
1188 1968 1532 2037 ἀποσμήχειν
1556 1985 1614 2020 τε
1649 1968 1741 2021 καὶ
1769 1969 1903 2021 ἀπο·

330 2057 613 2126 καθαίρειν
649 2055 966 2125 βουλόμενος
994 2096 1007 2116 ,
1032 2057 1122 2108 ἵνα
1155 2058 1228 2125 μὴ
1257 2057 1651 2127 ἀνθρωποειδὲς
1681 2060 1773 2111 καὶ
1808 2061 1903 2112 ἀν-

328 2146 610 2215 δρείκελον
641 2145 887 2213 ἡγῶνται
924 2146 986 2197 τὸ
1023 2145 1200 2206 Θεῖον,
1239 2145 1272 2214 ἢ
1319 2147 1509 2215 ἑτέρας
1541 2147 1695 2210 ζώων
1741 2148 1900 2211 ἰδέας·

335 2239 594 2304 παραινεῖ
642 2236 1026 2298 ὡσαύτωςκαὶ
1068 2237 1346 2306 νομοθετεῖ
1389 2238 1464 2307 τῷ
1499 2238 1645 2310 λόγῳ
1687 2240 1904 2294 τοιάδε·

339 2328 431 2395 Μὴ
463 2328 601 2379 κατά
653 2327 743 2380 τὸν
801 2328 859 2379 ὲν
906 2327 1167 2397 Αἰγύπτῳ
1200 2328 1545 2381 πολιτεύεσθε
1594 2329 1815 2399 τρόπον,
1865 2324 1911 2384 ὦ

337 2417 617 2487 ἄνθρωποι
643 2455 658 2480 ,
692 2419 830 2489 μηδὲ
878 2418 937 2483 ἐξ
964 2419 1187 2472 ἐκείνων
1228 2421 1443 2484 ἀτόπως
1477 2419 1743 2491 μαθόντες
1773 2419 1908 2472 Θεοῦ

335 2507 502 2563 εἰκὼν
526 2513 584 2563 ἐν
611 2511 739 2580 ὑμῖν
767 2510 988 2564 τελείτω
1009 2550 1023 2573 ,
1063 2511 1094 2580 ἢ
1137 2513 1201 2564 ὲκ
1227 2513 1336 2564 τῶν
1378 2514 1434 2564 ὲν
1464 2513 1586 2580 ἀέρι
1617 2510 1910 2579 διιπταμέ-

336 2621 462 2666 νων,
490 2601 522 2671 ἢ
555 2603 614 2655 ὲν
648 2603 717 2672 γῇ
755 2603 1110 2672 κινουμένων,
1149 2603 1181 2674 ἢ
1217 2603 1592 2674 ὲννηχομένων
1634 2605 1748 2666 τοῖς
1783 2601 1911 2655 ὓδα-

340 2711 443 2746 σιν’
473 2693 532 2747 οὐ
563 2694 670 2764 γὰρ
687 2694 856 2747 ταῦτα
879 2695 1032 2759 Θεὸς,
1057 2695 1151 2748 καί
1178 2695 1227 2748 εἱ
1255 2696 1369 2758 τοῖς
1398 2695 1717 2764 Αἰγυπτίοις
1739 2693 1906 2755 δοκεῖ,

337 2786 456 2840 οὐδὲ
489 2789 546 2840 ὲν
594 2785 759 2839 εἰκόνι
801 2786 1098 2855 γραπτέον,
1144 2787 1204 2839 τὸ
1239 2785 1314 2858 μὴ
1362 2787 1707 2858 θεωρηθῆναι
1751 2785 1909 2838 δυνά-

343 2891 523 2944 μενον.
582 2874 843 2928 Ἀνείδεον
892 2874 998 2946 γὰρ
1030 2875 1094 2928 τὸ
1136 2875 1290 2928 Θεῖον
1338 2877 1432 2929 καὶ
1477 2875 1907 2946 ἀσχημάτιστον,

341 2967 435 3020 καὶ
477 2966 728 3036 ἀόρατον,
775 2967 868 3020 καὶ
917 2965 1026 3019 τῶν
1071 2966 1414 3038 φαινομένων
1481 2969 1576 3020 καὶ
1612 2967 1912 3034 όψθαλμοίς

341 3059 650 3131 ἀνθρώπων
685 3060 1046 3131 ἐγνωσμένων
1080 3061 1266 3116 οὐδέν’
1295 3060 1430 3114 ἀλλά
1459 3059 1534 3130 νῷ
1586 3061 1731 3130 μόνῳ
1774 3058 1912 3111 θεω-

2006 628 2154 668 mors
2185 614 2332 670 obita
2368 613 2813 668 manifestissime
2849 610 3210 680 comprobat?
3237 610 3376 676 Quin
3411 610 3576 664 etiam

2004 719 2172 773 usque
2197 705 2332 758 adeo
2361 704 2630 773 abjectam
2659 703 2999 758 mstimavere
3028 702 3316 762 Deitatem,
3341 711 3400 753 ιιι
3447 699 3578 754 hru-

2007 806 2182 850 torum
2213 810 2430 864 qttoque
2458 794 2815 849 animantium
2853 793 3038 847 habitu
3079 791 3364 860 formaque
3427 801 3579 844 ustu-

2004 901 2122 940 ram
2161 885 2258 944 Dei
2287 886 2582 955 ligni-arent
2615 896 2778 956 alque
2800 887 3186 953 exprimerent.
3232 882 3435 950 Nempe
3461 893 3578 935 tan-

2003 991 2168 1047 quam
2203 975 2369 1030 Deum
2396 977 2917 1032 adorabant'canem
2946 994 2960 1042 ;
2996 973 3329 1028 laudabatur
3354 973 3575 1035 vitulus.

2005 1068 2158 1136 apis;
2186 1067 2392 1132 lendus,
2454 1066 2789 1131 Mercurius;
2822 1067 3010 1135 piscis.
3048 1065 3291 1119 Minerva
3325 1080 3341 1129 ;
3380 1064 3581 1132 quique

2006 1159 2161 1213 bruta
2193 1158 2524 1213 ducerentur
2586 1157 2896 1220 aﬂ'ectione.
2937 1158 3127 1210 hrutas
3179 1155 3483 1209 animantes
3527 1156 3578 1208 in

2005 1254 2133 1309 deos
2195 1253 2614 1309 consecrabant.
2671 1251 2811 1320 Quin
2859 1261 2915 1305 et
2969 1265 3154 1305 secum
3223 1250 3336 1304 haec
3392 1258 3581 1302 mutuo

2004 1354 2410 1416 componentes,
2493 1344 2857 1399 multiformes
2931 1342 3194 1411 quosdam
3257 1345 3580 1408 diversaque

2004 1445 2287 1491 concretos
2315 1445 2504 1490 natura
2534 1436 2667 1490 deos
2689 1433 3072 1504 contingebant
3102 1449 3116 1485 :
3159 1431 3322 1486 alium
3373 1431 3581 1487 scilicet

2017 1527 2244 1582 ltazdinis
2291 1525 2518 1596 pedibus
2575 1524 2909 1582 fabricantes
2953 1525 3086 1595 (Pan
3134 1527 3222 1580 hic
3280 1523 3444 1591 erat).
3487 1522 3578 1576 alii

2005 1618 2158 1672 canis
2230 1616 2424 1672 faciem
2485 1617 2811 1672 adhibentes
2863 1615 3145 1687 (Anubim
3221 1623 3350 1684 puto
3414 1626 3580 1666 voca-

2006 1707 2180 1776 bant),
2209 1722 2368 1777 quem
2398 1722 2577 1776 neque
2625 1717 2734 1762 toto
2795 1722 3026 1777 corpore
3057 1709 3257 1768 virum,
3293 1719 3394 1758 nec
3452 1718 3582 1756 vero

2005 1798 2304 1866 perlectum
2349 1813 2538 1852 canem
2579 1811 2700 1853 esse
2750 1797 3131 1852 admittebant.
3167 1795 3406 1848 Mentior
3466 1793 3583 1846 lucc

2011 1903 2238 1942 narrans
2263 1926 2278 1952 ,
2318 1872 2392 1940 an.
2433 1901 2530 1942 ceu
2596 1887 2741 1942 veris
2799 1886 3150 1955 astipularis?
3208 1883 3437 1938 IMPEIL
3472 1881 3578 1935 Ve-

2011 1996 2127 2033 rum
2178 1978 2436 2046 loqueris.
2473 1975 2678 2030 PATR.
2733 1977 2874 2043 Quid
2917 1979 3081 2046 igitur
3110 1976 3391 2045 legislator
3425 1975 3581 2043 Moy-

2011 2069 2134 2124 ses?
2161 2068 2298 2123 Cum
2329 2068 2429 2122 sibi
2461 2069 2716 2122 traditum
2743 2083 2770 2121 a
2803 2071 2910 2137 Deo
2945 2068 3202 2139 p0pulum
3253 2083 3316 2122 ex
3347 2065 3584 2135 Egypto

2015 2163 2298 2224 reducens,
2342 2175 2477 2229 quas
2523 2159 2596 2214 illi
2620 2158 2940 2228 Egyptiaca
2997 2158 3385 2212 consuetudine
3413 2155 3585 2210 {tedas

2014 2251 2180 2305 animi
2253 2251 2442 2304 sordes
2503 2257 2930 2311 contraxerant,
2997 2247 3280 2314 detergere
3343 2254 3582 2313 cuperet,

2018 2358 2085 2397 ne
2143 2341 2306 2394 Deum
2353 2339 2590 2393 humana
2641 2338 2892 2408 viriliqne
2939 2338 3120 2408 specie
3163 2337 3444 2405 praaditum
3497 2351 3586 2404 pu-

2021 2440 2198 2486 tarent
2247 2445 2382 2486 neve
2412 2431 2460 2484 ei
2500 2430 2636 2484 alias
2682 2429 2997 2483 animalium
3032 2429 3229 2498 ﬁguras
3263 2427 3583 2486 tribuerent,

2022 2527 2266 2581 hortatus
2292 2537 2386 2578 eos
2418 2522 2601 2578 taliter
2627 2536 2785 2576 sacro
2820 2536 3072 2576 sermone
3115 2519 3345 2573 sancivit
3374 2535 3387 2571 :
3414 2516 3588 2569 Nolite

2016 2613 2314 2670 seetmdum
2341 2612 2574 2680 priorem
2602 2621 2835 2665 vestram
2874 2611 2926 2664 in
2960 2609 3198 2678 Egypto
3233 2607 3588 2662 consuetudi-

2017 2720 2166 2767 ncm,
2223 2692 2682 2772 quemadmodum
2714 2702 2784 2756 ah
2811 2701 3081 2772 Algyptiis
3125 2700 3253 2754 estis
3275 2699 3472 2762 educti,
3496 2696 3584 2751 Dei

2019 2795 2313 2865 imaginem
2347 2794 2399 2847 in
2424 2793 2582 2847 vobis
2615 2793 2818 2862 ﬁngere
2847 2808 2911 2847 ex
2955 2792 3022 2846 iis
3049 2790 3440 2852 animantibus,
3469 2802 3588 2856 qua:

2018 2888 2101 2943 vel
2133 2902 2258 2942 aera
2315 2885 2598 2955 pervolant
2633 2885 2713 2937 vel
2769 2893 3056 2938 moventur
3110 2882 3160 2935 in
3214 2891 3354 2934 terra
3405 2878 3488 2933 vel
3534 2878 3588 2931 in

2019 2980 2176 3051 aquis
2199 2987 2406 3033 natant.
2441 2976 2556 3032 Non
2591 2976 2676 3029 illa
2707 2975 2852 3029 Deus
2883 2985 3032 3038 sunt,
3058 2972 3320 3043 quidquid
3345 2969 3586 3041 Aﬁgyptii

2018 3072 2353 3138 existiment,
2376 3083 2554 3139 neque
2588 3069 2746 3138 pictis
2779 3067 3101 3136 imaginibus
3131 3064 3460 3119 reddendum
3485 3070 3589 3125 est,

347 3151 529 3222 ρητδν,
569 3152 621 3203 si
641 3151 744 3205 πού
778 3168 859 3213 τις
882 3150 1160 3205 καὶτοῦτο
1207 3152 1517 3221 δυνήσαιτο.
1553 3152 1613 3204 Ei
1653 3151 1763 3221 γὰρ
1808 3152 1914 3218 Δη-

2021 3164 2162 3234 quod
2197 3162 2430 3233 spectari
2478 3175 2584 3214 non
2622 3168 2820 3228 potest.
2860 3157 3022 3212 Omni
3072 3155 3242 3227 figura
3297 3153 3588 3220 formaque

349 3244 607 3315 μιουργὸς
658 3243 766 3296 τῶν
819 3244 1068 3308 πάντων,
1116 3244 1216 3297 οὐκ
1253 3242 1319 3296 ἂν
1361 3241 1420 3295 ἒν
1476 3243 1636 3304 αὐτὸς
1668 3242 1753 3311 εἴη
1804 3241 1914 3295 τῶν

348 3336 600 3390 πάντων·
631 3336 725 3390 καὶ
762 3336 812 3389 εί
868 3336 956 3390 διά
986 3336 1201 3390 πάντων
1229 3335 1427 3406 διήκει,
1480 3334 1582 3388 οὐκ
1612 3335 1677 3389 ἂν
1724 3335 1782 3387 ἐν
1835 3333 1917 3387 ἑνὶ

349 3427 652 3498 προϐλεῖτο.
707 3427 766 3479 '0
803 3423 898 3481 οὖν
931 3426 1230 3498 νομοθέτης
1279 3427 1372 3479 ἐπὶ
1424 3426 1586 3497 μόνου
1632 3425 1770 3479 Θεοῦ
1819 3424 1916 3495 δη-

353 3522 634 3592 μιουργεῖν
682 3520 897 3584 εἰκόνας
926 3517 1190 3573 ἐκώλυσε.
1243 3518 1356 3577 Καὶ
1387 3519 1469 3571 ὃτι
1516 3516 1678 3574 τοῦτο
1722 3516 1915 3586 σαφὲς,

351 3611 564 3680 πρῶτον
598 3611 760 3675 αὐτὸς
781 3611 940 3666 τοῦτο
963 3608 1196 3681 δηλώσει
1227 3613 1337 3673 τοῖς
1368 3609 1581 3668 ὲιπαῖειν
1605 3607 1778 3679 ὀρθῶς
1808 3607 1917 3660 τῶν

351 3700 757 3772 γεγραμμένων
779 3700 1058 3755 ἐθέλουσιν
1080 3719 1092 3731 ·
1118 3701 1193 3765 ὡς
1219 3701 1328 3771 γὰρ
1343 3700 1470 3772 περὶ
1488 3698 1623 3752 Θεοῦ
1647 3699 1736 3751 τὸν
1761 3698 1919 3764 λόγον

348 3791 668 3861 προφέρων,
705 3788 798 3842 καὶ
826 3789 962 3858 πρὸς
995 3789 1156 3858 μόνον
1176 3789 1339 3843 αὐτὸν
1369 3789 1659 3858 ἀναφέρων
1681 3786 1744 3839 τὸ
1766 3785 1917 3850 ἔπος,

349 3881 547 3949 ἐπάγει
580 3898 680 3934 που
705 3881 878 3949 λέγων
901 3896 917 3912 ο
951 3883 1035 3935 Οῠ
1070 3880 1174 3953 γὰρ
1203 3878 1662 3948 προσκυνήσεις
1691 3875 1918 3942 αὐτοῖς,

345 3974 490 4028 οὐδὲ
518 3972 605 4042 μὴ
632 3972 977 4041 λατρεύσῃς
1004 3971 1211 4038 αὐτοῖς
1230 3988 1245 4002 ο
1277 3972 1394 4041 ἐγὼ
1420 3970 1532 4040 γάρ
1561 3972 1680 4039 ειμι
1703 3970 1920 4036 Κύριος

347 4068 380 4121 ό
414 4065 560 4131 Θεός
586 4079 729 4126 σου,
758 4065 903 4129 Θεὸς
936 4063 1229 4132 ζηλωτής.
1262 4063 1325 4117 'H
1363 4065 1461 4132 μὲν
1487 4063 1594 4135 γὰρ
1623 4061 1828 4133 ἀσεὸής
1859 4077 1919 4114 τε

349 4155 649 4226 προπέτεια
698 4154 793 4208 καὶ
843 4153 1043 4218 ἄτοπος
1077 4153 1278 4218 ἔννοια,
1321 4155 1444 4225 ἦτις
1487 4154 1595 4225 ἀρα
1648 4151 1781 4206 ποτὲ
1829 4151 1920 4204 τὸν

347 4248 531 4318 πάσης
561 4247 816 4300 ἐπέκεινα
847 4245 1064 4315 φύσεως
1099 4247 1194 4299 καὶ
1220 4247 1409 4308 οὐσίας
1440 4246 1536 4299 καὶ
1559 4243 1835 4313 γνώσεως,
1861 4241 1921 4296 ὃν

346 4339 517 4402 οὐδεὶς
563 4337 830 4408 ἑώρακεν,
884 4336 1010 4390 οὔτε
1046 4339 1259 4408 μήποτε
1325 4336 1621 4390 θεάσασθαι
1676 4334 1920 4396 δύναται,

347 4431 540 4482 τούτου
582 4429 797 4500 μορφὴν
840 4431 936 4482 καὶ
987 4429 1157 4484 τύπον
1191 4432 1255 4483 ὲκ
1290 4429 1400 4482 τῶν
1453 4425 1794 4497 φαινομένων
1823 4423 1923 4488 τὰς

2017 3263 2188 3319 caret,
2219 3261 2381 3322 atque
2431 3250 2722 3306 invisibilis
2766 3257 2848 3303 est
2891 3248 3033 3302 Deus
3068 3265 3081 3301 :
3121 3245 3255 3300 nihil
3287 3259 3474 3297 eorum
3509 3250 3595 3296 est

2017 3361 2137 3416 qua:
2171 3343 2423 3398 Immanis
2467 3341 2645 3396 oculis
2693 3339 2934 3405 subjecta
2994 3347 3145 3401 sunt,
3183 3338 3278 3391 sed
3330 3333 3591 3400 ejusmodi

2019 3448 2078 3492 ut
2133 3435 2248 3490 sola
2298 3443 2480 3488 mente
2517 3432 2864 3487 contuendus
2915 3430 3006 3490 sit,
3042 3429 3085 3482 si
3137 3428 3223 3482 cui
3267 3425 3430 3480 etiam
3490 3422 3594 3476 ali-

2018 3529 2232 3598 quando
2262 3526 2314 3581 id
2368 3525 2678 3592 contigerit.
2708 3522 2854 3577 Sane
2883 3536 3005 3576 cum
3037 3519 3177 3573 Deus
3209 3517 3592 3572 universorqu

2019 3620 2092 3676 sit
2119 3619 2393 3680 conditor,
2421 3615 2843 3686 haudquaquam
2897 3629 2961 3667 ex
3003 3612 3255 3666 omnibus
3286 3623 3448 3662 unum
3496 3604 3596 3658 ali-

2018 3711 2147 3780 quid
2179 3711 2296 3778 ipse
2325 3707 2566 3772 exsistit,
2612 3717 2846 3774 cumque
2891 3704 3072 3757 oumia
3098 3710 3360 3771 permeet,
3392 3699 3442 3751 iu
3487 3711 3596 3747 uno

2022 3801 2242 3855 minime
2271 3806 2451 3867 potest
2503 3795 2906 3865 repraesentari.
2949 3793 3140 3860 Itaque
3183 3788 3463 3856 legislator
3502 3784 3594 3837 ltei

2021 3889 2360 3946 solummodo
2407 3888 2640 3951 ratione,
2688 3894 2856 3952 atque
2906 3884 2980 3936 ita
3040 3892 3099 3934 ut
3167 3880 3395 3946 ipsemet
3449 3874 3594 3942 pingi

2019 3981 2293 4044 credatur,
2331 3978 2624 4048 imaginum
2670 3974 2931 4028 fabricam
2961 3969 3237 4025 interdixit
3262 3984 3278 4032 ;
3303 3980 3402 4020 nec
3435 3963 3596 4017 aliam

2021 4073 2194 4127 fuisse
2224 4077 2458 4124 mentem
2492 4081 2666 4129 suam,
2692 4064 2901 4134 priums
2935 4062 3046 4130 ipse
3067 4057 3322 4116 ostendit.
3357 4057 3402 4111 si
3441 4055 3598 4108 modo

2020 4165 2144 4235 quis
2169 4177 2231 4218 ea
2264 4175 2384 4230 qua:
2412 4159 2481 4215 ab
2511 4159 2630 4227 ipso
2668 4155 2868 4223 scripta
2899 4164 3026 4208 sunt
3064 4160 3208 4206 recte
3259 4146 3595 4217 inspexerit:

2022 4271 2145 4312 nam
2181 4254 2337 4326 quasi
2383 4252 2453 4308 de
2509 4247 2619 4306 Deo
2661 4249 2890 4317 loquens
2953 4245 3116 4314 inque
3161 4257 3284 4298 eum
3337 4241 3600 4293 duntaxat

2022 4362 2327 4404 sermonem
2372 4344 2638 4410 referens,
2698 4340 2774 4396 ita
2842 4339 3070 4409 quodam
3119 4337 3236 4390 loco
3276 4332 3596 4401 subiungit:

2026 4439 2148 4493 Non
2192 4436 2443 4491 adorabis
2487 4452 2572 4498 ea,
2594 4445 2642 4488 et
2683 4449 2787 4486 non
2815 4432 3003 4486 servies
3039 4429 3112 4482 eis
3139 4441 3160 4482 :
3186 4443 3276 4496 ego
3309 4425 3445 4478 enim
3481 4437 3598 4475 sum

347 4523 560 4586 ἐννοίας
598 4523 803 4586 λαὸὼν,
845 4521 1026 4592 ἐαυτῷ
1056 4521 1347 4592 τολμηρῶς
1377 4519 1754 4574 ἀναπλάσεται
1776 4533 1790 4548 ’
1831 4510 1915 4570 οἶα

2028 4529 2280 4584 Dominus
2318 4528 2454 4583 Deus
2480 4539 2622 4590 tuus,
2657 4525 2795 4579 Deus
2835 4521 3117 4577 wumlator
3144 4519 3208 4573 ¹¹.
3239 4517 3402 4585 Impia
3447 4529 3598 4567 nam-

349 4616 479 4683 παρ’
507 4614 765 4685 Ἕλλησιν
789 4613 1005 4676 ἀσεϐῶς
1035 4613 1335 4684 ἐτολμήθη,
1361 4613 1455 4666 καὶ
1475 4611 1609 4664 Θεὸν
1630 4609 1921 4680 ζητοῦντες

348 4707 450 4760 οὐκ
505 4706 617 4759 ἀνω
673 4704 736 4758 τὸ
773 4703 930 4774 ὃμμα
968 4704 1068 4773 τῆς
1099 4703 1278 4776 ψυχῆς
1328 4704 1559 4766 ἔτειναν,
1606 4701 1726 4759 οὐδὲ
1781 4699 1922 4769 ὑπὲρ

350 4795 544 4865 αἰθέρα
586 4797 680 4848 καὶ
721 4793 951 4866 οὐρανὸν
986 4793 1064 4868 τῷ
1114 4792 1190 4864 νῷ
1245 4793 1648 4861 κουφισθέντες,
1687 4792 1804 4843 ἐκεῖ
1842 4790 1923 4842 δι-

350 4889 727 4957 ηρευνήσαντο
749 4887 810 4940 τὸ
833 4885 1172 4956 ποθούμενον
1191 4902 1203 4913 ·
1247 4886 1361 4938 ἀλλ’
1396 4887 1475 4947 είς
1523 4883 1628 4953 γῆν
1669 4884 1764 4936 καὶ
1791 4881 1924 4950 ῦλην

353 4975 788 5044 κατενεχθέντες,
818 4977 910 5029 καὶ
946 4979 1130 5030 πᾶσαν
1171 4975 1351 5029 αὐτῶν
1382 4976 1482 5046 τὴν
1529 4974 1724 5042 σοφίαν
1776 4971 1926 5026 κάτω

354 5073 718 5136 κενώσαντες,
749 5074 819 5125 τὰ
854 5073 1092 5143 φανέντα
1125 5073 1258 5126 Θεὸν
1309 5073 1710 5142 ἀνηγόρευσαν.
1751 5071 1813 5123 ΕΞ
1865 5069 1923 5121 δέ

286 5169 292 5176 ’
352 5182 433 5228 τις
463 5164 623 5235 ἀνὴρ,
674 5165 707 5236 ἢ
746 5165 967 5236 βασιλέα
1003 5166 1196 5235 τιμῶν,
1228 5166 1260 5234 ἢ
1312 5164 1618 5236 στρατηγὸν
1649 5163 1854 5234 ὑμνῶν,
1896 5161 1929 5230 ἢ

354 5256 580 5327 ἀριστέα
629 5256 963 5326 θαυμάζων,
1009 5256 1222 5318 εἰκόνας
1295 5255 1474 5308 αὐτῶν
1534 5253 1926 5325 ἀπεργάζεται,

353 5337 616 5417 ἀδικῆσαι
663 5345 820 5418 οἶμαι
867 5350 1039 5413 οὐδὲν,
1071 5351 1138 5412 εἰ,
1171 5349 1229 5402 ὃν
1259 5351 1478 5404 ἐπαινεί
1531 5351 1597 5419 τῇ
1643 5350 1790 5419 ψυχῇ
1837 5348 1931 5400 καὶ

351 5437 494 5494 οἶδεν
541 5441 862 5511 ὀφθαλμοῖς,
914 5444 1256 5512 παραστήσει
1298 5445 1410 5506 τοῖς
1451 5441 1734 5511 χρώμασι·
1772 5441 1930 5511 μόνον

355 5533 430 5600 μὴ
485 5533 760 5602 τιμάσθω,
807 5535 948 5586 κατά
1003 5537 1128 5598 τοὺς
1181 5534 1408 5587 ἐκ;ίνων
1467 5533 1778 5603 φληνάφους
1837 5531 1930 5583 καὶ

352 5625 575 5695 λήρους,
603 5625 677 5688 ῶς
718 5626 849 5690 Θεὸς
882 5645 1006 5680 ποτε
1043 5628 1102 5680 τὸ
1132 5629 1416 5698 γινόμενον
1439 5644 1450 5656 ·
1478 5627 1636 5680 τοῦτο
1673 5627 1781 5697 γὰρ
1823 5625 1924 5696 ἠδη

429 5804 469 5836 ¹¹
507 5805 665 5859 Dt‘ttl.
703 5819 754 5869 ι’,
797 5811 848 5863 0.

2027 4636 2131 4690 que
2156 4621 2434 4675 temeritas
2461 4634 2526 4671 ac
2559 4618 2719 4686 plane
2739 4615 2951 4669 absona
2981 4611 3240 4682 cogitatio
3273 4617 3373 4670 est,
3405 4607 3448 4659 si
3479 4604 3602 4673 quis

2027 4727 2266 4782 unquam
2299 4713 2462 4765 Deum
2489 4708 2637 4764 omni
2684 4706 3023 4776 superiorem
3068 4713 3262 4757 natura
3313 4709 3476 4766 atque
3513 4712 3602 4748 es-

2028 4806 2202 4860 sentia
2246 4803 2570 4868 notitiaquc,
2597 4813 2756 4867 quem
2819 4809 2977 4849 nemo
3011 4793 3147 4848 vidit
3185 4805 3359 4858 neque
3404 4787 3602 4858 poterit

2030 4896 2238 4958 videre,
2261 4892 2362 4947 sibi
2392 4891 2492 4960 ipsi
2532 4891 2791 4943 audacter
2835 4885 3184 4949 conﬁnxerit,
3214 4892 3437 4950 accepta
3484 4880 3602 4949 ejus

2034 4988 2201 5056 figura
2234 4985 2517 5051 formaque
2537 4995 2602 5034 ex
2629 4977 3016 5047 rebus,qttaain
3043 4975 3234 5030 oculos
3265 4975 3549 5026 incurrunt
3585 4983 3600 5021 :

2033 5091 2091 5133 ut
2144 5078 2323 5142 facere
2383 5072 2547 5140 impie
2591 5076 3059 5140 praesumpserunt
3091 5104 3107 5130 ,
3166 5065 3256 5134 qui
3322 5062 3603 5132 gentilium

2031 5187 2218 5228 errore
2268 5169 2624 5224 tenebantur:
2672 5173 2724 5220 et
2757 5164 2924 5218 Demn
2956 5169 3262 5232 quaerentes
3288 5174 3392 5211 non
3432 5156 3608 5208 inlen-

2033 5266 2226 5318 dernnt
2270 5274 2484 5314 sursum
2546 5255 2710 5309 animi
2758 5253 2951 5317 aciem,
2986 5264 3163 5318 neque
3212 5263 3378 5316 super
3402 5245 3603 5298 :elltcra

2031 5355 2334 5423 caelumque
2366 5360 2543 5403 mente
2575 5345 2740 5402 erecti
2768 5344 2879 5400 illic
2913 5341 3284 5397 desideratum
3306 5335 3601 5402 investiga-

2039 5453 2200 5509 runt;
2250 5443 2344 5496 sed
2391 5442 2458 5494 ad
2519 5449 2718 5493 terram
2769 5451 2965 5505 resque
3027 5431 3252 5488 materia
3319 5438 3608 5482 concretus

2038 5535 2300 5605 tlept'cssi,
2334 5543 2389 5587 et
2444 5547 2658 5587 omnem
2722 5529 3046 5601 sapientiam
3099 5541 3251 5580 suam
3318 5520 3464 5576 humi
3528 5519 3607 5571 el-

2037 5625 2342 5689 lundentcs,
2379 5638 2465 5678 res
2497 5623 2595 5677 sub
2637 5622 2888 5677 obtutum
2930 5619 3189 5675 cadentes
3251 5614 3344 5668 Dei
3395 5608 3606 5666 numine
