4158 6348
610 401 687 464 95

1604 417 1665 477 S.
1710 417 2126 481 NICEPHORI
2165 422 2672 486 PATRIARCHA'I
2711 426 2828 486 (ΣΡ.

3808 425 3896 489 96

611 518 988 587 indigitarunt.
1017 521 1112 577 Sin
1157 537 1338 581 autem
1385 528 1654 597 quispiam
1693 547 1758 586 ea
1791 536 2172 605 ratione,un

2295 538 2468 603 ἐστὶν,
2509 540 2536 592 ὃ
2583 542 2677 593 καὶ
2727 539 2968 608 Μωῦσῆς
3015 537 3295 607 ἀπείργει,
3345 536 3440 589 καὶ
3486 536 3515 588 ό
3569 542 3890 609 χριστιανὸς

609 609 695 661 vel
751 611 1130 679 imperatorem
1181 618 1388 671 honore
1432 633 1816 690 prosequatur,
1851 624 1934 680 vel
1991 626 2184 681 ducem

611 698 896 766 celebret,
952 701 1045 758 aut
1099 707 1262 759 etiam
1325 709 1504 762 virum
1582 711 1779 766 fortem
1839 717 2181 772 admirationi

613 788 834 853 habeat,
874 792 1086 847 illorum
1123 797 1413 853 simulacra
1453 802 1742 866 conﬁciat;
1786 805 1920 859 nihil
1977 807 2185 873 injuriae

613 881 880 935 facturum
944 895 1089 952 puto,
1139 898 1232 940 aut
1279 900 1647 958 peccaturum,
1704 894 1746 949 si
1797 911 1955 963 quem
2003 898 2184 953 laudat

609 974 811 1036 animo,
843 975 1092 1045 videtque
1120 980 1317 1043 oculis,
1354 983 1605 1050 penicillo
1641 999 1704 1038 ac
1744 987 2034 1041 -coloribtts
2092 1004 2182 1041 re-

607 1076 889 1130 prieseutet
919 1083 950 1132 ;·
969 1083 1032 1120 eo
1063 1071 1223 1123 modo
1247 1073 1536 1134 duntaxat,
1566 1084 1622 1128 ut
1646 1077 1789 1143 quod
1818 1077 1936 1130 talis
1961 1079 2184 1146 pictura:

607 1165 722 1206 arte
753 1156 1006 1221 ellicitur,
1040 1175 1318 1228 nunquam
1350 1173 1408 1215 ut
1458 1163 1598 1217 Deus
1627 1168 1839 1219 colatur
1867 1168 2020 1234 juxta
2054 1184 2184 1239 gen-

609 1240 780 1293 tilium
815 1259 983 1309 uugas
1014 1257 1177 1314 atque
1205 1250 1415 1305 deliria.
1442 1249 1498 1304 Id
1539 1255 1816 1309 enimvero
1855 1257 1982 1310 olim
2018 1259 2180 1312 etiam

606 1329 816 1401 Moyses
847 1338 1035 1398 vetuit,
1075 1349 1129 1390 et
1185 1357 1330 1394 nunc
1378 1343 1494 1396 odit
1529 1343 1612 1398 lex
1658 1345 1994 1415 Christiana,
2041 1349 2183 1404 Deus

605 1431 786 1476 autem
819 1426 932 1478 tieri
972 1428 1192 1494 indigne
1231 1430 1412 1488 ferens
1442 1449 1456 1488 :
1483 1434 1721 1490 Gloriam
1750 1437 2199 1508 meam,inquit",

607 1510 762 1564 alteri
793 1531 894 1567 non
916 1517 1073 1573 dabo.
1103 1521 1204 1588 Qui
1239 1525 1320 1580 sic
1359 1525 1686 1594 legislatoris
1723 1529 1864 1584 dicta
1905 1532 2178 1603 intelligit,

609 1617 799 1668 purum
843 1616 898 1659 et
928 1624 1181 1665 serenum
1215 1615 1380 1669 animi
1423 1604 1668 1671 oculum.
1708 1631 1913 1686 servat,
1974 1622 2182 1691 ipsum-

607 1706 710 1756 que
734 1695 822 1760 qni
856 1714 1070 1752 onmem
1115 1704 1449 1760 mutationis.
1476 1706 1649 1761 aleam
1699 1707 1835 1777 fugit
1868 1711 2180 1765 immutabi-

608 1782 732 1836 liter
783 1789 1157 1857 considerans,
1200 1794 1271 1848 ita
1303 1796 1371 1849 de
1417 1812 1484 1852 eo
1515 1800 1738 1867 cogitat,
1763 1810 1823 1853 ut
1860 1801 2006 1855 nulla
2051 1817 2176 1858 eum

2292 629 2458 698 νόμος
2509 633 2682 699 μισεῖ,
2717 630 2811 682 καὶ
2857 628 2991 690 Θεὸς
3037 627 3291 696 γενέσθαι
3325 627 3386 678 οὐ
3431 625 3713 696 βούλεται⁹
3758 631 3890 697 Τὴν

2289 722 2400 793 γάρ
2433 723 2609 791 ἐμὴν,
2664 723 2816 793 φησὶ,
2844 720 3035 784 δόξαν
3067 718 3272 786 ἑτέρῳ,
3295 720 3368 772 οὐ
3401 717 3594 778 δώσω.
3641 721 3740 784 ⁸ος
3776 722 3889 791 μὲν

2289 813 2461 877 οὕτως
2491 815 2675 867 ἐπαΐει
2705 813 2810 865 τῶν
2845 810 2941 864 τοῦ
2973 811 3269 881 νομοθέτου
3315 809 3536 876 λογίων,
3573 811 3888 881 ἀκραιφνὲς

2293 903 2394 972 μέν
2424 903 2573 974 αὐτῷ
2603 906 2849 972 τηρεῖται
2879 903 2977 971 τῆς
3008 901 3254 964 διανοίας
3284 899 3345 954 τὸ
3373 901 3550 971 ὄμμα,
3587 902 3885 974 ἀτρέπτως

2287 994 2345 1047 δὲ
2373 995 2433 1048 τὸ
2458 995 2724 1064 ἄτρεπτον
2752 993 3024 1064 καθορῶν,
3063 993 3125 1046 οὑ
3152 992 3344 1057 τύπον,
3377 993 3438 1045 οῦ
3471 993 3674 1063 χρῶμα
3705 1012 3877 1067 περι-

2294 1086 2432 1137 ιέναι
2469 1087 2659 1148 ἐννοεῖ,
2701 1087 2761 1138 οὐ
2791 1085 2958 1138 τόπον
2991 1085 3021 1154 ἢ
3053 1085 3267 1155 χρόνον,
3296 1084 3328 1156 ἢ
3369 1085 3471 1138 ὅσα
3503 1086 3732 1140 τοιαῦτα
3764 1105 3876 1142 3w-

2291 1180 2476 1247 μάτων
2507 1179 2631 1242 ίδια,
2659 1179 2797 1249 πρὸς
2825 1178 2997 1232 ἐαυτά
3029 1179 3122 1230 τὸν
3161 1178 3286 1231 νοῦν
3313 1177 3402 1232 διά
3429 1177 3537 1232 τῶν
3571 1178 3876 1251 ὀφθαλμῶν

2289 1267 2680 1339 ἐπισπώμενα·
2739 1269 2855 1322 ἀλλ’
2913 1268 3080 1322 αὑτοῦ
3134 1286 3237 1321 που
3277 1270 3406 1340 περὶ
3458 1269 3519 1322 τὸ
3574 1270 3874 1342 ἀσώματον

2286 1358 2479 1411 ἐαυτὸν
2507 1360 2752 1429 ἐρείδων,
2792 1361 3049 1431 ἀκίνητός
3076 1377 3137 1412 τε
3183 1361 3278 1428 καὶ
3331 1360 3580 1432 ἀτρεμὴς
3632 1364 3761 1433 περὶ
3807 1364 3869 1416 τὸ

2287 1447 2490 1518 ἀγαθὸν
2517 1451 2769 1522 ἕστηκεν,
2801 1452 3068 1505 άθόλωτόν
3095 1469 3154 1505 τε
3196 1452 3290 1505 καὶ
3323 1451 3506 1524 ἀπαθῆ
3535 1454 3634 1524 τὴν
3667 1455 3866 1508 ἐαυτοῦ

2288 1539 2581 1609 φυλάττων
2611 1544 2914 1612 ἐνέργειαν.
2963 1541 3021 1596 '0
3065 1543 3120 1596 δέ
3152 1543 3327 1605 άλλως
3360 1543 3540 1597 αὐτῶν
3573 1543 3866 1616 ἀκροώμε-

2286 1647 2398 1694 νος,
2429 1633 2524 1687 καὶ
2582 1633 2721 1704 πρὸς
2752 1634 2812 1686 τὺ
2842 1634 3020 1696 ἀειδὲς
3067 1622 3142 1687 τε
3176 1636 3269 1687 καὶ
3306 1633 3491 1704 νοερὸν
3554 1635 3864 1704 ἰλιγγιάσας

2287 1723 2481 1794 ἀτονίιτ⁴
2504 1721 2706 1793 ψυχῆς,
2738 1724 2839 1794 τῆς
2885 1727 3014 1794 περὶ
3052 1723 3189 1777 Θεοῦ
3231 1724 3605 1795 ἁπολισθήσας
3654 1727 3862 1790 ἐννοίας

2287 1811 2521 1878 ἀστατος
2552 1809 2722 1884 λήθης
2747 1814 2932 1868 πεδίον
2961 1814 3182 1879 ἀλᾶται,
3216 1832 3282 1868 πε
3293 1815 3348 1887 pi.
3371 1815 3602 1886 σώματα
3636 1819 3729 1870 καὶ⁵
3755 1819 3860 1887 γῆν

611 1876 779 1945 tigura
816 1881 1100 1952 imllusque
1125 1886 1278 1940 color
1305 1887 1538 1957 alliciat;
1572 1907 1679 1944 non
1721 1892 1868 1946 locus
1903 1904 1998 1946 aut
2029 1903 2167 1949 tem-

2276 1903 2514 1957 είλυσπὼ
2522 1923 2677 1974 μενος
2689 1947 2702 1960 .

607 1983 706 2035 pus
735 1972 819 2024 vel
851 1974 1025 2042 siqua
1067 1977 1332 2045 ejusmodi
1383 1994 1672 2050 corporum
1737 1986 1960 2053 propria
2033 1989 2318 2048 oculorum
2383 1972 2687 2050 ministerio
2749 2012 2958 2067 usuque
3004 1996 3249 2050 alliciant
3301 1999 3588 2054 animum:
3629 2001 3724 2055 sed
3783 2001 3859 2065 illi

607 2063 898 2128 iuba-rens,
936 2067 1026 2134 qu—i
1062 2070 1208 2122 Omni
1256 2082 1410 2125 vacat
1457 2088 1711 2139 corpore,
1765 2076 2060 2132 immobilis
2116 2096 2179 2136 ac
2222 2085 2436 2150 quietus
2491 2089 2636 2142 circa
2691 2089 2892 2142 bonum
2971 2088 3258 2151 consistit;
3289 2090 3542 2159 quodque
3601 2102 3859 2160 operatur

603 2152 1051 2220 imperturbatum
1093 2175 1398 2228 purumque
1452 2166 1708 2218 custodit.
1755 2166 1855 2231 Qui
1913 2183 2041 2221 vero
2086 2171 2199 2227 haec
2259 2175 2364 2230 alia
2435 2179 2644 2233 ratione
2679 2179 2850 2240 audit.
2909 2190 3074 2248 atque
3109 2179 3176 2232 ad
3253 2177 3346 2233 Dei
3385 2189 3635 2233 naturam
3687 2180 3855 2250 ﬁgura

595 2245 749 2296 omni
794 2262 858 2298 ac
914 2248 1268 2320 intelligentia
1311 2256 1650 2323 superiorem
1700 2273 1809 2326 prae
1851 2259 2023 2314 animi
2070 2261 2447 2325 imbecillitate
2485 2285 2746 2325 exerrans
2783 2287 2811 2324 a
2850 2269 2941 2324 Dei
2985 2271 3188 2326 excidit
3232 2271 3532 2338 intellectu,
3583 2273 3854 2329 instabilis

599 2349 919 2409 pervagatur
949 2344 1244 2400 oblivioiiis
1284 2362 1560 2418 campum,
1607 2351 1678 2404 ita
1712 2362 1768 2405 ut
1809 2354 1956 2409 circa
1997 2371 2226 2426 corpora
2264 2361 2596 2434 humumque
2660 2366 2803 2420 velut
2844 2379 3003 2419 cteno
3047 2381 3280 2432 mersus,
3316 2367 3565 2424 attollere
3616 2383 3736 2425 sese
3783 2368 3850 2422 ad

597 2444 781 2484 veram
815 2434 1116 2490 divinitatis
1144 2440 1510 2508 cognitionem
1545 2458 1650 2496 non
1691 2445 1882 2513 possit.

670 2595 758 2649 44.
795 2597 934 2662 Quid
967 2608 1144 2653 autem
1198 2601 1243 2655 si
1297 2603 1445 2672 ipsos
1481 2620 1700 2676 quoque
1749 2619 1968 2667 sanctos
2004 2614 2169 2678 viros,

591 2685 690 2752 qui
723 2700 786 2738 ex
816 2685 981 2740 Mosis
1027 2689 1293 2746 institutis
1323 2693 1594 2759 vixerunt,
1626 2712 1746 2752 eam
1804 2715 1908 2754 non
1930 2717 2175 2758 servasse

599 2776 769 2844 legem
805 2781 1117 2842 ostendero.
1153 2797 1250 2837 nec
1284 2786 1350 2838 ab
1375 2800 1564 2840 eorum
1596 2790 1910 2847 simulacris
1940 2797 2170 2860 cavisse.

591 2884 716 2936 quae
748 2871 798 2922 iu
830 2873 972 2926 ctrlo
1033 2885 1161 2928 sunt
1192 2877 1353 2945 inque
1386 2888 1526 2932 terra
1558 2896 1622 2935 ac
1658 2884 1834 2959 mari,
1860 2894 1916 2939 ut
1953 2887 2170 2955 quidem

589 2961 743 3028 anta
765 2964 906 3029 quod
941 2965 1054 3031 ipse
1085 2965 1368 3022 indeﬁnite
1407 2969 1682 3042 intelligis,
1702 2990 1883 3031 sermo
1935 2980 2171 3046 accipia-

595 3063 704 3116 tur,
722 3052 960 3121 legisque
977 3057 1246 3110 sententia
1271 3059 1294 3111 ?
1315 3058 1544 3114 IMPER.
1568 3063 1869 3130 Quomodo,
1891 3081 2065 3136 quave
2085 3086 2167 3122 ra-

593 3143 784 3196 tione?
815 3144 1016 3199 ΡΑτιι.
1045 3146 1299 3216 Nunquid
1330 3162 1379 3204 te
1409 3150 1566 3222 fugit,
1599 3170 1632 3209 0
1683 3155 1998 3226 imperator,
2034 3175 2168 3227 quo-

596 3233 758 3286 modo
783 3233 1037 3288 Salomon
1090 3240 1689 3307 templnmexstrnens,
1747 3263 1896 3300 mare
1959 3265 2164 3303 aeneum

592 3323 737 3378 intra
765 3329 948 3396 templi
989 3340 1138 3399 septa
1171 3330 1472 3389 fabricatus
1500 3336 1594 3402 sit,
1627 3338 1678 3390 in
1709 3354 1814 3406 quo
1845 3344 2160 3396 sacerdotes

2347 2612 2450 2680 μδν.
2483 2611 2550 2664 Τί
2579 2606 2694 2676 οῦν,
2739 2611 2790 2663 εί
2842 2611 2936 2664 καὶ
2983 2612 3183 2674 αὐτοὺς
3234 2611 3480 2675 ἐκείνους
3529 2614 3656 2675 τοὺς
3703 2619 3854 2671 κατά

2277 2701 2560 2765 Μωῦσέως
2584 2702 3080 2772 πολιτευσαμένους
3110 2702 3308 2773 ἄνδρας
3332 2702 3534 2766 ὁσίους,
3575 2702 3648 2775 μὴ
3671 2720 3851 2775 πεφυ-

2274 2792 2508 2862 λαχότας
2539 2791 2690 2846 τόνδε
2719 2791 2980 2856 ἐπεδείξω
3005 2792 3099 2844 τὸν
3122 2791 3313 2861 νόμον,
3341 2792 3475 2863 μηδέ
3502 2794 3848 2862 πεφευγότας

2274 2884 2382 2938 τῶν
2407 2882 2638 2954 οὐρανοῦ
2685 2883 2781 2936 καὶ
2817 2884 2910 2935 ἐπὶ
2943 2885 3067 2954 γῆς,
3097 2882 3131 2954 ἢ
3166 2882 3276 2935 τῶν
3309 2883 3368 2936 ἐν
3401 2882 3646 2957 θαλάσσῃ
3672 2888 3846 2938 ποιεῖν

2272 2974 2345 3027 τά
2374 2974 2698 3042 ἰνδάλματα,
2742 2971 2967 3025 είκατά
3015 2971 3116 3033 τὰς
3152 2970 3251 3034 σάς
3297 2972 3586 3043 ἀορίστους
3633 2974 3845 3038 ἐννοίας

2274 3067 2444 3119 νοοῖτο
2466 3065 2494 3117 ό
2510 3063 2666 3132 λόγος
2689 3079 2704 3130 ;
2751 3065 2793 3116 Ο
2835 3062 3033 3116 ΒΑΣΙΛ
3044 3063 3192 3116 ΕΥΣ.
3214 3061 3336 3127 Πῶς
3357 3065 3454 3118 καὶ
3479 3064 3595 3118 τίνα
3610 3066 3841 3136 τρόπον;

2273 3159 2314 3212 Ο
2365 3157 2823 3211 ΠΑΤΡΙΑΡΧΗΣ.
2867 3154 3001 3210 Μῶν
3047 3156 3146 3208 οὐκ
3176 3157 3441 3227 ἀκήκοας,
3487 3150 3532 3210 ὦ
3597 3157 3840 3228 βασιλεῦ,

2270 3245 2346 3309 ὡς
2375 3245 2676 3317 οἰκοδομῶν
2707 3244 2799 3298 τὸν
2827 3243 2964 3298 νεὼν
3012 3245 3286 3315 Σολομὼν,
3325 3246 3427 3316 τὴν
3460 3245 3670 3316 χαλκῆν
3695 3247 3842 3301 ἐκεί-

2271 3355 2370 3406 νην
2392 3336 2486 3391 τοῦ
2515 3335 2662 3407 ἱεροῦ
2684 3335 2988 3407 περιῦόλων
3009 3336 3160 3399 ἐντὸς
3187 3335 3520 3406 ἐτεκτήνατο
3545 3335 3840 3401 θάλασσαν,

593 3416 936 3471 victimarum
991 3422 1255 3490 sanguine
1305 3423 1538 3479 fmdatas
1580 3424 1773 3485 manus
1816 3431 2166 3499 proluerent?

2276 3431 2328 3482 ἐν
2425 3430 2522 3492 τὰς
2557 3432 2744 3500 χεῖρας
2773 3431 2822 3482 οἱ
2879 3429 3045 3499 ἱερεῖς
3089 3428 3284 3497 αἵματι
3325 3428 3420 3480 καὶ
3451 3425 3636 3498 λύθρῳ
3663 3444 3842 3482 πεπα-

589 3505 707 3572 Qua
735 3507 901 3576 igitur
928 3511 1043 3564 basi
1079 3512 1204 3565 illud
1233 3525 1444 3570 tantum
1464 3534 1597 3584 opus
1613 3521 1942 3589 suspendit?
1978 3540 2162 3580 nonne

592 3597 768 3651 bobus
798 3599 1082 3654 duodecim
1115 3618 1222 3656 aere
1246 3602 1398 3670 fusis,
1443 3608 1616 3677 iisque
1643 3613 1964 3679 suppositis,
1997 3631 2160 3684 Sttpt'l'

596 3685 719 3742 illos
741 3704 886 3744 mare
917 3692 1206 3761 explicavit
1240 3695 1262 3747 τί
1292 3695 1406 3762 Qua
1441 3699 1606 3768 igitur
1639 3702 1850 3757 ratione
1873 3704 2042 3774 legrm
2066 3707 2164 3760 ob-

590 3789 793 3844 servat,
857 3782 1006 3837 bovis
1050 3786 1454 3843 similitudinem
1519 3791 1746 3858 faciens,
1805 3797 1858 3849 in
1933 3797 1998 3851 iis
2045 3814 2166 3868 qua:

589 3873 962 3926 consecravit?
1007 3873 1100 3928 llis
1140 3886 1266 3945 puto
1301 3878 1388 3932 ille
1420 3879 1700 3947 indicavit,
1756 3887 1902 3953 paris
1955 3890 2162 3944 muneri

589 3961 814 4016 chorum
854 3965 1262 4033 Apostolorum,
1289 3971 1376 4037 qui
1422 3970 1565 4024 velut
1617 3974 1801 4029 boviui
1863 3979 2044 4046 operis
2097 3982 2163 4033 ad

589 4055 878 4109 serendum
954 4062 1174 4112 verbum
1231 4063 1508 4132 sapientes
1585 4067 1849 4134 magistri,
1907 4073 2162 4124 mundum

589 4142 757 4208 hunc,
786 4147 838 4200 id
883 4158 988 4210 est,
1022 4166 1190 4214 mare,
1227 4155 1444 4220 pietatis
1481 4155 1694 4210 cultura
1748 4161 2056 4224 sublevant,
2084 4163 2165 4214 iii-

2267 3521 2546 3591 λαγμένας
2573 3520 2896 3591 ἐκάθαιρον;
2939 3519 3060 3572 Ἐπὶ
3096 3519 3258 3572 τίνων
3285 3515 3381 3572 οῦν
3411 3518 3616 3590 ταύτην
3640 3518 3836 3592 ἀπῃώ-

2273 3631 2476 3686 ρησενς
2535 3613 2670 3682 Οὐχὶ
2727 3611 3056 3665 δυοκαίδεκα
3085 3610 3214 3681 βόας
3251 3610 3556 3682 χαλκεύσας
3590 3613 3683 3666 καὶ
3719 3610 3839 3664 τού-

2264 3722 2391 3767 τους
2424 3703 2668 3767 ὑποθεὶς,
2719 3703 2805 3755 ἐπ’
2839 3700 3021 3756 αὐτῶν
3074 3703 3176 3772 τὴν
3224 3701 3502 3756 θάλασσαν
3552 3702 3838 3772 ἦπλωσενς

2267 3797 2391 3859 Πῶς
2419 3791 2510 3848 οὖν
2541 3793 2800 3864 φυλάττει
2833 3793 2925 3847 τὸν
2955 3793 3140 3865 νόμον,
3173 3793 3429 3865 ὁμοίωμα
3472 3794 3612 3864 βοῶν
3646 3795 3706 3846 ἐν
3729 3795 3840 3856 τοῖς

2265 3888 2610 3958 τελουμένοις
2640 3887 2789 3958 αὑτῷ
2815 3888 3180 3959 ποιησάμενος
3209 3902 3225 3952 ;
3275 3887 3352 3940 At’
3387 3877 3484 3953 ὧν,
3518 3881 3696 3956 οἶμαι,
3733 3885 3838 3938 ὕπ-

2267 3980 2530 4050 έγραφεν,
2578 3978 2654 4044 ὡς
2706 3980 2817 4034 τῶν
2866 3979 3180 4033 ἀποστόλων
3220 3977 3505 4049 ίσάριθμος
3554 3977 3740 4047 χορὸς,
3787 3975 3840 4030 oi

2267 4074 2420 4139 σοφοὶ
2448 4071 2542 4124 τοῦ
2583 4071 2743 4138 λόγου
2791 4071 3138 4142 βουεργάται,
3170 4069 3320 4124 τόνδε
3351 4069 3445 4123 τὸν
3478 4069 3699 4140 κόσμον,
3741 4067 3839 4139 τὴν

2265 4161 2558 4228 θάλασσαν,
2592 4164 2672 4226 είς
2706 4162 2839 4233 ὕψος
2861 4165 3108 4235 αἴροντες
3131 4166 3200 4234 τῇ
3224 4163 3494 4234 γεηπονίᾳ
3540 4164 3640 4231 τῆς
3680 4161 3838 4214 εὐσε-

587 4251 696 4305 que
722 4235 891 4291 altum
951 4240 1224 4307 tollentes,
1255 4246 1482 4312 pollutas
1522 4249 1860 4304 victimarum
1902 4255 2165 4321 sanguine

2276 4259 2437 4324 5είας,
2469 4258 2884 4330 μεμολυσμένας
2914 4260 3110 4329 αἵμασι
3137 4258 3341 4313 θυσιῶν
3366 4258 3476 4312 τῶν
3511 4259 3703 4328 ίερέων
3738 4257 3838 4318 τὰς

588 4330 933 4383 sacerdotum
965 4348 1160 4388 manus
1208 4338 1489 4402 inundant,
1517 4341 1917 4412 deterguntqne
1987 4345 2164 4412 limpi-

589 4419 832 4507 dissimis‘
856 4421 1118 4478 doctrina:
1168 4425 1443 4496 laticibus,
1479 4442 1538 4485 ut.
1589 4433 1657 4486 ab
1684 4435 1790 4488 illis
1818 4435 2035 4490 abducti
2080 4439 2163 4491 in-

583 4526 868 4569 cruentam
937 4519 1142 4574 domini
1203 4523 1436 4580 hostiam
1499 4528 1750 4584 oll'erant.
1801 4530 1939 4596 Quid
2014 4547 2160 4596 vero,

582 4602 829 4662 diversas
891 4609 1162 4682 longeque
1217 4618 1486 4685 pretiosas
1516 4623 1674 4676 sedes
1705 4633 1946 4688 struens,
1983 4640 2161 4680 nonne

2268 4354 2456 4422 χεῖρας
2510 4352 2803 4422 ἐκάθαιρόν
2837 4370 2897 4405 τε
2933 4353 3028 4406 καὶ
3063 4352 3305 4424 ἔσμηχον
3333 4353 3434 4422 τῆς
3485 4351 3836 4413 διδασκαλίας

2267 4446 2378 4507 τοῖς
2410 4444 2672 4515 νάμασιν,
2698 4445 2783 4497 ῖνα
2813 4444 3040 4497 ἐκείνων
3070 4444 3477 4512 ἀπαλλαγέντες
3502 4443 3838 4512 ἀναίμακτον

2268 4536 2460 4590 θυσίαν
2492 4535 2570 4606 τῷ
2597 4537 2844 4608 Δεσπότῃ
2895 4538 3297 4608 προσφέρωσιν,
3353 4537 3417 4589 Τί
3441 4533 3521 4598 δὲ,
3561 4534 3837 4596 ποικίλους

2266 4627 2359 4679 καὶ
2391 4627 2707 4691 πολυτελεῖς
2737 4629 3155 4692 κατασκευάσας
3183 4628 3406 4694 θάκους,
3424 4629 3491 4681 οὐ
3517 4627 3749 4680 λεόντων
3779 4629 3836 4679 ἐν

589 4699 800 4754 leonum
837 4702 888 4754 in
941 4705 1021 4759 eis
1073 4704 1276 4776 ﬁguras
1328 4711 1668 4781 collocabat;
1703 4715 1775 4769 ita
1831 4718 2063 4782 scilicet,
2101 4727 2158 4771 ut

2276 4720 2453 4783 αὐτοῖς
2503 4719 2670 4773 ἐτίθει
2723 4721 2957 4791 μορφάς,
2996 4721 3125 4784 τοὺς
3179 4722 3277 4791 μὲν
3321 4721 3527 4774 ἀνωθεν
3567 4719 3661 4773 ἐπὶ
3709 4719 3836 4780 τοὺς

583 4788 721 4843 alios
741 4792 956 4858 quidem
1001 4810 1256 4866 superne,
1311 4802 1401 4856 ubi
1448 4805 1752 4860 cubitorum
1785 4807 1986 4860 ﬂexnira
2015 4819 2153 4872 erat,

2261 4813 2516 4880 ἀγκῶνας
2551 4813 2789 4882 ἐρείσας,
2816 4815 2943 4876 τοὺς
2963 4814 3021 4866 δὲ
3055 4813 3274 4883 ἔνερθεν
3308 4811 3414 4866 ἀνά
3432 4813 3558 4875 τοὺς
3593 4811 3835 4880 βαθμοὺς

583 4879 802 4947 ligerct,
830 4884 966 4940 alios
1004 4887 1056 4941 in
1106 4889 1216 4944 imo
1265 4907 1363 4961 per
1399 4896 1600 4964 gradus
1641 4908 1764 4966 apte
1809 4899 2156 4968 disponeret?

2276 4879 2637 4975 ἱιρμοσάμενος
2661 4922 2675 4970 ;
2700 4905 2897 4974 ἐλέφας
2925 4907 2983 4959 δὲ
3014 4901 3082 4977 ἦν
3112 4879 3220 4959 τῶν
3249 4905 3480 4958 λεόντων
3511 4906 3543 4975 ἡ
3570 4879 3690 4973 ῦλη.

583 4968 751 5025 l'orro
779 4973 990 5030 leonum
1019 4981 1242 5036 materia
1270 4984 1406 5039 ebur
1449 4997 1588 5041 erat.

651 5107 740 5164 45.
784 5112 851 5164 Αι
885 5113 1012 5182 quid
1045 5127 1128 5172 est
1156 5133 1259 5175 cur
1311 5121 1376 5176 de
1429 5120 1550 5176 aliis
1581 5122 1682 5178 ista
1715 5125 2000 5191 disseram,
2028 5142 2151 5181 cum
2220 5113 2222 5115 ’

585 5199 764 5267 ipsum
816 5203 1209 5273 legislatorem.
1254 5220 1347 5266 luo
1395 5214 1488 5268 illo
1533 5231 1718 5282 sensu,
1784 5232 1913 5272 suas
1974 5219 2146 5288 ipsum

2334 5125 2434 5197 με’.
2464 5127 2574 5180 Καὶ
2597 5126 2650 5179 τί
2674 5127 2739 5180 ἂν
2761 5126 2930 5180 ταῦτα
2960 5129 3093 5199 περὶ
3121 5128 3326 5198 ἐτέρων
3361 5144 3445 5182 σοι
3479 5127 3679 5198 φαίην,
3715 5125 3834 5190 ἐξδν

2260 5215 2354 5269 καὶ
2399 5215 2562 5268 αὑτὸν
2621 5217 2986 5270 ἐπιδεικνύναι
3043 5219 3134 5271 τὸν
3189 5218 3528 5289 νομοθέτην,
3589 5222 3635 5271 εἰ
3691 5217 3834 5270 οὕτω

583 5293 804 5348 minime
858 5307 1101 5353 secutum
1150 5301 1296 5372 leges
1327 5307 1614 5360 ostendere
1656 5307 1849 5363 liceat?
1879 5310 1960 5362 An
2009 5309 2152 5363 enim

2276 5308 2447 5374 νοοῖτο,
2503 5309 2617 5371 τοῖς
2663 5309 2884 5373 οἰκείοις
2931 5309 3154 5378 θεσμοῖς
3203 5311 3301 5380 οὐχ
3358 5310 3665 5382 ἐπόμενονς
3718 5311 3833 5364 Οὐκ

580 5384 758 5438 nescis
810 5384 1133 5446 fabricatum
1191 5409 1312 5449 esse
1385 5397 1820 5466 propitiatorium
1880 5417 1947 5455 ex
2017 5418 2154 5457 auro

2276 5393 2413 5455 ιῖσθα
2445 5398 2553 5472 γάρ
2583 5400 2657 5462 ὡς
2692 5401 3002 5472 ἱλαστήριον
3031 5405 3093 5456 ἐκ
3127 5402 3371 5474 καθαροῦ
3433 5405 3658 5474 χρυσίου
3698 5420 3833 5458 κατ-

579 5486 739 5541 pnro,
774 5477 1008 5550 illudque
1029 5499 1191 5545 arcas,
1215 5502 1332 5554 qua:
1375 5503 1441 5542 ex
1484 5503 1616 5543 auro
1650 5507 1866 5562 quoque
1919 5493 2148 5549 conﬂata

2276 5491 2578 5556 εσκεύασεν,
2603 5493 2700 5545 καὶ
2726 5491 2884 5546 τοῦτο
2915 5493 3124 5547 ἄνωθεν
3148 5495 3246 5565 τῆς
3262 5499 3468 5566 χρυσῆς
3485 5498 3723 5567 ἐπέθηκε
3752 5515 3834 5552 κι-

578 5578 718 5635 erat,
752 5570 1112 5639 imposuisse?
1138 5577 1206 5629 At
1249 5578 1312 5643 is,
1356 5591 1415 5633 ut
1469 5579 1614 5635 Pauli
1652 5584 1916 5639 sententia
1967 5595 2069 5652 est,
2099 5585 2149 5639 in

2276 5584 2454 5652 ῑωτοῦ,
2479 5585 2590 5653 καὶ,
2622 5585 2696 5650 ὡς
2716 5587 2744 5640 ό
2764 5585 2994 5653 Παῦλος,
3024 5588 3102 5652 είς
3128 5589 3221 5642 τὸν
3249 5591 3478 5661 Σωτῆρα
3502 5593 3596 5644 καὶ
3633 5591 3834 5664 Κύριον

655 5767 694 5800 ⁸⁸
739 5766 861 5824 Ιείιὶ.
895 5788 1023 5838 mi,
1048 5773 1100 5831 8.
