4158 6348
617 478 685 542 99
1598 477 1658 540 S.
1699 477 2119 540 NICEPIIORI
2159 477 2188 534 Ι

2291 472 2430 533 ἸὶΙΑ
2445 472 2659 532 ΒΕΗιἘ
2688 471 2794 529 CP.

3759 461 3866 521 100
3907 477 3912 482 ‘

615 586 965 642 simulacrum
997 567 1373 656 (o-p).l.lcirco
1427 583 1589 639 etiam
1622 584 1700 638 ait
1735 584 2041 651 Scriptura,
2089 585 2181 636 de-

2291 599 2374 644 τες
2403 564 2616 633 ἐλλὸδια
2643 578 2740 647 τὴν
2771 575 2980 646 χρυσῆν
3009 573 3226 642 ἐκείνην
3257 573 3585 644 εἰργάσαντο
3615 573 3867 639 κεφαλὴν

616 677 804 732 tractis
833 676 1115 730 mulierum
1140 675 1419 729 inauribus
1447 672 1646 738 aureis,
1677 673 1806 726 illud
1835 674 1988 728 vituli
2015 685 2177 743 caput

614 769 785 823 fuisse
814 767 1146 832 conﬂatum;
1183 768 1416 821 obscure
1459 763 1774 833 signiﬁcans
1821 765 2178 832 innuensque,

614 870 674 913 ut
702 869 855 927 puto,
899 861 1040 928 quod
1067 858 1226 912 istius
1252 856 1434 926 populi
1461 871 1644 919 aures,
1671 871 1790 925 quae
1817 856 2094 912 sincerum
2117 855 2182 908 de

615 951 725 1006 Deo
755 965 1058 1005 sermonem
1108 949 1524 1015 doctrinamque
1557 956 1932 1016 susceperant,
1965 948 2016 1001 in
2049 947 2184 1000 alias

612 1042 954 1110 postmodum
1017 1039 1303 1107 opiniones
1359 1038 1624 1108 prolapsa:
1680 1047 1933 1090 ornatum
1985 1038 2183 1090 amise-

615 1133 721 1186 rint
786 1141 841 1185 et
899 1131 1131 1200 ejectum
1187 1144 1252 1183 ex
1310 1129 1532 1184 auribus
1592 1127 1982 1182 abdicaveriut.
2043 1127 2182 1193 Quin

610 1223 729 1290 ipse
792 1237 1008 1291 quoque
1066 1220 1381 1290 legislator,
1447 1227 1504 1272 ut
1566 1219 1680 1271 hinc
1752 1220 1940 1271 eadem
2003 1215 2184 1284 Scrip-

613 1321 734 1367 tura
766 1323 1178 1375 commemorat,
1204 1311 1539 1364 comminuto
1571 1309 1760 1373 vitulo,
1793 1309 2094 1378 missisque
2125 1309 2177 1362 in

617 1420 814 1473 aquam
846 1403 1144 1470 cineribus,
1175 1417 1238 1456 ea
1267 1400 1521 1470 populum
1554 1400 1777 1468 potavit.
1817 1399 1956 1465 Quid
1988 1416 2052 1455 eo
2077 1402 2182 1454 ritu

613 1493 969 1562 signiﬁcans?
1007 1508 1224 1561 nempe,
1262 1504 1320 1544 ut
1357 1506 1472 1545 mea
1514 1492 1731 1562 quidem
1771 1491 2045 1545 sententia
2079 1502 2184 1558 est,

615 1599 736 1636 cum
773 1585 984 1638 videret
1010 1585 1264 1653 ignorare
1292 1583 1412 1638 illos
1443 1599 1552 1637 suae
1575 1583 1894 1638 idololatriae
1919 1599 2184 1649 errorem,

616 1691 720 1730 nec
755 1677 902 1730 illius
930 1677 1186 1730 damnum
1222 1686 1483 1746 quantum
1516 1685 1662 1730 esset
1692 1677 1965 1744 cogitare;
2015 1677 2186 1731 sultti-

615 1766 718 1820 lius
738 1777 900 1836 atque
919 1767 1181 1821 minutius
1203 1766 1348 1820 illius
1375 1766 1612 1820 rationes
1627 1767 1924 1834 explicans,
1957 1765 2185 1820 faciens-

616 1873 720 1927 que
755 1868 812 1910 ut
857 1858 908 1910 iu
945 1857 1126 1911 animo
1165 1870 1260 1909 eas
1303 1855 1586 1924 complecti
1635 1865 1879 1923 possent,
1917 1855 2018 1909 has
2049 1856 2182 1910 edo-

2282 677 2374 726 τοῦ
2411 674 2611 742 μόσχου
2635 686 2648 700 ⁸
2680 666 2985 737 ὑποδηλῶν,
3019 666 3094 729 ὡς
3130 661 3307 736 οἶμαι,
3344 665 3439 717 καὶ
3463 665 3865 734 αίνιττόμενος,

2282 766 2357 827 ώς
2408 766 2440 833 ή
2487 763 2594 814 τῶν
2643 759 2946 830 ἀνθρώπων
3001 757 3228 811 ἐκείνων
3279 757 3416 823 ἀκοὴ
3463 755 3869 824 παραλαϐοῦσα

2279 855 2409 916 τοὺς
2436 855 2565 922 περὶ
2595 851 2730 903 Θεοῦ
2765 848 3088 919 ἀκιϐδήλους
3129 847 3344 913 λόγους,
3374 841 3492 898 εἶτα
3535 846 3616 906 εἰς
3662 845 3873 916 ἐτέρας

2283 944 2594 997 ἐκπεσοῦσα
2636 942 2818 1006 δόξας,
2855 939 3215 1008 ἀπεκόσμησε
3263 937 3356 990 καὶ
3397 935 3716 1007 ἐγυμνώθη,
3759 937 3867 988 καὶ

2282 1036 2373 1089 τὸν
2407 1034 2739 1103 ἐκϐληθέντα
2775 1035 2887 1094 τοῖς
2921 1031 3101 1084 αὐτῶν
3143 1029 3248 1081 ὠσὶ
3302 1029 3508 1098 κόσμον
3550 1029 3859 1098 ἀφῄρηται.

2297 1126 2456 1180 Ἀλλά
2506 1125 2599 1178 καὶ
2632 1128 2659 1177 ὁ
2702 1123 3022 1193 νομοθέτης,
3065 1123 3139 1184 ὡς
3179 1121 3344 1183 αὐτός
3377 1138 3542 1190 φησιν
3591 1122 3620 1173 ό
3658 1121 3860 1188 Λόγος,

2283 1217 2624 1279 καταλεάνας
2666 1215 2759 1268 τὸν
2795 1215 2994 1283 μόσχον
3036 1214 3132 1266 καὶ
3177 1211 3509 1279 ἐπισπείρας
3551 1209 3630 1280 τῷ
3676 1210 3861 1274 ὕδατι,

2284 1309 2538 1361 ἐπότισεν
2579 1308 2740 1361 αὑτὸν
2778 1307 2870 1359 τόν
2898 1306 3054 1358 λεών.
3081 1304 3145 1357 Τί
3175 1303 3334 1357 τοῦτο
3363 1303 3576 1372 δηλών;
3615 1302 3757 1362 ίδὼν.
3780 1304 3863 1366 ὡς

2285 1395 2461 1470 οἶμαι,
2492 1399 2678 1454 τοῦτον
2708 1399 2806 1470 τὴν
2845 1399 2973 1468 περῖ
3019 1395 3253 1450 εἰδώλων
3299 1395 3599 1463 ἀγνοοῦντα
3625 1393 3859 1464 πλάνην,

2286 1496 2379 1549 καὶ
2429 1495 2504 1566 μὴ
2555 1494 2850 1563 νενοηκότα
2899 1493 2960 1545 τι
3011 1490 3241 1560 μέγεθος
3287 1490 3409 1543 ὅσον
3464 1490 3702 1559 ὑπάρχει
3757 1487 3864 1557 τῆς

2287 1584 2514 1655 βλάϐης,
2549 1587 2673 1647 τοὺς
2700 1585 2829 1653 περῖ¹
2851 1583 3022 1652 αὐτῆς
3059 1583 3254 1649 λόγους
3281 1580 3552 1643 λεπτύνας
3579 1579 3674 1632 καὶ
3697 1595 3862 1648 περι-

2285 1675 2454 1742 ξύσας
2495 1674 2591 1728 καὶ
2633 1672 3016 1742 καταληπτοῦς
3063 1671 3455 1741 ποιησάμενος,
3496 1668 3729 1732 ἐδίδαξεν
3757 1667 3861 1720 αὖ·

2283 1766 2434 1828 τοὺς.
2459 1765 2554 1818 καὶ
2599 1763 2692 1816 τὸν
2737 1763 2874 1817 λεὼν
2921 1764 3159 1823 ἐπότισε,
3199 1761 3292 1815 καὶ
3341 1762 3461 1822 ταῖς
3504 1758 3757 1828 καρδίαις
3792 1774 3858 1825 γε

2285 1855 2435 1908 ἔνδον
2469 1853 2746 1917 ἐνέϐαλεν,
2780 1855 2868 1908 ἵνα
2900 1853 2976 1924 μὴ
3031 1851 3226 1920 ἄγνοια
3267 1867 3350 1914 τις
3376 1849 3629 1913 ἀσεϐείας
3658 1848 3860 1920 ῥᾳδίως

615 1957 761 2002 ctum
804 1948 1064 2023 populum
1106 1947 1314 2015 potavit
1376 1947 1784 2016 quodammodo
1838 1947 2180 2000 institutione

2291 1947 2471 2008 αὐτοῖς
2501 1964 2567 1999 πε
2576 1947 2845 2016 ριπίπτοι.

613 2040 838 2104 salubri,
886 2041 1030 2094 illam
1077 2040 1158 2096 eis
1188 2039 1332 2093 intra
1381 2049 1572 2109 pectus
1620 2039 1944 2102 recondens.
1976 2055 2042 2094 ne
2077 2053 2185 2109 qua
2226 2038 2424 2094 similis
2455 2039 2754 2109 impietatis
2789 2037 3094 2107 ignorantia
3127 2036 3235 2092 illis
3283 2035 3540 2105 deinceps
3584 2034 3855 2089 accideret

613 2143 778 2204 atque
806 2135 1117 2203 obreperet.

2033 2267 2264 2324 CAPUT
2306 2265 2439 2324 Vill.

618 2406 850 2461 Ulterior
873 2405 1165 2475 imaginatur
1196 2402 1435 2474 defensio
1480 2423 1512 2460 a
1559 2419 1742 2462 structo
1795 2406 2099 2478 Nicephoro
2139 2409 2299 2478 facta,
2341 2404 2572 2478 maxime
2603 2401 2825 2466 Christi,
2877 2399 3182 2470 angelorum
3209 2407 3262 2455 et
3290 2409 3616 2456 sanctorum.
3650 2401 3847 2457 Horam

1895 2476 2036 2546 apud
2061 2477 2227 2530 Deum
2251 2476 2575 2530 intercessio.

691 2607 780 2663 47.
825 2604 976 2659 Nune
1019 2617 1182 2670 porro
1219 2608 1482 2670 qurereuti
1532 2604 1664 2660 mihi
1710 2606 1873 2660 etiam
1920 2606 2048 2661 illud
2093 2623 2184 2661 re—

2364 2608 2469 2677 μζ’.
2515 2605 2675 2659 Ἀλλὰ
2734 2603 2844 2675 γὰρ
2899 2603 3144 2674 ἐρομένῳ
3197 2621 3284 2675 μοι
3323 2605 3542 2657 κάκεῖνο
3579 2605 3782 2670 λέγειν.
3817 2608 3856 2658 0

618 2699 843 2770 sponde.
880 2690 1110 2748 ΙΜΡΕΒ.
1141 2693 1406 2759 Quidnam
1435 2695 1604 2750 illud?
1639 2695 1842 2751 PATB.
1881 2696 2070 2751 Nonne
2101 2713 2188 2751 res

2291 2697 2645 2752 ΒΑΣΙΛΕΥΣ.
2682 2697 2840 2750 Ποῖον
2881 2693 2975 2764 δή;
3017 2698 3056 2748 0
3108 2696 3564 2748 ΠΑΤΡΙΑΡΧΗΣ.
3615 2697 3731 2749 Οὐκ
3764 2699 3855 2750 ἀν-

618 2789 858 2844 omnium
905 2785 1148 2856 gentium
1213 2785 1457 2838 moribus
1508 2795 1726 2854 recepta
1785 2797 1870 2842 est
1925 2787 2188 2858 imagines

2291 2791 2528 2862 θρώποις
2575 2789 2695 2852 ἔθος
2737 2787 2829 2842 καὶ
2879 2789 3276 2858 δημιουργοῦσι
3333 2787 3589 2850 πολλάκις
3636 2789 3859 2858 λέοντας

622 2880 845 2947 lingere,
877 2893 939 2931 ac
964 2875 1360 2945 srepitislemtes
1390 2877 1685 2939 terribiles,
1712 2887 1767 2930 et
1800 2879 1935 2932 truci
1969 2892 2186 2948 aspectu

2293 2881 2588 2950 βλοσυροὺς
2641 2879 2814 2932 δεινὸν
2853 2873 3280 2944 ὐποὸλέποντας,
3313 2881 3344 2949 ἢ
3380 2880 3476 2942 σῦς
3507 2880 3731 2950 ἀγρίους
3759 2881 3857 2950 τὴν
3919 2943 3922 2946 ,

625 2971 983 3031 fabricamus,
1020 2969 1133 3022 sive
1158 2983 1318 3036 apros
1351 2967 1608 3022 horrente
1629 2967 1786 3037 juba,
1817 2978 1908 3022 aut
1936 2971 2088 3037 quasi
2132 2971 2185 3023 iri

2294 2973 2486 3043 χαίτην
2533 2972 2981 3042 ἐπιφρίσσοντας,
3032 2971 3172 3042 ἢὼς
3217 2975 3273 3024 ἐν
3330 2972 3495 3042 πεδίῳ
3547 2974 3640 3025 καὶ
3677 2973 3857 3043 δρεσιν

621 3076 814 3128 eampo
846 3058 926 3112 vel
960 3058 1237 3110 montibus
1268 3058 1568 3126 composito
1613 3062 1783 3127 gradu
1819 3059 2188 3132 discurrentes

2293 3064 2492 3122 ἵππους
2515 3063 2836 3134 ¹ἐμπρεπιῖιῦς
2877 3061 3209 3124 διαθέοντας,
3251 3062 3282 3132 ἢ
3315 3062 3516 3131 ὀρνέων
3552 3051 3665 3134 εἴδη
3698 3063 3859 3118 κελα-

621 3165 816 3218 equos;
867 3157 961 3203 aut
1008 3147 1186 3200 avium
1219 3161 1436 3216 genera,
1473 3162 1590 3215 qua:
1638 3147 1876 3203 mulcere
1926 3152 2188 3218 quodam-

2293 3155 2402 3208 δεῖν
2442 3153 2761 3217 δοκούντων,
2810 3155 2885 3218 ώς
2925 3155 3024 3224 τὴν
3072 3153 3238 3224 ἀκοὴν
3292 3155 3550 3224 ὑποσχεῖν
3603 3155 3858 3220 πολλάκις

626 3244 784 3295 modo
812 3255 938 3293 aera
967 3240 1116 3292 suavi
1137 3251 1300 3292 cantu
1341 3242 1658 3308 gztrrituque
1693 3242 2002 3309 videantur,
2018 3244 2095 3296 sic
2133 3254 2188 3296 ut

2293 3247 2380 3298 ἴνα
2409 3248 2505 3315 τῆς
2533 3246 2716 3315 φωνῆς
2760 3247 3202 3316 ἐπακροὰσειαν;
3246 3247 3354 3298 Καὶ
3382 3247 3549 3300 ταῦτα
3581 3247 3856 3319 ἄνθρωποι

623 3333 724 3402 ipsi
756 3331 1078 3400 quandoque
1122 3331 1582 3396 hominesaures,
1628 3331 1774 3385 velut
1823 3348 2012 3388 vocem
2082 3349 2180 3386 au-

625 3424 809 3490 dituri,
852 3422 1291 3475 accommodent?
1326 3423 1388 3474 Et
1419 3422 1533 3498 haec
1574 3422 1665 3477 alii
1711 3425 1929 3493 quidem
1968 3426 2190 3494 parieti-

624 3513 728 3567 bus
777 3513 1108 3582 appingttnt,
1148 3513 1236 3566 alii
1283 3513 1454 3581 peplis
1514 3513 1796 3581 intexunt,
1847 3515 1975 3584 quin
2025 3517 2187 3569 etiam

628 3601 873 3655 nonnulli
926 3616 1075 3655 aenea
1124 3601 1203 3656 vel
1252 3617 1416 3654 aurea
1453 3604 1688 3668 cudunt,
1725 3613 1780 3656 ut
1821 3603 1943 3657 inde
1979 3605 2191 3658 animus

624 3694 943 3758 delectetur,
994 3707 1168 3763 eaque
1199 3695 1264 3746 ad
1293 3703 1545 3747 ornatum
1590 3694 1986 3749 conciliandum
2019 3697 2098 3749 vel
2141 3697 2190 3750 in

623 3787 874 3840 domibus
902 3788 1116 3856 erigunt
1146 3786 1228 3838 vel
1260 3785 1514 3839 dedicant
1545 3786 1596 3840 in
1631 3784 1769 3840 foro.
1801 3786 1994 3852 llwcne
2029 3787 2192 3856 igitur

623 3880 869 3934 homines
901 3882 1016 3933 sive
1046 3880 1336 3932 humanam
1390 3880 1553 3932 vitam
1593 3878 1966 3947 perdiderunt,
2013 3895 2188 3948 quan-

622 3972 709 4024 ditt
741 3986 802 4024 ea
837 3973 999 4042 (quod
1036 3970 1352 4037 (it-iecorum
1395 3971 1551 4040 plena
1593 3971 1887 4040 impietatis
1919 3973 2190 4027 dementia

622 4061 772 4131 fecit)
825 4063 903 4116 sic
929 4077 1059 4116 cusa
1106 4074 1267 4130 atque
1303 4061 1567 4116 fabricata
1598 4061 1765 4115 Deum
1799 4078 1905 4116 non
1946 4062 2188 4131 appella-

625 4152 852 4204 verunt?
901 4151 994 4204 Sin
1048 4161 1227 4204 autem
1306 4151 1506 4220 aliquis
1572 4151 1833 4221 insipiens
1891 4152 2190 4206 (itetnonutn

621 4242 794 4295 errori
835 4241 1147 4303 obsecutus,
1178 4241 1369 4294 horum
1399 4241 1675 4309 quidpiam
1703 4243 1867 4296 Deum
1931 4243 2222 4312 putaverit,
2263 4258 2442 4296 nonne
2494 4243 2682 4298 statim
2732 4252 2824 4297 aut

2293 3339 2343 3390 οί
2385 3337 2482 3407 μὲν
2510 3338 2710 3407 τοίχοις
2743 3338 3134 3407 ἐγγράφουσιν,
3175 3341 3221 3388 οἱ
3253 3338 3308 3390 δὲ
3345 3339 3568 3400 πέπλοις
3598 3340 3850 3406 ὑφαίνου-

2296 3440 2400 3491 σιν,
2429 3429 2528 3498 ἤδη
2559 3429 2613 3480 δέ
2636 3429 2768 3480 ἔνιοι
2799 3431 2892 3481 καὶ
2911 3428 3145 3497 χαλκοῦς
3169 3429 3265 3482 καὶ
3286 3429 3520 3499 χρυσοῦς
3549 3429 3855 3498 τιλσιστουρ⁹

2295 3519 2561 3588 γήσαντες
2607 3518 2877 3587 θυμηδίας
2927 3519 3020 3572 καὶ
3075 3519 3222 3589 ὥρας
3271 3518 3520 3590 χάριν,ἢ
3580 3521 3637 3572 ἐν
3688 3521 3856 3582 οίκοις

2297 3608 2540 3672 ἱστῶσιν,
2573 3609 2607 3680 ἢ
2633 3613 2690 3662 ἐν
2716 3610 2943 3679 ἀγοραῖς
2974 3610 3334 3664 ἀνατίθενται.
3389 3611 3453 3662 Τί
3497 3607 3589 3664 οῦν
3615 3629 3629 3675 ;
3676 3611 3858 3664 Ταῦτα

2297 3699 2619 3772 ἀνθρώπους
2648 3701 2681 3771 ἢ
2711 3701 2818 3753 τῶν
2837 3701 3144 3769 ἀνθρώπων
3173 3701 3512 3770 ἐλυμήναντο
3549 3703 3682 3772 βίον,
3713 3706 3757 3755 εί
3783 3704 3856 3772 μὴ

2292 3792 2434 3846 κατὰ
2463 3793 2560 3859 τὴν
2590 3791 2698 3844 τῶν
2757 3791 3024 3862 Ἑλλήνων
3075 3792 3242 3861 ᾰσεὸἧ
3295 3793 3603 3864 τερθρείαν,
3643 3795 3710 3845 τὰ
3762 3811 3852 3844 πει

2294 3883 2566 3951 ποιημένα
2596 3883 2729 3935 Θεὸν
2768 3882 3110 3950 ὀνομάσωσιν
3135 3900 3150 3947 ;
3183 3884 3244 3936 Ei
3271 3883 3328 3936 δέ
3361 3901 3442 3946 τις
3479 3883 3668 3952 ἄρρων
3695 3884 3854 3952 ἀνὴρ,

2291 3972 2561 4040 δαιμόνων
2581 3973 2756 4042 πλάνῃ
2773 3971 3113 4042 πειθόμενος,
3133 3974 3265 4025 Θεόν
3277 3989 3329 4025 τι
3347 3973 3552 4026 τούτων
3571 3975 3852 4042 ἡγήσεται.

2293 4063 2392 4115 οὐκ
2423 4063 2487 4116 ἂν
2517 4063 2714 4116 αὐτίκα
2741 4064 2774 4133 ἢ
2802 4063 2973 4126 λίθοις
3011 4063 3342 4134 βαλούμεθα,
3373 4065 3406 4134 ἦ
3431 4068 3564 4134 πυρὶ
3584 4063 3852 4132 καταφλέ-

2297 4153 2483 4222 ξομεν,
2519 4154 2553 4224 ἦ
2586 4153 2788 4223 θηρίων
2826 4153 3084 4223 στόμασιν
3107 4152 3409 4223 ώμοόόροις
3438 4154 3784 4224 παρέξομενς

2908 4242 3177 4311 lapidibus
3215 4229 3550 4313 robruemus,
3599 4257 3689 4298 aut
3747 4243 3854 4312 igni

623 4337 1039 4399 εοιιὼιιιειιιιιε,
1092 4343 1183 4388 a‘ut
1230 4333 1533 4388 crudivoris
1596 4335 1894 4391 bestiarum
1943 4337 2189 4393 faucibus
2229 4339 2582 4406 oltjietcmns?

694 4427 784 4480 68.
813 4427 975 4480 l’lana
1009 4428 1193 4494 itaque
1225 4427 1309 4478 via
1343 4436 1444 4491 est,
1469 4443 1500 4478 ο
1531 4425 1847 4494 imperator,
1873 4428 1999 4482 dum
2023 4430 2192 4497 probe

2369 4436 2480 4498 μη’.
2519 4429 2652 4481 Λεία
2695 4424 2788 4482 οὖν
2819 4429 2968 4481 ἐστιν
2994 4428 3131 4494 ὁδὸς,
3163 4423 3208 4481 ὦ
3251 4428 3494 4500 βασιλεῦ,
3541 4429 3633 4483 τοῦ
3676 4430 3855 4494 καλῶς

624 4526 936 4572 statuamus
975 4515 1448 4584 intelligamnsque
1479 4531 1542 4569 ac
1578 4518 1885 4571 noverimus
1908 4555 1924 4582 ,
1975 4521 2076 4574 ltoc
2105 4535 2188 4573 so-

2295 4520 2645 4591 βουλεύεσθαι
2673 4519 2871 4573 είδέναι
2896 4537 2954 4573 τε
2988 4523 3079 4574 καὶ
3107 4520 3552 4587 ἐπίστασθαι,·ώς
3577 4523 3668 4574 ἐπὶ
3694 4523 3854 4591 μόνου

625 4607 902 4662 lutntuodo
934 4606 1298 4673 legislaturetu
1341 4607 1708 4674 prohibuisse,
1743 4623 1810 4662 ne
1850 4609 1938 4663 Dei
1974 4610 2196 4664 simula-

623 4715 774 4752 crum
811 4698 1025 4762 aliquod
1056 4709 1110 4752 et
1152 4698 1422 4765 imagines
1457 4700 1769 4754 ederentur.
1814 4701 1990 4768 Atque
2035 4702 2194 4765 adeo,

625 4789 805 4860 (modo
827 4790 905 4844 sic
933 4788 1238 4858 loquamur)
1272 4804 1442 4857 neque
1470 4804 1564 4844 eos
1593 4793 1682 4860 qui
1708 4807 1773 4844 ex
1806 4791 1938 4860 legis
1992 4793 2196 4848 ratione

625 4882 896 4948 vixerunt,
928 4883 1375 4952 vituperabitnus,
1412 4898 1585 4950 neque
1614 4898 1713 4935 nos
1741 4881 2035 4936 Christiani
2071 4898 2197 4952 pec-

623 4973 899 5038 cabimus,
951 4974 1044 5042 qui
1094 4984 1390 5046 martyrum
1446 4984 1868 5042 sanetorumqne
1916 4974 2193 5028 hominum

624 5065 884 5134 imagines
907 5066 1229 5137 cllingimus,
1255 5078 1310 5122 et
1335 5067 1501 5136 ﬁgura
1532 5066 1704 5121 oculis
1729 5065 2045 5134 conspicua,
2069 5081 2189 5135 qua:

625 5156 677 5210 in
714 5156 815 5210 illis
843 5156 1075 5211 obscura
1112 5167 1258 5223 sunt,
1303 5159 1666 5228 designatnus.
1700 5157 1771 5211 At
1810 5157 1853 5211 si
1892 5157 2018 5212 tttihi
2069 5159 2188 5227 pius

625 5248 819 5316 aliquis
859 5247 1018 5302 [idem
1064 5248 1287 5313 habeat,
1335 5250 1410 5302 ita
1443 5248 1533 5302 hic
1565 5248 1973 5316 tlistinguendus
2011 5263 2196 5304 sermo

624 5358 687 5395 ac
727 5341 1045 5394 dividendus
1071 5349 1174 5406 est,
1210 5353 1262 5394 ut
1292 5353 1551 5409 tanquam
1585 5340 1700 5394 dua:
1723 5343 1970 5409 quaedam
2000 5339 2194 5406 regulze

623 5441 928 5486 statuantur
968 5447 1031 5486 ac
1071 5433 1436 5496 deﬁnitiones,
1485 5445 1619 5497 quas
1658 5445 1815 5483 nemo
1857 5441 2104 5484 evertere
2131 5444 2196 5484 ac

623 5524 954 5579 confundere
1014 5525 1208 5593 possit.
1267 5522 1502 5576 lill‘Eli.
1545 5523 1660 5588 Quo
1698 5522 1748 5574 id
1794 5523 1952 5576 modo
1987 5535 2050 5576 ac
2089 5536 2192 5589 qua

697 5680 822 5744 (θον)
845 5680 1054 5732 Annota
1067 5685 1147 5730 rat
1172 5673 1465 5730 Comlnrlis.
1491 5683 1786 5727 mutuatum
1819 5673 1934 5728 lnrc
1959 5671 2013 5730 S.
2042 5672 2196 5727 Nire-

625 5748 853 5819 phurum
877 5763 939 5798 ex
967 5745 1200 5819 Maximo
1227 5746 1493 5819 t-jttsititttli
1524 5744 1773 5819 sensibus
1804 5747 2047 5812 mysticis
2080 5746 2194 5819 exi-

628 5812 738 5872 irit)
774 5833 1001 5885 vereque
1034 5812 1288 5870 maxime.
1326 5814 1495 5886 Cujus
1548 5812 1766 5868 Maximi
1805 5830 1968 5882 opera
2008 5816 2191 5869 omnia

2292 4612 2427 4665 θεοῦ
2457 4614 2555 4676 τὰς
2607 4611 2822 4672 είκόνας
2852 4612 3030 4664 τελεῖν
3060 4613 3089 4664 ὁ
3119 4611 3412 4681 νομοθέτης
3445 4608 3589 4682 εἷρξέ
3617 4629 3678 4665 τε
3712 4614 3856 4682 ἡμᾶς

2292 4703 2386 4756 καὶ
2408 4702 2701 4756 ἐκώλυσεν.
2727 4703 2856 4766 Καὶ,
2887 4703 2936 4755 εί
2968 4703 3128 4756 τοῦτό
3160 4720 3364 4772 φαμεν,
3405 4703 3529 4756 οὔτε
3551 4706 3662 4766 τοῖς
3690 4704 3857 4756 πάλαι

2290 4796 2432 4849 κατὰ
2457 4795 2548 4846 τὸν
2580 4795 2742 4865 νόμον
2796 4795 3277 4864 πολιτευσαμένοις
3339 4794 3688 4865 μεμψόμεθα,
3735 4794 3857 4847 οὔτε

2290 4886 2607 4956 Χριστιανοὶ
2675 4885 3137 4957 πλημμελοῦμεν,
3209 4885 3503 4956 μαρτύρων
3566 4885 3599 4955 ἢ
3685 4886 3861 4950 ἄλλως

2294 4973 2602 5044 ἀνθρώπων
2640 4976 2808 5028 ὁσίων
2838 4974 3123 5038 τελοῦντες
3156 4975 3390 5038 εἰκόνας,
3439 4975 3532 5026 καὶ
3560 4973 3638 5044 τῷ
3677 4991 3862 5041 φαινο-

2304 5065 2448 5138 μένῳ
2476 5063 2766 5133 δηλοῦντες
2813 5065 2995 5120 αὐτῶν
3026 5063 3099 5118 τὰ
3145 5066 3219 5136 μὴ
3251 5065 3571 5135 φαινόμενα.
3621 5066 3768 5132 Καὶ,
3816 5068 3863 5118 ει

2299 5175 2388 5224 μοι
2425 5155 2684 5227 πείθηται
2738 5159 2846 5220 πᾶς
2877 5157 3126 5211 εὐσεϐεῖν
3159 5157 3502 5228 βουλόμενος,
3562 5157 3703 5210 οὓτω
3749 5157 3866 5210 δια-

2296 5247 2514 5317 κριτέον
2547 5249 2640 5301 καὶ
2675 5249 2974 5319 διοριστέον
3007 5251 3158 5302 τόνδε
3186 5250 3284 5302 τὸν
3328 5249 3505 5316 λόγον.
3551 5251 3646 5303 καὶ
3675 5249 3751 5312 ὡς
3773 5250 3866 5302 δὺο

2296 5339 2446 5401 τινὰς
2479 5339 2638 5409 ὅρους
2668 5339 2874 5407 θετέον,
2904 5340 2997 5402 οὓς
3051 5341 3385 5410 ἀνατρέπειν
3416 5359 3473 5392 τε
3508 5342 3601 5393 καὶ
3649 5345 3869 5410 συγχεῖν

2295 5431 2394 5499 οὐχ
2419 5424 2530 5484 οἷόν
2566 5448 2644 5484 τε.
2677 5432 2718 5484 0
2761 5432 3112 5485 ΒΑΣΙΛΕΥΣ.
3161 5433 3285 5494 Πῶς
3333 5434 3427 5484 καὶ
3458 5432 3576 5483 τίνα
3631 5433 3868 5502 τρόπον;

2299 5523 2340 5574 0
2394 5522 2856 5578 ΠΑΤΡΙΔΡΧΗΣ.
2908 5523 2994 5585 Ὠς
3055 5522 3190 5576 Θεοῦ
3235 5523 3448 5585 εἰκόνας
3480 5524 3537 5575 οὐ
3592 5524 3867 5592 ποιητέον,

2302 5673 2542 5740 ejusdem
2565 5673 2874 5729 Comhellsii
2894 5676 3166 5745 diligentia
3187 5686 3338 5730 eruta
3355 5690 3406 5731 et
3425 5676 3612 5732 Latine
3640 5676 3870 5733 redditu,
3909 5677 3917 5684 ”

2300 5744 2637 5816 eruditisque
2671 5747 2927 5798 observat
2955 5749 3148 5798 Olitlltls
3183 5749 3449 5803 illttslt'ala
3509 5750 3734 5816 publiea-
3761 5746 3865 5799 ltu-i

2302 5814 2452 5868 brevi
2485 5814 2656 5869 danda
2688 5826 3091 5885 exslicctaauus.
