4158 6348
170 450 256 514 101

1680 453 1855 514 VITA

3323 457 3420 520 10?.

167 565 297 618 ἀλλά
343 563 436 615 καὶ
474 561 525 614 ετ
554 578 637 624 τις
676 561 914 634 ὲγχειροῐ
947 579 998 614 τι
1044 562 1151 614 τῶν
1195 559 1475 626 τοιούτων,
1519 561 1595 624 ὡς
1638 563 1746 614 τῶν

1856 561 2100 619 ratione?
2133 559 2336 619 PATB.
2374 562 2662 627 Nimirum,
2698 561 2874 618 nullas
2914 562 3008 618 Dei
3037 564 3296 636 imagines
3324 581 3418 620 situ

179 653 503 724 Ἑλληνικῶν
542 654 799 707 κοινωνὸν
838 654 1126 724 δογμάτων
1161 656 1374 716 ποιναῖς
1417 652 1743 706 ὑποϐάλλειν

170 747 444 816 ἐσχάταις·
478 743 805 814 ἀνθρώπους
840 744 898 798 δὲ
937 746 1120 807 ὁσίους
1166 744 1464 814 γραπτέον,
1496 746 1564 814 τῇ
1607 743 1744 812 πρὸς

172 841 296 892 Θεζν
329 837 613 908 παρρησίᾳ
643 836 740 890 καὶ
780 835 858 906 τῷ
892 835 1119 906 καθαρῷ
1145 836 1243 905 τῆς
1273 833 1418 903 ζωῆς
1451 834 1746 906 ὲνοιόρυνοο

178 933 382 1001 μένους,
414 927 510 979 καὶ
575 926 776 995 μέσους
812 940 930 990 πως
962 929 1096 996 ἡμῖν
1141 926 1236 980 καὶ⁵
1279 927 1562 997 πορθμέας
1608 928 1744 998 πρὸς

173 1021 328 1074 αὑτὸν
381 1018 696 1088 ἐσομένους,
733 1017 830 1071 καὶ
876 1018 1183 1086 ἀνάγοντας
1253 1016 1352 1088 μὲν
1394 1017 1474 1087 τῷ
1521 1017 1641 1088 Θεῷ
1677 1017 1745 1071 τὰ

170 1112 486 1181 αἰτούμενα.
539 1109 884 1178 κατάγοντας
929 1109 987 1163 δὲ
1019 1112 1153 1180 ἡμῖν
1190 1111 1287 1164 ἐπὶ
1325 1107 1460 1162 Θεοῦ
1490 1109 1560 1162 τὰ
1602 1107 1743 1162 διδό-

169 1221 323 1274 μενα.
371 1201 447 1254 Οὐ
478 1199 587 1271 γάρ
620 1201 790 1266 ἐστιν,
831 1200 930 1254 οὐκ
959 1199 1108 1252 ἔστιν
1163 1193 1266 1266 εἷς,
1319 1193 1364 1253 ὦ
1397 1198 1638 1270 βασιλεῦ,
1666 1198 1745 1270 τῷ

165 1295 283 1366 Θεῷ
320 1291 685 1364 προσιόντων,
720 1291 753 1362 ἢ
785 1291 895 1344 ἀπὸ
917 1291 1052 1344 Θεοῦ
1089 1291 1419 1364 τιμωμένων
1449 1294 1477 1345 ό
1497 1292 1701 1363 τρόπος
1725 1309 1742 1325 ο

163 1387 281 1440 ἀλλ’
312 1388 346 1456 ἡ
376 1383 662 1454 παρρησία
691 1387 1093 1456 συμμετρεῖται
1138 1383 1215 1455 τῷ
1258 1384 1382 1455 βίῳ,
1412 1385 1507 1438 καὶ
1545 1386 1611 1456 τῇ
1642 1401 1744 1437 που

162 1478 341 1548 itm-:5;
371 1475 708 1545 κατάλληλος
734 1477 768 1546 ἡ
795 1459 1064 1539 ἀντίδοσις
1095 1477 1307 1530 ἕπεται.
1347 1477 1478 1539 Θεὸς
1513 1476 1611 1548 μὲν
1635 1475 1744 1546 γὰρ

160 1570 240 1622 ὢν
276 1569 384 1628 ἀεὶ,
417 1566 632 1634 γένεσίν
666 1582 726 1619 τε
766 1566 866 1618 οῦκ
901 1566 1042 1636 ἔχων
1063 1581 1076 1595 °
1110 1567 1170 1620 τὸ
1193 1567 1247 1621 δὲ
1281 1568 1381 1621 οὐκ
1418 1566 1478 1621 ὃν
1504 1567 1614 1632 ἀεὶ,
1649 1584 1743 1634 γε-

160 1661 391 1732 νόμενον
422 1659 479 1712 δὲ
508 1657 758 1728 ὕστερον,
793 1658 894 1729 τὴν
925 1657 1143 1726 γένεσιν
1186 1661 1250 1713 ὲκ
1283 1659 1379 1714 τοῦ
1421 1660 1584 1722 ὄντος
1635 1659 1746 1711 ἐδέ-

163 1753 315 1816 ξατο.
347 1750 457 1802 Καὶ
491 1748 633 1802 κατά
663 1747 814 1801 τόνδε
853 1748 953 1820 μὲν
983 1750 1075 1802 τὸν
1115 1747 1296 1818 λόγον,
1331 1749 1517 1803 δοῦλον
1547 1749 1611 1803 ἂν
1643 1765 1743 1802 κα·

162 1843 311 1895 λοίτο
334 1839 470 1893 Θεοῦ
502 1839 611 1891 πᾶν
646 1837 708 1891 τὸ
744 1838 832 1891 ἀεὶ
874 1838 1164 1906 γινόμενον
1185 1854 1199 1868 °
1236 1837 1299 1890 τὸ
1352 1837 1462 1907 γὰρ
1495 1836 1743 1904 γεγονὸς,

1846 655 2138 710 simulacra
2186 671 2309 711 esse
2347 655 2592 710 iacienda
2629 675 2641 710 :
2679 656 2772 711 sed
2806 664 2880 721 et,
2918 656 2962 709 si
3003 659 3124 725 quis
3156 657 3418 724 ejusmodi

1846 745 2048 813 aliquid
2095 755 2407 816 praesumat,
2453 759 2509 802 ιιι
2540 749 2630 816 qui
2681 747 2886 803 erroris
2917 749 3199 817 gentilium
3239 750 3422 804 socius

1845 837 1940 901 sit,
1981 837 2244 893 extremis
2294 839 2712 908 ntancipandum
2777 842 3076 913 suppliciis.
3115 839 3422 910 Pingendos

1844 940 1974 981 vero
2017 941 2162 991 esse,
2206 927 2299 996 qui
2350 931 2640 984 Sanctitate
2692 932 3035 996 claruerunt,
3087 931 3286 1000 quippe
3330 930 3420 996 qui

1846 1015 2041 1072 ﬁducia
2064 1019 2130 1072 ad
2153 1017 2319 1072 Deum
2339 1035 2402 1073 ac
2428 1019 2550 1074 vitae
2575 1023 2836 1076 munditia
2863 1023 3142 1094 magniﬁce
3167 1021 3421 1090 polleant.

1847 1108 2118 1176 mediique
2166 1110 2568 1178 quodammodo
2615 1127 2678 1167 ac
2729 1114 2874 1167 velut
2924 1116 3218 1183 portitores
3268 1114 3423 1166 nobis

1846 1202 1912 1254 ad
1949 1201 2099 1254 illum
2131 1201 2402 1256 exsistant
2435 1220 2448 1256 :
2475 1205 2566 1271 qui
2599 1205 2810 1260 scilicet
2844 1216 3063 1261 nostras
3097 1206 3206 1260 Deo
3253 1206 3420 1268 adve-

1845 1289 1978 1344 hant
2009 1291 2312 1357 oratiOnes,
2352 1290 2559 1362 Deique
2595 1294 2663 1349 ad
2703 1310 2802 1350 nos
2837 1297 2975 1350 dona
3008 1297 3276 1354 deferant.
3303 1295 3422 1348 Non

1845 1381 1987 1436 enim
2015 1382 2262 1446 omnino,
2293 1397 2326 1437 ο
2358 1384 2671 1451 imperator,
2704 1402 2844 1442 unus
2880 1388 3070 1440 modus
3101 1397 3182 1439 est
3212 1401 3422 1448 eorum,

1845 1472 1936 1541 qui
1963 1473 2027 1526 ad
2053 1469 2220 1528 Deum
2247 1474 2535 1540 accedunt,
2575 1478 2779 1546 quique
2806 1494 2837 1530 ιι
2872 1477 2980 1532 Deo
3011 1479 3265 1531 honorem
3293 1492 3424 1531 con-

1846 1565 2320 1632 sequuntur:sed
2373 1564 2564 1618 ﬁducia
2616 1581 2714 1634 pro
2765 1567 2890 1622 vitae
2946 1569 3156 1622 ratione
3200 1569 3418 1621 modntn

1845 1653 2078 1718 obtinet,
2104 1668 2452 1725 congruaque
2485 1672 2695 1713 merces
2735 1660 3202 1715 conversationem
3238 1661 3423 1728 sequi-

1849 1753 1955 1798 tur.
1989 1741 2126 1797 Nam
2158 1744 2301 1799 Deus
2327 1745 2543 1813 quidem
2575 1762 2697 1801 cum
2730 1762 2946 1818 semper
2975 1747 3070 1814 sit,
3101 1760 3282 1802 ortuut
3315 1764 3422 1803 non

1848 1835 2008 1889 habet
2037 1853 2051 1890 :
2081 1835 2222 1904 quod
2254 1844 2432 1890 autem
2462 1852 2570 1892 non
2594 1851 2831 1908 semper,
2859 1839 2952 1894 sed
2985 1849 3172 1908 postea
3211 1840 3416 1893 factum

164 1932 354 1986 δοῦλον
387 1930 454 1984 ἂν
488 1928 720 1991 δικαίως
763 1926 856 1980 τοῦ
909 1928 1276 1997 πεποιηκότος
1335 1927 1629 1998 νομίζοιτο.
1662 1925 1742 1995 Τῇ

1856 1934 1950 1990 est,
1977 1940 2042 1978 ex
2078 1925 2251 1980 nihilo
2285 1928 2494 1996 accepit
2531 1937 2589 1981 ut
2619 1939 2783 1982 esset.
2835 1936 3011 1998 Atque
3042 1931 3178 1985 adeo
3205 1931 3304 1985 hac
3331 1946 3424 1984 ra-

173 2024 228 2076 δὲ
258 2023 390 2092 πρὸς
420 2021 557 2075 Θεὸν
591 2014 895 2082 οἰκειώσει,
925 2019 1020 2071 καὶ
1048 2021 1116 2089 τῇ
1145 2019 1376 2089 διαφορᾷ
1410 2018 1505 2087 τῆς
1535 2016 1745 2070 ἐκεῖθεν

165 2113 388 2185 αἴγλης,
424 2111 685 2181 διάφορός
713 2126 772 2162 τε
808 2109 930 2162 καθ’
959 2109 1147 2178 ἕτερον
1174 2110 1375 2180 τρόπον
1406 2108 1747 2179 προσηγορία

160 2208 258 2258 καὶ
309 2205 506 2272 κλῆσις
570 2202 682 2262 τοῖς
729 2200 1199 2268 προσερχομένοις
1255 2198 1549 2251 ὲντίθεται.
1591 2198 1749 2251 Ὅσοι

157 2299 268 2368 μὲν
318 2295 430 2364 γὰρ
464 2291 616 2360 ιεόϐῳ
664 2289 934 2350 minacem;
965 2290 1074 2340 τῶν
1109 2288 1599 2359 πλημμελημάτων
1645 2289 1752 2341 ἀπ-

154 2391 416 2458 έχονται,
447 2378 594 2437 οὗτοι
626 2382 956 2454 θεράποντες
990 2381 1056 2435 ἂν
1085 2381 1334 2449 λέγοιντο
1360 2379 1519 2445 Θεοῦ,
1553 2397 1747 2449 μαστιο

162 2479 290 2547 γίαι
327 2474 472 2538 τινὲς
515 2471 731 2543 ἀληθῶς
761 2472 857 2525 καὶ
886 2470 1062 2524 δοῦλοι
1089 2513 1104 2537 ,
1143 2469 1370 2540 πληγῶν
1400 2473 1494 2522 καὶ
1529 2470 1753 2537 είρκτῆς

155 2569 261 2621 καὶ
295 2564 405 2618 τῶν
437 2563 525 2615 ἐπ’
556 2563 749 2626 αὑταῖς
777 2561 1034 2624 ἀπειλῶν,
1063 2560 1149 2613 ἵνα
1180 2560 1253 2630 μὴ
1278 2559 1588 2630 ἁμάρτωσι,
1619 2557 1754 2629 χρῄ-

154 2659 353 2720 ζοντες
375 2654 450 2706 ὀί
471 2653 526 2705 δὲ
550 2651 854 2721 μελλόντων
887 2648 1108 2716 ἀγαθῶν
1147 2647 1322 2699 ἐλπίδι
1359 2646 1493 2714 πρὸς
1524 2645 1584 2698 τὸ
1615 2646 1750 2714 ἀγα-

153 2748 256 2798 θὸν
290 2741 612 2802 νεύσαντες,
645 2737 852 2791 οἰκέται
890 2737 986 2805 μὲν
1017 2735 1115 2787 οὒκ
1142 2733 1208 2786 ἂν
1243 2731 1616 2801 ὀνομάζοιντο,
1655 2747 1749 2800 μι-

155 2833 369 2890 σθωτοὶ
393 2833 436 2886 δ’
462 2827 680 2896 ἆνιεῖεν,
707 2829 781 2893 ὡς
805 2827 870 2882 ἄν
893 2845 976 2891 τις
996 2827 1154 2898 φαίη,
1179 2825 1315 2878 Θεοῦ
1342 2824 1565 2894 κέρδους
1588 2821 1752 2876 ’ἐνεκά

151 2947 213 2983 τε
251 2931 353 2982 καὶ
390 2923 582 2995 μ.σθοῦ
606 2922 673 2976 τὰ
697 2920 887 2974 δέοντα
911 2921 1272 2991 πράσσοντος.
1298 2917 1456 2970 Ὅσοι
1479 2916 1524 2969 δ’
1546 2911 1612 2969 αὖ
1633 2916 1762 2967 τούέ

152 3037 274 3081 τοις
297 3019 400 3070 ὑπε
412 3013 868 3086 ραναϐεὸηκότες,
889 3010 986 3064 καὶ
1007 3010 1141 3082 πρὸς
1163 3008 1222 3061 τὸ
1247 3008 1411 3060 καλὸν
1430 3005 1751 3077 ἀκραιφνῶς

152 3111 432 3182 φανέντες
460 3147 474 3170 ,
514 3108 575 3160 οὐ
612 3100 1073 3175 προσδοκωμένης
1131 3097 1283 3167 φόϐῳ
1333 3096 1641 3160 κολάσεως,
1688 3095 1750 3148 οὐ

149 3206 271 3256 τῶν
311 3199 617 3271 μελλόντων
643 3193 862 3263 ἀγαθῶν
892 3192 1066 3244 ἐλπίδι
1095 3189 1231 3260 πρὸς
1257 3189 1318 3240 τὸ
1343 3187 1544 3256 ἀγαθὸν
1569 3185 1752 3258 ᾄττου-

152 3313 271 3359 σιν,
311 3291 451 3346 ἀλλά
481 3289 548 3342 δι’
579 3286 714 3340 αὐτὸ
746 3285 806 3338 τὸ
833 3283 997 3338 καλὸν
1028 3282 1086 3333 τὸ
1110 3280 1273 3333 καλὸν
1298 3278 1750 3348 κατεργάζονται,

150 3382 316 3441 οὗτοι
353 3384 460 3436 τῶν
488 3379 784 3449 ἀκηράτων
830 3375 932 3444 τῆς
981 3373 1172 3441 σοφίας
1209 3371 1503 3441 θησαυρῶν
1537 3369 1756 3440 ὲμπλη..

152 3475 400 3535 σθέντες
424 3512 438 3537 ,
483 3470 590 3523 υἱοὶ
631 3466 766 3521 Θεοῦ
799 3463 1033 3518 καλοῖντ’
1064 3462 1129 3516 ἂν
1163 3461 1387 3524 δικαίως
1407 3501 1421 3526 ,
1457 3459 1594 3513 Θεοῦ
1624 3460 1756 3532 κλη-

68 3635 70 3637 ν
153 3566 400 3638 ρι-ινόμοι
424 3564 516 3622 καὶ
545 3553 1252 3630 συγκληρονόμοι.,Χριστοῦ
1286 3551 1752 3626 χρηματίζοντεςο

149 3658 208 3711 οἳ
256 3656 363 3708 καὶ
412 3652 689 3718 ἄνθρωποι
741 3649 1050 3717 πεφυκότες
1101 3647 1241 3716 ὑπὲρ
1287 3643 1593 3716 ἀνθρώπων
1625 3643 1757 3698 Θεὸν

151 3749 279 3802 τῶν
320 3747 580 3800 ἁπάντων
614 3743 774 3794 πλέον
815 3739 1152 3799 ἱκετεύοντες
1180 3735 1453 3799 πείθουσι,
1484 3736 1580 3787 καὶ
1605 3733 1759 3786 τόνδε

152 3840 265 3910 μὲν
299 3839 389 3890 ἔτι
430 3834 726 3895 πολοῦντες
759 3832 848 3884 τὸν
883 3829 1136 3899 ἀλήμονα
1168 3826 1262 3880 καὶ
1295 3823 1528 3878 ἄτακτον
1559 3823 1760 3893 χῶρον,

152 3930 422 3998 μάλιστα
449 3927 506 3981 δὲ
531 3926 650 3978 τότε
673 3919 1054 3992 γυμνωθέντες
1086 3915 1315 3988 ῥακίων,
1343 3915 1449 3985 καὶ,
1467 3915 1565 3985 τὴν
1596 3913 1766 3966 ὀστεΐ-

1850 2017 2018 2082 tione,
2072 2019 2217 2085 quod
2268 2018 2326 2071 iit
2376 2032 2594 2088 semper
2643 2030 2809 2087 atque
2851 2021 3046 2086 oritur,
3095 2021 3200 2075 dici
3249 2032 3430 2090 potest

1850 2092 2094 2158 iamulari
2139 2104 2248 2160 Deo
2282 2123 2296 2158 :
2328 2109 2471 2175 quod
2505 2108 2649 2161 enim
2680 2107 2883 2161 factum
2905 2118 2988 2162 est
3018 2118 3181 2177 atque
3202 2110 3426 2172 editum,

1849 2194 1968 2264 ejus
2013 2197 2160 2263 quod
2217 2193 2344 2248 fecit
2378 2206 2545 2266 ιιιοιιε
2591 2195 2769 2249 edidit
2823 2197 3075 2250 servituti
3130 2195 3429 2266 subjectum

1853 2286 2048 2340 merito
2081 2285 2403 2339 mstimatur.
2438 2285 2535 2338 Sin
2570 2296 2749 2340 autem
2776 2301 2896 2356 quae
2925 2286 2992 2340 sd
3024 2286 3194 2342 Deum
3226 2296 3311 2342 est
3337 2303 3432 2342 ne-

1853 2374 2122 2428 cessitudo
2157 2375 2484 2444 diversaque
2550 2375 2672 2429 inde
2731 2375 2953 2430 luminis
2992 2377 3266 2447 perceptio
3301 2391 3430 2447 spe-

1853 2477 2049 2526 ctetur.
2098 2465 2314 2518 diversa
2353 2480 2569 2534 quoque
2615 2467 3024 2521 nomenclatura
3048 2467 3428 2523 accidentibus

1853 2558 2130 2623 competit.
2175 2555 2368 2610 Cuncti
2397 2557 2538 2609 enim
2564 2558 2654 2625 qui
2691 2572 2750 2611 se
2772 2557 3025 2626 supplicii
3062 2569 3206 2614 metu
3231 2574 3261 2612 ιι
3295 2574 3424 2627 pec-

1851 2647 1987 2702 catis
2025 2647 2320 2711 abstinent,
2376 2646 2466 2701 Dei
2511 2646 2694 2701 famuli
2723 2651 3099 2718 appellantur;
3143 2661 3198 2704 et
3237 2651 3291 2704 hi
3321 2649 3422 2704 lla—

1851 2737 2070 2806 griones
2134 2752 2372 2805 vereque
2422 2739 2564 2791 servi
2608 2740 2918 2805 exsistunt,
2972 2742 3117 2810 quod
3169 2741 3427 2796 nimirum

1851 2827 2172 2883 verberibus
2203 2837 2502 2883 etcarrere
2550 2844 2850 2899 eorumque
2901 2830 3068 2885 minis
3117 2841 3332 2898 egeant,
3370 2840 3433 2885 ut

1850 2930 2172 2974 revocentur
2195 2934 2223 2972 a
2255 2929 2480 2988 p-ccato
2515 2938 2528 2974 :
2558 2921 2650 2988 qui
2701 2936 2828 2975 vero
2869 2937 2966 2990 spe
3011 2921 3176 2976 illecti
3217 2925 3430 2978 futuro—

1850 3026 1969 3066 rum
2025 3013 2324 3076 honorum,
2379 3013 2620 3070 animum
2680 3012 2972 3068 conferunt
3020 3015 3087 3068 ad
3139 3015 3428 3078 virtutem,

1850 3101 2116 3169 mancipia
2167 3101 2308 3154 haud
2340 3101 2439 3156 rite
2481 3103 2906 3172 appellarentur,
2944 3105 3038 3159 sed
3068 3108 3428 3174 mercenarii;

1853 3193 2050 3261 quippe
2097 3191 2189 3260 qui
2233 3190 2370 3244 lucri
2417 3202 2582 3260 atque
2630 3195 2896 3246 mercedis
2954 3208 3119 3249 causa
3157 3197 3302 3264 quod
3346 3205 3432 3250 est

1854 3282 2014 3337 ollicii
2050 3282 2131 3336 sui
2183 3279 2408 3338 faciant.
2448 3283 2502 3336 Si
2537 3283 2627 3351 qui
2673 3267 2854 3337 autem
2892 3284 2977 3338 his
3018 3287 3350 3355 superiores,
3377 3286 3429 3340 id

1852 3375 2024 3443 ipsum
2053 3373 2194 3445 quod
2234 3375 2522 3428 h0nestum
2555 3383 2639 3428 est
2666 3374 2883 3430 sincere
2921 3378 3286 3444 attendentes,
3323 3392 3431 3432 non

1851 3467 2099 3520 exterriti
2135 3475 2279 3519 metu
2328 3464 2601 3534 supplicii,
2649 3480 2748 3519 nec
2778 3481 2967 3520 eorum
3004 3467 3269 3523 bonorum
3310 3484 3432 3540 quas

1855 3556 1908 3610 in
1945 3557 2183 3610 futurum
2223 3560 2459 3623 reposita
2491 3567 2614 3610 sunt
2645 3573 2738 3625 spe
2769 3557 2958 3625 illecti,
2993 3560 3045 3614 in
3075 3559 3126 3614 id
3157 3562 3297 3631 quod
3330 3563 3432 3618 ho-

1857 3663 1982 3701 num
2008 3657 2091 3701 est
2122 3645 2395 3712 feruntur,
2428 3658 2482 3702 et
2514 3649 2636 3702 boni
2669 3651 2838 3718 ipsius
2866 3651 3038 3720 gratia
3075 3651 3276 3706 bonum
3302 3669 3434 3723 ope-

1857 3746 2091 3802 rantur;
2149 3736 2202 3788 hi
2251 3736 2650 3790 innnortahhus
2686 3737 2966 3804 sapientia:
3019 3737 3290 3792 thesauris
3346 3755 3434 3793 re-

1857 3825 2007 3894 pleti,
2029 3825 2118 3878 Dei
2139 3825 2331 3878 merito
2351 3825 2443 3878 lilii
2466 3826 2826 3894 appellentur,
2854 3827 2944 3880 Dei
2963 3826 3173 3881 scilicet
3195 3828 3440 3883 heredes

1857 3925 1913 3972 et
1942 3914 2146 3970 Christi
2197 3915 2511 3976 cohazredes
2539 3915 2738 3968 eﬂecti.
2773 3915 2836 3968 lli
2861 3917 2961 3971 etsi
2995 3927 3119 3970 sunt
3155 3919 3436 3984 homines,

151 4040 262 4091 νην
316 4021 420 4074 καὶ
481 4018 776 4089 βρίθουσαν
825 4009 1290 4079 ἁποτιναξάμενοι
1337 4007 1510 4070 κόνιν,
1559 4007 1626 4076 τῇ
1663 4004 1755 4076 ὕλῃ

1861 4024 1957 4079 pro
1985 4007 2294 4088 lmininibus
2323 4017 2500 4061 tamen
2535 4007 2935 4076 supplicatione
2965 4009 3032 4061 ad
3061 4011 3438 4065 universorum

153 4116 266 4184 τὴν
329 4113 473 4184 ὓλην
528 4107 970 4179 προσρίψαντες,
1033 4100 1171 4170 πρὸς
1231 4099 1322 4152 τὸν
1367 4096 1526 4150 ἴλεὼν
1576 4115 1636 4150 τε
1670 4099 1755 4150 καὶ

1875 4100 2038 4154 Deum
2071 4099 2452 4168 deinngentes,
2489 4098 2660 4168 magis
2693 4099 3161 4171 inllectuntatque
3185 4116 3439 4167 exorant,

154 4201 386 4268 ἀγαθὸν
417 4199 699 4268 Δεσπότην
730 4194 964 4265 καθαροὶ
992 4188 1250 4260 καθαρῶς
1277 4188 1690 4258 ᾀναδράμωσιν.

1873 4205 1994 4244 cum
2021 4188 2319 4242 etiamnum
2341 4189 2486 4243 hunc
2515 4187 2812 4242 erraticum
2840 4199 3002 4258 atque
3024 4191 3441 4261 incompositum

155 4299 402 4344 vertunt
469 4289 732 4353 chorum;
785 4295 897 4339 tum
962 4298 1093 4338 vero
1155 4282 1426 4344 maxime,
1485 4291 1771 4350 postquam
1798 4297 2004 4352 pannos
2036 4279 2388 4336 mortalitatis
2425 4285 2684 4346 esuti,ac
2735 4284 2884 4351 gravi
2924 4298 3156 4340 excusso
3203 4288 3442 4355 pulvere,

147 4399 211 4444 ct
264 4387 508 4439 humum
559 4385 725 4437 humo
773 4379 1094 4440 reddentes,
1129 4377 1198 4430 ad
1228 4375 1712 4430 clementissimum
1755 4376 2317 4447 benignissimumque
2357 4377 2642 4431 Dominum
2691 4378 2811 4445 puri
2891 4392 3025 4447 pure
3061 4391 3442 4447 cucurrerunt,

227 4478 356 4548 μθ’.
405 4477 448 4528 Ο
484 4471 838 4526 ΒΑΣΙΛΕΥΣ.
888 4469 954 4522 Τί
982 4463 1113 4535 οὗν;
1161 4467 1270 4520 τῶν
1323 4465 1662 4537 Ἑλληνικῶν
1702 4467 1755 4519 ού

1944 4469 2033 4524 49.
2078 4467 2310 4523 lMl’ER.
2351 4466 2492 4534 Quid
2537 4468 2702 4538 ergo?
2743 4468 2987 4537 nunquid
3022 4484 3168 4534 non,
3225 4480 3283 4524 ut
3326 4471 3442 4532 ais,

143 4541 505 4625 κοίνωνοῦσι
526 4563 816 4634 δογμάτων
843 4563 894 4615 oi
917 4561 1024 4614 τῶν
1045 4560 1231 4623 ὁσίων,
1263 4558 1338 4621 ὼς
1368 4557 1527 4627 ἔφης,
1560 4557 1755 4627 ἀνθρώ.

1872 4561 2078 4614 erroris
2105 4561 2382 4629 gentilium
2419 4562 2553 4616 socii
2601 4571 2749 4626 sunt,
2787 4561 2878 4630 qui
2925 4575 3111 4616 eorum
3145 4560 3444 4627 hominum,

139 4681 278 4716 πων
342 4654 825 4727 δημιουργοῦντες
878 4653 1132 4718 εἰκόνας;
1185 4655 1227 4704 0
1295 4649 1747 4704 ΠΑΤΡΙΛΡΧΗΣ

1875 4666 2014 4720 quos
2048 4653 2314 4706 sanctitas
2345 4651 2712 4716 commendat,
2741 4650 3035 4706 simulacra
3065 4662 3228 4721 atque
3259 4654 3450 4721 imagi-

142 4753 276 4822 οὐχ
313 4747 515 4807 οὕτως
561 4743 746 4806 ἁπλῶς
781 4740 1197 4812 κατηγορητέον
1235 4737 1437 4802 αὐτῶν,
1474 4739 1610 4792 ἀλλὰ
1646 4755 1755 4791 σκο·

1874 4758 1972 4797 nes
2003 4740 2248 4796 faciunt?
2281 4741 2487 4796 PATR.
2532 4740 2648 4796 Non
2691 4743 2770 4797 sic
2796 4750 3002 4797 temere
3032 4757 3096 4798 ac
3130 4743 3449 4812 simpliciter

137 4844 385 4914 πητέον
432 4837 529 4890 καὶ
563 4834 962 4906 διερευνητέον.
1002 4835 1044 4885 Ο
1088 4829 1445 4883 ΒΑΣΙΛΕΥΣ.
1481 4830 1603 4892 Πῶς
1639 4831 1774 4901 Χρι-

133 4935 386 4993 στιανοὶ
445 4928 550 4991 τὰς
593 4927 848 4989 τοιαύτας
895 4922 1326 4996 δημιουργοῦσιν
1369 4923 1617 4989 είκόνας;
1655 4921 1772 4992 πῶς

127 5031 536 5102 γράφουσιν;
587 5022 629 5073 o
682 5015 1148 5072 ΠΑΤΡΙΑΡΧΗΣ.
1212 5014 1328 5084 Μὴ,
1360 5012 1622 5084 βασιλεῦ.
1673 5013 1772 5083 τῆς

127 5123 429 5196 ἀῤῥήτου
467 5113 564 5166 καὶ
590 5111 924 5181 ὑπερουσίας
957 5107 1297 5180 μεταδιδόασι
1343 5105 1771 5196 τοίῖ

125 5187 257 5275 wit};
288 5187 523 5266 ⁷οοσιας
550 5219 566 5270 ;
596 5202 638 5254 o
665 5197 1024 5253 ΒΑΣιΑΕΥΣ.
1059 5196 1134 5250 Οὐ
1171 5195 1327 5265 δῆτα.
1367 5195 1408 5247 ο
1439 5187 1772 5246 IlATPlAP-

127 5303 320 5360 ΧΗΣ.
365 5295 631 5364 Θνητοὺς
671 5293 728 5346 δὲ
764 5292 960 5353 αὐτοὺς
1004 5287 1293 5361 φρονοῦσιν
1325 5283 1685 5355 ἀνθρώπους;
1730 5285 1772 5338 0

128 5385 551 5450 BAXlAETX.
581 5384 713 5438 Ναί.
753 5385 796 5437 o
821 5378 1283 5436 HATPIAPXHS.
1322 5376 1417 5440 Τίς
1447 5372 1540 5429 οὖν
1574 5376 1607 5446 ὴ
1640 5375 1775 5446 μέμ.

126 5491 260 5560 ψις,
299 5488 358 5540 ει
395 5484 490 5543 ὼς
530 5475 849 5550 ἀνθρώπους
873 5475 1097 5537 εἰδότες,
1127 5474 1199 5535 ὼς
1225 5469 1550 5540 ἀνθρώπους
1582 5469 1768 5539 γραφῇ

127 5559 592 5652 παραδίδομεν;
629 5571 722 5623 καὶ
749 5570 851 5639 τὴν
883 5565 1022 5620 Θεοῦ
1061 5561 1460 5636 προσηγορίαν,
1491 5559 1772 5652 ἐξαίρετον

133 5650 323 5727 οὖσαν
361 5666 479 5721 καὶ
531 5665 643 5724 τοῖς
671 5660 955 5729 γεγονόσιν
1002 5655 1321 5726 ἐπιτεθῆναι
1371 5652 1574 5721 κυρίως
1611 5650 1772 5719 φύσιν

131 5769 249 5822 οὐκ
303 5765 593 5832 ἔχουσαν,
634 5755 728 5807 ἐπὶ
757 5753 857 5822 τῆς
917 5752 1135 5804 πάντων
1186 5743 1530 5818 ἐξῃρημένης
1572 5742 1770 5803 ἐῶντες

131 5858 386 5919 οὐσίας,
427 5851 517 5913 ὡς
559 5847 711 5918 αὐτῷ
746 5847 894 5918 μόνῳ
932 5844 1099 5914 μόνην
1143 5839 1510 5910 ἁρμόζουσαν,
1553 5834 1768 5905 ἐκείνην

1872 4835 2267 4890 condemnandi
2298 4846 2461 4899 sunt;
2497 4835 2592 4890 scd
2620 4836 3051 4890 consideratione
3075 4837 3331 4890 utendum
3365 4848 3446 4890 at-

1875 4940 1981 4996 que
2009 4928 2282 4981 examine.
2308 4925 2539 4980 IMPER.
2575 4929 2688 4992 Qua
2721 4927 2934 4982 ratione
2960 4927 3256 4982 Christiani
3279 4928 3450 4981 sintu-

1875 5014 2018 5070 lacra
2051 5016 2316 5082 ejusmodi
2349 5031 2414 5070 ac
2449 5017 2713 5086 imagines
2739 5018 2990 5072 faciunt?
3022 5033 3257 5087 quonam
3288 5021 3448 5072 modo

1875 5107 2134 5178 pingunt?
2155 5105 2360 5161 PA'I‘R.
2388 5104 2530 5161 Num
2549 5147 2564 5172 ,
2585 5124 2790 5178 quaeso,
2819 5109 3136 5178 imperator,
3169 5124 3283 5170 eos.
3313 5125 3452 5179 quos

1873 5197 2152 5252 coloribus
2174 5196 2450 5252 delineant
2499 5213 2563 5253 ac
2592 5201 2841 5270 pingunt,
2873 5215 3074 5256 arcana
3104 5199 3194 5255 illa
3227 5200 3450 5268 vimque

1873 5301 2090 5341 omnem
2123 5287 2392 5346 sermonis
2420 5302 2486 5344 ac
2529 5289 2757 5345 rationis
2797 5301 3091 5358 superante
3131 5290 3448 5359 impertiant

1873 5379 2147 5435 essentia!
2188 5376 2423 5435 lﬂPEIt.
2477 5379 2633 5435 Haud
2687 5396 2837 5436 sane.
2890 5380 3092 5435 PATR.
3131 5381 3318 5438 Nonne
3353 5397 3449 5436 eos

1876 5472 2124 5526 homines
2183 5471 2435 5527 mOrtales
2469 5473 2829 5527 existimant?
2891 5473 3126 5528 IMPER.
3191 5474 3444 5528 Maxime.

1875 5560 2078 5618 PATR.
2129 5562 2266 5628 Quid
2302 5562 2465 5631 igitur
2507 5564 2752 5620 criminis
2783 5575 2888 5629 est,
2937 5567 3008 5628 si,
3038 5581 3158 5618 cum
3197 5566 3446 5620 homines

1873 5653 2232 5717 sciamus,ceu
2254 5653 2500 5707 homines
2518 5655 2770 5723 penicillo
2793 5656 3172 5724 colorilnsque
3191 5641 3452 5722 exprimi-

1876 5743 2034 5800 mus?
2057 5742 2149 5796 Dci
2183 5753 2360 5796 autem
2393 5746 2673 5815 singulare
2707 5757 2870 5814 atque
2920 5747 3183 5800 eximium
3226 5752 3447 5809 nomen,

1875 5836 2015 5904 quod
2044 5834 2241 5889 creatis
2265 5835 2480 5904 proprie
2511 5838 2752 5890 adhiberi
2777 5847 2858 5892 est
2883 5835 3234 5906 impossiLilc,
3269 5839 3319 5891 in
3355 5852 3454 5893 cs-

2729 6319 3704 6348 ____—--—_-'_—.::
