4158 6348
409 392 511 458 105

1921 402 2125 466 γηΑ.

3564 413 3662 476 106

403 505 502 560 καὶ
530 503 738 559 ἄνωθεν
765 505 1095 576 παραδόσεις
1125 505 1236 559 τῶν
1267 505 1504 578 πρώτων
1527 506 1856 580 ἀνθρώπων,
1883 512 1980 567 ἱνα

2096 513 2266 572 Insita
2295 516 2573 573 hominum
2593 520 2863 576 mentibus
2885 521 2950 576 de
2977 520 3088 576 Deo
3113 523 3492 592 cogitationes,
3520 542 3670 598 quae-

403 597 539 651 Θεὸν
574 595 754 669 ἀληθῆ
783 599 946 669 μόνον
977 597 1298 666 ἐγίνωσκον·
1323 599 1373 651 oi
1400 598 1458 652 δὲ
1485 599 1586 670 τῆς
1613 599 1832 670 χθονιας
1861 604 1991 675 ἐρα-

405 687 530 742 σταὶ
559 687 774 758 σοφίας,
803 687 1120 758 ἀφιλοσόφῳ
1161 688 1324 759 σοφία
1359 688 1455 742 καὶ⁸
1482 688 1626 758 λόγῳ
1657 690 1861 763 ἀλόγῳ,
1889 693 1994 761 τῆς

403 778 692 842 εὐσεϐείας
725 778 826 842 τάς
872 778 1031 848 ῥίζας
1079 777 1370 850 τολμηρῶς
1404 779 1858 849 ἀνασπάσαντες,
1895 783 1993 853 ἦλ-

402 869 574 936 λαξάν
609 888 667 924 τε
689 871 860 935 αὐτὰς
883 872 979 925 καὶ
1004 872 1198 943 ἑτέραν
1225 871 1547 942 ἐτράποντο,
1574 874 1672 927 καὶ
1694 873 1989 941 πολυθεῖας

405 963 814 1034 ἐμϐεϐληκότες
847 963 1014 1033 φυτά,
1044 963 1389 1036 προύδωκαν,
1426 967 1494 1036 ἢν
1527 961 1672 1036 εἶχον
1705 967 1987 1040 ἀλήθειαν,

405 1055 696 1125 ἀνθρώπου
737 1055 990 1126 ὁμοίωμα
1023 1056 1118 1108 καὶ
1163 1055 1432 1111 πετεινῶν
1463 1059 1555 1111 καὶ
1593 1058 1721 1129 ἑξῆς
1755 1059 1832 1131 τῷ
1871 1061 1989 1131 Θεῷ

407 1148 840 1218 παρασχόμενοι.
889 1148 1237 1203 Ἐναλλάττει
1283 1149 1392 1220 γὰρ
1434 1149 1462 1202 ὃ
1511 1150 1778 1222 πρότερον
1818 1146 1986 1223 εἶχεν,

409 1223 531 1294 ἀντὶ
561 1239 653 1291 τοῦ
687 1239 840 1303 ὸντος
880 1240 941 1292 τὸ
986 1240 1060 1310 μὴ
1103 1240 1279 1310 παρὸν
1318 1241 1467 1312 αύτῷ
1515 1241 1986 1314 προαιρούμενοςο

412 1331 440 1386 ὃ
460 1333 514 1386 δὲ
549 1333 622 1405 μὴ
654 1329 820 1404 εἶχεν,
848 1334 947 1387 οὐκ
976 1333 1042 1387 ἀν
1071 1333 1414 1387 ἐναλλάττειν
1447 1334 1666 1388 πώποτε
1689 1337 1882 1391 ἕλοιτο.

2093 624 2200 678 quo
2232 610 2352 680 ipso
2407 611 2476 667 ab
2521 612 2679 667 initio
2720 612 2832 682 jam
2885 614 3012 668 olim
3045 615 3332 682 viguerunt
3368 616 3669 684 primorum

2096 701 2380 756 hominum
2409 705 2752 770 traditiones,
2781 721 2944 759 unum
3000 706 3262 760 duntaxat
3288 720 3471 760 verum
3499 708 3667 762 Deum

2097 793 2531 861 cognoscendum
2587 795 2790 849 dabant
2840 813 2854 849 :
2912 804 3138 850 terrena:
3195 810 3324 850 vero
3389 797 3670 866 sapientia:

2099 894 2393 950 amatores,
2448 887 2652 941 insulsa
2690 887 2950 959 nihilique
2997 889 3206 944 ratione
3252 889 3422 953 ducti,
3469 890 3671 943 evulsis

2100 975 2390 1029 temerario
2420 991 2554 1031 ausu
2591 977 2809 1046 pietatis
2839 977 3130 1044 radicibus,
3166 977 3428 1047 ejusmodi
3460 969 3669 1049 cogita-

2100 1062 2272 1118 tiones
2324 1074 2528 1120 naturze
2610 1067 2806 1123 insitas
2854 1070 3276 1139 verissimasque
3352 1071 3672 1125 traditiones

2101 1167 2575 1213 commutaverunt
2598 1168 3020 1229 everteruntque
3044 1172 3098 1216 et
3123 1162 3351 1232 plurium
3391 1163 3674 1216 numinum

2098 1247 2434 1316 impietatem
2473 1249 2614 1303 velut
2649 1253 2842 1305 noxias
2865 1252 3074 1322 plantas
3109 1255 3423 1307 inseverunt
3456 1254 3674 1316 animis,

2101 1339 2403 1409 ipsamque,
2436 1355 2540 1410 qua
2577 1352 2732 1397 erant
2774 1344 3048 1410 instructi,
3080 1345 3369 1399 veritatem
3417 1345 3674 1413 prodide-

415 1439 563 1496 runt,
598 1441 654 1484 ut
682 1430 916 1484 hominis
984 1429 1398 1486 similitudinem
1466 1432 1856 1502 volucrumque
1918 1447 1984 1488 ac
2044 1448 2232 1490 rerum
2273 1437 2533 1506 deinceps
2588 1437 2815 1491 aliarum
2856 1437 2967 1497 Deo
3009 1439 3333 1492 tribuerent.
3363 1437 3676 1491 Commutat

417 1525 556 1579 enim
606 1526 660 1579 id
693 1525 836 1594 quod
879 1535 1006 1579 ante
1040 1525 1272 1581 habebat
1318 1526 1386 1590 is,
1421 1516 1510 1595 nui
1544 1528 1591 1580 ei
1634 1528 1776 1597 quod
1811 1528 1965 1583 adest
2041 1528 2095 1584 id
2127 1530 2269 1602 quod
2304 1547 2408 1585 non
2436 1534 2587 1586 adest
2647 1532 2863 1602 praefert
2899 1551 2912 1588 :
2950 1542 3285 1588 commutare
3353 1534 3498 1588 enim
3531 1519 3703 1602 quod.

414 1620 734 1682 non'habet,
764 1634 920 1674 nemo
944 1620 996 1672 in
1023 1620 1261 1673 animum
1290 1621 1509 1674 inducat
1530 1636 1707 1674 sumn.

480 1712 580 1782 νβ’.
635 1715 675 1764 0
717 1711 868 1764 ΒΑΣ.
920 1706 1069 1781 τΑρα
1126 1712 1188 1764 ού
1238 1711 1400 1764 τοῦτό
1451 1713 1600 1764 ἐστιν
1657 1712 1685 1764 ὃ
1731 1712 1986 1783 διεξῄεις,

2169 1711 2258 1765 52.
2296 1708 2524 1765 IMPER.
2551 1711 2788 1764 Hoccine
2815 1718 2898 1764 est
2918 1710 3059 1780 quod
3086 1723 3340 1766 sermone
3368 1713 3673 1772 contendis.

410 1805 483 1870 ὡς
525 1805 618 1856 ἐπὶ
653 1803 812 1872 μόνον
848 1802 982 1854 Θεοῦ
1016 1803 1384 1873 παραδεκτέον
1414 1803 1508 1855 τὸν
1553 1802 1650 1856 τοῦ
1697 1805 1988 1874 νομοθέτου

2096 1802 2162 1858 de
2187 1802 2300 1856 solo
2325 1801 2435 1857 Deo
2469 1802 2842 1870 accipiendum
2877 1803 3124 1869 verbum,
3155 1803 3381 1873 ejusque
3407 1805 3674 1862 duntaxat

393 1900 591 1966 λόγον,
647 1897 742 1949 καὶ
774 1896 850 1958 ὡς
911 1897 1004 1948 ἐπὶ
1069 1897 1260 1949 τούτου
1319 1895 1420 1960 τάς
1488 1897 1702 1959 εἰκόνας
1753 1897 1989 1970 γράφειν

403 1991 718 2056 ἐκώλυσεν;
772 1988 812 2040 0
860 1987 1062 2041 ΠΑΤΡ.
1116 1987 1290 2040 Τοῦτό
1326 2004 1389 2054 γε
1443 1985 1606 2058 ἔφην,
1664 1989 1761 2040 καῖ⁹
1811 1989 1991 2056 λέγειν

411 2081 671 2135 οὐδέποτε
699 2077 1000 2146 παύσομαι.
1040 2081 1080 2128 0
1117 2078 1266 2129 ΒΑΣ.
1300 2077 1364 2128 Τί
1407 2077 1506 2147 δή;
1542 2079 1602 2130 ού
1649 2078 1781 2133 Θεὸν
1817 2079 1992 2150 ἀληθῆ

414 2171 506 2224 τὸν
553 2168 790 2237 Χριστὸν
830 2167 1150 2236 κηρύττεις;
1183 2168 1222 2218 0
1247 2167 1449 2219 ΠΛΤΡ.
1479 2169 1715 2234 Ἔγωγε.
1767 2171 1807 2222 0
1843 2171 1991 2224 ΒΑΣ.

419 2257 660 2329 Χριστοῦ
694 2258 752 2309 δὲ
782 2257 998 2318 εἰκόνας
1025 2258 1084 2308 ού
1114 2259 1380 2326 γράφειςς
1407 2260 1448 2308 0
1497 2259 1702 2312 UATP.
1757 2259 1994 2327 Πάνυγε.

422 2353 463 2404 0
486 2352 635 2402 ΒᾹΣ.
668 2350 788 2412 Πῶς
818 2345 912 2402 οὖν
941 2349 1071 2402 Θεὸν
1100 2348 1274 2419 ἁληθῆ
1308 2349 1398 2401 τὸν
1419 2350 1654 2420 Χριστὸν
1682 2351 1998 2422 κηρύττεις,

419 2439 660 2511 Χριστοῦ
684 2440 739 2492 δὲ
762 2439 998 2510 γράφεις
1016 2439 1250 2504 εἰκόνας,
1282 2440 1332 2490 εί
1362 2439 1495 2491 Θεοῦ
1528 2440 1760 2508 γράφειν
1786 2440 2001 2504 εἰκόνας

414 2531 446 2584 ὁ
471 2530 768 2600 νομοθέτης
809 2528 1114 2594 ὲκώλυσεν;
1147 2530 1189 2582 0
1221 2529 1430 2582 IIATP.
1467 2529 1542 2582 Εὖ
1573 2547 1654 2582 σοι
1703 2529 1932 2598 γένοιτο,
1957 2526 2002 2586 ὦ

416 2623 641 2692 βασιλεῦ
670 2638 684 2653 ο
725 2621 786 2674 τὸ
832 2621 942 2691 γὰρ
980 2621 1134 2692 παρά
1178 2618 1272 2672 σοῦ
1314 2620 1536 2690 κινηθὲν
1568 2623 1913 2691 παραστήσει
1941 2623 2000 2676 τὸ

412 2714 590 2784 δόγμα
623 2711 1027 2783 λαμπρότερον.
1064 2711 1204 2766 Eine
1229 2712 1372 2782 γὰρ,
1409 2713 1470 2764 οὑ
1507 2711 1640 2765 Θεὸν
1668 2712 1870 2782 ἀληθῆ,
1907 2714 2000 2766 καὶ⁹

413 2806 700 2876 ἄνθρωπον
743 2803 919 2872 ἀληθῆ
965 2801 1059 2855 τὸν
1100 2803 1337 2872 Χριστὸν
1385 2801 1711 2872 κηρύττεις;
1761 2806 1802 2854 0
1847 2803 1996 2857 ΒΑΣ.

343 2944 384 2957 ,
415 2894 604 2957 Οὕτως
640 2893 766 2963 ἔχω.
817 2897 868 2947 0,.
915 2893 1119 2946 HATP.
1155 2893 1477 2962 Ἀνθρωπος
1524 2891 1765 2961 γεγονὼς
1805 2896 1834 2946 ό
1863 2894 1999 2968 Χρι-

417 2987 580 3050 στὸς,
643 2986 704 3038 ού
781 2983 991 3047 τέλειός
1057 2985 1207 3036 ἐστιν
1271 2983 1534 3048 ὡσαύτως
1602 2986 1760 3039 τοῦτο
1812 2989 1999 3042 κακεῖ-

2093 1892 2380 1962 pingendis
2423 1893 2750 1960 imaginibus
2782 1908 2845 1946 ac
2875 1892 3180 1947 simulacris
3207 1893 3468 1949 ducendis
3505 1895 3675 1950 inter-

2092 1984 2294 2039 dictum
2323 1985 2484 2039 esse?
2511 1985 2712 2038 PATR.
2747 1983 2859 2039 Iloe
2913 1985 3068 2053 plane
3101 1985 3242 2049 dico,
3288 2002 3388 2041 nec
3432 2003 3672 2055 unquam

2095 2083 2412 2131 cessaturus
2451 2092 2570 2130 sum
2617 2075 2820 2129 dicere.
2865 2074 3096 2128 IMPEB.
3125 2075 3261 2141 Quid
3298 2078 3460 2130 vero?
3488 2078 3674 2132 Nonne

2095 2163 2365 2219 Christum
2410 2180 2595 2219 verum
2645 2165 2808 2218 Deum
2844 2165 3114 2233 proﬁteris
3141 2166 3165 2219 τ
3196 2165 3398 2220 PATR.
3421 2167 3672 2223 Maxime.

2098 2253 2332 2308 IMPER.
2364 2253 2547 2308 Nunne
2577 2268 2703 2307 vero
2733 2253 2932 2307 Christi
2979 2253 3239 2324 imagines
3267 2271 3330 2309 ac
3385 2257 3672 2311 simulacra

2101 2347 2278 2415 pingis
2294 2345 2316 2397 τ
2332 2343 2533 2398 PATR.
2551 2345 2627 2397 ita
2646 2345 2820 2413 plane.
2835 2341 3066 2399 IMPER.
3087 2345 3363 2411 Quomodo
3383 2348 3561 2416 igitur,
3586 2351 3676 2418 qui

2103 2449 2288 2489 verum
2322 2435 2486 2489 Deum
2528 2436 2804 2490 Christum
2835 2435 3124 2503 proﬁteris,
3157 2437 3360 2492 Christi
3413 2438 3676 2510 imagines

2104 2526 2307 2596 pingis,
2344 2542 2466 2580 cum
2520 2527 2795 2595 lcgislntor
2829 2526 2924 2580 Dei
2961 2527 3225 2596 imagines
3257 2529 3552 2599 pingendas
3586 2546 3677 2584 vc-

2105 2616 2300 2670 tuerit?
2350 2613 2552 2670 PATR.
2591 2615 2734 2670 Bene
2788 2617 2880 2670 tibi
2939 2617 3035 2681 sit,
3066 2632 3098 2672 ο
3132 2619 3452 2687 imperator,
3510 2636 3672 2688 quam

2099 2707 2243 2760 enim
2267 2709 2618 2775 qumstiunem
2649 2708 2886 2775 movisti,
2914 2709 3219 2762 doctrinam
3249 2711 3448 2766 clarius
3475 2714 3674 2768 contir-

2099 2798 2288 2853 mabit.
2318 2798 2476 2863 Nam,
2502 2801 2718 2864 amaho,
2750 2816 2931 2855 nonne
2965 2800 3242 2856 Christum
3277 2819 3463 2858 verum
3495 2805 3671 2860 Deum

2100 2901 2394 2958 verumque
2437 2889 2709 2944 hominem
2763 2890 3077 2958 proﬁteris?
3122 2891 3354 2946 IMPER.
3408 2892 3484 2946 Ita
3519 2910 3669 2949 sane.

2105 2978 2307 3034 PATR.
2342 2981 2595 3036 Christus
2629 2983 2789 3036 homo
2820 2981 3022 3047 factus,
3057 2998 3235 3039 nonne
3270 2985 3494 3053 perinde
3533 2987 3675 3040 Dens

418 3096 509 3144 νο,
566 3078 660 3130 κα)⁸
718 3074 842 3128 οὔτε
878 3075 980 3145 τὴν
1037 3073 1248 3127 οἰκείαν
1311 3074 1476 3144 φύσιν
1529 3077 1819 3146 ἐμείωσεν,
1872 3075 1993 3130 οὔτε

2103 3082 2267 3142 atque
2295 3075 2454 3126 homo
2481 3072 2751 3142 perfectus
2789 3075 3021 3138 exsistit,
3047 3075 3267 3144 quando
3313 3090 3490 3145 neque
3514 3093 3671 3132 suam

416 3171 444 3223 ὃ
503 3155 836 3241 προσέλαϐεν
893 3169 974 3229 είς
1022 3164 1278 3236 θεότητος
1352 3167 1513 3234 φύσιν
1576 3169 1907 3238 μετὲθαλεν;
1957 3171 1993 3222 0

2105 3161 2223 3231 ipse
2241 3172 2491 3217 naturam
2519 3165 2735 3227 minuit,
2766 3179 2864 3220 nec
2888 3180 3049 3234 quam
3069 3166 3364 3233 assumpsit
3381 3168 3434 3221 in
3453 3169 3673 3223 deitatis

419 3260 568 3313 ΒΑΣ.
620 3259 732 3311 Καὶ
794 3255 964 3326 μάλα.
1005 3255 1045 3307 0
1104 3255 1310 3308 HATP.
1372 3255 1446 3308 Οὐ
1508 3258 1890 3327 συνομολογείς
1939 3259 1993 3311 δὲ

2101 3265 2346 3308 naturam
2401 3250 2708 3312 convertit?
2760 3257 3214 3314 IMPERPIane.
3244 3259 3444 3314 PATR.
3483 3259 3673 3317 Nonne

421 3353 514 3407 καὶ
565 3351 692 3420 φὴς,
751 3348 826 3411 ὼς
883 3347 1042 3401 ἀλλον
1094 3347 1194 3416 μὲν
1252 3346 1346 3400 καὶ
1419 3347 1578 3400 ἄλλον
1628 3348 1720 3402 τὸν
1762 3349 1996 3420 Χριστὸν

421 3445 520 3498 οὐκ
585 3443 650 3495 ἄν
718 3457 848 3493 ποτε
917 3439 1197 3509 φαίημεν*
1254 3439 1346 3492 τὸν
1406 3440 1568 3493 αὐτὸν
1608 3440 1665 3492 δὲ
1716 3441 1830 3510 ᾶμα
1873 3441 1996 3494 κατ’

422 3534 549 3589 ἀλλο
594 3535 690 3587 καὶ
735 3532 901 3597 ἄλλο,
943 3531 1039 3584 καὶ
1075 3529 1257 3598 ἀπαθῆ
1301 3531 1396 3584 καλ⁵
1444 3528 1682 3602 παθητὸν
1722 3531 1953 3601 λέγομεν
1977 3549 1991 3563 ·

424 3627 544 3682 καθ’
570 3627 598 3680 ὃ
625 3626 724 3696 μὲν
754 3624 918 3689 Θεὸς,
939 3623 1118 3687 τοῦτο,
1153 3623 1276 3676 καθ’
1305 3623 1333 3675 ὃ
1356 3623 1412 3676 δὲ
1437 3624 1726 3694 ἄνθρωπος
1755 3625 1782 3676 ό
1811 3626 1991 3690 αὐτὸς,

427 3719 637 3779 ὲκεῖνο;
681 3715 746 3766 Τί
784 3714 883 3785 δή;
938 3713 996 3764 οὐ
1035 3712 1170 3766 καθὸ
1205 3713 1302 3782 μὲν
1335 3712 1486 3778 Θεὸς,
1518 3714 1746 3782 ἀόρατός
1789 3717 1847 3767 τέ
1879 3718 1994 3770 ἐστι

429 3807 524 3860 καὶ
554 3804 758 3874 ἀναφὴς
789 3803 883 3856 καὶ
912 3800 1034 3854 νοού
1043 3818 1201 3870 μενος
1221 3816 1236 3831 ⁸
1261 3800 1384 3853 καθ’
1419 3801 1446 3853 ὃ
1474 3801 1530 3852 δὲ
1559 3802 1868 3872 ἄνθρωπος,
1901 3803 1996 3855 καὶ

427 3898 620 3969 ὁρατὸς
675 3897 766 3949 καὶ
813 3892 982 3955 ἁπτὸς
1019 3893 1111 3945 καὶ
1143 3891 1506 3960 φαινόμενος;
1558 3893 1692 3962 Οὐχὶ
1743 3887 1835 3944 οῦν
1899 3893 1995 3946 καὶ

424 3987 558 4044 Θεδν
581 3991 737 4059 ἴσμεν
763 3985 936 4056 ἀληθῆ
955 3985 1048 4038 τὸν
1072 3987 1448 4054 γραφόμενον;
1474 3984 1606 4048 Θεὸς
1629 3985 1736 4053 γὰρ
1758 3985 1993 4056 ἀληθῶς,

423 4084 520 4137 καὶ
550 4078 857 4150 σαρκωθεὶς
895 4078 924 4128 ὁ
952 4077 1211 4148 Χριστός.
1256 4075 1394 4128 Ἀλλ’
1424 4076 1485 4128 οὐ
1517 4075 1638 4128 καθ’
1677 4075 1705 4128 ὃ
1737 4076 1868 4140 Θεὸς
1906 4077 1996 4131 τὸν

424 4174 658 4246 Χριστὸν
708 4171 1029 4241 γράφομεν,
1083 4168 1204 4222 οὐδὲ
1258 4169 1399 4222 κατά
1435 4167 1592 4222 τοῦτο
1632 4169 1731 4236 τὰς
1782 4171 1996 4234 εἰκόνας

424 4265 574 4336 αὺτῷ
599 4263 947 4333 ἀνατίθεμεν·
985 4259 1122 4315 καθὸ
1153 4260 1208 4314 δὲ
1241 4261 1525 4332 ἄνθρωπος
1558 4257 1625 4332 ἦν
1661 4264 1688 4316 ὁ
1713 4261 1873 4325 αὐτὸς
1901 4264 1996 4315 καὶ

426 4360 518 4412 ἐπὶ
545 4356 664 4426 γῆς
698 4354 896 4424 ἐφάνη,
927 4355 1048 4414 ταῖς
1071 4351 1245 4405 εἰκόσι
1277 4351 1613 4422 κεχρήμεθα.
1647 4353 1757 4406 Καὶ
1784 4350 1907 4405 ούτε
1932 4351 1994 4405 τὸ

424 4447 617 4518 ὁρατὸν
652 4447 748 4499 καὶ
777 4444 1152 4514 περίγραπτον
1173 4444 1284 4501 τοῖς
1309 4442 1407 4511 τῆς
1441 4442 1705 4512 ἀορασίας
1734 4443 1828 4495 καὶ
1862 4445 1994 4497 ἀπε-

2099 3344 2306 3440 pariter
2353 3346 2632 3402 conﬁteris
2665 3348 2850 3418 aisque
2878 3365 3156 3419 nunquam
3194 3365 3291 3404 nos
3320 3351 3485 3406 alium
3508 3362 3672 3422 atque

2098 3436 2262 3490 alium
2299 3437 2576 3493 Christum
2602 3439 2841 3509 dixisse;
2877 3442 2972 3495 sed
3015 3458 3178 3496 unum
3201 3445 3558 3514 eumdemque
3583 3458 3673 3499 se-

2096 3529 2330 3583 cundum
2361 3530 2506 3585 aliud
2532 3527 2694 3600 atque
2735 3532 2882 3606 aliud
2913 3541 3024 3587 tum
3053 3535 3369 3602 passibilem
3398 3543 3508 3588 tum
3537 3535 3670 3588 nulli

2095 3619 2388 3674 obnoxium
2417 3623 2651 3690 passioui
2682 3625 2895 3690 dicere;
2929 3623 3159 3679 alterum
3189 3626 3399 3680 scilicet
3421 3641 3527 3694 qua
3578 3640 3666 3679 ra-

2100 3712 2246 3768 tione
2276 3723 2359 3768 est
2384 3713 2548 3778 Deus,
2568 3714 2798 3769 alterum
2833 3730 2940 3785 qua
2966 3716 3128 3770 homo
3152 3719 3273 3771 est'?
3297 3716 3436 3782 Quid
3469 3719 3671 3788 igitur?

2097 3819 2202 3872 qua
2229 3805 2438 3858 ratione
2473 3805 2615 3859 Dcus
2646 3813 2753 3870 est,
2785 3820 2964 3860 nonne
2997 3806 3428 3873 inaSpcctabilis,
3466 3810 3672 3862 intracv

2101 3890 2298 3954 labilis,
2330 3890 2552 3960 solaque
2585 3903 2764 3947 mente
2792 3893 3148 3961 intelligibilis
3179 3895 3301 3948 est?
3345 3911 3449 3964 qua
3484 3908 3666 3951 autem

2100 3979 2285 4043 homo,
2321 3995 2502 4034 nonne
2539 3982 2830 4051 ejusmodi,
2871 3983 2960 4050 qui
2990 3983 3162 4036 oculis
3196 3983 3386 4050 videri,
3417 3986 3671 4056 tangique

2101 4070 2349 4124 manibus
2371 4072 2560 4140 possit,
2587 4087 2649 4125 ac
2671 4084 2829 4125 sensu
2856 4072 3180 4141 conspicuus
3201 4073 3670 4132 exsistanNonne

2099 4160 2265 4230 igitur
2291 4161 2453 4214 etiam
2486 4177 2606 4216 eum
2677 4163 2765 4231 qui
2825 4164 3079 4234 pingitur,
3115 4178 3298 4218 verum
3345 4165 3510 4222 Deum
3541 4184 3668 4223 nos-

2098 4252 2316 4306 cimus?
2353 4254 2491 4308 V-ere
2543 4253 2687 4308 enim
2723 4254 2972 4309 Christus
3025 4254 3166 4310 Deus
3195 4266 3304 4322 est,
3342 4259 3588 4325 quamvis
3616 4272 3670 4312 et

2098 4359 2260 4400 carne
2285 4346 2541 4416 praeditus
2563 4347 2652 4400 sit.
2670 4345 2830 4401 lland
2859 4356 3034 4401 tamen
3060 4347 3335 4402 Christum
3362 4364 3424 4402 ea
3459 4339 3681 4405 ratioiie‘

2100 4437 2398 4507 pingimus,
2430 4453 2534 4508 qua
2571 4438 2714 4494 Deus
2748 4447 2850 4503 est,
2899 4439 2980 4493 vel
3026 4439 3076 4493 ei
3113 4438 3376 4507 imagines
3408 4449 3461 4494 et
3495 4441 3670 4494 simu»

427 4536 721 4608 ριγραψίας
771 4532 1181 4602 ἀνακομίζομεν
1240 4531 1495 4600 μέτροις,
1542 4530 1616 4592 ὡς
1669 4530 1736 4584 ἂν
1777 4531 1852 4601 μὴ
1897 4531 1992 4601 τὴν

2099 4529 2242 4584 Iaera
2297 4532 2653 4600 appendimus
2688 4549 2702 4584 :
2735 4529 2829 4584 sed
2875 4531 3159 4592 duntaxat,
3207 4543 3310 4600 qua
3353 4538 3473 4584 erat
3523 4531 3664 4586 idem

423 4628 698 4698 σωτηρίαν
722 4623 1201 4693 διαψευσθείημεν,
1226 4619 1348 4672 οὔτε
1370 4620 1413 4672 δ’
1442 4616 1508 4673 αὖ
1525 4622 1584 4672 τὸ
1599 4621 1803 4690 ἀναφὲς
1828 4621 1990 4675 αύτοῦ

423 4723 519 4774 καὶ
549 4717 906 4789 ἁόρατονκα)⁸
930 4714 1368 4784 ἀπερίγραπτον,
1394 4715 1505 4775 τοῖς
1531 4712 1631 4781 τῆς
1661 4714 1875 4782 ἐπαφῆς
1902 4714 1994 4767 καὶ

424 4810 775 4882 περιγραφῆς
815 4808 931 4860 ίκαὶ
985 4806 1228 4874 ὁράσεως
1288 4803 1755 4873 κατακομίζοντες
1815 4803 1993 4873 λόγοις

426 4901 714 4973 μανιωδῶς
740 4897 1072 4967 διαμορφοῦν
1101 4894 1505 4964 ἐπιχειροῦμεν·
1539 4896 1736 4965 μᾶλλον
1758 4895 1816 4949 δὲ
1849 4896 1991 4950 εἰδό-

419 5008 546 5054 τες,
579 4991 663 5043 ὅτι
703 4987 798 5041 τοῦ
825 4988 950 5048 ἐνὸς
1002 4985 1241 5056 Χριστοῦ
1288 4985 1550 5053 πρόσεστι
1602 4985 1662 5036 τό
1694 5001 1754 5036 τε
1796 4984 1990 5056 ὁρατὸν

420 5082 516 5136 καὶ
542 5082 788 5151 ἀόρατον,
833 5078 1210 5149 περίγραπτον
1240 5075 1336 5128 καὶ
1365 5076 1780 5146 ἁπερίγραπτον
1815 5077 1990 5131 ἀδιαι-

424 5174 592 5244 ρέτως
619 5189 678 5225 τε
709 5172 802 5225 καὶ
824 5168 1146 5238 ἀσυγχύτως
1169 5168 1312 5222 κατά
1333 5185 1395 5236 γε
1420 5168 1489 5221 τά
1512 5169 1640 5231 τῶν,
1666 5169 1724 5234 ἐξ
1751 5162 1824 5222 ὧν
1852 5171 1988 5235 ἐστι,

422 5264 636 5334 φύσεων
673 5264 816 5328 ἴδια,
867 5261 1082 5330 ἑκάστῳ
1118 5260 1258 5312 κατὰ
1307 5258 1376 5312 τὰ
1407 5260 1885 5330 προαποδεδομένα
1933 5262 1991 5314 τὸ

419 5358 616 5407 οἰκεῖον
667 5353 962 5422 ἀπονέμειν
1015 5350 1432 5421 μεμαθήκαμεν.
1476 5349 1588 5403 Kal.
1624 5353 1780 5402 τοῦτο
1829 5350 1992 5415 δείξει

416 5446 526 5502 τῶν
551 5444 915 5516 γραφομένων
949 5442 1175 5494 εἰκόνων
1204 5441 1232 5490 ὁ
1266 5443 1484 5510 τρόπος·
1517 5440 1550 5510 ἢ
1589 5440 1698 5510 γὰρ
1726 5441 1784 5493 ὲν
1817 5441 1991 5514 φάτνῃ

418 5537 670 5608 κείμενον
723 5535 1049 5606 γράφουσιν,
1092 5534 1123 5604 ἢ
1175 5532 1280 5585 ὑπὸ
1321 5532 1425 5602 τῆς
1467 5533 1688 5602 Μητρὸς
1727 5532 1992 5586 Θεοτόκου

415 5629 773 5700 τρεφόμενον,
806 5627 840 5696 ἢ
892 5624 1188 5695 ὁμιλοῦντα
1249 5626 1362 5687 τοῖς
1413 5623 1720 5693 μαθηταῖς,
1775 5623 1807 5694 ἥ
1853 5639 1992 5696 παρ-

418 5721 632 5774 εστῶτα
660 5716 894 5787 Πιλάτῳ,
920 5717 952 5786 ἢ
975 5717 1068 5768 ἐπὶ
1097 5713 1256 5780 ξύλου
1289 5714 1706 5785 κρεμάμενον,ἢ
1725 5715 1824 5768 ὅσα
1854 5713 1989 5768 ἄλλα

417 5809 641 5865 τοιαῦτα
675 5807 774 5878 τὴν
815 5806 908 5858 ἐπὶ
940 5805 1042 5874 γῆς
1067 5804 1231 5858 αὑτοῦ
1264 5805 1565 5871 παρουσίαν
1596 5804 1883 5857 δείκνυσινυ
1913 5801 1988 5860 ὧν

742 5906 1007 5966 Parrum.
1048 5901 1164 5961 Gn.
1217 5902 1280 5962 C.

2085 4623 2260 4690 "homo
2304 4634 2466 4691 atque
2488 4624 2540 4675 in
2590 4623 2749 4676 terris
2785 4633 2867 4676 est
2896 4625 3065 4687 visus,
3097 4623 3304 4676 utimur
3337 4623 3665 4693 imaginibus

2095 4713 2212 4782 ejus
2251 4732 2264 4766 :
2298 4725 2352 4768 et
2405 4728 2583 4779 neque
2625 4713 2768 4782 quod
2801 4713 3130 4781 aspectabile
3165 4729 3229 4769 ac
3250 4714 3528 4770 deﬁnitum
3555 4728 3662 4778 est,

2094 4819 2597 4860 commensuramus
2617 4804 2665 4858 ei
2691 4804 2832 4871 quod
2867 4804 3253 4872 inaspectahile
3276 4822 3339 4860 ac
3373 4807 3666 4863 incircum-

2093 4897 2350 4964 scriptum
2384 4895 2616 4958 exsistit,
2648 4909 2714 4948 ne
2766 4895 2816 4947 in
2875 4894 3065 4948 salutis
3097 4897 3311 4964 negotio
3357 4911 3604 4954 erremus
3639 4917 3657 4954 :

2093 5005 2190 5043 nec
2225 5003 2434 5052 rursus,
2467 4989 2607 5056 quod
2636 4987 2710 5040 illi
2763 4985 3126 5050 intractabile,
3159 4987 3565 5056 inaspectabile,
3595 5005 3658 5046 ac

2091 5082 2625 5148 incircumscriptum
2661 5079 2897 5143 exsistit,
2929 5079 2994 5131 ad
3050 5091 3332 5134 contuetus
3374 5093 3651 5150 aspectus-

2091 5189 2195 5242 que
2221 5188 2284 5227 ac
2305 5170 2829 5241 circumscriptionis
2884 5171 3120 5226 rationes
3155 5173 3538 5240 deprimentes,
3570 5174 3654 5228 l‘u-

2094 5263 2328 5317 rentium
2374 5277 2523 5317 more
2569 5261 2842 5317 coloribus
2882 5271 3043 5332 atque
3077 5261 3362 5332 pigmentis
3403 5262 3654 5336 efﬁngere

2093 5355 2338 5410 nitimur.
2355 5355 2491 5422 Quin
2512 5357 2690 5426 potius
2717 5355 2938 5409 minime
2957 5356 3264 5424 ignorantes
3285 5359 3440 5410 unius
3454 5356 3653 5413 Christi

2091 5459 2233 5506 esse,
2261 5447 2405 5513 quod
2435 5445 2784 5514 aspectabilis
2812 5444 2883 5499 sit
2904 5456 2957 5500 et
2987 5461 3089 5500 non
3113 5445 3477 5514 aspectabilis,
3512 5452 3654 5518 quod

2091 5532 2534 5602 circumscriptus
2573 5544 2642 5588 .et
2677 5534 3227 5603 incircumscriptus,
3297 5535 3458 5605 idque
3508 5548 3649 5593 citra

2091 5623 2487 5690 confusionem,
2533 5625 2682 5693 juxta
2735 5636 3073 5681 naturarum.
3104 5639 3225 5694 qua:
3271 5625 3323 5678 in
3362 5627 3479 5696 ipso
3509 5640 3652 5693 sunt,

2075 5715 2659 5786 ..pr0prietates;prout
2683 5717 2794 5786 jam
2823 5717 3150 5786 explicatum
3177 5725 3281 5782 est,
3303 5715 3467 5788 (quod
3498 5736 3652 5775 suum

2090 5804 2208 5876 est)
2233 5808 2428 5876 cuique
2459 5809 2698 5864 tribuere
2729 5808 2996 5864 novimus.
3034 5808 3089 5864 Id
3117 5808 3256 5879 quod
3290 5827 3478 5865 earum
3504 5814 3648 5883 ipsa—-

3255 5905 3294 5966 ὂ
