4158 6348
480 345 579 412 107

1490 346 1551 405 S.
1596 344 2015 406 NICEPIIURI
2056 341 2564 402 PATRIARCIIE
2602 341 2712 401 CP.

3669 340 3769 409 108

476 474 617 520 rum,
645 470 767 524 qua:
802 453 1100 526 pinguntur
1128 428 1293 523 atque
1320 462 1593 521 ponuntur
1630 455 1924 523 imaginum
1952 467 2065 506 mo-

2179 452 2325 506 οὐδὲν
2356 446 2449 524 ἦν,
2476 451 2615 504 καθὸ
2649 450 2784 515 Θεὸς
2820 445 2911 521 ἦν,
2951 448 3083 505 καθὸ
3116 451 3169 505 δὲ
3222 452 3249 506 ό
3283 453 3446 518 αὐτὸς
3481 453 3767 526 ἄνθρωπος

480 551 582 603 dus
615 548 873 601 ostendet
901 564 913 599 :
941 555 1033 598 attt
1052 547 1197 601 enim
1219 546 1323 600 illm
1349 547 1401 599 in
1426 545 1943 615 praesrpijaccntcnt
1977 561 2063 598 re-

476 649 838 712 praesentant,
871 649 961 693 aut
997 638 1239 707 Dciparze
1279 639 1519 707 parentis
1556 647 1841 708 sugentem
1874 638 2062 701 ubera,

480 738 576 782 aut
610 727 910 797 discipulos
974 714 1362 796 alloquentetn,
1430 726 1514 781 vel
1561 737 1833 781 astantem
1867 726 2065 795 Pilato,

479 826 575 870 aut
606 816 660 871 itt
704 816 852 883 ligno
902 817 1249 886 pendentem,
1280 824 1374 869 aut
1405 815 1451 869 si
1502 833 1610 887 qua
1656 816 1922 885 ejusmodi
1960 816 2068 870 alia

479 909 596 973 ejus
655 910 706 962 in
738 916 913 962 terras
954 907 1242 962 adventum
1284 906 1613 962 declarant:
1666 924 1897 978 quarunt
1925 909 2065 962 nihil

476 1011 570 1057 est
595 1016 655 1055 ea
692 1002 902 1056 ratione
933 1017 1035 1071 qua
1076 1001 1219 1055 Deus
1251 1010 1354 1065 est,
1388 1002 1483 1056 sed
1512 1017 1617 1071 qua
1648 1001 1792 1057 idem
1825 1018 2074 1071 unusque

487 1095 603 1165 ipse
637 1095 804 1150 homo
835 1094 1155 1149 exsistebat.
1188 1093 1304 1149 Nisi
1343 1097 1490 1149 enim
1522 1096 1848 1164 quandoque
1907 1097 2071 1151 homo

478 1186 659 1241 factus
708 1195 880 1253 esset,
930 1186 1285 1255 hominiSque
1339 1186 1567 1257 ﬁguram
1609 1201 1672 1241 ac
1732 1184 1963 1240 formam
2017 1188 2069 1242 in

2170 539 2267 616 ἦν.
2298 544 2360 597 Εί
2406 543 2506 614 μὲν
2538 543 2648 615 γὰρ
2689 542 2977 615 ἄνθρωπος
3016 545 3117 597 οὐκ
3147 546 3394 615 ἐγεγόνει
3430 545 3597 611 ποτὲ,
3649 547 3769 602 οὐδὲ

2174 633 2469 706 ἀνθρώπου
2519 637 2737 706 μορφὴν
2771 636 2803 707 ἢ
2839 632 2979 699 εἶδος
3008 637 3104 689 ἐπ)⁸
3134 637 3240 707 γῆς
3271 639 3538 703 ἑκουσίως
3572 640 3769 695 ἀνέλα-

2175 726 2291 792 ϐεν,
2320 729 2423 782 οὐκ
2464 728 2530 783 ἂν
2572 728 2747 782 ταῦτα
2775 728 3069 799 ἐγράφετο,
3105 730 3224 782 οὐδὲ
3267 731 3356 783 ἐπ’
3379 730 3545 784 αὐτοῦ
3581 730 3771 804 χώραν

2175 819 2435 889 γενέσθαι
2477 821 2725 892 ἐδέχετοο
2774 822 2822 873 εί
2868 820 2923 873 δὲ
2954 820 3093 891 σὰρξ
3116 822 3145 874 ό
3174 821 3348 891 Λόγος
3383 823 3625 892 ἐγένετο,
3672 825 3769 878 καὶ

2176 914 2273 966 ἐπὶ
2302 914 2406 983 γῆς
2428 913 2626 983 ἐφάνη,
2652 910 2749 964 καὶ
2777 909 2934 982 ὤφθη
2966 911 3280 978 ἀνθρώποις
3308 912 3383 977 ὡς
3413 914 3722 985 ἄνθρωπος,
3741 916 3771 969 ό

2175 1004 2371 1077 πρώην
2400 1005 2643 1075 ἄσαρκος
2669 1002 2803 1066 Θεὶς
2837 1003 2933 1056 καὶ
2967 1001 3293 1075 ἀσώματος⁶
3326 1006 3426 1059 οὐκ
3464 1005 3528 1059 ἂν
3561 1006 3768 1060 ἀδικοῖ-

2179 1114 2300 1168 μεν,
2333 1095 2408 1160 ὡς
2444 1090 2632 1167 οἶμαι,
2677 1094 2713 1149 ἃ
2764 1096 3098 1166 ἑωράκαμεν
3134 1098 3202 1168 τῇ
3248 1098 3436 1168 γραφῇ
3480 1099 3770 1169 σημαίνειν

2174 1188 2471 1251 ἐθέλοντες.

475 1292 621 1336 terra
651 1282 1075 1353 assumpsisset,
1110 1298 1390 1352 nunquam
1428 1283 1545 1338 haec
1575 1283 1801 1353 pictura:
1832 1294 1951 1338 arte
1983 1283 2162 1341 eflicta
2192 1296 2402 1353 essent,
2440 1300 2538 1343 nec
2586 1286 2738 1342 locus
2770 1286 2962 1341 fuisset
3022 1294 3084 1340 ut
3136 1286 3192 1341 iu
3241 1299 3308 1342 eo
3371 1286 3497 1343 talia
3554 1289 3768 1346 tierent.

476 1372 613 1430 Cum
674 1383 855 1429 autem
885 1371 1125 1430 Verbum
1153 1389 1283 1429 caro
1339 1373 1542 1429 factum
1578 1374 1671 1440 sit,
1702 1375 1840 1429 acin
1877 1386 2018 1429 terra
2043 1377 2373 1447 apparuerit,
2410 1378 2759 1447 humanaque
2789 1375 2981 1440 forma,
3015 1376 3106 1445 qui
3143 1375 3271 1430 olim
3316 1376 3457 1432 Deus
3520 1377 3770 1447 incorpo-

479 1483 608 1522 reus
637 1476 691 1521 et
751 1468 933 1522 carnis
967 1482 1166 1537 expers
1224 1476 1363 1530 erat,
1393 1468 1545 1522 visus
1607 1467 1699 1532 sit,
1750 1467 1885 1522 nihil
1944 1471 2014 1523 ad
2064 1469 2315 1536 injuriam
2375 1468 2571 1525 fecisse
2631 1468 2800 1524 videri
2852 1483 3158 1539 possumus,
3201 1468 3248 1523 si
3301 1482 3365 1523 ea
3420 1483 3542 1537 quae
3600 1470 3770 1525 oculis

477 1560 739 1625 vidimus,
797 1550 1077 1614 coloribus
1133 1574 1351 1629 quoque
1378 1576 1439 1615 ac
1466 1560 1721 1630 penicillo
1770 1561 1998 1615 reddere
2024 1571 2353 1617 statuamus.

553 1652 645 1708 53.
689 1651 926 1707 lMPER.
957 1652 1027 1708 At
1061 1654 1189 1723 quid
1223 1655 1289 1708 de
1320 1653 1634 1723 angelorum
1667 1653 1828 1721 pictis
1879 1653 2073 1723 imagi-

2250 1660 2352 1723 νγ’.
2396 1655 2437 1708 0
2486 1654 2639 1709 ΒΑΣ.
2691 1654 2756 1707 Τί
2812 1654 2869 1708 δὲ
2921 1652 3102 1724 βούλει
3147 1650 3278 1723 περὶ
3318 1652 3420 1723 τῆς
3454 1650 3562 1705 τῶν
3601 1652 3769 1721 ἀγγέ-

476 1747 660 1811 nibus,
698 1762 996 1819 eorumque
1029 1746 1179 1803 dices
1214 1745 1564 1801 simulacris?
1591 1744 1700 1800 Nec
1734 1746 1901 1812 enim,
1922 1756 2070 1815 puto,

488 1837 741 1890 dicturus
772 1850 852 1904 es,
880 1836 1046 1891 etiam
1080 1835 1396 1905 angelorum
1428 1837 1630 1905 liguras
1651 1834 1953 1904 pictoribus
1975 1853 2074 1893 ex-

481 1929 728 1998 ploratas
761 1944 905 1993 esse,
939 1929 1128 1998 sicque
1160 1928 1281 1983 illos
1309 1928 1558 1998 pingere,
1591 1928 1741 1983 velut
1772 1928 1824 1982 in
1854 1929 2075 1998 propria

484 2026 662 2076 fmina
694 2022 1130 2090 conSpieiuntur.
1170 2019 1382 2075 PA'l'R.
1415 2021 1529 2090 Ego
1567 2034 1701 2075 sane
1734 2020 1854 2076 illos
1905 2036 2074 2092 augeo

481 2115 657 2169 lorum
686 2129 791 2169 nec
821 2117 1051 2168 t‘ormam
1079 2128 1260 2173 nosse.
1286 2128 1384 2167 nec
1411 2112 1664 2182 ﬁguram,
1687 2112 1858 2168 libens
1886 2108 2097 2167 admit?

484 2215 591 2259 tam
628 2222 643 2259 :
679 2212 846 2274 atque
880 2204 1018 2258 adeo
1059 2217 1159 2257 nec
1191 2202 1270 2256 sic
1309 2201 1539 2271 pingere
1585 2212 1841 2271 tanquam
1872 2202 2074 2263 sciant,

481 2296 705 2367 pingere
732 2303 930 2359 tamen,
961 2301 1114 2361 puto,
1149 2292 1383 2345 humana
1440 2290 1640 2354 forma,
1694 2300 1750 2344 ut
1779 2290 2076 2360 Scriptura:

483 2402 652 2461 sacra:
674 2400 879 2440 morem
899 2394 1110 2455 gerant.
1132 2382 1372 2437 IMPER.
1400 2380 1556 2438 Unde
1582 2383 1696 2438 haec
1715 2382 1838 2439 ais?
1860 2381 2067 2437 PATR.

482 2477 677 2533 Nescis
708 2478 984 2548 quomodo
1016 2477 1085 2532 de
1145 2476 1380 2546 angelis,
1415 2475 1507 2546 qui
1548 2476 1778 2531 Abrahze
1809 2478 1875 2531 ad
1908 2492 2076 2547 quer-

485 2587 610 2625 cum
648 2577 1057 2640 apparuerunt,
1123 2570 1362 2638 quodam
1411 2568 1532 2624 loco
1583 2570 1729 2625 dicat
1767 2568 2074 2639 Scriptura,

488 2662 874 2731 respicientem
904 2670 1021 2715 tres
1056 2659 1206 2715 viros
1225 2660 1428 2715 vidisse
1455 2660 1632 2716 oculis
1658 2661 1761 2716 sibi
1794 2660 2077 2716 astantes?

474 2754 627 2823 Quid
650 2754 817 2810 vero?
842 2752 1038 2808 Nonne
1054 2752 1157 2807 Lat
1186 2753 1329 2807 virili
1346 2755 1526 2824 specie
1556 2764 1883 2824 apparentes
1907 2770 2078 2825 ange-

486 2849 571 2902 los
603 2846 658 2901 in
694 2846 951 2901 Sodomis
978 2844 1142 2900 domo
1185 2860 1283 2901 sua
1312 2845 1568 2915 excepit?
1594 2846 1715 2900 Non
1739 2861 1870 2918 ergo
1898 2846 2077 2917 picto-

490 2956 580 2995 res
613 2939 874 3010 ligmcnto
921 2938 1134 3003 ludunt,
1170 2953 1272 2994 nec
1306 2939 1469 2994 alieni
1501 2954 1532 2993 a
1576 2939 1791 2994 ratione
1846 2949 2075 2995 conatus

2178 1744 2286 1800 λων
2318 1746 2742 1818 εἰκονογραφίας
2770 1746 2991 1816 λέγεινς
3022 1746 3143 1801 οὐδὲ
3175 1748 3307 1817 γὰρ,
3354 1742 3511 1817 οἶμαι
3532 1788 3546 1812 ,
3599 1748 3767 1818 ἐρεῖς,

2175 1836 2251 1901 ὡς
2326 1838 2421 1891 καὶ
2477 1838 2576 1903 τας
2659 1838 2912 1907 ἀγγέλων
2980 1839 3031 1891 oi
3087 1838 3371 1908 ζωγράφοι
3436 1836 3769 1906 γινώσκουσι

2180 1929 2432 2003 μορφὰς,
2464 1930 2557 1983 καὶ
2589 1929 2727 2000 πρὸς
2756 1928 2896 1994 εἶδος
2941 1929 3155 1992 ὲκείνας
3186 1928 3591 1993 ἀποδλέποντες
3629 1930 3769 2001 γρά-

2178 2040 2393 2094 φουσιν.
2448 2025 2489 2076 0
2523 2024 2729 2077 llATP.
2760 2016 2915 2086 Εἶδος
2952 2022 3051 2092 μὲν
3090 2022 3267 2090 ἔγωγε
3298 2020 3331 2093 ἦ
3366 2022 3579 2093 μορφὴν
3603 2021 3770 2091 ἀγγέ-

2174 2114 2286 2168 λων
2346 2115 2449 2168 οὐκ
2494 2113 2560 2167 ἂν
2598 2111 2801 2166 εἰδέναι
2855 2112 3024 2183 φαίην
3088 2113 3308 2176 αὐτοὺς,
3338 2109 3463 2164 οὔτε
3498 2111 3573 2175 ὡς
3628 2113 3766 2165 εἰδό-

2176 2225 2276 2271 τας
2313 2210 2486 2260 ποιεῖν
2514 2206 2582 2259 τὰ
2621 2205 2949 2277 γραφόμενα
2989 2203 3129 2274 (15)·
3167 2202 3473 2275 ἀνθρώπων
3498 2204 3557 2257 δὲ
3585 2204 3768 2267 αὐτοῖς

2177 2297 2559 2370 περιτιθέασιν
2606 2294 2770 2361 εἶδος,
2812 2300 2881 2367 τῇ
2935 2296 3167 2367 Γραφῇ,
3219 2296 3297 2359 ὡς
3353 2292 3531 2365 οἶμαι,
3582 2296 3767 2349 πειθό·

2179 2409 2354 2464 μενοι.
2388 2393 2430 2444 0
2487 2391 2638 2446 ΒΑΣ.
2698 2389 2872 2443 Πόθεν
2910 2387 3069 2443 τοῦτο
3120 2388 3258 2459 φήςς
3313 2388 3354 2440 Ο
3390 2386 3596 2443 ΠΑΤΡ.
3654 2389 3766 2443 Οὐκ

2174 2480 2354 2549 οἶσθα,
2409 2482 2487 2545 ὡς
2548 2482 2678 2553 περὶ
2719 2481 2829 2534 τῶν
2856 2480 2934 2551 τῷ
2970 2479 3224 2550 Ἀϐραὰμ
3277 2480 3430 2550 παρά
3479 2481 3577 2552 τὴν
3634 2480 3763 2552 δρῦν

2174 2574 2451 2644 ὀφθέντων
2482 2572 2735 2642 ἀγγέλων
2762 2572 2951 2644 Γραφή
2986 2570 3088 2624 πού
3127 2587 3316 2640 φησιν,
3338 2572 3413 2633 ὡς
3449 2570 3769 2640 ἀναϐλέψας

2174 2668 2289 2727 τοῖς
2331 2663 2634 2734 ὀφθαλμοῖς
2677 2662 2968 2734 Ἀϐραὰμ,
2997 2665 3147 2734 τρεῖς
3181 2662 3378 2734 ἀνδρας
3416 2662 3563 2730 αὖτῷ
3618 2677 3765 2732 παρ-

2176 2755 2423 2820 εστῶτας
2458 2752 2642 2821 εἶδεν;
2679 2754 2745 2807 Τί
2765 2755 2872 2826 δή;
2920 2756 2982 2808 οὐ
3040 2755 3169 2818 τοὺς
3200 2755 3259 2807 ἐν
3290 2754 3547 2825 Σοδόμοις
3598 2754 3769 2824 ἀγγέ-

2174 2850 2338 2917 λους,
2380 2848 2455 2913 ὡς
2502 2847 2703 2919 ἀνδρας
2755 2847 3120 2917 φαινομένους
3164 2847 3509 2919 είσὴγαγεν;
3558 2846 3770 2903 Οὐκοῦν

2176 2943 2278 2996 οὐκ
2302 2941 2463 2995 αὐτοὶ
2494 2939 2826 2994 πλάττονται
2845 2979 2861 3005 ,
2894 2940 3016 2994 οὐδὲ
3047 2939 3249 3008 ἀλόγου
3300 2939 3510 3012 τόλμης
3547 2943 3770 3010 ἔγγονον

488 3032 675 3104 proles
690 3039 794 3097 est,
809 3030 954 3102 quod
980 3030 1054 3086 ita
1084 3030 1342 3101 pingunt:
1367 3032 1462 3088 sed
1496 3031 1686 3101 quales
1706 3031 1883 3102 angeli
1912 3046 2076 3102 appao

2181 3034 2363 3097 αὐτοῖς
2403 3030 2473 3086 τὰ
2533 3030 2882 3104 γραφόμενα,
2941 3030 3059 3084 ἀλλ’
3087 3020 3189 3084 οἷοι
3249 3029 3538 3101 ὤφθησαν,
3594 3032 3772 3087 τοιού-

488 3134 742 3193 ruerunt,
780 3124 920 3180 tales
940 3123 1105 3180 etiam
1134 3124 1294 3193 pictis
1313 3124 1589 3182 coloribus
1609 3140 1706 3181 eos
1729 3124 1991 3180 exhibent
2012 3137 2078 3177 ac

489 3224 917 3287 repraesentant.
945 3213 1181 3269 lMPER.
1221 3214 1373 3270 Unde
1390 3230 1520 3270 vero
1542 3215 1709 3270 etiam
1733 3213 1944 3269 alarum
1972 3212 2079 3267 illis

490 3307 925 3363 additamentum
960 3306 1230 3362 accessit?
1260 3305 1473 3361 PATR.
1512 3306 1752 3362 Omnino
1795 3305 2076 3370 existimo,

490 3399 563 3454 ad
606 3398 1019 3463 discretionem,
1061 3411 1130 3453 ne
1169 3398 1385 3466 penitus
1443 3398 1699 3454 homines
1728 3405 2076 3467 putarentur,

491 3487 610 3543 alas
640 3486 937 3543 addidisse.
987 3485 1127 3554 Quin
1159 3501 1229 3541 ne
1282 3487 1336 3542 id
1369 3487 1591 3558 quidem
1626 3486 1845 3556 opinor,
1901 3485 2080 3541 minus

493 3593 735 3650 congrue
776 3588 1048 3648 extraque
1090 3578 1360 3634 rationem
1396 3577 1518 3633 illos
1550 3577 1866 3645 invenisse;
1899 3578 1995 3633 sed
2022 3586 2082 3633 ut

494 3672 607 3728 vim
631 3673 800 3739 illam,
828 3686 933 3740 qua
963 3686 1093 3727 aera
1129 3672 1439 3742 pervolant,
1487 3684 1792 3738 eorumque
1830 3671 1884 3725 in
1929 3670 2082 3726 cmlis

499 3763 740 3819 divinum
760 3762 1070 3817 convictum
1090 3762 1488 3817 subnotarent:
1517 3769 1574 3813 ut
1595 3759 1908 3828 innuerent,
1935 3759 2080 3830 quod

498 3853 624 3911 inde
654 3855 720 3908 ad
751 3868 849 3908 nos
893 3853 1099 3923 jugiter
1130 3852 1471 3908 descendant
1502 3866 1831 3921 rursumque
1864 3852 2083 3907 veloces

493 3945 793 4002 ascendant
825 3946 880 4001 in
909 3944 1134 4013 coelum,
1167 3945 1249 4001 sic
1279 3945 1578 3999 instructos
1623 3944 1725 3999 alis
1784 3944 2083 4014 pingendos

494 4036 774 4091 statuisse.
835 4034 980 4103 Quin
1034 4036 1201 4091 etiam
1254 4048 1378 4090 cum
1430 4034 1613 4089 Moses
1664 4048 1883 4104 quoque
1936 4033 2083 4087 alata

495 4126 788 4183 Cberubim
813 4127 965 4198 (qua:
989 4128 1101 4197 ipsa
1145 4126 1326 4197 angeli
1356 4135 1506 4189 sunt,
1539 4142 1662 4181 cum
1696 4127 1949 4181 cazlestes
1975 4140 2087 4179 om-

500 4234 597 4274 nes
635 4228 798 4288 atque
836 4218 1198 4288 intelligentes
1230 4216 1496 4290 Virtutes,
1528 4216 1785 4287 Dionysio
1826 4229 2077 4280 auctore,

2177 3142 2305 3188 τους
2344 3125 2465 3188 ταῖς
2515 3123 2724 3177 εἰκόσιν
2768 3123 3167 3194 ἐγγράφουσιν.
3205 3124 3246 3176 0
3280 3124 3433 3178 ΒΔΣ.
3465 3125 3577 3178 Καὶ
3606 3126 3771 3178 πόθεν

2177 3219 2365 3280 αὐτοῖς
2386 3218 2420 3287 ἡ
2437 3216 2546 3271 τῶν
2563 3216 2785 3299 πτερῶν
2814 3216 3109 3288 προσθήκη
3131 3215 3434 3288 ὲφεύρηται
3456 3234 3472 3285 ;
3499 3221 3539 3271 0
3560 3218 3766 3273 ΠΑΤΡ.

2180 3309 2348 3380 οἶμαι
2405 3310 2579 3374 ὅλως,
2646 3310 2734 3364 ἵνα
2782 3310 2859 3381 μὴ
2918 3309 3201 3381 ἄνθρωποι
3255 3310 3479 3377 τελείως
3535 3315 3768 3378 νοοῖντο,

2182 3405 2250 3474 τῇ
2298 3403 2592 3474 προσθήκῃ
2640 3402 2705 3456 τὸ
2762 3402 3082 3459 διαλλάττον
3143 3403 3440 3475 ἐδήλωσαν.
3485 3405 3559 3458 Οὐ
3610 3405 3666 3459 δέ
3706 3421 3772 3475 γε

2179 3497 2377 3569 αὐτὴν,
2425 3496 2504 3561 ὡς
2551 3496 2717 3563 δοκῶ,
2774 3496 2877 3569 τὴν
2932 3499 3256 3570 προσθήκην
3320 3499 3503 3571 ἀλόγῳ
3562 3499 3773 3571 θεωρή-

2182 3606 2380 3653 σαντες
2417 3588 2614 3661 γνὼμῃ
2635 3627 2653 3654 ,
2696 3589 2834 3645 ἀλλά
2868 3590 2930 3643 τὸ
2964 3590 3270 3663 ἀεροπόρον
3316 3590 3501 3646 αὐτῶν
3537 3594 3773 3647 αἰνιττό-

2185 3698 2361 3754 μενοι,
2386 3682 2480 3735 καὶ
2509 3682 2610 3751 τὴν
2640 3681 2762 3737 κατ’
2790 3682 3023 3753 οὐρανὸν
3052 3685 3110 3736 εν
3133 3684 3253 3753 Θεῷ
3276 3684 3510 3751 δίαιταν,
3547 3686 3645 3739 καὶ
3670 3688 3772 3750 τάς

2181 3773 2393 3829 ἐκεῖθεν
2435 3774 2503 3829 δι’
2543 3775 2693 3844 ἡμᾶς
2740 3775 3027 3838 συντόνους
3073 3774 3366 3841 καθόδους,
3409 3778 3507 3831 καὶ
3544 3777 3645 3842 τὰς
3688 3779 3771 3843 είς

2182 3865 2415 3938 οὐρανὸν
2450 3864 2511 3930 ἐξ
2556 3864 2714 3935 ἡμῶν
2749 3864 3004 3934 ἑτοίμους
3038 3866 3297 3932 ἀνόδους,
3348 3869 3772 3941 ἐπτερωμένους

2183 3956 2381 4019 αὐτοὺς
2416 3956 2852 4027 ὑπογράφουσιν.
2886 3957 3027 4028 Ἤδη
3054 3957 3112 4011 δὲ
3136 3959 3229 4013 καὶ
3257 3960 3541 4024 Μωῦσέως
3570 3960 3769 4030 πτερυ-

2184 4065 2289 4118 γας
2327 4049 2521 4119 ἔχοντα
2563 4053 2959 4121 τυπωσομένου
3022 4052 3090 4106 τὰ
3124 4051 3412 4123 Χερουϐὶμ
3445 4052 3688 4123 (ἄγγελοι
3714 4051 3772 4105 δὲ

2186 4142 2281 4196 καὶ
2322 4140 2534 4196 ταῦτα’
2574 4143 2668 4196 καὶ
2704 4142 2815 4213 γὰρ
2859 4142 3046 4208 ἁπλῶς
3094 4143 3192 4207 τὰς
3238 4145 3526 4217 οὐρανίους
3563 4162 3623 4199 τε
3674 4144 3772 4199 καὶ

2185 4234 2379 4305 νοεράς
2424 4235 2687 4306 δυνάμεις
2730 4235 3000 4303 ἀγγέλους
3056 4234 3317 4290 καλοῦσιν
3343 4278 3358 4304 ,
3406 4236 3482 4300 ὼς
3510 4236 3771 4308 Διονυσίῳ

496 4322 762 4366 vocentur
783 4310 998 4384 angeli)
1029 4325 1136 4367 non
1164 4310 1370 4366 absone
1397 4318 1551 4380 puto,
1580 4308 1741 4363 aliine
1770 4298 2076 4376 esenlplum

2184 4298 2398 4397 δοκεῖ),
2421 4330 2523 4382 οὐκ
2549 4298 2859 4393 ἀπεικότως
2885 4327 3021 4400 ἡγοῦ
3031 4346 3128 4401 μαι
3155 4328 3235 4401 τῷ
3264 4298 3634 4403 παραπλησίῳ
3662 4298 3771 4383 τῶν

497 4419 790 4476 usurpasse
817 4406 1074 4483 pictores.
1114 4403 1270 4459 Nunc
1297 4404 1505 4473 itaque,
1532 4402 1855 4471 imperator,
1884 4400 2076 4456 horum

2184 4387 2653 4492 παραδειγμάτων
2701 4387 3043 4492 ἐχρήσαντο..
3072 4422 3183 4476 Καὶ
3206 4387 3361 4477 ’νυνί
3383 4463 3399 4490 ,
3431 4416 3477 4476 ὦ
3516 4387 3770 4493 βασιλεῦ,

499 4500 820 4556 meminisse
850 4490 1088 4569 oportet,
1120 4505 1287 4566 atque
1339 4496 1525 4549 animo
1549 4491 1784 4547 firmiter
1820 4492 2076 4559 retinere,

2188 4490 2597 4584 μνημονευτέον
2617 4490 2843 4568 ἐκείνων
2864 4516 2960 4569 καὶ⁸
2982 4512 3155 4584 ἀπρὶξ
3182 4516 3247 4586 τῇ
3276 4515 3422 4586 ψυχῇ
3446 4490 3770 4582 φυλακτέον,

499 4593 660 4650 nobis
688 4593 780 4663 qui
806 4590 1122 4662 angelorum
1148 4586 1416 4658 imagines
1442 4585 1740 4655 pingimus,
1771 4591 2076 4639 creaturam

2185 4601 2262 4665 ὡς
2294 4604 2343 4655 εί
2370 4598 2465 4656 καὶ
2499 4603 2748 4671 ἀγγέλων
2773 4602 2992 4667 εἰκόνας
3025 4604 3336 4675 γράφομεν,
3373 4585 3580 4672 κτίσμα
3610 4603 3774 4657 πάλιν

499 4699 622 4740 esse
654 4682 798 4753 quod
838 4680 1117 4737 coloribus
1146 4686 1311 4748 atque
1357 4675 1613 4746 penicillo
1650 4673 1978 4744 ellingimus,
2028 4683 2076 4729 et

2186 4696 2321 4767 ημῖν
2362 4695 2425 4748 τὸ
2466 4694 2837 4766 γραφόμενον,
2870 4696 2966 4750 καὶ
3019 4673 3281 4768 πρόσειμι
3308 4696 3527 4763 αὐτοῖς,
3557 4698 3657 4767 οὐχ
3698 4697 3777 4760 ὡς

496 4778 580 4833 sic
601 4779 745 4847 ipsos
761 4775 913 4830 adire
940 4787 1049 4837 me,
1076 4787 1182 4826 non
1203 4780 1461 4840 tanquam
1484 4783 1794 4838 supremam
1821 4768 2085 4839 primam-

496 4884 606 4940 que
636 4867 931 4924 essentiam
981 4879 1082 4920 suo
1118 4862 1244 4934 jure
1293 4861 1581 4917 obtineant
1614 4861 1795 4928 (absit
1824 4861 1969 4917 enim
2022 4870 2082 4917 ut

498 4975 566 5015 eo
593 4958 882 5015 dementiae
926 4956 1096 5021 ferar,
1148 4962 1205 5007 et
1260 4953 1407 5024 quod
1459 4960 1709 5008 creatum
1753 4962 1859 5017 est,
1911 4952 2078 5008 Deum

501 5052 787 5120 censeam)
824 5050 921 5105 sed
953 5048 1100 5102 velut
1133 5046 1227 5116 qui
1258 5045 1506 5102 conservi
1530 5061 1721 5116 magna
1748 5046 1891 5117 apud
1933 5060 2084 5101 com-

502 5159 722 5199 lllllllt‘lll
767 5140 1056 5196 Dominum
1092 5139 1318 5196 virtutis
1369 5139 1700 5197 abundantia
1746 5148 1805 5195 et
1835 5136 2086 5210 suﬂ‘ragii

504 5236 745 5307 polleant
770 5242 1063 5303 potestate.

609 5434 631 5500 (
643 5436 731 5502 153
756 5434 1060 5492 Succinclaa
1087 5436 1373 5491 brevitatis
1400 5436 1679 5504 energiam
1704 5472 1718 5496 ,
1739 5440 1812 5504 fut
1838 5438 1963 5504 apte
1990 5444 2089 5504 ex-

507 5520 753 5582 pressam
788 5504 980 5565 Latine
1012 5507 1235 5577 habeas,
1269 5509 1351 5564 sic
1373 5503 1589 5578 plenius
1623 5503 1787 5559 redde
1815 5519 1828 5555 :
1870 5519 1888 5552 ι
1918 5503 2093 5556 Adeo-

2185 4786 2289 4856 τὴν
2337 4784 2605 4839 ἀνωτάτω
2651 4785 2748 4839 καὶ
2800 4785 3028 4858 πρώτην
3077 4785 3543 4858 κληρωσαμένους
3585 4787 3774 4841 οὐσίαν

2193 4876 2303 4949 (μὴ
2318 4875 2462 4931 οὕτω
2486 4877 2739 4949 μανείην,
2756 4879 2832 4942 ὡς
2851 4878 2986 4932 Θεὸν
3012 4882 3151 4933 νοεῖν
3178 4878 3241 4932 τὸ
3266 4879 3632 4950 κτιζόμενον),
3658 4878 3775 4932 ἀλλ’

2192 4970 2271 5034 ὡς
2319 4970 2664 5037 συνδούλοις,
2716 4970 2921 5043 πολλὴν
2970 4971 3109 5043 πρὸς
3139 4972 3234 5027 τὸν
3271 4971 3454 5026 κοινὸν
3497 4972 3776 5041 Δεσπότην

2172 5064 2512 5136 ⁴παρρησίαν
2537 5065 2904 5137 κεκτημένοις
2926 5064 3017 5119 διὰ
3039 5064 3101 5120 τὸ
3132 5063 3391 5120 πλούσιον
3420 5065 3520 5136 τῆς
3549 5063 3778 5137 ἀρετῆςς

2198 5441 2307 5511 que
2338 5443 2455 5513 nec.
2477 5432 2738 5513 pingere,
2772 5428 2917 5486 velut
2954 5430 3043 5501 qui
3093 5428 3256 5486 talem
3298 5427 3530 5485 formant
3580 5426 3783 5483 habere

2203 5515 2350 5569 Ipsos
2379 5512 2576 5557 sctant.
2618 5521 2637 5553 ι
