4158 6348
410 291 511 358 115

1408 291 1472 354 S.
1512 291 1933 354 NICEPHORI
1969 292 2478 353 PATRIARCHZE
2515 294 2630 355 CP.

3570 296 3669 362 116

408 406 505 470 rit,
537 402 804 460 furiosum
834 401 1058 459 omnino
1098 416 1162 458 ac
1192 400 1501 457 dementem
1529 401 1727 457 reddit.
1759 400 1843 456 Ad
1870 400 1986 456 haec

2105 400 2182 453 ιαὶ
2211 399 2484 470 ἠπίστατο
2511 399 2708 454 ἑαυτὸν
2734 399 3012 472 ἁλώσιμον
3043 404 3109 474 τῇ
3138 404 3233 457 τοῦ
3262 404 3424 474 λόγου
3487 409 3671 474 συνεξ-

408 509 574 550 causa
616 495 669 549 in
703 509 933 550 examen
982 504 1193 560 vocata,
1238 491 1325 546 illa
1370 506 1430 547 se
1475 491 1692 563 penitus
1731 507 1988 548 casurum

409 596 641 641 noverat
665 604 681 642 :
698 586 813 656 jam
836 587 981 641 enim
1014 587 1132 655 ipse
1157 598 1369 657 quoque
1397 583 1653 639 invictam
1680 584 1987 652 veritatem,

410 693 477 733 ac
511 678 670 748 plane
716 678 1141 749 insuperabilem
1191 691 1313 733 esse
1341 676 1428 732 vel
1456 676 1663 734 invitus
1688 687 1992 746 compere-

411 779 518 825 rat.
575 768 940 836 Quamobrem
990 784 1171 838 nugas
1201 769 1491 837 quasdam,
1540 783 1661 837 qua:
1706 766 1900 821 nihile
1931 780 1991 820 re

411 868 621 926 essent,
654 861 932 929 prmclaris
975 859 1080 914 illis
1118 857 1529 912 aemulatoribus
1560 857 1612 911 in
1644 855 1857 910 ruinam
1886 856 1991 910 im-

411 949 682 1018 pellendis
716 964 1040 1018 conserens,
1090 948 1180 1002 ubi
1218 962 1372 1002 suam
1407 946 1523 1016 ipse
1555 944 1763 1000 cladem
1809 958 1990 1000 resar-

411 1040 526 1093 cire
557 1040 816 1108 nequivit,
836 1039 996 1093 minis
1024 1040 1278 1105 incussis,
1303 1054 1397 1095 eos
1425 1052 1532 1093 una
1556 1052 1678 1092 curn
1708 1050 1990 1092 sacrorum

413 1132 680 1196 antistite,
724 1131 901 1201 palam
940 1134 1008 1185 ab
1034 1131 1159 1186 aula
1198 1129 1429 1200 expulit.
1461 1129 1506 1184 Ο
1533 1129 1636 1182 viri
1665 1129 1719 1182 in
1747 1127 1992 1183 deterius

408 1236 740 1292 propensum
810 1223 1094 1278 animum!
1129 1237 1162 1278 ο
1203 1237 1390 1277 casum
1442 1220 1762 1275 horribilem
1813 1219 1880 1273 ab
1927 1233 1992 1274 eo

411 1315 553 1383 quod
589 1315 941 1384 prmStantius
989 1323 1109 1369 erat
1141 1313 1257 1384 (y)l'
1282 1312 1360 1367 Ex
1386 1326 1453 1367 eo
1500 1325 1730 1381 namque
1773 1309 1990 1380 vulpina

411 1405 611 1471 posita,
658 1404 960 1470 leoninam,
997 1413 1052 1457 ut
1114 1413 1198 1459 est
1227 1403 1281 1457 in
1323 1401 1632 1472 proverbio,
1677 1400 1851 1455 induit
1890 1398 1991 1453 ad-

411 1508 608 1548 versus
646 1493 984 1561 Ecclesium,
1030 1495 1321 1565 palamque
1374 1494 1639 1548 instructa
1689 1491 1805 1546 acie
1847 1491 1991 1545 illius

417 1584 903 1651 impugnatoribus
956 1588 1135 1641 socius
1167 1585 1399 1641 accessit
1438 1602 1452 1639 :
1490 1585 1542 1638 in
1573 1584 1762 1655 primis
1808 1591 1989 1638 autem

416 1674 747 1731 furtissitnos
799 1678 1009 1749 pugiles
1046 1672 1239 1735 exsilio
1290 1693 1395 1733 non
1452 1676 1652 1731 invitos
1701 1676 1989 1746 relegans,

418 1767 553 1820 alios
589 1768 710 1823 aliis
737 1769 871 1825 locis
893 1772 1099 1827 addixit
1124 1770 1310 1842 procul
1331 1770 1398 1825 ab
1429 1768 1687 1824 Ecclesiae
1707 1767 1866 1823 atriis
1897 1783 1993 1822 se»

419 1866 600 1913 motos
635 1872 651 1911 :
680 1858 797 1915 fore
830 1862 973 1916 enim
1020 1860 1409 1926 arbitrabatur,
1445 1869 1502 1914 ut
1530 1868 1651 1928 post
1682 1859 1795 1914 Itzec
1829 1858 1996 1913 verbo

419 1962 530 2002 uno
574 1950 843 2022 dejectum
914 1953 1308 2024 patriareham,
1378 1951 1650 2007 haeretica:
1712 1950 1998 2020 pravitatis

418 2039 666 2095 cassibus
687 2054 941 2113 caperet;
970 2044 1053 2098 sin
1077 2054 1282 2109 autem,
1310 2050 1369 2096 ut
1389 2056 1450 2096 se
1477 2040 1567 2096 ille
1588 2053 1783 2111 sponte
1810 2056 1997 2095 sacer-

418 2129 550 2185 dotii
588 2134 912 2200 prmfectura
952 2136 1258 2202 abdicaret,
1303 2134 1391 2189 cui
1425 2148 1456 2190 e
1499 2149 1658 2189 sacro
1694 2134 1784 2187 illo
1829 2135 1999 2189 choro

416 2235 579 2277 nemo
621 2224 839 2292 adjutor
894 2234 1229 2295 suppeteret.
1287 2224 1449 2279 Solus
1503 2224 1688 2295 itaque
1734 2224 2002 2295 temporis

415 2310 635 2367 latiores
686 2314 887 2378 ferens,
921 2316 974 2369 in
1002 2328 1298 2384 supernum
1354 2313 1619 2367 auxilium
1655 2314 1837 2366 animo
1880 2323 2000 2367 erat

416 2404 685 2468 intentus,
717 2406 1019 2475 orabatque
1046 2414 1104 2458 ut
1137 2405 1384 2459 desolato
1407 2403 1511 2458 sibi
1534 2413 1591 2458 et
1615 2403 1827 2459 consilii
1853 2405 1998 2476 inopi

418 2495 508 2563 pia
541 2494 880 2565 benignitate
915 2497 1288 2567 opitularetur
1318 2498 1485 2553 Deus.

2090 491 2305 561 ετάσει;’
2319 491 2562 561 ἄληπτον
2580 492 2690 564 γὰρ
2724 492 2842 563 ᾔδει
2872 493 3123 558 κάκεῖνος
3142 490 3323 552 οὖσαν,
3347 496 3440 550 καὶ
3467 500 3670 571 ἀήττη-

2089 602 2182 639 τον
2222 585 2322 656 τὴν
2356 584 2634 656 ἀλήθειαν.
2677 584 2843 638 Ὅθεν
2880 585 3148 658 φλυαρίας
3188 588 3287 658 μὲν
3340 589 3672 659 ὲξαγωνίους

2092 677 2230 749 πρὸς
2268 677 2585 731 ύπόπτωσιν
2609 677 2719 731 τῶν
2742 674 2999 748 ζηλωτῶν
3034 680 3257 733 ἐκείνων
3286 685 3670 753 συμφορήσας,

2092 770 2158 824 οὐ
2199 769 2448 840 δυνηθεὶς
2495 769 2552 823 δὲ
2584 770 2684 841 τὴν
2721 768 2922 823 ἑαυτοῦ
2962 764 3136 841 ⁴ἧτταν
3189 772 3632 828 ἀνακαλέσασθαι
3656 815 3671 838 ,

2091 861 2397 933 τηνικαῦτα
2453 860 2677 925 τούτους
2731 861 2989 926 ἀπειλαῖς
3044 863 3143 919 σὺν
3194 863 3273 934 τῷ
3326 867 3676 938 μυσταγωγῷ

2092 952 2203 1006 τῶν
2228 952 2517 1024 βασιλείων
2549 952 2847 1023 ὲξώθησεν.
2885 955 2950 1008 Ὦ
2986 953 3090 1024 τῆς
3119 954 3257 1025 πρὸς
3284 955 3345 1007 τὸ
3373 957 3557 1025 χεῖρον
3577 957 3673 1011 τοῦ

2094 1046 2287 1116 ἀνδρὸς
2324 1044 2702 1109 ἀπονεύσεωςι
2742 1044 2788 1098 ὣ
2819 1046 2922 1117 τῆς
2962 1045 3057 1099 τοῦ
3102 1046 3371 1117 βελτίονος
3412 1047 3673 1101 ἀποπτῶ-

2096 1137 2268 1200 σεωςι
2327 1137 2417 1203 Ἐξ
2457 1138 2670 1190 ἐκείνου
2721 1136 2861 1209 γὰρ,
3010 1136 3031 1177 ι
3072 1154 3238 1208 φησιν
3279 1140 3312 1207 η
3362 1139 3673 1210 Παροιμία,

2092 1226 2191 1300 τὴν
2236 1228 2379 1281 κατὰ
2425 1228 2523 1297 τῆς
2586 1227 2921 1298 Ἐκκλησίας
2972 1229 3219 1283 ἐνδύεται
3275 1230 3536 1298 λεοντῆν.
3581 1230 3677 1284 καὶ

2093 1319 2347 1390 φανερῶς
2404 1321 2519 1383 τοῖς
2568 1320 2692 1373 κατ’
2746 1320 2918 1391 αὐτῆς
2967 1320 3346 1391 όπλιξομένοις
3392 1323 3678 1392 συμφράτο

2091 1428 2279 1465 τεται·
2335 1410 2536 1465 αὐτίκα
2589 1412 2699 1483 γὰρ
2744 1412 2901 1476 τοὺς,
2953 1412 3079 1466 ὅσον
3114 1412 3201 1465 ἐπ’
3236 1413 3457 1476 αὐτοῖς,
3509 1412 3678 1483 ἀθλη-

2090 1502 2191 1567 τὰς
2235 1504 2525 1568 ἐθελοντὰς
2561 1503 2831 1576 ὑπερορίᾳ
2860 1504 3249 1576 παρέπεμπεν,
3294 1505 3455 1559 ἄλλον
3484 1505 3676 1559 ἄλλοσε

2094 1596 2508 1667 καταμερίσας,
2543 1597 2639 1650 καὶ
2679 1597 2871 1669 πόρρω
2908 1614 3012 1650 που
3049 1596 3160 1651 τῶν
3196 1597 3296 1667 τῆς
3346 1595 3678 1666 Ἐκκλησίας

2097 1688 2452 1754 ὰποξενώσας
2500 1688 2815 1742 ἐπαύλεων·
2850 1688 3033 1743 ἔπειθε
3081 1689 3192 1759 γὰρ
3225 1687 3386 1742 αὑτὸν
3430 1687 3679 1741 αὐτοϐοεὶ
3750 1738 3759 1747 ,

2101 1783 2194 1836 τὸν
2222 1780 2487 1852 ἀρχιερέα
2508 1782 2622 1844 τοῖς
2649 1781 2750 1851 τῆς
2783 1782 3048 1851 αἱρέσεως
3080 1780 3296 1851 βρόχοις
3324 1781 3484 1841 ἑλεῖν,
3515 1781 3607 1833 καὶ
3628 1780 3678 1833 εί

2108 1872 2183 1944 μὴ
2203 1862 2362 1925 τοῢέό
2386 1889 2450 1941 γε
2484 1869 2740 1943 γνώμης,
2775 1871 3115 1943 ἑκουσιότητι
3149 1872 3247 1941 τὴν
3279 1870 3377 1940 τῆς
3411 1871 3680 1940 ίερατείας

2106 1963 2430 2019 καταλιπεῖν
2475 1964 2836 2036 προστασίαν,
2878 1964 3073 2034 ἔχοντα
3130 1963 3334 2034 μηδένα
3385 1962 3479 2016 τοῦ
3533 1961 3680 2033 ἱεροῦ

2107 2058 2409 2127 καταλόγου
2443 2058 2747 2127 συνέριθον.
2783 2057 2961 2120 Μόνος
2989 2056 3082 2110 οὖν
3122 2055 3311 2109 λοιπὸν
3339 2055 3400 2108 τὸ
3428 2054 3521 2109 τοῦ
3557 2071 3681 2109 και-

2108 2150 2205 2220 ροῦ
2246 2151 2517 2223 διαφέρων
2567 2150 2847 2215 ἐπίπονον,
2900 2146 3055 2220 πρὸς
3085 2149 3183 2219 τὴν
3217 2147 3333 2202 ἄνω
3363 2148 3683 2218 συμμαχίαν

2105 2241 2435 2307 ἀπέϐλεπεν,
2467 2240 2672 2311 ταύτην
2705 2240 2857 2311 αὐτῷ
2885 2237 3184 2310 μονωθέντι
3214 2237 3556 2310 συνάρασθαι
3587 2234 3685 2291 καὶ

2106 2335 2439 2406 ἠπορημένῳ
2476 2332 2838 2389 συλλαϐέσθαι
2866 2332 2943 2397 ὡς
2976 2332 3232 2403 μάλιστα.

1890 2600 2118 2692 caper
2159 2637 2224 2693 x.

424 2742 623 2797 Sancti
648 2741 946 2814 Nicephori‘
966 2743 1020 2796 in
1058 2743 1369 2813 captivitate
1417 2751 1466 2799 et
1495 2744 2032 2824 .morbonronslanlia
2054 2766 2073 2805 :
2118 2749 2367 2821 Epistula:
2412 2751 2625 2824 scripta:
2649 2767 2669 2806 :
2696 2751 2899 2820 rejecta:
2934 2749 3274 2806 conciliabult’
3324 2748 3481 2804 mina:
3507 2766 3526 2804 :
3554 2764 3687 2802 ana-

1464 2813 1639 2868 thema
1664 2814 1771 2869 illis
1798 2816 2032 2886 illatum,
2067 2831 2117 2875 et
2152 2813 2206 2876 in
2229 2838 2349 2876 eum
2379 2813 2654 2889 rejectum.
2745 2813 2807 2847 ’·“

492 2955 582 3012 59.
611 2953 819 3010 Videas
843 2961 1022 3009 autem
1045 2952 1455 3008 sacratissimus
1480 2953 1729 3021 antistes,
1760 2955 1994 3011 Leonem

2175 2957 2272 3012 νϐ’.
2329 2957 2501 3029 Ὀρῶν
2525 2956 2581 3012 δὲ
2608 2957 2698 3013 τὸν
2721 2958 2889 3031 ἄνδρα
2918 2960 2985 3013 τὰ
3014 2959 3149 3030 πρὸς
3174 2958 3271 3029 τὴν
3299 2958 3472 3030 ἀληθῆ
3506 2959 3689 3013 πίστιν

426 3065 554 3107 vere
579 3048 684 3105 (ide
710 3048 951 3117 ejurata,
974 3048 1027 3104 in
1048 3049 1217 3104 Deum
1233 3050 1342 3117 jam
1363 3049 1633 3119 pervicaci
1656 3065 1777 3105 esse
1798 3050 2001 3118 animo,

2108 3048 2495 3119 ὲξομνύμενον,
2527 3051 2622 3104 καὶ
2656 3051 2858 3121 ἀπειθῆ
2893 3052 2960 3105 τὰ
2999 3051 3135 3122 πρὸς
3170 3049 3305 3103 Θεὸν
3333 3051 3434 3121 ἤδη
3473 3049 3688 3104 δεικνύ-

430 3145 580 3200 illius
609 3142 768 3198 uxori
804 3140 1021 3208 scribit,
1058 3140 1233 3211 deque
1267 3149 1414 3195 recta
1444 3140 1884 3197 Christianorum
1916 3156 2003 3195 re-

428 3237 629 3308 ligione
655 3250 739 3291 .ac
782 3234 887 3290 tide
936 3235 1236 3289 admonens
1286 3233 1539 3288 hortatur
1584 3243 1645 3287 ut
1685 3234 2003 3303 imperatori

428 3330 658 3398 viroque
705 3326 956 3389 suadeat,
1005 3334 1065 3380 ut
1114 3339 1231 3381 sea
1263 3323 1597 3395 nequissima
1650 3326 1738 3380 illa
1782 3341 2006 3395 aggres-

429 3424 583 3477 sione
609 3420 904 3475 abstineat.
959 3416 1163 3473 Scribit
1201 3427 1256 3472 et
1284 3418 1463 3472 :erarii
1499 3418 1697 3485 publici
1728 3425 1838 3470 tum
1868 3425 2009 3470 tem-

429 3512 581 3582 poris
612 3508 893 3582 praefecto,
922 3523 1031 3579 quo
1061 3508 1402 3563 familiariter
1428 3509 1686 3563 utebatur
1711 3510 2011 3579 imperator

433 3614 657 3674 prnpler
690 3602 907 3657 dicendi
946 3601 1279 3665 libertatem,
1315 3609 1369 3655 et
1393 3601 1532 3670 quod
1569 3600 1622 3654 in
1653 3600 1843 3655 eadem
1882 3614 2010 3653 sett-

434 3699 598 3752 tcntia
636 3706 815 3760 esset;
845 3710 915 3749 ne
943 3694 1071 3764 quid
1111 3695 1375 3749 adversus
1405 3693 1702 3748 Ecclesiam
1733 3692 2010 3761 moliatur,

434 3804 568 3844 neve
602 3789 750 3842 illam
774 3786 911 3857 jam,
958 3787 1010 3841 in
1041 3799 1175 3856 pace
1214 3800 1278 3840 ac
1315 3801 1494 3840 rerum
1543 3784 1837 3854 tranquillo
1870 3793 2013 3841 statu

432 3893 704 3954 agentem,
740 3897 880 3937 nova
925 3879 1240 3935 turbatione
1283 3887 1623 3934 commoveat
1659 3897 1671 3933 :
1708 3879 1801 3933 sed
1837 3878 2015 3949 potius

432 3972 703 4029 flammam
746 3975 947 4041 sopiat,
991 3988 1153 4042 quam
1187 3973 1588 4027 succenderunt
1620 3980 1826 4025 aeterno
1870 3970 2015 4041 digni

432 4067 698 4138 supplicio
731 4066 1002 4128 homines,
1033 4075 1082 4118 et
1112 4062 1255 4118 ferus
1300 4061 1650 4139 imperatoris
1679 4076 1859 4117 mores
1884 4061 2017 4115 deli-

433 4160 570 4213 niat.
603 4158 685 4212 illi
718 4159 952 4227 denique
991 4156 1080 4224 qui
1118 4156 1274 4224 primi
1314 4170 1341 4208 a
1388 4154 1619 4209 secretis
1666 4152 2017 4223 imperatoris

335 4244 385 4321 ’ξ
434 4266 664 4306 munere
716 4250 985 4321 fungens,
1037 4247 1407 4319 Eutycltianus
1455 4245 1695 4311 nomine,
1733 4244 2017 4298 haeretico-

2107 3158 2292 3212 μενον,
2315 3142 2516 3213 γράφει
2544 3145 2610 3214 τῇ
2634 3144 2846 3197 ἐκείνου
2877 3143 3135 3214 συνεύνῳ,
3159 3143 3255 3198 ἅτε
3289 3142 3532 3211 γυναικὶ,
3561 3144 3689 3214 περὶ

2106 3234 2210 3303 τῆς
2260 3234 2428 3305 ὀρθῆς
2483 3235 2923 3306 ὑπομιμνήσκων
2975 3236 3145 3304 αὐτὴν
3188 3236 3297 3288 τῶν
3347 3234 3689 3306 Χριστιανῶν

2109 3324 2407 3395 θρησκείας
2442 3326 2535 3379 καὶ
2572 3326 2832 3390 πίστεως,
2856 3327 2951 3380 καὶ
2976 3325 3052 3389 ὼς
3079 3326 3146 3379 ἂν
3190 3326 3372 3379 πείσοι
3414 3326 3503 3378 τὸν
3535 3325 3689 3395 βασι-

2109 3417 2208 3471 λέα
2242 3419 2335 3471 καὶ
2369 3418 2624 3471 σύνευνον
2672 3417 3014 3488 ἀποσχέσθαι
3060 3418 3161 3488 τῆς
3210 3419 3465 3488 τοιαύτης
3512 3416 3691 3485 δεινῆς

2111 3509 2500 3580 ὶγχειρὴσεως.
2536 3510 2742 3581 Γράφει
2771 3509 2827 3562 δὲ
2849 3510 2943 3563 καὶ
2970 3508 3105 3580 πρὸς
3132 3509 3222 3563 τὸν
3249 3508 3552 3580 τηνικαῦτα
3583 3507 3692 3561 τῶν

2111 3600 2386 3670 δημοσίων
2414 3603 2712 3672 χρημάτων
2764 3602 2990 3673 ταμίαν,
3014 3600 3367 3672 οίκειὼμένον
3388 3601 3516 3671 παρ’
3543 3597 3692 3670 αὖτῷ

2113 3695 2180 3764 τῇ
2218 3706 2277 3745 τε
2315 3693 2597 3765 παρρησία
2634 3694 2729 3746 καὶ
2778 3692 2860 3765 τῷ
2906 3694 3249 3764 φρονήματι,
3295 3694 3369 3765 μὴ
3409 3691 3551 3746 κατὰ
3595 3693 3693 3762 τῆς

2127 3783 2478 3853 Ἐκκλησίας,
2508 3785 2607 3855 ἤδη
2641 3785 2703 3838 τὸ
2736 3787 3015 3857 είρηναῖον
3048 3785 3278 3857 ἐχούσης
3308 3786 3400 3838 καὶ
3431 3783 3692 3838 ἀστασία-

2118 3894 2263 3943 στον,
2295 3878 2530 3930 ἐπινοεῖν
2562 3876 2595 3947 ἦ
2625 3880 2795 3930 κινεῖν
2823 3894 2945 3932 τινα
2993 3876 3176 3937 σάλον.
3221 3876 3420 3947 μᾶλλον
3470 3876 3570 3945 μὲν
3598 3873 3693 3930 οὖν

2118 3967 2213 4022 καὶ
2237 3966 2333 4037 τὴν
2357 3966 2679 4036 ἐξαφθεῖσαν
2708 3967 2845 4037 αὐτῇ
2885 3965 3035 4037 παρὰ
3069 3966 3177 4019 τῶν
3208 3965 3301 4019 τοῦ
3329 3965 3550 4019 αἰωνίου
3591 3981 3693 4017 πυ-

2122 4056 2213 4127 ρὸς
2253 4054 2420 4119 ἀξίων
2468 4054 2640 4124 φλόγα
2708 4053 3072 4121 καταπαύειν,
3125 4055 3220 4108 καὶ
3276 4053 3373 4125 τὴν
3425 4052 3695 4123 βασιλέως

2122 4146 2472 4217 καθημεροῦν
2515 4145 2838 4216 ἀγριότητα.
2895 4144 3101 4217 Γράφει
3130 4146 3187 4198 δὲ
3239 4146 3335 4198 καὶ
3366 4145 3444 4216 τῷ
3492 4143 3694 4215 πρώτῳ

2121 4239 2230 4293 τῶν
2264 4237 2559 4309 βασιλικῶν
2598 4237 2964 4308 ὑπογραφέων
2998 4237 3119 4290 τότε
3151 4238 3471 4306 τυγχάνοντι
3501 4236 3696 4303 (Εὐτυ-

434 4361 556 4398 rum
589 4342 801 4397 fovebat
840 4351 1039 4411 partes,
1065 4349 1119 4395 et
1152 4349 1314 4394 rectae
1351 4338 1471 4393 fidei
1503 4336 1716 4406 eloquia
1754 4336 2001 4405 deprava-

2123 4333 2302 4405 χιανὸς
2326 4326 2482 4393 οὗτος
2510 4327 2577 4399 ἦν
2598 4330 2638 4399 ),
2670 4329 3049 4401 συναιρομένῳ
3075 4332 3186 4393 τοῖς
3211 4329 3569 4401 αἱρετίζουσι,
3599 4327 3697 4380 καὶ

433 4437 551 4501 Ιιτιι,
602 4435 808 4489 diserte
856 4434 1072 4503 scripsit
1106 4431 1249 4500 quod
1282 4430 1386 4485 nisi
1422 4430 1540 4485 vias
1583 4426 1799 4483 Domini
1837 4434 2001 4481 rectas

2120 4425 2190 4478 τὰ
2222 4425 2321 4495 τῆς
2345 4423 2641 4495 ὀρθοτόμου
2674 4422 2913 4485 πίστεως
2940 4420 3486 4492 παραναγινώσκοντι
3520 4418 3694 4486 λόγια,

437 4534 684 4583 cessaret
711 4536 1051 4596 pervertere,
1103 4519 1767 4595 Elymaemagi‘Westigia
1812 4526 2014 4582 terens,

434 4621 751 4689 inspectore
770 4619 1058 4687 Deo‘atque
1074 4616 1251 4675 ultore
1270 4618 1496 4671 daturus
1510 4621 1653 4668 esset
1672 4625 1883 4680 poenas,
1898 4610 2019 4678 qui-

431 4708 541 4763 bus
567 4721 692 4762 eum
721 4720 904 4760 amara
944 4706 1072 4759 vitae
1102 4703 1407 4760 necessitas
1440 4701 1556 4756 dire
1590 4698 1885 4754 cruciaret.
1920 4696 2018 4753 Hic

438 4814 570 4855 vero
624 4806 931 4853 monentem
976 4798 1124 4853 visus
1160 4807 1455 4865 spernere,
1497 4791 1766 4846 minarum
1808 4790 2017 4860 recepit

513 4955 557 4989 “
583 4956 705 5010 Act.
736 4972 855 5024 xm,
883 4953 1039 5008 8-H.

2117 4516 2192 4580 ὡς
2223 4518 2271 4569 εἰ
2308 4515 2407 4585 μὲν
2435 4517 2495 4567 οὑ
2526 4514 2805 4584 παύσηται
2832 4514 3173 4583 διαστρέφων
3194 4514 3291 4575 τὰς
3317 4514 3469 4573 ὁδοὺς
3492 4509 3697 4581 Κυρίου

2118 4607 2217 4671 τὰς
2253 4607 2468 4670 εὐθείας
2493 4644 2508 4668 ,
2546 4605 2661 4660 ἀλλ’
2702 4604 2911 4677 Ἐλύμᾳ
2962 4604 3042 4675 τῷ
3084 4605 3243 4674 μάγῳ
3304 4602 3699 4672 συμπροαιρεῖ-

2120 4714 2212 4752 ται
2256 4697 2621 4769 πορεύεσθαι,
2658 4697 2809 4769 παρὰ
2834 4697 2931 4766 τῆς
2976 4694 3173 4765 ἐφόρου
3210 4694 3368 4763 δίκης
3415 4690 3698 4746 πείσεσθαι

2122 4789 2327 4859 λώϐην,
2366 4788 2465 4852 τὰς
2506 4788 2645 4861 πρὸς
2677 4788 2737 4842 τὸ
2785 4786 2885 4859 ζῇν
2925 4786 3181 4857 ἀφορμὰς
3219 4782 3407 4848 δεινῶς
3458 4778 3702 4850 ἑπαλγύ·

1703 5034 1937 5092 ῩΑΒΙιΕ
1968 5033 2371 5093 LECTlONES.

514 5157 765 5238 tum.
866 5179 891 5207 ι

1949 5273 2178 5330 NOTAE.

517 5423 595 5493 (y)
627 5424 684 5477 In
718 5422 840 5493 Vita
876 5417 1050 5475 sancti
1084 5415 1281 5493 l‘licctre
1314 5432 1325 5468 :
1367 5431 1386 5464 ι
1423 5412 1574 5493 Tune
1616 5409 2020 5493 imperari-irim.

439 5484 898 5548 roré'admodum
932 5488 1312 5545 exardescens.
1350 5494 1403 5540 et
1430 5486 1574 5555 quod
1622 5493 1769 5538 recte
1816 5484 2017 5536 dictum

441 5562 648 5623 fuerat,
684 5561 833 5613 velut
863 5558 1182 5626 injuriosum
1210 5554 1465 5624 quiddam
1497 5554 1791 5621 accipiens,
1824 5566 2019 5626 omnes

443 5621 686 5702 eiecit.»
720 5629 810 5702 lu__
836 5621 1183 5702 Yitasancti
1222 5621 1433 5702 Eiculai
1471 5626 1700 5702 Stmline
1742 5639 1756 5675 :
1804 5640 1822 5671 ι
1861 5621 2016 5702 Tunc

444 5691 659 5758 videns.
696 5710 745 5753 ut
782 5699 813 5751 ii
848 5698 1081 5765 Spiritus
1128 5698 1304 5767 gladio
1342 5711 1604 5767 nugarum
1636 5691 2019 5762 ejus-garruli-

2126 5422 2292 5469 tatem
2328 5412 2473 5468 varie
2502 5413 2733 5467 mediam
2782 5418 3053 5476 secarent,
3086 5423 3148 5464 ea
3180 5421 3238 5464 re
3269 5406 3438 5462 miser
3468 5402 3525 5458 in
3555 5400 3705 5457 furo-

2125 5499 2239 5538 rem
2275 5494 2451 5546 actus,
2482 5499 2672 5538 omnes
2706 5481 2771 5535 ad
2808 5497 2997 5554 unum,
3049 5478 3218 5554 multa
3258 5478 3336 5554 ira
3356 5481 3702 5554 exaestuans,

2124 5554 2270 5676 ἱρείη
2297 5545 2539 5635 expellit,
2575 5569 2638 5609 ac
2670 5552 3071 5622 quamprimum
3100 5547 3334 5621 singulis
3356 5545 3534 5603 locum
3564 5545 3707 5599 exsi-

2148 5641 2179 5677 ll
2207 5636 2411 5677 830C“.
2451 5644 2467 5675 ι

2148 5641 2179 5678 tl
2207 5639 2411 5680 sancit.
2451 5644 2467 5675 ι
