4158 6348
484 354 584 419 119
795 419 810 430 ,
1467 359 1530 420 S.
1569 359 1993 421 NICEPHORI
2029 363 2126 423 PA‘

2097 362 2537 424 {TRIARCHJE
2575 366 2680 425 (ΖΡ.
3637 375 3739 438 120

476 468 625 524 nulla
671 469 901 525 veritate
953 470 1217 542 nitantur)
1242 470 1540 541 permittite
1599 481 1658 528 ut
1702 474 1933 542 quisque
1977 490 2042 529 ex
2073 484 2118 538 Α

2091 484 2123 536 ι
2150 478 2498 544 ζευξάτωσαν
2526 481 2576 532 oi
2609 481 2667 532 ἐν
2699 478 2886 550 ἐξορίᾳ
2913 481 3088 551 mpr
3136 479 3490 550 πιεζόμενοι,
3527 481 3733 535 ἀνακαο

479 563 648 617 animi
702 564 782 618 sui
811 563 1080 618 sententia
1107 563 1331 631 feratur,
1363 578 1580 633 suaque
1635 566 1706 620 sit
1759 566 2055 623 voluntatis

2155 568 2413 641 λυφθήτω
2447 571 2606 640 ὑμῶν
2638 572 2706 626 τά
2741 573 2970 640 ὑπόγεια
3018 571 3269 645 βάραθρα
3292 614 3306 638 ,
3339 577 3434 628 καὶ⁸
3465 575 3733 644 ἀναδοθὴ-

480 653 714 708 arbiter.
769 654 996 709 Pateant
1039 668 1325 720 carceres;
1381 647 1719 725 postliminio
1803 657 2050 726 redeant,

2155 678 2336 716 τωσαν
2382 664 2430 717 ei
2482 663 2647 731 λιμοῦ
2701 667 3038 736 τραυματίαι
3087 666 3182 719 καὶ
3233 665 3397 737 δίψης
3449 668 3733 736 γενόμενοι

396 755 401 778 ί
480 745 575 814 qui
603 745 754 813 gravi
796 755 1144 801 macerantur
1173 746 1396 812 exsilio;
1425 747 1742 816 aperiantur
1793 747 1901 802 alta
1958 751 2038 803 de-

2156 755 2406 822 παίγνια,
2443 759 2538 812 καὶ
2567 757 2742 812 νύκτα
2774 758 3078 828 φωτισμδν,
3104 758 3248 812 κατὰ
3278 759 3338 811 τὸ
3367 759 3651 830 ᾀδόμενον,
3677 762 3734 814 ἐν

480 837 626 892 fossa
655 838 820 894 bumo
842 845 1021 894 vestro
1052 838 1140 893 illa
1171 839 1448 904 baratbra,
1475 854 1539 895 ac
1560 840 1934 909 producantur
1952 841 2052 896 viri

2153 852 2219 920 τῇ
2266 853 2442 921 τρυφῇ
2489 851 2697 904 ἑαυτῶν
2741 851 3118 922 ἐντρυφῶντες
3161 851 3476 922 ὁσημέραιο
3523 852 3735 908 λαϐέτω

479 931 627 986 fame
656 931 912 994 conlecti,
947 931 1187 1001 factique
1238 931 1361 987 sitis
1413 931 1670 994 ludibria,
1706 932 1807 986 viri
1843 933 2052 988 scilicet

2154 939 2366 993 παῦλαν
2405 942 2437 1010 ἡ
2497 941 2697 1009 μάστιξ
2721 941 2841 1003 ,ντά
2874 942 2986 995 τῶν
3035 941 3347 1012 θεοφρόνων
3379 941 3734 1006 ἐπιξαίνουσα

480 1038 709 1092 quorum
738 1036 840 1078 nox
872 1023 1118 1091 quotidie
1153 1021 1485 1078 illuminatio
1516 1023 1570 1076 in
1601 1022 1816 1077 deliciis
1840 1037 2049 1090 eorum,

2155 1027 2406 1098 σώματα.
2457 1029 2544 1093 Ὡς
2586 1032 2635 1083 εί
2680 1029 2856 1086 ταῦτα
2885 1033 3102 1100 γένοιτο
3129 1071 3142 1091 .
3191 1031 3286 1084 καὶ
3328 1031 3404 1100 τῷ
3439 1034 3602 1085 παντὶ
3635 1034 3733 1105 τὴν

478 1123 534 1168 ut
568 1113 766 1168 cecinit
816 1115 1006 1168 beatus
1033 1112 1246 1168 Psaltes
1295 1113 1379 1166 "z
1423 1121 1641 1169 cessent
1671 1112 1748 1182 (α)
1803 1117 2050 1179 verbera,

2152 1120 2460 1192 ἐλευθερίαν
2489 1121 2842 1191 ἐγγράψοιτε,
2876 1124 2970 1176 καὶ
2997 1125 3063 1193 τῇ
3099 1121 3192 1192 βίᾳ
3236 1122 3310 1191 μὴ
3341 1122 3475 1174 δῶτε
3505 1123 3575 1176 τὰ
3601 1124 3731 1177 ἑαυτ-

401 1259 412 1270 ,
477 1210 671 1276 quibus
704 1209 810 1262 Deo
834 1207 1139 1262 alilatorum
1167 1207 1451 1262 hominum
1521 1221 1747 1277 corpora
1771 1207 2043 1277 vapulant.

2150 1216 2248 1282 τῆς
2279 1201 2746 1284 διαπράττεσθαι,
2780 1215 2902 1268 τότε
2945 1214 3054 1268 τῶν
3088 1217 3186 1284 τῆς
3238 1213 3572 1283 Ἑκκλησίας
3598 1232 3733 1285 προ-

472 1301 652 1368 Atque
708 1300 847 1354 adeo
888 1300 1015 1354 dum
1073 1300 1188 1354 haec
1239 1299 1394 1364 liant,
1447 1299 1764 1367 cunctisque
1821 1299 2048 1353 liberum

2147 1307 2322 1376 δήλων
2348 1306 2579 1379 ἐχθρῶν,
2624 1307 2721 1360 καὶ
2763 1307 2873 1359 τῶν
2909 1306 3076 1378 μηδὲν
3132 1304 3438 1375 ἱερωσύνης
3472 1307 3749 1378 ἐπιφερου·

475 1391 809 1458 permittatis
836 1388 1177 1459 sulfragium,
1211 1404 1386 1458 neque
1416 1390 1688 1445 violentiae
1708 1389 2045 1452 concedatis,

2150 1399 2328 1469 μένων
2351 1399 2626 1469 λείψανον,
2658 1399 2750 1452 καὶ
2775 1398 2866 1453 διά
2889 1399 3046 1452 τοῦτο
3071 1400 3163 1452 ἐπὶ
3192 1398 3506 1469 ζητήμασιν
3532 1397 3734 1468 ἐκκλη-

475 1493 536 1537 ut
559 1498 686 1538 snas
713 1492 898 1554 partes
943 1492 1092 1554 agat,
1121 1494 1248 1537 tunc
1302 1483 1480 1552 palam
1532 1483 1758 1552 proditis
1791 1481 2048 1536 Ecclesiae

2150 1493 2448 1554 σιαστικοϊς
2484 1491 2838 1559 ἐγκρίνεσθαι
2883 1490 2958 1562 μὴ
3003 1489 3346 1558 δυναμένων.
3380 1489 3733 1559 ἀπεληλαμέ-

475 1575 729 1631 bostibus
769 1575 1072 1645 ejectisque
1100 1615 1116 1639 ,
1155 1576 1244 1645 qui
1275 1575 1478 1628 nullum
1530 1574 1611 1629 vel
1667 1573 1807 1652 exp'le
1867 1587 2048 1627 sacer-
2147 1599 2272 1642 νων,
2303 1584 2416 1644 τοῖς
2446 1582 2657 1647 λοιποῖς
2698 1584 2783 1652 (εί
2821 1582 2915 1636 καί
2940 1599 3026 1646 τις
3047 1623 3061 1644 .
3093 1583 3231 1652 ὅπερ
3261 1582 3488 1635 ἀπέστω
3514 1621 3528 1641 ,
3559 1581 3735 1635 λελει.

475 1670 612 1724 dotii
666 1669 956 1739 vestigium
987 1667 1244 1732 aﬂ'erunt,
1281 1683 1344 1722 ac
1391 1667 1616 1736 proinde
1652 1665 2046 1721 ecclesiasticis

2145 1673 2345 1742 ψεται)
2390 1675 2471 1736 εἰς
2524 1673 2715 1740 λόγους
2769 1672 2947 1726 ἐλθεῖν
2976 1674 3126 1742 ἡμᾶς
3177 1673 3406 1735 ἑαυτοὺς
3448 1671 3729 1741 πείσομεν.

477 1761 940 1833 disputationibus
975 1761 1242 1817 interesse
1265 1777 1372 1816 non
1405 1771 1653 1830 possunt,
1679 1774 1801 1813 cum
1830 1758 2048 1814 caeteris

2147 1765 2221 1818 οὑ
2254 1765 2365 1836 γάρ
2400 1765 2641 1834 ἀνιέροις
2683 1764 2844 1833 θέμις
2896 1764 3033 1834 πρὸς
3081 1763 3308 1834 ἔρευναν
3359 1762 3520 1833 ἱερῶν
3566 1781 3732 1817 κατα-

478 1856 499 1926 (
521 1856 565 1910 si
599 1856 742 1924 quis,
775 1855 917 1923 quod
948 1854 1108 1920 absit,
1145 1854 1380 1922 reliquus
1411 1852 1535 1920 erit)
1581 1851 1896 1906 conferendi
1927 1864 2046 1905 ser-
2075 1849 2118 1906 Β

2091 1850 2118 1904 Β
2144 1854 2422 1923 λέγεσθαι.
2460 1854 2784 1908 Εἰπάτωσαν
2810 1857 2918 1925 γὰρ
2939 1856 2988 1908 oi
3019 1856 3088 1909 τά
3121 1855 3534 1908 Κωνσταντίνου
3567 1856 3733 1910 πάλαι

479 1945 657 1998 monis
688 1958 852 1997 causa
889 1943 1184 1998 convenire
1219 1959 1323 1996 non
1374 1941 1822 1998 detrectabimus.
1862 1937 2051 2009 Neque

2154 1943 2488 2013 σεσιγηκότα
2515 1943 2611 1997 καὶ
2632 1943 2934 2014 κατᾴδοντα
2961 1944 3320 2014 περιέποντες
3344 1942 3616 2013 δόγματα,
3647 1946 3731 2008 τίς

477 2037 620 2091 enim
646 2035 726 2090 fas
747 2046 854 2100 est,
881 2045 938 2090 ut
968 2049 1090 2089 cum
1114 2033 1353 2104 profanis
1383 2047 1729 2088 communem
1771 2033 1835 2086 ad
1890 2045 2048 2086 sacra

2147 2035 2333 2098 αὐτοῖς
2363 2033 2522 2099 ἀξίαν
2563 2033 2906 2087 ἐπιτέθεικεν
2945 2033 3136 2102 ίεράνς
3181 2033 3245 2085 ἐκ
3293 2031 3440 2096 τίνος
3477 2035 3728 2103 ἱεροφαν-

475 2126 823 2195 disquirenda
853 2136 1173 2181 conventum
1222 2126 1494 2179 ineamus.
1521 2125 1716 2180 Dieant
1752 2124 1921 2189 enim,
1954 2124 2046 2192 qui

2147 2127 2304 2196 τικῆς
2349 2124 2684 2196 χειροτονίας
2723 2116 3143 2194 γνωριζομένης
3191 2126 3305 2185 τοῖς
3337 2123 3729 2194 ἐκκλησιαστι·

474 2218 600 2274 olim
626 2220 842 2276 silentio
870 2219 1124 2272 damnata
1159 2227 1325 2286 atque
1352 2232 1642 2287 suppressa
1695 2214 2044 2270 Constantini

2147 2220 2263 2282 κοῖς
2307 2219 2494 2287 νόμοις
2543 2216 2952 2287 κατατετάχθαι
3007 2217 3175 2286 φασὶν
3229 2218 3310 2280 είς
3361 2217 3574 2287 βαθμὸν
3621 2218 3730 2272 τῶν

473 2312 685 2368 decreta
710 2320 1010 2374 sectantur,
1051 2311 1174 2380 quis
1195 2325 1410 2364 sacram
1449 2309 1555 2362 illis
1587 2307 1905 2374 dignitatem
1937 2305 2044 2359 im-

2147 2312 2610 2382 ιερουργούντωνς
2654 2311 2717 2364 Εἰ
2748 2305 2847 2364 οὖν
2873 2311 3034 2377 τάξις
3067 2310 3254 2373 αὐτοῖς
3299 2311 3729 2384 ἐκκλησιαστικὴ

472 2405 752 2474 posuerit?
799 2403 1087 2459 ostendant
1135 2401 1288 2468 cuius
1341 2399 1708 2455 ordinationis
1756 2399 1828 2460 vi,
1879 2413 2042 2468 quam

2143 2402 2205 2455 τὸ
2233 2401 2478 2466 ἀναξίοις
2510 2400 2652 2454 εἶναι
2689 2401 3068 2471 μαρτύρεται,
3114 2401 3201 2463 τίς
3255 2402 3460 2466 αὐτοὺς
3506 2403 3597 2456 ἐπ’
3639 2404 3738 2456 ἐκ·

473 2499 691 2568 qnidem
729 2503 1027 2564 agnoscant
1062 2495 1208 2563 leges
1249 2492 1655 2557 ecclesiasticae,
1686 2491 1738 2543 in
1792 2489 2045 2544 sacerdo-

2147 2493 2376 2564 κλησίας
2433 2493 2615 2561 λέγειν
2673 2493 2968 2558 ἀνέξεταις
3029 2492 3216 2546 Ταῦτα
3281 2495 3396 2556 τοῖς
3458 2495 3729 2549 στείλασιν

475 2601 587 2643 tum
613 2589 838 2659 gradum
867 2584 1233 2640 ascenderint.
1265 2582 1396 2637 Cum
1423 2582 1606 2650 itaque
1633 2579 2044 2635 ecclesiasticus

2145 2585 2290 2655 ὑμᾶς
2324 2584 2722 2655 γνωρισθήτω,
2763 2585 2858 2638 καὶ
2897 2585 2946 2637 εί
2986 2585 3100 2648 τοῖς
3141 2586 3429 2656 ἡμετέροις
3459 2602 3726 2638 καταπει-

473 2681 610 2735 ordo
643 2679 896 2748 indignos
919 2691 1016 2730 eos
1044 2689 1164 2730 esse
1204 2670 1576 2743 testetur,quis
1600 2685 1693 2726 eos
1722 2670 1776 2724 in
1813 2669 2043 2724 ecclesia

2145 2676 2365 2739 σθέντες
2389 2675 2611 2744 ὀφθεῖεν
2644 2675 2848 2743 λόγοις,
2886 2675 2996 2728 ίδοὺ
3029 2677 3226 2746 καιρὸν
3255 2677 3350 2729 καὶ
3390 2676 3556 2728 τόπσν
3588 2677 3724 2739 τοῖς,

470 2772 620 2841 inqui
652 2767 962 2824 sustineat?
988 2767 1110 2820 llaec
1143 2767 1230 2831 iis,
1264 2764 1354 2834 qtti
1407 2765 1695 2828 miserunt,
1743 2762 1992 2818 renuntia
2027 2781 2039 2818 :

2145 2768 2282 2839 πρὸς
2315 2761 2396 2830 οἷς
2425 2766 2684 2837 εὔκαιρόν
2739 2768 2886 2829 ἐστι,
2937 2767 3288 2836 διαλεχθῆναι
3320 2767 3599 2837 ὁρίζομεν
3633 2768 3728 2822 καὶ¹

473 2866 565 2935 qui
625 2865 670 2920 si
722 2863 924 2918 nostris
956 2859 1299 2915 sermonibus
1330 2857 1555 2924 obsequi
1617 2857 1921 2919 vidcantur,
1975 2870 2041 2910 en

2143 2855 2355 2925 καιρὸς,
2389 2856 2554 2927 ἡνίκα
2582 2857 2648 2910 ἂν
2669 2856 2786 2925 Θεῷ
2818 2856 2992 2924 φίλον,
3019 2857 3087 2910 τά
3118 2858 3220 2926 τῆς
3251 2857 3408 2912 νόσου
3443 2859 3573 2927 ἡμῖν
3605 2858 3729 2922 ἐπι·-

471 2967 688 3027 tempus
727 2969 790 3010 ac
826 2954 1003 3009 locum
1052 2950 1408 3022 disputationi
1457 2964 1693 3018 congrua
1749 2948 2044 3017 prarstitui-

2143 2948 2415 3018 λωφῆσαι,
2450 2949 2547 3002 καὶ
2572 2948 2967 3016 ὑπολειφθῆναι
2997 2952 3110 3012 τοῖς
3140 2949 3276 3015 ζῶσι
3307 2950 3382 3018 δῷ
3411 2938 3565 3015 Θεὸς,
3605 2968 3730 3004 συν-

471 3065 594 3104 mns
626 3067 639 3103 :
668 3056 722 3101 et
756 3045 970 3116 quidem
1002 3057 1099 3114 par
1131 3043 1353 3098 edenda:
1380 3040 1742 3095 confessionis
1781 3039 2043 3095 habendi-

2142 3038 2425 3107 ομολογεῖν
2479 3038 2574 3092 καὶ
2632 3037 3092 3106 συμφθέγγεσθαι
3126 3055 3140 3068 '
3201 3038 3364 3101 τόπος
3415 3039 3472 3092 δέ
3524 3039 3587 3092 τὸ
3639 3038 3729 3092 τοῦ

470 3159 579 3212 que
606 3139 856 3210 colloquii
909 3147 1118 3205 tempus
1168 3135 1406 3198 crit,nbi
1467 3132 1576 3187 Deo
1617 3133 1752 3202 bene
1809 3131 2042 3202 propitio
2072 3198 2109 3212 η

2085 3198 2109 3212 η
2146 3129 2288 3182 θείου
2312 3130 2471 3198 λόγου
2499 3129 2770 3199 διώνυμον
2795 3130 3045 3199 τέμενος,
3079 3131 3138 3182 ἐν
3173 3121 3216 3198 ᾧ
3248 3129 3381 3194 Θεὸς
3414 3130 3653 3200 κάθηται
3682 3133 3727 3195 ε,

471 3198 741 3302 tantisper
762 3198 994 3284 .morbus
1020 3198 1470 3294 interquieverit,
1495 3222 1717 3290 vitaque
1733 3198 1895 3274 illius
1912 3198 2006 3274 mu
2022 3247 2039 3260 -
2066 3198 2110 3258 (ἶ

2091 3198 2110 3258 ἶ
2148 3220 2216 3274 τά
2266 3223 2332 3291 τῇ
2385 3198 2890 3291 καθολικῇγπίστει
2943 3221 3222 3291 ἀνήκοντα
3268 3198 3733 3292 διεσμιλευ-μένως

471 3341 604 3383 uere
625 3331 900 3392 superstes
913 3319 1075 3373 fuerit
1097 3335 1110 3372 :
1135 3317 1285 3372 locus
1303 3329 1432 3369 vero
1455 3312 1604 3368 verbi
1630 3312 1820 3376 divini,
1835 3309 2044 3366 famosa

1465 3312 1604 3368 verbi
1630 3309 2044 3376 divini,famosa
2149 3313 2493 3366 διαιτῶν-καὶ
2518 3311 2737 3384 τρανῶν
2766 3312 3107 3366 δικαιότατα.

471 3436 535 3476 ac
575 3417 925 3476 celeberrima
966 3411 1301 3478 basilica;in
1349 3407 1762 3479 quaprazsidens
1805 3405 1964 3474 Deus,
1997 3422 2116 3477 qua:
2166 3417 2416 3478 spectant
2455 3408 2520 3463 ad
2564 3407 2720 3464 iidem
2752 3407 3075 3464 catholicam
3134 3405 3390 3465 distinete
3424 3409 3737 3467 subtiliter-

471 3527 576 3586 que
605 3514 876 3573 decernet,
908 3516 960 3560 et
982 3521 1142 3574 quam
1170 3503 1472 3573 iustissime
1512 3499 1840 3570 explanabit.

542 3604 631 3658 (59».
693 3601 861 3657 Porro
915 3599 1004 3652 ubi
1044 3597 1263 3651 nuntius
1286 3592 1448 3647 verba
1480 3591 1616 3655 haec,
1646 3593 1784 3661 ejus,
1821 3591 1912 3659 qui
1962 3592 2042 3661 ip-

2226 3592 2323 3662 ξβ’.
2357 3592 2544 3646 Ταῦτα
2589 3593 2683 3646 τοῦ
2728 3592 3138 3664 ἀγγελιαφόρου
3171 3595 3286 3658 τοῖς
3317 3595 3421 3649 ὼσὶ
3467 3595 3565 3649 τοῦ
3598 3596 3733 3666 πέμ.

471 3711 592 3750 sum
626 3693 876 3755 miserat,
909 3688 1132 3742 auribus
1165 3685 1430 3747 insonuit,
1466 3692 1520 3736 et
1551 3684 1596 3738 is
1619 3693 1811 3737 cuncta
1835 3683 1899 3737 ad
1927 3681 2046 3737 illos

2151 3685 2354 3755 ψαντος
2405 3686 2817 3755 ἐνηχήσαντος,
2864 3686 2963 3740 καὶ⁹
3006 3686 3174 3740 αὐτοῦ
3219 3687 3274 3740 δὲ
3319 3690 3434 3749 τοῖς
3475 3689 3739 3742 τάναντία

472 3786 660 3839 retulit
691 3784 780 3852 qui
827 3780 1118 3836 contrariae
1165 3786 1319 3832 erant
1351 3774 1642 3842 opinionis,
1686 3783 1867 3827 mutos
1924 3787 2044 3826 om-

2152 3777 2526 3848 συμφρονοῦσι
2549 3777 2694 3830 κατά
2717 3777 2886 3847 μηδὲν
2913 3778 3354 3849 ἀποκρύψαντος,
3385 3779 3524 3850 πρὸς
3555 3782 3737 3834 πᾶσαν

472 3879 605 3932 nino
649 3883 703 3929 et
741 3888 870 3927 voce
900 3872 1190 3926 destitutos
1236 3865 1507 3928 reddidit;
1545 3863 1806 3932 gravique
1864 3862 2046 3918 cordis

2151 3870 2329 3923 αὐτῶν
2359 3870 2595 3938 ἀφασίαν
2619 3870 2717 3940 τὴν
2749 3869 2998 3938 γλῶτταν
3026 3871 3324 3940 διήγειρεν,
3354 3872 3448 3924 καὶ
3474 3873 3573 3943 τὴν
3601 3890 3736 3945 καρ-

473 3969 659 4024 dolore
683 3965 881 4028 aliecit,
917 3973 977 4018 ut
1008 3963 1096 4031 qui
1135 3974 1358 4029 prorsus
1379 3956 1728 4024 impossibilia
1755 3955 1884 4021 ipsis
1913 3969 2043 4024 pro-

2149 3963 2268 4016 δίαν
2297 3963 2637 4030 ἐπάλγωσεν,
2670 3962 2747 4025 ὡς
2782 3963 2912 4032 περὶ
2943 3963 3223 4016 ἀδυνάτων
3248 3963 3341 4016 καὶ
3369 3963 3445 4033 μὴ
3477 3964 3735 4034 τελεσθῆ-

469 4070 697 4133 pnneret
740 4070 792 4114 el
831 4073 949 4128 quae
979 4064 1240 4124 praestare
1269 4049 1506 4105 nullatus
1536 4049 1802 4104 valerent.
1843 4045 2043 4112 Quam-

2149 4069 2238 4106 ναι
2281 4053 2480 4106 ἱκανῶς
2527 4054 2762 4123 ἐχόντων
2805 4053 3136 4123 ὑπάρχοντα.
3172 4054 3335 4108 Ὅθεν
3379 4055 3515 4125 πρὸς
3548 4055 3739 4126 βουλὴν

471 4155 657 4208 nhrem
711 4151 814 4220 ipsi
867 4156 1058 4205 coacto
1126 4146 1272 4198 inter
1325 4156 1384 4195 se
1441 4140 1715 4203 concilio,
1782 4137 2043 4190 adversus

2152 4143 2381 4207 ἐαυτοὺς
2415 4143 2891 4213 συναθροίσαντες,
2922 4143 3150 4198 τοιαῦτα
3203 4145 3280 4215 τῷ
3333 4146 3562 4214 βασιλεῖ,
3604 4146 3742 4200 κατά

470 4244 729 4302 Ecclesia:
779 4239 1150 4296 ﬁrmissimum
1201 4249 1414 4288 murum
1476 4247 1657 4285 coram
1720 4230 2046 4297 imperatore

2151 4231 2244 4285 τοῦ
2287 4232 2385 4301 τῆς
2438 4231 2766 4301 Ἐκκλησίας
2811 4231 3078 4302 προϐόλου
3126 4233 3397 4301 λέγοντες,
3459 4233 3738 4288 ἀπέπτυον

469 4337 588 4391 haec
622 4335 784 4388 verba
845 4334 1136 4399 despuunt.
1171 4325 1600 4392 llatidquaqnam
1673 4320 1786 4374 ﬁeri
1841 4325 2044 4388 potest,

2154 4321 2400 4392 ῥήματα.
2452 4321 2564 4375 Οὐκ
2617 4322 2734 4376 ἐστι
2785 4324 2927 4377 κατὰ
2967 4322 3159 4377 τοῦτον
3199 4324 3292 4377 τὸν
3341 4325 3498 4391 λόγον
3545 4326 3614 4378 τά
3662 4325 3738 4396 τῷ

473 4428 601 4480 dum
627 4440 714 4480 res
749 4425 820 4478 ita
877 4421 1233 4490 transigatur,
1263 4425 1320 4470 ut
1351 4429 1472 4484 quae
1501 4411 1771 4480 maiestati
1797 4420 1900 4466 tnze
1929 4411 2044 4464 visa

2154 4413 2348 4483 κράτει
2399 4431 2493 4466 σου
2543 4415 2848 4485 δεδογμένα
2899 4417 2994 4470 καὶ
3043 4419 3112 4487 τῇ
3172 4416 3482 4489 ἐνδημούσῃ
3537 4420 3738 4488 συνόδῳ

474 4527 626 4582 sunt,
658 4533 722 4572 ac
757 4515 1011 4585 prassenti
1047 4515 1265 4566 decreta
1300 4507 1533 4577 synodo,
1569 4518 1888 4574 prosperum
1925 4503 2044 4557 exi-
2081 4567 2116 4585 ἢ

2096 4567 2120 4585 ﬁ
2154 4505 2454 4574 κεκριμένα
2509 4505 2683 4575 πέρας
2728 4505 2914 4559 λαϐεῖν
2958 4507 3300 4577 ἀμφιδέξιον·
3347 4510 3394 4562 εί
3436 4510 3547 4580 γὰρ
3587 4509 3738 4580 εὖροι

473 4619 588 4662 tum
612 4567 928 4662 vobtineant.
965 4599 1022 4656 Si
1079 4597 1227 4655 enim
1284 4597 1574 4665 unicuique
1634 4605 1845 4664 tempus
1892 4595 2048 4649 detur
2081 4567 2115 4624 Π

2097 4567 2123 4624 )
2153 4567 2348 4664 καιρὸν
2370 4596 2402 4666 ἡ
2428 4567 2675 4648 ἑκάστου
2690 4599 2856 4668 ῥοπὴ,
2884 4567 3014 4651 ὅποι·
3033 4567 3336 4669 τρέπεσθαι
3366 4567 3628 4670 βοόλόιτο,
3649 4567 3739 4654 καὶ

470 4714 571 4768 pro
597 4698 760 4752 animi
793 4693 1061 4752 sententia
1094 4707 1152 4747 se
1170 4691 1409 4744 vertendi
1442 4705 1550 4759 quo
1576 4687 1723 4753 velit,
1750 4697 1804 4743 et
1831 4688 1920 4752 iis,
1957 4688 2046 4757 qui

2149 4687 2200 4738 οἱ
2219 4687 2288 4756 τῇ
2314 4685 2501 4756 ἐξορίᾳ
2523 4688 2955 4759 κατακριθέντες
2980 4690 3319 4762 ἀνακομιδῆς
3335 4692 3734 4759 ἐπιτεύξαιντο,

473 4792 671 4847 exsilio
698 4789 938 4845 damnati
968 4795 1116 4850 sunt,
1146 4783 1389 4852 obtingat
1446 4784 1748 4838 revertendi
1797 4782 2047 4844 lacultas,

2153 4776 2249 4829 καὶ
2283 4777 2390 4838 πᾶς
2420 4794 2505 4840 τις
2550 4779 2649 4848 τῆς
2677 4779 2886 4844 οἰκείας
2919 4781 3223 4852 αἱρέσεως,
3261 4785 3534 4854 μηδεμιᾶς
3565 4785 3737 4840 ὑπού-

478 4893 536 4941 et
589 4880 824 4952 propriae
858 4878 1179 4941 voluntatis,
1211 4874 1353 4930 nulla
1397 4876 1444 4927 vi
1508 4876 1796 4938 subeunte,
1842 4874 2050 4927 arbiter

2154 4885 2254 4936 σης
2292 4867 2450 4937 βίας,
2493 4870 2705 4937 γένοιτο
2752 4872 2960 4942 κύριος’
3015 4873 3157 4942 τάχα
3200 4875 3398 4944 γυμνοὶ
3443 4877 3538 4929 καὶ
3584 4877 3736 4946 μόνοι

472 4974 652 5042 quivis
675 4973 792 5036 liat,
820 4969 946 5024 nudi
985 4967 1165 5022 forsan
1198 4981 1262 5020 ac
1293 4965 1389 5019 soli
1444 4964 1812 5034 relinquemur
1848 4980 1862 5017 :
1897 4961 2044 5016 futu-

2154 4960 2659 5034 περιλειφθείημεν.
2715 4963 2946 5036 Ἐκείνῳ
2991 4965 3099 5036 γὰρ
3133 4968 3283 5020 πᾶσα
3335 4967 3530 5037 γνώμη
3582 4970 3736 5021 ἐκου-

471 5083 594 5122 rum
627 5073 712 5121 est
739 5064 884 5119 enim
917 5071 976 5115 nt
1030 5074 1220 5114 omnes
1245 5058 1390 5112 illum
1431 5065 1624 5125 sponte
1650 5069 1744 5110 sna
1781 5067 2048 5125 propenso

2157 5051 2453 5123 σιαζομένη
2486 5052 2558 5116 ὡς
2589 5053 2752 5124 τάχος
2802 5055 3134 5125 συνέψεται,
3188 5057 3281 5110 καὶ
3325 5056 3396 5110 τὰ
3423 5059 3546 5112 καθ’
3588 5058 3736 5127 ἡμᾶς

472 5165 793 5228 sequantur,
811 5163 865 5207 et
886 5167 972 5207 res
991 5157 1188 5205 nostra:
1207 5148 1352 5204 omni
1371 5147 1644 5202 destitan
1670 5159 1770 5215 ope
1794 5143 2045 5211 iaceant;

2157 5145 2340 5215 πάσης
2383 5144 2638 5218 βοηθείας
2686 5149 2844 5214 ἐκτὸς
2891 5152 3311 5222 περιστήσεται,
3356 5151 3450 5204 καὶ
3503 5149 3734 5221 μάλιστα

472 5249 598 5304 ideo
629 5245 770 5316 quod
809 5260 927 5299 eum
966 5242 1278 5314 proceribus
1331 5240 1533 5296 nosuis
1582 5239 1634 5292 in
1664 5236 2049 5307 disputationis

2154 5237 2254 5306 τὴν
2309 5239 2453 5308 πρὸς.
2507 5241 2633 5306 τοὺς
2682 5243 3016 5315 προκρίτους·
3072 5244 3414 5315 ἀναινομένῳ
3475 5239 3731 5310 διάλεξιν,

524 5399 568 5428 η
616 5401 756 5470 Ρβειῐ.
789 5415 1044 5462 CXXXVII"
1086 5398 1169 5451 Η·
1737 5479 1966 5534 nam
2021 5480 2105 5535 ΙΕ

1766 5482 1966 5534 ⁷ΑΒΙΛΕ
2021 5482 2420 5539 LECTIONES.
2498 5509 2502 5520 ·

1987 5620 2220 5677 NOTAE.

558 5729 632 5796 (ιι)
665 5726 737 5800 ης
763 5716 1536 5800 cruciatibusetverberibus
1558 5715 1620 5800 'in
1653 5728 1874 5800 carri-re
1908 5713 2122 5771 inﬂictis
2151 5721 2328 5787 agitur
2362 5719 2414 5775 in
2451 5719 2569 5778 "ita
2602 5723 2663 5778 S.
2710 5722 2919 5780 Nicolai
2954 5721 3205 5795 Studitm,
3263 5741 3384 5800 cap.
3425 5727 3480 5798 4,
3513 5727 3600 5785 ubi
3639 5742 3735 5785 va-

471 5786 651 5855 ria‘ex
693 5797 810 5854 Vita
940 5788 1213 5850 Theodori
1251 5787 1478 5843 Studita:
1507 5786 1902 5842 adnotavimus.

566 5569 592 5603 κ
627 5565 724 5619 Ms.
757 5564 1043 5618 καθιεῖται.
