4158 6348
413 315 509 435 ιιι

1929 393 2104 452 γιΤΑ
2131 451 2134 454 .

3562 415 3660 480 ῙΞ

404 485 564 537 τοῦτο
599 483 706 556 γὰρ
750 485 810 538 οὐ
840 485 939 595 si}:
981 488 1251 560 τυχοῦσαν
1283 491 1597 567 ἀνατροπὴν
1626 500 1757 570 ἡμῖν
1785 504 1966 572 προξιε

2093 518 2315 561 arenam
2337 510 2668 566 descendere
2699 522 2913 582 renuat,
2939 518 3081 584 quod
3110 533 3216 586 quo
3247 519 3456 576 facilius
3507 533 3656 595 gravi

401 581 640 650 νήσειεν.
685 579 841 645 ’Δλις
866 575 961 635 οὖν
985 583 1086 652 τῆς
1119 585 1496 656 προκλήσεωςο
1524 590 1625 661 ἤδη
1649 590 1756 661 γὰρ
1789 593 1981 664 τρίτην

401 669 636 740 ταυτηνὶ
698 673 1016 744 προτροπὴν
1065 677 1416 747 πεποιήμεθα
1463 681 1600 750 πρὸς
1647 682 1832 746 αὐτὸν,
1886 685 1982 737 καὶ

407 761 663 832 αὐθαδείᾳ
689 762 1013 831 πειθόμενος
1034 766 1134 819 οὐκ
1157 769 1495 840 ἀπήντηκεν.
1535 771 1697 839 Ἀλλ’,
1734 776 1782 826 εί
1812 773 1979 839 δοκεῖ,

409 853 654 924 συνοδικῇ
699 855 960 926 αὑθεντίᾳ
997 858 1368 928 χρησάμενοι,
1415 861 1481 914 τά
1528 865 1640 926 τοῖς
1693 865 1982 918 ἀπειθοῦσι

403 939 538 1010 δῆλα
565 942 654 994 διὰ
684 943 1015 1012 γράμματος
1047 946 1196 1016 αὐτῷ
1222 951 1692 1020 καταστήσαιμεν,
1733 955 1980 1025 ἀπαντῆ-

404 1048 498 1084 σαι
552 1033 648 1085 καὶ
697 1033 1162 1104 ἀπολελογῆσθαι,
1198 1038 1341 1109 ὑπὲρ
1389 1033 1530 1111 ὦνὴ
1583 1041 1804 1107 σύνοδος
1857 1045 1978 1098 κατ’

402 1121 568 1176 αὐτοῦ
601 1125 948 1191 ἐγκέκληται.
981 1128 1293 1198 Γράφουσιν
1320 1132 1414 1185 οῦν
1446 1151 1568 1186 τινα
1597 1136 1850 1188 ταπεινὸν
1887 1139 1984 1191 καὶ

405 1215 712 1286 χωλεύοντα
742 1218 908 1287 τόμον
937 1220 1075 1288 πρὸς
1099 1221 1192 1274 τὸν
1227 1223 1324 1291 τῆς
1363 1225 1688 1294 Ἐκκλησίας
1715 1229 1980 1300 ἀρχηγὸν,

403 1306 518 1367 τοῖς
541 1305 977 1378 ἀχειροτονήτοις
1011 1314 1350 1380 παρεστάναι
1378 1314 1694 1380 κελεύοντα,
1725 1319 1820 1370 καὶ
1852 1319 1983 1388 περὶ

404 1393 516 1446 τῶν
546 1393 956 1464 βεδουλημένων
987 1399 1170 1462 αὐτοῖς
1199 1400 1596 1458 διευθύνεσθαι.
1632 1408 1726 1460 Ὃν
1762 1410 1984 1477 ἐπιφορ·

403 1482 651 1545 τίσαντες
677 1484 999 1550 ἐπισκόποις
1030 1489 1139 1540 τισὶ
1168 1490 1262 1542 καὶ
1297 1491 1582 1562 κληρικοῖς
1602 1533 1616 1557 ,
1649 1496 1982 1565 χειροτονίας

404 1574 538 1642 ἄτερ
575 1575 924 1644 τυγχάνουσι,
951 1578 1087 1647 πρὸς
1114 1581 1206 1633 τὸν
1235 1583 1532 1654 λαμπτῆρα
1549 1586 1648 1654 τῆς
1669 1587 1981 1657 ὀρθοδοξίας

405 1665 782 1734 ἐκπέμπουσι,
831 1669 1191 1735 συζεύξαντες
1251 1673 1442 1738 αὐτοῖς
1484 1675 1640 1746 ὄχλον
1688 1677 1979 1749 ἀγύρτώδη

404 1755 496 1807 καὶ
524 1757 778 1827 ἀγοραῖον
805 1761 896 1812 καὶ
918 1761 1017 1831 τῆς
1050 1763 1232 1816 αὐτῶν
1267 1763 1551 1836 βδελυρίας
1599 1768 1842 1833 ἐπάξιον.
1889 1769 1978 1834 Ὠς

2085 611 2184 653 nos
2210 599 2408 655 damno
2435 601 2649 657 alliciat.
2669 603 2812 660 Satis
2856 620 2984 677 ergo
3008 612 3146 678 quod
3174 610 3453 680 hucusque
3497 619 3658 672 obse-

2085 693 2360 747 cravimus
2409 694 2556 761 :jam
2601 697 2742 750 enim
2785 698 2944 752 tertio
2967 714 3088 753 eum
3110 701 3532 771 bortatisumus,
3558 723 3657 764 nec

2087 781 2174 836 ille
2201 784 2496 837 temeritati
2531 801 2642 838 suae
2669 785 2982 854 obsecutus,
3012 800 3062 842 ut
3099 791 3203 845 sibi
3255 793 3473 847 suaderi
3508 799 3658 852 sine-

2086 879 2186 935 ret,
2217 871 2425 925 induxit
2448 873 2501 926 in
2559 874 2824 930 animum.
2861 875 3040 941 Quare
3073 878 3336 946 synodali,
3366 881 3407 933 si
3459 883 3654 948 placet,

2085 961 2412 1016 auctoritate
2443 963 2548 1028 usi,
2576 980 2695 1031 qua:
2727 967 3103 1032 pervicacibus
3125 969 3430 1024 denuntiari
3458 971 3652 1034 solent,

2087 1041 2197 1105 huic
2219 1053 2266 1106 ei
2294 1055 2494 1121 scripto
2521 1066 2645 1109 nota
2681 1056 2980 1124 faciamus;
3007 1069 3063 1112 ut
3091 1073 3406 1128 compareat
3437 1079 3649 1132 nempe,

2084 1151 2138 1195 et
2167 1145 2232 1196 de
2261 1145 2455 1211 quibus
2484 1147 2744 1201 adversus
2777 1164 2898 1202 eum
2948 1151 3188 1219 synodus
3223 1152 3495 1218 querelam
3539 1170 3653 1204 mo-

2085 1241 2191 1296 vet,
2224 1231 2546 1288 satisfaciat.
2571 1235 2830 1290 Scribunt
2871 1253 2972 1308 ego
3012 1239 3169 1292 vilem
3225 1257 3289 1294 ac
3334 1241 3650 1294 claudican-

2087 1332 2191 1377 tem
2231 1332 2432 1377 tomqu
2482 1325 2549 1378 ad
2602 1325 2857 1380 Ecclesia:
2903 1331 3211 1397 praesulem,
3237 1347 3409 1399 eoque
3461 1332 3656 1398 jubent

2084 1423 2141 1468 ut
2167 1414 2274 1469 illis
2321 1430 2381 1470 se
2418 1417 2601 1483 sistat,
2627 1419 2719 1486 qui
2760 1420 3046 1475 ordinibus
3076 1423 3268 1475 initiati
3321 1437 3427 1474 nun
3464 1434 3641 1484 erant,

2082 1513 2376 1569 eteorum,
2431 1521 2550 1574 qua!
2608 1508 2708 1576 ipsi
2769 1507 3078 1573 voluerunt,
3105 1511 3294 1562 reddat
3355 1511 3644 1562 rationem.

2084 1593 2237 1649 Hunc
2295 1597 2532 1650 libellum
2581 1599 2905 1666 quibusdam
2949 1601 3240 1668 episcopis,
3304 1600 3646 1668 clericisque.

2081 1686 2172 1754 qui
2207 1702 2332 1742 vere
2391 1688 2536 1742 nullo
2579 1689 2814 1744 clericali
2874 1691 3209 1755 charactere,
3241 1701 3331 1742 aut
3361 1691 3651 1758 episcOpali

2083 1777 2247 1832 infula
2310 1777 2489 1833 donati
2546 1791 2752 1845 essent,
2783 1781 3208 1845 committentes,
3260 1781 3535 1833 destinant
3583 1783 3650 1833 ad

399 1845 457 1897 δὲ
502 1847 608 1927 πρὸ
637 1851 823 1902 πυλῶν
859 1852 952 1904 τοῦ
1010 1855 1108 1922 τῆς
1149 1857 1566 1929 ἀρχιερωσύνης
1616 1860 1966 1931 σκηνώματός

2079 1879 2240 1923 recte
2272 1869 2390 1924 fidei
2445 1871 2834 1926 lucidissimam
2883 1871 3079 1936 facem,
3107 1887 3229 1926 cum
3284 1870 3652 1924 tumultuaria:

398 1937 658 2006 ἔστησαν,
678 1942 948 2012 ἀνηνέχθη
978 1944 1056 2013 τῷ
1087 1948 1312 2018 μεγάλῳ
1337 1951 1585 2020 ἀρχιερεῖ
1614 1953 1674 2006 τὸ
1700 1953 1801 2022 τῆς
1832 1971 1974 2025 παρ·

396 2028 588 2092 ουσίας
643 2030 822 2084 αὐτῶν
869 2037 1284 2103 φορτικώτατον
1350 2042 1596 2110 μήνυμα.
1656 2043 1716 2096 '0
1768 2045 1827 2098 δὲ
1881 2047 1976 2098 καὶ

400 2117 540 2186 πρὸς
582 2119 750 2189 αὐτὴν
796 2122 894 2191 τὴν
941 2123 1051 2177 τῶν
1102 2130 1460 2197 κακοφρόνων
1509 2131 1641 2186 θέαν
1675 2135 1976 2206 ἀχθόμενος

403 2205 648 2275 (τοιοῦτο
680 2211 788 2280 γάρ
821 2215 878 2264 αἱ
927 2213 1166 2285 καθαραὶ
1221 2219 1432 2284 φύσεις,
1458 2223 1594 2290 πρὸς
1643 2227 1753 2279 πᾶν
1795 2205 1976 2283 ότιοῦν

293 2327 305 2339 .
403 2294 699 2388 ἀλλοτρίως
729 2301 826 2370 τῆς
856 2301 1114 2372 ἀληθείας
1148 2305 1270 2376 ἔχον
1301 2309 1702 2384 ἀηδιζόμεναι),
1734 2317 1832 2370 οὐκ
1862 2313 1975 2388 εἶχε

404 2384 632 2459 γνώμης
658 2390 837 2454 αὐτοῖς
871 2395 951 2454 εἰς
995 2395 1214 2465 ὁμιλίαν
1246 2399 1441 2455 ἐλθεῖν.
1485 2402 1752 2476 Ἀκουσίῳ
1779 2409 1836 2463 δὲ
1887 2384 1978 2482 βτί-ᾳ

401 2481 728 2548 νυσσόμενος
761 2482 863 2535 ὑπὸ
891 2483 984 2536 τοῦ
1017 2491 1454 2559 πεπιστευμένου
1483 2493 1582 2562 τὴν
1614 2496 1778 2551 αὐτοῦ
1810 2481 1975 2569 φρουξ-

401 2565 502 2634 ράν
539 2570 850 2639 πατρικίου,
887 2573 963 2643 μὴ
993 2573 1344 2646 ἀποπέμπειν
1380 2579 1603 2645 τούτους
1625 2585 1705 2646 εἰς
1732 2565 1972 2641 τούπίσω

395 2657 714 2726 ἀπράκτους
741 2661 1152 2733 καταινοῦνντος,
1181 2666 1279 2736 ὀψὲ
1317 2670 1410 2722 καλ⁵
1446 2671 1601 2738 μόλις
1655 2674 1841 2738 αὐτοῖς
1869 2678 1970 2730 ὲπ-

393 2746 575 2819 αφῆκε
607 2749 702 2820 τὴν
734 2751 958 2806 εἴσοδον.

462 3015 564 3084 ξγ’.
601 3017 744 3071 Είσω
772 3017 829 3070 δὲ
859 3021 1207 3090 γενομένους,
1242 3024 1364 3077 οὐδὲ
1398 3027 1460 3078 τὸ
1491 3027 1590 3097 τῆς
1641 3027 1799 3081 νόσου
1840 3030 1968 3094 τοὺς

2075 1976 2138 2015 ac
2172 1959 2620 2015 circumforaneae
2675 1963 3045 2016 multitudinis
3071 1963 3251 2026 turba,
3277 1963 3648 2030 qumipsorum

2076 2051 2358 2105 dementiae
2393 2053 2662 2120 particeps
2692 2067 2750 2106 se
2783 2053 2864 2106 eis
2915 2052 3258 2119 adiunxerat.
3315 2052 3416 2106 Ubi
3469 2063 3649 2104 autem

2077 2155 2174 2209 pro
2205 2141 2526 2210 episcopalis
2576 2142 2910 2196 tabernaculi
2972 2142 3182 2195 foribus
3247 2143 3557 2205 astiterunt,
3599 2149 3654 2194 et

2078 2231 2345 2284 adventus
2400 2231 2612 2284 illorum
2663 2231 2989 2285 durissimus
3025 2231 3246 2284 nuntius
3297 2231 3475 2299 magni
3508 2244 3647 2298 pon-

2080 2317 2244 2372 tilicis
2265 2333 2426 2373 aures
2450 2319 2703 2388 pulsavit,
2749 2334 2871 2373 cum
2922 2319 3086 2372 etiam
3139 2319 3311 2388 ipsum
3364 2318 3502 2372 male
3527 2334 3654 2371 seu-

2080 2409 2326 2462 tientium
2386 2419 2663 2478 aspectum
2735 2424 2877 2479 a'gre
2939 2409 3107 2463 ferret
3168 2407 3453 2476 (ejusmodi
3505 2407 3646 2462 enim

2077 2509 2202 2556 sunt
2227 2515 2374 2570 purae
2411 2511 2645 2565 mentes,
2675 2511 2733 2554 ut
2767 2501 3029 2570 quidquid
3073 2501 3308 2554 alienum
3353 2515 3382 2552 a
3420 2499 3652 2554 veritate

2073 2599 2178 2656 est,
2211 2592 2263 2646 id
2312 2591 2467 2660 plane
2509 2592 2792 2647 molestum
2825 2594 2894 2646 sit
2930 2607 2993 2645 ac
3032 2591 3304 2659 insuave),
3338 2592 3650 2646 decreverat

2072 2684 2254 2738 animo
2278 2699 2504 2753 prorsus
2539 2700 2632 2738 eos
2663 2699 2768 2738 non
2819 2684 3042 2751 alloqui.
3066 2684 3307 2752 (Iogeute
3330 2692 3507 2737 tamen
3549 2699 3646 2752 pa-

2072 2760 2248 2838 tricio,
2283 2773 2630 2827 cuicustodia
2656 2772 2773 2840 ejus
2790 2773 3079 2827 commissa
3106 2783 3247 2835 erat,
3275 2786 3340 2824 ne
3367 2772 3446 2825 sic
3478 2772 3629 2824 missi

2071 2878 2128 2917 re
2155 2863 2348 2918 infecta
2387 2873 2813 2928 reverterentur,
2845 2879 2969 2918 sero
2987 2872 3040 2918 et
3071 2863 3158 2916 vix
3187 2862 3402 2917 tandem
3430 2862 3643 2930 ingredi

2071 2954 2190 3009 illos
2220 2957 2488 3025 permisit.

2140 3046 2228 3100 65.
2263 3045 2531 3116 Ingressis
2587 3055 2794 3109 autem,
2831 3059 2898 3100 ne
2936 3045 3110 3099 morbi
3145 3044 3364 3113 quidem
3392 3043 3644 3097 molestia

392 3108 658 3172 δειλαίους
688 3109 906 3180 κατῄδει
928 3111 1210 3201 δυσαλθὲς,
1242 3115 1376 3168 ἀλλά
1399 3120 1466 3189 τῇ
1498 3119 1781 3191 συντρόφῳ
1809 3121 1966 3175 ἀναι-

2073 3137 2288 3192 miseris
2317 3108 2666 3192 liomuuculis
2692 3137 2953 3207 pudorem
3011 3108 3228 3206 injecit;
3266 3136 3394 3204 quin
3453 3136 3642 3190 inolita

392 3199 512 3270 δεία
541 3202 898 3272 χρησάμενοι,
929 3205 997 3257 τά
1020 3199 1103 3274 ’τῷ
1128 3205 1317 3277 ἀτόμῳ
1339 3208 1533 3279 ἐκείνῳ
1558 3210 1710 3281 τόμῳ
1735 3228 1971 3283 κεχαρα-

395 3293 571 3364 γμένα
590 3296 870 3363 τραγικῶς
897 3298 1072 3350 εἰπεῖν
1101 3299 1488 3370 ὑπεκρίναντο.
1529 3303 1687 3357 Κατά
1716 3305 1834 3370 σοῦ,
1867 3323 1971 3375 φη-

396 3385 499 3449 σὶν,
530 3383 806 3450 λιδέλλους
836 3388 883 3458 ἡ,
903 3388 1120 3452 σύνοδος
1155 3391 1448 3463 δεξαμένη,
1489 3394 1626 3464 πρὸς
1657 3394 1814 3450 λύσιν
1843 3397 1968 3451 τού-

392 3489 533 3539 των,
588 3476 772 3546 πάσης
822 3478 980 3541 ἐκτὸς
1043 3479 1410 3550 ἀμφιλογίας,
1469 3485 1810 3556 παρέσεσθαι
1871 3489 1968 3542 καὶ

396 3565 774 3633 ἀπολογεῖσθαι
809 3563 1020 3639 τρανῶς
1053 3571 1395 3632 ἐδικαίωσεν.
1440 3576 1612 3648 Πρινὴ
1656 3577 1750 3632 οὖν
1791 3581 1823 3649 ἡ
1867 3579 1968 3649 τῆς

397 3655 719 3724 ἀποφάσεως
769 3661 1038 3732 αὐστηρία
1080 3664 1313 3719 διαϐᾶσα
1353 3667 1723 3738 καθαιρέσεως
1773 3672 1967 3740 ἐγκλή-

399 3762 566 3816 μασιν
596 3750 936 3818 ὺποδάλοιτε,
981 3756 1120 3826 πρὸς
1152 3759 1213 3810 τὸ
1241 3761 1310 3828 τῇ
1345 3761 1549 3830 συνόδῳ
1580 3763 1674 3814 καὶ
1701 3763 1780 3832 τῷ
1807 3764 1964 3833 βασι-

393 3836 478 3891 λεῖ
526 3840 712 3894 δοκοῦν
769 3845 1088 3911 μετατίθεσο
1131 3849 1422 3919 φρόνημα,
1477 3853 1966 3924 συμφθεγξάμενος

387 3929 524 3998 ⁴ἡμῖν
544 3931 639 3985 καὶ
667 3935 1132 4008 ὁμογνωμονήσας
1161 3940 1292 4010 περ)⁸
1316 3942 1416 4012 τῆς
1438 3941 1548 3995 τῶν
1579 3945 1804 3998 εἰκόνων
1827 3947 1963 4000 ἀπο-

385 4023 598 4093 τροπῆς
621 4042 681 4077 τε
705 4026 800 4079 καὶ
831 4029 1218 4100 ἀπαρνήσεως’
1243 4031 1388 4086 οὕτω
1422 4035 1530 4105 γὰρ
1560 4035 1713 4090 ἔσται
1735 4038 1826 4090 τὸν
1853 4039 1962 4092 τῶν

386 4110 643 4166 λιδέλλων
683 4115 1220 4186 ἀποδιαπομπεῖσθαι
1260 4121 1486 4193 μῶμον·
1526 4125 1558 4195 ἢ
1606 4127 1666 4189 ἐς
1707 4129 1960 4182 πλεῖστον

383 4203 816 4274 ἀπαναινόμενον
851 4211 944 4262 καὶ
984 4211 1473 4282 έτεροφρονοῦντα,
1517 4219 1616 4289 τῆς
1655 4219 1763 4272 τῶν
1790 4222 1958 4290 ὲγκα-

382 4296 620 4350 λούντων
650 4301 835 4371 ἔνοχον
863 4300 1000 4357 εἶναι
1031 4307 1220 4375 σαφῶς
1251 4310 1612 4380 ἐπικλήσεως,
1645 4315 1712 4385 ἥν
1739 4317 1838 4370 οὐκ
1868 4318 1959 4373 άλ-

380 4384 490 4451 λως
520 4390 922 4463 ἀποτρίψασθαι
952 4396 1200 4462 δυνατὸν,
1229 4400 1304 4470 μὴ
1335 4402 1458 4472 ούχὶ
1489 4405 1630 4458 κατά
1661 4409 1958 4476 πρόσωπον

2071 3227 2417 3297 improbitate
2479 3227 2585 3291 usi,
2653 3241 2773 3296 qua:
2847 3225 3034 3280 infami
3069 3224 3160 3279 illo
3218 3234 3364 3279 tomo
3421 3234 3642 3278 exarata

2069 3330 2246 3384 erant,
2279 3335 2401 3374 cum
2455 3321 2689 3388 quadam
2735 3317 3228 3373 commiseratiouis
3256 3315 3440 3385 specie
3483 3314 3633 3382 loqui

2068 3425 2127 3467 se
2169 3411 2457 3480 ﬁngerent,
2489 3409 2764 3478 Acceptis,
2793 3407 2962 3472 aiunt,
2997 3409 3258 3461 adversus
3307 3415 3359 3459 te
3416 3403 3638 3467 libellis,

2068 3502 2330 3571 synodus,
2367 3511 2425 3555 ut
2449 3495 2660 3567 objecta
2685 3498 2976 3562 dissolvas,
3011 3498 3157 3552 onmi
3188 3497 3641 3566 tergiversatione

2067 3604 2272 3648 semota
2307 3595 2499 3648 adesse
2527 3600 2578 3646 te
2599 3601 2654 3647 et
2695 3593 2842 3647 clare
2891 3591 3218 3660 respondere
3257 3587 3431 3656 jubet.
3489 3587 3638 3654 Qua-

2066 3694 2286 3755 propter
2315 3686 2631 3754 priusquam
2657 3681 3133 3738 ,condemnationis
3167 3681 3432 3734 districtio
3472 3679 3638 3744 depo-

2066 3775 2277 3830 sitionis
2300 3787 2351 3829 te
2378 3789 2552 3845 poma:
2573 3774 2849 3842 subjiciat,
2872 3782 3018 3826 tuam
3045 3788 3074 3827 e
3107 3771 3318 3841 synodi,
3342 3778 3505 3838 atque
3534 3771 3637 3823 im-

2065 3864 2336 3934 peratoris
2369 3865 2638 3918 sententia
2690 3863 3020 3916 sententiam
3059 3870 3228 3924 muta,
3261 3867 3321 3911 ut
3359 3859 3496 3911 idem
3540 3871 3636 3910 no-

2065 3956 2269 4011 biscum
2301 3955 2503 4010 sentias
2551 3962 2712 4022 atque
2737 3955 2969 4016 doceas;
2999 3951 3323 4006 evertendas
3380 3950 3634 4002 nimirum

2063 4063 2184 4104 esse
2215 4047 2476 4116 imagines
2510 4055 2562 4099 et
2599 4045 2910 4107 simulacra,
2949 4057 3250 4110 earumque
3299 4056 3456 4094 usum
3503 4040 3636 4093 abo-

2064 4139 2277 4194 lendum
2315 4156 2328 4192 :
2358 4138 2437 4191 sic
2464 4151 2697 4205 namque
2722 4135 3028 4202 impositum
3052 4149 3148 4202 per
3184 4133 3392 4186 libellos
3429 4133 3634 4185 crimen

2061 4232 2246 4288 licebit
2281 4229 2570 4300 depellere.
2633 4226 2726 4281 Sin
2785 4237 2962 4281 autem
3015 4226 3410 4281 contentiosius
3451 4223 3636 4278 renuis

2060 4323 2328 4379 contraria
2355 4321 2632 4386 sentiens,
2673 4319 3044 4374 accusantium
3067 4317 3415 4387 appellationi
3450 4315 3628 4384 palam

2059 4415 2170 4470 eris
2192 4413 2479 4476 obnoxius,
2507 4427 2670 4483 quam
2691 4411 2804 4465 lieri
2871 4409 3059 4479 nequit
3088 4417 3148 4462 ut
3177 4407 3474 4468 amoliaris,
3518 4406 3624 4459 nisi

383 4481 597 4550 στῆναι,
635 4486 728 4538 καὶ
759 4489 886 4557 περὶ
919 4481 964 4555 ᾧ
993 4492 1042 4542 oi
1079 4490 1292 4563 ἔλεγχοι
1331 4494 1729 4553 διευθύνεσθαι.
1772 4501 1956 4554 Ταῦτα

2068 4516 2114 4564 te
2139 4521 2322 4562 coram
2347 4507 2531 4571 sistas,
2566 4519 2630 4559 ac
2674 4505 2740 4558 de
2765 4501 2989 4570 objectis
3014 4500 3297 4569 judiceris.
3341 4497 3465 4551 llme
3519 4494 3629 4564 lupi

381 4574 428 4624 οἱ
461 4574 580 4627 ἀντὶ
626 4578 902 4647 ποιμένων
945 4581 1100 4634 λύκοι
1133 4584 1212 4653 τῷ
1242 4585 1592 4657 ἀρχιποίμενι
1641 4589 1709 4643 τὰ
1752 4591 1955 4661 παλίμ-

381 4680 538 4733 enim
578 4669 1119 4742 παραφθεγξάμενοι,
1157 4675 1250 4728 καὶ
1287 4677 1379 4729 ὑπ’
1405 4679 1594 4732 ὀδόντα
1625 4698 1742 4743 πως
1775 4682 1952 4752 διαψιο

379 4752 701 4844 θυρίσαντες
753 4761 980 4831 παίγνια
1034 4764 1146 4835 (ού
1199 4767 1310 4839 γὰρ
1366 4768 1584 4823 ἔσθενον
1635 4771 1830 4844 ἐκείνῳ
1875 4772 1954 4843 τῷ

375 4843 751 4920 καθαρωτάτῳ
789 4851 872 4904 νοῒ
899 4854 1038 4922 μετά
1069 4856 1383 4926 παρρησίας
1412 4859 1684 4912 ἀντωπείν
1717 4860 1750 4930 ἢ
1779 4843 1950 4931 προσ-

375 4934 776 5011 φθέγγεσθαι),
807 4947 930 5016 σιγῇ
981 4945 1040 4998 τὸ
1083 4946 1184 5014 τῆς
1229 4949 1500 5019 ἐντροπῆς
1543 4951 1951 5021 ὲγκαλύψαντες

371 5022 585 5099 αἶσχος,
616 5033 714 5102 τὴν
737 5033 1078 5108 βεδυσμένην
1097 5037 1334 5110 ἔστησαν
1362 5042 1543 5095 αὐτῶν
1569 5043 1761 5112 ἀκοὴν.
1805 5046 1948 5114 ἱμει-

375 5121 616 5190 ρόμενοι,
664 5127 758 5180 καὶ
802 5129 850 5180 εί
882 5128 1167 5200 δυσμενεῖς
1211 5134 1552 5204 τυγχάνοιεν,
1595 5135 1946 5201 εἰσδέξασθαι

367 5208 434 5262 τὸ
460 5216 612 5286 παρά
637 5217 737 5287 τῆς
774 5220 986 5273 ἐκείνου
1034 5221 1280 5293 γλώττης
1319 5224 1551 5295 ἡδυεπὲς
1591 5227 1942 5299 ἐπιφώνημα.

443 5307 536 5374 ξδ’.
581 5309 639 5364 '0
675 5311 763 5376 δὲ,
799 5314 978 5367 καίτοι
1009 5317 1074 5385 τῇ
1105 5315 1244 5386 νόσῳ
1273 5318 1630 5392 τρυχόμενος,
1664 5321 1803 5391 πρὸς
1843 5323 1944 5376 αύ-

366 5400 496 5461 τοὺς
527 5399 879 5469 ὑποφθάσας,
911 5393 1092 5470 ἔλεξεν
1118 5397 1239 5459 ὧδε·
1273 5406 1369 5470 Τίς
1404 5402 1558 5474 οὗτος
1596 5410 1624 5462 ό
1664 5410 1942 5474 λισέλλους

369 5491 502 5560 ἡμῖν
538 5493 794 5546 ἐπισείων
827 5495 922 5548 καὶ
964 5495 1063 5560 τάς
1091 5496 1216 5550 καθ’
1247 5499 1406 5569 ἡμῶν
1439 5500 1745 5569 ὲναγωγάς,
1771 5505 1942 5558 εἰσδε-

367 5583 635 5666 χόμενος;
705 5587 873 5652 Ποίας
930 5591 1335 5662 πατριαρχικῆς
1390 5593 1654 5664 καθέδρας
1717 5595 1938 5666 εὔχεται

369 5664 513 5725 εἶναι
554 5675 847 5747 πρόεδρος;
880 5679 1044 5743 Ποίας
1079 5683 1444 5753 ποιμαντικῆς
1477 5685 1754 5754 φροντίδος
1787 5664 1938 5740 έπει-

365 5759 646 5850 λημμένος
690 5773 998 5834 κακιονικαῖς
1025 5773 1235 5843 ένοχαῖς
1268 5775 1412 5844 ἡμᾶς
1438 5776 1807 5848 ύποδέδληκεν
1831 5796 1844 5844 ;
1871 5780 1934 5834 El

2057 4609 2331 4669 pastorum
2362 4597 2570 4661 habitu,
2603 4606 2880 4665 pastorum
2918 4592 3149 4664 principi
3181 4589 3500 4646 inconcinne
3547 4588 3633 4641 lo-

2055 4690 2189 4755 cuti,
2222 4699 2275 4743 et
2305 4690 2507 4743 ludicra
2532 4688 2786 4756 quasdam
2835 4687 3089 4740 dentibus
3117 4691 3465 4738 susurrantes
3497 4681 3628 4750 (non

2053 4782 2198 4835 enim
2231 4787 2480 4850 poterant
2527 4779 2829 4847 purissimae
2877 4777 2951 4831 illi
2980 4777 3147 4837 menti
3187 4792 3249 4830 ex
3308 4777 3536 4828 adverso
3561 4773 3628 4824 li-

2051 4869 2198 4924 beris
2249 4868 2422 4924 oculis
2478 4867 2670 4931 obniti,
2725 4874 2817 4919 aut
2847 4866 2896 4919 ei
2948 4865 3124 4935 palam
3190 4862 3357 4932 loqui)
3407 4863 3625 4916 silentio

2051 4960 2377 5030 obtegebant
2403 4974 2514 5013 sua:
2561 4955 2898 5013 confusionis
2927 4958 3207 5024 probrum,
3239 4965 3293 5009 et
3343 4949 3626 5008 obturatas

2049 5051 2400 5124 continebant
2456 5065 2616 5103 aures
2645 5067 2660 5114 ;
2692 5047 2797 5102 etsi
2845 5048 3046 5116 alioqui
3074 5046 3470 5100 iuiensissimos
3506 5044 3626 5096 illos

2048 5141 2314 5197 mellillua:
2357 5141 2550 5210 lingua:
2606 5141 2747 5194 illius
2812 5153 3070 5209 respousa
3123 5137 3388 5203 audiendi,
3426 5134 3622 5204 cupido

2012 5307 2014 5310 ν
2048 5234 2384 5288 incessisset.

2117 5325 2204 5379 64.
2238 5324 2308 5377 At
2346 5331 2604 5394 sanctus,
2643 5335 2952 5390 quanquam
3008 5317 3344 5388 aegritudinis
3387 5316 3438 5369 vi
3463 5323 3617 5368 attri-

2045 5424 2152 5478 tus,
2190 5415 2400 5484 objecta
2451 5414 2738 5483 occupavit
2768 5423 2823 5468 et
2853 5412 2904 5466 in
2947 5413 3090 5476 hunc
3136 5411 3250 5464 fere
3281 5409 3498 5462 modum
3530 5424 3619 5461 ar-

2042 5511 2157 5579 guit
2195 5527 2208 5562 :
2251 5506 2511 5572 Quisnam
2561 5521 2690 5561 vero
2723 5514 2804 5561 est
2837 5508 2925 5574 qui
2978 5504 3135 5560 nobis
3169 5501 3384 5556 libellos
3441 5501 3622 5556 inten-

2042 5600 2175 5655 dens
2235 5600 2436 5654 actoris
2490 5599 2542 5652 in
2604 5615 2704 5653 nos
2766 5607 2950 5666 partes
3011 5594 3277 5664 suscipit?
3321 5592 3617 5662 Cujusnam

2042 5688 2316 5750 Ecclesiae,
2344 5703 2462 5756 qua:
2491 5687 2837 5758 patriarcbali
2871 5685 3130 5756 dignitate
3155 5684 3374 5752 fulgeat,
3406 5699 3615 5754 prmsn-

2041 5770 2143 5834 lem
2204 5797 2262 5836 se
2338 5795 2458 5836 esse
2514 5780 2816 5851 gloriatur?
2871 5779 2986 5845 Qua
3048 5787 3297 5848 suscepta
3357 5775 3618 5848 pastorali
