4158 6348
573 400 675 463 123

1567 394 1631 459 s.
1669 391 2090 454 NICEPIIORI
2126 386 2792 450 mmmam/sep.

3748 380 3856 447 13’.

568 523 724 572 cura,
761 503 1039 561 canonicis
1066 516 1168 559 nos
1207 503 1383 574 plenis
1421 502 1754 570 subjicit?Si
1802 502 1850 557 is
1889 500 2146 570 appellet,

2263 496 2405 567 ότῆς
2428 495 2808 567 πρεσϐυτέρας
2851 493 3070 565 Ῥώμης
3106 492 3489 562 πηδαλιουχῶν
3519 492 3685 558 ὁσίως
3719 495 3854 558 τοὺς

570 599 661 670 qul
690 597 925 652 senioris
958 596 1145 651 Romae
1172 595 1537 668 gubernacula
1585 603 1779 649 sancte
1814 591 2152 655 moderatur,

569 700 769 762 praesto
793 690 1009 757 sum;si
1055 689 1455 744 Alexandrinos
1487 689 1720 743 antistes
1768 686 1932 741 Marci
1985 700 2154 739 evan-

571 783 782 852 gelista:
824 796 1104 837 successor
1145 790 1390 844 accuset,
1457 780 1585 848 quin
1631 788 1885 850 prompte
1932 793 2153 847 sequar,

572 874 707 930 nihil
762 875 1052 940 detrecto;
1097 874 1142 927 si
1206 872 1576 927 Antiochenus
1634 886 1792 925 sacer
1846 881 2040 940 pastor
2100 870 2155 924 in

567 966 831 1034 judicium
879 964 1065 1030 trahit,
1090 964 1464 1017 vadimonium
1504 977 1610 1015 non
1651 961 1947 1025 desero;si
1982 960 2159 1014 deni-

570 1073 696 1123 que,
747 1056 835 1125 qui
879 1054 1383 1125 Hierosolymorum
1422 1054 1608 1108 sedem
1655 1053 2043 1117 administrat,
2090 1052 2159 1106 ad

568 1146 653 1210 ius
699 1146 983 1200 dicendum
1026 1146 1223 1201 adesse
1269 1146 1536 1216 praecipit,
1573 1160 1753 1199 causa
1790 1160 1924 1199 meae
1969 1146 2159 1200 deesse

569 1251 676 1289 non
705 1236 952 1289 videbor.
982 1234 1077 1290 Sin
1098 1244 1279 1290 autem
1312 1235 1422 1304 lupi
1451 1235 1739 1299 immanes,
1776 1250 2007 1305 quorum
2036 1237 2154 1287 ani-

2256 588 2453 652 οίακας
2485 587 2768 653 ἐπικαλεῖ,
2801 584 3119 656 παρέσομαι
3146 600 3162 614 ·
3199 586 3249 638 εί
3280 586 3308 637 ό
3343 586 3445 655 τῆς
3492 586 3853 657 Ἀλεξάνδρου

2258 679 2550 753 ίεροκήρυξ
2581 680 2894 733 ἐπαιτιᾶται
2919 716 2934 741 ,
2966 676 3068 729 οὐκ
3099 674 3410 746 ἀπειθήσας
3451 678 3726 748 ἐφέψομαι
3746 694 3761 709 ·
3795 680 3853 733 εί

2256 774 2286 827 ό
2316 772 2417 841 τῆς
2462 772 2734 841 Ἀντιόχου
2767 768 3089 841 ίεροποίμην
3122 769 3272 822 ἕλκει
3315 771 3453 840 πρὸς
3491 772 3712 842 κρίσιν,
3746 772 3851 827 οὐκ

2259 863 2735 934 ἀπολειφθήσομαι
2755 877 2770 893 ο
2806 863 2855 914 εί
2882 864 2911 915 6
2937 863 3004 914 τὰ
3030 860 3382 931 Ἰεροσόλυμα
3412 859 3615 915 διέπων
3647 863 3727 925 είς
3757 863 3851 915 εὑὸ

2260 958 2425 1029 θύνην
2458 958 2609 1027 ἡμᾶς
2648 956 2989 1026 καταστῆναι
3020 953 3450 1027 προσκέκληται,
3483 955 3584 1008 οὑκ
3621 956 3849 1009 ἀπολεί-

2259 1050 2453 1121 ψομαι.
2482 1050 2543 1101 Ei
2576 1049 2632 1101 δέ
2676 1066 2740 1116 γε
2788 1048 2943 1101 λύκοι
2991 1047 3179 1118 βαρεῖς
3214 1048 3314 1117 τὴν
3339 1047 3577 1117 ποίμνην
3610 1048 3853 1117 ταράξαι

2261 1142 2586 1211 προθέμενοι
2619 1140 2909 1210 προϐάτων
2931 1139 3096 1210 δορὰν
3125 1138 3537 1209 ὑποκρίνονται,
3580 1140 3676 1191 καὶ
3706 1143 3853 1193 κατὰ

2258 1232 2353 1286 τοῦ
2403 1233 2669 1303 Ποιμένος
2710 1230 3029 1302 ὑϐρίζουσι,
3061 1230 3145 1294 τίς
3188 1230 3375 1292 αὐτοῖς
3417 1230 3516 1282 καὶ
3567 1230 3730 1299 μόνον
3769 1232 3853 1293 εἰς

567 1327 672 1379 mis
725 1328 1080 1381 constitutum
1141 1328 1216 1381 sit
1279 1326 1501 1382 turbare
1549 1343 1769 1396 gregem
1845 1326 1947 1381 sub
1998 1326 2157 1379 ovina

2263 1325 2387 1378 θέαν
2428 1324 2601 1378 ἐλθεῖν
2643 1322 3051 1386 κατανεύσειεν,
3080 1320 3163 1386 οἷς
3198 1323 3294 1375 καὶ
3347 1322 3377 1375 6
3409 1321 3553 1384 θεῖος
3591 1321 3852 1376 Ἀπόστο-

567 1416 709 1485 pelle
739 1427 792 1469 et
822 1424 922 1473 suo
969 1417 1232 1472 insultare
1273 1418 1506 1485 pastori,
1531 1415 1654 1486 quis
1690 1419 1742 1471 in
1803 1424 2147 1483 conspectum

2263 1417 2349 1481 λος
2377 1416 2550 1469 τὸτοῦ
2582 1416 2850 1486 κρίματος
2879 1414 3239 1485 ἐπεφόρτισεν
3268 1413 3432 1485 ἄχθος
3457 1414 3603 1484 (20);
3630 1414 3769 1467 Ἀλλ’
3802 1417 3851 1469 εί

568 1507 731 1559 etiam
760 1508 971 1561 illorum
996 1508 1181 1563 venire
1203 1509 1719 1579 sustineat?quibus
1749 1508 1911 1562 etiam
1940 1506 2153 1559 divinus

2266 1509 2384 1571 καὶ,
2425 1506 2568 1560 κατὰ
2604 1507 2695 1561 τὸν
2726 1505 2992 1576 ὑμέτερον
3021 1505 3323 1575 φλήναφον,
3354 1503 3433 1572 τῷ
3450 1504 3560 1556 τῶν
3586 1504 3851 1575 κρατούνο

566 1599 859 1663 Apostolus
887 1614 1050 1667 grave
1091 1599 1273 1669 judicii
1319 1602 1526 1669 pondus
1569 1600 1888 1671 portandum
1937 1597 2157 1652 indixit.

2268 1617 2379 1653 των
2418 1600 2510 1653 καὶ
2547 1600 2702 1669 ὑμῶν
2727 1597 3162 1669 προστεθείημεν
3191 1596 3444 1665 δόγματι,
3470 1595 3562 1648 τὸν
3585 1596 3698 1648 τῶν
3726 1596 3850 1648 καθ’

568 1684 832 1739 Caeterum
860 1686 1045 1757 ﬁngite
1073 1686 1349 1754 me,juxta
1376 1703 1437 1742 ea
1465 1703 1583 1754 quae
1607 1684 1878 1755 nugamini
1909 1682 2160 1751 nulloque

2263 1690 2423 1765 ήμῶν
2451 1692 2710 1746 λιϐἐλλων
2738 1693 2930 1763 μῶμον
2954 1687 3406 1761 ἀποτριψαίμεθα
3428 1704 3442 1719 ⁸
3477 1689 3570 1743 καὶ
3598 1689 3728 1743 ποία
3755 1690 3852 1742 τά·

570 1791 731 1830 sensu
765 1777 1110 1834 deblateratis
1132 1779 1182 1833 in
1210 1779 1545 1848 imperatoris
1578 1787 1920 1845 vestramque
1948 1785 2160 1830 senten-

2268 1782 2349 1848 ξις
2375 1784 2506 1853 ήμίν
2526 1781 3027 1852 ἀπονεμηθήσεται,
3054 1778 3380 1842 ὑπευθύνοις
3394 1778 3571 1843 οὖσιν,
3587 1779 3664 1843 ὥς
3686 1797 3845 1849 φατε,

574 1868 704 1920 tiam
741 1869 988 1923 manibus
1018 1868 1344 1938 pedibusque
1372 1868 1662 1922 concedere
1686 1880 1836 1936 :quaa
1864 1867 2001 1918 ratio
2042 1873 2160 1929 est,

2285 1869 2381 1922 καὶ
2437 1870 2740 1930 κανονικοίς
2785 1868 3082 1921 ἐαλωκόσιν
3133 1867 3475 1937 ἐγκλήμασι;
3531 1868 3629 1927 Τίς
3680 1864 3776 1921 οὖν
3822 1871 3850 1922 6

571 1975 677 2028 qua
714 1959 1047 2027 objectorum
1101 1961 1252 2015 nobis
1287 1958 1583 2015 libellorum
1635 1960 1841 2014 crimen
1878 1957 2157 2025 depulsuri

2267 1960 2576 2032 αὐθημερὸν
2606 1959 2889 2030 καθαιρῶν
2921 1960 3019 2014 καὶ
3061 1959 3279 2026 ἀνάγων
3319 1961 3400 2023 είς
3436 1958 3572 2026 ὕψος
3601 1959 3693 2013 τὸν
3727 1960 3850 2014 οὐδὲ

570 2052 800 2105 sumus?
827 2053 949 2121 quis
999 2052 1153 2106 nobis
1202 2052 1401 2119 gradus
1454 2052 1797 2112 decernetur,
1851 2050 1941 2116 qui
1973 2057 2156 2101 vestra

2263 2053 2412 2107 κάτω
2440 2052 2633 2120 στῆναι
2654 2051 2993 2120 δυνάμενον;
3023 2051 3094 2103 Ἥ
3122 2052 3408 2121 ἀμυήτους
3435 2052 3529 2105 καὶ
3552 2052 3850 2123 ἀνεπιστή·

570 2144 837 2195 sententia
891 2143 966 2196 rei
1000 2151 1160 2209 atque
1202 2142 1419 2197 ohnotii
1454 2141 1808 2197 exsistimns?
1836 2139 1969 2206 Quis
1988 2138 2157 2203 enim,

572 2233 696 2299 quis
738 2233 825 2285 ille
877 2244 957 2286 est
997 2236 1281 2303 potestatis
1325 2245 1506 2299 tantm,
1556 2243 1616 2289 ut
1661 2235 1802 2288 intra
1835 2232 1941 2288 diei
1992 2231 2151 2287 unius

572 2324 855 2391 angustias
887 2323 1193 2393 depositum
1230 2342 1293 2379 ac
1341 2343 1409 2380 ue
1434 2327 1488 2381 in
1517 2325 1705 2379 intimo
1730 2326 1950 2395 quidem
1984 2324 2156 2393 gradu

568 2415 840 2468 valentem
888 2417 1211 2482 consistere,
1255 2418 1480 2471 extollat
1527 2418 1580 2472 in
1616 2417 1978 2486 supremum?
2022 2415 2156 2471 Num

571 2507 737 2559 rudes
781 2506 918 2561 adeo
973 2522 1070 2562 nos
1118 2517 1281 2577 atque
1328 2508 1620 2577 lmperitos
1670 2508 1998 2563 existimatis
2027 2547 2043 2573 ,
2099 2517 2160 2562 ut

570 2596 755 2651 divina
788 2597 908 2665 jura
949 2615 1052 2654 non
1075 2602 1246 2655 simus
1274 2602 1502 2655 scrutati
1521 2602 1544 2653 ἲ
1563 2601 1692 2654 Eam
1713 2615 1844 2655 sane
1869 2612 2048 2654 notam
2066 2614 2160 2655 ne-

572 2689 655 2741 l'as
690 2699 773 2741 est
821 2689 884 2742 iis
916 2691 1212 2754 ascribere,
1239 2691 1329 2759 qui
1378 2693 1670 2745 sncerdotii
1696 2691 1885 2746 infulis
1933 2692 2153 2762 fulgent.

579 2776 782 2847 Nempe
806 2781 871 2833 ad
894 2781 1198 2849 spernenda
1225 2785 1349 2849 jura
1372 2770 1632 2849 proclivis
1666 2799 1876 2853 semper
1907 2784 2156 2854 impietas

574 2878 678 2932 est,
709 2872 871 2941 inque
926 2889 1087 2925 uuam
1129 2884 1443 2941 comparata
1508 2875 2021 2943 transgressionem,
2050 2891 2154 2944 qua

573 2961 674 3015 sibi
706 2964 1072 3031 obsequentes
1112 2964 1165 3017 in
1195 2964 1392 3018 inferni
1448 2965 1700 3033 laqueum
1736 2975 1789 3019 et
1836 2965 2154 3021 barathrum

568 3053 871 3121 pertrahat.
913 3053 1187 3109 Discedite
1209 3068 1339 3123 ergo
1372 3071 1399 3107 a
1431 3056 1607 3120 nobis,
1633 3057 1867 3125 operarii
1895 3056 2157 3124 iniquita-

2266 2160 2434 2214 μονας
2457 2142 2587 2213 περὶ
2611 2144 2709 2213 τὴν
2734 2142 2843 2195 τῶν
2866 2141 3028 2196 θείων
3045 2140 3274 2213 ἔρευναν
3303 2142 3452 2213 ἡμᾶς
3480 2142 3845 2214 ὑπειλήφατες

2263 2234 2528 2306 Τόλμημα
2552 2233 2662 2305 (9|)
2680 2236 2737 2288 ἐν
2754 2238 2865 2297 τοῖς
2884 2235 3201 2306 ίερωμένοις
3230 2228 3339 2287 οἷόν
3372 2235 3488 2289 ἐστι
3512 2235 3682 2305 κρῖμα
3704 2231 3849 2304 λογί-
3873 2300 3889 2315 ε

2263 2326 2484 2391 ζεσθαιο
2576 2326 2716 2379 Ἀλλ’
2754 2325 2922 2389 ὅντως
2952 2325 3088 2390 πρὸς
3132 2326 3231 2397 τὴν
3266 2325 3471 2380 τούτων
3506 2324 3842 2398 παρόρασιν,

2260 2418 2354 2472 καὶ
2404 2416 2543 2489 πρὸς
2580 2416 2750 2486 μόνην
2783 2416 3098 2486 παράϐασιν
3125 2416 3347 2485 ἕτοιμον
3377 2417 3411 2486 ή
3451 2417 3696 2480 ἀσέϐεια,
3722 2417 3840 2479 τοὺς

2258 2508 2395 2579 αὑτῇ
2450 2506 2806 2576 πειθομένους
2852 2509 2932 2569 είς
2983 2506 3110 2578 ᾅδου
3159 2506 3506 2561 καθόλκουσα
3550 2508 3840 2577 πέταυρον.

2271 2600 2641 2671 Ἀποχωρεῖτε
2670 2594 2763 2652 οὖν
2799 2598 2893 2665 ἀφ’
2932 2598 3129 2668 ήμῶν,
3175 2599 3403 2670 ἐργάται
3434 2599 3533 2669 τῆς
3571 2599 3805 2668 ἀνομίας
3828 2615 3844 2629 ⁸

2258 2693 2396 2764 πρὸς
2433 2693 2526 2745 τὸν
2574 2691 2707 2745 ἴδιον
2738 2689 2893 2759 ὑμῶν
2925 2689 3123 2758 ἔμετον
3152 2689 3569 2761 ἀποστράφητε,
3613 2688 3751 2759 πρὸς
3779 2688 3849 2742 τὰ

2258 2785 2358 2854 τῆς
2399 2782 2658 2855 λῃστείας
2688 2782 2841 2851 ὑμῶν
2870 2781 3254 2851 ἀναστράφητε
3310 2781 3576 2851 σπήλαια.
3618 2780 3690 2833 Ού
3737 2779 3849 2850 γὰρ

2259 2876 2520 2945 αἱρήσετε
2563 2873 2691 2936 τοὺς
2731 2871 2825 2924 ἐπὶ
2866 2874 2931 2942 τῇ
2974 2871 3151 2943 πέτρᾳ
3184 2872 3288 2940 τῆς
3341 2871 3508 2942 ὀρθῆς
3552 2870 3850 2939 ὁμολογίας

2258 2965 2350 3017 τὸν
2389 2964 2511 3016 νοῦν
2560 2963 2983 3033 ἀπερείσαντας,
3012 2963 3073 3014 οὐ
3112 2962 3478 3017 καταϐαλεῖτε
3513 2963 3642 3027 τοὺς
3672 2964 3732 3015 ἐν
3769 2963 3852 3033 τῷ

2261 3054 2387 3125 ὕψει
2437 3053 2547 3107 τῶν
2595 3052 2893 3107 συνοδικῶν
2938 3054 3081 3123 ὅρων
3128 3054 3356 3118 ἑαυτοὺς
3402 3055 3846 3125 ἐπιστήσανταςο

570 3143 679 3206 tis;
711 3146 776 3195 ad
819 3143 1103 3213 proprium
1156 3144 1330 3200 redite
1352 3146 1639 3211 vomitum,
1676 3147 1947 3202 latrocinii
1987 3148 2152 3204 vestri

2263 3145 2377 3199 ἀλλ’
2416 3147 2475 3199 ἐν
2513 3146 2640 3216 ὑμῖν
2672 3144 2854 3208 αὑτοίς
2892 3144 3315 3215 συντριϐήσεται
3346 3146 3415 3198 τά
3440 3146 3541 3215 τῆς
3582 3145 3849 3218 αίρέσεως

571 3249 769 3301 specus
815 3235 1101 3301 lustraque
1136 3238 1387 3305 repetite.
1435 3237 1545 3293 Nec
1593 3239 1738 3294 enim
1771 3238 2013 3294 futurum
2044 3248 2151 3302 est,

2263 3236 2520 3307 κύματα,
2572 3236 2845 3307 μηδεμίαν
2900 3239 2967 3308 τῇ
3011 3236 3287 3308 καθολικῇ
3338 3236 3637 3310 Ἐκκλησία
3681 3236 3852 3291 κατά·

573 3335 745 3381 nteos
771 3327 1118 3398 expugnetis,
1149 3328 1317 3396 quiin
1364 3339 1525 3384 rectae
1566 3329 1923 3385 confessionis
1986 3337 2138 3398 petra

2279 3328 2468 3381 κλυσιν
2497 3327 2974 3398 προσπελάσαντα.

573 3416 811 3470 animum
845 3418 1214 3483 ﬁrmaverunt,
1271 3426 1361 3472 aut
1410 3428 1468 3474 ut
1508 3433 1601 3475 eos
1649 3420 2025 3490 prosternatis,
2075 3418 2167 3489 qui
2202 3420 2255 3475 in
2296 3419 2437 3474 celsa
2490 3420 2826 3491 synodalium
2856 3419 3224 3477 definitionum
3266 3419 3480 3490 specula
3509 3428 3621 3475 tuto
3649 3421 3853 3476 consti-

577 3515 793 3573 terunt;
835 3509 925 3561 sed
961 3508 1013 3563 in
1064 3509 1216 3566 vobis
1253 3510 1384 3581 ipsis
1417 3519 1687 3567 tumentes
1714 3513 1936 3567 haeresis
1972 3512 2166 3567 lluctus
2193 3510 2601 3581 confringentur
2633 3552 2649 3580 ,
2691 3511 3006 3583 nullumque
3066 3528 3131 3569 ex
3182 3522 3318 3568 tetra
3367 3512 3622 3568 illuvione
3664 3512 3853 3569 Eccle-

576 3605 672 3658 siae
693 3603 973 3659 catholica:
1010 3604 1299 3660 discrimen
1336 3605 1596 3663 inferent.

649 3692 739 3747 65.
768 3691 893 3747 llaec
921 3694 1004 3747 vir
1025 3694 1213 3751 beatus
1259 3696 1324 3749 ad
1370 3698 1620 3753 homines
1647 3699 1794 3754 omni
1831 3712 1965 3753 sano
1994 3696 2161 3752 desti-

581 3793 729 3840 tutos
751 3798 911 3839 sensu
950 3793 1005 3840 et
1026 3800 1277 3865 proceres
1301 3788 1571 3843 dementia
1598 3789 1791 3858 plenos
1813 3790 2155 3859 prolocutus,

581 3876 873 3945 sequentia
896 3891 1109 3947 quoque
1144 3877 1391 3951 adjungit
1440 3880 1717 3947 prioribus
1747 3898 1761 3935 :
1787 3879 2050 3945 Tametsi,
2078 3878 2162 3934 in-

579 3967 719 4035 quit,
747 3978 930 4022 nostra
976 3969 1089 4024 haec
1121 3974 1282 4026 sedes
1322 3982 1542 4042 pastore
1587 3972 1802 4028 viduata
1853 3973 1936 4028 sic
1992 3980 2161 4036 esset,

579 4067 639 4113 ut
703 4057 880 4114 nullus
923 4060 973 4115 ei
1017 4077 1205 4116 curam
1268 4063 1656 4133 impenderet,
1726 4072 1909 4119 tamen
1962 4079 2032 4118 ue
2080 4063 2161 4118 sic

578 4149 795 4218 quidem
833 4150 928 4205 ulli
967 4151 1158 4208 liceret
1187 4152 1386 4209 docere
1419 4154 1689 4209 fallaciam
1718 4153 1900 4223 specie
1927 4154 2160 4224 quadam

575 4255 717 4294 vana
765 4242 1088 4310 placentem,
1130 4246 1245 4301 sive
1283 4256 1611 4301 conventum
1644 4256 1833 4301 contra
1876 4261 2151 4301 canonum

580 4334 894 4402 praescripta
944 4349 1139 4405 cogere
1193 4347 1355 4405 atque
1400 4351 1468 4390 ex
1502 4337 1682 4390 aliena
1743 4339 2024 4406 provincia
2055 4354 2166 4393 ve-

580 4424 823 4479 nientem
858 4426 990 4480 nihil
1024 4428 1088 4483 ad
1136 4443 1195 4481 se
1237 4438 1550 4495 spectantes
1592 4430 1855 4485 terminos
1891 4430 2031 4501 juris
2083 4432 2166 4485 di-

580 4514 736 4567 cendi
769 4531 931 4569 causa
959 4518 1236 4572 invadere.
1261 4516 1394 4571 Cum
1440 4532 1573 4571 vero
1610 4522 1845 4589 pastoris
1872 4521 1955 4575 sui
1988 4521 2163 4577 adhuc

580 4608 869 4672 praesentia
927 4608 1224 4678 glorietur,
1283 4623 1382 4663 nec
1444 4582 1625 4675 desit,
1673 4612 1765 4680 qui
1826 4613 2035 4668 utiliter
2083 4582 2239 4667 illi”

579 4697 929 4768 legitimoque
976 4701 1295 4768 praesideat;
1328 4717 1448 4770 quae
1491 4717 1589 4757 vos
1626 4704 1766 4758 ratio
1809 4719 1838 4758 a
1887 4707 2164 4761 canonica}

581 4787 943 4845 districtionis
988 4791 1285 4847 severitate
1314 4793 1541 4857 eximat,
1570 4794 1660 4865 q'ui
1685 4811 1852 4868 super
1874 4815 2067 4853 aurum
2106 4807 2162 4855 et

580 4890 891 4949 argentum,
918 4897 1187 4952 superque
1236 4883 1446 4953 lapides
1483 4888 1751 4956 pretiosos
1777 4931 1791 4954 ,
1842 4905 2006 4959 super
2033 4891 2158 4945 lun-

581 4969 921 5035 dametttum,
962 4971 1208 5039 inquam,
1252 4974 1618 5042 apostolorum
1661 4978 1995 5050 Petrumque
2047 4981 2159 5036 elo-

588 5061 733 5128 quiis
795 5062 946 5117 varie
978 5074 1326 5127 exornatum,
1377 5063 1600 5136 lignum,
1646 5066 1852 5136 fenum,
1907 5072 2161 5142 stipulam

582 5167 854 5221 perversae
890 5152 1014 5207 lidei
1046 5167 1488 5223 supr-rexstruere
1520 5163 1741 5218 tentatis
1784 5181 1798 5217 :
1832 5172 1889 5218 ut
1929 5164 2012 5219 vel
2043 5166 2163 5220 ideo

581 5244 757 5297 solum
792 5260 890 5311 par
912 5244 1154 5298 videatur
1170 5246 1319 5316 juxta
1336 5265 1524 5307 sacros
1543 5267 1783 5310 canones
1803 5254 1985 5309 violati
2016 5256 2162 5324 ipso-

585 5348 702 5386 rum
732 5331 873 5400 juris
924 5347 1045 5387 reos
1086 5351 1175 5390 vos
1220 5339 1403 5408 peragi
1455 5342 1547 5411 qui
1578 5352 1766 5397 contra
1809 5344 1943 5399 adeo
1986 5345 2163 5401 claras

585 5438 651 5478 ac
688 5420 1006 5478 manifestas
1038 5428 1288 5496 pugnatis
1331 5438 1387 5483 et
1433 5430 1689 5496 insanitis
1735 5430 1901 5500 leges,
1925 5446 2165 5503 congrue

661 5556 776 5637 (εο)
812 5559 1116 5637 llespieitur
1154 5566 1220 5618 ad
1271 5566 1399 5623 illud
1430 5567 1475 5622 ll
1507 5566 1656 5623 Petr.
1686 5581 1746 5636 ll,
1774 5569 1843 5624 5:
1873 5569 2060 5637 quibus
2089 5587 2177 5634 ιιι-

590 5628 786 5683 dicium
813 5628 936 5690 jam'
957 5632 1079 5686 olim
1113 5651 1212 5688 uou
1243 5649 1430 5690 cessat.

666 5697 776 5775 (il)
808 5697 903 5756 Ms.
934 5702 995 5755 τὸ
1028 5704 1103 5774 μή
1124 5720 1138 5735 ο
1173 5708 1314 5772 quod
1340 5706 1524 5760 nescio
1550 5721 1710 5775 quem
1735 5722 1953 5762 sensum
1984 5710 2163 5767 facere

597 5771 802 5840 possit:
829 5771 1053 5843 suppleo
1085 5771 1248 5844 igitur
1281 5778 1424 5843 quod
1456 5771 1729 5833 excidisse
1757 5778 2156 5836 lihrariovide-

2336 3696 2429 3764 Es’.
2461 3695 2647 3750 Ταῦτα
2674 3697 2812 3768 πρὸς
2831 3698 2960 3761 τοὺς
2993 3698 3182 3760 κενοὺς
3211 3697 3311 3768 μὲν
3337 3697 3551 3769 φρενῶν
3575 3740 3589 3765 ,
3620 3697 3854 3770 πλήρεις

2263 3789 2322 3844 δέ
2359 3789 2677 3861 ἀφροσύνης
2729 3789 3068 3859 δυναμένους
3094 3830 3109 3855 ,
3141 3787 3432 3852 διεξελθὼν
3471 3791 3500 3842 6
3550 3791 3848 3861 μακάριος,

2265 3883 2578 3956 προσετίθει
2608 3884 2704 3937 καὶ
2732 3883 2897 3938 αὑτά⁶
2924 3883 2987 3935 El
3013 3883 3113 3952 μὲν
3143 3883 3353 3953 ἐρημίᾳ⁸
3390 3868 3650 3953 ποιμένος
3677 3883 3850 3952 ἀπρο-

2268 3975 2607 4046 μνήστευτος
2638 3975 2666 4027 6
2712 3972 2901 4046 θρόνος
2940 3972 3141 4026 οὑτωσὶ
3188 3973 3621 4037 καταλέλειπτο,
3674 3974 3851 4027 οὐδενὶ

2265 4065 2375 4120 τῶν
2418 4066 2637 4121 πάντων
2672 4066 2801 4136 ἐξῆν
2850 4065 3211 4137 εὐπρόσωπον
3249 4067 3493 4138 σόφισμα
3548 4068 3851 4135 παραδιδά-

2272 4173 2459 4223 σκειν,
2498 4158 2531 4228 ἢ
2570 4157 3009 4229 παρασυνάγειν,
3058 4160 3154 4211 καὶ
3193 4158 3255 4223 ἐξ
3303 4158 3606 4230 ἀλλοδαπῆς
3651 4162 3744 4213 ἐπὶ
3784 4160 3853 4214 τὰ

2268 4249 2345 4319 μὴ
2384 4249 2737 4319 προσήκοντα
2780 4247 2930 4318 αὑτῷ
2978 4247 3342 4317 μετέρχεσθαι
3381 4251 3507 4320 ὅρια
3532 4250 3853 4319 ’ἐπειδὴδὲ

2266 4343 2360 4396 καὶ
2390 4342 2670 4413 παρουσίᾳ
2688 4341 2951 4411 ποιμένος
2979 4341 3338 4411 μεγαλαυχεί,
3365 4344 3458 4396 καὶ
3489 4342 3585 4396 τοῦ
3615 4360 3852 4414 προστα-

2264 4434 2487 4497 τοῦντος
2507 4434 2701 4498 αίσίως
2726 4435 2785 4487 ού
2814 4434 3198 4505 διαμαρτάνει,
3233 4435 3319 4498 τίς
3351 4434 3495 4505 ὑμᾶς
3524 4435 3623 4504 τῆς
3653 4439 3715 4489 ἐκ
3748 4435 3853 4487 τῶν

2266 4526 2509 4580 κανόνων
2539 4524 2823 4595 ἐπιτιμίας
2852 4524 3204 4596 ἐξαιρήσεται
3232 4524 3390 4593 λόγος
3410 4565 3424 4587 ,
3449 4526 3541 4578 ἐπὶ
3572 4543 3853 4596 κεχρυσωο

2267 4617 2415 4688 μένῳ
2442 4617 2539 4670 καὶ
2589 4616 2973 4686 ῆργυρωμένῳ
3000 4616 3094 4668 καὶ
3151 4615 3354 4684 τιμίοις
3385 4614 3552 4679 λίθοις
3572 4656 3585 4678 ,
3620 4617 3851 4668 ἀποστο-

2261 4709 2435 4772 λικοῖς
2467 4710 2563 4763 καὶ
2598 4707 2914 4779 [ἰατρικοῖς.
2949 4708 3114 4776 φημὶ,
3139 4705 3365 4774 λογίοις,
3407 4707 3641 4777 θεμελίῳ
3657 4724 3851 4759 πεποι-

2261 4801 2505 4873 κιλμένῳ
2526 4843 2540 4867 ,
2570 4800 2778 4871 ξυλώδη
2825 4800 2919 4852 καὶ
2953 4796 3202 4869 χορτώδη
3234 4800 3328 4852 καὶ
3358 4801 3670 4871 καλαμίνην
3701 4796 3872 4859 ὲποι-,’

2260 4894 2511 4965 κοδομείν
2565 4890 2929 4947 κακοπιστίαν
2973 4890 3283 4955 ἐθέλονταςς
3314 4890 3477 4944 ’Ὥστε
3518 4892 3728 4946 δίκαιον
3783 4892 3850 4945 ἂν

2258 4987 2342 5057 εἴη
2368 4985 2462 5039 καὶ
2489 4985 2661 5055 αὑτῆς
2684 4984 2784 5055 τῆς
2809 4982 2918 5037 τῶν
2949 4983 3111 5055 ἱερῶν
3139 4982 3382 5036 κανόνων
3403 4982 3694 5054 ἀκριϐείας
3724 4985 3855 5036 ὑπο·

2268 5075 2454 5139 δίκους
2490 5075 2632 5146 ὑμᾶς
2675 5074 2991 5143 ἀποφῆναι,
3029 5073 3173 5126 οὕτω
3213 5073 3352 5144 πρὸς
3387 5074 3455 5127 τὰ
3501 5072 3708 5142 ἐναργῆ
3762 5073 3855 5125 καὶ

2268 5163 2407 5231 δῆλα
2459 5164 2791 5235 μαχομένοις
2842 5164 2943 5217 καὶ
3004 5163 3425 5235 ἀνοηταίνουσι,
3487 5166 3585 5218 καὶ
3634 5164 3857 5234 δεσμοῖς

2269 5254 2457 5320 ἀϊδίοις
2478 5254 2773 5308 ὑποϐαλεῖν
2797 5253 3188 5325 εὐκαιρότατα.
3236 5253 3342 5307 Τὸν
3376 5250 3470 5308 οὖν
3498 5254 3701 5309 κανόνα
3730 5253 3855 5307 τού-

2268 5362 2381 5410 τοις
2406 5346 2773 5415 ὑπαναγνοῦς,
2800 5346 2896 5400 καὶ
2926 5346 3305 5418 καθαιρέσεως
3341 5347 3670 5418 κατακρίσει
3699 5362 3859 5417 περι-

2264 5438 2321 5491 δε
2334 5440 2577 5511 σμήσας,
2613 5437 2718 5505 ἔξω
2750 5438 2844 5492 τοῦ
2876 5438 3025 5493 θείου
3068 5439 3356 5512 περιϐόλου
3393 5440 3653 5509 γενέσθαι
3679 5455 3852 5509 προσ-

2278 5585 2389 5641 tur,
2431 5587 2487 5633 et
2533 5578 2788 5649 τόλμημα
2836 5578 2909 5649 ἐν-
2951 5577 3135 5648 legens
3185 5580 3593 5649 huncisensum
3647 5576 3858 5649 reddo:

2284 5667 2301 5697 ι
2346 5651 2530 5719 Audax
2583 5646 2845 5704 adversus
2893 5646 3025 5719 Deo‘
3046 5660 3290 5706 sacratos
3334 5648 3580 5713 facinus,
3623 5646 3862 5719 qualiter

2277 5726 2448 5788 potest
2478 5717 2738 5787 judicium
2769 5718 2908 5774 dici?
2941 5740 2956 5770 ι
3642 5717 3653 5719 '
3740 5752 3743 5755 -
