4158 6348
583 405 681 470 127

1572 406 1630 466 S.
1676 404 2094 465 NICEPHORI
2132 400 2640 463 PATRIARCHE
2680 400 2790 458 CP.

3718 382 3844 461 128

582 515 832 569 standum
865 513 1021 567 erat?
1046 511 1293 580 Quandiu
1312 512 1639 568 multitudini
1667 513 2036 583 periculorum
2062 513 2145 565 in-

2275 511 2303 562 τί
2327 509 2795 582 διαπρὰττεσθαι;
2827 506 3004 577 Μέχρι
3024 506 3169 570 ⁴τίνος
3196 508 3261 577 τῇ
3284 496 3539 578 δαψιλείᾳ
3569 507 3679 561 τῶν
3712 507 3849 562 δνσ-

586 605 876 659 natandum
906 605 984 660 sic
1013 614 1071 659 nt
1100 620 1208 661 non
1257 615 1611 675 mergeretur,
1639 620 1746 660 non
1781 605 2001 660 cederet
2052 620 2151 658 ne-

585 696 771 765 quitize
822 698 1099 765 temporis,
1142 711 1247 750 non
1293 695 1462 765 pejori
1497 696 1777 765 potestati,
1801 710 2031 764 eamque
2068 708 2157 751 se-

587 783 878 851 quentibus
911 783 1084 836 locum
1137 783 1323 836 daret?
1356 783 1636 849 Quomodo
1692 798 1892 839 cavere
1944 791 2158 854 poterat

589 880 651 923 ut
704 886 808 925 non
860 871 1171 926 laberentur
1234 871 1289 926 in
1336 883 1640 942 peccatum,
1690 875 1834 943 quod
1897 874 2159 928 adversus

587 960 766 1030 ipsum
801 962 1121 1029 patrabant?
1151 959 1286 1015 Nam
1338 977 1405 1017 ne
1438 977 1530 1016 eos
1555 962 1774 1031 quidem
1806 977 1836 1016 a
1873 977 1968 1016 sua
2001 962 2158 1016 abdi-

589 1051 744 1106 rabat
770 1068 918 1118 cura,
956 1055 1043 1122 qui
1080 1045 1429 1109 lacessebant
1463 1052 1681 1122 injuriis
1736 1066 1997 1122 eumque'
2035 1068 2161 1123 per-

592 1145 982 1211 sequebantur,
1041 1144 1246 1214 pietate
1301 1143 1506 1198 Christi
1552 1144 1873 1214 discipulum
1917 1143 2157 1198 imitans.

585 1232 702 1287 Non
745 1234 825 1288 sic
861 1243 1041 1288 autem
1098 1235 1197 1300 illi,
1265 1250 1499 1304 quorum
1556 1250 1724 1287 unum
1766 1235 1871 1288 hoc
1922 1234 2158 1287 studium

587 1333 705 1377 erat
733 1333 894 1392 atque
936 1340 1122 1396 opera,
1157 1337 1214 1381 ut
1274 1326 1555 1383 beneﬂciis
1603 1325 1736 1381 solis
1783 1334 1996 1380 certare
2047 1334 2161 1379 stu-

589 1415 804 1468 dentem
853 1415 1066 1470 insidiis
1115 1425 1455 1484 appeterent.
1510 1414 1617 1469 Nec
1663 1416 1806 1469 enim
1861 1416 2038 1468 inania
2104 1413 2156 1467 in

589 1518 710 1556 eum
740 1505 1010 1570 meditari,
1038 1516 1351 1575 mortesque
1401 1507 1668 1559 intentare
1700 1505 1976 1558 desierunt
2009 1504 2160 1572 prius

590 1609 753 1662 quam
797 1604 952 1649 extra
1014 1606 1227 1664 portam
1267 1594 1585 1666 (Eeclesiam
1648 1596 1872 1661 scilicet)
1929 1593 2157 1661 ejectum

591 1685 1102 1757 occitlerent,juxta
1160 1687 1370 1743 Domini
1416 1686 1724 1756 parabolsm
1769 1685 1910 1740 illam
1962 1687 2158 1740 unani-

592 1777 757 1832 ntiter
818 1780 1102 1834 dicentes:
1147 1778 1324 1835 Venite
1371 1779 1668 1832 occidamus
1702 1793 1843 1841 eum,
1892 1786 1940 1830 et
1990 1777 2159 1847 possis

594 1868 813 1923 deanam
859 1870 1212 1925 hereditatem
1252 1870 1366 1939 ejus
1391 1869 1456 1923 ¹⁸.
1478 1870 1608 1923 Cum
1648 1868 1833 1938 itaque
1885 1869 2160 1923 illumina-
2189 1850 2232 1905 Β

596 1957 820 2011 tissimus
850 1960 1044 2013 mentis
1083 1959 1251 2023 radio,
1285 1959 1369 2013 cui
1395 1958 1692 2027 prophetici
1731 1958 1935 2028 aliquid
1961 1956 2169 2013 amatus

594 2047 798 2102 inesset
846 2048 915 2103 ad
963 2048 1655 2118 anterioraprospicienda,
1702 2048 1918 2104 illorum
1961 2049 2028 2101 ad
2054 2063 2170 2103 sce-

486 2154 507 2167 σ
595 2135 680 2190 lus
724 2149 1055 2193 exrmcatum
1106 2149 1269 2210 atque
1320 2140 1373 2193 in
1422 2140 1624 2195 caedent
1664 2140 1947 2195 incitatum
1980 2140 2169 2207 depre-

593 2226 858 2280 henderet
889 2228 1149 2295 animum,
1186 2229 1237 2282 in
1268 2230 1383 2284 haec
1414 2229 1576 2284 verba
1605 2230 1916 2298 imperatori
1946 2229 2165 2284 scribit:

663 2314 751 2370 68.
782 2318 1041 2385 Exposcit
1095 2329 1331 2389 tempus,
1360 2330 1420 2375 ut
1471 2320 1750 2376 humilitas
1813 2331 2020 2387 nostra,
2052 2335 2171 2390 quae

594 2408 649 2462 in
693 2409 831 2463 hanc
861 2411 1240 2469 necessitatem
1273 2421 1436 2481 atque
1474 2413 1898 2469 invaletudinem
1930 2413 2170 2478 devenit,

594 2499 664 2554 ad
696 2499 824 2566 justi
878 2484 1122 2559 tenacem
1155 2506 1491 2573 majestatem
1519 2515 1752 2560 vestram
1802 2506 1916 2560 haec
1954 2505 2167 2561 referat.

597 2587 868 2645 llactcnus
892 2607 988 2662 pro
1010 2593 1153 2648 virili
1181 2602 1368 2649 nostra
1396 2593 1652 2649 facultate
1687 2595 1897 2650 tuendae
1930 2596 2172 2651 veritatis

599 2695 661 2733 ac
691 2681 907 2749 pietatis
947 2697 1106 2738 causa
1161 2683 1586 2748 decertavimus,
1608 2699 1784 2754 neque
1830 2700 2017 2741 eorum
2055 2702 2172 2756 qua:

598 2773 771 2826 noswi
830 2775 1069 2831 muneris
1122 2784 1281 2830 erant
1331 2775 1626 2846 quidquam
1664 2776 1907 2833 videmur
1958 2778 2172 2833 subtra-

598 2863 764 2927 xisse,
799 2874 1156 2934 procurantes
1186 2874 1244 2920 ut
1275 2860 1449 2934 netjue
1469 2867 1773 2936 petentibus
1810 2868 2174 2923 defueritser-

604 2952 779 3005 monis
802 2953 1118 3009 conferendi
1151 2953 1406 3022 facultas,
1437 2969 1611 3024 neque
1634 2955 1879 3012 doctrina
1909 2956 2175 3027 recipien-

603 3044 767 3100 tibus.
820 3044 1114 3115 Postquam
1171 3060 1300 3100 vero
1357 3060 1423 3101 eo
1481 3047 1699 3103 nomine
1768 3048 2173 3105 tribulationem

600 3150 817 3189 omnem
836 3147 890 3191 et
919 3136 1225 3206 angustiam
1245 3136 1716 3208 amictionemque,
1739 3140 2038 3206 infamiam,
2057 3155 2176 3194 car-

602 3245 777 3292 ceres,
809 3228 1255 3298 proscriptiones,
1285 3229 1656 3285 famulantiutn
1685 3234 1851 3287 etiam
1900 3230 2173 3300 jacturam

604 3320 949 3389 pertulimus,
982 3333 1048 3373 eo
1080 3319 1290 3375 tandem
1322 3331 1686 3390 proruperunt
1711 3321 1957 3392 quidam,
1995 3322 2085 3392 qui
2118 3335 2178 3376 se

602 3421 890 3477 episcopos
922 3405 1133 3475 dicunt,
1167 3418 1222 3464 ut
1275 3406 1529 3477 majorem
1574 3411 1855 3481 prioribus
1899 3420 2179 3466 contume-

605 3495 732 3547 liam
758 3496 913 3550 nobis
944 3496 1243 3566 probraque
1274 3499 1602 3569 irrogarent,
1627 3514 1748 3553 cum
1781 3500 1923 3567 vulgi
1947 3499 2180 3554 circum-

610 3584 820 3655 foranei
877 3586 1027 3640 turba
1064 3587 1364 3657 gladiisque
1417 3603 1480 3643 ac
1523 3589 1685 3659 lignis
1732 3589 1997 3644 instructa
2042 3589 2176 3646 olfe-

608 3685 793 3731 rentcs
820 3691 877 3730 se
906 3678 1075 3734 nobis.
1107 3680 1282 3747 Atque
1311 3680 1384 3733 illi
1420 3680 1661 3749 quidem,
1693 3679 1934 3749 cujusvis
1963 3682 2180 3751 generis

610 3767 854 3821 convicia
880 3766 1213 3838 injuriasque
1237 3768 1580 3838 impudenter
1609 3768 2077 3840 inverecundeque
2126 3772 2180 3826 in

609 3869 709 3911 nos
749 3856 1123 3926 jactaverunt;
1165 3874 1341 3929 neque
1374 3858 1471 3912 Dei
1523 3859 1773 3914 timorem
1815 3861 2182 3930 concipientes

608 3948 807 4012 animo,
844 3964 942 4004 nec
985 3950 1093 4003 ulla
1131 3952 1277 4005 ducti
1312 3951 1612 4004 reverentia
1646 3965 1773 4021 erga
1813 3966 1966 4006 suum
2012 3968 2181 4022 quon-

608 4040 728 4092 dam
763 4041 1072 4109 pracsulem,
1118 4055 1352 4112 eumque
1375 4051 1614 4097 extrema
1664 4044 2068 4099 decumbentem
2090 4057 2184 4097 va-

610 4130 883 4196 letudine,
941 4148 1006 4187 ac
1055 4133 1172 4187 solo
1222 4133 1516 4202 languente
1554 4133 1749 4202 spiritu
1799 4134 2181 4204 superstitem;

609 4223 760 4277 turba
814 4239 963 4286 vero,
993 4239 1113 4292 quae
1168 4224 1291 4279 illos
1347 4224 1742 4291 comitabatur,
1776 4234 1888 4279 tum
1939 4241 2023 4280 me
2072 4235 2183 4279 tum

608 4315 945 4370 decessoretn
970 4316 1268 4369 antistitem
1325 4315 1459 4369 diris
1483 4316 1697 4371 devovit
1726 4338 1739 4372 :
1761 4319 1899 4385 quod
1922 4317 2186 4371 ambobus

608 4405 899 4487 gloriosum
931 4416 1016 4460 est
1042 4415 1098 4460 et
1131 4407 1297 4461 decus
1326 4406 1636 4485 maximum.
1666 4407 1840 4477 Super
1863 4410 1979 4463 haec
2006 4402 2185 4461 autem

2254 601 2432 674 χερῶν
2476 600 2856 673 ἐπινήχεσθαι,
2912 599 3009 653 καὶ
3052 599 3153 652 οὐκ
3181 598 3482 667 ἐνδιδόναι,
3521 600 3584 653 οὐ
3624 599 3704 672 τῷ
3743 617 3847 655 πο-

2254 693 2405 766 νηρῷ
2436 692 2616 763 καιρῷ
2648 690 3086 761 παραχωρῆσαι,
3111 688 3173 741 οὐ
3203 691 3270 759 τῇ
3305 689 3652 763 πονηροτέρᾳ
3682 690 3843 758 ἐξου-

2257 787 2349 857 σία
2370 826 2384 848 ,
2423 786 2517 838 καὶ
2550 786 2664 848 τοῖς
2700 784 2901 854 ταύτην
2934 783 3132 850 ἄγουσι
3165 780 3352 835 δοῦναι
3381 781 3577 849 τόπον,
3609 783 3687 847 ὡς
3719 783 3797 856 μὴ
3819 823 3839 852 ,

2254 878 2381 945 τόγε
2409 879 2489 939 είς
2523 875 2683 930 αὐτὸν
2709 871 2875 946 ἧκον,
2906 874 3153 945 ἁμαρτίᾳ
3186 875 3549 942 περιπεσεῖν;
3586 875 3698 927 Καὶ
3733 875 3846 943 γὰρ

2259 967 2398 1038 ὑπὲρ
2429 965 2538 1019 τῶν
2576 963 2992 1035 ἐπηρεαζόντων
3038 963 3133 1015 καὶ
3172 961 3479 1015 διωκόντων
3517 962 3836 1043 ἐφρόντιζε,

2257 1058 2348 1110 τ’,ν
2377 1056 2698 1111 διδάσκαλον
2731 1054 2969 1125 Χριστὸν
2998 1055 3057 1106 ἐν
3082 1051 3258 1122 τούτῳ
3287 1053 3653 1123 μιμούμενος.
3697 1054 3841 1107 Ἀλλ’

2256 1148 2355 1200 οὐκ
2385 1149 2582 1200 ἐκεῖνοι
2602 1145 2833 1199 τοιοῦτοί
2869 1144 3056 1204 ποθεν,
3081 1144 3200 1211 οἶγε
3226 1144 3369 1197 κατὰ
3398 1144 3494 1198 τοῦ
3528 1145 3842 1215 εὐεργετεῖν

2257 1236 2599 1308 πειρωμένου
2633 1237 3006 1306 ἐπιτιθέμενοι
3039 1236 3280 1306 σπουδὴν
3313 1235 3725 1293 ἀπεδείκνυντο.
3763 1242 3841 1295 Οὐ

2255 1330 2365 1400 γὰρ
2399 1329 2727 1398 καθυφῆκαν
2759 1328 2880 1381 κατ’
2914 1326 3081 1380 αὐτοῦ
3121 1328 3253 1380 κενὰ
3298 1325 3534 1397 μελετᾷν
3558 1368 3570 1390 ,
3612 1330 3707 1382 καὶ
3746 1328 3844 1383 θα-

2257 1422 2450 1484 νάτους
2495 1419 2839 1482 ἐπαπειλεῖν,
2879 1417 2993 1470 ἔσθ’
3031 1418 3120 1471 ὅτε
3183 1417 3284 1486 τῆς
3339 1418 3517 1488 πύλης
3560 1418 3666 1484 ἔξω
3704 1420 3842 1490 (τῆς

2270 1510 2599 1579 Ἐκκλησίας
2625 1507 2807 1579 φημὶ)
2845 1505 3049 1573 ἐξῶσαι
3079 1506 3172 1558 καὶ
3209 1506 3602 1559 ἀποκτιννύναι
3633 1508 3841 1576 ὁμοθυ-

2261 1600 2430 1670 μαδὸν
2451 1640 2464 1663 ,
2509 1601 2629 1652 κατ’
2662 1598 2874 1666 ἐκείνην
2899 1598 2992 1649 καὶ
3029 1595 3186 1649 αὐτοὶ
3213 1596 3313 1664 τήν
3346 1596 3634 1666 Κυριακὴν
3661 1614 3842 1667 παρα-

2261 1687 2425 1761 ϐολὴν
2455 1690 2706 1759 λέγοντες
2725 1730 2741 1753 ,
2772 1688 2967 1752 Δεῦτε,
3002 1689 3450 1755 ἀποκτείνωμεν
3500 1687 3710 1751 αὐτὸν,
3742 1690 3839 1740 καί

2261 1782 2656 1850 κατάσχωμεν
2669 1780 2785 1847 τὴν
2800 1780 3210 1847 κληρονομίαν
3227 1776 3606 1832 αὐτοῦ.Ὀθεν
3622 1777 3699 1847 τῷ
3713 1778 3842 1831 ἀθα-

2267 1869 2423 1940 λώτῳ
2446 1869 2526 1924 νοῒ
2552 1869 2886 1941 προφητικός
2913 1886 2998 1933 τις
3025 1869 3103 1921 ὢν
3140 1869 3233 1921 καὶ
3263 1867 3478 1937 βλέπων
3503 1867 3573 1920 τὰ
3597 1869 3843 1939 ἐμπροσ-

2270 1958 2390 2025 θεν,
2427 1960 2522 2031 τὴν
2562 1960 2985 2030 πεπωρωμένην
3040 1957 3224 2011 αὐτῶν
3261 1956 3490 2026 καρδίαν
3532 1956 3676 2027 δρῶν
3706 1957 3842 2029 πρὸς

2270 2050 2479 2121 αἵματα
2517 2049 2702 2103 λοιπὸν
2756 2040 3175 2101 ἀποϐλέπουσαν
3198 2085 3213 2112 ,
3245 2046 3549 2100 ἐπιστέλλει
3591 2045 3669 2118 τῷ
3704 2063 3845 2118 κρα-

2270 2140 2450 2195 τοῦντι
2474 2140 2561 2195 διὰ
2586 2140 2787 2207 λέξεως
2817 2132 2920 2193 ὧδε
2945 2155 2961 2171 θ

2343 2316 2442 2387 ξη¹.
2495 2317 2705 2390 Καιρδς
2750 2317 2973 2371 ἀπαιτεῖ
3019 2316 3120 2390 τὴν
3164 2317 3441 2389 ήμιτέραν
3479 2317 3840 2385 ταπείνωσιν,

2270 2409 2351 2473 είς
2379 2407 2477 2480 τὴν
2508 2409 2831 2481 περίστασιν
2853 2409 3058 2482 ταύτην
3080 2410 3174 2464 καὶ
3197 2407 3297 2480 τὴν
3335 2410 3657 2482 σωματικὴν
3683 2411 3838 2465 ἀσθέ-

2270 2517 2420 2555 νειαν
2471 2500 2767 2567 ἐλθόντας,
2796 2501 2969 2555 ταῦτα
3022 2501 3158 2571 πρὸς
3199 2501 3261 2553 τὸ
3304 2501 3641 2570 φιλοδίκαιον
3689 2499 3840 2571 ὐμῶν

2272 2592 2472 2663 κράτος
2509 2592 2829 2661 ἀναγαγεῖν.
2866 2591 3012 2655 Ἕως
3040 2590 3135 2645 τοῦ
3160 2590 3254 2645 νῦν
3280 2586 3667 2662 ἠγωνισάμεθα
3699 2591 3849 2645 κατὰ

2270 2682 2369 2754 τὴν
2400 2680 2631 2751 δύναμιν
2659 2680 2818 2752 ήμῶν
2852 2680 2994 2750 ὑπὲρ
3016 2679 3117 2748 τῆς
3139 2679 3398 2750 ἀληθείας
3428 2678 3523 2732 καὶ
3548 2678 3651 2748 τῆς
3684 2677 3850 2730 εὐσε-

2272 2772 2426 2836 ϐείας
2450 2789 2464 2802 ο
2500 2774 2616 2839 καὶ,
2656 2772 2732 2834 ὡς
2778 2770 3078 2841 δοκοῦμεν,
3123 2771 3276 2825 οὐδὲν
3313 2770 3694 2839 παρελίπομεν
3739 2768 3850 2822 τῶν

2274 2863 2776 2935 κεχρεωστημένων
2809 2864 2943 2934 ἡμῖν
2964 2904 2978 2927 ,
3021 2862 3159 2933 μήτε
3190 2861 3326 2932 πρὸς
3352 2859 3587 2927 διάλεξιν
3624 2860 3733 2913 τῶν
3766 2861 3854 2912 αξ-

2273 2953 2532 3020 τούντων,
2548 2957 2683 3026 μήτε
2711 2954 2847 3025 πρὸς
2871 2952 3221 3008 διδασκαλίαν
3243 2952 3351 3005 τῶν
3380 2950 3686 3022 δεχομένων
3716 2951 3853 3004 καθ-

2277 3044 2694 3115 υστερήσαντες,
2742 3042 2962 3114 Ἐπειδὴ
3026 3042 3082 3095 δὲ
3117 3041 3205 3096 διὰ
3261 3038 3420 3094 τοῦτο
3456 3043 3639 3095 πᾶσαν
3672 3040 3853 3109 θλίψιν

2277 3134 2375 3189 καὶ
2405 3134 2767 3205 στενοχωρίαν
2786 3135 2880 3187 καὶ
2907 3118 3152 3187 κάκωσιν
3179 3130 3578 3200 ὑπεμείναμεν,
3600 3128 3851 3199 ἀτιμίας,

2278 3224 2554 3293 φυλακὰς,
2595 3224 2908 3296 δημεύσεις,
2952 3223 3060 3277 τῶν
3106 3221 3527 3292 ὑπηρετούντων
3577 3221 3710 3290 ἡμῖν
3749 3219 3853 3288 τὴν

2281 3316 2517 3388 βλάϐην⁶
2551 3318 2613 3370 τὸ
2652 3317 2963 3369 τελευταῖον
2992 3311 3147 3387 ἧλον,
3188 3314 3331 3378 τινὲς
3393 3312 3678 3375 δοκοῦντες
3715 3307 3855 3363 εἶναι

2278 3408 2569 3462 ἐπίσκοποι
2598 3448 2613 3475 ,
2646 3409 2738 3460 καὶ
2774 3406 2995 3460 πλείονα
3042 3405 3153 3459 τῶν
3186 3402 3570 3476 προλαϐόντων
3603 3401 3700 3475 τήν
3736 3402 3857 3456 ἀτι-

2284 3498 2413 3570 μίαν
2462 3500 2593 3570 ήμῖν
2636 3499 2991 3569 προσήγαγον
3013 3538 3028 3563 ,
3073 3497 3467 3568 ἐπιφερόμενοι
3497 3493 3655 3565 δχλον
3687 3494 3861 3563 ἀγυρ-

2278 3590 2423 3660 τώδη
2448 3592 2541 3644 καὶ
2575 3590 2867 3660 δημοτικὸν
2899 3589 3036 3660 μετὰ
3067 3589 3353 3661 μαχαιρῶν
3379 3588 3473 3641 καὶ
3504 3586 3700 3651 ξύλων,
3731 3586 3854 3639 ἐπι-

2283 3686 2577 3755 στήσαντες
2610 3684 2741 3753 ήμῖν
2772 3679 2989 3743 αὐτούς.
3026 3682 3136 3736 Καὶ
3162 3680 3319 3733 αὐτοὶ
3354 3678 3450 3748 μὲν
3486 3679 3666 3731 πᾶσαν
3697 3673 3855 3746 ὓϐριν

2282 3774 2656 3846 ἀναισχύντως
2711 3774 2806 3827 καὶ
2843 3772 3078 3835 ἀναιδῶς
3113 3772 3535 3842 προσήνεγκαν,
3592 3769 3727 3841 μήτε
3764 3766 3858 3821 τὸν

2284 3865 2448 3934 φόϐον
2477 3865 2573 3918 τοῦ
2607 3864 2745 3917 Θεοῦ
2784 3864 2842 3916 ἐν
2904 3862 2979 3933 νῷ
3007 3862 3286 3925 λαϐόντες,
3325 3862 3460 3932 μήτε
3491 3860 3566 3923 ὡς
3597 3857 3861 3930 ἀρχιερια

2284 3958 2461 4012 αὐτῶν
2491 3973 2623 4009 ποτε
2669 3954 2929 4024 γεγονότα
2981 3952 3405 4022 εὐλαϐηθέντες,
3453 3950 3547 4004 καὶ
3593 3949 3771 4002 ταῦτα
3800 3950 3858 4001 ἐν

2285 4050 2491 4120 ἐσχάτῃ
2534 4046 2786 4117 ἀσθενείᾳ
2842 4044 3115 4113 κείμενον,
3168 4044 3263 4096 καὶ
3311 4040 3411 4113 τὴν
3465 4039 3634 4111 πνοὴν
3698 4037 3885 4110 μόνον’

2286 4126 2507 4209 ἔχοντα·
2528 4139 2599 4190 ‘oi
2627 4136 2684 4190 δὲ
2720 4136 2866 4206 δχλοι
2912 4134 3012 4205 ἐμὲ
3038 4151 3097 4187 τε
3127 4133 3337 4187 καὶτὸν
3378 4131 3724 4204 προλαϐόντα
3758 4131 3860 4201 ἀρ·
3954 4194 3981 4209 ς

2287 4227 2478 4299 χιερέα
2530 4229 2641 4290 τοῖς
2677 4225 3015 4296 ἀναθέμασιν
3045 4223 3286 4290 ἔϐαλλον,
3313 4224 3450 4292 ὅπερ
3477 4224 3610 4292 ἡμῖν
3637 4221 3859 4289 γέγονεν

2289 4319 2535 4390 εὐφημία
2564 4318 2659 4372 καὶ
2690 4316 2967 4387 ἐγκώμιον
3002 4316 3279 4386 μέγιστον.
3311 4312 3467 4367 Μετὰ
3492 4311 3662 4365 ταῦτα
3685 4312 3863 4365 πάντα

2290 4411 2360 4465 τὰ
2410 4410 2556 4464 κακὰ
2608 4408 2949 4479 ἠκούσαμεν,
3005 4408 3088 4461 ὅτι
3143 4408 3192 4460 οἱ
3247 4406 3346 4475 τῆς
3376 4402 3634 4473 ἀληθείας
3676 4402 3862 4472 ἐχθροὶ

609 4480 789 4551 omnia
829 4497 971 4551 mala
1006 4505 1154 4551 certa
1185 4478 1423 4567 cognovi
1440 4500 1703 4555 relatione
1727 4500 1973 4554 veritatis
2003 4500 2175 4554 hostes

2275 4477 2481 4572 Ιἕνεδρει
2522 4477 2642 4553 καθ⁴
2681 4499 2838 4570 ἡμῶν
2865 4497 3280 4562 συσκευάζουσι,
3327 4495 3637 4566 βουλόμενοι
3682 4492 3865 4546 ἐπιθέ-

611 4587 872 4641 adversus
911 4600 1009 4640 nos
1037 4586 1265 4642 insidias
1309 4598 1562 4644 struere:
1603 4590 1763 4659 idque
1791 4589 1898 4643 illis
1928 4588 2189 4642 constitu-

615 4684 727 4727 tum
760 4687 901 4737 esse,
928 4682 992 4726 ut
1014 4674 1099 4727 vel
1124 4674 1391 4745 deponant
1426 4677 1506 4732 vel
1532 4678 1648 4732 neci
1680 4678 1894 4732 tradant
1915 4677 2187 4731 violentae.

614 4762 693 4816 Ne
721 4778 850 4833 ergo
893 4762 1073 4817 scelus
1107 4772 1311 4818 tantum
1353 4766 1466 4832 fiat,
1492 4766 1654 4836 inque
1686 4768 2026 4836 majestatetn
2069 4780 2191 4821 ves-

618 4863 756 4906 tram
788 4853 995 4907 crimen
1024 4854 1245 4921 recidat,
1270 4871 1391 4911 cum
1427 4857 1598 4925 major
1632 4856 1778 4911 nulla
1819 4857 1874 4910 in
1914 4870 2012 4911 nos
2065 4871 2187 4925 per-

616 4944 823 4997 secutio
872 4944 1411 5016 excogitaripossit,
1441 4962 1666 5003 necesse
1723 4946 1946 5001 omnino
1993 4955 2078 5002 est
2131 4957 2188 5002 ut

618 5033 956 5102 invitiatque
988 5035 1249 5105 nolentes,
1278 5038 1423 5094 velut
1448 5039 1516 5092 ab
1554 5035 1785 5091 infensis
1826 5036 1980 5092 nobis
2028 5038 2189 5093 hosti-

619 5126 725 5180 bus
778 5130 1205 5196 persecutionem
1257 5132 1429 5201 passi,
1468 5141 1653 5186 nostra
1702 5128 1994 5199 migremus
2040 5132 2188 5196 sede,

620 5216 818 5272 divinis
856 5220 996 5275 circa
1026 5237 1127 5278 nos
1156 5237 1355 5292 resque
1407 5219 1864 5288 nostrasjudiciis
1913 5231 1969 5278 et
2005 5222 2189 5292 dispo-

623 5308 805 5363 sitioni
848 5313 1278 5383 acquiescentes,
1324 5314 1553 5383 ejusque
1599 5312 1918 5383 benignitati
1974 5324 2193 5385 agentes

622 5402 839 5465 gratias.

696 5552 738 5586 “
792 5555 982 5612 Matth.
1012 5556 1239 5623 “1,18.

634 5705 657 5738 ο
692 5689 972 5745 Christum
1003 5689 1319 5758 magistrum
1352 5687 1406 5743 in
1451 5688 1551 5743 hoc
1578 5689 1860 5743 imitatus:
1902 5707 1920 5739 ι
1957 5685 2060 5741 l’t'o
2087 5702 2193 5758 quo

627 5764 809 5815 nescio
837 5757 1391 5829 quomodoicxciderit
1417 5798 1433 5828 ,
1470 5779 1487 5813 ι
1522 5760 1721 5829 pietate
1746 5758 1942 5814 Christi
1972 5757 2206 5827 discipu-

2293 4592 2418 4647 σθαι
2464 4594 2618 4661 ἡμῖν,
2669 4590 2762 4643 καί⁸
2805 4590 2837 4661 ἢ
2874 4588 3156 4659 ἀναίρεσιν
3181 4586 3215 4657 ἢ
3245 4584 3523 4649 κατένεξιν
3559 4584 3741 4655 βιαίαν
3770 4584 3865 4637 καὶ

2292 4683 2586 4754 θανατικὴν
2620 4678 2950 4752 ποιήσασθαι
2979 4682 3059 4743 είς
3095 4679 3263 4749 ήμᾶς.
3299 4676 3394 4731 ”’1ν’
3425 4664 3520 4731 οὗν
3554 4676 3753 4731 ἄτοπον
3788 4675 3863 4746 μὴ

2289 4775 2535 4845 γένηται,
2564 4771 2961 4844 μηδὲ’ἀμαρτία
2983 4767 3273 4841 ἀναδράμῃ
3294 4768 3373 4831 είς
3400 4767 3461 4821 τὸ
3481 4768 3684 4838 κράτος
3710 4765 3865 4835 ὐμῶν

2290 4867 2515 4937 (ἐπειδὴ
2543 4864 2765 4917 πλείονα
2786 4861 3028 4932 διωγμὸν
3049 4860 3403 4937 ἐπινοηθῆναι
3431 4859 3554 4913 καθ’
3586 4857 3744 4929 ήμῶν
3763 4857 3866 4910 οὐκ

2294 4958 2497 5029 ἔστιν),
2522 4958 2747 5019 ἄκοντες
2794 4955 2888 5008 καὶ
2930 4953 3006 5025 μὴ
3053 4952 3389 5023 βουλόμενοι,
3414 4952 3507 5005 καὶ
3543 4948 3866 5018 διωκόμενοι

2294 5050 2400 5103 ὐπὸ
2444 5047 2555 5101 τῶν
2607 5044 3044 5116 ἐπηρεαζόντων,
3077 5040 3289 5111 ἀνάγκη
3348 5042 3499 5095 πᾶσα
3533 5038 3867 5111 μεταστῆναι

2294 5141 2445 5210 ἡμᾶς
2483 5135 2577 5190 τοῦ
2612 5135 2803 5207 θρόνου
2840 5132 3025 5204 ήμῶψ
3056 5132 3151 5185 καὶ
3179 5131 3252 5197 ὡς
3301 5132 3329 5183 ό
3363 5130 3495 5197 Θεὸς
3548 5131 3724 5200 κρινεῖ
3772 5128 3869 5180 καὶ

2296 5228 2644 5299 οἰκονομήσει
2694 5224 2763 5277 τὰ
2790 5223 2915 5277 καθ’
2958 5222 3127 5292 ἡμᾶς,
3175 5220 3477 5291 στέργομεν
3510 5220 3605 5272 καὶ
3636 5218 3868 5287 εὐχαρισ-

2300 5322 2531 5393 στοῦμεν
2554 5321 2621 5390 τῇ
2650 5315 2950 5387 ἀγαθότητι
2975 5313 3163 5367 αὐτοῦ.

2303 5686 2413 5739 lum
2450 5672 2673 5738 imitari.
2714 5701 2732 5733 ι
2777 5681 2928 5749 Quod
2959 5687 3110 5735 esset
3135 5677 3199 5749 ad
3231 5684 3477 5749 sanctum
3506 5674 3865 5743 Stephanum,

2314 5756 2377 5810 de
2416 5771 2518 5824 quo
2556 5754 2727 5809 nullus
2754 5748 2841 5807 hic
2868 5766 3081 5828 sermo,
3114 5748 3476 5805 referenduttt.
