4158 6348
316 366 416 431 129

309 571 608 643 ἐπιστολὴν
639 569 960 638 δεξάμενος,
997 572 1092 625 καὶ
1123 563 1353 642 μανικόν
1380 589 1432 624 τι
1463 573 1557 640 καὶ⁵
1587 572 1897 642 σαρδόνειον

317 663 780 735 περιμειδιάσας,
837 663 932 714 ἐπὶ
961 665 1026 733 τῇ
1069 661 1510 734 προδεικνυμένῃ
1545 663 1633 732 βίᾳ
1672 666 1894 733 προστίο

317 755 440 826 θησι
499 753 803 824 βιαιότερα.
853 752 945 823 Τῷ
989 753 1097 823 γὰρ
1128 752 1448 822 φρουράρχῃ
1496 752 1771 823 πατρικίῳ
1802 752 1895 806 τοῦ

324 845 580 915 θεοφόρου
605 845 821 916 Πατρὸς
849 842 1250 914 στρατιωτικὴν
1293 843 1622 912 ἐγχειρήσας
1666 843 1897 914 ἀπόμοι-

322 955 441 1010 ραν,
476 936 753 1006 μεσούσης
824 935 923 1006 ἤδη
961 935 1176 999 νυκτὸς,
1215 935 1308 988 τὸν
1340 934 1432 987 τοῦ
1467 937 1644 1004 φωτὸς
1690 935 1896 1006 Κυρίου

319 1022 694 1102 [λαμπτῆρα]
716 1023 1124 1095 ἐξοστρακίζειν
1153 1024 1462 1078 ἐκέλευσεν.
1497 1024 1561 1076 Τί
1592 1024 1786 1092 τοῦτο;
1821 1025 1895 1078 Οὐ

310 1118 410 1189 τῆς
423 1116 565 1172 κατὰ
592 1114 825 1188 Χριστὸν
851 1115 1260 1178 ἐπισυστάσεως
1279 1114 1588 1168 διαλλάττει
1615 1116 1677 1168 τὸ
1710 1116 1897 1186 δρᾶμα

310 1210 411 1280 κα).
466 1195 787 1277 σύνταγμαο
852 1205 971 1258 οὖδέ
1016 1205 1126 1276 γὰρ
1179 1205 1284 1272 ἔξω
1325 1206 1516 1270 νυκτὸς
1567 1208 1763 1259 ἐκεῖνοι
1796 1207 1896 1269 τὰς

309 1300 459 1355 κατὰ
496 1297 738 1370 Χριστοῦ
777 1297 938 1369 βολὰς
987 1297 1019 1368 ἢ
1071 1298 1366 1360 ἐπιϐουλὰς
1413 1297 1740 1362 διετίθεσαν,
1801 1300 1894 1350 καὶ

309 1389 460 1448 οὗτοι
485 1392 658 1446 νύκτα
685 1391 984 1460 συνήγορον
1018 1389 1231 1460 ἔχοντες
1263 1390 1351 1441 ἐπ’
1384 1389 1472 1461 ίσῃ
1513 1389 1771 1459 προδοσίᾳ
1801 1388 1894 1442 τοῦ

311 1483 483 1538 καλοῦ
506 1482 775 1570 Ποιμένος
805 1481 1172 1552 ἐλεγχόμενοι.
1229 1480 1286 1531 '0
1309 1480 1365 1532 δὲ
1395 1479 1494 1549 τὴν
1523 1480 1670 1550 ὦραν
1704 1480 1895 1550 ἐληλυ-

310 1576 486 1640 θυῖαν,
517 1577 608 1627 ml.
629 1575 726 1645 τὴν
765 1576 996 1644 σπεῖραν
1033 1573 1123 1626 ἐπ’
1159 1570 1322 1625 αὐτὸν
1352 1570 1595 1640 ἐμπίδων
1615 1571 1771 1639 δίκην
1803 1571 1896 1624 καὶ

309 1668 608 1739 παρνόπων
659 1666 930 1736 ᾁττόντων
990 1661 1288 1734 θεώμενος,
1342 1662 1572 1731 αἰτήσας
1618 1661 1772 1731 φῶτα
1802 1662 1895 1714 καὶ

307 1762 409 1829 τῆς
467 1759 651 1827 κλίνης
701 1758 1030 1821 διαναστὰς,
1090 1754 1399 1826 ὑπερείδειν
1432 1754 1598 1806 αὑτὸν
1647 1753 1730 1805 ἐνὶ
1784 1753 1894 1805 τῶν

309 1850 580 1904 εἰωθότων
609 1850 976 1920 προσέταττεν
1004 1846 1123 1918 (ἔτι
1154 1846 1264 1916 γὰρ
1303 1846 1364 1898 τὸ
1389 1847 1488 1915 τῆς
1518 1845 1675 1897 νόσου
1707 1845 1890 1915 ἤκμα-

310 1941 403 2007 ζεν
430 1941 676 2011 ἄλγημα,
701 1927 704 1930 ’
729 1940 880 2009 καὶὴ
911 1937 1189 1991 διοικοῦσα
1223 1937 1283 1989 τὸ
1322 1936 1479 2006 σῶμα
1522 1937 1756 1989 ὑπέλυεν
1805 1936 1898 1988 δύ-

308 2031 498 2104 ναμις.)
520 2048 532 2060 ·
571 2033 665 2084 καὶ
700 2033 767 2100 τῇ
796 2031 894 2100 μὲν
926 2032 1052 2100 λαιᾷ
1073 2029 1142 2081 τὰ
1167 2029 1266 2098 τῆς
1287 2027 1596 2092 ἀσθενείας,
1635 2027 1710 2090 ὡς
1739 2027 1893 2099 ἔφην,

313 2125 620 2195 ὑπέρειδεν,
660 2127 727 2192 τῇ
767 2123 919 2192 δεξιᾷ
944 2122 998 2172 δὲ
1043 2121 1137 2173 τοῦ
1175 2121 1321 2172 θείου
1368 2121 1773 2190 ἐπειλημμένος
1797 2138 1898 2173 πυ-

317 2218 504 2287 ρείου,
535 2215 635 2277 τὰς
670 2215 777 2266 τῶν
820 2213 983 2284 ἱερῶν
1037 2211 1262 2264 ἐκείνων
1319 2210 1579 2281 ταμιείων
1636 2211 1898 2277 εὐωδίαζε

317 2306 568 2376 δώματα.
601 2305 815 2366 Φοόισας
850 2301 942 2357 οὖν
977 2303 1056 2364 είς
1084 2303 1176 2354 τὸν
1205 2301 1297 2353 τοῦ
1333 2301 1593 2371 μεγίστου
1645 2302 1751 2354 νεὼ
1803 2320 1899 2355 πε-

229 2447 232 2449 .
319 2397 584 2468 ρίπυστον
615 2397 727 2465 (25)
775 2397 1208 2466 κατηχούμενον,
1239 2394 1296 2468 ἐν
1328 2386 1372 2460 ᾧ
1401 2392 1659 2456 πολλάκις
1694 2393 1897 2447 παννύ-

315 2467 438 2556 xor;
477 2486 724 2558 ἐλιπάρει
753 2488 814 2540 τὸ
849 2487 1004 2540 Θεῖον
1049 2467 1361 2551 ἐντεύξεσι,
1410 2486 1556 2538 δυοῖν
1588 2485 1892 2554 λαμπάδοιν

316 2579 537 2650 ὑφῆπτε
581 2579 787 2648 κηρῶν,
830 2575 948 2631 εἷτα
982 2578 1051 2631 τὰ
1083 2578 1142 2630 ἐν
1189 2577 1345 2648 χερσὶ
1381 2576 1601 2646 μεθεὶς,
1632 2576 1892 2648 ἀνωτέρω

309 2685 373 2722 τε
423 2668 533 2722 τῶν
575 2669 870 2740 ὁρωμένων
901 2671 1212 2740 γενόμενος,
1248 2667 1310 2720 τὸ
1340 2668 1440 2738 μὲν
1471 2667 1632 2738 σῶμα
1670 2668 1881 2739 πρηνὲς

309 2761 391 2822 είς
429 2761 534 2830 γῆν
570 2758 915 2826 καταϐαλὼν,
959 2760 1140 2830 ὄρθιον
1178 2759 1235 2812 δὲ
1275 2757 1373 2830 τὴν
1395 2757 1573 2830 ψυχὴν
1607 2759 1892 2822 ἀνατείνας

308 2851 390 2915 τίς
419 2851 645 2921 οὐρανόν
685 2867 700 2882 ο

1833 371 2032 434 νιΤΑ.

380 479 480 547 ξθ⁹.
520 477 842 552 Tad'r'qvﬁ);
875 477 1105 550 πληγὴνξ
1129 479 1367 550 ὑστάτην
1415 480 1442 533 ό
1471 479 1771 552 κοπρόνους
1799 483 1896 554 τὴν
1929 495 1972 551 Α

3477 391 3577 461 130

2077 486 2166 542 69.
2212 486 2323 545 llac
2347 493 2573 562 epistola
2599 509 2698 551 ceu
2734 494 3025 552 novissima
3059 496 3213 569 plaga
3236 510 3458 569 accepta
3496 504 3581 557 in-

2000 579 2412 647 quiuatissimus
2452 585 2540 640 ille
2580 587 2818 652 animus,
2846 586 3221 659 furiosumque
3259 589 3460 659 aliquid
3511 608 3576 646 ac

1999 671 2311 727 sardonium
2361 677 2692 734 subridendo
2742 681 3196 744 immurmurans,
3251 681 3347 746 illi,
3412 697 3574 752 quam

2000 764 2262 820 hactenus
2301 771 2634 838 ostenderat,
2668 772 2937 828 violentia:
2965 773 3280 828 violentiora
3312 775 3574 845 adjnngit.

1998 855 2233 912 Patricio
2258 873 2513 929 namque,
2534 862 2676 917 illius
2707 866 2944 919 carceris
2965 880 3070 934 quo
3088 866 3296 920 divinus
3311 866 3469 920 Pater
3500 880 3580 920 te-

2007 949 2236 1002 nebatur
2253 950 2508 1018 prafecto
2527 953 2618 1023 (ι),
2641 956 2941 1009 contradita
2964 956 3181 1010 militari
3203 973 3385 1020 manu,
3402 958 3574 1011 media

2012 1048 2172 1094 nocte
2201 1040 2496 1096 Dominica:
2536 1043 2673 1098 lucis
2709 1046 2988 1115 pra-cepit,
3021 1056 3079 1099 ut
3117 1047 3287 1099 virum
3326 1058 3573 1100 sanctum

2000 1128 2050 1182 in
2076 1129 2331 1184 exsilium
2383 1133 2718 1200 deportaret.
2744 1135 2855 1189 Cur
2891 1152 3020 1191 vero
3072 1137 3213 1192 istud
3236 1137 3258 1190 τ
3284 1134 3486 1204 Nempe
3520 1147 3578 1192 ut

1999 1219 2176 1275 fabula
2200 1233 2252 1276 et
2287 1223 2618 1278 machinatio
2649 1242 2886 1294 prmsens
2920 1229 2986 1280 ab
3013 1243 3075 1282 ea
3123 1217 3320 1299 quaa'in
3363 1229 3577 1285 Christo

1998 1322 2367 1370 antecesserat
2412 1316 2792 1384 coojuratione
2849 1334 2954 1375 non
3001 1319 3288 1374 dissideret
3323 1339 3336 1373 :
3370 1336 3492 1374 nam
3523 1331 3579 1374 et

1998 1404 2074 1460 illi
2113 1408 2290 1484 noctis
2316 1407 2582 1462 beneficio
2618 1411 2699 1462 usi
2729 1426 2856 1465 suas
2886 1413 2936 1465 in
2968 1411 3242 1466 Christum
3297 1412 3576 1467 machinas

1997 1507 2156 1566 atque
2223 1499 2446 1554 insidias
2503 1502 2918 1569 instruxerunt;
2957 1516 3010 1558 et
3066 1505 3116 1558 hi
3173 1505 3337 1558 simili
3397 1504 3574 1559 noetis

1998 1587 2210 1643 favente
2243 1589 2480 1657 silentio,
2524 1607 2710 1660 parem
2772 1594 2897 1646 boni
2936 1597 3169 1663 pastoris
3212 1595 3573 1663 proditionem

1996 1690 2338 1749 perpetrasse
2369 1693 2692 1740 noscuntur.
2737 1685 2852 1752 Ipse
2897 1701 3059 1752 porro
3113 1687 3301 1740 horam
3362 1686 3574 1738 venisse

1998 1771 2206 1837 videns,
2235 1782 2290 1825 et
2319 1773 2598 1828 cohortem
2653 1775 2885 1829 culicum
2916 1776 3089 1830 instar
3139 1792 3201 1830 ac
3241 1776 3573 1829 locustarum

1922 1863 1963 1918 Β
1993 1861 2299 1916 salientium
2329 1865 2428 1918 sibi
2464 1864 2804 1933 ingruentem
2835 1878 3120 1933 contuens,
3151 1867 3332 1922 lumen
3373 1867 3567 1921 inferri

1997 1951 2180 2020 jussit,
2231 1969 2293 2006 ac
2315 1969 2372 2007 se
2429 1955 2626 2010 lectulo
2683 1957 2918 2025 erigens,
2965 1975 3129 2011 unqu
3180 1973 3211 2012 θ
3263 1959 3576 2013 domesticis

2003 2043 2274 2099 fulciendo
2320 2047 2423 2100 sibi
2466 2062 2687 2116 operam
2742 2049 3090 2108 commodare
3140 2050 3332 2117 jubet:
3363 2051 3576 2116 vigebat

2002 2133 2148 2186 enim
2201 2133 2376 2188 adhuc
2427 2134 2768 2201 :cgritudinis
2831 2137 2985 2189 dolor
3017 2177 3031 2200 ,
3091 2152 3154 2191 ac
3208 2152 3311 2205 qua
3373 2140 3577 2205 regitur

2002 2236 2222 2289 corpus,
2259 2222 2543 2278 fatiscehat
2591 2223 2842 2279 facultas.
2872 2225 3058 2293 Itaque
3085 2228 3306 2280 sinistra
3335 2229 3574 2294 quidem,

2005 2305 2078 2359 uti
2134 2307 2420 2373 dicebam,
2470 2309 2890 2364 imbecillitatem
2946 2323 3298 2378 sustentans,
3357 2316 3575 2368 dextera

2007 2398 2335 2454 thuribulum
2382 2403 2608 2471 accepit,
2657 2417 2710 2458 et
2755 2419 3038 2459 sacrarum
3100 2407 3309 2460 illarum
3377 2409 3573 2460 aedium

2010 2494 2144 2541 tecta
2172 2491 2324 2544 suavi
2376 2491 2630 2547 lustravit
2684 2494 2940 2562 incenso;
2981 2497 3306 2565 veniensque
3339 2498 3390 2550 in
3432 2506 3570 2551 tem-

2001 2577 2072 2646 pli
2103 2579 2327 2634 maximi
2361 2582 2665 2638 exaudibile
2690 2588 3181 2651 catecburuenium,
3206 2588 3293 2641 ubi
3317 2605 3420 2642 non
3450 2605 3572 2644 raro

1997 2668 2481 2738 supplicationibus
2529 2675 2581 2728 in
2642 2683 2782 2731 totas
2838 2679 3117 2746 productis
3171 2691 3354 2735 noctes
3402 2679 3570 2735 Deum

1995 2763 2288 2820 obsecrare
2349 2781 2726 2835 consueverat,
2772 2773 2907 2827 duos
2957 2776 3203 2828 accendit
3241 2791 3430 2829 cereos
3469 2777 3567 2844 (r1),

1996 2853 2382 2927 dimittensque
2410 2875 2472 2913 ea
2503 2862 2705 2926 omnia,
2736 2879 2854 2932 qua:
2891 2865 2943 2918 in
2986 2867 3236 2920 manibus
3296 2878 3476 2931 erant,
3517 2875 3572 2919 et

308 2947 523 3001 cunctis
551 2959 669 3012 quae
692 2943 790 2998 sub
819 2952 1095 3011 aspectum
1135 2940 1337 2997 cadunt
1367 2939 1594 2997 eﬂ'ectus
1656 2941 1929 3012 superior,
1991 2959 2222 3016 pronum
2275 2949 2331 3004 in
2380 2959 2580 3006 terram
2631 2968 2825 3023 corpus
2879 2956 3092 3022 stravit,
3154 2967 3468 3028 rectumque
3514 2958 3568 3012 in

307 3037 506 3094 cmlum
538 3038 778 3091 animum
811 3036 1070 3107 dirigens,
1103 3035 1178 3088 ait
1209 3055 1222 3090 :

378 3137 442 3185 o'.
479 3129 592 3184 Καὶ
613 3131 697 3192 σὺ,
724 3135 912 3198 φησὶν,
945 3131 972 3182 ό
997 3128 1383 3199 ὑπερμεγέθης
1417 3127 1512 3182 καὶ
1537 3127 1840 3200 ὑπερφυὴς,
1863 3128 1892 3181 ό
1919 3135 1960 3193 C

306 3223 420 3276 τῶν
436 3221 904 3292 θαυμασιωτάτων
931 3221 1247 3290 κτισμάτων
1273 3218 1506 3290 Κκύριος,
1539 3220 1634 3272 καὶ
1672 3221 1769 3288 τῆς
1792 3219 1887 3272 ἀν-

308 3317 662 3390 εξερευνήτου
683 3316 876 3385 σοφίας
898 3355 913 3378 ,
943 3313 1011 3387 ἦς
1040 3314 1216 3386 βραχὺ
1255 3315 1407 3384 μόλις
1446 3317 1510 3368 ἐκ
1528 3313 1734 3367 τούτων
1758 3313 1888 3366 ὑπο-

311 3409 524 3480 φαίνεις
553 3409 718 3479 ἴχνος,
751 3408 912 3478 μόνος
931 3405 1181 3478 εὐρέτης,
1205 3405 1500 3476 ἐπιφάνηθι
1522 3403 1888 3477 φιλανθρώπῳ

313 3500 611 3571 κηδεμονίᾳ
632 3500 724 3552 ἐπὶ
752 3500 849 3569 τὴν
875 3497 1117 3568 μεγάλην
1150 3497 1245 3550 καὶ
1274 3496 1486 3566 ὑψηλὴν
1512 3494 1605 3550 τοῦ
1633 3494 1762 3548 ναοῦ
1791 3512 1885 3548 σου

282 3569 767 3662 “θαυματοποιίαν,
825 3591 883 3642 ἐν
933 3583 976 3657 ᾧ
1012 3588 1120 3642 τῶν
1155 3575 1562 3658 ἀχράντωνκαὶ
1593 3582 1887 3657 ἀκηράτων

393 3817 506 3889 (25)
541 3816 687 3871 Alias
731 3827 784 3869 et
821 3813 1158 3882 frequentius
1193 3807 1479 3889 pluraliter
1507 3805 1575 3859 τὰ
1606 3804 1882 3889 κατηχούτ

320 3873 460 3962 μενα
485 3873 816 3963 quandoque
857 3873 938 3938 et'
956 3873 1451 3963 κατηχουμρνεῖονκ
1479 3873 1887 3963 (λιεοοὲαιίηξιξ

314 3945 496 4015 servat
516 3945 795 4025 interpres
829 3973 842 4008 :
880 3945 1286 4025 auctore§_vitle
1314 3946 1455 4025 apud
1505 3945 1885 4025 pleurs‘iuninin

313 4010 630 4084 Clossarioi
671 4010 838 4076 'usum
866 4023 1104 4094 Simeou
1135 4010 1458 4094 Thessalum
1510 4015 1606 4069 lib.
1651 4012 1741 4094 De.
1766 4010 1886 4094 ¹δατ

317 4083 511 4161 ἀνάγκη
531 4096 793 4150 describit
824 4093 907 4164 Itis
935 4091 1113 4145 verbis
1143 4106 1156 4142 :
1192 4107 1210 4140 ι
1255 4086 1694 4164 Catechumena,
1730 4083 1780 4136 id
1808 4089 1889 4164 est

312 4159 827 4224 catechumenorum
880 4163 1094 4232 domus,
1120 4159 1736 4232 pr0pterea_excogitata
1765 4159 1890 4232 sunt

315 4249 374 4292 ut
400 4239 563 4290 etiam
599 4236 650 4287 hi
684 4233 866 4285 auditu
909 4225 1136 4296 visuque
1177 4226 1291 4280 solo
1309 4225 1631 4296 divinorum
1669 4225 1889 4291 partici-

314 4322 410 4373 pes
433 4307 647 4368 fierent,
677 4312 731 4355 et
756 4301 912 4373 labiis
937 4294 1407 4373 linguaqueiidem
1437 4294 1838 4373 profiterentur.
1861 4308 1879 4340 ι

316 4362 484 4430 Erant
525 4362 706 4428 autem
752 4371 995 4442 porticus
1019 4362 1112 4442 vel
1145 4362 1344 4418 atrium
1377 4364 1574 4442 templo
1604 4362 1703 4429 ipsi
1747 4375 1887 4428 prte-

313 4456 558 4506 tensum,
585 4443 666 4497 vel
693 4441 864 4508 ipsius
898 4439 1080 4505 templi
1110 4451 1234 4503 pars
1263 4439 1523 4508 anterior,
1558 4439 1610 4484 in
1640 4445 1746 4498 quo
1779 4445 1883 4484 non

313 4503 603 4583 haptizatis
635 4503 828 4564 licebat
868 4503 1165 4583 consistere
1197 4517 1365 4572 usque
1399 4503 1521 4555 dum
1554 4515 1710 4555 sacra
1769 4514 1883 4569 my-
1923 4527 1968 4582 Β

313 4576 479 4639 steria
510 4583 843 4637 inferrentur
870 4579 934 4630 ad
963 4576 1150 4629 altare.
1184 4592 1200 4624 ι

393 4655 458 4724 ξε)
481 4652 538 4706 ln
572 4651 878 4724 Appendi_ce
903 4644 1251 4724 Theophanis
1283 4641 1397 4695 haec
1443 4640 1508 4694 de
1545 4639 1663 4718 ejus
1698 4637 1890 4724 exsilio

313 4709 668 4778 narrantur-:-
714 4737 732 4770 ι
797 4709 1070 4772 CIL-terum
1136 4713 1227 4767 Dei
1283 4726 1445 4764 manu
1505 4709 1884 4778 miraculorum

313 4775 588 4849 effectrice
615 4787 862 4844 nonnihil
895 4781 1208 4858 sublevatus
1243 4790 1324 4834 est
1356 4779 1710 4858 patriarcha;
1737 4775 1885 4856 quod

311 4848 439 4920 cum
461 4861 714 4917 rescisset
733 4855 1096 4916 Cbamzeleon,
1123 4848 1456 4920 quorundam
1481 4863 1582 4920 ope
1600 4848 1809 4920 milites
1830 4848 1882 4898 in

309 4918 700 5004 patriarchium
720 4928 855 4981 clam
891 4918 1176 5004 penetrare
1202 4921 1360 5001 jussit
1385 4928 1447 5004 et.
1471 4918 1882 5004 silentesabdu:

309 4986 444 5060 atare
500 4986 676 5056 :icrat
731 4986 907 5066 porro'
949 4986 1278 5066 jejuniorum
1322 4990 1566 5066 initium.
1608 4986 1880 5066 [Conferta

310 5056 506 5140 itaque
538 5056 1110 5140 multitudinecoa’cﬁ,
1139 5057 1571 5140 velutdudaetitt
1603 5056 1876 5140 Christum

311 5126 647 5202 iusilientes,
689 5153 809 5190 cum
851 5135 1042 5204 gladiis
1085 5126 1139 5184 et
1183 5131 1344 5204 lignis
1382 5126 1624 5204 ecclesia}
1679 5126 1875 5177 atrium

311 5193 682 5278 repleverunt,
715 5193 1089 5278 clamanteset
1115 5193 1442 5278 tumultuose
1475 5193 1872 5278 vociferantes:

309 5269 702 5350 ctiperuntque
760 5275 1034 5350 exsecrari
1081 5281 1158 5350 "et
1207 5269 1338 5322 diris
1391 5269 1654 5350 devovenre
1697 5273 1879 5350 sancta

309 5333 690 5408 itTrtitetttoiia
739 5348 1022 5399 defunctos
1075 5340 1402 5413 Germanum
1461 5346 1515 5413 et
1570 5333 1875 5413 Tat'asium,

313 5407 430 5478 into
453 5434 503 5474 et
536 5418 922 5486 Nicephorum.
949 5415 1080 5478 Qua:
1125 5411 1339 5486 quidem
1375 5407 1603 5486 audiens
1634 5407 1878 5486 patriar.

308 5475 438 5554 cha,
491 5489 598 5542 Deo
634 5475 756 5542 cum
800 5475 1054 5551 lacrymis
1089 5475 1290 5554 gratias
1325 5478 1455 5544 egit,
1505 5475 1646 5542 quod
1672 5475 1885 5554 pietatis

308 5541 666 5617 defendendae
695 5570 858 5610 causa
894 5541 1008 5606 limo
1053 5541 1243 5622 aiidire
1311 5541 1631 5622 mct'eretur.
1680 5541 1880 5622 Confe-

311 5614 439 5689 stim
469 5626 807 5698 conspiranti
844 5625 1056 5698 impetu
1090 5619 1321 5698 populus
1355 5614 1565 5675 insiliit,
1601 5623 1657 5698 ut
1681 5615 1731 5665 in
1784 5627 1878 5680 pa-

311 5685 634 5758 iriarchium
665 5685 1059 5766 ingrederetur.
1091 5685 1224 5743 ’blox
1262 5685 1500 5766 Thomas
1532 5686 1750 5766 quidam
1784 5698 1878 5749 pa-

315 5756 528 5836 ίιςίρίυδ,
545 5770 628 5825 bis
651 5756 932 5828 εχξξουειιι,
953 5763 1040 5831 qui
1061 5771 1186 5813 tunc
1208 5759 1348 5812 velut
1374 5756 1570 5825 impera
1583 5756 1878 5821 torisjussu

2068 3131 2154 3189 70.
2188 3133 2256 3188 Et
2311 3144 2364 3189 tu
2422 3150 2635 3192 omnem
2707 3138 3136 3206 magnitudinem
3194 3155 3258 3195 ac
3316 3152 3566 3198 naturam

1993 3238 2279 3293 superans,
2325 3241 2536 3282 summe
2581 3229 2910 3283 mirabilium
2950 3247 3127 3284 rerum
3155 3231 3433 3296 Dominus,
3466 3234 3567 3285 im-

1992 3314 2529 3385 pervestigabilisque
2560 3316 2867 3384 sapientia,
2907 3317 3058 3386 cujus
3081 3320 3166 3372 vix
3195 3330 3353 3374 tenue
3401 3323 3570 3388 quod-

1992 3404 2115 3459 dam
2141 3418 2206 3460 ex
2231 3405 2320 3460 his
2345 3405 2632 3476 vestigium
2665 3408 3002 3464 subobscure
3025 3411 3286 3473 ostendis,
3318 3411 3570 3464 inventor

1989 3497 2161 3563 solus,
2188 3497 2576 3567 benignissima
2611 3501 2922 3570 dignatione
2956 3511 3043 3554 tua
3078 3517 3143 3556 ac
3191 3518 3321 3556 cura
3363 3517 3567 3570 apparo

1990 3602 2152 3659 super
2177 3604 2370 3659 magna
2398 3603 2461 3644 ac
2493 3590 2710 3645 sublimi
2760 3592 3022 3647 mirabilis
3064 3593 3248 3662 templi
3287 3594 3362 3647 tui
3424 3603 3566 3648 stru-

1993 3802 2289 3874 Ecclesiam
2340 3804 2614 3856 tutandam
2647 3814 2957 3872 susceperat
2987 3842 3002 3864 ,
3046 3806 3212 3874 p0ttis
3250 3804 3561 3872 patriarchii

1991 3873 2244 3934 occlusis,
2279 3886 2373 3925 eos
2418 3875 2667 3937 removit,
2711 3875 2854 3926 velut
2906 3874 3075 3927 ittScio
3124 3875 3449 3940 imperatore
3490 3875 3563 3927 is-

1997 3941 2248 3994 tiusmodi
2308 3940 2551 3994 facinora
2609 3943 2843 3995 molitos.
2893 3941 3147 3996 Protinus
3193 3945 3258 3994 ad
3316 3943 3563 3996 Chamze-

1995 4011 2224 4064 leoatetn
2273 4010 2528 4078 praefatus
2587 4012 2668 4063 vir
2735 4012 3026 4077 profectus,
3066 4012 3428 4064 inordinatum
3467 4028 3562 4079 po-

1998 4079 2106 4149 puli
2151 4089 2355 4132 motum
2404 4079 2762 4132 denuntiavit.
2809 4081 2902 4133 ille
2950 4096 3046 4146 pro
3102 4080 3259 4134 solito
3308 4084 3561 4148 mendax,

1998 4164 2098 4203 nec
2127 4149 2416 4216 quidquam
2450 4150 2612 4211 scire,
2644 4165 2742 4202 nec
2787 4163 3111 4218 quemquam
3159 4165 3187 4202 a
3239 4165 3296 4204 se
3334 4151 3564 4207 missum

1995 4233 2213 4288 negare.
2242 4219 2464 4284 Venno,
2498 4219 2693 4285 inquit,
2751 4221 3071 4275 necessitate
3129 4222 3461 4288 compulsus,
3507 4231 3567 4276 et

1994 4289 2160 4341 animi
2205 4303 2438 4342 mmrore
2469 4297 2640 4358 tactus
2679 4290 2923 4358 pOpquS,
2947 4292 2997 4341 iu
3032 4289 3336 4356 huiusmodi
3363 4293 3561 4344 factum

1994 4359 2262 4428 prorupit.
2295 4357 2578 4412 Subinfert
2610 4357 2884 4412 Thomas:
2923 4360 2979 4414 Si
3029 4376 3150 4412 eum
3192 4361 3421 4428 jusseris
3463 4375 3563 4413 ex-

1993 4429 2148 4496 pelli,
2183 4429 2396 4481 domine
2418 4469 2433 4490 ,
2467 4444 2572 4482 non
2609 4444 2742 4497 opus
2797 4430 3001 4485 multis.
3029 4429 3259 4482 Tantum
3317 4431 3562 4482 homims

1998 4500 2130 4552 duos
2151 4500 2322 4562 mitte,
2353 4499 2590 4566 aliosque
2623 4499 2714 4565 qui
2747 4498 2977 4552 etl'erant
3011 4516 3024 4552 :
3063 4514 3167 4551 non
3208 4501 3348 4551 enim
3386 4500 3563 4566 ingra-

2000 4577 2251 4621 vescente
2284 4567 2612 4631 valetudine,
2655 4582 2682 4618 a
2731 4583 2790 4622 se
2832 4578 3006 4635 potest
3037 4569 3366 4636 procedere:
3402 4581 3564 4636 atque

1997 4637 2069 4690 ita
2099 4638 2358 4691 discedet.
2394 4637 2450 4690 Id
2489 4639 2559 4689 ita
2619 4637 3074 4698 fecil,submissis
3117 4650 3294 4698 noete,
3323 4641 3410 4707 qui
3466 4655 3563 4704 pa-

1997 4706 2599 4776 triarcbamgejiccrent
2683 4708 2945 4760 Ecclesia.
2993 4726 3016 4759 ›
3077 4706 3353 4761 lucitlehat
3403 4722 3564 4776 porro

1993 4776 2269 4830 Dominica
2306 4774 2687 4846 Sexagesitnze,
2718 4776 2924 4830 Graecis
2969 4776 3260 4832 Orientalis
3289 4774 3560 4841 Ειυυῐυδὶευ,

1991 4855 2110 4912 post
2167 4861 2326 4912 quam
2378 4847 2640 4912 jejunium
2693 4847 3080 4913 auspicabatur
3125 4863 3264 4899 anno
3293 4848 3473 4901 815m
3510 4863 3562 4899 κι

1989 4915 2291 4988 Εειῃυειῐίί,
2322 4918 2472 4988 eicio
2495 4915 2631 4988 luna:
2656 4915 2744 4976 18,
2774 4916 2903 4988 solis
2923 4917 3012 4988 12,
3041 4916 3227 4988 littera
3248 4915 3563 4988 Dtllltiltltta’l

1985 4981 2051 5038 G.
2088 4985 2301 5038 Interim
2354 4981 2712 5052 Theophanes
2769 4985 2905 5038 infra
2938 4987 2990 5039 in
3043 4986 3144 5038 alia
3189 4985 3307 5040 Vita
3341 5005 3462 5038 nam
3503 4981 3564 5040 Π

1983 5056 2256 5108 scribitur
2286 5054 2408 5108 ldus
2439 5055 2615 5108 Martii
2644 5072 2663 5105 ι
2691 5057 2742 5108 in
2776 5057 3021 5108 t-Xsilium
3045 5057 3271 5122 ejectum
3305 5056 3470 5109 inisse
3498 5073 3512 5121 ;
3540 5073 3558 5104 ι

1983 5126 2122 5192 quod
2173 5125 2393 5194 intelligi
2448 5135 2616 5192 potest
2677 5128 2742 5178 de
2792 5127 3052 5194 ejectione
3091 5143 3197 5193 quo
3246 5127 3360 5194 ipse
3417 5125 3564 5177 Con-

1989 5194 2334 5264 stantinopoli
2368 5194 2709 5259 discesserat,
2746 5205 2801 5247 ut
2833 5195 2985 5264 paulo
3014 5205 3133 5262 post
3160 5197 3372 5249 dicitur.

2057 5265 2135 5333 (ά)
2172 5262 2288 5317 Vita
2317 5265 2374 5316 S.
2398 5265 2597 5316 Nic-etin
2624 5280 2636 5313 :
2682 5283 2699 5315 ι
2739 5262 2886 5318 Turre
2910 5267 3203 5334 imperator
3231 5267 3372 5318 misit
3400 5278 3564 5315 unum

1986 5345 2050 5405 ex
2088 5335 2440 5403 optimatibus
2465 5375 2480 5396 ,
2499 5336 2588 5402 qui
2625 5335 2904 5405 tyrannica
2924 5352 3071 5390 more
3097 5335 3269 5403 ipsum
3295 5335 3562 5405 deposuit,

1994 5403 2091 5458 ille
2129 5421 2252 5457 vero
2282 5420 2403 5458 cum
2442 5407 2495 5456 in
2542 5403 2789 5472 magnam
2834 5406 3117 5458 ecclesiam
3176 5404 3565 5466 descendisset,

1993 5485 2043 5526 et
2093 5489 2276 5527 cereas
2326 5474 2472 5527 faces
2523 5475 2897 5536 accendisset,
2954 5476 3219 5542 thuraque
3259 5485 3313 5526 et
3375 5487 3582 5539 preces

1991 5543 2350 5603 adhibuisset,
2370 5559 2491 5597 cum
2509 5545 2737 5611 populus
2768 5545 2881 5612 ipse
2910 5545 3049 5596 illius
3073 5544 3568 5612 peregrimtlionem

1991 5613 2396 5678 lamentaretur,
2425 5616 2562 5666 hanc
2592 5611 3165 5670 habuit’orationetn;
3204 5611 3322 5664 Filii
3349 5655 3363 5678 ,
3410 5612 3570 5666 Chri-

1987 5685 2193 5739 Sli.tll08
2222 5699 2315 5739 vos
2341 5685 2540 5748 inveni,
2569 5683 2906 5739 Christianos
2943 5698 3036 5737 vos
3062 5683 3331 5753 relinquo.
3371 5702 3392 5737 ι
