  <div class='ocr_page' id='page_1' title='image "/cluster/home/n/w/nwhite01/storage/ocr_20150623/100/hvd.32044010574994/077.png"; bbox 0 0 4158 6348; ppageno 0'>
   <div class='ocr_carea' id='block_1_1' title="bbox 554 315 655 386">
    <p class='ocr_par' dir='ltr' id='par_1_1' title="bbox 554 315 655 386">
     <span class='ocr_line' id='line_1_1' title="bbox 554 315 655 386; baseline -0.02 0"><span class='ocrx_word' id='word_1_1' title='bbox 554 315 655 386; x_wconf 77' lang='lat' dir='ltr'><strong>I31</strong></span> 
     </span>
    </p>
   </div>
   <div class='ocr_carea' id='block_1_2' title="bbox 1553 309 2773 376">
    <p class='ocr_par' dir='ltr' id='par_1_2' title="bbox 1553 309 2773 376">
     <span class='ocr_line' id='line_1_2' title="bbox 1553 309 2773 376; baseline -0.007 0"><span class='ocrx_word' id='word_1_2' title='bbox 1553 317 1615 376; x_wconf 90' lang='lat' dir='ltr'><strong>S.</strong></span> <span class='ocrx_word' id='word_1_3' title='bbox 1655 311 2076 375; x_wconf 84' lang='lat' dir='ltr'><strong>NICEPHORI</strong></span> <span class='ocrx_word' id='word_1_4' title='bbox 2114 309 2624 370; x_wconf 49' lang='lat' dir='ltr'><strong>PATRIARClli’E</strong></span> <span class='ocrx_word' id='word_1_5' title='bbox 2663 309 2773 368; x_wconf 71' lang='grc' dir='ltr'><strong>ΟΡ.</strong></span> 
     </span>
    </p>
   </div>
   <div class='ocr_carea' id='block_1_3' title="bbox 3723 305 3854 371">
    <p class='ocr_par' dir='ltr' id='par_1_3' title="bbox 3723 305 3854 371">
     <span class='ocr_line' id='line_1_3' title="bbox 3723 305 3854 371; baseline 0 -1"><span class='ocrx_word' id='word_1_6' title='bbox 3723 305 3854 371; x_wconf 68' lang='lat'><strong>332</strong></span> 
     </span>
    </p>
   </div>
   <div class='ocr_carea' id='block_1_4' title="bbox 552 415 2137 498">
    <p class='ocr_par' dir='ltr' id='par_1_4' title="bbox 552 421 2132 498">
     <span class='ocr_line' id='line_1_4' title="bbox 552 421 2132 498; baseline -0.01 -11"><span class='ocrx_word' id='word_1_7' title='bbox 552 443 700 494; x_wconf 87' lang='lat' dir='ltr'><strong>tura,</strong></span> <span class='ocrx_word' id='word_1_8' title='bbox 734 427 785 482; x_wconf 87' lang='lat' dir='ltr'><strong>in</strong></span> <span class='ocrx_word' id='word_1_9' title='bbox 822 442 931 498; x_wconf 90' lang='lat' dir='ltr'><strong>quo</strong></span> <span class='ocrx_word' id='word_1_10' title='bbox 952 426 1413 481; x_wconf 77' lang='lat' dir='ltr'><strong>&#39;iutcmeratorum</strong></span> <span class='ocrx_word' id='word_1_11' title='bbox 1448 437 1512 477; x_wconf 88' lang='lat' dir='ltr'><strong>ac</strong></span> <span class='ocrx_word' id='word_1_12' title='bbox 1558 421 1946 477; x_wconf 76' lang='lat' dir='ltr'><strong>immortalium</strong></span> <span class='ocrx_word' id='word_1_13' title='bbox 1986 436 2132 489; x_wconf 85' lang='lat' dir='ltr'><strong>mys-</strong></span> 
     </span>
    </p>
   </div>
   <div class='ocr_carea' id='block_1_5' title="bbox 2239 415 3848 498">
    <p class='ocr_par' dir='ltr' id='par_1_5' title="bbox 2240 415 3848 493">
     <span class='ocr_line' id='line_1_5' title="bbox 2240 415 3848 493; baseline -0.006 -22"><span class='ocrx_word' id='word_1_14' title='bbox 2240 419 2557 489; x_wconf 85' lang='grc' dir='ltr'>μυστηρίων</span> <span class='ocrx_word' id='word_1_15' title='bbox 2600 418 2700 481; x_wconf 68' lang='grc' dir='ltr'><strong>τὰς</strong></span> <span class='ocrx_word' id='word_1_16' title='bbox 2746 415 3156 487; x_wconf 80' lang='grc' dir='ltr'>ὁλοκαρπώσεις</span> <span class='ocrx_word' id='word_1_17' title='bbox 3189 415 3483 488; x_wconf 83' lang='grc' dir='ltr'>δεχόμενος</span> <span class='ocrx_word' id='word_1_18' title='bbox 3510 460 3524 480; x_wconf 84' lang='grc'><strong>,</strong></span> <span class='ocrx_word' id='word_1_19' title='bbox 3565 419 3848 493; x_wconf 82' lang='grc' dir='ltr'>ἀμαρτη..</span> 
     </span>
    </p>
   </div>
   <div class='ocr_carea' id='block_1_6' title="bbox 520 514 2137 585">
    <p class='ocr_par' dir='ltr' id='par_1_6' title="bbox 520 514 2137 585">
     <span class='ocr_line' id='line_1_6' title="bbox 520 514 2137 585; baseline -0.01 -6"><span class='ocrx_word' id='word_1_20' title='bbox 520 524 818 578; x_wconf 71' lang='grc' dir='ltr'>ἰυῐὶονιιηι</span> <span class='ocrx_word' id='word_1_21' title='bbox 877 520 1190 576; x_wconf 87' lang='lat' dir='ltr'><strong>holocausta</strong></span> <span class='ocrx_word' id='word_1_22' title='bbox 1267 514 1595 585; x_wconf 89' lang='lat' dir='ltr'><strong>suscipiens,</strong></span> <span class='ocrx_word' id='word_1_23' title='bbox 1659 523 2005 582; x_wconf 76' lang='lat' dir='ltr'><strong>peccatorum</strong></span> <span class='ocrx_word' id='word_1_24' title='bbox 2053 526 2137 564; x_wconf 90' lang='lat' dir='ltr'><strong>re-</strong></span> 
     </span>
    </p>
   </div>
   <div class='ocr_carea' id='block_1_7' title="bbox 556 603 2133 681">
    <p class='ocr_par' dir='ltr' id='par_1_7' title="bbox 556 603 2133 681">
     <span class='ocr_line' id='line_1_7' title="bbox 556 603 2133 681; baseline -0.01 -12"><span class='ocrx_word' id='word_1_25' title='bbox 556 614 868 669; x_wconf 84' lang='lat' dir='ltr'><strong>missionem</strong></span> <span class='ocrx_word' id='word_1_26' title='bbox 899 613 1005 677; x_wconf 92' lang='lat' dir='ltr'><strong>his,</strong></span> <span class='ocrx_word' id='word_1_27' title='bbox 1038 612 1127 681; x_wconf 90' lang='lat' dir='ltr'><strong>qni</strong></span> <span class='ocrx_word' id='word_1_28' title='bbox 1154 610 1311 679; x_wconf 80' lang='lat' dir='ltr'><strong>digne</strong></span> <span class='ocrx_word' id='word_1_29' title='bbox 1333 607 1439 662; x_wconf 83' lang='lat' dir='ltr'><strong>illis</strong></span> <span class='ocrx_word' id='word_1_30' title='bbox 1459 606 1809 676; x_wconf 87' lang='lat' dir='ltr'><strong>impartiendi</strong></span> <span class='ocrx_word' id='word_1_31' title='bbox 1836 603 2133 667; x_wconf 81' lang='lat' dir='ltr'><strong>astiterint,</strong></span> 
     </span>
    </p>
   </div>
   <div class='ocr_carea' id='block_1_8' title="bbox 556 693 2137 767">
    <p class='ocr_par' dir='ltr' id='par_1_8' title="bbox 556 693 2137 767">
     <span class='ocr_line' id='line_1_8' title="bbox 556 693 2137 767; baseline -0.009 -8"><span class='ocrx_word' id='word_1_32' title='bbox 556 703 811 759; x_wconf 85' lang='lat' dir='ltr'><strong>conferre</strong></span> <span class='ocrx_word' id='word_1_33' title='bbox 841 702 1104 757; x_wconf 84' lang='lat' dir='ltr'><strong>statuisti.</strong></span> <span class='ocrx_word' id='word_1_34' title='bbox 1130 699 1240 755; x_wconf 83' lang='lat' dir='ltr'><strong>Hoc</strong></span> <span class='ocrx_word' id='word_1_35' title='bbox 1271 704 1506 767; x_wconf 84' lang='lat' dir='ltr'><strong>namque</strong></span> <span class='ocrx_word' id='word_1_36' title='bbox 1532 696 1680 750; x_wconf 81' lang='lat' dir='ltr'><strong>oruni</strong></span> <span class='ocrx_word' id='word_1_37' title='bbox 1715 697 1877 747; x_wconf 83' lang='lat' dir='ltr'><strong>sorde</strong></span> <span class='ocrx_word' id='word_1_38' title='bbox 1908 693 2137 761; x_wconf 87' lang='lat' dir='ltr'><strong>lahcque</strong></span> 
     </span>
    </p>
   </div>
   <div class='ocr_carea' id='block_1_9' title="bbox 559 789 2139 864">
    <p class='ocr_par' dir='ltr' id='par_1_9' title="bbox 559 789 2139 864">
     <span class='ocr_line' id='line_1_9' title="bbox 559 789 2139 864; baseline -0.007 -16"><span class='ocrx_word' id='word_1_39' title='bbox 559 796 918 864; x_wconf 81' lang='lat' dir='ltr'><strong>purissimum</strong></span> <span class='ocrx_word' id='word_1_40' title='bbox 953 801 1041 845; x_wconf 90' lang='lat' dir='ltr'><strong>tua</strong></span> <span class='ocrx_word' id='word_1_41' title='bbox 1072 789 1451 861; x_wconf 88' lang='lat' dir='ltr'><strong>potentissima</strong></span> <span class='ocrx_word' id='word_1_42' title='bbox 1488 789 1712 842; x_wconf 81' lang='lat' dir='ltr'><strong>dextera</strong></span> <span class='ocrx_word' id='word_1_43' title='bbox 1745 800 1888 838; x_wconf 90' lang='lat' dir='ltr'><strong>nunc</strong></span> <span class='ocrx_word' id='word_1_44' title='bbox 1919 798 2139 853; x_wconf 86' lang='lat' dir='ltr'><strong>quoque</strong></span> 
     </span>
    </p>
   </div>
   <div class='ocr_carea' id='block_1_10' title="bbox 553 879 2137 955">
    <p class='ocr_par' dir='ltr' id='par_1_10' title="bbox 553 879 2137 955">
     <span class='ocr_line' id='line_1_10' title="bbox 553 879 2137 955; baseline -0.007 -16"><span class='ocrx_word' id='word_1_45' title='bbox 553 885 948 955; x_wconf 77' lang='lat' dir='ltr'><strong>protegendum</strong></span> <span class='ocrx_word' id='word_1_46' title='bbox 1008 882 1361 947; x_wconf 84' lang='lat' dir='ltr'><strong>commendo;</strong></span> <span class='ocrx_word' id='word_1_47' title='bbox 1413 879 1558 949; x_wconf 90' lang='lat' dir='ltr'><strong>quod</strong></span> <span class='ocrx_word' id='word_1_48' title='bbox 1611 892 1711 947; x_wconf 80' lang='lat' dir='ltr'><strong>ego</strong></span> <span class='ocrx_word' id='word_1_49' title='bbox 1768 891 1995 931; x_wconf 89' lang='lat' dir='ltr'><strong>munere</strong></span> <span class='ocrx_word' id='word_1_50' title='bbox 2047 886 2137 929; x_wconf 93' lang='lat' dir='ltr'><strong>tuo</strong></span> 
     </span>
    </p>
   </div>
   <div class='ocr_carea' id='block_1_11' title="bbox 554 972 2134 1044">
    <p class='ocr_par' dir='ltr' id='par_1_11' title="bbox 554 972 2134 1044">
     <span class='ocr_line' id='line_1_11' title="bbox 554 972 2134 1044; baseline -0.008 -12"><span class='ocrx_word' id='word_1_51' title='bbox 554 979 689 1032; x_wconf 88' lang='lat' dir='ltr'><strong>mihi</strong></span> <span class='ocrx_word' id='word_1_52' title='bbox 736 976 1135 1038; x_wconf 83' lang='lat' dir='ltr'><strong>concreditum,</strong></span> <span class='ocrx_word' id='word_1_53' title='bbox 1164 991 1264 1044; x_wconf 88' lang='lat' dir='ltr'><strong>pro</strong></span> <span class='ocrx_word' id='word_1_54' title='bbox 1298 972 1442 1027; x_wconf 87' lang='lat' dir='ltr'><strong>virili</strong></span> <span class='ocrx_word' id='word_1_55' title='bbox 1493 987 1611 1026; x_wconf 86' lang='lat' dir='ltr'><strong>mea</strong></span> <span class='ocrx_word' id='word_1_56' title='bbox 1663 980 1850 1023; x_wconf 86' lang='lat' dir='ltr'><strong>sancte</strong></span> <span class='ocrx_word' id='word_1_57' title='bbox 1915 982 2134 1022; x_wconf 85' lang='lat' dir='ltr'><strong>conser-</strong></span> 
     </span>
    </p>
   </div>
   <div class='ocr_carea' id='block_1_12' title="bbox 554 1059 2133 1135">
    <p class='ocr_par' dir='ltr' id='par_1_12' title="bbox 554 1059 2133 1135">
     <span class='ocr_line' id='line_1_12' title="bbox 554 1059 2133 1135; baseline -0.006 -13"><span class='ocrx_word' id='word_1_58' title='bbox 554 1085 705 1133; x_wconf 86' lang='lat' dir='ltr'><strong>vans,</strong></span> <span class='ocrx_word' id='word_1_59' title='bbox 741 1070 793 1121; x_wconf 91' lang='lat' dir='ltr'><strong>in</strong></span> <span class='ocrx_word' id='word_1_60' title='bbox 828 1083 966 1121; x_wconf 77' lang='lat' dir='ltr'><strong>vera:</strong></span> <span class='ocrx_word' id='word_1_61' title='bbox 1000 1066 1359 1135; x_wconf 56' lang='lat' dir='ltr'><strong>philosophia:</strong></span> <span class='ocrx_word' id='word_1_62' title='bbox 1415 1072 1571 1134; x_wconf 88' lang='lat' dir='ltr'><strong>petra</strong></span> <span class='ocrx_word' id='word_1_63' title='bbox 1604 1059 2133 1126; x_wconf 79' lang='lat' dir='ltr'><strong>llrmumcustmlivi;</strong></span> 
     </span>
    </p>
   </div>
   <div class='ocr_carea' id='block_1_13' title="bbox 552 1150 2133 1229">
    <p class='ocr_par' dir='ltr' id='par_1_13' title="bbox 552 1150 2133 1229">
     <span class='ocr_line' id='line_1_13' title="bbox 552 1150 2133 1229; baseline -0.007 -15"><span class='ocrx_word' id='word_1_64' title='bbox 552 1161 813 1229; x_wconf 86' lang='lat' dir='ltr'><strong>templum</strong></span> <span class='ocrx_word' id='word_1_65' title='bbox 859 1159 1088 1222; x_wconf 82' lang='lat' dir='ltr'><strong>scilicet,</strong></span> <span class='ocrx_word' id='word_1_66' title='bbox 1121 1160 1265 1227; x_wconf 88' lang='lat' dir='ltr'><strong>quod</strong></span> <span class='ocrx_word' id='word_1_67' title='bbox 1298 1171 1398 1210; x_wconf 88' lang='lat' dir='ltr'><strong>ceu</strong></span> <span class='ocrx_word' id='word_1_68' title='bbox 1451 1155 1603 1209; x_wconf 87' lang='lat' dir='ltr'><strong>locus</strong></span> <span class='ocrx_word' id='word_1_69' title='bbox 1631 1170 1694 1207; x_wconf 88' lang='lat' dir='ltr'><strong>ac</strong></span> <span class='ocrx_word' id='word_1_70' title='bbox 1727 1150 2133 1206; x_wconf 86' lang='lat' dir='ltr'><strong>tabernaculum</strong></span> 
     </span>
    </p>
   </div>
   <div class='ocr_carea' id='block_1_14' title="bbox 549 1243 2131 1323">
    <p class='ocr_par' dir='ltr' id='par_1_14' title="bbox 549 1243 2131 1323">
     <span class='ocr_line' id='line_1_14' title="bbox 549 1243 2131 1323; baseline -0.005 -20"><span class='ocrx_word' id='word_1_71' title='bbox 549 1254 733 1323; x_wconf 70' lang='lat' dir='ltr'><strong>glori-.1:</strong></span> <span class='ocrx_word' id='word_1_72' title='bbox 768 1264 893 1316; x_wconf 71' lang='lat' dir='ltr'><strong>tum,</strong></span> <span class='ocrx_word' id='word_1_73' title='bbox 931 1252 1360 1321; x_wconf 87' lang='lat' dir='ltr'><strong>pulcherrimum</strong></span> <span class='ocrx_word' id='word_1_74' title='bbox 1395 1249 1644 1301; x_wconf 81' lang='lat' dir='ltr'><strong>decorem</strong></span> <span class='ocrx_word' id='word_1_75' title='bbox 1676 1261 1828 1299; x_wconf 87' lang='lat' dir='ltr'><strong>suum</strong></span> <span class='ocrx_word' id='word_1_76' title='bbox 1860 1243 2131 1308; x_wconf 81' lang='lat' dir='ltr'><strong>servavit;</strong></span> 
     </span>
    </p>
   </div>
   <div class='ocr_carea' id='block_1_15' title="bbox 551 1333 2135 1410">
    <p class='ocr_par' dir='ltr' id='par_1_15' title="bbox 551 1333 2135 1410">
     <span class='ocr_line' id='line_1_15' title="bbox 551 1333 2135 1410; baseline -0.006 -12"><span class='ocrx_word' id='word_1_77' title='bbox 551 1345 693 1398; x_wconf 87' lang='lat' dir='ltr'><strong>filios</strong></span> <span class='ocrx_word' id='word_1_78' title='bbox 731 1344 824 1397; x_wconf 84' lang='lat' dir='ltr'><strong>tibi</strong></span> <span class='ocrx_word' id='word_1_79' title='bbox 851 1353 1014 1410; x_wconf 86' lang='lat' dir='ltr'><strong>atque</strong></span> <span class='ocrx_word' id='word_1_80' title='bbox 1043 1343 1287 1394; x_wconf 71' lang='lat' dir='ltr'><strong>hceredes</strong></span> <span class='ocrx_word' id='word_1_81' title='bbox 1317 1338 1648 1393; x_wconf 75' lang='lat' dir='ltr'><strong>venerabilis</strong></span> <span class='ocrx_word' id='word_1_82' title='bbox 1669 1336 1867 1390; x_wconf 75' lang='lat' dir='ltr'><strong>lavacri</strong></span> <span class='ocrx_word' id='word_1_83' title='bbox 1904 1333 2135 1388; x_wconf 82' lang='lat' dir='ltr'><strong>fecunda</strong></span> 
     </span>
    </p>
   </div>
   <div class='ocr_carea' id='block_1_16' title="bbox 549 1425 2134 1501">
    <p class='ocr_par' dir='ltr' id='par_1_16' title="bbox 549 1425 2134 1501">
     <span class='ocr_line' id='line_1_16' title="bbox 549 1425 2134 1501; baseline -0.004 -16"><span class='ocrx_word' id='word_1_84' title='bbox 549 1434 699 1501; x_wconf 84' lang='lat' dir='ltr'><strong>prole</strong></span> <span class='ocrx_word' id='word_1_85' title='bbox 758 1432 1035 1501; x_wconf 75' lang='lat' dir='ltr'><strong>plurimos</strong></span> <span class='ocrx_word' id='word_1_86' title='bbox 1067 1430 1257 1496; x_wconf 80' lang='lat' dir='ltr'><strong>edidit,</strong></span> <span class='ocrx_word' id='word_1_87' title='bbox 1326 1430 1748 1495; x_wconf 89' lang='lat' dir='ltr'><strong>innumerosque</strong></span> <span class='ocrx_word' id='word_1_88' title='bbox 1793 1426 1910 1495; x_wconf 84' lang='lat' dir='ltr'><strong>jngi</strong></span> <span class='ocrx_word' id='word_1_89' title='bbox 1962 1425 2134 1493; x_wconf 59' lang='grc' dir='ltr'>μωιιίι</span> 
     </span>
    </p>
   </div>
   <div class='ocr_carea' id='block_1_17' title="bbox 551 1514 2135 1574">
    <p class='ocr_par' dir='ltr' id='par_1_17' title="bbox 551 1514 2135 1574">
     <span class='ocr_line' id='line_1_17' title="bbox 551 1514 2135 1574; baseline -0.004 0"><span class='ocrx_word' id='word_1_90' title='bbox 551 1523 718 1574; x_wconf 85' lang='lat' dir='ltr'><strong>tentia</strong></span> <span class='ocrx_word' id='word_1_91' title='bbox 767 1519 1298 1573; x_wconf 59' lang='lat' dir='ltr'><strong>misericordissima</strong></span> <span class='ocrx_word' id='word_1_92' title='bbox 1379 1526 1484 1570; x_wconf 74' lang='lat' dir='ltr'><strong>tua:</strong></span> <span class='ocrx_word' id='word_1_93' title='bbox 1538 1517 1838 1570; x_wconf 79' lang='lat' dir='ltr'><strong>clementia:</strong></span> <span class='ocrx_word' id='word_1_94' title='bbox 1890 1514 2135 1568; x_wconf 87' lang='lat' dir='ltr'><strong>reconci-</strong></span> 
     </span>
    </p>
   </div>
   <div class='ocr_carea' id='block_1_18' title="bbox 550 1606 2134 1679">
    <p class='ocr_par' dir='ltr' id='par_1_18' title="bbox 550 1606 2134 1679">
     <span class='ocr_line' id='line_1_18' title="bbox 550 1606 2134 1679; baseline -0.004 -14"><span class='ocrx_word' id='word_1_95' title='bbox 550 1613 725 1665; x_wconf 85' lang='lat' dir='ltr'><strong>liavit.</strong></span> <span class='ocrx_word' id='word_1_96' title='bbox 786 1611 933 1675; x_wconf 87' lang='lat' dir='ltr'><strong>Tibi,</strong></span> <span class='ocrx_word' id='word_1_97' title='bbox 972 1611 1249 1676; x_wconf 86' lang='lat' dir='ltr'><strong>Salvator,</strong></span> <span class='ocrx_word' id='word_1_98' title='bbox 1301 1624 1610 1679; x_wconf 82' lang='lat' dir='ltr'><strong>quanquam</strong></span> <span class='ocrx_word' id='word_1_99' title='bbox 1676 1606 1908 1675; x_wconf 74' lang='lat' dir='ltr'><strong>indignis</strong></span> <span class='ocrx_word' id='word_1_100' title='bbox 1959 1606 2134 1659; x_wconf 83' lang='lat' dir='ltr'><strong>nmni-</strong></span> 
     </span>
    </p>
   </div>
   <div class='ocr_carea' id='block_1_19' title="bbox 549 1686 2129 1772">
    <p class='ocr_par' dir='ltr' id='par_1_19' title="bbox 549 1686 2129 1772">
     <span class='ocr_line' id='line_1_19' title="bbox 549 1686 2129 1772; baseline -0.008 -12"><span class='ocrx_word' id='word_1_101' title='bbox 549 1705 678 1768; x_wconf 86' lang='lat' dir='ltr'><strong>bus,</strong></span> <span class='ocrx_word' id='word_1_102' title='bbox 703 1704 1007 1772; x_wconf 87' lang='lat' dir='ltr'><strong>depositum</strong></span> <span class='ocrx_word' id='word_1_103' title='bbox 1049 1703 1203 1755; x_wconf 87' lang='lat' dir='ltr'><strong>trado</strong></span> <span class='ocrx_word' id='word_1_104' title='bbox 1237 1717 1252 1754; x_wconf 90' lang='lat'><strong>:</strong></span> <span class='ocrx_word' id='word_1_105' title='bbox 1289 1699 1619 1770; x_wconf 86' lang='lat' dir='ltr'><strong>judiciorum</strong></span> <span class='ocrx_word' id='word_1_106' title='bbox 1666 1686 1882 1751; x_wconf 81' lang='lat' dir='ltr'><strong>tuorum</strong></span> <span class='ocrx_word' id='word_1_107' title='bbox 1910 1695 2129 1765; x_wconf 81' lang='lat' dir='ltr'><strong>abysso,</strong></span> 
     </span>
    </p>
   </div>
   <div class='ocr_carea' id='block_1_20' title="bbox 552 1768 2208 1862">
    <p class='ocr_par' dir='ltr' id='par_1_20' title="bbox 552 1768 2208 1862">
     <span class='ocr_line' id='line_1_20' title="bbox 552 1768 2208 1862; baseline -0.003 -17"><span class='ocrx_word' id='word_1_108' title='bbox 552 1810 663 1862; x_wconf 83' lang='lat' dir='ltr'><strong>quo</strong></span> <span class='ocrx_word' id='word_1_109' title='bbox 719 1768 974 1847; x_wconf 76' lang='lat' dir='ltr'><strong>malueris</strong></span> <span class='ocrx_word' id='word_1_110' title='bbox 1022 1794 1179 1847; x_wconf 85' lang='lat' dir='ltr'><strong>modo</strong></span> <span class='ocrx_word' id='word_1_111' title='bbox 1239 1768 1576 1861; x_wconf 73' lang='lat' dir='ltr'><strong>disponenda</strong></span> <span class='ocrx_word' id='word_1_112' title='bbox 1637 1789 1900 1842; x_wconf 83' lang='lat' dir='ltr'><strong>concedo.</strong></span> <span class='ocrx_word' id='word_1_113' title='bbox 1967 1787 2133 1856; x_wconf 74' lang='lat' dir='ltr'><strong>ﬂugit</strong></span> <span class='ocrx_word' id='word_1_114' title='bbox 2167 1768 2208 1824; x_wconf 77' lang='grc' dir='ltr'><strong>Β</strong></span> 
     </span>
    </p>
   </div>
   <div class='ocr_carea' id='block_1_21' title="bbox 555 1880 2124 1950">
    <p class='ocr_par' dir='ltr' id='par_1_21' title="bbox 555 1880 2124 1950">
     <span class='ocr_line' id='line_1_21' title="bbox 555 1880 2124 1950; baseline -0.003 -12"><span class='ocrx_word' id='word_1_115' title='bbox 555 1883 665 1938; x_wconf 88' lang='lat' dir='ltr'><strong>Leo</strong></span> <span class='ocrx_word' id='word_1_116' title='bbox 708 1885 971 1939; x_wconf 85' lang='lat' dir='ltr'><strong>adversus</strong></span> <span class='ocrx_word' id='word_1_117' title='bbox 1008 1884 1177 1938; x_wconf 61' lang='lat' dir='ltr'><strong>cedem</strong></span> <span class='ocrx_word' id='word_1_118' title='bbox 1223 1890 1492 1945; x_wconf 78' lang='lat' dir='ltr'><strong>sanctam,</strong></span> <span class='ocrx_word' id='word_1_119' title='bbox 1523 1894 1776 1950; x_wconf 61' lang='lat' dir='ltr'><strong>qurerens</strong></span> <span class='ocrx_word' id='word_1_120' title='bbox 1820 1889 1879 1933; x_wconf 93' lang='lat' dir='ltr'><strong>ut</strong></span> <span class='ocrx_word' id='word_1_121' title='bbox 1927 1880 2124 1946; x_wconf 83' lang='lat' dir='ltr'><strong>rapiat,</strong></span> 
     </span>
    </p>
   </div>
   <div class='ocr_carea' id='block_1_22' title="bbox 553 1969 2133 2045">
    <p class='ocr_par' dir='ltr' id='par_1_22' title="bbox 553 1969 2133 2045">
     <span class='ocr_line' id='line_1_22' title="bbox 553 1969 2133 2045; baseline -0.004 -16"><span class='ocrx_word' id='word_1_122' title='bbox 553 1978 778 2045; x_wconf 82' lang='lat' dir='ltr'><strong>suisque</strong></span> <span class='ocrx_word' id='word_1_123' title='bbox 831 1974 1031 2029; x_wconf 89' lang='lat' dir='ltr'><strong>catulis</strong></span> <span class='ocrx_word' id='word_1_124' title='bbox 1066 1975 1471 2030; x_wconf 87' lang='lat' dir='ltr'><strong>accommodam</strong></span> <span class='ocrx_word' id='word_1_125' title='bbox 1514 1971 1679 2026; x_wconf 83' lang='lat' dir='ltr'><strong>faciat</strong></span> <span class='ocrx_word' id='word_1_126' title='bbox 1714 1969 2133 2027; x_wconf 83' lang='lat' dir='ltr'><strong>habitationem.</strong></span> 
     </span>
    </p>
   </div>
   <div class='ocr_carea' id='block_1_23' title="bbox 551 2061 2136 2119">
    <p class='ocr_par' dir='ltr' id='par_1_23' title="bbox 551 2061 2136 2119">
     <span class='ocr_line' id='line_1_23' title="bbox 551 2061 2136 2119; baseline -0.002 -1"><span class='ocrx_word' id='word_1_127' title='bbox 551 2063 668 2119; x_wconf 81' lang='lat' dir='ltr'><strong>Non</strong></span> <span class='ocrx_word' id='word_1_128' title='bbox 690 2067 945 2119; x_wconf 88' lang='lat' dir='ltr'><strong>dormitet</strong></span> <span class='ocrx_word' id='word_1_129' title='bbox 972 2068 1234 2119; x_wconf 85' lang='lat' dir='ltr'><strong>adversus</strong></span> <span class='ocrx_word' id='word_1_130' title='bbox 1250 2063 1508 2119; x_wconf 76' lang='lat' dir='ltr'><strong>etfreuem</strong></span> <span class='ocrx_word' id='word_1_131' title='bbox 1528 2064 1671 2118; x_wconf 89' lang='lat' dir='ltr'><strong>illius</strong></span> <span class='ocrx_word' id='word_1_132' title='bbox 1689 2063 1970 2117; x_wconf 85' lang='lat' dir='ltr'><strong>audaciam</strong></span> <span class='ocrx_word' id='word_1_133' title='bbox 1998 2061 2136 2116; x_wconf 90' lang='lat' dir='ltr'><strong>luci-</strong></span> 
     </span>
    </p>
   </div>
   <div class='ocr_carea' id='block_1_24' title="bbox 546 2155 2135 2229">
    <p class='ocr_par' dir='ltr' id='par_1_24' title="bbox 546 2155 2135 2229">
     <span class='ocr_line' id='line_1_24' title="bbox 546 2155 2135 2229; baseline -0.003 -17"><span class='ocrx_word' id='word_1_134' title='bbox 546 2160 808 2213; x_wconf 74' lang='lat' dir='ltr'><strong>dissimus</strong></span> <span class='ocrx_word' id='word_1_135' title='bbox 840 2174 904 2213; x_wconf 84' lang='lat' dir='ltr'><strong>ac</strong></span> <span class='ocrx_word' id='word_1_136' title='bbox 933 2158 1317 2229; x_wconf 82' lang='lat' dir='ltr'><strong>insOporabilis</strong></span> <span class='ocrx_word' id='word_1_137' title='bbox 1343 2158 1537 2213; x_wconf 89' lang='lat' dir='ltr'><strong>oculus</strong></span> <span class='ocrx_word' id='word_1_138' title='bbox 1569 2167 1713 2212; x_wconf 90' lang='lat' dir='ltr'><strong>tuus.</strong></span> <span class='ocrx_word' id='word_1_139' title='bbox 1745 2155 1947 2211; x_wconf 80' lang='lat' dir='ltr'><strong>Noscat</strong></span> <span class='ocrx_word' id='word_1_140' title='bbox 1974 2168 2135 2223; x_wconf 85' lang='lat' dir='ltr'><strong>quem</strong></span> 
     </span>
    </p>
   </div>
   <div class='ocr_carea' id='block_1_25' title="bbox 551 2238 2139 2320">
    <p class='ocr_par' dir='ltr' id='par_1_25' title="bbox 551 2238 2139 2320">
     <span class='ocr_line' id='line_1_25' title="bbox 551 2238 2139 2320; baseline -0.005 -13"><span class='ocrx_word' id='word_1_141' title='bbox 551 2238 863 2318; x_wconf 72' lang='lat' dir='ltr'><strong>offenderit,</strong></span> <span class='ocrx_word' id='word_1_142' title='bbox 910 2258 966 2319; x_wconf 76' lang='lat' dir='ltr'><strong>et,</strong></span> <span class='ocrx_word' id='word_1_143' title='bbox 1016 2254 1069 2304; x_wconf 92' lang='lat' dir='ltr'><strong>in</strong></span> <span class='ocrx_word' id='word_1_144' title='bbox 1100 2265 1266 2320; x_wconf 87' lang='lat' dir='ltr'><strong>quem</strong></span> <span class='ocrx_word' id='word_1_145' title='bbox 1306 2262 1477 2304; x_wconf 59' lang='grc' dir='ltr'>αδδιτο</span> <span class='ocrx_word' id='word_1_146' title='bbox 1512 2248 1801 2317; x_wconf 87' lang='lat' dir='ltr'><strong>impotenti</strong></span> <span class='ocrx_word' id='word_1_147' title='bbox 1844 2246 2139 2301; x_wconf 86' lang='lat' dir='ltr'><strong>bacchatus</strong></span> 
     </span>
    </p>
   </div>
   <div class='ocr_carea' id='block_1_26' title="bbox 553 2335 2136 2411">
    <p class='ocr_par' dir='ltr' id='par_1_26' title="bbox 553 2335 2136 2411">
     <span class='ocr_line' id='line_1_26' title="bbox 553 2335 2136 2411; baseline -0.004 -13"><span class='ocrx_word' id='word_1_148' title='bbox 553 2344 647 2398; x_wconf 87' lang='lat' dir='ltr'><strong>sit.</strong></span> <span class='ocrx_word' id='word_1_149' title='bbox 670 2342 926 2397; x_wconf 85' lang='lat' dir='ltr'><strong>Pastores</strong></span> <span class='ocrx_word' id='word_1_150' title='bbox 949 2343 1195 2411; x_wconf 90' lang='lat' dir='ltr'><strong>luporum</strong></span> <span class='ocrx_word' id='word_1_151' title='bbox 1217 2341 1616 2395; x_wconf 85' lang='lat' dir='ltr'><strong>immanitatem</strong></span> <span class='ocrx_word' id='word_1_152' title='bbox 1641 2335 2136 2394; x_wconf 85' lang='lat' dir='ltr'><strong>convertit.0vium</strong></span> 
     </span>
    </p>
   </div>
   <div class='ocr_carea' id='block_1_27' title="bbox 555 2431 2139 2501">
    <p class='ocr_par' dir='ltr' id='par_1_27' title="bbox 555 2431 2139 2501">
     <span class='ocr_line' id='line_1_27' title="bbox 555 2431 2139 2501; baseline -0.003 -14"><span class='ocrx_word' id='word_1_153' title='bbox 555 2435 747 2488; x_wconf 74' lang='lat' dir='ltr'><strong>faciles</strong></span> <span class='ocrx_word' id='word_1_154' title='bbox 793 2434 1027 2497; x_wconf 84' lang='lat' dir='ltr'><strong>animos,</strong></span> <span class='ocrx_word' id='word_1_155' title='bbox 1062 2442 1121 2486; x_wconf 90' lang='lat' dir='ltr'><strong>ut</strong></span> <span class='ocrx_word' id='word_1_156' title='bbox 1172 2433 1239 2486; x_wconf 86' lang='lat' dir='ltr'><strong>iis</strong></span> <span class='ocrx_word' id='word_1_157' title='bbox 1287 2432 1668 2501; x_wconf 82' lang='lat' dir='ltr'><strong>obsequantur</strong></span> <span class='ocrx_word' id='word_1_158' title='bbox 1725 2432 1817 2500; x_wconf 90' lang='lat' dir='ltr'><strong>qui</strong></span> <span class='ocrx_word' id='word_1_159' title='bbox 1865 2431 2004 2485; x_wconf 82' lang='lat' dir='ltr'><strong>bene</strong></span> <span class='ocrx_word' id='word_1_160' title='bbox 2053 2442 2139 2482; x_wconf 75' lang='lat' dir='ltr'><strong>re-</strong></span> 
     </span>
    </p>
   </div>
   <div class='ocr_carea' id='block_1_28' title="bbox 556 2521 2134 2598">
    <p class='ocr_par' dir='ltr' id='par_1_28' title="bbox 556 2521 2134 2598">
     <span class='ocr_line' id='line_1_28' title="bbox 556 2521 2134 2598; baseline -0.002 -22"><span class='ocrx_word' id='word_1_161' title='bbox 556 2538 690 2598; x_wconf 68' lang='lat' dir='ltr'><strong>gunt</strong></span> <span class='ocrx_word' id='word_1_162' title='bbox 728 2541 790 2580; x_wconf 89' lang='lat' dir='ltr'><strong>ac</strong></span> <span class='ocrx_word' id='word_1_163' title='bbox 853 2535 1145 2595; x_wconf 69' lang='lat' dir='ltr'><strong>pransum,</strong></span> <span class='ocrx_word' id='word_1_164' title='bbox 1208 2538 1273 2578; x_wconf 90' lang='lat' dir='ltr'><strong>ae</strong></span> <span class='ocrx_word' id='word_1_165' title='bbox 1327 2525 1382 2578; x_wconf 93' lang='lat' dir='ltr'><strong>in</strong></span> <span class='ocrx_word' id='word_1_166' title='bbox 1441 2523 1821 2579; x_wconf 83' lang='lat' dir='ltr'><strong>inobedieutiae</strong></span> <span class='ocrx_word' id='word_1_167' title='bbox 1872 2521 2134 2576; x_wconf 78' lang='lat' dir='ltr'><strong>feritatem</strong></span> 
     </span>
    </p>
   </div>
   <div class='ocr_carea' id='block_1_29' title="bbox 556 2610 2134 2686">
    <p class='ocr_par' dir='ltr' id='par_1_29' title="bbox 556 2610 2134 2686">
     <span class='ocr_line' id='line_1_29' title="bbox 556 2610 2134 2686; baseline -0.004 -14"><span class='ocrx_word' id='word_1_168' title='bbox 556 2618 840 2685; x_wconf 77' lang='lat' dir='ltr'><strong>Compulit.</strong></span> <span class='ocrx_word' id='word_1_169' title='bbox 867 2618 951 2670; x_wconf 85' lang='lat' dir='ltr'><strong>Ab</strong></span> <span class='ocrx_word' id='word_1_170' title='bbox 975 2617 1092 2686; x_wconf 71' lang='lat' dir='ltr'><strong>eius</strong></span> <span class='ocrx_word' id='word_1_171' title='bbox 1119 2630 1307 2671; x_wconf 89' lang='lat' dir='ltr'><strong>errore</strong></span> <span class='ocrx_word' id='word_1_172' title='bbox 1329 2629 1546 2684; x_wconf 82' lang='lat' dir='ltr'><strong>gregem</strong></span> <span class='ocrx_word' id='word_1_173' title='bbox 1596 2614 1793 2679; x_wconf 88' lang='lat' dir='ltr'><strong>libera,</strong></span> <span class='ocrx_word' id='word_1_174' title='bbox 1830 2614 1920 2683; x_wconf 88' lang='lat' dir='ltr'><strong>qui</strong></span> <span class='ocrx_word' id='word_1_175' title='bbox 1951 2626 2009 2667; x_wconf 91' lang='lat' dir='ltr'><strong>se</strong></span> <span class='ocrx_word' id='word_1_176' title='bbox 2062 2610 2134 2665; x_wconf 89' lang='lat' dir='ltr'><strong>illi</strong></span> 
     </span>
    </p>
   </div>
   <div class='ocr_carea' id='block_1_30' title="bbox 542 2703 2133 2778">
    <p class='ocr_par' dir='ltr' id='par_1_30' title="bbox 542 2703 2133 2778">
     <span class='ocr_line' id='line_1_30' title="bbox 542 2703 2133 2778; baseline -0.006 -15"><span class='ocrx_word' id='word_1_177' title='bbox 542 2708 788 2763; x_wconf 78' lang='lat' dir='ltr'><strong>necdum</strong></span> <span class='ocrx_word' id='word_1_178' title='bbox 839 2707 1114 2778; x_wconf 71' lang='lat' dir='ltr'><strong>adjunsit,</strong></span> <span class='ocrx_word' id='word_1_179' title='bbox 1146 2707 1528 2761; x_wconf 86' lang='lat' dir='ltr'><strong>remissionem</strong></span> <span class='ocrx_word' id='word_1_180' title='bbox 1593 2722 1621 2759; x_wconf 83' lang='lat' dir='ltr'><strong>a</strong></span> <span class='ocrx_word' id='word_1_181' title='bbox 1666 2705 1827 2759; x_wconf 81' lang='lat' dir='ltr'><strong>malis</strong></span> <span class='ocrx_word' id='word_1_182' title='bbox 1869 2703 2133 2766; x_wconf 83' lang='lat' dir='ltr'><strong>obtineat,</strong></span> 
     </span>
    </p>
   </div>
   <div class='ocr_carea' id='block_1_31' title="bbox 559 2791 2133 2865">
    <p class='ocr_par' dir='ltr' id='par_1_31' title="bbox 559 2791 2133 2865">
     <span class='ocr_line' id='line_1_31' title="bbox 559 2791 2133 2865; baseline -0.006 -12"><span class='ocrx_word' id='word_1_183' title='bbox 559 2809 783 2853; x_wconf 86' lang='lat' dir='ltr'><strong>eruatur</strong></span> <span class='ocrx_word' id='word_1_184' title='bbox 857 2811 887 2850; x_wconf 88' lang='lat' dir='ltr'><strong>a</strong></span> <span class='ocrx_word' id='word_1_185' title='bbox 934 2796 1212 2865; x_wconf 86' lang='lat' dir='ltr'><strong>periculis.</strong></span> <span class='ocrx_word' id='word_1_186' title='bbox 1255 2794 1503 2850; x_wconf 77' lang='lat' dir='ltr'><strong>Dextera:</strong></span> <span class='ocrx_word' id='word_1_187' title='bbox 1557 2805 1659 2848; x_wconf 77' lang='lat' dir='ltr'><strong>tua:</strong></span> <span class='ocrx_word' id='word_1_188' title='bbox 1710 2791 1977 2863; x_wconf 84' lang='lat' dir='ltr'><strong>possessio</strong></span> <span class='ocrx_word' id='word_1_189' title='bbox 2014 2801 2133 2856; x_wconf 87' lang='lat' dir='ltr'><strong>est;</strong></span> 
     </span>
    </p>
   </div>
   <div class='ocr_carea' id='block_1_32' title="bbox 546 2887 2137 2959">
    <p class='ocr_par' dir='ltr' id='par_1_32' title="bbox 546 2887 2137 2959">
     <span class='ocr_line' id='line_1_32' title="bbox 546 2887 2137 2959; baseline -0.007 -14"><span class='ocrx_word' id='word_1_190' title='bbox 546 2890 740 2955; x_wconf 76' lang='lat' dir='ltr'><strong>neiis,</strong></span> <span class='ocrx_word' id='word_1_191' title='bbox 762 2904 968 2959; x_wconf 59' lang='lat' dir='ltr'><strong>quzxéso,</strong></span> <span class='ocrx_word' id='word_1_192' title='bbox 1001 2890 1156 2942; x_wconf 84' lang='lat' dir='ltr'><strong>cedat</strong></span> <span class='ocrx_word' id='word_1_193' title='bbox 1194 2889 1246 2941; x_wconf 88' lang='lat' dir='ltr'><strong>iu</strong></span> <span class='ocrx_word' id='word_1_194' title='bbox 1276 2889 1508 2959; x_wconf 66' lang='lat' dir='ltr'><strong>pra&#39;dam</strong></span> <span class='ocrx_word' id='word_1_195' title='bbox 1536 2888 1626 2955; x_wconf 88' lang='lat' dir='ltr'><strong>qui</strong></span> <span class='ocrx_word' id='word_1_196' title='bbox 1676 2887 1845 2955; x_wconf 84' lang='lat' dir='ltr'><strong>ipsam</strong></span> <span class='ocrx_word' id='word_1_197' title='bbox 1888 2890 2137 2953; x_wconf 73' lang='lat' dir='ltr'><strong>quwrunt</strong></span> 
     </span>
    </p>
   </div>
   <div class='ocr_carea' id='block_1_33' title="bbox 560 2973 2136 3047">
    <p class='ocr_par' dir='ltr' id='par_1_33' title="bbox 560 2973 2136 3047">
     <span class='ocr_line' id='line_1_33' title="bbox 560 2973 2136 3047; baseline -0.008 -9"><span class='ocrx_word' id='word_1_198' title='bbox 560 2985 851 3039; x_wconf 66' lang='lat' dir='ltr'><strong>detorare.</strong></span> <span class='ocrx_word' id='word_1_199' title='bbox 884 2981 995 3034; x_wconf 59' lang='lat' dir='ltr'><strong>Nos</strong></span> <span class='ocrx_word' id='word_1_200' title='bbox 1020 2992 1200 3033; x_wconf 82' lang='lat' dir='ltr'><strong>autem</strong></span> <span class='ocrx_word' id='word_1_201' title='bbox 1233 2979 1325 3047; x_wconf 90' lang='lat' dir='ltr'><strong>qui</strong></span> <span class='ocrx_word' id='word_1_202' title='bbox 1370 2979 1422 3030; x_wconf 91' lang='lat' dir='ltr'><strong>in</strong></span> <span class='ocrx_word' id='word_1_203' title='bbox 1460 2986 1548 3030; x_wconf 90' lang='lat' dir='ltr'><strong>tua</strong></span> <span class='ocrx_word' id='word_1_204' title='bbox 1591 2990 1690 3029; x_wconf 91' lang='lat' dir='ltr'><strong>nos</strong></span> <span class='ocrx_word' id='word_1_205' title='bbox 1725 2975 1925 3046; x_wconf 87' lang='lat' dir='ltr'><strong>judicia</strong></span> <span class='ocrx_word' id='word_1_206' title='bbox 1953 2973 2136 3043; x_wconf 83' lang='lat' dir='ltr'><strong>proje-</strong></span> 
     </span>
    </p>
   </div>
   <div class='ocr_carea' id='block_1_34' title="bbox 2242 509 3851 585">
    <p class='ocr_par' dir='ltr' id='par_1_34' title="bbox 2242 509 3851 585">
     <span class='ocr_line' id='line_1_34' title="bbox 2242 509 3851 585; baseline 0.002 -20"><span class='ocrx_word' id='word_1_207' title='bbox 2242 511 2427 581; x_wconf 86' lang='grc' dir='ltr'>μάτων</span> <span class='ocrx_word' id='word_1_208' title='bbox 2456 510 2778 582; x_wconf 78' lang='grc' dir='ltr'>ἀπαλλαγὴν</span> <span class='ocrx_word' id='word_1_209' title='bbox 2800 512 2908 573; x_wconf 84' lang='grc' dir='ltr'>τοῖς</span> <span class='ocrx_word' id='word_1_210' title='bbox 2935 509 3101 574; x_wconf 80' lang='grc' dir='ltr'>ἀξίως</span> <span class='ocrx_word' id='word_1_211' title='bbox 3134 511 3518 583; x_wconf 78' lang='grc' dir='ltr'>μετειληχέναι</span> <span class='ocrx_word' id='word_1_212' title='bbox 3543 517 3851 585; x_wconf 74' lang='grc' dir='ltr'>παραστή-</span> 
     </span>
    </p>
   </div>
   <div class='ocr_carea' id='block_1_35' title="bbox 2242 604 3844 679">
    <p class='ocr_par' dir='ltr' id='par_1_35' title="bbox 2242 604 3844 679">
     <span class='ocr_line' id='line_1_35' title="bbox 2242 604 3844 679; baseline 0.001 -20"><span class='ocrx_word' id='word_1_213' title='bbox 2242 622 2396 659; x_wconf 78' lang='grc' dir='ltr'>σασιν</span> <span class='ocrx_word' id='word_1_214' title='bbox 2442 608 2655 668; x_wconf 78' lang='grc' dir='ltr'>ἑαυτοῖς</span> <span class='ocrx_word' id='word_1_215' title='bbox 2715 607 2971 676; x_wconf 79' lang='grc' dir='ltr'><strong>χορηγεῖν</strong></span> <span class='ocrx_word' id='word_1_216' title='bbox 3023 604 3371 669; x_wconf 77' lang='grc' dir='ltr'>ἐδικαίωσας.</span> <span class='ocrx_word' id='word_1_217' title='bbox 3431 605 3635 661; x_wconf 74' lang='grc' dir='ltr'>Τοῦτον</span> <span class='ocrx_word' id='word_1_218' title='bbox 3691 608 3844 679; x_wconf 78' lang='grc' dir='ltr'>γὰρ,</span> 
     </span>
    </p>
   </div>
   <div class='ocr_carea' id='block_1_36' title="bbox 2241 695 3842 771">
    <p class='ocr_par' dir='ltr' id='par_1_36' title="bbox 2241 695 3842 771">
     <span class='ocr_line' id='line_1_36' title="bbox 2241 695 3842 771; baseline 0.002 -23"><span class='ocrx_word' id='word_1_219' title='bbox 2241 696 2443 760; x_wconf 79' lang='grc' dir='ltr'>παντὸς</span> <span class='ocrx_word' id='word_1_220' title='bbox 2496 696 2688 749; x_wconf 84' lang='grc' dir='ltr'>σπίλου</span> <span class='ocrx_word' id='word_1_221' title='bbox 2735 697 2826 749; x_wconf 71' lang='grc' dir='ltr'><strong>καὶ</strong></span> <span class='ocrx_word' id='word_1_222' title='bbox 2874 695 3071 766; x_wconf 82' lang='grc' dir='ltr'>μώμου</span> <span class='ocrx_word' id='word_1_223' title='bbox 3119 696 3310 768; x_wconf 73' lang='grc' dir='ltr'><strong>πὸῤῥω</strong></span> <span class='ocrx_word' id='word_1_224' title='bbox 3358 697 3718 768; x_wconf 83' lang='grc' dir='ltr'>τυγχάνοντα,</span> <span class='ocrx_word' id='word_1_225' title='bbox 3759 702 3842 771; x_wconf 83' lang='grc' dir='ltr'>τῇ</span> 
     </span>
    </p>
   </div>
   <div class='ocr_carea' id='block_1_37' title="bbox 2239 788 3845 862">
    <p class='ocr_par' dir='ltr' id='par_1_37' title="bbox 2239 788 3845 862">
     <span class='ocr_line' id='line_1_37' title="bbox 2239 788 3845 862; baseline 0.002 -22"><span class='ocrx_word' id='word_1_226' title='bbox 2239 791 2550 857; x_wconf 74' lang='grc' dir='ltr'>παγκρατεῖ</span> <span class='ocrx_word' id='word_1_227' title='bbox 2596 788 2689 841; x_wconf 77' lang='grc' dir='ltr'><strong>καὶ</strong></span> <span class='ocrx_word' id='word_1_228' title='bbox 2721 789 2815 840; x_wconf 86' lang='grc' dir='ltr'><strong>νύν</strong></span> <span class='ocrx_word' id='word_1_229' title='bbox 2855 791 2999 860; x_wconf 82' lang='grc' dir='ltr'>χειρί</span> <span class='ocrx_word' id='word_1_230' title='bbox 3035 806 3130 841; x_wconf 86' lang='grc' dir='ltr'><strong>σου</strong></span> <span class='ocrx_word' id='word_1_231' title='bbox 3172 789 3553 860; x_wconf 84' lang='grc' dir='ltr'>παρατίθημι,</span> <span class='ocrx_word' id='word_1_232' title='bbox 3581 790 3657 852; x_wconf 83' lang='grc' dir='ltr'><strong>ὡς</strong></span> <span class='ocrx_word' id='word_1_233' title='bbox 3692 792 3845 862; x_wconf 80' lang='grc' dir='ltr'>παρ’</span> 
     </span>
    </p>
   </div>
   <div class='ocr_carea' id='block_1_38' title="bbox 2237 875 3842 952">
    <p class='ocr_par' dir='ltr' id='par_1_38' title="bbox 2237 875 3842 952">
     <span class='ocr_line' id='line_1_38' title="bbox 2237 875 3842 952; baseline 0.002 -18"><span class='ocrx_word' id='word_1_234' title='bbox 2237 880 2406 950; x_wconf 80' lang='grc' dir='ltr'>αὐτῆς</span> <span class='ocrx_word' id='word_1_235' title='bbox 2456 881 2549 934; x_wconf 71' lang='grc' dir='ltr'><strong>καὶ</strong></span> <span class='ocrx_word' id='word_1_236' title='bbox 2589 875 2905 942; x_wconf 72' lang='grc' dir='ltr'>πιστευθεὶς</span> <span class='ocrx_word' id='word_1_237' title='bbox 2930 881 3120 934; x_wconf 78' lang='grc' dir='ltr'>τοῦτον</span> <span class='ocrx_word' id='word_1_238' title='bbox 3151 882 3246 936; x_wconf 71' lang='grc' dir='ltr'><strong>καὶ</strong></span> <span class='ocrx_word' id='word_1_239' title='bbox 3287 882 3629 952; x_wconf 73' lang='grc' dir='ltr'><strong>διατηρήσας</strong></span> <span class='ocrx_word' id='word_1_240' title='bbox 3662 884 3842 947; x_wconf 79' lang='grc' dir='ltr'>ὁσίως</span> 
     </span>
    </p>
   </div>
   <div class='ocr_carea' id='block_1_39' title="bbox 2240 972 3841 1045">
    <p class='ocr_par' dir='ltr' id='par_1_39' title="bbox 2240 972 3841 1045">
     <span class='ocr_line' id='line_1_39' title="bbox 2240 972 3841 1045; baseline 0.002 -19"><span class='ocrx_word' id='word_1_241' title='bbox 2240 974 2317 1035; x_wconf 79' lang='grc' dir='ltr'><strong>είς</strong></span> <span class='ocrx_word' id='word_1_242' title='bbox 2344 974 2605 1044; x_wconf 81' lang='grc' dir='ltr'>δύναμιν,</span> <span class='ocrx_word' id='word_1_243' title='bbox 2643 972 2737 1025; x_wconf 77' lang='grc' dir='ltr'><strong>ἐπὶ</strong></span> <span class='ocrx_word' id='word_1_244' title='bbox 2781 975 2849 1044; x_wconf 79' lang='grc' dir='ltr'>τῇ</span> <span class='ocrx_word' id='word_1_245' title='bbox 2897 972 3076 1045; x_wconf 77' lang='grc' dir='ltr'>πέτρα</span> <span class='ocrx_word' id='word_1_246' title='bbox 3106 976 3205 1044; x_wconf 79' lang='grc' dir='ltr'>τῆς</span> <span class='ocrx_word' id='word_1_247' title='bbox 3227 973 3461 1044; x_wconf 74' lang='grc' dir='ltr'>ἀληθοῦς</span> <span class='ocrx_word' id='word_1_248' title='bbox 3506 974 3841 1043; x_wconf 72' lang='grc' dir='ltr'><strong>φιλοσοφίας</strong></span> 
     </span>
    </p>
   </div>
   <div class='ocr_carea' id='block_1_40' title="bbox 2238 1063 3839 1136">
    <p class='ocr_par' dir='ltr' id='par_1_40' title="bbox 2238 1063 3839 1136">
     <span class='ocr_line' id='line_1_40' title="bbox 2238 1063 3839 1136; baseline 0 -19"><span class='ocrx_word' id='word_1_249' title='bbox 2238 1066 2627 1135; x_wconf 75' lang='grc' dir='ltr'>ἐρηρεισμένον</span> <span class='ocrx_word' id='word_1_250' title='bbox 2658 1063 2902 1133; x_wconf 74' lang='grc' dir='ltr'>ἐφύλαξα</span> <span class='ocrx_word' id='word_1_251' title='bbox 2927 1080 2939 1092; x_wconf 94' lang='grc'><strong>·</strong></span> <span class='ocrx_word' id='word_1_252' title='bbox 2974 1063 3048 1127; x_wconf 82' lang='grc' dir='ltr'><strong>ὡς</strong></span> <span class='ocrx_word' id='word_1_253' title='bbox 3081 1064 3243 1125; x_wconf 82' lang='grc' dir='ltr'>τόπος</span> <span class='ocrx_word' id='word_1_254' title='bbox 3284 1064 3376 1115; x_wconf 84' lang='grc' dir='ltr'><strong>καί</strong></span> <span class='ocrx_word' id='word_1_255' title='bbox 3430 1064 3702 1134; x_wconf 81' lang='grc' dir='ltr'><strong>σκήνωμα</strong></span> <span class='ocrx_word' id='word_1_256' title='bbox 3729 1065 3839 1136; x_wconf 76' lang='grc' dir='ltr'>τῆς</span> 
     </span>
    </p>
   </div>
   <div class='ocr_carea' id='block_1_41' title="bbox 2241 1153 3836 1226">
    <p class='ocr_par' dir='ltr' id='par_1_41' title="bbox 2241 1153 3836 1226">
     <span class='ocr_line' id='line_1_41' title="bbox 2241 1153 3836 1226; baseline 0 -18"><span class='ocrx_word' id='word_1_257' title='bbox 2241 1157 2338 1225; x_wconf 74' lang='grc' dir='ltr'>σῆς</span> <span class='ocrx_word' id='word_1_258' title='bbox 2364 1155 2522 1226; x_wconf 80' lang='grc' dir='ltr'>δόξης</span> <span class='ocrx_word' id='word_1_259' title='bbox 2569 1153 2668 1226; x_wconf 81' lang='grc' dir='ltr'><strong>τὴν</strong></span> <span class='ocrx_word' id='word_1_260' title='bbox 2697 1155 2894 1208; x_wconf 78' lang='grc' dir='ltr'>ἑαυτοῦ</span> <span class='ocrx_word' id='word_1_261' title='bbox 2940 1156 3230 1223; x_wconf 73' lang='grc' dir='ltr'>παγκάλην</span> <span class='ocrx_word' id='word_1_262' title='bbox 3267 1154 3600 1223; x_wconf 79' lang='grc' dir='ltr'>εὐπρέπειαν</span> <span class='ocrx_word' id='word_1_263' title='bbox 3630 1155 3836 1208; x_wconf 80' lang='grc' dir='ltr'>διεσώ-</span> 
     </span>
    </p>
   </div>
   <div class='ocr_carea' id='block_1_42' title="bbox 2239 1246 3837 1319">
    <p class='ocr_par' dir='ltr' id='par_1_42' title="bbox 2239 1246 3837 1319">
     <span class='ocr_line' id='line_1_42' title="bbox 2239 1246 3837 1319; baseline -0.001 -17"><span class='ocrx_word' id='word_1_264' title='bbox 2239 1266 2390 1310; x_wconf 83' lang='grc' dir='ltr'>σατο,</span> <span class='ocrx_word' id='word_1_265' title='bbox 2429 1248 2580 1311; x_wconf 84' lang='grc' dir='ltr'><strong>υίούς</strong></span> <span class='ocrx_word' id='word_1_266' title='bbox 2623 1265 2707 1301; x_wconf 87' lang='grc' dir='ltr'><strong>σοι</strong></span> <span class='ocrx_word' id='word_1_267' title='bbox 2753 1248 2848 1301; x_wconf 76' lang='grc' dir='ltr'><strong>καὶ</strong></span> <span class='ocrx_word' id='word_1_268' title='bbox 2898 1247 3272 1318; x_wconf 70' lang='grc' dir='ltr'>κληρονόμους</span> <span class='ocrx_word' id='word_1_269' title='bbox 3328 1247 3418 1300; x_wconf 86' lang='grc' dir='ltr'><strong>διά</strong></span> <span class='ocrx_word' id='word_1_270' title='bbox 3476 1246 3576 1315; x_wconf 77' lang='grc' dir='ltr'>τῆς</span> <span class='ocrx_word' id='word_1_271' title='bbox 3620 1249 3837 1319; x_wconf 79' lang='grc' dir='ltr'>σεπτῆς</span> 
     </span>
    </p>
   </div>
   <div class='ocr_carea' id='block_1_43' title="bbox 2237 1337 3834 1411">
    <p class='ocr_par' dir='ltr' id='par_1_43' title="bbox 2237 1337 3834 1411">
     <span class='ocr_line' id='line_1_43' title="bbox 2237 1337 3834 1411; baseline 0.001 -20"><span class='ocrx_word' id='word_1_272' title='bbox 2237 1339 2625 1411; x_wconf 78' lang='grc' dir='ltr'>κολυμϐήθρας</span> <span class='ocrx_word' id='word_1_273' title='bbox 2676 1337 2905 1400; x_wconf 79' lang='grc' dir='ltr'>πολλοὺς</span> <span class='ocrx_word' id='word_1_274' title='bbox 2961 1339 3313 1407; x_wconf 82' lang='grc' dir='ltr'>ὑπηγάγετο,</span> <span class='ocrx_word' id='word_1_275' title='bbox 3379 1338 3467 1391; x_wconf 79' lang='grc' dir='ltr'><strong>διά</strong></span> <span class='ocrx_word' id='word_1_276' title='bbox 3528 1339 3834 1411; x_wconf 72' lang='grc' dir='ltr'><strong>μετανοίας</strong></span> 
     </span>
    </p>
   </div>
   <div class='ocr_carea' id='block_1_44' title="bbox 2235 1410 3834 1499">
    <p class='ocr_par' dir='ltr' id='par_1_44' title="bbox 2235 1410 3834 1499">
     <span class='ocr_line' id='line_1_44' title="bbox 2235 1410 3834 1499; baseline -0.001 -16"><span class='ocrx_word' id='word_1_277' title='bbox 2235 1430 2527 1483; x_wconf 84' lang='grc' dir='ltr'>ἁνενδότου</span> <span class='ocrx_word' id='word_1_278' title='bbox 2578 1431 2645 1499; x_wconf 83' lang='grc' dir='ltr'>τῇ</span> <span class='ocrx_word' id='word_1_279' title='bbox 2683 1427 3046 1498; x_wconf 85' lang='grc' dir='ltr'>εὐσπλάγχνῳ</span> <span class='ocrx_word' id='word_1_280' title='bbox 3080 1427 3340 1499; x_wconf 75' lang='grc' dir='ltr'>εὐμενείᾳ</span> <span class='ocrx_word' id='word_1_281' title='bbox 3391 1443 3485 1480; x_wconf 90' lang='grc' dir='ltr'><strong>σου</strong></span> <span class='ocrx_word' id='word_1_282' title='bbox 3544 1410 3834 1497; x_wconf 51' lang='grc' dir='ltr'>κρείττουΙς</span> 
     </span>
    </p>
   </div>
   <div class='ocr_carea' id='block_1_45' title="bbox 2236 1519 3832 1591">
    <p class='ocr_par' dir='ltr' id='par_1_45' title="bbox 2236 1519 3832 1591">
     <span class='ocr_line' id='line_1_45' title="bbox 2236 1519 3832 1591; baseline 0 -17"><span class='ocrx_word' id='word_1_283' title='bbox 2236 1520 2476 1591; x_wconf 81' lang='grc' dir='ltr'>ἀριθμοῦ</span> <span class='ocrx_word' id='word_1_284' title='bbox 2540 1519 2981 1591; x_wconf 84' lang='grc' dir='ltr'>προσῳκείωσεν.</span> <span class='ocrx_word' id='word_1_285' title='bbox 3027 1519 3139 1585; x_wconf 77' lang='grc' dir='ltr'>Σοὶ,</span> <span class='ocrx_word' id='word_1_286' title='bbox 3182 1520 3399 1590; x_wconf 87' lang='grc' dir='ltr'>Σῶτερ,</span> <span class='ocrx_word' id='word_1_287' title='bbox 3438 1519 3537 1590; x_wconf 81' lang='grc' dir='ltr'>τὴν</span> <span class='ocrx_word' id='word_1_288' title='bbox 3568 1537 3832 1590; x_wconf 88' lang='grc' dir='ltr'>παρακα-</span> 
     </span>
    </p>
   </div>
   <div class='ocr_carea' id='block_1_46' title="bbox 2236 1609 3830 1682">
    <p class='ocr_par' dir='ltr' id='par_1_46' title="bbox 2236 1609 3830 1682">
     <span class='ocr_line' id='line_1_46' title="bbox 2236 1609 3830 1682; baseline 0.001 -18"><span class='ocrx_word' id='word_1_289' title='bbox 2236 1611 2506 1682; x_wconf 84' lang='grc' dir='ltr'>ταθήκην,</span> <span class='ocrx_word' id='word_1_290' title='bbox 2554 1611 2603 1663; x_wconf 86' lang='grc' dir='ltr'>εἰ</span> <span class='ocrx_word' id='word_1_291' title='bbox 2644 1610 2739 1664; x_wconf 72' lang='grc' dir='ltr'>καὶ</span> <span class='ocrx_word' id='word_1_292' title='bbox 2764 1609 3012 1674; x_wconf 78' lang='grc' dir='ltr'><strong>ἀναξίαις</strong></span> <span class='ocrx_word' id='word_1_293' title='bbox 3040 1610 3250 1681; x_wconf 74' lang='grc' dir='ltr'>χερσῖν,</span> <span class='ocrx_word' id='word_1_294' title='bbox 3293 1610 3607 1680; x_wconf 66' lang='grc' dir='ltr'>ἐπιδίδωμι,</span> <span class='ocrx_word' id='word_1_295' title='bbox 3643 1628 3830 1682; x_wconf 82' lang='grc' dir='ltr'>παρα-</span> 
     </span>
    </p>
   </div>
   <div class='ocr_carea' id='block_1_47' title="bbox 2237 1701 3827 1775">
    <p class='ocr_par' dir='ltr' id='par_1_47' title="bbox 2237 1701 3827 1775">
     <span class='ocr_line' id='line_1_47' title="bbox 2237 1701 3827 1775; baseline 0.001 -19"><span class='ocrx_word' id='word_1_296' title='bbox 2237 1703 2403 1775; x_wconf 83' lang='grc' dir='ltr'><strong>χωρῶ</strong></span> <span class='ocrx_word' id='word_1_297' title='bbox 2445 1706 2510 1772; x_wconf 78' lang='grc' dir='ltr'>τῇ</span> <span class='ocrx_word' id='word_1_298' title='bbox 2546 1706 2612 1774; x_wconf 85' lang='grc' dir='ltr'>σῇ</span> <span class='ocrx_word' id='word_1_299' title='bbox 2659 1701 2768 1754; x_wconf 82' lang='grc' dir='ltr'><strong>τῶν</strong></span> <span class='ocrx_word' id='word_1_300' title='bbox 2810 1701 3099 1771; x_wconf 72' lang='grc' dir='ltr'><strong>χριμάτων</strong></span> <span class='ocrx_word' id='word_1_301' title='bbox 3131 1701 3354 1772; x_wconf 82' lang='grc' dir='ltr'>ἀϐὐσσῳ</span> <span class='ocrx_word' id='word_1_302' title='bbox 3384 1701 3450 1755; x_wconf 87' lang='grc' dir='ltr'><strong>τά</strong></span> <span class='ocrx_word' id='word_1_303' title='bbox 3486 1702 3608 1756; x_wconf 77' lang='grc' dir='ltr'>κατ’</span> <span class='ocrx_word' id='word_1_304' title='bbox 3634 1702 3827 1767; x_wconf 78' lang='grc' dir='ltr'>αὐτὸν,</span> 
     </span>
    </p>
   </div>
   <div class='ocr_carea' id='block_1_48' title="bbox 2237 1790 3823 1863">
    <p class='ocr_par' dir='ltr' id='par_1_48' title="bbox 2237 1790 3823 1863">
     <span class='ocr_line' id='line_1_48' title="bbox 2237 1790 3823 1863; baseline -0.001 -17"><span class='ocrx_word' id='word_1_305' title='bbox 2237 1794 2311 1858; x_wconf 82' lang='grc' dir='ltr'>ὡς</span> <span class='ocrx_word' id='word_1_306' title='bbox 2331 1792 2572 1855; x_wconf 89' lang='grc' dir='ltr'>εὐδοκεῖς</span> <span class='ocrx_word' id='word_1_307' title='bbox 2588 1792 2951 1845; x_wconf 78' lang='grc' dir='ltr'><strong>διατίθεσθαι.</strong></span> <span class='ocrx_word' id='word_1_308' title='bbox 2968 1791 3120 1844; x_wconf 79' lang='grc' dir='ltr'>Λέων</span> <span class='ocrx_word' id='word_1_309' title='bbox 3137 1791 3256 1845; x_wconf 81' lang='grc' dir='ltr'>κατ’</span> <span class='ocrx_word' id='word_1_310' title='bbox 3278 1790 3451 1861; x_wconf 83' lang='grc' dir='ltr'>αὐτῆς</span> <span class='ocrx_word' id='word_1_311' title='bbox 3472 1792 3785 1863; x_wconf 82' lang='grc' dir='ltr'>ὲπωρύεται</span> <span class='ocrx_word' id='word_1_312' title='bbox 3804 1835 3823 1861; x_wconf 85' lang='lat'><strong>,</strong></span> 
     </span>
    </p>
   </div>
   <div class='ocr_carea' id='block_1_49' title="bbox 2240 1881 3825 1955">
    <p class='ocr_par' dir='ltr' id='par_1_49' title="bbox 2240 1881 3825 1955">
     <span class='ocr_line' id='line_1_49' title="bbox 2240 1881 3825 1955; baseline 0.003 -20"><span class='ocrx_word' id='word_1_313' title='bbox 2240 1882 2421 1955; x_wconf 79' lang='grc' dir='ltr'>ζητῶν</span> <span class='ocrx_word' id='word_1_314' title='bbox 2446 1882 2715 1953; x_wconf 80' lang='grc' dir='ltr'>ἁρπάσαι,</span> <span class='ocrx_word' id='word_1_315' title='bbox 2747 1882 2976 1944; x_wconf 76' lang='grc' dir='ltr'>καὶτοῖς</span> <span class='ocrx_word' id='word_1_316' title='bbox 3008 1881 3203 1935; x_wconf 81' lang='grc' dir='ltr'>ἑαυτοῦ</span> <span class='ocrx_word' id='word_1_317' title='bbox 3245 1881 3505 1954; x_wconf 77' lang='grc' dir='ltr'>σκύμνοις</span> <span class='ocrx_word' id='word_1_318' title='bbox 3537 1885 3825 1955; x_wconf 80' lang='grc' dir='ltr'>ἑτοιμάσαι</span> 
     </span>
    </p>
   </div>
   <div class='ocr_carea' id='block_1_50' title="bbox 2238 1971 3823 2045">
    <p class='ocr_par' dir='ltr' id='par_1_50' title="bbox 2238 1971 3823 2045">
     <span class='ocr_line' id='line_1_50' title="bbox 2238 1971 3823 2045; baseline 0.001 -19"><span class='ocrx_word' id='word_1_319' title='bbox 2238 1971 2459 2043; x_wconf 69' lang='grc' dir='ltr'>δαψιλὲς</span> <span class='ocrx_word' id='word_1_320' title='bbox 2488 1974 2804 2043; x_wconf 74' lang='grc' dir='ltr'>οἰκητήριον</span> <span class='ocrx_word' id='word_1_321' title='bbox 2823 1986 2837 2001; x_wconf 70' lang='grc'>⁸</span> <span class='ocrx_word' id='word_1_322' title='bbox 2875 1971 2951 2042; x_wconf 81' lang='grc' dir='ltr'>μὴ</span> <span class='ocrx_word' id='word_1_323' title='bbox 2973 1971 3389 2036; x_wconf 81' lang='grc' dir='ltr'>ὲπινυσταξάτω</span> <span class='ocrx_word' id='word_1_324' title='bbox 3421 1972 3562 2027; x_wconf 82' lang='grc' dir='ltr'><strong>κατά</strong></span> <span class='ocrx_word' id='word_1_325' title='bbox 3595 1974 3696 2045; x_wconf 84' lang='grc' dir='ltr'>τῆς</span> <span class='ocrx_word' id='word_1_326' title='bbox 3719 1976 3823 2028; x_wconf 87' lang='grc' dir='ltr'>αὐ·-</span> 
     </span>
    </p>
   </div>
   <div class='ocr_carea' id='block_1_51' title="bbox 2238 2064 3824 2138">
    <p class='ocr_par' dir='ltr' id='par_1_51' title="bbox 2238 2064 3824 2138">
     <span class='ocr_line' id='line_1_51' title="bbox 2238 2064 3824 2138; baseline 0 -18"><span class='ocrx_word' id='word_1_327' title='bbox 2238 2066 2332 2120; x_wconf 82' lang='grc' dir='ltr'>τοῦ</span> <span class='ocrx_word' id='word_1_328' title='bbox 2357 2064 2659 2138; x_wconf 87' lang='grc' dir='ltr'>τολμηρίας</span> <span class='ocrx_word' id='word_1_329' title='bbox 2685 2067 2714 2119; x_wconf 85' lang='grc' dir='ltr'>ὁ</span> <span class='ocrx_word' id='word_1_330' title='bbox 2744 2064 3013 2136; x_wconf 86' lang='grc' dir='ltr'>παμφαής</span> <span class='ocrx_word' id='word_1_331' title='bbox 3042 2081 3136 2117; x_wconf 90' lang='grc' dir='ltr'><strong>σου</strong></span> <span class='ocrx_word' id='word_1_332' title='bbox 3167 2065 3263 2119; x_wconf 71' lang='grc' dir='ltr'><strong>καὶ</strong></span> <span class='ocrx_word' id='word_1_333' title='bbox 3290 2065 3592 2138; x_wconf 86' lang='grc' dir='ltr'>ἀκοίμητος</span> <span class='ocrx_word' id='word_1_334' title='bbox 3620 2066 3824 2136; x_wconf 84' lang='grc' dir='ltr'>ὀφθαλ-</span> 
     </span>
    </p>
   </div>
   <div class='ocr_carea' id='block_1_52' title="bbox 2242 2157 3821 2231">
    <p class='ocr_par' dir='ltr' id='par_1_52' title="bbox 2242 2157 3821 2231">
     <span class='ocr_line' id='line_1_52' title="bbox 2242 2157 3821 2231; baseline 0.001 -19"><span class='ocrx_word' id='word_1_335' title='bbox 2242 2159 2340 2231; x_wconf 85' lang='grc' dir='ltr'><strong>μός</strong></span> <span class='ocrx_word' id='word_1_336' title='bbox 2360 2175 2375 2190; x_wconf 74' lang='grc' dir='ltr'><strong>ο</strong></span> <span class='ocrx_word' id='word_1_337' title='bbox 2401 2159 2615 2228; x_wconf 83' lang='grc' dir='ltr'>γνώτω,</span> <span class='ocrx_word' id='word_1_338' title='bbox 2647 2157 2753 2210; x_wconf 90' lang='grc' dir='ltr'>τίνι</span> <span class='ocrx_word' id='word_1_339' title='bbox 2783 2157 3252 2228; x_wconf 80' lang='grc' dir='ltr'>προσκέκρουκεν,</span> <span class='ocrx_word' id='word_1_340' title='bbox 3283 2159 3376 2211; x_wconf 77' lang='grc' dir='ltr'>καὶ</span> <span class='ocrx_word' id='word_1_341' title='bbox 3408 2160 3544 2231; x_wconf 72' lang='grc' dir='ltr'>πρὸς</span> <span class='ocrx_word' id='word_1_342' title='bbox 3567 2159 3627 2213; x_wconf 85' lang='grc' dir='ltr'><strong>δν</strong></span> <span class='ocrx_word' id='word_1_343' title='bbox 3648 2161 3821 2227; x_wconf 81' lang='grc' dir='ltr'>ἀκρα·</span> 
     </span>
    </p>
   </div>
   <div class='ocr_carea' id='block_1_53' title="bbox 2238 2247 3819 2321">
    <p class='ocr_par' dir='ltr' id='par_1_53' title="bbox 2238 2247 3819 2321">
     <span class='ocr_line' id='line_1_53' title="bbox 2238 2247 3819 2321; baseline 0.002 -19"><span class='ocrx_word' id='word_1_344' title='bbox 2238 2248 2345 2313; x_wconf 90' lang='grc' dir='ltr'><strong>τῶς</strong></span> <span class='ocrx_word' id='word_1_345' title='bbox 2386 2248 2813 2320; x_wconf 78' lang='grc' dir='ltr'>πεπαρῴνηκεν.</span> <span class='ocrx_word' id='word_1_346' title='bbox 2855 2249 2950 2311; x_wconf 87' lang='grc' dir='ltr'>Είς</span> <span class='ocrx_word' id='word_1_347' title='bbox 2989 2247 3171 2303; x_wconf 78' lang='grc' dir='ltr'>λύκων</span> <span class='ocrx_word' id='word_1_348' title='bbox 3204 2248 3501 2321; x_wconf 85' lang='grc' dir='ltr'>θηριωδίαν</span> <span class='ocrx_word' id='word_1_349' title='bbox 3536 2251 3664 2314; x_wconf 86' lang='grc' dir='ltr'><strong>τούς</strong></span> <span class='ocrx_word' id='word_1_350' title='bbox 3696 2267 3819 2305; x_wconf 81' lang='grc' dir='ltr'>ποι-</span> 
     </span>
    </p>
   </div>
   <div class='ocr_carea' id='block_1_54' title="bbox 2241 2339 3813 2412">
    <p class='ocr_par' dir='ltr' id='par_1_54' title="bbox 2241 2339 3813 2412">
     <span class='ocr_line' id='line_1_54' title="bbox 2241 2339 3813 2412; baseline 0.001 -19"><span class='ocrx_word' id='word_1_351' title='bbox 2241 2340 2409 2412; x_wconf 79' lang='grc' dir='ltr'>μένας</span> <span class='ocrx_word' id='word_1_352' title='bbox 2460 2339 2819 2411; x_wconf 73' lang='grc' dir='ltr'>μετήμειψεν,</span> <span class='ocrx_word' id='word_1_353' title='bbox 2868 2339 2968 2410; x_wconf 77' lang='grc' dir='ltr'>τὴν</span> <span class='ocrx_word' id='word_1_354' title='bbox 3018 2340 3154 2410; x_wconf 67' lang='grc' dir='ltr'>πρὸς</span> <span class='ocrx_word' id='word_1_355' title='bbox 3200 2341 3329 2405; x_wconf 77' lang='grc' dir='ltr'>τοὺς</span> <span class='ocrx_word' id='word_1_356' title='bbox 3358 2341 3543 2405; x_wconf 89' lang='grc' dir='ltr'>καλῶς</span> <span class='ocrx_word' id='word_1_357' title='bbox 3590 2342 3813 2411; x_wconf 81' lang='grc' dir='ltr'>ἄγοντας</span> 
     </span>
    </p>
   </div>
   <div class='ocr_carea' id='block_1_55' title="bbox 2236 2430 3817 2504">
    <p class='ocr_par' dir='ltr' id='par_1_55' title="bbox 2236 2430 3817 2504">
     <span class='ocr_line' id='line_1_55' title="bbox 2236 2430 3817 2504; baseline 0.001 -19"><span class='ocrx_word' id='word_1_358' title='bbox 2236 2432 2344 2485; x_wconf 84' lang='grc' dir='ltr'><strong>τῶν</strong></span> <span class='ocrx_word' id='word_1_359' title='bbox 2393 2430 2684 2503; x_wconf 81' lang='grc' dir='ltr'>προϐάτων</span> <span class='ocrx_word' id='word_1_360' title='bbox 2733 2430 3046 2485; x_wconf 78' lang='grc' dir='ltr'>εὐπείθειαν</span> <span class='ocrx_word' id='word_1_361' title='bbox 3099 2432 3235 2503; x_wconf 79' lang='grc' dir='ltr'>πρὸς</span> <span class='ocrx_word' id='word_1_362' title='bbox 3284 2432 3569 2497; x_wconf 82' lang='grc' dir='ltr'>ἀπειθείας</span> <span class='ocrx_word' id='word_1_363' title='bbox 3618 2433 3817 2504; x_wconf 72' lang='grc' dir='ltr'>ἤλασεν</span> 
     </span>
    </p>
   </div>
   <div class='ocr_carea' id='block_1_56' title="bbox 2236 2506 3824 2595">
    <p class='ocr_par' dir='ltr' id='par_1_56' title="bbox 2236 2506 3824 2595">
     <span class='ocr_line' id='line_1_56' title="bbox 2236 2506 3824 2595; baseline 0.001 -20"><span class='ocrx_word' id='word_1_364' title='bbox 2236 2514 2568 2593; x_wconf 78' lang='grc' dir='ltr'>ἀχρειότητα</span> <span class='ocrx_word' id='word_1_365' title='bbox 2587 2538 2601 2553; x_wconf 71' lang='grc'><strong><em>⁸</em></strong></span> <span class='ocrx_word' id='word_1_366' title='bbox 2629 2521 2879 2592; x_wconf 67' lang='grc' dir='ltr'>ἅρπασον</span> <span class='ocrx_word' id='word_1_367' title='bbox 2901 2506 3002 2592; x_wconf 76' lang='grc' dir='ltr'>τῆς</span> <span class='ocrx_word' id='word_1_368' title='bbox 3033 2522 3198 2575; x_wconf 78' lang='grc' dir='ltr'>αὐτοῦ</span> <span class='ocrx_word' id='word_1_369' title='bbox 3216 2522 3440 2594; x_wconf 77' lang='grc' dir='ltr'>πλάνης,</span> <span class='ocrx_word' id='word_1_370' title='bbox 3461 2523 3521 2574; x_wconf 84' lang='grc' dir='ltr'>τὸ</span> <span class='ocrx_word' id='word_1_371' title='bbox 3549 2522 3625 2594; x_wconf 78' lang='grc' dir='ltr'><strong>μὴ</strong></span> <span class='ocrx_word' id='word_1_372' title='bbox 3652 2540 3824 2595; x_wconf 84' lang='grc' dir='ltr'>προσ-</span> 
     </span>
    </p>
   </div>
   <div class='ocr_carea' id='block_1_57' title="bbox 2236 2612 3820 2684">
    <p class='ocr_par' dir='ltr' id='par_1_57' title="bbox 2236 2612 3820 2684">
     <span class='ocr_line' id='line_1_57' title="bbox 2236 2612 3820 2684; baseline 0.001 -18"><span class='ocrx_word' id='word_1_373' title='bbox 2236 2613 2390 2666; x_wconf 79' lang='grc' dir='ltr'>τεθὲν</span> <span class='ocrx_word' id='word_1_374' title='bbox 2423 2612 2572 2683; x_wconf 88' lang='grc' dir='ltr'>αὐτῷ</span> <span class='ocrx_word' id='word_1_375' title='bbox 2601 2612 2886 2683; x_wconf 75' lang='grc' dir='ltr'>ποίμνιονο</span> <span class='ocrx_word' id='word_1_376' title='bbox 2936 2613 3181 2684; x_wconf 78' lang='grc' dir='ltr'>ἀνεθήτω</span> <span class='ocrx_word' id='word_1_377' title='bbox 3237 2613 3345 2667; x_wconf 87' lang='grc' dir='ltr'><strong>τῶν</strong></span> <span class='ocrx_word' id='word_1_378' title='bbox 3404 2612 3615 2679; x_wconf 83' lang='grc' dir='ltr'>δεινῶν,</span> <span class='ocrx_word' id='word_1_379' title='bbox 3641 2613 3820 2667; x_wconf 84' lang='grc' dir='ltr'>ἀπαλ-</span> 
     </span>
    </p>
   </div>
   <div class='ocr_carea' id='block_1_58' title="bbox 2236 2701 3816 2776">
    <p class='ocr_par' dir='ltr' id='par_1_58' title="bbox 2236 2701 3816 2776">
     <span class='ocr_line' id='line_1_58' title="bbox 2236 2701 3816 2776; baseline 0.003 -22"><span class='ocrx_word' id='word_1_380' title='bbox 2236 2701 2458 2772; x_wconf 86' lang='grc' dir='ltr'>λαγήτω</span> <span class='ocrx_word' id='word_1_381' title='bbox 2481 2702 2586 2755; x_wconf 88' lang='grc' dir='ltr'><strong>τῶν</strong></span> <span class='ocrx_word' id='word_1_382' title='bbox 2619 2702 2919 2774; x_wconf 81' lang='grc' dir='ltr'>δυσχερῶν.</span> <span class='ocrx_word' id='word_1_383' title='bbox 2950 2704 3062 2774; x_wconf 82' lang='grc' dir='ltr'>Τῆς</span> <span class='ocrx_word' id='word_1_384' title='bbox 3092 2704 3193 2775; x_wconf 83' lang='grc' dir='ltr'>σῆς</span> <span class='ocrx_word' id='word_1_385' title='bbox 3233 2703 3416 2776; x_wconf 78' lang='grc' dir='ltr'>χειρός</span> <span class='ocrx_word' id='word_1_386' title='bbox 3449 2705 3566 2757; x_wconf 76' lang='grc' dir='ltr'>ἐστι</span> <span class='ocrx_word' id='word_1_387' title='bbox 3593 2703 3816 2775; x_wconf 77' lang='grc' dir='ltr'>κτῆμα·</span> 
     </span>
    </p>
   </div>
   <div class='ocr_carea' id='block_1_59' title="bbox 2242 2791 3823 2867">
    <p class='ocr_par' dir='ltr' id='par_1_59' title="bbox 2242 2791 3823 2867">
     <span class='ocr_line' id='line_1_59' title="bbox 2242 2791 3823 2867; baseline 0.005 -24"><span class='ocrx_word' id='word_1_388' title='bbox 2242 2791 2317 2865; x_wconf 77' lang='grc' dir='ltr'><strong>μη</strong></span> <span class='ocrx_word' id='word_1_389' title='bbox 2347 2796 2461 2857; x_wconf 82' lang='grc' dir='ltr'>τοῖς</span> <span class='ocrx_word' id='word_1_390' title='bbox 2495 2795 2788 2848; x_wconf 80' lang='grc' dir='ltr'>καταπιεῖν</span> <span class='ocrx_word' id='word_1_391' title='bbox 2819 2794 3041 2865; x_wconf 75' lang='grc' dir='ltr'>ζητοίσι</span> <span class='ocrx_word' id='word_1_392' title='bbox 3084 2795 3298 2862; x_wconf 84' lang='grc' dir='ltr'>γένοιτο</span> <span class='ocrx_word' id='word_1_393' title='bbox 3352 2795 3595 2867; x_wconf 80' lang='grc' dir='ltr'>θήραμα.</span> <span class='ocrx_word' id='word_1_394' title='bbox 3646 2796 3823 2867; x_wconf 77' lang='grc' dir='ltr'>Ἦμᾶς</span> 
     </span>
    </p>
   </div>
   <div class='ocr_carea' id='block_1_60' title="bbox 2238 2882 3839 2958">
    <p class='ocr_par' dir='ltr' id='par_1_60' title="bbox 2238 2882 3839 2958">
     <span class='ocr_line' id='line_1_60' title="bbox 2238 2882 3839 2958; baseline 0.003 -23"><span class='ocrx_word' id='word_1_395' title='bbox 2238 2882 2293 2936; x_wconf 81' lang='grc' dir='ltr'>δὲ</span> <span class='ocrx_word' id='word_1_396' title='bbox 2331 2885 2443 2948; x_wconf 91' lang='grc' dir='ltr'>τοῖς</span> <span class='ocrx_word' id='word_1_397' title='bbox 2487 2886 2600 2947; x_wconf 87' lang='grc' dir='ltr'>σοῖς</span> <span class='ocrx_word' id='word_1_398' title='bbox 2637 2885 2863 2949; x_wconf 82' lang='grc' dir='ltr'>ὲαυτούς</span> <span class='ocrx_word' id='word_1_399' title='bbox 2906 2884 3305 2957; x_wconf 47' lang='lat' dir='ltr'><strong>sumptuum;</strong></span> <span class='ocrx_word' id='word_1_400' title='bbox 3353 2888 3611 2958; x_wconf 78' lang='grc' dir='ltr'>κρίμασι,</span> <span class='ocrx_word' id='word_1_401' title='bbox 3671 2904 3839 2958; x_wconf 57' lang='grc' dir='ltr'>χειρδ</span> 
     </span>
    </p>
   </div>
   <div class='ocr_carea' id='block_1_61' title="bbox 2240 2975 3821 3050">
    <p class='ocr_par' dir='ltr' id='par_1_61' title="bbox 2240 2975 3821 3050">
     <span class='ocr_line' id='line_1_61' title="bbox 2240 2975 3821 3050; baseline 0.003 -22"><span class='ocrx_word' id='word_1_402' title='bbox 2240 2976 2522 3045; x_wconf 83' lang='grc' dir='ltr'>αγωγοίης</span> <span class='ocrx_word' id='word_1_403' title='bbox 2553 2975 2649 3028; x_wconf 55' lang='grc' dir='ltr'><strong>καί¹</strong></span> <span class='ocrx_word' id='word_1_404' title='bbox 2686 2976 2939 3046; x_wconf 77' lang='grc' dir='ltr'>ὀδηγοίης</span> <span class='ocrx_word' id='word_1_405' title='bbox 2970 2977 3093 3030; x_wconf 80' lang='grc' dir='ltr'>ὅποι</span> <span class='ocrx_word' id='word_1_406' title='bbox 3110 2977 3263 3046; x_wconf 88' lang='grc' dir='ltr'>φίλον</span> <span class='ocrx_word' id='word_1_407' title='bbox 3295 2980 3361 3049; x_wconf 74' lang='grc' dir='ltr'>τῇ</span> <span class='ocrx_word' id='word_1_408' title='bbox 3395 2980 3461 3049; x_wconf 78' lang='grc' dir='ltr'>σῇ</span> <span class='ocrx_word' id='word_1_409' title='bbox 3493 2979 3821 3050; x_wconf 80' lang='grc' dir='ltr'>κυϐερνήσει</span> 
     </span>
    </p>
   </div>
   <div class='ocr_carea' id='block_1_62' title="bbox 462 3064 2137 3167">
    <p class='ocr_par' dir='ltr' id='par_1_62' title="bbox 462 3064 2137 3141">
     <span class='ocr_line' id='line_1_62' title="bbox 462 3064 2137 3141; baseline -0.007 -10"><span class='ocrx_word' id='word_1_410' title='bbox 462 3118 475 3141; x_wconf 89' lang='lat'><strong>,</strong></span> <span class='ocrx_word' id='word_1_411' title='bbox 558 3064 754 3137; x_wconf 83' lang='lat' dir='ltr'><strong>cimus,</strong></span> <span class='ocrx_word' id='word_1_412' title='bbox 791 3090 949 3127; x_wconf 87' lang='lat' dir='ltr'><strong>manu</strong></span> <span class='ocrx_word' id='word_1_413' title='bbox 980 3075 1147 3126; x_wconf 79' lang='lat' dir='ltr'><strong>ducas</strong></span> <span class='ocrx_word' id='word_1_414' title='bbox 1169 3088 1235 3124; x_wconf 87' lang='lat' dir='ltr'><strong>ac</strong></span> <span class='ocrx_word' id='word_1_415' title='bbox 1263 3072 1465 3141; x_wconf 81' lang='lat' dir='ltr'><strong>dirigas</strong></span> <span class='ocrx_word' id='word_1_416' title='bbox 1505 3084 1611 3139; x_wconf 88' lang='lat' dir='ltr'><strong>quo</strong></span> <span class='ocrx_word' id='word_1_417' title='bbox 1634 3067 1998 3137; x_wconf 84' lang='lat' dir='ltr'><strong>gubernatrici</strong></span> <span class='ocrx_word' id='word_1_418' title='bbox 2032 3077 2137 3119; x_wconf 67' lang='lat' dir='ltr'><strong>tua:</strong></span> 
     </span>
    </p>
   </div>
   <div class='ocr_carea' id='block_1_63' title="bbox 2239 3064 3820 3167">
    <p class='ocr_par' dir='ltr' id='par_1_63' title="bbox 2243 3064 3820 3141">
     <span class='ocr_line' id='line_1_63' title="bbox 2243 3064 3820 3141; baseline 0 -20"><span class='ocrx_word' id='word_1_419' title='bbox 2243 3064 2598 3137; x_wconf 82' lang='grc' dir='ltr'>παρίσταται.</span> <span class='ocrx_word' id='word_1_420' title='bbox 2631 3067 2744 3137; x_wconf 76' lang='grc' dir='ltr'><strong>Τὴν</strong></span> <span class='ocrx_word' id='word_1_421' title='bbox 2772 3067 2897 3139; x_wconf 87' lang='grc' dir='ltr'>βίαν</span> <span class='ocrx_word' id='word_1_422' title='bbox 2925 3066 3262 3140; x_wconf 73' lang='grc' dir='ltr'>δρᾷ;,’ὂσην,</span> <span class='ocrx_word' id='word_1_423' title='bbox 3295 3070 3468 3140; x_wconf 81' lang='grc' dir='ltr'>Κύριε</span> <span class='ocrx_word' id='word_1_424' title='bbox 3490 3086 3503 3101; x_wconf 91' lang='grc'><strong>·</strong></span> <span class='ocrx_word' id='word_1_425' title='bbox 3539 3069 3614 3141; x_wconf 83' lang='grc' dir='ltr'>μὴ</span> <span class='ocrx_word' id='word_1_426' title='bbox 3639 3072 3738 3140; x_wconf 82' lang='grc' dir='ltr'>τῆς</span> <span class='ocrx_word' id='word_1_427' title='bbox 3761 3068 3820 3136; x_wconf 77' lang='grc' dir='ltr'><strong>ἐξ</strong></span> 
     </span>
    </p>
   </div>
   <div class='ocr_carea' id='block_1_64' title="bbox 560 3158 2135 3237">
    <p class='ocr_par' dir='ltr' id='par_1_64' title="bbox 560 3158 2135 3237">
     <span class='ocr_line' id='line_1_64' title="bbox 560 3158 2135 3237; baseline -0.004 -20"><span class='ocrx_word' id='word_1_428' title='bbox 560 3166 915 3237; x_wconf 69' lang='lat' dir='ltr'><strong>providentiae</strong></span> <span class='ocrx_word' id='word_1_429' title='bbox 950 3165 1123 3218; x_wconf 87' lang='lat' dir='ltr'><strong>visum</strong></span> <span class='ocrx_word' id='word_1_430' title='bbox 1184 3163 1364 3216; x_wconf 90' lang='lat' dir='ltr'><strong>fuerit.</strong></span> <span class='ocrx_word' id='word_1_431' title='bbox 1423 3161 1599 3224; x_wconf 81' lang='lat' dir='ltr'><strong>Vides,</strong></span> <span class='ocrx_word' id='word_1_432' title='bbox 1653 3158 1904 3223; x_wconf 87' lang='lat' dir='ltr'><strong>Domine,</strong></span> <span class='ocrx_word' id='word_1_433' title='bbox 1934 3167 2135 3227; x_wconf 89' lang='lat' dir='ltr'><strong>quanta</strong></span> 
     </span>
    </p>
   </div>
   <div class='ocr_carea' id='block_1_65' title="bbox 560 3247 2136 3315">
    <p class='ocr_par' dir='ltr' id='par_1_65' title="bbox 560 3247 2136 3315">
     <span class='ocr_line' id='line_1_65' title="bbox 560 3247 2136 3315; baseline -0.006 -6"><span class='ocrx_word' id='word_1_434' title='bbox 560 3257 722 3310; x_wconf 87' lang='lat' dir='ltr'><strong>nobis</strong></span> <span class='ocrx_word' id='word_1_435' title='bbox 751 3254 1008 3309; x_wconf 88' lang='lat' dir='ltr'><strong>violentia</strong></span> <span class='ocrx_word' id='word_1_436' title='bbox 1048 3254 1324 3307; x_wconf 87' lang='lat' dir='ltr'><strong>incumbat</strong></span> <span class='ocrx_word' id='word_1_437' title='bbox 1353 3270 1365 3305; x_wconf 92' lang='lat'><strong>:</strong></span> <span class='ocrx_word' id='word_1_438' title='bbox 1401 3265 1486 3315; x_wconf 90' lang='lat' dir='ltr'><strong>ue,</strong></span> <span class='ocrx_word' id='word_1_439' title='bbox 1520 3252 1768 3313; x_wconf 86' lang='lat' dir='ltr'><strong>obsecro,</strong></span> <span class='ocrx_word' id='word_1_440' title='bbox 1813 3266 1841 3302; x_wconf 88' lang='lat' dir='ltr'><strong>a</strong></span> <span class='ocrx_word' id='word_1_441' title='bbox 1898 3247 2136 3302; x_wconf 86' lang='lat' dir='ltr'><strong>retribu-</strong></span> 
     </span>
    </p>
   </div>
   <div class='ocr_carea' id='block_1_66' title="bbox 554 3339 2140 3415">
    <p class='ocr_par' dir='ltr' id='par_1_66' title="bbox 554 3339 2140 3415">
     <span class='ocr_line' id='line_1_66' title="bbox 554 3339 2140 3415; baseline -0.002 -19"><span class='ocrx_word' id='word_1_442' title='bbox 554 3349 739 3411; x_wconf 78' lang='lat' dir='ltr'><strong>tione,</strong></span> <span class='ocrx_word' id='word_1_443' title='bbox 763 3362 883 3415; x_wconf 75' lang='lat' dir='ltr'><strong>qua:</strong></span> <span class='ocrx_word' id='word_1_444' title='bbox 915 3360 980 3399; x_wconf 83' lang='lat' dir='ltr'><strong>ex</strong></span> <span class='ocrx_word' id='word_1_445' title='bbox 1008 3345 1097 3398; x_wconf 89' lang='lat' dir='ltr'><strong>illa</strong></span> <span class='ocrx_word' id='word_1_446' title='bbox 1122 3352 1227 3409; x_wconf 87' lang='lat' dir='ltr'><strong>est,</strong></span> <span class='ocrx_word' id='word_1_447' title='bbox 1261 3359 1357 3397; x_wconf 88' lang='lat' dir='ltr'><strong>nos</strong></span> <span class='ocrx_word' id='word_1_448' title='bbox 1388 3343 1667 3396; x_wconf 77' lang='lat' dir='ltr'><strong>excludas.</strong></span> <span class='ocrx_word' id='word_1_449' title='bbox 1700 3339 1778 3394; x_wconf 82' lang='lat' dir='ltr'><strong>Ne</strong></span> <span class='ocrx_word' id='word_1_450' title='bbox 1807 3340 1952 3394; x_wconf 84' lang='lat' dir='ltr'><strong>velut</strong></span> <span class='ocrx_word' id='word_1_451' title='bbox 1978 3340 2140 3409; x_wconf 80' lang='lat' dir='ltr'><strong>impe-</strong></span> 
     </span>
    </p>
   </div>
   <div class='ocr_carea' id='block_1_67' title="bbox 570 3431 2137 3505">
    <p class='ocr_par' dir='ltr' id='par_1_67' title="bbox 570 3431 2137 3505">
     <span class='ocr_line' id='line_1_67' title="bbox 570 3431 2137 3505; baseline -0.004 -15"><span class='ocrx_word' id='word_1_452' title='bbox 570 3440 705 3491; x_wconf 84' lang='lat' dir='ltr'><strong>ritos</strong></span> <span class='ocrx_word' id='word_1_453' title='bbox 729 3439 1009 3505; x_wconf 81' lang='lat' dir='ltr'><strong>minusque</strong></span> <span class='ocrx_word' id='word_1_454' title='bbox 1031 3436 1257 3489; x_wconf 72' lang='lat' dir='ltr'><strong>solertes</strong></span> <span class='ocrx_word' id='word_1_455' title='bbox 1287 3445 1536 3504; x_wconf 88' lang='lat' dir='ltr'><strong>pastores</strong></span> <span class='ocrx_word' id='word_1_456' title='bbox 1561 3447 1760 3502; x_wconf 80' lang='lat' dir='ltr'><strong>arguas</strong></span> <span class='ocrx_word' id='word_1_457' title='bbox 1788 3449 1801 3485; x_wconf 90' lang='lat'><strong>:</strong></span> <span class='ocrx_word' id='word_1_458' title='bbox 1835 3444 1975 3483; x_wconf 85' lang='lat' dir='ltr'><strong>unus</strong></span> <span class='ocrx_word' id='word_1_459' title='bbox 1994 3431 2137 3483; x_wconf 89' lang='lat' dir='ltr'><strong>enim</strong></span> 
     </span>
    </p>
   </div>
   <div class='ocr_carea' id='block_1_68' title="bbox 566 3525 2140 3598">
    <p class='ocr_par' dir='ltr' id='par_1_68' title="bbox 566 3525 2140 3598">
     <span class='ocr_line' id='line_1_68' title="bbox 566 3525 2140 3598; baseline -0.002 -15"><span class='ocrx_word' id='word_1_460' title='bbox 566 3530 822 3598; x_wconf 83' lang='lat' dir='ltr'><strong>solusque</strong></span> <span class='ocrx_word' id='word_1_461' title='bbox 870 3544 950 3592; x_wconf 83' lang='lat' dir='ltr'><strong>cs,</strong></span> <span class='ocrx_word' id='word_1_462' title='bbox 981 3529 1067 3583; x_wconf 85' lang='lat' dir='ltr'><strong>cui</strong></span> <span class='ocrx_word' id='word_1_463' title='bbox 1117 3538 1174 3581; x_wconf 91' lang='lat' dir='ltr'><strong>ut</strong></span> <span class='ocrx_word' id='word_1_464' title='bbox 1209 3530 1484 3597; x_wconf 87' lang='lat' dir='ltr'><strong>sapienter</strong></span> <span class='ocrx_word' id='word_1_465' title='bbox 1525 3527 1784 3595; x_wconf 89' lang='lat' dir='ltr'><strong>onmique</strong></span> <span class='ocrx_word' id='word_1_466' title='bbox 1837 3525 2140 3594; x_wconf 76' lang='lat' dir='ltr'><strong>prudentia:</strong></span> 
     </span>
    </p>
   </div>
   <div class='ocr_carea' id='block_1_69' title="bbox 568 3616 2140 3690">
    <p class='ocr_par' dir='ltr' id='par_1_69' title="bbox 568 3616 2140 3690">
     <span class='ocr_line' id='line_1_69' title="bbox 568 3616 2140 3690; baseline -0.002 -16"><span class='ocrx_word' id='word_1_467' title='bbox 568 3625 725 3676; x_wconf 76' lang='lat' dir='ltr'><strong>laude</strong></span> <span class='ocrx_word' id='word_1_468' title='bbox 757 3632 907 3690; x_wconf 81' lang='lat' dir='ltr'><strong>regat</strong></span> <span class='ocrx_word' id='word_1_469' title='bbox 941 3636 1004 3676; x_wconf 87' lang='lat' dir='ltr'><strong>ac</strong></span> <span class='ocrx_word' id='word_1_470' title='bbox 1050 3631 1260 3689; x_wconf 88' lang='lat' dir='ltr'><strong>pascat,</strong></span> <span class='ocrx_word' id='word_1_471' title='bbox 1295 3634 1613 3674; x_wconf 85' lang='lat' dir='ltr'><strong>concessum</strong></span> <span class='ocrx_word' id='word_1_472' title='bbox 1651 3628 1752 3672; x_wconf 90' lang='lat' dir='ltr'><strong>est.</strong></span> <span class='ocrx_word' id='word_1_473' title='bbox 1791 3616 1870 3672; x_wconf 83' lang='lat' dir='ltr'><strong>Ne</strong></span> <span class='ocrx_word' id='word_1_474' title='bbox 1910 3616 2140 3685; x_wconf 73' lang='lat' dir='ltr'><strong>pigritia:</strong></span> 
     </span>
    </p>
   </div>
   <div class='ocr_carea' id='block_1_70' title="bbox 542 3709 2139 3782">
    <p class='ocr_par' dir='ltr' id='par_1_70' title="bbox 542 3709 2139 3782">
     <span class='ocr_line' id='line_1_70' title="bbox 542 3709 2139 3782; baseline -0.003 -14"><span class='ocrx_word' id='word_1_475' title='bbox 542 3715 903 3779; x_wconf 67' lang='lat' dir='ltr'><strong>.damnemur,</strong></span> <span class='ocrx_word' id='word_1_476' title='bbox 926 3724 1186 3782; x_wconf 85' lang='lat' dir='ltr'><strong>tanquam</strong></span> <span class='ocrx_word' id='word_1_477' title='bbox 1218 3713 1298 3766; x_wconf 91' lang='lat' dir='ltr'><strong>illi</strong></span> <span class='ocrx_word' id='word_1_478' title='bbox 1320 3711 1487 3765; x_wconf 87' lang='lat' dir='ltr'><strong>dediti</strong></span> <span class='ocrx_word' id='word_1_479' title='bbox 1539 3710 1690 3764; x_wconf 86' lang='lat' dir='ltr'><strong>utilia</strong></span> <span class='ocrx_word' id='word_1_480' title='bbox 1733 3710 1995 3764; x_wconf 62' lang='lat' dir='ltr'><strong>doctrina:</strong></span> <span class='ocrx_word' id='word_1_481' title='bbox 2022 3709 2139 3778; x_wconf 86' lang='lat' dir='ltr'><strong>pri-</strong></span> 
     </span>
    </p>
   </div>
   <div class='ocr_carea' id='block_1_71' title="bbox 556 3801 2139 3875">
    <p class='ocr_par' dir='ltr' id='par_1_71' title="bbox 556 3801 2139 3875">
     <span class='ocr_line' id='line_1_71' title="bbox 556 3801 2139 3875; baseline -0.003 -16"><span class='ocrx_word' id='word_1_482' title='bbox 556 3808 756 3860; x_wconf 70' lang='lat' dir='ltr'><strong>mitivze</strong></span> <span class='ocrx_word' id='word_1_483' title='bbox 778 3805 1180 3875; x_wconf 85' lang='lat' dir='ltr'><strong>prodiderimus</strong></span> <span class='ocrx_word' id='word_1_484' title='bbox 1202 3817 1219 3869; x_wconf 89' lang='lat'>;</span> <span class='ocrx_word' id='word_1_485' title='bbox 1243 3813 1504 3872; x_wconf 86' lang='lat' dir='ltr'><strong>quantum</strong></span> <span class='ocrx_word' id='word_1_486' title='bbox 1535 3802 1678 3855; x_wconf 87' lang='lat' dir='ltr'><strong>enim</strong></span> <span class='ocrx_word' id='word_1_487' title='bbox 1706 3816 1801 3871; x_wconf 89' lang='lat' dir='ltr'><strong>per</strong></span> <span class='ocrx_word' id='word_1_488' title='bbox 1824 3801 2139 3856; x_wconf 84' lang='lat' dir='ltr'><strong>facultatem</strong></span> 
     </span>
    </p>
   </div>
   <div class='ocr_carea' id='block_1_72' title="bbox 538 3891 2139 3967">
    <p class='ocr_par' dir='ltr' id='par_1_72' title="bbox 538 3891 2139 3967">
     <span class='ocr_line' id='line_1_72' title="bbox 538 3891 2139 3967; baseline -0.003 -14"><span class='ocrx_word' id='word_1_489' title='bbox 538 3900 709 3954; x_wconf 60' lang='lat' dir='ltr'><strong>.licnit</strong></span> <span class='ocrx_word' id='word_1_490' title='bbox 734 3899 931 3953; x_wconf 89' lang='lat' dir='ltr'><strong>collata</strong></span> <span class='ocrx_word' id='word_1_491' title='bbox 962 3911 1152 3967; x_wconf 84' lang='lat' dir='ltr'><strong>Opera,</strong></span> <span class='ocrx_word' id='word_1_492' title='bbox 1186 3896 1303 3949; x_wconf 65' lang='lat' dir='ltr'><strong>haec</strong></span> <span class='ocrx_word' id='word_1_493' title='bbox 1356 3909 1575 3963; x_wconf 88' lang='lat' dir='ltr'><strong>quoque</strong></span> <span class='ocrx_word' id='word_1_494' title='bbox 1615 3893 1734 3960; x_wconf 88' lang='lat' dir='ltr'><strong>tibi,</strong></span> <span class='ocrx_word' id='word_1_495' title='bbox 1773 3891 2139 3964; x_wconf 72' lang='lat' dir='ltr'><strong>primogenito</strong></span> 
     </span>
    </p>
   </div>
   <div class='ocr_carea' id='block_1_73' title="bbox 532 3985 1661 4054">
    <p class='ocr_par' dir='ltr' id='par_1_73' title="bbox 532 3985 1661 4054">
     <span class='ocr_line' id='line_1_73' title="bbox 532 3985 1661 4054; baseline -0.007 -5"><span class='ocrx_word' id='word_1_496' title='bbox 532 3993 732 4049; x_wconf 64' lang='lat' dir='ltr'><strong>omnis</strong></span> <span class='ocrx_word' id='word_1_497' title='bbox 760 3999 1048 4054; x_wconf 67' lang='lat' dir='ltr'><strong>creaturae,</strong></span> <span class='ocrx_word' id='word_1_498' title='bbox 1085 3988 1426 4042; x_wconf 80' lang='lat' dir='ltr'><strong>servavimus</strong></span> <span class='ocrx_word' id='word_1_499' title='bbox 1472 3985 1661 4041; x_wconf 73' lang='lat' dir='ltr'><strong>illaesa.</strong></span> 
     </span>
    </p>
   </div>
   <div class='ocr_carea' id='block_1_74' title="bbox 625 4091 2142 4168">
    <p class='ocr_par' dir='ltr' id='par_1_74' title="bbox 625 4091 2142 4168">
     <span class='ocr_line' id='line_1_74' title="bbox 625 4091 2142 4168; baseline -0.003 -12"><span class='ocrx_word' id='word_1_500' title='bbox 625 4103 716 4156; x_wconf 82' lang='lat'><strong>7|.</strong></span> <span class='ocrx_word' id='word_1_501' title='bbox 746 4091 877 4155; x_wconf 62' lang='lat' dir='ltr'><strong>Vale</strong></span> <span class='ocrx_word' id='word_1_502' title='bbox 928 4099 1082 4163; x_wconf 88' lang='lat' dir='ltr'><strong>mibi,</strong></span> <span class='ocrx_word' id='word_1_503' title='bbox 1116 4098 1340 4168; x_wconf 79' lang='lat' dir='ltr'><strong>Sophia,</strong></span> <span class='ocrx_word' id='word_1_504' title='bbox 1370 4096 1527 4153; x_wconf 75' lang='lat' dir='ltr'><strong>Verbi</strong></span> <span class='ocrx_word' id='word_1_505' title='bbox 1575 4098 1745 4153; x_wconf 73' lang='lat' dir='ltr'><strong>divini</strong></span> <span class='ocrx_word' id='word_1_506' title='bbox 1793 4098 1989 4152; x_wconf 89' lang='lat' dir='ltr'><strong>durum</strong></span> <span class='ocrx_word' id='word_1_507' title='bbox 2050 4095 2142 4151; x_wconf 84' lang='lat' dir='ltr'><strong>ﬁr-</strong></span> 
     </span>
    </p>
   </div>
   <div class='ocr_carea' id='block_1_75' title="bbox 536 4190 2139 4261">
    <p class='ocr_par' dir='ltr' id='par_1_75' title="bbox 536 4190 2139 4261">
     <span class='ocr_line' id='line_1_75' title="bbox 536 4190 2139 4261; baseline 0.001 -18"><span class='ocrx_word' id='word_1_508' title='bbox 536 4208 815 4260; x_wconf 69' lang='lat' dir='ltr'><strong>mumque</strong></span> <span class='ocrx_word' id='word_1_509' title='bbox 878 4194 1172 4261; x_wconf 78' lang='lat' dir='ltr'><strong>perspicue</strong></span> <span class='ocrx_word' id='word_1_510' title='bbox 1243 4191 1569 4258; x_wconf 87' lang='lat' dir='ltr'><strong>delubrum;</strong></span> <span class='ocrx_word' id='word_1_511' title='bbox 1623 4203 1787 4246; x_wconf 69' lang='lat' dir='ltr'><strong>rectae</strong></span> <span class='ocrx_word' id='word_1_512' title='bbox 1855 4190 1979 4244; x_wconf 84' lang='lat' dir='ltr'><strong>fidei</strong></span> <span class='ocrx_word' id='word_1_513' title='bbox 2039 4191 2139 4244; x_wconf 89' lang='lat' dir='ltr'><strong>tibi</strong></span> 
     </span>
    </p>
   </div>
   <div class='ocr_carea' id='block_1_76' title="bbox 544 4282 2139 4353">
    <p class='ocr_par' dir='ltr' id='par_1_76' title="bbox 544 4282 2139 4353">
     <span class='ocr_line' id='line_1_76' title="bbox 544 4282 2139 4353; baseline -0.004 -12"><span class='ocrx_word' id='word_1_514' title='bbox 544 4287 793 4342; x_wconf 69' lang='lat' dir='ltr'><strong>claustra</strong></span> <span class='ocrx_word' id='word_1_515' title='bbox 828 4286 1068 4353; x_wconf 80' lang='lat' dir='ltr'><strong>impono,</strong></span> <span class='ocrx_word' id='word_1_516' title='bbox 1101 4298 1221 4353; x_wconf 66' lang='lat' dir='ltr'><strong>qua:</strong></span> <span class='ocrx_word' id='word_1_517' title='bbox 1269 4282 1432 4338; x_wconf 89' lang='lat' dir='ltr'><strong>nullis</strong></span> <span class='ocrx_word' id='word_1_518' title='bbox 1479 4298 1717 4352; x_wconf 88' lang='lat' dir='ltr'><strong>unquam</strong></span> <span class='ocrx_word' id='word_1_519' title='bbox 1760 4283 2139 4337; x_wconf 68' lang='lat' dir='ltr'><strong>haereticorum</strong></span> 
     </span>
    </p>
   </div>
   <div class='ocr_carea' id='block_1_77' title="bbox 2244 3160 3814 3233">
    <p class='ocr_par' dir='ltr' id='par_1_77' title="bbox 2244 3160 3814 3233">
     <span class='ocr_line' id='line_1_77' title="bbox 2244 3160 3814 3233; baseline 0.003 -20"><span class='ocrx_word' id='word_1_520' title='bbox 2244 3160 2413 3230; x_wconf 84' lang='grc' dir='ltr'>αὐτῆς</span> <span class='ocrx_word' id='word_1_521' title='bbox 2459 3160 2821 3231; x_wconf 79' lang='grc' dir='ltr'>ἐγγινομένης</span> <span class='ocrx_word' id='word_1_522' title='bbox 2861 3161 3185 3228; x_wconf 80' lang='grc' dir='ltr'>ἀντιδόσεως</span> <span class='ocrx_word' id='word_1_523' title='bbox 3217 3163 3364 3233; x_wconf 76' lang='grc' dir='ltr'>ἡμᾶς</span> <span class='ocrx_word' id='word_1_524' title='bbox 3397 3162 3814 3231; x_wconf 85' lang='grc' dir='ltr'>ἀποκλείσειας,</span> 
     </span>
    </p>
   </div>
   <div class='ocr_carea' id='block_1_78' title="bbox 2244 3252 3818 3325">
    <p class='ocr_par' dir='ltr' id='par_1_78' title="bbox 2244 3252 3818 3325">
     <span class='ocr_line' id='line_1_78' title="bbox 2244 3252 3818 3325; baseline 0.001 -19"><span class='ocrx_word' id='word_1_525' title='bbox 2244 3253 2319 3325; x_wconf 78' lang='grc' dir='ltr'><strong>μὴ</strong></span> <span class='ocrx_word' id='word_1_526' title='bbox 2350 3252 2425 3317; x_wconf 87' lang='grc' dir='ltr'>ὼς</span> <span class='ocrx_word' id='word_1_527' title='bbox 2452 3253 2716 3324; x_wconf 85' lang='grc' dir='ltr'>ἀπείρους</span> <span class='ocrx_word' id='word_1_528' title='bbox 2759 3253 2855 3306; x_wconf 77' lang='grc' dir='ltr'>καὶ</span> <span class='ocrx_word' id='word_1_529' title='bbox 2903 3253 3172 3317; x_wconf 85' lang='grc' dir='ltr'>ἀσκεύους</span> <span class='ocrx_word' id='word_1_530' title='bbox 3208 3255 3477 3325; x_wconf 83' lang='grc' dir='ltr'>ποιμένας</span> <span class='ocrx_word' id='word_1_531' title='bbox 3506 3254 3783 3324; x_wconf 78' lang='grc' dir='ltr'>ὲλέγξειας</span> <span class='ocrx_word' id='word_1_532' title='bbox 3803 3271 3818 3287; x_wconf 76' lang='grc' dir='ltr'><strong>ο</strong></span> 
     </span>
    </p>
   </div>
   <div class='ocr_carea' id='block_1_79' title="bbox 2243 3326 3820 3415">
    <p class='ocr_par' dir='ltr' id='par_1_79' title="bbox 2243 3326 3820 3415">
     <span class='ocr_line' id='line_1_79' title="bbox 2243 3326 3820 3415; baseline 0.002 -21"><span class='ocrx_word' id='word_1_533' title='bbox 2243 3342 2325 3394; x_wconf 77' lang='grc' dir='ltr'>σοὶ</span> <span class='ocrx_word' id='word_1_534' title='bbox 2344 3342 2453 3413; x_wconf 89' lang='grc' dir='ltr'><strong>γάρ</strong></span> <span class='ocrx_word' id='word_1_535' title='bbox 2484 3341 2630 3413; x_wconf 84' lang='grc' dir='ltr'>μόνῳ</span> <span class='ocrx_word' id='word_1_536' title='bbox 2650 3343 2710 3395; x_wconf 87' lang='grc' dir='ltr'><strong>τδ</strong></span> <span class='ocrx_word' id='word_1_537' title='bbox 2740 3344 2937 3414; x_wconf 82' lang='grc' dir='ltr'>ὲπιστη</span> <span class='ocrx_word' id='word_1_538' title='bbox 2948 3326 3182 3414; x_wconf 76' lang='grc' dir='ltr'>μονικῶς</span> <span class='ocrx_word' id='word_1_539' title='bbox 3210 3345 3365 3412; x_wconf 85' lang='grc' dir='ltr'>ἀγειν</span> <span class='ocrx_word' id='word_1_540' title='bbox 3392 3345 3486 3397; x_wconf 69' lang='grc' dir='ltr'>καὶ</span> <span class='ocrx_word' id='word_1_541' title='bbox 3510 3345 3820 3415; x_wconf 85' lang='grc' dir='ltr'>ποιμαίνειν</span> 
     </span>
    </p>
   </div>
   <div class='ocr_carea' id='block_1_80' title="bbox 2241 3433 3821 3508">
    <p class='ocr_par' dir='ltr' id='par_1_80' title="bbox 2241 3433 3821 3508">
     <span class='ocr_line' id='line_1_80' title="bbox 2241 3433 3821 3508; baseline 0.003 -23"><span class='ocrx_word' id='word_1_542' title='bbox 2241 3433 2411 3504; x_wconf 83' lang='grc' dir='ltr'>κεκλή</span> <span class='ocrx_word' id='word_1_543' title='bbox 2420 3449 2610 3504; x_wconf 88' lang='grc' dir='ltr'>ρωται.</span> <span class='ocrx_word' id='word_1_544' title='bbox 2632 3434 2725 3504; x_wconf 79' lang='grc' dir='ltr'><strong>Μὴ</strong></span> <span class='ocrx_word' id='word_1_545' title='bbox 2744 3434 3020 3504; x_wconf 76' lang='grc' dir='ltr'>ῥαθυμίαν</span> <span class='ocrx_word' id='word_1_546' title='bbox 3040 3434 3400 3507; x_wconf 87' lang='grc' dir='ltr'>κατακριθείη</span> <span class='ocrx_word' id='word_1_547' title='bbox 3409 3452 3530 3507; x_wconf 89' lang='grc' dir='ltr'>μεν,</span> <span class='ocrx_word' id='word_1_548' title='bbox 3554 3436 3628 3497; x_wconf 85' lang='grc' dir='ltr'><strong>ὡς</strong></span> <span class='ocrx_word' id='word_1_549' title='bbox 3650 3434 3821 3508; x_wconf 74' lang='grc' dir='ltr'>ταύτῃ</span> 
     </span>
    </p>
   </div>
   <div class='ocr_carea' id='block_1_81' title="bbox 2242 3527 3822 3600">
    <p class='ocr_par' dir='ltr' id='par_1_81' title="bbox 2242 3527 3822 3600">
     <span class='ocr_line' id='line_1_81' title="bbox 2242 3527 3822 3600; baseline 0.001 -21"><span class='ocrx_word' id='word_1_550' title='bbox 2242 3527 2530 3599; x_wconf 81' lang='grc' dir='ltr'>προδόντες</span> <span class='ocrx_word' id='word_1_551' title='bbox 2575 3527 2643 3580; x_wconf 84' lang='grc' dir='ltr'><strong>τά</strong></span> <span class='ocrx_word' id='word_1_552' title='bbox 2684 3527 2785 3598; x_wconf 88' lang='grc' dir='ltr'><strong>τῆς</strong></span> <span class='ocrx_word' id='word_1_553' title='bbox 2838 3527 3187 3593; x_wconf 84' lang='grc' dir='ltr'>διδασκαλίας</span> <span class='ocrx_word' id='word_1_554' title='bbox 3255 3527 3494 3599; x_wconf 82' lang='grc' dir='ltr'>βιωφελῆ</span> <span class='ocrx_word' id='word_1_555' title='bbox 3542 3544 3822 3600; x_wconf 73' lang='grc' dir='ltr'>πρωτοτοο</span> 
     </span>
    </p>
   </div>
   <div class='ocr_carea' id='block_1_82' title="bbox 2241 3620 3824 3694">
    <p class='ocr_par' dir='ltr' id='par_1_82' title="bbox 2241 3620 3824 3694">
     <span class='ocr_line' id='line_1_82' title="bbox 2241 3620 3824 3694; baseline 0.003 -21"><span class='ocrx_word' id='word_1_556' title='bbox 2241 3624 2366 3673; x_wconf 88' lang='grc' dir='ltr'>κεῖα</span> <span class='ocrx_word' id='word_1_557' title='bbox 2387 3635 2401 3649; x_wconf 82' lang='lat'>&#39;</span> <span class='ocrx_word' id='word_1_558' title='bbox 2448 3623 2513 3692; x_wconf 84' lang='grc' dir='ltr'><strong>τῇ</strong></span> <span class='ocrx_word' id='word_1_559' title='bbox 2556 3620 2667 3692; x_wconf 88' lang='grc' dir='ltr'><strong>γάρ</strong></span> <span class='ocrx_word' id='word_1_560' title='bbox 2703 3620 2849 3674; x_wconf 84' lang='grc' dir='ltr'>κατὰ</span> <span class='ocrx_word' id='word_1_561' title='bbox 2892 3620 3123 3693; x_wconf 82' lang='grc' dir='ltr'>δύναμιν</span> <span class='ocrx_word' id='word_1_562' title='bbox 3152 3624 3497 3694; x_wconf 76' lang='grc' dir='ltr'><strong>¹συνεισφορᾷ</strong></span> <span class='ocrx_word' id='word_1_563' title='bbox 3530 3622 3625 3676; x_wconf 78' lang='grc' dir='ltr'>καὶ</span> <span class='ocrx_word' id='word_1_564' title='bbox 3650 3622 3824 3679; x_wconf 82' lang='grc' dir='ltr'>ταῦτά</span> 
     </span>
    </p>
   </div>
   <div class='ocr_carea' id='block_1_83' title="bbox 2243 3698 3823 3788">
    <p class='ocr_par' dir='ltr' id='par_1_83' title="bbox 2243 3698 3823 3788">
     <span class='ocr_line' id='line_1_83' title="bbox 2243 3698 3823 3788; baseline 0.004 -23"><span class='ocrx_word' id='word_1_565' title='bbox 2243 3728 2359 3779; x_wconf 89' lang='grc' dir='ltr'>σοι,</span> <span class='ocrx_word' id='word_1_566' title='bbox 2389 3712 2469 3784; x_wconf 82' lang='grc' dir='ltr'>τῷ</span> <span class='ocrx_word' id='word_1_567' title='bbox 2520 3713 2855 3785; x_wconf 87' lang='grc' dir='ltr'>πρωτοτόκῳ</span> <span class='ocrx_word' id='word_1_568' title='bbox 2895 3713 3078 3784; x_wconf 79' lang='grc' dir='ltr'>πάσης</span> <span class='ocrx_word' id='word_1_569' title='bbox 3114 3716 3214 3787; x_wconf 78' lang='grc' dir='ltr'>τῆς</span> <span class='ocrx_word' id='word_1_570' title='bbox 3256 3698 3517 3783; x_wconf 78' lang='grc' dir='ltr'>κτίσεως,</span> <span class='ocrx_word' id='word_1_571' title='bbox 3568 3715 3823 3788; x_wconf 83' lang='grc' dir='ltr'>ἀλώϐητα</span> 
     </span>
    </p>
   </div>
   <div class='ocr_carea' id='block_1_84' title="bbox 2240 3803 2651 3875">
    <p class='ocr_par' dir='ltr' id='par_1_84' title="bbox 2240 3803 2651 3875">
     <span class='ocr_line' id='line_1_84' title="bbox 2240 3803 2651 3875; baseline 0.007 -20"><span class='ocrx_word' id='word_1_572' title='bbox 2240 3803 2520 3875; x_wconf 77' lang='grc' dir='ltr'>τετηρήκα</span> <span class='ocrx_word' id='word_1_573' title='bbox 2529 3819 2651 3874; x_wconf 89' lang='grc' dir='ltr'>μεν.</span> 
     </span>
    </p>
   </div>
   <div class='ocr_carea' id='block_1_85' title="bbox 2312 4076 3825 4168">
    <p class='ocr_par' dir='ltr' id='par_1_85' title="bbox 2312 4076 3825 4168">
     <span class='ocr_line' id='line_1_85' title="bbox 2312 4076 3825 4168; baseline 0.001 -19"><span class='ocrx_word' id='word_1_574' title='bbox 2312 4101 2410 4151; x_wconf 88' lang='grc' dir='ltr'>οα’.</span> <span class='ocrx_word' id='word_1_575' title='bbox 2453 4095 2626 4168; x_wconf 82' lang='grc' dir='ltr'>Χαῖρὲ</span> <span class='ocrx_word' id='word_1_576' title='bbox 2672 4112 2785 4165; x_wconf 90' lang='grc' dir='ltr'>μοι,</span> <span class='ocrx_word' id='word_1_577' title='bbox 2820 4096 3008 4167; x_wconf 87' lang='grc' dir='ltr'>Σοφία,</span> <span class='ocrx_word' id='word_1_578' title='bbox 3041 4096 3101 4150; x_wconf 85' lang='grc' dir='ltr'><strong>τδ</strong></span> <span class='ocrx_word' id='word_1_579' title='bbox 3126 4095 3221 4151; x_wconf 87' lang='grc' dir='ltr'>τοῦ</span> <span class='ocrx_word' id='word_1_580' title='bbox 3265 4076 3413 4152; x_wconf 78' lang='grc' dir='ltr'>θείου</span> <span class='ocrx_word' id='word_1_581' title='bbox 3441 4096 3604 4167; x_wconf 85' lang='grc' dir='ltr'>λόγου</span> <span class='ocrx_word' id='word_1_582' title='bbox 3637 4097 3825 4168; x_wconf 85' lang='grc' dir='ltr'>σαφῶς</span> 
     </span>
    </p>
   </div>
   <div class='ocr_carea' id='block_1_86' title="bbox 2241 4186 3824 4261">
    <p class='ocr_par' dir='ltr' id='par_1_86' title="bbox 2241 4186 3824 4261">
     <span class='ocr_line' id='line_1_86' title="bbox 2241 4186 3824 4261; baseline 0 -19"><span class='ocrx_word' id='word_1_583' title='bbox 2241 4186 2563 4258; x_wconf 82' lang='grc' dir='ltr'>ἀμείλικτον</span> <span class='ocrx_word' id='word_1_584' title='bbox 2594 4188 2840 4258; x_wconf 82' lang='grc' dir='ltr'>τέμενος,</span> <span class='ocrx_word' id='word_1_585' title='bbox 2870 4189 2954 4242; x_wconf 77' lang='grc' dir='ltr'>σοὶ</span> <span class='ocrx_word' id='word_1_586' title='bbox 2981 4189 3050 4242; x_wconf 83' lang='grc' dir='ltr'>τὰ</span> <span class='ocrx_word' id='word_1_587' title='bbox 3075 4188 3175 4259; x_wconf 81' lang='grc' dir='ltr'>τῆς</span> <span class='ocrx_word' id='word_1_588' title='bbox 3202 4189 3512 4261; x_wconf 82' lang='grc' dir='ltr'>ὀρθοδοξίας</span> <span class='ocrx_word' id='word_1_589' title='bbox 3540 4188 3824 4259; x_wconf 76' lang='grc' dir='ltr'>ἐπιτίθημι</span> 
     </span>
    </p>
   </div>
   <div class='ocr_carea' id='block_1_87' title="bbox 2241 4279 3824 4355">
    <p class='ocr_par' dir='ltr' id='par_1_87' title="bbox 2241 4279 3824 4355">
     <span class='ocr_line' id='line_1_87' title="bbox 2241 4279 3824 4355; baseline 0.003 -23"><span class='ocrx_word' id='word_1_590' title='bbox 2241 4279 2503 4352; x_wconf 79' lang='grc' dir='ltr'>κλεῖθρα,</span> <span class='ocrx_word' id='word_1_591' title='bbox 2554 4281 2774 4352; x_wconf 82' lang='grc' dir='ltr'>μοχλοῖς</span> <span class='ocrx_word' id='word_1_592' title='bbox 2820 4281 3207 4353; x_wconf 77' lang='grc' dir='ltr'>αῖρετιζόντων</span> <span class='ocrx_word' id='word_1_593' title='bbox 3238 4282 3494 4355; x_wconf 84' lang='grc' dir='ltr'>οὐδαμῶς</span> <span class='ocrx_word' id='word_1_594' title='bbox 3538 4282 3824 4354; x_wconf 85' lang='grc' dir='ltr'>συντριϐό-</span> 
     </span>
    </p>
   </div>
   <div class='ocr_carea' id='block_1_88' title="bbox 542 4372 2137 4447">
    <p class='ocr_par' dir='ltr' id='par_1_88' title="bbox 542 4373 2137 4445">
     <span class='ocr_line' id='line_1_88' title="bbox 542 4373 2137 4445; baseline -0.003 -13"><span class='ocrx_word' id='word_1_595' title='bbox 542 4381 806 4434; x_wconf 61' lang='grc' dir='ltr'>τεοιίὺιιε</span> <span class='ocrx_word' id='word_1_596' title='bbox 856 4378 1254 4445; x_wconf 81' lang='lat' dir='ltr'><strong>inl‘ranga’mur.</strong></span> <span class='ocrx_word' id='word_1_597' title='bbox 1310 4375 1431 4430; x_wconf 87' lang='lat' dir='ltr'><strong>Tibi</strong></span> <span class='ocrx_word' id='word_1_598' title='bbox 1479 4375 1710 4431; x_wconf 69' lang='lat' dir='ltr'><strong>sincera:</strong></span> <span class='ocrx_word' id='word_1_599' title='bbox 1777 4373 2137 4428; x_wconf 74' lang='lat' dir='ltr'><strong>confessionis</strong></span> 
     </span>
    </p>
   </div>
   <div class='ocr_carea' id='block_1_89' title="bbox 2239 4372 3820 4447">
    <p class='ocr_par' dir='ltr' id='par_1_89' title="bbox 2247 4372 3820 4447">
     <span class='ocr_line' id='line_1_89' title="bbox 2247 4372 3820 4447; baseline 0.004 -23"><span class='ocrx_word' id='word_1_600' title='bbox 2247 4389 2405 4442; x_wconf 84' lang='grc' dir='ltr'>μενοι.</span> <span class='ocrx_word' id='word_1_601' title='bbox 2438 4372 2550 4439; x_wconf 68' lang='grc' dir='ltr'>Σοὶ,</span> <span class='ocrx_word' id='word_1_602' title='bbox 2590 4376 2659 4444; x_wconf 78' lang='grc' dir='ltr'>τῇ</span> <span class='ocrx_word' id='word_1_603' title='bbox 2698 4374 2955 4445; x_wconf 87' lang='grc' dir='ltr'>σφραγῖδι</span> <span class='ocrx_word' id='word_1_604' title='bbox 2991 4374 3093 4445; x_wconf 79' lang='grc' dir='ltr'>τῆς</span> <span class='ocrx_word' id='word_1_605' title='bbox 3120 4373 3452 4446; x_wconf 71' lang='grc' dir='ltr'>εἰλικρινοῦς</span> <span class='ocrx_word' id='word_1_606' title='bbox 3495 4374 3820 4447; x_wconf 68' lang='grc' dir='ltr'>ὁμολογίας,</span> 
     </span>
    </p>
   </div>
   <div class='ocr_carea' id='block_1_90' title="bbox 538 4448 2137 4539">
    <p class='ocr_par' dir='ltr' id='par_1_90' title="bbox 538 4465 2137 4539">
     <span class='ocr_line' id='line_1_90' title="bbox 538 4465 2137 4539; baseline -0.003 -16"><span class='ocrx_word' id='word_1_607' title='bbox 538 4468 737 4539; x_wconf 64' lang='lat' dir='ltr'><strong>.sigillo</strong></span> <span class='ocrx_word' id='word_1_608' title='bbox 792 4469 1051 4532; x_wconf 76' lang='lat' dir='ltr'><strong>turmine,</strong></span> <span class='ocrx_word' id='word_1_609' title='bbox 1094 4465 1316 4521; x_wconf 89' lang='lat' dir='ltr'><strong>Patrum</strong></span> <span class='ocrx_word' id='word_1_610' title='bbox 1369 4466 1587 4521; x_wconf 87' lang='lat' dir='ltr'><strong>decreta</strong></span> <span class='ocrx_word' id='word_1_611' title='bbox 1631 4475 1689 4519; x_wconf 91' lang='lat' dir='ltr'><strong>ut</strong></span> <span class='ocrx_word' id='word_1_612' title='bbox 1727 4465 2137 4531; x_wconf 84' lang='lat' dir='ltr'><strong>concrederem,</strong></span> 
     </span>
    </p>
   </div>
   <div class='ocr_carea' id='block_1_91' title="bbox 2239 4448 3927 4539">
    <p class='ocr_par' dir='ltr' id='par_1_91' title="bbox 2240 4463 3927 4537">
     <span class='ocr_line' id='line_1_91' title="bbox 2240 4463 3927 4537; baseline 0.002 -22"><span class='ocrx_word' id='word_1_613' title='bbox 2240 4464 2310 4517; x_wconf 82' lang='grc' dir='ltr'>τὰ</span> <span class='ocrx_word' id='word_1_614' title='bbox 2338 4463 2446 4517; x_wconf 87' lang='grc' dir='ltr'><strong>τῶν</strong></span> <span class='ocrx_word' id='word_1_615' title='bbox 2477 4465 2739 4537; x_wconf 79' lang='grc' dir='ltr'>Πατέρων</span> <span class='ocrx_word' id='word_1_616' title='bbox 2770 4465 3212 4536; x_wconf 79' lang='grc' dir='ltr'>ἀσφαλισάμενος</span> <span class='ocrx_word' id='word_1_617' title='bbox 3243 4466 3494 4537; x_wconf 85' lang='grc' dir='ltr'>δόγματα</span> <span class='ocrx_word' id='word_1_618' title='bbox 3516 4510 3531 4535; x_wconf 88' lang='grc'><strong>,</strong></span> <span class='ocrx_word' id='word_1_619' title='bbox 3585 4484 3821 4521; x_wconf 84' lang='grc' dir='ltr'>καταπι-</span> <span class='ocrx_word' id='word_1_620' title='bbox 3919 4478 3927 4485; x_wconf 67' lang='grc'>³</span> 
     </span>
    </p>
   </div>
   <div class='ocr_carea' id='block_1_92' title="bbox 539 4556 2141 4629">
    <p class='ocr_par' dir='ltr' id='par_1_92' title="bbox 539 4556 2141 4629">
     <span class='ocr_line' id='line_1_92' title="bbox 539 4556 2141 4629; baseline 0.001 -17"><span class='ocrx_word' id='word_1_621' title='bbox 539 4574 736 4629; x_wconf 66' lang='lat' dir='ltr'><strong>mpera:</strong></span> <span class='ocrx_word' id='word_1_622' title='bbox 774 4561 1005 4628; x_wconf 88' lang='lat' dir='ltr'><strong>pretium</strong></span> <span class='ocrx_word' id='word_1_623' title='bbox 1060 4559 1212 4620; x_wconf 78' lang='lat' dir='ltr'><strong>duxi,</strong></span> <span class='ocrx_word' id='word_1_624' title='bbox 1240 4573 1362 4628; x_wconf 67' lang='lat' dir='ltr'><strong>qum</strong></span> <span class='ocrx_word' id='word_1_625' title='bbox 1399 4558 1562 4613; x_wconf 62' lang='lat' dir='ltr'><strong>nulla:</strong></span> <span class='ocrx_word' id='word_1_626' title='bbox 1613 4572 1852 4627; x_wconf 89' lang='lat' dir='ltr'><strong>unquam</strong></span> <span class='ocrx_word' id='word_1_627' title='bbox 1908 4556 2141 4614; x_wconf 86' lang='lat' dir='ltr'><strong>violave-</strong></span> 
     </span>
    </p>
   </div>
   <div class='ocr_carea' id='block_1_93' title="bbox 544 4644 2137 4713">
    <p class='ocr_par' dir='ltr' id='par_1_93' title="bbox 544 4644 2137 4713">
     <span class='ocr_line' id='line_1_93' title="bbox 544 4644 2137 4713; baseline 0.001 -12"><span class='ocrx_word' id='word_1_628' title='bbox 544 4649 667 4701; x_wconf 67' lang='lat' dir='ltr'><strong>4&#39;iut</strong></span> <span class='ocrx_word' id='word_1_629' title='bbox 691 4647 1067 4702; x_wconf 64' lang='lat' dir='ltr'><strong>haereticorum</strong></span> <span class='ocrx_word' id='word_1_630' title='bbox 1103 4649 1330 4702; x_wconf 57' lang='lat' dir='ltr'><strong>technam</strong></span> <span class='ocrx_word' id='word_1_631' title='bbox 1368 4644 1526 4713; x_wconf 84' lang='lat' dir='ltr'><strong>Vale,</strong></span> <span class='ocrx_word' id='word_1_632' title='bbox 1553 4646 1688 4701; x_wconf 89' lang='lat' dir='ltr'><strong>mibi</strong></span> <span class='ocrx_word' id='word_1_633' title='bbox 1718 4647 1915 4701; x_wconf 87' lang='lat' dir='ltr'><strong>dilecta</strong></span> <span class='ocrx_word' id='word_1_634' title='bbox 1948 4648 2137 4703; x_wconf 79' lang='lat' dir='ltr'><strong>cathe-</strong></span> 
     </span>
    </p>
   </div>
   <div class='ocr_carea' id='block_1_94' title="bbox 541 4738 2134 4812">
    <p class='ocr_par' dir='ltr' id='par_1_94' title="bbox 541 4738 2134 4812">
     <span class='ocr_line' id='line_1_94' title="bbox 541 4738 2134 4812; baseline 0.003 -21"><span class='ocrx_word' id='word_1_635' title='bbox 541 4740 677 4804; x_wconf 65' lang='lat' dir='ltr'><strong>dra,</strong></span> <span class='ocrx_word' id='word_1_636' title='bbox 700 4753 869 4808; x_wconf 83' lang='lat' dir='ltr'><strong>quam</strong></span> <span class='ocrx_word' id='word_1_637' title='bbox 927 4738 1031 4793; x_wconf 90' lang='lat' dir='ltr'><strong>nisi</strong></span> <span class='ocrx_word' id='word_1_638' title='bbox 1081 4739 1135 4793; x_wconf 85' lang='lat' dir='ltr'><strong>vi</strong></span> <span class='ocrx_word' id='word_1_639' title='bbox 1166 4740 1397 4795; x_wconf 88' lang='lat' dir='ltr'><strong>adactus</strong></span> <span class='ocrx_word' id='word_1_640' title='bbox 1585 4739 1905 4805; x_wconf 88' lang='lat' dir='ltr'><strong>conscendi,</strong></span> <span class='ocrx_word' id='word_1_641' title='bbox 1941 4754 1971 4794; x_wconf 85' lang='lat' dir='ltr'><strong>a</strong></span> <span class='ocrx_word' id='word_1_642' title='bbox 2030 4756 2134 4812; x_wconf 84' lang='lat' dir='ltr'><strong>qua</strong></span> 
     </span>
    </p>
   </div>
   <div class='ocr_carea' id='block_1_95' title="bbox 542 4829 2132 4906">
    <p class='ocr_par' dir='ltr' id='par_1_95' title="bbox 542 4829 2132 4906">
     <span class='ocr_line' id='line_1_95' title="bbox 542 4829 2132 4906; baseline 0.004 -24"><span class='ocrx_word' id='word_1_643' title='bbox 542 4848 701 4887; x_wconf 73' lang='lat' dir='ltr'><strong>mune</strong></span> <span class='ocrx_word' id='word_1_644' title='bbox 749 4832 883 4887; x_wconf 90' lang='lat' dir='ltr'><strong>cedo</strong></span> <span class='ocrx_word' id='word_1_645' title='bbox 925 4833 977 4885; x_wconf 88' lang='lat' dir='ltr'><strong>vi</strong></span> <span class='ocrx_word' id='word_1_646' title='bbox 1030 4832 1219 4899; x_wconf 85' lang='lat' dir='ltr'><strong>majori</strong></span> <span class='ocrx_word' id='word_1_647' title='bbox 1248 4832 1528 4902; x_wconf 87' lang='lat' dir='ltr'><strong>depulsus.</strong></span> <span class='ocrx_word' id='word_1_648' title='bbox 1563 4829 1779 4897; x_wconf 76' lang='lat' dir='ltr'><strong>Valete,</strong></span> <span class='ocrx_word' id='word_1_649' title='bbox 1831 4842 2132 4906; x_wconf 88' lang='lat' dir='ltr'><strong>martyrum</strong></span> 
     </span>
    </p>
   </div>
   <div class='ocr_carea' id='block_1_96' title="bbox 536 4920 2133 4991">
    <p class='ocr_par' dir='ltr' id='par_1_96' title="bbox 536 4920 2133 4991">
     <span class='ocr_line' id='line_1_96' title="bbox 536 4920 2133 4991; baseline 0.001 -15"><span class='ocrx_word' id='word_1_650' title='bbox 536 4922 794 4976; x_wconf 50' lang='lat' dir='ltr'><strong>vdiviuam</strong></span> <span class='ocrx_word' id='word_1_651' title='bbox 837 4922 1092 4976; x_wconf 87' lang='lat' dir='ltr'><strong>virtutem</strong></span> <span class='ocrx_word' id='word_1_652' title='bbox 1126 4923 1400 4991; x_wconf 81' lang='lat' dir='ltr'><strong>spirantes</strong></span> <span class='ocrx_word' id='word_1_653' title='bbox 1437 4920 1922 4991; x_wconf 83' lang='lat' dir='ltr'><strong>tumuli,a:desque</strong></span> <span class='ocrx_word' id='word_1_654' title='bbox 1942 4938 2133 4990; x_wconf 66' lang='lat' dir='ltr'><strong>sacrm,</strong></span> 
     </span>
    </p>
   </div>
   <div class='ocr_carea' id='block_1_97' title="bbox 534 5011 2137 5083">
    <p class='ocr_par' dir='ltr' id='par_1_97' title="bbox 534 5011 2137 5083">
     <span class='ocr_line' id='line_1_97' title="bbox 534 5011 2137 5083; baseline 0.002 -17"><span class='ocrx_word' id='word_1_655' title='bbox 534 5012 882 5082; x_wconf 57' lang='lat' dir='ltr'><strong>«evangelicis</strong></span> <span class='ocrx_word' id='word_1_656' title='bbox 952 5013 1140 5080; x_wconf 78' lang='lat' dir='ltr'><strong>figuris</strong></span> <span class='ocrx_word' id='word_1_657' title='bbox 1191 5023 1246 5066; x_wconf 92' lang='lat' dir='ltr'><strong>et</strong></span> <span class='ocrx_word' id='word_1_658' title='bbox 1300 5011 1697 5078; x_wconf 84' lang='lat' dir='ltr'><strong>certaminum,</strong></span> <span class='ocrx_word' id='word_1_659' title='bbox 1752 5013 1949 5083; x_wconf 86' lang='lat' dir='ltr'><strong>quibus</strong></span> <span class='ocrx_word' id='word_1_660' title='bbox 2007 5024 2137 5069; x_wconf 87' lang='lat' dir='ltr'><strong>sunt</strong></span> 
     </span>
    </p>
   </div>
   <div class='ocr_carea' id='block_1_98' title="bbox 537 5103 2132 5173">
    <p class='ocr_par' dir='ltr' id='par_1_98' title="bbox 537 5103 2132 5173">
     <span class='ocr_line' id='line_1_98' title="bbox 537 5103 2132 5173; baseline 0.004 -18"><span class='ocrx_word' id='word_1_661' title='bbox 537 5103 849 5170; x_wconf 86' lang='lat' dir='ltr'><strong>.defunctis,</strong></span> <span class='ocrx_word' id='word_1_662' title='bbox 899 5105 1146 5159; x_wconf 88' lang='lat' dir='ltr'><strong>historiis</strong></span> <span class='ocrx_word' id='word_1_663' title='bbox 1197 5103 1578 5167; x_wconf 68' lang='lat' dir='ltr'><strong>exornataa,in</strong></span> <span class='ocrx_word' id='word_1_664' title='bbox 1629 5119 1766 5173; x_wconf 88' lang='lat' dir='ltr'><strong>quas</strong></span> <span class='ocrx_word' id='word_1_665' title='bbox 1816 5106 1995 5161; x_wconf 82' lang='lat' dir='ltr'><strong>insani</strong></span> <span class='ocrx_word' id='word_1_666' title='bbox 2031 5107 2132 5161; x_wconf 89' lang='lat' dir='ltr'><strong>ho-</strong></span> 
     </span>
    </p>
   </div>
   <div class='ocr_carea' id='block_1_99' title="bbox 542 5194 2132 5276">
    <p class='ocr_par' dir='ltr' id='par_1_99' title="bbox 542 5194 2132 5276">
     <span class='ocr_line' id='line_1_99' title="bbox 542 5194 2132 5276; baseline 0.003 -28"><span class='ocrx_word' id='word_1_667' title='bbox 542 5196 730 5250; x_wconf 70' lang='lat' dir='ltr'><strong>mines</strong></span> <span class='ocrx_word' id='word_1_668' title='bbox 788 5196 1050 5265; x_wconf 84' lang='lat' dir='ltr'><strong>profanas</strong></span> <span class='ocrx_word' id='word_1_669' title='bbox 1102 5194 1321 5276; x_wconf 80' lang='lat' dir='ltr'><strong>quidem</strong></span> <span class='ocrx_word' id='word_1_670' title='bbox 1370 5209 1564 5249; x_wconf 86' lang='lat' dir='ltr'><strong>manus</strong></span> <span class='ocrx_word' id='word_1_671' title='bbox 1642 5196 1918 5267; x_wconf 87' lang='lat' dir='ltr'><strong>injicieut;</strong></span> <span class='ocrx_word' id='word_1_672' title='bbox 1987 5197 2132 5252; x_wconf 86' lang='lat' dir='ltr'><strong>haud</strong></span> 
     </span>
    </p>
   </div>
   <div class='ocr_carea' id='block_1_100' title="bbox 550 5287 2131 5357">
    <p class='ocr_par' dir='ltr' id='par_1_100' title="bbox 550 5287 2131 5357">
     <span class='ocr_line' id='line_1_100' title="bbox 550 5287 2131 5357; baseline 0.004 -19"><span class='ocrx_word' id='word_1_673' title='bbox 550 5298 735 5341; x_wconf 83' lang='lat' dir='ltr'><strong>tamen</strong></span> <span class='ocrx_word' id='word_1_674' title='bbox 766 5289 1168 5357; x_wconf 87' lang='lat' dir='ltr'><strong>impendentem</strong></span> <span class='ocrx_word' id='word_1_675' title='bbox 1202 5287 1305 5341; x_wconf 85' lang='lat' dir='ltr'><strong>sibi</strong></span> <span class='ocrx_word' id='word_1_676' title='bbox 1341 5287 1409 5342; x_wconf 87' lang='lat' dir='ltr'><strong>ab</strong></span> <span class='ocrx_word' id='word_1_677' title='bbox 1445 5288 1641 5345; x_wconf 86' lang='lat' dir='ltr'><strong>invicta</strong></span> <span class='ocrx_word' id='word_1_678' title='bbox 1672 5290 1763 5346; x_wconf 90' lang='lat' dir='ltr'><strong>Dei</strong></span> <span class='ocrx_word' id='word_1_679' title='bbox 1807 5306 1970 5346; x_wconf 90' lang='lat' dir='ltr'><strong>manu</strong></span> <span class='ocrx_word' id='word_1_680' title='bbox 2001 5290 2131 5346; x_wconf 89' lang='lat' dir='ltr'><strong>sub-</strong></span> 
     </span>
    </p>
   </div>
   <div class='ocr_carea' id='block_1_101' title="bbox 546 5377 2159 5455">
    <p class='ocr_par' dir='ltr' id='par_1_101' title="bbox 546 5377 2159 5455">
     <span class='ocr_line' id='line_1_101' title="bbox 546 5377 2159 5455; baseline 0.005 -26"><span class='ocrx_word' id='word_1_681' title='bbox 546 5379 849 5449; x_wconf 73' lang='lat' dir='ltr'><strong>terfugieut</strong></span> <span class='ocrx_word' id='word_1_682' title='bbox 886 5377 1167 5432; x_wconf 87' lang='lat' dir='ltr'><strong>ultionem.</strong></span> <span class='ocrx_word' id='word_1_683' title='bbox 1205 5380 1332 5435; x_wconf 87' lang='lat' dir='ltr'><strong>Vale</strong></span> <span class='ocrx_word' id='word_1_684' title='bbox 1358 5391 1413 5435; x_wconf 91' lang='lat' dir='ltr'><strong>et</strong></span> <span class='ocrx_word' id='word_1_685' title='bbox 1453 5393 1532 5447; x_wconf 89' lang='lat' dir='ltr'><strong>tu,</strong></span> <span class='ocrx_word' id='word_1_686' title='bbox 1559 5381 1655 5437; x_wconf 87' lang='lat' dir='ltr'><strong>Dei</strong></span> <span class='ocrx_word' id='word_1_687' title='bbox 1693 5400 1884 5455; x_wconf 77' lang='lat' dir='ltr'><strong>magna</strong></span> <span class='ocrx_word' id='word_1_688' title='bbox 1914 5384 2159 5449; x_wconf 85' lang='lat' dir='ltr'><strong>civitas,’</strong></span> 
     </span>
    </p>
   </div>
   <div class='ocr_carea' id='block_1_102' title="bbox 542 5469 2128 5538">
    <p class='ocr_par' dir='ltr' id='par_1_102' title="bbox 542 5469 2128 5538">
     <span class='ocr_line' id='line_1_102' title="bbox 542 5469 2128 5538; baseline 0.004 -16"><span class='ocrx_word' id='word_1_689' title='bbox 542 5482 615 5522; x_wconf 81' lang='lat' dir='ltr'><strong>ac</strong></span> <span class='ocrx_word' id='word_1_690' title='bbox 670 5475 939 5538; x_wconf 81' lang='lat' dir='ltr'><strong>quotquot</strong></span> <span class='ocrx_word' id='word_1_691' title='bbox 989 5469 1039 5521; x_wconf 86' lang='lat' dir='ltr'><strong>iu</strong></span> <span class='ocrx_word' id='word_1_692' title='bbox 1101 5477 1153 5524; x_wconf 89' lang='lat' dir='ltr'><strong>te</strong></span> <span class='ocrx_word' id='word_1_693' title='bbox 1211 5487 1355 5527; x_wconf 79' lang='lat' dir='ltr'><strong>sana:</strong></span> <span class='ocrx_word' id='word_1_694' title='bbox 1413 5472 1847 5529; x_wconf 84' lang='lat' dir='ltr'><strong>orthodoxorum</strong></span> <span class='ocrx_word' id='word_1_695' title='bbox 1904 5471 2128 5529; x_wconf 84' lang='lat' dir='ltr'><strong>Patrqu</strong></span> 
     </span>
    </p>
   </div>
   <div class='ocr_carea' id='block_1_103' title="bbox 624 5712 1940 5794">
    <p class='ocr_par' dir='ltr' id='par_1_103' title="bbox 624 5712 1940 5794">
     <span class='ocr_line' id='line_1_103' title="bbox 624 5712 1940 5794; baseline 0.004 -24"><span class='ocrx_word' id='word_1_696' title='bbox 624 5713 656 5756; x_wconf 66' lang='grc' dir='ltr'><strong>δ</strong></span> <span class='ocrx_word' id='word_1_697' title='bbox 685 5712 767 5770; x_wconf 79' lang='lat' dir='ltr'><strong>An</strong></span> <span class='ocrx_word' id='word_1_698' title='bbox 802 5715 1288 5793; x_wconf 80' lang='grc' dir='ltr'>ἑγκαλυνδούμενοι</span> <span class='ocrx_word' id='word_1_699' title='bbox 1319 5723 1401 5778; x_wconf 81' lang='lat' dir='ltr'><strong>vel</strong></span> <span class='ocrx_word' id='word_1_700' title='bbox 1437 5720 1940 5794; x_wconf 83' lang='grc' dir='ltr'>ἑγκαλυπτόμενοι.</span> 
     </span>
    </p>
   </div>
   <div class='ocr_carea' id='block_1_104' title="bbox 2240 4557 3824 4632">
    <p class='ocr_par' dir='ltr' id='par_1_104' title="bbox 2240 4557 3824 4632">
     <span class='ocr_line' id='line_1_104' title="bbox 2240 4557 3824 4632; baseline 0.003 -23"><span class='ocrx_word' id='word_1_701' title='bbox 2240 4557 2468 4611; x_wconf 79' lang='grc' dir='ltr'>στεῦσαι</span> <span class='ocrx_word' id='word_1_702' title='bbox 2500 4558 2682 4623; x_wconf 86' lang='grc' dir='ltr'>καλῶς</span> <span class='ocrx_word' id='word_1_703' title='bbox 2724 4558 3176 4630; x_wconf 60' lang='grc' dir='ltr'>πῳτεθύμημαι,</span> <span class='ocrx_word' id='word_1_704' title='bbox 3224 4560 3493 4632; x_wconf 85' lang='grc' dir='ltr'>μηδαμῶς</span> <span class='ocrx_word' id='word_1_705' title='bbox 3521 4563 3641 4625; x_wconf 86' lang='grc' dir='ltr'>ταῖς</span> <span class='ocrx_word' id='word_1_706' title='bbox 3671 4562 3824 4630; x_wconf 79' lang='grc' dir='ltr'>αίρε-</span> 
     </span>
    </p>
   </div>
   <div class='ocr_carea' id='block_1_105' title="bbox 2234 4649 3821 4725">
    <p class='ocr_par' dir='ltr' id='par_1_105' title="bbox 2234 4649 3821 4725">
     <span class='ocr_line' id='line_1_105' title="bbox 2234 4649 3821 4725; baseline 0.003 -24"><span class='ocrx_word' id='word_1_707' title='bbox 2234 4652 2417 4712; x_wconf 81' lang='grc' dir='ltr'>τικαῖς</span> <span class='ocrx_word' id='word_1_708' title='bbox 2442 4649 2828 4720; x_wconf 85' lang='grc' dir='ltr'>ἀντιστροφαῖς</span> <span class='ocrx_word' id='word_1_709' title='bbox 2863 4649 3162 4721; x_wconf 70' lang='grc' dir='ltr'>πληθῆναι</span> <span class='ocrx_word' id='word_1_710' title='bbox 3186 4650 3671 4725; x_wconf 82' lang='grc' dir='ltr'>δυνάμενα.Χαῖρέ</span> <span class='ocrx_word' id='word_1_711' title='bbox 3708 4669 3821 4722; x_wconf 82' lang='grc' dir='ltr'>μοι,</span> 
     </span>
    </p>
   </div>
   <div class='ocr_carea' id='block_1_106' title="bbox 2237 4739 3825 4817">
    <p class='ocr_par' dir='ltr' id='par_1_106' title="bbox 2237 4739 3825 4817">
     <span class='ocr_line' id='line_1_106' title="bbox 2237 4739 3825 4817; baseline 0.001 -23"><span class='ocrx_word' id='word_1_712' title='bbox 2237 4739 2476 4811; x_wconf 82' lang='grc' dir='ltr'>καθέδρα</span> <span class='ocrx_word' id='word_1_713' title='bbox 2495 4781 2511 4805; x_wconf 87' lang='grc'><strong>,</strong></span> <span class='ocrx_word' id='word_1_714' title='bbox 2542 4741 2628 4811; x_wconf 80' lang='grc' dir='ltr'><strong>ἐφ’</strong></span> <span class='ocrx_word' id='word_1_715' title='bbox 2654 4740 2723 4811; x_wconf 80' lang='grc' dir='ltr'>ἢν</span> <span class='ocrx_word' id='word_1_716' title='bbox 2773 4740 2875 4795; x_wconf 89' lang='grc' dir='ltr'><strong>οὐκ</strong></span> <span class='ocrx_word' id='word_1_717' title='bbox 2902 4741 3182 4806; x_wconf 88' lang='grc' dir='ltr'>ἀϐιάστως</span> <span class='ocrx_word' id='word_1_718' title='bbox 3230 4741 3459 4813; x_wconf 75' lang='grc' dir='ltr'>ἐπέϐην,</span> <span class='ocrx_word' id='word_1_719' title='bbox 3509 4746 3605 4797; x_wconf 73' lang='grc' dir='ltr'><strong>καὶ</strong></span> <span class='ocrx_word' id='word_1_720' title='bbox 3634 4740 3701 4817; x_wconf 85' lang='grc' dir='ltr'>ἦς</span> <span class='ocrx_word' id='word_1_721' title='bbox 3728 4742 3825 4796; x_wconf 76' lang='grc' dir='ltr'>νῦν</span> 
     </span>
    </p>
   </div>
   <div class='ocr_carea' id='block_1_107' title="bbox 2234 4832 3826 4909">
    <p class='ocr_par' dir='ltr' id='par_1_107' title="bbox 2234 4832 3826 4909">
     <span class='ocr_line' id='line_1_107' title="bbox 2234 4832 3826 4909; baseline 0.002 -22"><span class='ocrx_word' id='word_1_722' title='bbox 2234 4833 2506 4904; x_wconf 82' lang='grc' dir='ltr'>ὑποχωρῶ</span> <span class='ocrx_word' id='word_1_723' title='bbox 2542 4832 2872 4905; x_wconf 85' lang='grc' dir='ltr'>βιαιότερον.</span> <span class='ocrx_word' id='word_1_724' title='bbox 2903 4835 3164 4906; x_wconf 78' lang='grc' dir='ltr'>Χαίρετε,</span> <span class='ocrx_word' id='word_1_725' title='bbox 3189 4837 3350 4906; x_wconf 75' lang='grc' dir='ltr'>σηκοὶ</span> <span class='ocrx_word' id='word_1_726' title='bbox 3381 4835 3677 4909; x_wconf 81' lang='grc' dir='ltr'>μαρτύρων</span> <span class='ocrx_word' id='word_1_727' title='bbox 3710 4836 3826 4890; x_wconf 86' lang='grc' dir='ltr'>θεό-</span> 
     </span>
    </p>
   </div>
   <div class='ocr_carea' id='block_1_108' title="bbox 2239 4925 3826 5012">
    <p class='ocr_par' dir='ltr' id='par_1_108' title="bbox 2239 4925 3826 5012">
     <span class='ocr_line' id='line_1_108' title="bbox 2239 4925 3826 5012; baseline 0.003 -35"><span class='ocrx_word' id='word_1_728' title='bbox 2239 4925 2463 4997; x_wconf 77' lang='grc' dir='ltr'>ληπτοι,</span> <span class='ocrx_word' id='word_1_729' title='bbox 2492 4929 2608 4990; x_wconf 89' lang='grc' dir='ltr'>τοῖς</span> <span class='ocrx_word' id='word_1_730' title='bbox 2647 4926 3029 5012; x_wconf 71' lang='grc' dir='ltr'>εὐαγγελικοῖς</span> <span class='ocrx_word' id='word_1_731' title='bbox 3057 4927 3148 4981; x_wconf 74' lang='grc' dir='ltr'><strong>καὶ</strong></span> <span class='ocrx_word' id='word_1_732' title='bbox 3167 4926 3479 4997; x_wconf 80' lang='grc' dir='ltr'>ἀθλητικοῖς</span> <span class='ocrx_word' id='word_1_733' title='bbox 3508 4931 3826 5001; x_wconf 67' lang='grc' dir='ltr'>χαρακτῆρο</span> 
     </span>
    </p>
   </div>
   <div class='ocr_carea' id='block_1_109' title="bbox 2236 5015 3824 5094">
    <p class='ocr_par' dir='ltr' id='par_1_109' title="bbox 2236 5015 3824 5094">
     <span class='ocr_line' id='line_1_109' title="bbox 2236 5015 3824 5094; baseline 0.003 -23"><span class='ocrx_word' id='word_1_734' title='bbox 2236 5035 2320 5071; x_wconf 91' lang='grc' dir='ltr'><strong>σιν</strong></span> <span class='ocrx_word' id='word_1_735' title='bbox 2343 5017 2830 5089; x_wconf 75' lang='grc' dir='ltr'>ὲγκαλυνόμενοιιι,</span> <span class='ocrx_word' id='word_1_736' title='bbox 2848 5015 3028 5091; x_wconf 78' lang='grc' dir='ltr'>ὲφόἷς</span> <span class='ocrx_word' id='word_1_737' title='bbox 3049 5023 3099 5076; x_wconf 78' lang='lat' dir='ltr'><strong>oi</strong></span> <span class='ocrx_word' id='word_1_738' title='bbox 3124 5022 3484 5094; x_wconf 83' lang='grc' dir='ltr'>ἀφραίνοντες</span> <span class='ocrx_word' id='word_1_739' title='bbox 3508 5022 3824 5076; x_wconf 84' lang='grc' dir='ltr'>ὲπιϐαλοῦσι</span> 
     </span>
    </p>
   </div>
   <div class='ocr_carea' id='block_1_110' title="bbox 2239 5112 3825 5189">
    <p class='ocr_par' dir='ltr' id='par_1_110' title="bbox 2239 5112 3825 5189">
     <span class='ocr_line' id='line_1_110' title="bbox 2239 5112 3825 5189; baseline 0.004 -24"><span class='ocrx_word' id='word_1_740' title='bbox 2239 5113 2340 5183; x_wconf 85' lang='grc' dir='ltr'>μὲν</span> <span class='ocrx_word' id='word_1_741' title='bbox 2373 5112 2634 5184; x_wconf 79' lang='grc' dir='ltr'>βεϐήλους</span> <span class='ocrx_word' id='word_1_742' title='bbox 2685 5116 2874 5187; x_wconf 87' lang='grc' dir='ltr'>χεῖρας</span> <span class='ocrx_word' id='word_1_743' title='bbox 2894 5158 2908 5182; x_wconf 93' lang='grc'><strong>,</strong></span> <span class='ocrx_word' id='word_1_744' title='bbox 2963 5116 3064 5188; x_wconf 87' lang='grc' dir='ltr'><strong>οὐχ</strong></span> <span class='ocrx_word' id='word_1_745' title='bbox 3110 5116 3374 5187; x_wconf 85' lang='grc' dir='ltr'>ὐφελοῦσι</span> <span class='ocrx_word' id='word_1_746' title='bbox 3420 5118 3477 5173; x_wconf 78' lang='grc' dir='ltr'>δὲ</span> <span class='ocrx_word' id='word_1_747' title='bbox 3503 5118 3603 5189; x_wconf 82' lang='grc' dir='ltr'>τὴν</span> <span class='ocrx_word' id='word_1_748' title='bbox 3633 5120 3697 5171; x_wconf 84' lang='grc' dir='ltr'>ὲκ</span> <span class='ocrx_word' id='word_1_749' title='bbox 3726 5117 3825 5187; x_wconf 75' lang='grc' dir='ltr'>τῆς</span> 
     </span>
    </p>
   </div>
   <div class='ocr_carea' id='block_1_111' title="bbox 2241 5205 3821 5282">
    <p class='ocr_par' dir='ltr' id='par_1_111' title="bbox 2241 5205 3821 5282">
     <span class='ocr_line' id='line_1_111' title="bbox 2241 5205 3821 5282; baseline 0.004 -24"><span class='ocrx_word' id='word_1_750' title='bbox 2241 5205 2514 5275; x_wconf 83' lang='grc' dir='ltr'>ἀηττήτου</span> <span class='ocrx_word' id='word_1_751' title='bbox 2583 5205 2765 5278; x_wconf 63' lang='grc' dir='ltr'>χειρίς</span> <span class='ocrx_word' id='word_1_752' title='bbox 2832 5208 3017 5272; x_wconf 82' lang='grc' dir='ltr'>αὐτοῖς</span> <span class='ocrx_word' id='word_1_753' title='bbox 3068 5208 3465 5282; x_wconf 80' lang='grc' dir='ltr'>ἐπηρτημένην</span> <span class='ocrx_word' id='word_1_754' title='bbox 3527 5209 3821 5264; x_wconf 87' lang='grc' dir='ltr'>ἀντίδοσιν.</span> 
     </span>
    </p>
   </div>
   <div class='ocr_carea' id='block_1_112' title="bbox 2240 5296 3829 5372">
    <p class='ocr_par' dir='ltr' id='par_1_112' title="bbox 2240 5296 3829 5372">
     <span class='ocr_line' id='line_1_112' title="bbox 2240 5296 3829 5372; baseline 0.005 -22"><span class='ocrx_word' id='word_1_755' title='bbox 2240 5296 2413 5366; x_wconf 84' lang='grc' dir='ltr'>Χαῖρε</span> <span class='ocrx_word' id='word_1_756' title='bbox 2476 5298 2569 5350; x_wconf 78' lang='grc' dir='ltr'><strong>καὶ</strong></span> <span class='ocrx_word' id='word_1_757' title='bbox 2624 5300 2709 5360; x_wconf 82' lang='grc' dir='ltr'><strong>σύ,</strong></span> <span class='ocrx_word' id='word_1_758' title='bbox 2752 5298 2888 5353; x_wconf 77' lang='grc' dir='ltr'>Θεοῦ</span> <span class='ocrx_word' id='word_1_759' title='bbox 2945 5301 3280 5372; x_wconf 86' lang='grc' dir='ltr'>μεγαλόπολι</span> <span class='ocrx_word' id='word_1_760' title='bbox 3313 5342 3329 5369; x_wconf 96' lang='grc'><strong>,</strong></span> <span class='ocrx_word' id='word_1_761' title='bbox 3392 5304 3486 5358; x_wconf 81' lang='grc' dir='ltr'>καὶ</span> <span class='ocrx_word' id='word_1_762' title='bbox 3551 5303 3665 5357; x_wconf 80' lang='grc' dir='ltr'>ὅσοι</span> <span class='ocrx_word' id='word_1_763' title='bbox 3712 5306 3829 5369; x_wconf 86' lang='grc' dir='ltr'>τοῖς</span> 
     </span>
    </p>
   </div>
   <div class='ocr_carea' id='block_1_113' title="bbox 2240 5386 3823 5465">
    <p class='ocr_par' dir='ltr' id='par_1_113' title="bbox 2240 5386 3823 5465">
     <span class='ocr_line' id='line_1_113' title="bbox 2240 5386 3823 5465; baseline 0.006 -27"><span class='ocrx_word' id='word_1_764' title='bbox 2240 5386 2450 5455; x_wconf 82' lang='grc' dir='ltr'>ὐγιέσιν</span> <span class='ocrx_word' id='word_1_765' title='bbox 2504 5390 2562 5441; x_wconf 80' lang='grc' dir='ltr'>ἐν</span> <span class='ocrx_word' id='word_1_766' title='bbox 2608 5389 2692 5442; x_wconf 74' lang='grc' dir='ltr'>σοὶ</span> <span class='ocrx_word' id='word_1_767' title='bbox 2735 5390 2831 5443; x_wconf 75' lang='grc' dir='ltr'>καὶ</span> <span class='ocrx_word' id='word_1_768' title='bbox 2876 5392 3169 5464; x_wconf 88' lang='grc' dir='ltr'>Πατρικοῖς</span> <span class='ocrx_word' id='word_1_769' title='bbox 3216 5394 3823 5465; x_wconf 78' lang='grc' dir='ltr'>ὲπερείδονταιδόγμα-</span> 
     </span>
    </p>
   </div>
   <div class='ocr_carea' id='block_1_114' title="bbox 2242 5476 3823 5560">
    <p class='ocr_par' dir='ltr' id='par_1_114' title="bbox 2242 5476 3823 5560">
     <span class='ocr_line' id='line_1_114' title="bbox 2242 5476 3823 5560; baseline 0.009 -31"><span class='ocrx_word' id='word_1_770' title='bbox 2242 5493 2345 5543; x_wconf 88' lang='grc' dir='ltr'>σιν,</span> <span class='ocrx_word' id='word_1_771' title='bbox 2380 5476 2473 5541; x_wconf 72' lang='grc' dir='ltr'><strong>οὓς</strong></span> <span class='ocrx_word' id='word_1_772' title='bbox 2503 5482 2613 5543; x_wconf 88' lang='grc' dir='ltr'>τοῖς</span> <span class='ocrx_word' id='word_1_773' title='bbox 2675 5479 2811 5535; x_wconf 79' lang='grc' dir='ltr'>Θεοῦ</span> <span class='ocrx_word' id='word_1_774' title='bbox 2862 5485 2955 5537; x_wconf 69' lang='grc' dir='ltr'><strong>καὶ</strong></span> <span class='ocrx_word' id='word_1_775' title='bbox 2999 5488 3111 5549; x_wconf 68' lang='grc' dir='ltr'>σοῖς</span> <span class='ocrx_word' id='word_1_776' title='bbox 3155 5486 3511 5559; x_wconf 82' lang='grc' dir='ltr'>ὐποϐέϐληκα</span> <span class='ocrx_word' id='word_1_777' title='bbox 3539 5488 3823 5560; x_wconf 79' lang='grc' dir='ltr'>πτέρυξιν,</span> 
     </span>
    </p>
   </div>
  </div>
