4158 6348
444 361 550 422 N3

1427 352 1487 410 S.
1529 350 1951 410 NICEPHORI
1992 351 2499 412 PATRIARCILE
2538 355 2642 414 (ΖΡ.

3603 349 3704 412 LM

437 465 646 538 ploret?
688 461 1144 532 Nentpe‘illorum
1178 459 1593 530 superstitiones
1626 457 1759 525 Leo,
1801 459 1904 528 ipsi
1935 459 2012 512 illi

2134 460 2366 528 adu-ra;
2395 461 2471 524 ὡς
2501 461 2664 513 αὐτὸν
2699 460 2795 529 μὲν
2826 461 2935 522 τοϊς
2967 458 3214 525 ἐκείνων,
3242 460 3484 524 ἐκείνους
3513 460 3569 514 δὲ
3593 468 3705 525 τοίς

439 568 626 614 nostra
689 563 1020 624 usurpantes
1081 554 1342 624 legitima,
1409 559 1597 604 mutuo
1658 550 2019 604 ﬁrmaverunt

440 661 597 721 pacta
638 660 740 704 :ct
788 649 976 702 videre
1009 657 1128 701 erat
1181 647 1559 716 imperatorem
1610 643 1920 696 ltomanutn
1957 642 2020 694 li-

442 746 575 799 bare
602 757 801 811 aquam
832 755 863 795 e
883 740 1052 794 calice
1077 739 1128 791 in
1158 747 1356 791 terram
1388 749 1767 804 equorumque
1794 733 2022 789 clitellas

442 850 666 891 versare
702 833 972 892 manibus.
1011 830 1134 884 dein
1178 839 1330 882 terna
1373 827 1488 880 lora
1528 836 1775 896 tangere,
1814 825 2024 879 fenum-

444 942 549 996 que
582 927 635 980 in
667 926 834 979 altum
866 921 1113 977 attollere
1166 928 1224 975 et
1270 935 1330 975 se
1363 918 1512 974 omni
1567 919 1666 972 hac
1699 917 2022 971 caereutonia

447 1021 660 1087 rituque
693 1018 996 1081 devovere;
1049 1021 1242 1084 gentes
1281 1026 1413 1066 vero
1442 1011 1627 1064 divina
1663 1018 1846 1063 nostra
1879 1023 2025 1078 synt-

446 1109 564 1164 bola
596 1108 848 1163 scelestis
880 1115 1225 1162 contrectare
1275 1103 1553 1166 manibus,
1583 1118 1648 1156 ac
1679 1117 1777 1172 per
1811 1099 2025 1154 illorum

446 1203 696 1255 virtutem
763 1199 1032 1270 sacrilego
1097 1212 1158 1253 se
1223 1196 1569 1264 obstringere
1657 1201 2024 1247 sacramento.

445 1293 632 1347 Nonne
656 1294 768 1346 haec
800 1289 1146 1346 crudelitatis
1178 1287 1332 1342 fuere
1355 1284 1632 1356 germina?
1655 1283 1846 1337 Nonne
1870 1295 2027 1352 aper-

449 1396 532 1437 tus
560 1383 614 1436 in
633 1381 914 1436 Christum
938 1379 1090 1433 furor
1113 1387 1169 1433 et
1189 1375 1536 1433 exsecratio?
1555 1374 1744 1428 Nonne
1765 1370 2028 1441 ejusmodi

446 1483 504 1528 nt
546 1473 639 1528 Dei
673 1472 932 1525 ultionem
981 1469 1259 1524 indicant?
1289 1467 1477 1522 Fidem
1519 1481 1651 1520 sane
1683 1463 1899 1519 abunde
1946 1461 2030 1516 fa-

447 1567 596 1616 tiunt
622 1561 742 1631 ejus
768 1558 1028 1628 temporis
1046 1568 1358 1627 portentosa
1385 1564 1600 1617 eventa,
1623 1551 1876 1607 videlicet
1901 1565 2032 1604 con-

447 1655 730 1710 eussiones
777 1667 841 1706 ac
889 1657 1253 1712 terrmtnotus,
1303 1662 1396 1700 cor
1423 1644 1727 1701 secundum
1782 1643 2033 1712 prophe-

453 1758 560 1798 tam
606 1742 655 1774 ¹⁰
711 1739 1157 1808 confringentes,
1210 1737 1476 1804 urbesque
1531 1733 1820 1803 populosas
1867 1729 2033 1785 exitio

2122 553 2413 623 ἡμετέροις
2466 551 2718 622 νομίμοις
2771 553 3248 623 προσχρήσασθαι,
3305 553 3398 606 καὶ
3431 553 3572 607 οὕτω
3607 556 3708 619 τάς

2125 645 2261 716 πρὸς
2296 645 2560 715 ἀλλήλους
2607 645 2914 712 συμϐάσεις
2970 643 3381 698 πιστώσασθαι·
3430 649 3487 699 ἐν
3520 644 3607 710 αἷς
3640 645 3709 719 ἦν

2124 739 2259 808 ὁρᾷν
2297 738 2389 790 τὸν
2423 736 2651 806 βασιλέα
2685 736 2971 806 Ῥωμαίων
2998 737 3187 806 χερσὶν
3215 739 3277 790 ἐκ
3310 737 3529 800 κύλικος
3564 737 3710 805 ὕδωρ

2124 829 2266 883 κατὰ
2301 831 2402 900 γῆς
2441 829 2815 890 ἐπιλείσοντα,
2851 828 3208 898 ἐπισάγματα
3255 831 3439 882 ἵππων
3475 831 3711 903 αὐτουρ-

2125 923 2238 989 γῶς
2286 921 2732 993 ἀναστρέφοντα,
2781 922 3025 990 ἱμάντων
3066 921 3327 992 ἐντρίτων
3378 921 3710 992 ἁπτόμενον,

2127 1016 2223 1068 κοιλ⁸
2259 1015 2454 1085 χόρτον
2497 1015 2577 1077 είς
2619 1013 2754 1082 ὕψος
2785 1013 3040 1084 αἴροντα,
3075 1013 3170 1064 καὶ
3215 1013 3304 1068 διὰ
3340 1015 3562 1067 πάντων
3590 1015 3718 1067 τού-

2127 1123 2236 1159 των
2299 1105 2496 1159 ἐαυτὸν
2535 1101 2926 1173 ἐπαρώμενον·
2981 1101 3111 1172 εθνη
3161 1103 3217 1156 δὲ
3264 1102 3375 1156 τῶν
3424 1103 3716 1176 ἡμετέρων

2129 1198 2291 1250 θείων
2334 1196 2622 1266 συμδόλων
2659 1193 2950 1263 ἀθεμίτοις
2994 1194 3182 1264 χερσὶν
3205 1192 3585 1262 ἐπιψαύοντα,
3619 1195 3718 1248 καὶ

2131 1291 2274 1344 κατά
2303 1290 2401 1359 τῆς
2439 1287 2622 1343 αὐτῶν
2659 1287 2946 1356 δυνάμεως
2983 1285 3352 1355 ἐπομνύοντα.
3392 1286 3578 1340 Ταῦτα
3617 1289 3717 1341 οὐκ

2129 1381 2412 1451 ὠμότητος
2441 1381 2667 1447 ἑγγονας
2709 1378 2844 1447 Οὐχὶ
2874 1377 3054 1446 σαφὴς
3081 1376 3226 1429 κατά
3266 1376 3505 1446 Χριστοῦ
3551 1378 3717 1446 μανία

2131 1474 2226 1527 καὶ
2262 1474 2548 1544 πήρωσιςς
2599 1471 2713 1523 Οὐκ
2755 1470 3026 1538 ἐπαγωγὰ
3060 1469 3161 1538 τῆς
3199 1467 3294 1523 τοῦ
3323 1469 3461 1521 Θεοῦ
3501 1469 3715 1533 δικαίας

2132 1565 2542 1634 ἐπιτιμήσεωςς
2578 1563 2688 1615 Καὶ
2717 1562 2991 1630 μαρτυρεῖ
3014 1560 3109 1614 τοῦ
3133 1559 3254 1612 τότε
3297 1559 3497 1631 καιροῦ
3535 1560 3607 1618 τὰ
3631 1579 3720 1615 τει-

2136 1654 2347 1724 ρατώδη
2385 1655 2480 1708 καὶ
2517 1654 2730 1720 ἐξαίσια
2760 1652 3064 1722 δείγματα,
3097 1652 3200 1720 γῆς
3254 1652 3567 1723 ἐντιναγμοὶ
3624 1656 3718 1707 καὶ

2135 1747 2493 1818 ἀνατιναγμοὶ
2512 1786 2526 1810 ,
2575 1745 2803 1816 καρδίαν
2831 1745 3210 1815 ,προφητικῶς
3239 1744 3712 1816 καταθραύοντες,

448 1837 676 1888 obrutas
712 1831 944 1886 :adbtec
980 1843 1210 1882 annona:
1243 1830 1466 1896 penuria
1502 1825 1696 1878 famem
1735 1837 1901 1892 super
1943 1822 2030 1874 fa-t

2136 1841 2232 1893 καὶ
2256 1838 2590 1908 αὐτάνδρους
2627 1837 2810 1898 πόλεις
2856 1834 3165 1905 βυθίζοντες
3188 1875 3204 1896 ,
3239 1833 3390 1904 λιμοὶ
3419 1835 3514 1887 ἐπὶ
3552 1852 3716 1904 προσ-

450 1927 592 1981 ciem
625 1937 782 1979 terra:
819 1924 1114 1984 seminans,
1153 1921 1282 1973 dum
1313 1915 1561 1988 agricola:
1589 1916 1771 1985 spicas
1797 1930 1904 1968 non
1930 1913 2030 1966 fal-

449 2013 626 2076 cibus,
677 2012 774 2065 sed
838 2009 1092 2063 manibus
1153 2017 1208 2062 et
1255 2006 1491 2061 sacculis
1546 2005 1824 2073 colligunt.
1878 2003 2032 2057 Adde

447 2119 627 2159 aerent
651 2103 854 2156 similes
882 2103 1045 2171 virgis
1071 2099 1334 2169 igniculos
1358 2098 1698 2151 emittentem
1721 2108 1775 2149 et
1793 2104 2033 2150 terrores

450 2194 752 2249 videntibus
776 2193 1095 2248 inferentem
1122 2209 1136 2246 :
1161 2193 1302 2244 adde
1338 2191 1687 2243 infecundum
1726 2201 1906 2248 mare.
1935 2202 2029 2241 sa-

453 2290 670 2356 lmnque
703 2301 766 2341 ac
801 2285 996 2340 tinctus
1029 2283 1384 2339 obsoniorum
1453 2283 1572 2336 loco
1628 2281 1809 2333 visum
1847 2278 2028 2332 ell‘un-

349 2445 373 2464 ο
449 2382 578 2434 dere
615 2395 629 2433 :
667 2380 805 2434 adde
837 2376 1181 2446 cognationis
1235 2389 1299 2428 ac
1360 2371 1783 2428 necessitudinis
1811 2370 2036 2425 oblivio-

450 2486 574 2526 nem
605 2472 748 2540 apud
771 2484 962 2522 omnes
992 2475 1364 2536 pervagatam,
1400 2463 1770 2530 tumultusque
1801 2475 1866 2515 ac
1889 2459 2031 2514 bella

453 2561 708 2617 intestina
743 2561 796 2614 in
843 2558 1100 2614 omnibus
1151 2555 1447 2626 provinciis
1479 2565 1644 2622 atque
1673 2551 1886 2622 oppidis
1910 2564 2035 2620 pro-

455 2655 791 2723 gignentem.
829 2650 1042 2704 Exinde
1097 2647 1245 2702 enim
1301 2647 1675 2713 Itactenusque
1696 2644 1942 2711 contigit,
1978 2651 2035 2696 ut

453 2744 698 2799 civilium
727 2756 1004 2795 armorum
1039 2738 1260 2793 morbus
1295 2737 1497 2806 ubique
1524 2735 1818 2790 obtineret.

524 2862 616 2916 81.
656 2863 725 2913 At
751 2873 818 2913 ne
851 2856 932 2912 sic
959 2854 1177 2927 quidem
1207 2851 1308 2908 viri
1339 2851 1580 2922 pravitas
1608 2865 1671 2904 ac
1706 2846 1912 2903 malitia
1945 2845 2028 2900 ul-

455 2952 537 3006 las
562 2948 663 3004 sibi
727 2946 976 3001 inducias
1021 2941 1454 3013 interquiescens
1503 2939 1696 2994 indixit
1743 2955 1758 2992 :
1817 2948 2033 2992 tumens

452 3042 597 3096 enim
631 3055 695 3093 ac
723 3038 960 3108 gliscens
988 3033 1205 3088 animus
1231 3043 1284 3087 ct
1313 3047 1501 3087 eorum
1542 3045 1662 3100 qua:
1690 3028 2031 3099 parturiebat

456 3133 722 3188 malorum
739 3130 1076 3200 eruptionem
1097 3125 1373 3189 minitans,
1391 3122 1775 3192 conjurationis
1792 3120 2027 3190 gladintn

2133 1929 2284 1982 ιῦπου
2315 1929 2413 1998 τῆς
2437 1928 2543 1997 γῆς
2568 1928 2750 1979 πᾶσαν
2773 1926 3008 1996 ἀπορίαν
3036 1925 3442 1994 ἐνσπείροντες,
3477 1928 3718 1997 γεωργοὶ

2132 2020 2258 2082 τοὺς
2296 2020 2534 2088 στάχυας
2568 2018 2630 2070 οὐ
2661 2015 2982 2083 δρεπάναις,
3005 2014 3143 2068 ἀλλὰ
3182 2017 3344 2086 χερσὶ
3379 2017 3719 2087 μαρσίπποις

2135 2107 2519 2175 συλλέγοντες,
2586 2106 2750 2176 ἀέρος
2807 2104 3115 2174 φλογώσεις
3180 2103 3427 2167 ἐοικυίας
3502 2105 3719 2176 ῥάϐδοις

2134 2195 2391 2266 ἀφιέντος
2426 2198 2522 2248 κα)⁵
2551 2197 2731 2248 πᾶσαν
2761 2197 2875 2258 τοῖς
2905 2193 3106 2264 ὁρῶσιν
3144 2193 3409 2263 ἔκπληξιν
3431 2195 3716 2266 φέροντος·

2135 2288 2412 2358 θαλάσσης
2444 2285 2696 2356 ἀκάρπου
2743 2284 3014 2355 μενούσης
3047 2285 3141 2338 καὶ
3169 2284 3524 2356 πηγαξούσης
3558 2287 3718 2340 σάλον

2133 2380 2247 2434 ἀντ’
2276 2380 2522 2449 ὀψωνίων
2545 2381 2640 2432 καὶ
2676 2377 2978 2440 κλύδωνας,
3010 2376 3184 2448 λήθης
3215 2377 3344 2448 περὶ
3372 2377 3434 2432 τὸ
3458 2379 3720 2448 συγγενὲς

2135 2471 2229 2524 καὶ
2259 2472 2464 2522 οἰκεῖον
2500 2470 2808 2538 πανταχόσε
2851 2467 3194 2539 διαθεούσης,
3229 2468 3324 2522 καὶ
3363 2469 3583 2526 στάσειξ
3621 2471 3716 2538 ἐμ·

2136 2561 2362 2630 φυλίους
2394 2564 2500 2616 ἀνὰ
2535 2564 2717 2614 πᾶσαν
2749 2561 2936 2629 χώραν
2963 2561 3054 2613 uti
3089 2560 3243 2612 πόλιν
3290 2561 3714 2629 άποτικτούσης.

2147 2654 2235 2721 Ἐξ
2267 2655 2481 2707 ἐκείνου
2513 2654 2622 2724 γὰρ
2652 2655 2747 2707 καὶ
2780 2652 2940 2724 μέχρι
2969 2651 3088 2717 νῦν,
3115 2651 3178 2706 τὸ
3206 2652 3379 2707 δεινὸν
3404 2651 3508 2722 τῆς
3537 2653 3716 2723 ἐμφυ-

2132 2746 2248 2799 λίου
2276 2748 2563 2816 συμφορᾶς
2590 2745 2961 2815 ἐπικρατῆσαι
3007 2744 3319 2816 συμϐέϐηκε
3355 2745 3587 2814 νᾶσημα.

2205 2856 2318 2912 πα’.
2372 2856 2512 2909 Ἀλλ’
2561 2856 2673 2909 οὐδ’
2719 2856 2891 2918 οὕτως
2938 2855 3097 2926 ἠτοῦ
3133 2855 3324 2925 ἀνδρδλς
3373 2857 3544 2910 κακία
3601 2857 3705 2908 ὑπ-

2133 2947 2317 3016 ελώιρα
2350 2946 2447 3000 καὶ
2488 2946 2684 3017 ἔληγεν
2705 2965 2716 2978 ·
2744 2946 2966 3018 ὀργῶσα
2999 2947 3055 2999 δὲ
3087 2947 3182 3000 καὶ
3222 2945 3590 3012 σφαδάζουσα,
3626 2947 3720 3001 καὶ

2131 3033 2220 3090 οἷα
2247 3037 2403 3107 ῥῆξιν
2440 3037 2551 3087 τῶν
2579 3035 2878 3106 δρωμένων
2909 3035 3149 3104 ἀνιαρῶν
3180 3035 3583 3099 ἐπαπειλοῦσα,
3619 3037 3717 3106 τὴν

2134 3127 2236 3196 τῆς
2282 3125 2582 3194 ἀντσρσίας
2641 3125 2917 3196 ῥομφαίαν
2963 3123 3111 3194 αὐτῷ
3164 3125 3585 3188 ἐπεστίλδωσεν,
3619 3127 3717 3180 οὐκ

454 3226 671 3281 strinxit
693 3225 978 3277 adversum
1001 3235 1081 3283 se,
1105 3233 1211 3273 non
1231 3218 1406 3272 media
1427 3217 1477 3270 itt
1497 3216 1636 3280 acie,
1653 3229 1760 3268 non
1785 3217 1836 3266 in
1853 3213 2030 3264 aliena

2135 3220 2195 3272 ἐν
2225 3218 2364 3288 μέσῃ
2393 3215 2717 3287 παρατάξει,
2755 3217 2855 3268 οὐκ
2899 3218 2957 3268 ἐν
2990 3215 3287 3286 ἀλλοδαπῇ.
3325 3219 3424 3269 οὐκ
3468 3221 3523 3272 ἐν
3565 3218 3720 3270 πολε-

457 3333 622 3388 atque
670 3315 958 3372 barbarica
1007 3319 1344 3383 pugnantem
1411 3306 1805 3377 ditione(nam
1833 3313 1888 3358 et
1919 3301 2032 3356 haec

461 3411 656 3479 frigida
684 3413 932 3478 quaedam
958 3405 1140 3459 laudis
1175 3402 1367 3458 fuisset
1387 3398 1623 3463 occasio,
1659 3395 1799 3450 unde
1832 3394 2033 3447 misero

456 3501 859 3570 gratuleremnr
890 3498 1032 3552 velut
1053 3511 1152 3566 pro
1178 3496 1349 3566 patria
1373 3487 1729 3562 periclitatol,
1768 3485 1860 3540 sed
1889 3483 2031 3538 domi

459 3593 703 3646 desident
735 3598 788 3642 et
822 3588 957 3651 suis,
996 3596 1054 3641 ut
1106 3586 1352 3655 putabat,
1389 3581 1552 3636 rebus
1601 3578 1806 3648 optime
1836 3587 2033 3629 consu-

462 3684 682 3737 lentem.
721 3681 852 3734 Eum
877 3679 1098 3749 quippe,
1132 3676 1224 3746 qui
1256 3673 1460 3744 negetii
1496 3671 1664 3726 totius
1701 3682 1766 3721 ac
1797 3663 2034 3719 molitio-

463 3777 545 3830 nis
575 3785 765 3828 auctor
795 3781 914 3826 crat
945 3769 1044 3841 to),
1083 3769 1134 3823 in
1164 3765 1411 3822 custodia
1435 3777 1499 3817 ac
1528 3759 1761 3816 vinculis
1793 3757 2030 3820 tenebat,

460 3873 897 3936 exspectaturum
925 3867 1116 3926 donec,
1140 3859 1282 3928 quod
1310 3870 1417 3925 prae
1447 3853 1652 3907 foribus
1675 3851 1866 3904 aderat
1899 3849 2033 3915 ipsa-

461 3975 565 4027 que
587 3975 682 4012 sua
713 3957 971 4026 religione
1005 3952 1273 4024 pulsabat.
1303 3945 1572 4004 Dotninici
1597 3943 1805 3998 Natalis
1829 3942 2032 4011 (p)cer-

463 4066 641 4106 tamen
676 4057 1052 4119 perageretur,
1088 4056 1142 4097 et
1177 4042 1305 4111 quid
1336 4042 1479 4093 l'aeto
1512 4052 1646 4106 opus
1671 4035 1894 4091 solertia
1915 4031 2035 4085 dili-

461 4145 706 4213 g-ntiore
743 4139 1162 4208 disquireretur.
1210 4133 1366 4187 Tunc
1400 4131 1684 4187 enimvero
1707 4135 1870 4195 caput
1906 4123 2032 4178 illud

461 4239 720 4291 adversus
744 4232 1037 4287 Ecclesium
1067 4228 1373 4282 diademate
1418 4223 1678 4280 cinctum,
1711 4231 2036 4287 manumque

463 4330 528 4381 ad
555 4325 845 4382 evertenda
875 4331 1017 4376 recta
1048 4321 1263 4373 decreta
1313 4322 1615 4372 extentam,
1643 4308 1931 4364 satellitum
1961 4306 2032 4377 (ᾳ)

465 4418 806 4490 propriorum
847 4429 913 4468 ac
953 4411 1248 4482 tegentium
1285 4407 1450 4460 latera
1506 4403 1734 4457 militum
1761 4401 1952 4470 gladiis
1981 4401 2034 4454 in

467 4511 643 4564 media
688 4507 857 4578 ipsius
891 4503 1077 4571 templi
1111 4514 1236 4555 area
1263 4496 1496 4552 secanda
1534 4493 1800 4563 praebens,
1833 4490 2033 4546 einavit

463 4605 701 4657 animant
730 4603 917 4662 miser,
947 4598 1183 4666 plurium
1209 4600 1519 4646 sanctorum
1546 4587 1742 4640 violata
1773 4585 2034 4656 religione

462 4698 874 4754 exsecrabilem.
926 4690 1154 4751 Verum,
1204 4686 1250 4740 si
1289 4685 1440 4747 libet,
1489 4697 1661 4752 pauca
1707 4679 1853 4734 velut
1885 4695 2036 4734 com-

463 4790 754 4844 mentando
782 4786 1070 4845 addamus,
1109 4793 1212 4832 non
1242 4787 1495 4845 tanquam
1524 4787 1652 4826 casu
1681 4771 2032 4842 gaudeamus,

462 4885 557 4938 sed
601 4891 658 4935 ut
694 4875 1066 4932 calamitatem
1117 4869 1303 4924 tristes
1329 4867 1508 4920 animo
1541 4865 1862 4919 recolantus.
1892 4861 2033 4928 Quid

465 4977 588 5037 μου,
616 4991 648 5026 o
675 4967 925 5024 sublimis
950 4975 1114 5033 atque
1135 4959 1387 5031 superbe,
1412 4958 1526 5025 ipso
1551 4954 1662 5010 oris
1686 4953 1811 5007 ﬂatu
1845 4961 2031 5006 contra

463 5083 561 5122 nos
597 5063 866 5138 pmccllas
896 5058 1162 5120 excitans,
1210 5061 1272 5107 a’c
1306 5049 1554 5106 draconis
1579 5062 1729 5102 more
1761 5045 1816 5099 itt
1845 5042 2032 5097 Eccle-

462 5135 878 5228 sianrspirans?
937 5165 1043 5220 quo
1081 5146 1316 5204 evolavit
1367 5145 1588 5215 spiritus
1641 5140 1754 5203 ille,
1802 5135 2030 5190 [ultnina

533 5350 576 5380 ’³
610 5345 712 5398 lsa.
746 5356 935 5410 xxvtn,
975 5338 1026 5398 2.

532 5506 607 5578 (ο)
644 5502 771 5578 Erat
809 5502 851 5557 is
885 5497 1106 5556 Michael
1141 5494 1358 5555 Balbus,
1392 5497 1519 5542 tunc
1552 5485 1805 5555 princeps
1836 5481 2034 5535 collor-

464 5574 945 5632 tis'eSettltitorttttt.
1381 5631 1418 5638 __
1517 5627 1548 5638 ,,
1642 5624 1677 5638 ﬁ
1779 5623 1790 5634 .
1839 5623 1850 5634 .

535 5624 972 5717 (ilionei-derides
1020 5648 1140 5717 erat
1183 5642 1347 5690 noctu
1380 5627 1604 5717 Natalis
1642 5624 2030 5717 portion-“nisi

466 5693 1073 5788 t"die-5t}?'Iﬁo'pria
1109 5721 1278 5761 uxore
1307 5701 1608 5788 prohibitus
1637 5693 1837 5788 et‘l‘esti
1874 5707 2028 5788 rev'e-

470 5764 839 5846 {366511.3th
859 5764 1163 5840 distrulisscl
1197 5764 1407 5831 necent.
1440 5769 1518 5826 ita
1561 5766 1666 5821 Leo
1695 5764 2030 5821 Grammati-

2138 3311 2236 3381 μίᾳ
2259 3313 2327 3379 γῇ
2359 3308 2604 3380 (ὑπῆρξε
2632 3308 2762 3379 γὰρ,
2791 3308 2866 3371 ὡς
2896 3308 3034 3380 ὑπὲρ
3059 3309 3306 3379 πατρίων
3334 3311 3716 3380 ἠγωνισμένῳ,

2132 3402 2319 3471 ψυχρά
2363 3419 2447 3462 τις
2491 3399 2729 3452 ἐπαίνων
2762 3398 2988 3470 ἀφορμὴ
3037 3399 3112 3468 τῷ
3149 3399 3337 3452 τάλανι
3370 3399 3719 3470 συνεισφέρεο

2137 3493 2318 3563 σθαι),
2356 3491 2471 3546 ἀλλ’
2508 3492 2645 3544 οἴκοι
2673 3509 2732 3542 τε
2765 3493 2861 3544 καὶ
2901 3491 3029 3561 ίδίᾳ,
3059 3491 3152 3544 καὶ
3192 3491 3260 3544 τὰ
3285 3491 3408 3544 καθ’
3435 3491 3626 3544 ἑαυτὸν
3658 3486 3718 3544 εὖ

2131 3583 2463 3642 διατιθέντα,
2493 3582 2567 3644 ὼς
2591 3579 2748 3650 ᾤετο.
2784 3581 2893 3633 Καὶ
2923 3580 3032 3652 γὰρ
3062 3576 3332 3645 τὸν,δι³οὒ
3365 3581 3434 3633 τὰ
3454 3581 3554 3650 τῆς
3587 3581 3714 3633 ἀντ·

2133 3674 2337 3745 αρσίας
2394 3672 2635 3734 ὼδίνετο,
2664 3672 2855 3743 εἱρκτῇ
2881 3673 2976 3726 καὶ
3001 3673 3192 3736 πέδαις
3216 3669 3328 3743 εἶχε
3357 3673 3714 3744 τηρούμενσν,

2137 3766 2406 3836 μενοῦντα
2456 3766 2562 3830 ἕως
2611 3767 2638 3818 ὁ
2677 3766 2735 3817 ἐν
2767 3766 2926 3819 ποσὶν
2965 3763 3114 3832 ἀγὼν
3144 3766 3246 3834 τῆς
3287 3766 3562 3834 γενεθλίου
3624 3765 3716 3818 τοῦ

2136 3861 2391 3932 Σωτῆρος
2423 3861 2637 3932 ἡμέρας
2677 3860 3014 3931 διανυσθείη,
3059 3861 3155 3914 καὶ
3184 3861 3255 3913 τά
3298 3863 3420 3915 κατ’
3463 3862 3624 3915 αὐτὸν
3663 3864 3720 3923 ἐς

2135 3955 2197 4007 τὸ
2236 3955 2462 4024 ἀκριϐὲς
2504 3953 2882 4022 διασκέψαιτο.
2930 3954 3044 4024 Τὴν
3071 3953 3214 4006 κατὰ
3245 3954 3344 4022 τῆς
3387 3953 3724 4022 Ἐκκλησίας

2140 4045 2579 4114 στεφανωθείσαν
2629 4044 2905 4122 κορυφὴν,
2938 4045 3033 4096 καὶ
3061 4043 3160 4114 τὴν
3182 4044 3272 4096 ἐπ’
3303 4043 3583 4115 ἀναιρέσει
3610 4043 3719 4096 τῶν

2137 4137 2315 4208 ὀρθῶν
2339 4137 2627 4208 δογμάτων
2661 4136 2985 4189 ἐκταθεῖσαν
3023 4136 3184 4205 χεῖρα
3220 4134 3300 4205 τῷ
3345 4135 3452 4187 τῶν
3480 4137 3718 4188 ὑπασπι-

2141 4229 2282 4281 στῶν
2331 4229 2426 4282 καὶ
2477 4227 2797 4299 δορυφόρων
2851 4226 2998 4293 ξίφει
3047 4226 3274 4290 ἐνδίκως
3303 4225 3716 4297 χιιρουργηθεὶς

2143 4321 2306 4390 μέσον
2339 4319 2432 4372 τοῦ
2457 4318 2606 4371 θείου
2624 4315 2750 4380 νεὼ,
2774 4315 2873 4388 τὴν
2903 4316 3132 4380 πολλοὺς
3161 4317 3332 4385 ἀγίων
3370 4316 3716 4386 ἀτιμάσασαν

2137 4411 2316 4483 ψυχὴν
2337 4410 2615 4474 ὁδείλαιος
2641 4409 3020 4466 ἀπεκάπυσεν.
3067 4408 3229 4474 ’Λλλ’,
3263 4411 3310 4462 εί
3342 4409 3508 4469 δοκεῖ,
3548 4407 3720 4478 μικρᾶ

2138 4502 2216 4573 τῷ
2253 4501 2491 4572 κειμένῳ
2527 4500 2943 4571 προσείπωμεν,
2993 4501 3068 4573 μὴ
3135 4500 3233 4553 τοῦ
3274 4501 3571 4569 πτώματος
3623 4501 3716 4566 ἐφ-

2141 4591 2413 4662 ηδόμενοι,
2441 4591 2578 4646 ἀλλὰ
2603 4592 2706 4661 τῆς
2741 4596 3031 4665 συμφορᾶς
3056 4592 3433 4663 ἀλγυνόμενοι.
3454 4593 3518 4644 Τί
3541 4591 3717 4651 τοῦτο,

2140 4679 2332 4740 ὧλίαν
2381 4685 2554 4756 ὑψηλὴ
2603 4685 2698 4740 καὶ
2757 4686 3067 4757 μεταίωρε,
3121 4685 3213 4739 καὶ
3269 4683 3556 4738 ἀναπνέων
3589 4683 3718 4750 ἡμῖι

2139 4776 2492 4844 καταιγίδας,
2523 4777 2618 4830 καὶ
2669 4776 2857 4846 φυσῶν
2896 4777 3036 4830 κατὰ
3087 4777 3186 4845 τῆς
3237 4774 3565 4844 Ἐκκλησίας
3593 4773 3721 4842 δρα-

2139 4869 2389 4929 κόντιονς
2420 4867 2541 4930 Πῶς
2569 4868 2706 4938 ἐπτη
2734 4868 2794 4921 τὸ
2818 4868 3036 4938 πνεῦμα
3070 4870 3129 4920 τὸ
3166 4867 3438 4928 λαίλαπας
3473 4863 3717 4933 διωγμοῦ

2141 4963 2446 5020 τεκταίνον,
2490 4960 2587 5012 καὶ
2627 4959 2866 5032 βροντῶν
2910 4961 3046 5013 κατά
3078 4960 3186 5032 τῶν
3221 4957 3614 5021 εὐσεϐούντων,
3645 4954 3718 5017 ὡς

2140 5053 2204 5104 ἐκ
2241 5051 2464 5123 Κύρσης
2508 5051 2835 5121 Σαλμωνεὺς
2891 5050 3282 5122 μανικώτατας
3347 5049 3456 5102 Ποῦ
3517 5049 3584 5100 τὰ
3619 5044 3720 5112 τῆς

2145 5143 2480 5213 μνίγανείας
2522 5143 2737 5214 ἀπέϐη,
2773 5139 2854 5208 οἷς
2895 5144 3184 5212 ἐτελέσθης
3233 5144 3264 5213 ἢ
3313 5138 3715 5207 συνετελέσθης,

2143 5496 2238 5535 eus
2264 5490 2317 5532 et
2339 5479 2452 5533 alii.
2901 5515 2916 5524 .

2212 5549 2287 5617 (q)
2331 5552 2408 5602 Ab
2445 5550 2526 5602 Itis
2565 5547 2941 5617 sacerdotalcs
2983 5555 3161 5599 vestes
3206 5545 3406 5598 indutis
3471 5555 3718 5617 compre-

2142 5610 2364 5679 hensus,
2389 5619 2725 5672 tttetttltratitu
2755 5629 2809 5669 et
2835 5618 2886 5670 in
2921 5616 3091 5670 ftusta
3120 5627 3301 5670 sectus
3322 5625 3400 5667 est
3429 5629 3572 5667 anno
3589 5610 3715 5666 8‘20.

2140 5691 2466 5744 Ilelet't'itttttt
2497 5701 2620 5742 ante
2654 5686 2967 5743 Leoncnra
3029 5697 3220 5744 sancto
3262 5685 3485 5741 Tarasio
3531 5681 3719 5738 scribit

2136 5760 2375 5834 lgnatius
2401 5760 2452 5815 in
2481 5758 2638 5828 bujus
2672 5754 2811 5812 Vita.
