4158 6348
422 420 527 488 145

1944 438 2145 500 VlTA.

3595 443 3694 506 HG

414 540 510 594 καὶ
537 535 760 610 χρόνους
809 538 1090 611 βασιλείας
1131 541 1512 614 ἑγκυμονῆσαι
1545 543 1746 615 ζητῶν,
1783 545 2000 618 ὠκυμό-

2105 551 2508 620 persecutionis
2538 549 2834 615 fabricatis,
2862 551 3037 619 atque
3061 547 3322 604 adversus
3367 551 3509 618 pios,
3545 557 3692 603 velut

417 650 513 705 ρου
555 631 704 702 ζωῆς
737 633 1007 698 ἁπέτεκες
1056 634 1472 707 ἀμϐλωθρίδια;
1517 637 1642 701 Πῶς
1670 639 1720 692 oi.
1747 641 1856 692 ἀπὸ
1887 657 2001 693 κοι-

412 723 536 786 λίας
558 724 870 792 φωνοῦντες
913 727 1316 797 γραμματικοὶ,
1360 727 1555 797 μισθοῦ
1587 729 1687 801 τὴν
1727 730 2004 801 βασιλείαν

416 817 544 887 ὑμῖν
593 815 1014 888 καθορίζοντες,
1075 817 1170 871 καὶ
1235 819 1458 890 μακρὰν
1514 821 1808 893 εὐετηρίαν
1869 823 2002 894 ὑμῖν

415 907 793 979 ἐρευγόμενοι,
821 908 917 978 τὴν
947 909 1090 963 κατὰ
1119 911 1214 963 σοῦ
1246 911 1342 965 τοῦ
1376 912 1565 980 ξίφους
1607 913 1768 984 βολήν
1808 929 2001 983 μαντι-

413 1000 526 1064 κῶς
559 1001 621 1054 οὐ
656 1000 1028 1071 προέὸλεψανς
1058 1002 1182 1066 Πῶς
1211 1004 1262 1055 οἱ
1293 1005 1494 1057 πεκταὶ
1521 1005 1617 1058 καὶ
1671 1004 2002 1076 ἁμαξασπαὶ

410 1092 531 1163 (50)
567 1093 637 1146 τὰ
656 1093 756 1162 τῆς
795 1094 895 1164 σῆς
930 1094 1166 1164 ἀπειλῆς
1206 1094 1516 1167 ἀκροθίνια,
1568 1095 1670 1167 τὴν
1718 1097 2002 1168 ὁρωμένην

408 1186 701 1256 ἀσχήμονα
725 1185 879 1251 θέαν,
913 1187 1009 1241 καὶ
1043 1187 1153 1243 τῶν
1185 1188 1441 1259 ὑφαίμων
1481 1189 1703 1259 ἀτίμων
1737 1191 1805 1244 τὰ
1833 1190 2000 1262 αἴσχη

413 1278 794 1348 παρέὃλεψανς
824 1279 936 1332 Ποῦ
959 1280 1020 1333 τὸ
1042 1281 1142 1350 τῆς
1165 1281 1292 1334 ἁλου
1303 1282 1484 1353 ργίδος
1507 1282 1769 1355 διάδημα,
1791 1283 1819 1336 ὃ
1848 1286 2000 1355 παρὰ

415 1368 512 1437 τῆς
545 1367 873 1439 Ἐκκλησίας
901 1369 1090 1424 λαϐὼν
1124 1371 1184 1424 τὸ
1208 1371 1414 1441 ταύτης
1443 1373 1638 1443 στέφος
1665 1374 2000 1446 ἀπέκειρας;

415 1460 540 1522 Ῐιῶς
582 1460 830 1531 σήμερον
863 1462 1078 1532 νεκρὸς,
1101 1464 1129 1516 ὁ
1153 1463 1280 1533 χθὲς
1300 1465 1567 1535 σοϐαρός;
1602 1466 1726 1530 Πῶς
1758 1467 2002 1538 πληγαῖς

415 1551 794 1635 κατάστικτος,
819 1554 848 1605 ὁ
901 1553 1068 1608 πάλαι
1106 1557 1248 1608 κατὰ
1294 1555 1403 1608 τῶν
1442 1557 1617 1626 ἁγίων
1665 1557 2001 1621 ἀκάθεκτος;

417 1641 527 1696 Ποῦ
561 1643 630 1696 τὰ
667 1644 811 1698 κατὰ
836 1645 932 1699 τοῦ
968 1647 1210 1716 μεγάλου
1255 1645 1516 1718 ποιμένος
1555 1647 1881 1719 ωρεῦματα
1908 1649 2003 1701 καλ⁵

410 1733 724 1806 ὀνειρῶδεις
777 1737 874 1790 καὶ
934 1739 1278 1810 ἀνύπαρκτοι
1330 1735 1588 1810 ἔρευναι.
1631 1741 1700 1804 ἃς
1756 1740 2004 1806 ὲξέλιπις

411 1822 712 1893 ἐξερευνῶν
749 1826 1158 1898 ἀκατάληπτας
1195 1831 1272 1883 Οὐ
1311 1830 1418 1902 γὰρ
1451 1830 1736 1902 ἐξίσχυσεν
1774 1831 1807 1901 ἡ
1837 1831 2002 1902 ζητη-

2109 640 2258 696 alter
2282 656 2349 696 ex
2381 639 2552 711 Cyrse
2586 639 2912 695 Salmoneus
2936 637 3008 711 (r)
3031 681 3045 703 ,
3083 638 3449 694 furiosissime
3467 641 3698 695 tonans?

2108 731 2225 798 Quo
2268 733 2554 801 praestigiae
2603 731 2878 799 abierunt,
2911 732 3110 799 quibus
3143 731 3392 786 initiatus
3441 746 3507 785 ac
3558 746 3687 785 con-

2107 834 2431 886 summatus,
2464 823 2654 893 longos
2702 823 2912 893 imperii
2950 837 3123 878 annos
3171 838 3423 893 quaerens
3475 809 3692 892 parere,

2107 919 2230 972 vita:
2264 918 2531 972 brevioris
2551 919 2811 973 aborsum
2837 917 3099 972 edidisti?
3125 916 3355 985 Quinam
3391 919 3441 971 id
3464 916 3689 978 factum,

2106 1019 2166 1064 ιιι
2203 1010 2294 1080 qui
2327 1024 2393 1064 ex
2427 1019 2581 1064 utero
2599 1023 2786 1064 vocem
2807 1010 3006 1064 dabant
3033 1009 3394 1078 grammatici,
3417 1010 3686 1064 mercedis

2107 1104 2226 1158 loco
2259 1103 2542 1171 imperium
2561 1101 2656 1158 tibi
2681 1101 3028 1167 deﬁnientes,
3054 1102 3282 1171 vitaeque
3313 1103 3572 1173 longioris
3593 1118 3690 1156 an-

2107 1210 2208 1250 nos
2231 1196 2419 1249 beatos
2437 1201 2774 1259 cruciantes,
2809 1193 2996 1264 gladii,
3043 1208 3152 1263 quo
3187 1193 3526 1261 impetendus
3545 1209 3690 1250 eras.

2105 1288 2273 1341 ictum
2320 1299 2598 1355 nunquam
2631 1284 3023 1350 divinaverint,
3049 1285 3421 1354 vaticinioque
3445 1285 3692 1353 provide~

2107 1377 2251 1432 rint?
2273 1375 2554 1443 Quomodo
2577 1376 2778 1445 compti
2814 1375 2886 1430 illi
2917 1375 3174 1446 fetusque
3198 1375 3348 1440 elati,
3383 1375 3582 1430 excidii
3615 1378 3690 1429 tui

2105 1468 2398 1540 primitias,
2423 1467 2842 1536 “positumque
2865 1469 3036 1523 oculis
3064 1465 3265 1523 infame
3292 1466 3690 1534 spectaculum.

2106 1573 2162 1616 et
2186 1571 2507 1632 agnatorum
2535 1561 2836 1617 honoribus
2857 1561 3214 1631 spoliatorum
3242 1562 3440 1627 probra
3472 1560 3692 1630 oblique

2106 1652 2450 1723 aspicientes,
2483 1652 2536 1706 in
2579 1652 2646 1705 iis
2676 1651 2990 1706 hallucinati
3017 1650 3180 1705 sunt?
3221 1649 3319 1706 Ubi
3347 1665 3680 1719 purpureum

2105 1746 2376 1810 diadema,
2421 1744 2564 1814 quod
2596 1745 2666 1799 ab
2698 1743 2940 1799 Ecclesia
2979 1753 3194 1808 nactus,
3226 1741 3396 1809 ipsius
3426 1755 3686 1795 coronam

2107 1831 2439 1888 detondisti?
2471 1831 2756 1899 Quomodo
2799 1833 2961 1888 hodie
3005 1841 3275 1894 mortuus,
3306 1831 3396 1900 qui
3434 1830 3550 1884 heri
3586 1844 3683 1882 ar-

409 1916 536 1986 τική
569 1931 663 1967 σου
700 1905 949 1984 ἐπίνοια,
979 1919 1152 1973 πολλὰ
1182 1921 1442 1990 καμοῦσα
1483 1923 1578 1976 καὶ
1623 1923 1797 1975 πολλὰ
1836 1923 1991 1992 μελε-

2104 1939 2291 1994 rogans
2323 1915 2487 1992 atque
2515 1923 2818 1990 superbus?
2851 1923 3140 1990 Quomodo
3174 1922 3266 1991 qui
3301 1922 3588 1992 impotenti
3631 1921 3682 1972 in

404 2009 650 2077 ’τήσασα.
680 2008 970 2076 ἐφικέσθαι
1000 2013 1139 2080 πρὸς
1175 2013 1345 2082 μόνην
1371 2014 1542 2084 ἀκοὴν
1571 2015 1847 2085 φέρουσαν
1869 2014 1993 2068 κατ’

411 2097 580 2149 αὑτοῦ
613 2097 986 2168 εμολύσματος
1032 2102 1207 2154 αῖτιον
1245 2101 1416 2165 ἄξιον.
1465 2104 1686 2174 Ἐπειδὴ
1731 2104 1789 2157 δὲ
1833 2105 1994 2174 ἀμοι-

416 2187 536 2258 ροίη
589 2187 682 2240 τοῦ
731 2189 868 2258 πρὸς
929 2191 1228 2262 ἀπόκρισιν
1282 2194 1477 2262 λόγου,
1526 2195 1714 2248 τοῦτον
1765 2196 1997 2265 ἀφέντες

414 2277 645 2342 ἀπνουν,
690 2278 768 2348 τῷ
812 2280 1008 2334 ἑαυτοῦ
1057 2285 1547 2354 συμμολυνόμενον
1597 2285 1888 2355 πτώματι,
1927 2289 1994 2357 τῇ

416 2365 510 2420 τοῦ
544 2369 774 2440 αἵματος
814 2373 1121 2444 ραθάμιγγι
1152 2375 1464 2446 βάλλεσθαι,
1511 2377 1604 2431 ἐπὶ
1631 2379 1701 2431 τὰ
1745 2378 1871 2448 ἑξῆς
1897 2377 1993 2431 τοῦ

413 2457 576 2528 λόγου
618 2465 917 2536 προΐωμεν.
1517 2469 1538 2509 ς’

411 2549 497 2602 his
521 2553 724 2606 crimen
751 2553 1006 2610 inferres.
1048 2556 1248 2611 Verum
1286 2559 1412 2628 quia
1460 2559 1691 2613 facultas
1718 2559 1989 2613 sermonis

406 2657 504 2698 sua
526 2646 958 2702 commaculatus
981 2647 1135 2703 ruina
1158 2649 1210 2703 in
1238 2652 1456 2720 proprio
1480 2653 1753 2706 volutatur
1777 2667 1994 2716 cruore.

482 2735 593 2805 πβ’.
641 2738 1061 2810 Ἐπικοσμεῖται
1090 2743 1270 2796 τοίνυν
1291 2745 1370 2816 τῷ
1403 2745 1504 2816 τῆς
1540 2746 1818 2816 βασιλείας
1846 2748 1876 2800 ό
1909 2747 1996 2800 δε-

413 2825 636 2898 σμώτης
669 2831 785 2899 μετ’
812 2831 978 2884 αὑτὸν
1011 2832 1328 2904 διαδήματι,
1359 2835 1417 2898 ὃς
1447 2839 1506 2888 ἐν
1538 2835 1754 2890 ἐλπίσιν
1783 2837 1859 2890 ῶν
1897 2837 1996 2890 σὺν

410 2922 476 2990 τῇ
513 2920 613 2990 τῆς
648 2919 825 2993 ζώνης
863 2908 1106 2996 ἀποϐολῇ
1164 2927 1258 2980 καὶ
1305 2927 1475 2998 αὐτῆς
1527 2928 1626 2997 τῆς
1667 2928 1812 3000 ζωῆς
1862 2929 1996 2982 ὐπο-

415 3015 596 3083 μεῖναι
627 3014 727 3083 τὴν
759 3018 1022 3086 στέρησιν
1043 3059 1055 3082 ,
1087 3018 1165 3082 ὡς
1189 3020 1254 3071 ἐκ
1279 3017 1444 3088 βυθοῦ
1473 3020 1584 3073 τῶν
1612 3019 1830 3091 δεσμῶν
1861 3022 1995 3075 ἁνα-

411 3101 753 3180 νηξάμενος,
792 3108 1136 3179 στεφηφόρος
1183 3110 1308 3161 ἀντὶ
1351 3109 1694 3181 δεσμοφόρου
1735 3112 1995 3165 καθίστα-

2102 2026 2322 2070 sanctos
2359 2026 2529 2070 (nstro
2580 2015 2869 2081 ferebaris,
2907 2030 3050 2070 nunc
3085 2015 3257 2084 plagis
3288 2015 3689 2084 compunctus?

2103 2107 2206 2162 Ubi
2241 2107 2345 2162 illa:
2371 2109 2631 2163 adversus
2659 2122 2912 2176 magnum
2938 2115 3212 2176 pastorem
3248 2106 3458 2159 insidia:
3490 2104 3688 2157 insom-

2105 2197 2317 2264 niisque
2356 2199 2563 2252 similes
2593 2213 2659 2253 ac
2698 2213 2848 2251 vanm
2896 2197 3205 2265 indagines,
3255 2210 3390 2263 quas
3432 2193 3682 2248 deiecisti

2105 2301 2212 2341 non
2242 2289 2752 2356 comprehendenda
2787 2288 3099 2341 scrutatus?
3135 2285 3251 2342 Non
3311 2285 3454 2339 enim
3513 2287 3685 2355 potuit

2105 2378 2320 2432 subtilis
2352 2379 2630 2448 inquisitio
2679 2389 2793 2443 tua,
2825 2377 3189 2456 multoetiam
3224 2377 3409 2433 labore
3463 2391 3525 2430 ac
3560 2389 3680 2429 me-

2103 2468 2371 2522 ditatione
2406 2484 2528 2532 usa,
2564 2469 2647 2522 vel
2676 2471 2863 2522 auditu
2897 2470 3012 2523 solo
3041 2468 3279 2538 assequi,
3314 2467 3460 2539 quod
3497 2468 3573 2523 illi
3604 2467 3687 2520 la.

2029 2558 2206 2628 ipsum
2240 2559 2442 2623 delicit,
2470 2559 2562 2612 illo
2587 2559 2705 2620 sine
2765 2559 2956 2626 spiritu
3021 2559 3239 2631 vitaque
3305 2563 3520 2626 relicto,
3557 2561 3683 2613 dmn

2035 2651 2100 2704 ad
2124 2665 2186 2704 ea
2219 2665 2339 2717 qua:
2369 2651 2640 2706 sermonis
2700 2661 2826 2705 sunt
2859 2653 3063 2720 reliqua
3089 2655 3467 2723 procedamus.

2169 2745 2260 2800 82.
2309 2743 2549 2799 Ornatur
2581 2747 2787 2816 itaque,
2839 2747 2930 2816 qui
2985 2746 3039 2800 in
3074 2746 3306 2800 vinculis
3354 2755 3492 2809 erat,
3540 2744 3694 2799 illius

2100 2853 2408 2903 successor,
2439 2838 2745 2893 diademate
2780 2837 2928 2905 regio
2964 2855 2978 2890 :
3015 2838 3108 2908 qui
3148 2853 3285 2892 zona
3333 2841 3528 2908 posita,
3565 2838 3686 2890 vitae

2099 2941 2315 2996 quoque
2341 2926 2610 2995 iacturam
2637 2936 2789 2980 certo
2807 2927 3182 2995 exspectabat,
3219 2927 3328 2980 imo
3364 2926 3525 2979 veluti
3551 2941 3680 2993 gur-

2101 3021 2211 3088 gite
2240 3018 2479 3073 carceris
2505 3032 2789 3088 emergens
2819 3017 3034 3071 vincula
3065 3018 3116 3071 in
3138 3027 3416 3087 sceptrum
3443 3031 3683 3070 commu-

2105 3122 2203 3176 tat,
2243 3110 2656 3179 a-lternanteque
2692 3110 2941 3170 victoria,
2987 3110 3244 3178 superior
3291 3108 3474 3162 evadit
3526 3108 3683 3160 hoste

409 3220 502 3256 ται
523 3243 538 3264 ,
567 3203 666 3255 καὶ
703 3199 1008 3270 ἑτεραλκέα
1040 3199 1138 3270 τὴν
1169 3199 1328 3270 νίκην
1363 3202 1616 3271 ποιήσας,
1649 3201 1744 3253 τοῦ
1776 3204 1996 3272 κρατεῖν

2104 3201 2206 3268 iam
2237 3214 2432 3255 securo
2481 3209 2532 3253 et
2587 3198 3150 3269 adversariijngulum
3189 3210 3490 3267 premente.
3533 3196 3686 3251 “ltllt‘.

408 3293 735 3354 ἐλπίσαντος
779 3290 1244 3363 ὲπικρατέστερος
1284 3291 1492 3359 γίνεται
1517 3309 1532 3322 ο
1574 3293 1668 3345 καὶ⁵
1693 3294 1792 3364 τὴν
1837 3291 1995 3363 βασι-

412 3382 569 3435 λείαν
598 3381 684 3451 ἐφ’
735 3381 929 3435 ἑαυτὸν
983 3380 1370 3450 μεταστήσας,
1421 3379 1517 3433 καὶ
1572 3383 1766 3453 μικρὸν
1813 3397 1862 3433 τι
1897 3380 1998 3449 τῆς

418 3471 908 3543 προκατασχούσης
963 3472 1165 3534 κακίας
1214 3472 1519 3537 ὑπενδοὺς,
1575 3472 1702 3525 ὅσον
1754 3473 1881 3535 τοὺς
1940 3474 1997 3526 ἐν

417 3566 661 3635 εἱρκταῖς
712 3565 806 3617 καὶ
842 3563 1026 3627 πόνοις
1073 3563 1394 3633 ἐλευθερίαν
1422 3563 1684 3637 ὀνειρώδη
1725 3564 1997 3634 φαντάζε-

423 3658 578 3722 σθαι,
610 3654 671 3711 τὸ
713 3657 807 3710 τοῦ
855 3655 1108 3721 θανόντος
1151 3656 1431 3710 ὑπέθαλπε
1464 3656 1755 3727 φρόνημα,
1795 3657 1892 3710 καὶ
1923 3655 1999 3726 τῷ

424 3749 821 3820 ἁμφιϐλήστρῳ
879 3750 1217 3820 περιπαρεὶς
1273 3747 1378 3816 τῆς
1440 3749 1746 3818 αἱρέσεως,
1817 3747 2000 3820 ἰχθύος

416 3838 582 3908 δίκην
606 3841 718 3900 τοῖς
745 3837 849 3890 τῶν
878 3837 1168 3907 δογμάτων
1194 3836 1417 3908 σαθροῖς
1443 3836 1803 3890 ἐναπέθανεν.

495 3937 605 3998 πγ’.
638 3929 823 3984 Ταῦτα
850 3931 880 3982 ὁ
903 3927 1446 3996 διαγνωστικῶτατος
1476 3927 1601 3989 νοῦς
1629 3927 1723 3980 τοῦ
1760 3925 1998 3997 μεγάλου

421 4021 740 4092 Νικηφόρου
775 4022 1048 4088 διαγνοὺς,
1091 4021 1190 4073 καὶ
1219 4020 1296 4083 ὡς
1327 4019 1389 4072 οὐ
1416 4019 1494 4088 τῷ
1527 4018 1670 4090 ὁλκῷ
1697 4018 1792 4071 τοῦ
1822 4019 2001 4089 ὄφεως

423 4109 803 4180 συνενεκρώθη
836 4109 1034 4179 τδίτῆς
1075 4109 1344 4179 αἱρέσεως
1381 4107 1632 4177 οὐραῖον,
1682 4104 1899 4176 σκαίρει
1944 4105 2001 4157 δὲ

421 4203 516 4256 καὶ
563 4201 767 4270 νεκρὰν
801 4199 991 4268 ὥσπερ
1032 4199 1132 4270 τὴν
1168 4200 1314 4268 ζωὴν
1362 4198 1754 4268 ὑποκρίνεταιο
1796 4200 1861 4267 τῇ
1908 4195 2001 4250 τοῦ

421 4295 738 4364 πνεύματος
777 4292 1001 4364 γραφίδι
1036 4293 1106 4346 τὰ
1167 4293 1266 4360 τῆς
1302 4289 1615 4362 ὀρθοδοξίας
1683 4290 2000 4362 ὲνσημηνα-

425 4403 585 4457 μενος
611 4385 856 4455 δόγματα
877 4425 891 4448 ,
925 4384 1062 4455 πρὸς
1090 4385 1180 4437 τὸν
1235 4385 1496 4453 νεοστεφῆ
1530 4382 1757 4453 βασιλέα
1796 4381 2002 4434 στεῖλαι

420 4479 684 4549 προέθετο
705 4518 720 4541 ,
757 4477 846 4529 ἐπ’
875 4476 1181 4546 ὀφθαλμοῖς
1215 4474 1549 4545 ἄγωναύτῷ
1578 4475 1646 4528 τὰ
1687 4475 1862 4544 δεσμὰ
1907 4476 2003 4527 καὶ

2101 3289 2153 3343 iu
2187 3289 2402 3344 modum
2439 3290 2665 3355 adeptus
2709 3288 3020 3356 imperium,
3061 3290 3270 3342 remisit
3295 3289 3562 3355 tantisper
3601 3288 3686 3340 ln-

2099 3373 2397 3435 veteratam
2423 3379 2703 3444 malitiam,
2739 3379 2916 3448 quoad
2955 3380 2988 3432 ii
3021 3379 3116 3448 qui
3175 3379 3227 3432 in
3253 3377 3484 3432 vinculis
3506 3391 3568 3430 ac
3602 3375 3684 3427 la-

2099 3471 2326 3527 boribus
2350 3472 2512 3525 vitam
2537 3473 2790 3539 agebant,
2827 3472 2971 3526 inani
2999 3473 3267 3527 libertatis
3299 3473 3503 3540 specie,
3529 3472 3677 3524 velut

2098 3566 2310 3633 objecta
2341 3564 2394 3618 in
2423 3564 2632 3618 somnis
2661 3563 2896 3634 imagine
2945 3579 3010 3618 ac
3049 3572 3291 3634 spectro,
3319 3565 3640 3618 luderentnr
3668 3579 3682 3617 :

2097 3656 2350 3725 quamvis
2381 3656 2598 3709 interim
2635 3655 2876 3711 defuncti
2927 3671 3152 3711 sensum
3191 3656 3510 3711 suboceultc
3537 3653 3688 3708 fove-

2103 3758 2204 3812 ret,
2239 3748 2574 3817 hreresisque
2602 3749 2898 3802 transfixus
2932 3748 3128 3810 hamo,
3178 3749 3329 3803 velut
3362 3748 3549 3817 piscis,
3587 3761 3687 3816 pu-

2105 3841 2255 3894 trida:
2280 3839 2543 3894 doctrina:
2570 3853 2728 3894 emno
2752 3841 3158 3894 immoreretur.

2172 3931 2261 3984 85.
2279 3929 2568 4000 llisitaque
2589 3945 2815 4000 magnus
2842 3929 3183 3999 Nicephorus
3206 3928 3684 3998 perapicacissima

2103 4021 2302 4076 mentis
2325 4025 2444 4076 acie
2470 4021 2749 4090 dispectis,
2783 4029 3044 4089 ratusque
3100 4021 3241 4074 haud
3274 4035 3376 4072 una
3409 4035 3532 4073 cum
3569 4035 3685 4072 ser-

2102 4112 2280 4188 pentis
2307 4119 2480 4167 tractu
2508 4112 2734 4167 lueresis
2765 4113 3093 4167 exstinctam
3128 4112 3384 4174 caudam,
3425 4111 3518 4166 sed
3567 4127 3686 4165 eam

2105 4206 2366 4259 hactenus
2410 4203 2710 4274 palpitare,
2792 4204 3070 4274 vitamque
3133 4203 3480 4258 dissimulare
3541 4203 3690 4257 velut

2105 4306 2448 4360 emortuam;
2483 4297 2650 4352 divini
2684 4297 2909 4366 spiritus
2937 4296 3078 4368 stylo
3123 4307 3284 4351 rectae
3324 4297 3447 4350 iidei
3480 4295 3689 4350 doctri-

2107 4405 2228 4440 nam
2271 4389 2624 4457 consignatis,
2667 4390 2732 4440 ad
2781 4387 3166 4457 imperatorem
3218 4401 3407 4442 recens
3452 4403 3686 4455 purpura

2108 4489 2322 4533 auctum
2355 4496 2418 4533 ac
2440 4490 2759 4533 coronatum
2787 4481 3031 4535 scribere
3063 4479 3304 4533 destinat
3332 4493 3348 4532 :
3379 4477 3454 4536 ita
3482 4477 3692 4530 scilicet

420 4573 511 4626 τὸν
534 4571 785 4628 σώσαντα
805 4612 820 4636 ,
849 4571 946 4624 καὶ
970 4570 1065 4640 τὴν
1089 4569 1185 4623 τοῦ
1211 4569 1479 4640 τυράννου
1510 4569 1765 4637 διακενῆς
1793 4569 2000 4639 ἀνομή-

2112 4582 2170 4623 nt
2193 4574 2241 4624 ei
2276 4569 2344 4625 ob
2370 4570 2556 4626 oculos
2585 4571 2800 4626 vincula
2841 4588 2938 4627 sua
2966 4587 3179 4642 ponens
3204 4580 3258 4624 et
3285 4571 3382 4639 qui
3417 4570 3591 4640 ipsum
3624 4585 3694 4624 ex

424 4678 613 4725 σαντος
642 4661 909 4732 αἰσχύνην
940 4677 1001 4713 τε
1032 4660 1132 4711 καὶ
1170 4659 1492 4729 καθαίρεσιν
1512 4699 1528 4722 ,
1574 4660 1669 4712 καὶ
1702 4659 1801 4730 τὴν
1839 4661 1896 4714 ὲν
1923 4654 2004 4723 οἷς

423 4753 697 4825 ἐξήμαρτε
726 4755 915 4818 τόποις
949 4753 1247 4807 κατάλυσιν
1269 4769 1282 4783 ο
1323 4753 1686 4824 σκιαγραφῶν
1726 4752 1875 4824 αὐτῷ
1909 4754 2010 4823 τὴν

423 4848 598 4916 ἁληθῆ
625 4849 720 4901 καὶ
750 4847 1244 4917 πατροπαράδοτον
1283 4843 1393 4897 τῶν
1426 4845 1588 4915 ἱερῶν
1627 4846 2014 4917 μορφωμὰτων

424 4939 772 5004 ἑκτύπωσιν,
811 4940 886 5001 t'e;
929 4941 991 4992 οὐ
1027 4939 1189 5009 χθιζῇ
1233 4955 1339 4991 τινι
1376 4939 1470 4990 καὶ
1501 4938 1743 5009 νεωτέρα
1775 4938 2006 5007 ἐφευρέ-

427 5049 507 5084 σει
537 5032 598 5084 τὸ
633 5031 850 5098 βέϐαιον
894 5033 1222 5103 ἐπιφέρεται
1246 5072 1261 5098 ,
1292 5031 1352 5096 ἐξ
1379 5026 1440 5087 οὗ
1465 5031 1523 5086 δὲ
1569 5031 1631 5084 τὺ
1657 5031 1751 5084 τοῦ
1796 5031 2004 5102 κηρύγ-

498 5205 614 5277 (30)
653 5207 795 5261 Alibi
829 5207 1054 5261 necdum
1085 5207 1216 5261 mihi
1248 5213 1458 5272 reperta
1490 5206 1708 5259 nomina
1731 5248 1744 5270 ,
1777 5215 2007 5273 comptos

427 5278 672 5346 [astuque
704 5277 871 5331 elatos
905 5280 1070 5331 vertit
1111 5279 1379 5345 interpres
1400 5315 1415 5338 ,
1446 5291 1514 5346 ex
1550 5277 1808 5329 nonnulla
1836 5288 1892 5346 ut
1929 5278 2005 5346 vii-

429 5344 970 5418 deturetymologica
1000 5350 1210 5418 ratione
1237 5344 1401 5400 {cum
1429 5345 1585 5399 πέκω
1611 5344 2008 5416 ρυοιο,·ἆμαξα

427 5415 974 5488 ςυτνυηιέξειιὶίῖςθι.
1002 5415 1199 5473 Verum
1229 5417 1271 5471 si
1305 5417 1434 5482 quid
1470 5417 1556 5469 hic
1583 5417 1798 5474 divino.
1833 5415 2003 5477 signi-

432 5489 663 5542 ﬁcantur
687 5490 771 5542 vel
804 5489 958 5542 arioli
989 5506 1054 5544 ex
1084 5488 1350 5556 strigilem
1380 5488 1704 5554 equinorum
1739 5488 2006 5555 plaustro-

428 5573 662 5626 rumque
681 5561 1006 5613 tractatione
1025 5558 1404 5626 superstitiosa
1440 5567 1618 5612 sortes
1661 5558 1863 5611 assueti
1910 5574 2004 5610 ca-

431 5643 598 5698 pere;
633 5629 714 5682 vel
747 5631 1068 5695 simpliciter
1104 5633 1214 5698 ipsa
1243 5627 1504 5696 eqmlium
1543 5627 1818 5694 regiorum
1846 5643 1997 5680 man-

430 5698 572 5766 cipia
628 5699 698 5752 ab
741 5702 899 5768 equis
957 5701 1239 5766 pectendis
1287 5701 1696 5765 tractandisth
1744 5698 2002 5765 plaustris

433 5769 694 5833 {niaxiute
746 5772 793 5824 si
848 5771 1170 5839 ἁμαξάπται
1221 5770 1518 5838 lcgantur)
1584 5786 1780 5820 nomen
1841 5769 2000 5835 vulgo

432 5840 626 5906 adepta
666 5857 677 5892 :
732 5844 871 5894 inter
919 5859 1064 5911 qmc,
1105 5840 1266 5892 rariis
1321 5840 1483 5892 etiam
1529 5840 2003 5908 Supt'tstitionilms

2105 4663 2192 4718 his
2217 4674 2435 4718 eruerat
2472 4665 2663 4730 Deum,
2704 4676 3125 4734 repraesentaret
3149 4667 3312 4718 etiam
3344 4665 3556 4736 tyranni
3587 4663 3695 4716 fru-

2109 4765 2220 4809 stra
2268 4755 2614 4824 tnalignantis
2665 4755 2924 4822 probrum
2983 4758 3190 4825 pariter
3237 4767 3402 4825 atque
3455 4756 3691 4815 ruinam,

2115 4847 2373 4915 quodque
2406 4847 2557 4901 iisin
2601 4847 2758 4912 locis,
2797 4849 2849 4900 in
2882 4847 3080 4914 quibus
3129 4848 3455 4916 deliquerat,
3521 4847 3695 4898 ultore

2115 4936 2224 4989 Deo
2254 4944 2564 5006 peremptus
2595 4936 2663 4990 sit
2697 4954 2710 4989 :
2748 4947 2860 4988 tum
2890 4952 3074 4990 veram
3103 4938 3175 4990 illi
3201 4949 3364 5006 atque
3392 4951 3419 4987 a
3449 4934 3694 4987 Panibus

2115 5027 2371 5081 traditam
2397 5039 2676 5080 sacrarum
2702 5023 3001 5093 imaginum
3032 5025 3346 5094 religionem
3380 5021 3694 5074 delineabat

2087 5203 2262 5257 ‘eirca
2306 5216 2476 5271 equos
2523 5199 2762 5271 utentia,
2805 5197 3129 5271 farttiiiarins
3184 5195 3325 5271 forte
3369 5191 3695 5271 versabatur

2115 5274 2246 5334 Leu,
2278 5267 2421 5326 sicut
2451 5273 2515 5323 de
2545 5269 2904 5324 Constantino
2935 5269 3278 5336 Cuprnnymo
3310 5267 3557 5336 legimus.

2188 5344 2259 5414 (τ)
2305 5344 2414 5396 llex
2463 5341 2631 5414 Elidis
2664 5341 3039 5408 impiissimus,
3070 5335 3206 5391 satis
3232 5351 3298 5390 ex
3331 5335 3558 5414 Virgilio
3588 5352 3685 5390 no-

2115 5406 2369 5480 tusc-non
2409 5415 2534 5466 item
2557 5406 2771 5479 Cyrse}
2792 5426 2952 5479 quam
2976 5420 3100 5477 puta
3136 5406 3693 5480 concamerationem,

2117 5477 2444 5540 testudinem
2497 5477 2841 5548 seu—pontem
2870 5481 3017 5533 illum
3052 5478 3365 5544 signiﬁcare
3397 5477 3536 5548 unde
3580 5477 3695 5544 ipse

2111 5553 2258 5610 lovis
2291 5553 2517 5609 lititnitta
2562 5546 2913 5621 tonitrumque
2940 5566 3100 5618 supra
3128 5548 3406 5602 civitatem
3437 5546 3693 5621 imitaba-

2113 5637 2200 5679 tur
2231 5642 2246 5680 :
2281 5624 2481 5694 κυρτὸς
2520 5624 2662 5676 enim
2713 5618 2988 5676 convexus
3031 5632 3134 5694 est,
3182 5621 3323 5694 mule
3375 5618 3588 5686 κυρτόω
3639 5621 3695 5671 iu

2107 5690 2396 5749 certecxuut
2435 5695 2585 5761 erige.
2622 5700 2697 5755 et,
2729 5694 3021 5763 κύρτωμα,
3055 5693 3106 5743 in
3136 5690 3318 5758 [oculis
3343 5706 3361 5743 .'
3392 5699 3573 5742 nutum
3617 5701 3698 5741 est

2111 5777 2290 5819 autem
2318 5766 2458 5831 quoi
2505 5767 2645 5828 apud
2678 5764 2899 5816 (iuncos
2928 5780 2953 5812 τ
2986 5771 3037 5814 ιιι
3069 5779 3098 5814 σ
3130 5779 3226 5829 pro
3261 5763 3410 5814 varia
3461 5763 3697 5814 dtalccw

2112 5839 2400 5897 alterrttnt
2432 5841 2491 5885 ut
2523 5836 2590 5885 sit
2625 5833 2801 5903 κύίιση
2835 5851 2928 5901 pro
2955 5835 3149 5901 κυρτη.
