4158 6348
301 374 404 451 153

1818 385 2014 461 V'ITA.

3459 400 3562 471 154

298 496 880 568 ἀπογεγραμμένωνή
923 497 1221 568 Ἐκκλησία
1255 499 1373 568 μετ’
1408 500 1540 570 ἤχου
1580 502 1881 572 χορεύουσα

1989 507 2257 578 requiem,
2292 508 2350 564 in
2385 521 2491 579 qua
2543 507 2940 579 primitivorom
2981 508 3033 564 in
3065 510 3221 567 cmlis
3250 512 3554 583 descripto-

302 589 673 662 πανηγυρίζει
711 588 906 659 ἑορτὴν
942 585 1042 660 τὴν
1072 589 1422 659 μακραίωνα,
1466 592 1584 662 μεθ’
1613 587 1688 646 ὧν
1721 612 1882 666 χορο..

305 671 540 746 στατῶν,
570 678 667 732 καὶ
705 678 766 731 τὸ
801 679 902 749 τῆς
933 677 1250 747 ἁγιαστείας
1275 679 1709 752 ἀγγελοπρεπῶς
1749 686 1883 736 ὑπο-

308 770 628 843 κρινόμενος
657 767 836 838 ἆγιον,
878 769 977 837 τῆς
1009 769 1132 838 ἴσης
1173 769 1356 830 αὐτοῖς
1398 769 1507 822 τῶν
1539 772 1884 840 ἐπαγγελιῶν

312 861 677 933 κληρουργίας
729 861 1080 932 εὐμοίρησεν.
1124 861 1328 932 Ἑνάτῳ
1355 861 1411 915 δέ
1443 858 1536 915 οῦν
1567 863 1688 928 ἐνὸς
1716 864 1885 935 μηνὸς

307 955 476 1008 δέοντι
504 955 683 1025 χρόνῳ
711 954 807 1024 τῆς
839 955 992 1023 ἱερᾶς
1020 953 1187 1006 αὐτοῦ
1217 953 1312 1006 καὶ
1340 954 1586 1025 ἀλήπτου
1612 971 1885 1027 πατριαρ-

307 1046 447 1117 χίας.
491 1049 593 1116 τὴν
642 1045 879 1113 ὑστάτην
919 1043 1166 1098 ὑπελθὼν
1206 1045 1542 1116 ἀρρωστίαν,
1584 1047 1884 1101 ἐπιστάντα

304 1140 396 1192 τὸν
433 1141 558 1210 ὅρον
588 1137 681 1191 τοῦ
711 1138 895 1202 τέλους
936 1138 1188 1210 οὐδαμῶς
1219 1138 1512 1210 ἠγνόησεν,
1546 1139 1658 1192 ἀλλ’
1686 1140 1744 1192 ὃν
1770 1140 1884 1194 ἐδε-

305 1230 410 1283 δίει
458 1229 646 1294 πάλαι,
675 1227 764 1283 δια
801 1229 862 1280 τὸ
889 1228 1120 1300 φοϐερὸν
1148 1231 1245 1302 τῆς
1268 1231 1584 1299 ἁπροόπτου
1612 1231 1706 1284 καὶ
1739 1231 1886 1285 ὠκυ-

303 1322 474 1391 τάτης
498 1320 784 1384 ἐλεύσεως,
813 1321 933 1375 τότε
961 1324 1278 1394 περιχαρῶς
1307 1324 1688 1394 προσεδέχετο,
1721 1324 1884 1394 χάριν

306 1411 465 1474 εἰδὼς
497 1410 574 1481 τῷ
598 1411 825 1482 δήσαντι
872 1414 966 1466 καὶ
1012 1414 1336 1486 ἀπαλλαγὴν
1381 1416 1490 1468 τῶν
1522 1417 1766 1486 ἀνιαρῶν
1795 1416 1884 1470 διὰ

305 1501 515 1566 λύσεως
545 1502 957 1574 προξενήσαντι,
985 1504 1078 1558 καὶ
1109 1501 1266 1569 αὖθις
1302 1505 1640 1576 συνδήσοντι,
1670 1505 1882 1577 κρίμα-

309 1612 394 1647 σιν
452 1591 534 1657 οἷς
588 1593 929 1660 ἐδικαίωσεν,
978 1595 1334 1669 ὑψηλότερον.
1415 1598 1502 1651 Ἐν
1561 1597 1695 1666 γοῦν
1761 1601 1886 1664 ταῖς

305 1689 600 1758 ῥωστικαῖς
633 1687 728 1741 καὶ
757 1687 976 1754 ἀνόσοις
1006 1686 1250 1753 ἐκείναις
1296 1688 1396 1758 τῆς
1423 1689 1590 1744 αὑτοῦ
1618 1691 1882 1745 κατακλί-

304 1795 444 1843 σεως
477 1781 734 1852 ἡμέραις,
764 1779 874 1857 οιῖικ⁷
898 1781 1132 1835 ἐνεδίδου
1174 1781 1352 1834 πάντα
1385 1783 1587 1852 τρόπον
1621 1783 1882 1838 διδασκα·

1990 617 2106 655 rum
2137 601 2377 656 Ecclesia
2406 601 2455 632 “
2473 617 2594 656 cum
2619 618 2754 657 sono
2777 601 2973 657 choros
2991 603 3166 668 ducit,
3195 603 3391 661 festum
3415 609 3556 662 diem

1987 693 2217 747 feliciter
2243 693 2492 763 agitans;
2525 708 2646 746 cum
2674 693 2868 762 quibus
2890 695 3094 763 pariter
3116 705 3171 749 et
3196 698 3309 765 ipse
3340 700 3559 765 praesul-

1986 791 2107 838 tans
2132 793 2295 850 atque
2322 785 2627 838 sanctitatis
2645 785 3022 840 castimoniam
3054 787 3294 854 angelica
3322 789 3557 858 puritate

1989 887 2425 944 reprasentans,
2480 890 2666 943 parem
2723 877 2828 930 illis
2887 879 3059 932 beatae
3125 880 3560 946 repromissionis

1987 967 2355 1021 Ita~reditatem
2396 975 2722 1021 consecutus
2750 978 2854 1022 est.
2886 969 3045 1022 Anno
3083 969 3265 1040 itaque
3297 985 3440 1023 nono
3472 970 3556 1039 (ι),

1987 1070 2096 1110 ιιιιο
2142 1057 2320 1110 minus
2369 1069 2574 1119 mense,
2607 1069 2670 1108 es
2702 1069 2809 1122 quo
2837 1065 3026 1112 sancte
3071 1067 3233 1123 atque
3287 1057 3562 1126 inculpate’

1989 1157 2236 1203 tenuerat
2274 1147 2674 1217 patriarcltatus
2716 1143 2954 1208 clavum,
2989 1150 3041 1202 in
3082 1163 3392 1217 supremam
3426 1149 3558 1203 inci-

1986 1241 2120 1294 deus
2157 1239 2558 1308 agritudinem,
2591 1254 2934 1307 nequaquam
2969 1239 3239 1307 ignoravit
3265 1241 3445 1295 exitus
3473 1241 3556 1294 sui

1989 1333 2148 1387 linem
2186 1349 2200 1386 :
2234 1332 2327 1386 sed
2357 1346 2517 1400 quem
2554 1329 2884 1386 formidabat
2910 1331 3038 1386 olim
3073 1333 3282 1386 ratione
3310 1334 3558 1397 terroris,

1991 1424 2286 1494 improviso
2319 1437 2384 1478 ac
2411 1421 2575 1477 celeri
2615 1424 2784 1492 ipsius
2814 1425 3071 1490 adventu,
3115 1423 3434 1489 incutiendi,
3472 1423 3560 1477 in-

1986 1514 2134 1583 genti
2176 1521 2306 1568 tunc
2348 1514 2548 1581 gaudio
2596 1516 2969 1583 exspectabat,
3024 1515 3227 1583 gratias
3261 1515 3334 1567 illi
3364 1529 3554 1583 agens,

1986 1607 2076 1676 qui
2118 1606 2263 1675 quod
2298 1606 2553 1661 vinxerat
2595 1607 2913 1662 resolvenda
2972 1607 3350 1661 liberationem
3394 1605 3494 1675 ipsi
3527 1621 3556 1658 ιι

1989 1696 2144 1752 malis
2190 1694 2436 1761 aﬂ’erret;
2480 1693 2760 1765 solutaque
2793 1696 2989 1751 iterum
3041 1695 3383 1750 revincturus
3413 1705 3559 1750 esset

1987 1785 2236 1844 nobiliori
2286 1786 2521 1855 quadam
2560 1787 2792 1841 ratione.
2827 1786 3028 1842 Diebus
3070 1802 3203 1855 ergo
3235 1787 3322 1846 iis.
3359 1787 3558 1854 quibus

302 1869 422 1934 λίας
467 1873 583 1934 τοῖς
635 1870 953 1941 προσιοῦσιν
984 1873 1236 1933 ἐπινοῶν.
1287 1873 1595 1944 ἀπέχεσθαι
1652 1875 1752 1944 μὲν
1777 1877 1878 1945 τῆς

1986 1877 2124 1933 lecto
2167 1877 2498 1931 decumbens
2535 1877 2802 1943 tantisper
2834 1875 3009 1931 levata
3053 1877 3376 1945 aegritudine
3409 1876 3561 1930 leva-

299 1961 588 2033 αίρετικῆς
605 1960 948 2031 ἁναχύσεως,
977 1963 1336 2033 προφητικῶς
1361 1963 1726 2035 ξηραινούσης
1746 1965 1881 2019 ὀστᾶ

297 2052 479 2122 ψυχῆς
527 2051 624 2106 καὶ
675 2051 974 2121 ὀλλυούσης
1029 2053 1225 2108 ἐλπίδα
1279 2055 1388 2107 τῶν
1426 2057 1882 2126 προστετηκότων

299 2145 478 2213 αὐτῇ·
541 2142 866 2212 ἀντέχεσθαι
918 2142 976 2195 δέ
1034 2144 1134 2213 τῆς
1185 2143 1354 2213 μόνης
1382 2141 1731 2209 διδασκαλίας
1787 2147 1884 2200 καὶ

302 2236 566 2297 πίστεως,
601 2233 700 2302 τῆς
751 2231 856 2286 ὑπὸ
886 2231 993 2285 τῶν
1024 2232 1168 2288 ἑπτὰ
1210 2231 1524 2303 σεϐασμίων
1573 2236 1670 2288 καὶ
1705 2236 1884 2289 οἰκουσ-

310 2321 545 2393 μενικῶν
576 2323 807 2376 συνόδων
849 2323 1226 2394 τρανωθείσης
1258 2324 1352 2377 καὶ
1390 2323 1761 2394 κυρωθείσης,
1814 2325 1882 2395 ἢν

305 2415 399 2470 καὶ
421 2417 455 2486 ή
479 2415 709 2468 καθόλου
748 2415 1046 2484 Ἐκκλησία
1067 2414 1404 2479 σεϐαστικῶς
1425 2417 1880 2486 περιπτύσσεται,

301 2507 396 2558 καὶ
421 2507 608 2559 πᾶσαν
651 2506 844 2560 ἐλπίδα
882 2505 989 2558 τῶν
1033 2505 1242 2559 πιστῶν
1295 2507 1432 2574 πρὸς
1493 2507 1626 2560 Θεὸν
1656 2508 1883 2578 διαπορ-

299 2595 520 2666 θμεύει,
578 2597 671 2650 καὶ
717 2595 812 2649 τοῦ
854 2595 1048 2665 ἐφετοῦ
1087 2596 1233 2647 ποιεί
1281 2596 1765 2667 περιδράττεσθαι.
1819 2597 1880 2650 Ἡ

297 2687 406 2759 γὰρ
432 2687 801 2759 εῦσεϐὴς“τῶν
829 2687 1091 2756 Πατέρων
1127 2686 1334 2749 πίστις,
1369 2687 1446 2752 ὡς
1479 2688 1592 2741 ίστε
1612 2727 1627 2752 ,
1661 2705 1879 2742 κενοτο·

299 2782 455 2850 μίαις
493 2780 744 2851 οὐδαμῶς
783 2778 1156 2849 ἀμϐλύνεσθαι
1185 2779 1575 2849 καταδέχεται,
1610 2780 1880 2850 κρατύνει

298 2873 424 2926 σθαι
445 2874 504 2928 δὲ
533 2872 736 2943 μᾶλλον
761 2871 1113 2942 ὀρθοτομίαις
1141 2871 1333 2924 εἴωθεν
1352 2871 1765 2936 ἀποστολικαῖς.

1982 1969 2162 2030 batur,
2192 1976 2247 2021 et
2281 1966 2593 2022 remissiore
2622 1966 2812 2020 morbo
2845 1969 3122 2027 utebatur,
3154 1981 3263 2019 non
3302 1970 3555 2019 cessabat

1982 2071 2198 2114 omnem
2219 2058 2485 2114 doctrinae
2507 2057 2723 2110 modum
2746 2056 2812 2109 ad
2833 2070 2893 2110 se
2917 2056 3240 2109 adeuntibus
3263 2055 3557 2114 inculcare.

1983 2163 2332 2202 commoneas
2359 2155 2418 2200 ut
2441 2149 2508 2201 ab
2541 2147 2795 2202 haeretica
2836 2146 3194 2200 dissolutione
3234 2160 3354 2199 sese
3386 2145 3557 2198 absti-

1986 2247 2200 2301 nereut,
2236 2246 2297 2291 ut
2325 2252 2446 2305 qua:
2474 2236 2640 2292 animi
2672 2237 2909 2290 exsiccet
2931 2250 3057 2289 ossa
3077 2245 3132 2289 et
3164 2235 3558 2289 adhaerentiutu

1989 2327 2095 2382 sibi
2128 2342 2252 2395 spes
2281 2327 2579 2383 secundum
2605 2326 2922 2396 prophetam
2951 2326 3131 2392 perire
3153 2325 3318 2379 faciat
3344 2342 3359 2379 :
3387 2323 3559 2380 solam

1990 2425 2170 2472 autem
2201 2417 2504 2473 doctrinam
2545 2433 2608 2472 ac
2642 2417 2802 2472 linem
2835 2426 3105 2480 tenerent,
3146 2432 3306 2485 quam
3337 2430 3564 2471 venera-

1989 2506 2177 2560 bilium
2205 2515 2259 2560 et
2285 2507 2744 2562 meumenicarum
2777 2518 2986 2576 septem
3020 2510 3351 2578 synodorum
3379 2509 3562 2562 studio

1985 2597 2313 2652 declaratum
2347 2596 2676 2666 Patrumque
2706 2597 2968 2668 suffragio
2998 2599 3401 2662 confirmatam,
3439 2598 3561 2650 uui-

1985 2688 2214 2743 versalis
2244 2688 2486 2744 Ecclesia
2523 2688 2716 2744 devote
2764 2689 3134 2758 amplectitur,
3163 2705 3284 2758 qua
3315 2689 3554 2743 ﬁdelium

1983 2795 2133 2850 spem
2173 2794 2388 2841 omnem
2419 2779 2472 2834 in
2514 2778 2681 2834 Deum
2709 2779 3062 2845 transferens,
3097 2780 3228 2836 facit
3251 2791 3307 2834 ut
3337 2781 3558 2836 deside-

1986 2883 2104 2928 rata
2153 2883 2558 2940 consequantur
2591 2889 2606 2926 :
2637 2871 2731 2925 Pia
2789 2874 2958 2936 enim,
3006 2874 3208 2936 aiebat,
3253 2882 3312 2926 ut
3366 2871 3557 2932 nostis.

297 2965 522 3020 Patrum
573 2965 728 3027 fides,
764 2967 922 3018 vanis
967 2965 1407 3021 adversariorum
1463 2965 1756 3020 conatibus
1783 2966 2062 3021 obscurari
2119 2981 2226 3022 non
2276 2975 2495 3036 potest;
2537 2966 2632 3020 sed
2707 2967 2868 3022 rectis
2921 2967 3233 3038 apostolicis
3291 2964 3562 3021 sensibus.

298 3069 461 3128 atque
516 3057 763 3112 doctrina
817 3056 931 3126 ipsa
989 3071 1088 3124 per
1131 3072 1190 3111 se
1246 3057 1498 3109 tinuatur
1557 3059 1972 3126 roboraturque.

367 3149 438 3217 ιε.
473 3148 633 3204 Οὕτω
657 3146 854 3214 ταῦτα,
884 3146 978 3200 καὶ
1011 3145 1194 3215 πολλῷ
1221 3145 1394 3198 πλείω
1424 3145 1657 3211 τούτων,
1698 3147 1763 3200 ἐκ
1785 3147 1882 3200 τοῦ

2059 3147 2150 3203 90.
2189 3146 2314 3202 Ιιαιο
2343 3154 2398 3200 et
2428 3145 2513 3201 his
2543 3144 2695 3215 plura
2721 3161 2787 3201 ex
2815 3145 3076 3216 opulento
3119 3147 3314 3202 divina
3339 3163 3450 3202 suto
3475 3163 3563 3202 sa-

299 3239 578 3312 θησαυροῦ
614 3240 714 3310 τῆς
761 3237 959 3292 ἐαυτοῦ
1009 3237 1340 3290 θεοπλούτου
1389 3238 1587 3307 σοφίας
1635 3237 1878 3309 βιωφελῆ

299 3330 781 3402 ἐπιφθεγξάμενος
831 3329 1012 3396 λόγια,
1046 3329 1140 3382 καὶ
1203 3328 1463 3400 στηρίξας
1511 3329 1587 3392 ὡς
1625 3329 1687 3394 ἐξ
1713 3329 1881 3400 ἄρτου

303 3422 680 3494 πνευματικοῦ
727 3421 830 3484 τὰς
868 3419 978 3474 τῶν
1028 3419 1237 3473 πιστῶν
1290 3421 1596 3475 ἐπαϊόντων
1629 3421 1879 3491 καρδίας,

271 3541 274 3543 λ
305 3518 398 3571 καὶ
427 3516 507 3581 τὸ,
565 3512 877 3584 Εὐλογητὸς
906 3515 934 3566 ό
980 3511 1114 3576 Θεὸς
1159 3511 1217 3575 ὃς
1246 3512 1348 3566 οὐκ
1385 3512 1595 3568 ὶδωκεν
1622 3514 1770 3582 ἡμᾶς
1802 3515 1881 3575 είς

305 3609 477 3680 θήραν
504 3610 617 3672 τοῖς
644 3605 858 3660 ὀδοῦσιν
882 3603 1085 3668 αὐτῶν,
1115 3603 1253 3658 ἀλλὰ
1275 3603 1581 3674 ῥυσάμενος
1609 3603 1756 3673 ἡμᾶς
1781 3603 1882 3673 τὴν

308 3699 513 3768 παγίδα
550 3698 890 3767 συνέτριψεν,
925 3697 1005 3760 εἰς
1032 3697 1270 3766 ἐπήκοον
1297 3695 1406 3748 τῶν
1443 3695 1882 3766 συνειλεγμένων

308 3794 501 3858 εἰπὼν,
548 3794 734 3871 χερσὶν
775 3792 1078 3860 ἀνεπάφοις
1111 3789 1250 3842 Θεοῦ
1284 3789 1382 3859 τὴν
1413 3789 1566 3844 ὁσίαν
1603 3791 1700 3842 καὶ
1731 3788 1884 3857 ἱερὰν

302 3886 486 3956 ψυχὴν
521 3883 842 3938 ἐναπέθετο.
903 3883 1120 3936 ὐποῖον
1151 3882 1310 3944 ἀνίας
1337 3882 1432 3934 καὶ
1458 3879 1761 3950 κατηφείας
1789 3878 1884 3932 ἄλο

299 3996 460 4049 γημα
513 3975 780 4040 λελοιπὼς
818 3978 932 4038 τοῖς
973 3975 1285 4044 θεόφροσιν,
1322 3973 1500 4036 οὐδεὶς
1530 3973 1884 4042 παραστῆσαι

299 4069 458 4137 λόγος
484 4067 776 4138 δυνήσεται
796 4082 811 4095 ·
852 4066 985 4133 ὅσην
1011 4064 1068 4116 δὲ
1110 4063 1384 4133 θυμηδίας
1411 4066 1507 4116 καὶ
1561 4060 1884 4132 παρρησίας

299 4160 558 4231 ἀφορμὴν
596 4157 846 4220 δεδωκὼς
874 4157 991 4220 τοῖς
1024 4155 1384 4226 κακόφροσιν.
1433 4155 1498 4208 ἐκ
1522 4152 1632 4208 τῶν
1663 4153 1882 4224 ὁρωμέ-

299 4269 407 4304 νων
432 4249 664 4312 εὐπετές
725 4248 978 4303 συνιδεῖν.
1005 4248 1136 4301 "Au
1162 4246 1274 4317 γὰρ
1303 4246 1442 4309 θῶες
1471 4246 1564 4299 καὶ
1596 4243 1880 4315 κερδάλαι.

300 4344 396 4398 καὶ
422 4344 478 4397 εἴ
504 4361 558 4397 τι
593 4343 733 4408 ζῶον
759 4344 854 4396 ἐπὶ
877 4341 1050 4414 δειλίᾳ
1077 4342 1467 4414 περίϐλεπτον,
1499 4341 1570 4395 τὰ
1600 4331 1712 4394 τῶν
1733 4339 1884 4394 λεόν-

299 4451 410 4486 των
440 4435 540 4504 οὐχ
579 4433 902 4502 ὑφίστανται
932 4431 1303 4504 προσϐλέπειν
1340 4435 1712 4504 σκιρτήματα,
1747 4434 1885 4502 ἁγα-

1985 3238 2200 3308 pieutia:
2234 3239 2489 3292 thesauro
2519 3239 2846 3306 depromens
2880 3227 3133 3294 sermone
3155 3241 3404 3304 salutari,
3437 3254 3560 3294 cum

1983 3329 2240 3399 spiritalis
2293 3328 2693 3397 quodammodo
2743 3329 2902 3398 panis
2953 3345 3167 3384 annona
3223 3330 3560 3384 audientium

1982 3423 2193 3478 animos
2241 3421 2621 3477 confirmasset
2659 3421 2714 3475 in
2767 3422 2895 3487 fide,
2954 3437 3168 3486 eorum,
3207 3423 3298 3490 qui
3347 3422 3561 3477 collecti

1981 3523 2162 3577 erant,
2214 3513 2545 3568 obaudiente
2593 3522 2742 3567 coetu
2785 3514 2877 3568 illa
2923 3513 3295 3583 pronuntiavit
3347 3514 3559 3568 verba:

1980 3603 2310 3660 Benedictus
2357 3602 2523 3669 Deus,
2555 3603 2646 3672 qui
2689 3618 2796 3658 non
2835 3605 2985 3659 dedit
3033 3620 3132 3658 nos
3163 3604 3215 3657 iu
3256 3604 3562 3674 captionem

1983 3693 2238 3748 dentibus
2267 3709 2481 3756 eorum,
2517 3694 2614 3747 sed
2651 3693 2897 3748 liberatis
2927 3696 3102 3757 nobis,
3139 3694 3387 3763 laqueum
3429 3710 3562 3748 con-

1985 3784 2153 3838 trivlt.
2199 3784 2382 3853 Itaque
2431 3785 2483 3837 in
2519 3782 2612 3838 Dei
2657 3783 2908 3838 manibus
2958 3794 3203 3838 sanctam
3251 3799 3316 3838 ac
3347 3798 3561 3838 sacram

1983 3875 2222 3932 animum
2257 3890 2410 3930 suam
2455 3875 2727 3942 deposuit.
2772 3874 2944 3940 Quem
2989 3876 3036 3930 is
3065 3887 3293 3929 excessu
3341 3875 3434 3928 illo
3464 3888 3562 3928 suo

1987 3967 2245 4024 mmroris
2273 3981 2339 4022 ac
2370 3965 2606 4020 tristitia:
2629 3979 2849 4020 sensum
2869 3965 3048 4018 divina
3076 3965 3413 4031 sapientibus
3438 3965 3564 4018 reli-

1982 4059 2182 4131 querit,
2250 4070 2442 4120 nemo,
2493 4063 2920 4126 quantacunque
2962 4056 3012 4109 vi
3074 4056 3290 4110 dicendi
3342 4055 3561 4122 poileat,

1983 4159 2376 4222 reprasentare
2396 4149 2568 4217 possit
2597 4165 2610 4202 :
2641 4155 2902 4216 quantam
2925 4161 3054 4203 vero
3084 4148 3284 4202 Iustitia:
3310 4160 3375 4200 ac
3401 4154 3566 4215 petu.

1981 4244 2162 4299 lautia
2213 4241 2557 4300 occasionem
2585 4238 2798 4309 abejus
2829 4249 3004 4295 morte
3053 4239 3367 4308 acceperint
3419 4239 3563 4292 male

1981 4337 2312 4399 sentientes.
2341 4347 2410 4389 ex
2441 4331 2509 4389 iis
2535 4345 2656 4402 qua
2683 4331 2799 4386 visu
2832 4331 2950 4400 ipso
2977 4331 3109 4386 satis
3141 4345 3412 4399 superque
3437 4339 3566 4383 sunt

1982 4428 2282 4498 explorata,
2328 4423 2494 4481 facile
2525 4423 2896 4493 unusquisque
2939 4422 3299 4492 perspexerit.
3350 4420 3562 4475 Etenim

298 4525 447 4578 πῶσι
478 4525 537 4579 δέ
584 4525 708 4579 λίαν
759 4525 896 4595 μηδέ
939 4526 1040 4596 τῆς
1086 4524 1372 4596 πόρῤωθεν
1417 4526 1596 4580 αὐτῶν
1642 4525 1878 4598 ἐρευγῆς

1989 4531 2049 4576 ιιι
2069 4519 2302 4577 cervsrii
2332 4517 2442 4588 lupi
2475 4517 2792 4587 vulpesque,
2820 4531 2886 4572 ac
2916 4516 2961 4569 si
2994 4531 3097 4583 qua
3137 4523 3261 4569 sunt
3288 4512 3394 4567 alia
3419 4512 3564 4582 ejus-

299 4617 656 4672 ἐπαισθέσθαι
710 4618 772 4672 τὸ
824 4617 1069 4680 σύνολον.
1133 4618 1750 4696 ἥκιστακσυντελούσης
1800 4620 1884 4682 είς

299 4709 524 4778 θάρσος-
556 4711 651 4763 καὶ
695 4711 1085 4780 γενναιότητα·
1147 4710 1323 4773 οὕτως
1363 4712 1413 4764 οί
1471 4711 1570 4779 τῆς
1616 4711 1883 4781 αἱρέσεως

301 4801 550 4866 πτῶκες,
598 4803 662 4856 τὸ
691 4803 958 4856 λεόντειον
997 4803 1092 4857 καὶ
1135 4802 1392 4866 πεποιθὸς
1423 4803 1522 4873 τῆς
1561 4801 1656 4856 τοῦ
1723 4802 1882 4870 ἁγίου

299 4891 547 4962 γλώττης
571 4893 650 4946 ἐτι
683 4893 987 4964 περιούσης
1007 4893 1344 4964 αἰδούμενοι,
1375 4895 1471 4948 καὶ
1496 4893 1604 4947 τῶν
1631 4894 1726 4963 τῆς
1753 4911 1885 4964 καρ-

298 4981 420 5045 δίας
447 4983 612 5036 αὑτοῦ
641 4982 802 5037 θείων
830 4983 1195 5055 ἐρωγμάτων
1230 4981 1562 5052 πτοούμενοι
1593 4981 1654 5034 τὸ
1691 4981 1884 5051 βλοσυ-

301 5073 396 5142 ρὸν
449 5073 546 5128 καὶ
597 5073 874 5144 θαύματος
933 5075 1107 5142 ἄξιον,
1138 5074 1346 5145 ὑποψία
1390 5089 1451 5126 τε
1488 5072 1653 5142 πολλῇ
1697 5071 1882 5136 πιεζόο

303 5182 479 5234 μενοι,
501 5160 578 5220 ὦν
598 5184 657 5222 τε
678 5169 760 5231 εἰς
785 5168 950 5224 αὐτὸν
977 5169 1236 5238 1ἑδραισαν,
1274 5161 1350 5222 ὢν
1375 5181 1435 5218 τε
1464 5163 1603 5237 πρὸς
1631 5165 1729 5232 τῆς
1751 5162 1883 5232 ἁλη-

298 5254 456 5320 θείας
482 5256 651 5328 αὐτῆς
675 5258 1129 5328 ἀπηλέγχθησαν,
1175 5256 1298 5311 οὐδὲ
1331 5258 1649 5328 προϐαίνειν
1683 5253 1882 5326 ῥᾳδίως

299 5341 446 5416 εἶχον
493 5349 558 5401 ἐκ
589 5348 700 5403 τῶν
740 5349 842 5419 τῆς
870 5349 1072 5412 κακίας
1121 5347 1335 5404 ἑαυτῶν
1363 5347 1738 5404 καταδύσεων.
1793 5345 1884 5410 Ἐξ

296 5431 362 5492 οὗ
401 5438 458 5491 δὲ
480 5439 540 5492 τὸ
567 5439 710 5494 θεῖον
739 5443 920 5496 ἐκεῖνο
962 5441 1163 5511 σκῆνος
1196 5439 1332 5511 πρὸς
1370 5441 1470 5509 τὴν
1496 5440 1763 5509 ἀμείνονα
1793 5439 1881 5493 διὰ

300 5592 349 5626 ‘5
453 5591 617 5649 Hebr.
658 5612 752 5657 xtl.
790 5595 882 5650 2'5.

377 5727 442 5794 (ι)
466 5729 607 5782 Sunt
634 5729 764 5784 anni
804 5738 929 5783 ante
956 5729 1206 5785 exsilium
1227 5729 1623 5782 adtninistratzr
1655 5729 1703 5780 iu
1735 5729 1882 5780 (Iun-

303 5799 798 5870 stautinupolitatta
870 5799 999 5856 sede
1101 5799 1382 5868 dignitatis
1456 5800 1872 5869 patriam-ludis,

1989 4612 2132 4667 modi
2165 4609 2421 4666 animalia
2473 4608 2782 4664 timiditatis
2826 4606 3069 4676 majoris,
3103 4606 3147 4659 si
3175 4606 3339 4675 juhas
3379 4603 3564 4659 leones

1987 4705 2236 4775 quatiant
2264 4702 2556 4770 lustrisque
2582 4699 2858 4760 exsiliant,
2891 4712 2958 4754 ne
2978 4699 3152 4754 oculis
3172 4698 3390 4766 quidem
3418 4695 3564 4750 ferte

1985 4797 2290 4858 sustinent;
2327 4792 2423 4849 sed
2468 4791 2836 4861 gratissimum
2891 4789 3120 4852 habent,
3170 4790 3215 4842 si
3265 4803 3332 4842 ne
3376 4785 3562 4855 procul

1987 4888 2206 4956 quidem
2238 4885 2358 4939 illos
2380 4883 2601 4938 audiant
2630 4881 2924 4950 rugientes,
2944 4896 3252 4949 qttanquam
3279 4879 3412 4933 nihil
3438 4879 3564 4932 inde

1989 4978 2230 5034 audaciae
2270 4977 2339 5034 lis
2368 4989 2432 5028 ac
2459 4971 2844 5044 generositatis
2897 4973 3118 5026 accedat
3153 4989 3166 5024 :
3204 4972 3283 5024 sic
3318 4971 3565 5024 lueretici

1991 5073 2230 5143 lepores,
2283 5083 2406 5124 cum
2438 5067 2708 5121 leoniuam
2742 5064 2845 5120 viri
2897 5064 3294 5127 fortitudinem,
3335 5064 3564 5130 ejusque

1991 5163 2166 5216 adhuc
2218 5156 2528 5226 superstitis
2568 5155 2624 5212 in
2668 5154 2920 5223 loquendi
2971 5152 3226 5210 fiduciam
3284 5151 3562 5206 lormidiui

1991 5253 2273 5315 haberent,
2307 5256 2361 5305 et
2383 5247 2689 5305 divinarum
2731 5246 2902 5314 ipsius
2935 5245 3101 5298 animi
3153 5243 3562 5299 eructationum

1989 5344 2255 5416 gravitate
2284 5357 2348 5397 ac
2380 5341 2428 5395 vi
2470 5341 2733 5410 stupenda
2781 5337 3242 5408 percellereutur,
3284 5334 3561 5403 multaque

1990 5455 2085 5493 eos
2129 5436 2367 5506 suspicio
2436 5443 2680 5503 angeret,
2737 5447 2859 5486 cum
2904 5443 3094 5486 eorum
3153 5427 3390 5490 nomine,
3442 5442 3563 5496 quae

1993 5728 2059 5778 ab
2101 5727 2166 5778 12
2207 5726 2292 5779 die
2334 5726 2538 5789 Aprilis
2588 5727 2712 5778 anui
2745 5725 2870 5788 806,
2902 5740 3008 5792 quo
3057 5733 3411 5778 consecratus
3449 5731 3553 5786 est,

1984 5814 2156 5864 usque
2185 5797 2248 5849 ad
2282 5797 2341 5849 l5
2374 5794 2575 5860 Martii,
2607 5812 2712 5862 quo
2742 5799 2791 5849 in
2819 5795 3066 5850 exsdiuut
3097 5806 3178 5849 est
3208 5797 3549 5858 deportatus.
