4086 6344
248 391 350 458 161

1775 392 1974 451 VlTA.

3402 387 3502 453 162

245 508 414 578 igitur
471 512 684 572 tempus
722 501 1069 565 observabat,
1102 511 1156 555 ut
1207 517 1331 555 eum
1380 502 1591 558 artibus
1633 519 1694 556 ac
1730 505 1826 559 do-
1862 523 1903 574 Α
1935 523 2041 574 que
2087 506 2368 576 suppliciis
2400 506 2690 562 alliciebat.
2722 505 2826 559 Alii
2862 505 3005 560 enim
3040 505 3282 574 ipsorum
3332 505 3502 576 plagis

248 602 316 655 lis
371 599 422 652 in
455 596 782 652 sententiam
823 609 976 650 suam
1007 595 1320 657 adduceret,
1364 596 1574 666 ﬁngens
1601 611 1723 650 sese
1771 597 1826 650 in

262 700 413 746 recta
473 691 786 756 dogmatum
860 687 1258 741 exercitatione
1322 689 1554 741 versari.
1616 685 1822 741 Verum

250 798 376 839 cum
409 781 491 834 vir
525 780 615 832 ille
662 779 968 833 divinarum
1006 791 1188 832 rerum
1228 778 1595 846 peritissimus
1625 787 1678 830 et
1705 793 1828 848 pru-

253 871 630 933 dentissimus,
657 879 767 922 tum
835 867 1022 922 multis
1049 869 1439 932 ~sermonibus,
1489 876 1599 920 tum
1643 866 1828 935 Scrip-

258 979 503 1019 turarum
533 959 887 1025 testimoniis,
915 967 1026 1013 tum
1064 957 1369 1028 longissimi
1399 959 1662 1028 temporis
1689 973 1826 1014 con-

252 1055 538 1112 suetudine
595 1050 1011 1120 comprobatum
1050 1053 1348 1118 imaginum
1405 1066 1560 1106 usum
1611 1052 1831 1106 demon-

251 1153 456 1199 straret
479 1155 579 1196 nec
604 1151 784 1195 tamen
820 1141 1141 1195 insolentem
1196 1141 1470 1194 hominem
1493 1155 1522 1192 a
1555 1142 1831 1210 proposito

251 1244 444 1304 posset
489 1231 791 1295 dimovere.
826 1240 956 1285 tunc
1001 1231 1179 1295 dolus,
1211 1232 1301 1302 qui
1360 1240 1520 1285 antea
1574 1232 1828 1297 latuerat,

251 1328 308 1380 in
339 1334 587 1394 apertum
635 1323 818 1392 erupit
860 1341 875 1379 :
929 1337 1110 1378 mores
1170 1325 1314 1378 enim
1370 1324 1576 1379 ferinos
1625 1324 1830 1380 nomini

252 1426 624 1486 congruentes
671 1418 917 1484 gerebat.
944 1414 1134 1484 Itaque
1187 1424 1444 1486 tanquam
1493 1416 1832 1485 perniciosus

254 1509 477 1578 quidam
507 1522 658 1577 aper,
676 1516 766 1560 aut
792 1501 1136 1563 szevissimus
1165 1506 1274 1572 leo,
1305 1508 1663 1576 immanisque
1692 1506 1830 1571 fera,

255 1593 589 1655 salutaribus
619 1596 862 1668 Magistri
912 1599 1256 1656 documentis
1303 1599 1384 1653 sic
1441 1612 1602 1653 aures
1649 1599 1831 1652 occlu-

258 1691 412 1755 dens,
465 1698 522 1742 ut
551 1690 720 1758 ,aspis
765 1689 1248 1756 incantationibus,
1302 1689 1437 1745 nihil
1479 1691 1831 1756 movebatur,

256 1779 352 1834 sed
382 1778 710 1833 obstinatius
731 1778 1064 1834 insaniebat.

1931 609 1997 650 ac
2029 597 2317 651 tormentis
2356 595 2672 650 crudelibus
2695 595 3149 650 excruciabantur
3179 611 3192 648 :
3225 595 3315 648 alii
3364 596 3504 648 fame

1929 693 1985 740 et
2038 685 2126 740 siti
2197 686 2250 739 in
2307 700 2526 740 carcere
2573 685 2661 738 diu
2720 684 3148 754 premebantur:
3182 684 3331 738 ntulti
3387 686 3504 740 sine

1932 775 2037 829 ulla
2105 776 2276 831 venite
2317 791 2412 845 spe
2469 775 2825 829 mittebantur
2881 775 2936 828 in
3001 776 3252 828 exsilium
3314 794 3327 829 :
3393 791 3499 829 non

1931 864 2088 936 pauci
2151 864 2528 934 Spoliabantur
2582 863 2819 918 fortunis
2875 865 2944 918 ob
2991 864 3040 916 id
3087 863 3300 926 solum,
3358 865 3501 933 quod

1931 965 2090 1010 erant
2117 957 2336 1026 pietatis
2371 956 2598 1010 studiosi
2629 972 2641 1008 :
2673 957 2893 1024 quidam
2927 957 3112 1019 etiam,
3141 965 3198 1008 ttt
3228 956 3367 1009 fama
3397 965 3500 1018 est,

1929 1049 2066 1103 clam
2129 1049 2485 1103 necabantur.
2549 1045 2798 1100 Nonnulli
2844 1048 3006 1118 igitur
3052 1049 3403 1115 magistratus
3447 1057 3504 1100 et

1931 1141 1986 1194 in
2014 1141 2307 1211 dignitates
2337 1139 2639 1202 constituti,
2671 1149 2726 1193 et
2758 1141 3090 1202 sacerdotes,
3122 1149 3177 1193 et
3227 1141 3502 1204 monachi,

1929 1240 1985 1284 et
2019 1244 2086 1284 ex
2133 1230 2337 1298 reliqua
2390 1230 2759 1291 multitudine,
2811 1230 3007 1296 partim
3063 1230 3402 1296 impetrantis
3453 1230 3504 1282 vi

1932 1323 2209 1392 pertracti,
2229 1322 2304 1375 illi
2328 1321 2673 1375 adhaerebant
2695 1337 2708 1384 ;
2732 1322 2927 1388 partim
2947 1331 3113 1381 metu,
3134 1323 3328 1388 partim
3357 1321 3506 1389 igna-

1929 1413 2037 1478 via,
2073 1412 2268 1483 partim
2303 1412 2485 1482 gloria
2515 1413 2813 1482 cupiditate
2841 1414 3328 1480 corrumpebantur
3362 1427 3375 1463 :
3409 1412 3502 1463 sed

1933 1507 2171 1560 maxima
2205 1520 2331 1575 pars
2353 1505 2575 1560 stabiles
2620 1514 2676 1560 et
2710 1514 3030 1560 constantes
3066 1506 3119 1558 in
3158 1506 3262 1558 tlde
3292 1504 3504 1558 animos

1931 1600 2312 1654 conservabat.

1999 1711 2231 1768 7.1‘unc
2275 1726 2430 1766 sacra
2477 1710 2532 1766 in
2581 1711 2742 1780 regite
2774 1709 3014 1766 civitatis
3067 1710 3195 1764 sede
3245 1719 3354 1762 tres
3388 1708 3502 1763 veri

1933 1804 2168 1872 pastoris
2202 1802 2738 1867 adversarii,ordine
2787 1816 2924 1855 unus
2975 1799 3301 1869 postalium,
3342 1800 3504 1868 impie

325 1887 379 1941 5.
417 1885 616 1942 Statim
651 1887 816 1958 igitur
845 1897 901 1942 et
933 1888 1151 1958 pietatis
1185 1889 1302 1945 zelo
1342 1900 1400 1965 et
1455 1893 1823 1962 praestantiori
1861 1879 1905 1935 Β
1930 1895 2312 1958 consederunt,
2345 1892 2655 1948 Theodotus
2688 1892 2782 1963 (c),
2808 1893 3097 1957 Antonius,
3121 1901 3175 1946 et
3213 1889 3450 1946 Joannes
3483 1907 3498 1944 :

254 1978 460 2034 auxilio
489 1979 848 2038 confirmatus
876 1980 980 2046 vir,
1007 1981 1150 2036 cuia
1173 1983 1403 2038 victoria
1435 1999 1632 2040 nomen
1681 1997 1822 2052 erat,

253 2083 308 2126 et
341 2082 628 2140 propterea
662 2071 1004 2141 Nicepltorus
1024 2075 1345 2139 vocabatur,
1378 2085 1600 2132 strenue
1629 2078 1825 2134 adver-

255 2177 353 2216 sus
381 2163 716 2230 impietatem
753 2173 808 2216 et
841 2173 1127 2233 tyrannum
1159 2164 1454 2234 impietatis
1479 2167 1819 2224 defensorem

257 2255 570 2314 instruitur,
605 2255 920 2320 coactisque
964 2253 1239 2323 primariis
1270 2259 1663 2326 sacerdotibus,
1690 2262 1824 2316 viris

263 2353 377 2395 tum
435 2344 542 2395 vita
603 2354 712 2396 tuttt
776 2345 1021 2399 doctrina
1069 2348 1334 2415 probatis,
1378 2350 1471 2418 qui
1525 2351 1684 2404 simul
1733 2367 1829 2420 pro

259 2435 463 2501 pietate
492 2449 732 2503 pugnare
757 2435 932 2505 parati
982 2447 1162 2499 erant,
1191 2440 1255 2492 de
1281 2441 1553 2494 communi
1605 2452 1829 2496 senten-

260 2525 334 2576 tia
361 2524 547 2594 iuique
571 2540 630 2580 se
661 2535 942 2593 gerentem
974 2528 1384 2596 imperatorem,
1421 2531 1547 2584 licet
1600 2531 1826 2593 frustra,

255 2625 639 2685 coarguerunl,
677 2626 734 2670 et
789 2627 1049 2686 tanquam
1092 2621 1544 2676 contumeliosum
1598 2623 1692 2678 Dei
1737 2640 1825 2678 re-

259 2722 484 2776 rumque
510 2708 814 2762 divinarum
850 2711 1059 2764 hostem
1087 2710 1427 2778 judicarunt.
1455 2713 1823 2779 Quamobrem

256 2813 516 2868 arrogans
533 2809 588 2853 et
617 2802 885 2870 superbus
911 2802 1000 2856 ille
1020 2801 1308 2856 confestim
1341 2814 1394 2858 et
1423 2804 1824 2860 simulationem

255 2901 416 2953 quam
478 2888 806 2951 occultabat,
868 2892 1102 2957 aperire,
1129 2899 1182 2943 et
1213 2893 1544 2945 reconditam
1604 2894 1826 2948 malitiae

255 2975 547 3039 rationem,
596 2986 852 3048 tauquam
911 2978 1304 3032 redundantem
1369 2980 1656 3051 quamdam
1705 2998 1826 3038 cor-

259 3073 544 3133 ruptorum"
573 3066 856 3122 humerum
892 3081 959 3124 ex
981 3051 1251 3122 cruditate
1272 3075 1506 3138 cupiam,
1541 3085 1820 3137 evomere,

256 3163 351 3206 attt
380 3153 651 3208 deformes
702 3165 757 3209 et
804 3156 1161 3224 imperfectos
1205 3173 1269 3211 ex
1335 3158 1530 3212 abortu
1579 3159 1727 3214 fetus
1771 3162 1824 3213 ltt

259 3244 434 3298 lucem
464 3244 629 3300 edere
653 3258 877 3300 coactus
903 3256 1005 3301 est.
1040 3246 1344 3317 Tyrannica
1390 3251 1555 3317 igitur
1603 3253 1826 3305 audacia

257 3333 665 3390 celeberrimum
725 3339 1114 3407 patriarcham,
1147 3354 1177 3393 e
1229 3340 1357 3394 sede
1391 3355 1488 3395 sua
1543 3342 1828 3407 depulsum

260 3426 313 3479 in
340 3427 538 3481 exsilio
561 3428 750 3483 vivere
773 3430 1035 3498 compulit
1062 3429 1136 3500 (ὁ)
1173 3449 1186 3484 :
1223 3445 1290 3484 ne
1321 3430 1449 3485 illud
1476 3433 1695 3502 quidem
1735 3449 1828 3488 ve-

260 3515 420 3578 ritus,
455 3516 500 3570 si
534 3517 667 3570 nihil
714 3517 881 3583 aliud,
904 3519 1047 3588 quod
1093 3519 1445 3587 impositione
1472 3531 1526 3576 et
1575 3522 1828 3592 obsigna-

266 3607 412 3659 tione
441 3623 696 3662 ntanuum
718 3608 895 3678 ipsius
921 3609 1085 3678 (quod
1109 3611 1224 3665 fieri
1245 3626 1348 3664 non
1378 3610 1585 3680 debuit)
1608 3613 1822 3682 imperii

264 3708 518 3748 coronam
551 3713 858 3768 acceperat.
883 3699 1084 3755 Verum
1109 3711 1167 3755 ut
1194 3701 1488 3756 verisimile
1518 3712 1622 3768 est,
1646 3703 1827 3758 defec-

267 3783 432 3838 tionis
481 3796 535 3838 et
615 3790 914 3858 tyrannidis
973 3791 1181 3844 lubrico
1238 3790 1440 3859 lapsus,
1493 3792 1656 3846 simul
1703 3807 1824 3846 cum

263 3871 467 3938 pietate
490 3875 828 3942 prudentiam
853 3880 1192 3932 et‘rationem
1211 3893 1274 3932 ac
1294 3887 1527 3933 mentem
1549 3880 1824 3935 amiserat.

259 3959 447 4034 itaque
494 3965 729 4020 nefanda
770 3969 1065 4036 impietatis
1103 3981 1267 4040 atque
1308 3971 1546 4025 audacia:
1588 3970 1826 4030 facinora

256 4057 701 4125 aggrediebatur.

328 4168 382 4223 6.
418 4170 734 4225 Patriarcha
761 4187 912 4237 vero,
946 4182 1002 4225 ut
1038 4175 1245 4243 pacifici
1290 4175 1532 4246 magistri
1591 4167 1827 4248 discipu-

258 4256 364 4323 lus,
406 4259 474 4312 ab
497 4259 742 4314 Ecclesia
777 4262 1238 4320 discessittristis
1263 4275 1316 4318 et
1352 4266 1822 4336 laetyntabundus,

257 4359 314 4400 ut
344 4350 434 4416 qui
466 4339 718 4419 Sponsam
753 4353 1176 4416 iuunaculatant,
1205 4356 1305 4410 sibi
1342 4371 1372 4410 a
1408 4357 1516 4412 Deo
1548 4360 1823 4426 traditam,

253 4441 498 4498 discessu
528 4459 626 4498 suo
681 4455 1000 4501 merentem
1053 4449 1607 4522 ingemiscentemque
1662 4453 1827 4507 relinv

253 4545 470 4602 queret.
504 4535 766 4606 Populum
800 4547 978 4591 autem
1011 4550 1065 4594 et
1089 4555 1303 4610 gregem
1332 4557 1488 4596 suum
1506 4545 1823 4612 opportunis
1854 4580 1899 4636 Β

252 4626 598 4682 sermonibus
631 4629 932 4684 instruebat
960 4642 1014 4686 et
1043 4633 1447 4698 cohortabatur,
1475 4647 1533 4689 ut
1555 4638 1821 4705 integram

253 4718 306 4768 in
343 4716 559 4772 vinculo
589 4721 738 4788 pacis
782 4721 938 4776 fidem
970 4723 1310 4780 observaret.
1341 4727 1521 4782 Atille
1548 4727 1825 4785 insaniens

249 4815 306 4859 et
337 4805 524 4862 furore
571 4813 834 4878 percitus,
865 4809 1130 4881 pietatem
1179 4829 1276 4883 pro
1303 4816 1510 4871 viribus
1566 4820 1826 4888 pergebat

253 4900 553 4954 insectari:
597 4917 696 4957 nec
747 4917 1032 4959 contentus
1077 4906 1166 4972 iis,
1191 4923 1315 4975 qua:
1351 4908 1408 4962 itt
1456 4910 1820 4978 patriarcham

251 4990 496 5042 divinum
545 4994 914 5062 commiserat,
940 4997 1120 5052 adhuc
1181 4997 1401 5053 malitia:
1449 5015 1560 5054 sua:
1603 5014 1819 5070 Specta-

247 5083 394 5148 cula,
428 5085 905 5146 lamentationibus
929 5099 983 5144 et
1014 5092 1303 5160 gemitibus
1325 5093 1507 5163 digna,
1544 5095 1595 5146 itt
1639 5095 1821 5164 plures

246 5175 465 5228 edebat.
510 5175 734 5242 Omnes,
761 5181 853 5248 qui
907 5191 1055 5236 recta
1100 5185 1344 5238 veritatis
1387 5187 1633 5253 dogmata
1674 5201 1824 5240 com-

247 5264 392 5330 plexi
426 5281 548 5320 cum
583 5272 846 5340 magistro
887 5286 1296 5342 c0ttsenserant,
1328 5278 1590 5346 primario
1633 5293 1820 5332 sacer-

244 5357 854 5435 dotes,monacltosque
908 5377 962 5421 et
1005 5377 1324 5437 praestantes
1362 5369 1414 5423 itt
1465 5370 1682 5439 pepulo,
1706 5381 1817 5424 tum

241 5450 398 5506 Viros
439 5465 547 5506 tunt
594 5456 756 5510 etiam
791 5459 1043 5523 feminas,
1074 5476 1178 5512 non
1225 5461 1460 5516 ferendis
1501 5467 1674 5530 pinnis
1731 5475 1815 5517 at-

307 5628 382 5693 (b)
411 5629 634 5695 Eiectos
665 5644 749 5689 est
773 5637 838 5689 M
861 5637 1131 5692 Februarii
1171 5638 1295 5692 anni
1333 5638 1454 5692 8l5.

305 5700 374 5770 (c)
421 5701 745 5777 Theodotus
763 5705 1082 5777 Cassiteras,
1109 5709 1377 5763 Antonius
1402 5723 1467 5762 cx
1510 5707 1580 5777 Sy
1606 5709 1723 5768 beo,
1745 5718 1802 5764 et

233 5765 472 5828 Joannes
502 5773 622 5836 sive
649 5772 853 5829 Jannes
886 5765 1168 5846 Syncellus
1191 5793 1333 5832 anno
1374 5778 1476 5833 842
1502 5765 1796 5848 dcpositus.

1933 1986 2024 2054 qui
2051 1995 2304 2053 tanquam
2333 1998 2526 2052 graves
2557 1983 2778 2052 quidam
2814 1983 2950 2051 lupi,
2979 1983 3176 2050 passim
3207 1981 3501 2036 Ecclesiam

1932 2075 2310 2132 laceraverunt
2335 2089 2399 2128 ac
2423 2077 2773 2130 devorarunt.
2809 2070 2876 2124 Et
2909 2072 3032 2124 aliis
3068 2073 3123 2124 in
3168 2071 3302 2125 locis
3348 2082 3403 2125 et
3434 2071 3508 2125 ci-

1933 2167 2226 2230 vitatibus,
2272 2165 2510 2234 ejusdem
2540 2163 2813 2233 opinionis
2861 2163 3177 2216 sacerdotes
3234 2178 3297 2215 ac
3337 2161 3506 2216 duces

1937 2256 2203 2325 imperiti,
2241 2266 2297 2309 et
2324 2255 2522 2308 nullius
2568 2253 2727 2323 pretii
2775 2252 3027 2306 homines
3057 2251 3314 2305 Ecclesiis
3373 2268 3504 2319 pra:-

1936 2345 2063 2402 lecti
2096 2354 2224 2399 sunt
2256 2358 2272 2396 :
2310 2344 2403 2414 qui
2438 2342 2772 2398 exsecrabile
2805 2357 2870 2396 ac
2920 2341 3297 2396 detestandum
3349 2353 3510 2396 secta:

1937 2448 2046 2488 sua:
2083 2432 2363 2488 decretum
2411 2432 2575 2501 impie
2606 2439 2662 2486 et
2705 2430 2866 2485 stulte
2899 2430 3304 2492 conlirmantes,
3342 2431 3508 2486 variis

1939 2523 2114 2577 modis
2141 2525 2214 2577 ita
2239 2523 2420 2578 conati
2443 2533 2570 2576 sunt
2604 2522 2900 2590 imaginum
2929 2536 3082 2576 usum
3111 2525 3394 2591 abrogare,
3426 2533 3504 2587 ut,

1947 2623 2208 2684 quantum
2253 2616 2306 2668 in
2337 2614 2470 2680 ipsis
2499 2613 2622 2679 fuit,
2660 2614 2863 2666 nullum
2901 2628 3084 2668 earum
3107 2615 3389 2683 vestigium
3424 2629 3507 2668 re-

1938 2704 2300 2775 linqueretur,
2332 2706 2477 2774 quod
2503 2705 2587 2761 vel
2618 2704 2713 2759 Dei
2743 2704 2904 2761 Verbi
2939 2720 3158 2760 caruent
3185 2706 3385 2769 induti,
3418 2705 3504 2762 vel

1933 2793 2290 2852 sanetissimte
2327 2793 2418 2848 Dei
2456 2793 2771 2855 Genitricis,
2815 2795 2896 2848 vel
2929 2795 3232 2849 catlestium
3273 2796 3490 2865 angelo-

1937 2899 2074 2950 rum,
2108 2895 2203 2938 aut
2244 2885 2407 2940 totius
2446 2885 2637 2955 reliqui
2687 2896 2996 2940 sanctorum
3032 2897 3194 2955 atque
3233 2887 3503 2956 jttlet'ttttt

1933 2976 2139 3031 ordinis
2162 2977 2398 3045 speciem
2424 2991 2536 3045 pra.-
2567 2991 2625 3030 se
2642 2975 2830 3032 ferret.
2863 2977 2991 3032 Erat
3014 2989 3192 3031 autem
3215 2977 3502 3034 admodum

1923 3050 2226 3121 absurdum
2279 3077 2333 3118 et
2389 3079 2593 3135 grave,
2646 3065 2831 3120 videre
2897 3067 3096 3133 passim
3153 3077 3502 3120 sacrosancta

1936 3158 2130 3228 templa
2159 3157 2226 3211 ab
2260 3158 2508 3212 obscuris
2549 3165 2604 3211 et
2642 3157 2996 3212 exsecrandis
3030 3157 3360 3221 hominibus,
3385 3157 3503 3226 pulo

1855 3235 1898 3292 (ἶ
1932 3248 2241 3302 cltritudine
2273 3263 2369 3300 sua
2403 3258 2460 3301 et
2493 3249 2764 3302 veteribus
2801 3250 3133 3301 ornamentis
3163 3247 3405 3316 spoliari.

2000 3337 2054 3392 8.
2087 3338 2263 3405 Atque
2291 3335 2393 3390 ista
2419 3335 2636 3405 quidem
2662 3336 2788 3390 ntali
2816 3337 3113 3392 dominatio
3155 3338 3501 3405 gravissimas

1929 3427 2267 3482 calamitates
2310 3429 2534 3494 invexit,
2581 3439 2635 3483 et
2680 3438 2873 3483 cuncta
2928 3429 3245 3498 permiscuit
3283 3446 3346 3483 ac
3378 3444 3500 3496 per-

1932 3519 2187 3583 turbavit,
2222 3535 2328 3573 non
2361 3521 2559 3587 exiguo
2608 3529 2699 3572 attt
2730 3519 2881 3574 brevi
2919 3524 3179 3589 temporis
3210 3521 3494 3575 intervallo

1929 3608 2273 3676 imperatoris
2304 3613 2497 3665 robore
2538 3613 2770 3677 munita,
2795 3613 2890 3666 sed
2925 3613 3142 3678 triginta
3185 3615 3264 3682 (ά)
3329 3628 3496 3681 prOpe

1928 3715 2192 3755 annorum
2252 3705 2450 3774 spatio.
2500 3703 2742 3776 Quorum
2770 3703 3409 3775 cumquatuordecim(c)
3443 3709 3494 3758 itt

1927 3791 2119 3844 eXsilio
2140 3791 2296 3845 divus
2327 3792 2840 3862 PaterNicepborus
2886 3796 3350 3862 transegisset,ab
3396 3797 3499 3849 hac

1930 3883 2144 3937 mortali
2176 3885 2285 3937 vita
2311 3885 2564 3953 migravit
2589 3887 2656 3938 ad
2699 3887 3062 3938 immortalem
3102 3903 3116 3938 :
3156 3895 3210 3940 et
3251 3888 3498 3955 sepultus

1929 3985 2014 4031 est
2061 3976 2212 4044 juxta
2261 3977 2515 4046 templum
2565 3978 2736 4031 sancti
2776 3979 3029 4046 martyris
3073 3977 3342 4032 Theodori
3383 4021 3399 4044 ,
3437 3981 3488 4032 iu

1929 4069 2263 4123 monasterio
2318 4071 2461 4136 quod
2493 4069 2606 4138 ipse
2633 4083 2662 4119 a
2694 4067 3058 4122 fundamentis
3091 4078 3492 4121 construxerat.

1927 4156 1985 4212 In
2015 4158 2118 4212 hoc
2157 4158 2324 4220 enim,
2358 4172 2480 4210 cum
2523 4169 2674 4211 esset
2707 4158 2964 4211 multatus
3009 4157 3221 4222 exsilio,
3249 4158 3390 4228 piam
3442 4168 3496 4210 et

1926 4261 2136 4302 sacram
2174 4249 2339 4300 vitant
2369 4247 2628 4310 traduxit,
2661 4257 2718 4300 et
2741 4247 3002 4302 virtutum
3049 4250 3230 4302 studio
3259 4258 3492 4303 mentem

1927 4350 2078 4388 suam
2125 4335 2416 4406 diligenter
2463 4336 2701 4390 excoluit
2741 4347 2906 4405 atque
2948 4340 3296 4407 expurgavit,
3331 4353 3496 4407 seque

1928 4442 2119 4496 purum
2149 4427 2243 4482 Dei
2275 4443 2565 4498 rerumque
2587 4429 2894 4482 divinarum
2925 4430 3182 4498 templum
3223 4431 3492 4496 exhibuit,

1927 4534 2048 4573 cum
2074 4520 2268 4574 similis
2297 4531 2443 4575 esset
2472 4524 2809 4590 angelorum,
2839 4531 2892 4579 et
2923 4518 3084 4577 simul
3142 4533 3251 4576 tum
3302 4538 3492 4576 mona-

1926 4615 2076 4669 sticte
2101 4623 2212 4667 tuttt
2243 4615 2530 4683 pontiﬁcite
2559 4618 2680 4670 vita:
2698 4616 3017 4686 dignitatem
3051 4618 3344 4672 virtutibus
3377 4620 3491 4673 suis

1923 4706 2228 4761 exornavit.

1994 4817 2048 4872 9.
2083 4817 2356 4872 Hactenus
2413 4820 2980 4886 commemoravimus,
3037 4823 3493 4890 quemadmodum

1924 4909 2268 4965 beatissimus
2330 4908 2688 4978 Nlcephorus,
2739 4920 2796 4963 ut
2849 4912 3086 4980 Optimus
3139 4917 3490 4984 gubernator,

1927 5018 2123 5056 tnunus
2156 5001 2588 5056 eclcesiasticum
2646 5005 2920 5072 sapienter
2954 5007 3350 5061 administrarit
3391 5026 3405 5062 :
3437 5017 3492 5062 et

1931 5104 2036 5147 tant
2068 5094 2188 5148 vita:
2211 5093 2495 5147 honestate
2526 5110 2686 5164 quam
2719 5095 3044 5164 cognitionis
3085 5099 3409 5156 excellentia
3436 5111 3490 5163 et

1924 5203 2119 5242 sensus
2153 5201 2342 5242 omnes
2362 5195 2418 5241 et
2449 5186 2690 5240 animum
2739 5198 2884 5242 recte
2915 5191 2980 5242 ad
3041 5191 3299 5260 pietatem
3336 5193 3490 5249 iustiv

1925 5281 2086 5335 tuerit
2115 5297 2129 5334 :
2167 5289 2223 5334 et
2265 5279 2404 5350 quod
2437 5281 2502 5333 ad
2531 5278 2688 5334 fidem
2740 5281 2993 5349 pertinet,
3023 5284 3308 5352 tranquille
3355 5301 3497 5341 seut-

1922 5389 2016 5440 per
2039 5387 2255 5426 cursum
2304 5375 2534 5426 tenuerit
2563 5383 2618 5426 et
2667 5373 2940 5443 legitimas
2974 5378 3096 5430 vita:
3127 5376 3300 5430 civilis
3335 5377 3487 5432 iustiv

1920 5465 2156 5520 tutiones
2176 5467 2477 5519 observarit
2512 5480 2526 5518 :
2559 5474 2612 5519 cl
2631 5468 3078 5533 quemadmodum
3106 5467 3327 5532 invidia,
3350 5486 3473 5545 ,qua

1987 5639 2064 5703 (τί)
2095 5639 2176 5692 ΑΙ)
2207 5653 2352 5694 anno
2390 5641 2514 5704 815,
2552 5641 2618 5695 ad
2648 5657 2846 5694 annum
2869 5640 2991 5695 849.

1982 5708 2216 5780 (el_lnto
2253 5726 2378 5763 cum
2412 5712 2476 5764 14
2529 5712 2702 5773 exsilii
2748 5727 2951 5764 annum
3001 5718 3218 5780 ageret,
3280 5709 3483 5780 scilicet

1911 5799 1940 5835 a
1971 5780 2035 5834 15
2067 5778 2242 5836 Martii
2270 5795 2357 5838 an.
2381 5781 2486 5836 8|5
2506 5796 2675 5850 usque
2693 5782 2761 5837 ad
2784 5797 2872 5836 an.
2897 5782 3020 5856 828,
3041 5778 3105 5838 et
3134 5780 3280 5839 diem
3300 5782 3334 5834 2
3355 5779 3478 5836 Jun.
