4086 6344
627 347 728 415 163
1114 364 1140 389 θ

1646 353 1706 411 S.
1746 351 2162 411 NlCE-PIIORI
2203 351 2705 412 ΡΑΤΒΙΑΒΟΗίΕ
2743 352 2849 411 CP.

3770 345 3878 411 16$

623 475 772 520 recte
825 462 967 518 facta
1025 477 1253 535 carpere
1300 464 1615 528 consuevit,
1672 465 1846 519 livore
1906 477 2195 530 commota,
2229 486 2274 538 Α
2302 469 2571 537 proponit.
2600 466 3006 535 Cuntqneidcm
3033 476 3220 518 omnes
3245 461 3543 517 sentientes
3574 466 3879 529 cntnperiso

625 570 748 608 cum
779 553 979 608 Christi
1003 568 1220 625 gregem
1249 555 1469 623 optimis
1510 556 1820 625 quibusque
1850 567 2067 610 auctmn
2111 570 2194 611 at-

623 658 731 714 que
768 655 1020 699 ornatum
1050 645 1310 698 institutis
1346 644 1544 698 intueri
1575 660 1682 699 non
1735 654 1937 713 posset,
1962 646 2195 700 Leonem

626 736 1036 803 imperatorem,
1067 735 1431 805 perniciosum
1486 736 1681 789 animo:
1741 737 1972 804 propriae
2013 736 2196 791 inimi-

632 842 779 893 cum,
807 827 1099 896 impulerit,
1130 834 1469 885 utnovat-um
1492 843 1672 881 rerum
1708 829 1763 881 in
1799 829 2059 897 religione
2079 839 2196 884 stu-

630 920 719 974 dio
752 920 1009 974 adversus
1034 919 1198 973 Deum
1248 918 1578 989 insurgeret,
1613 929 1669 974 et
1716 934 1812 986 pro
1853 920 2056 973 viribus
2111 935 2196 974 res

627 1024 844 1066 sanctas
874 1021 1034 1080 atque
1058 1011 1274 1066 divinas
1303 1013 1649 1069 contumeliis
1673 1012 1913 1069 alliceret
1963 1022 2019 1068 et
2063 1028 2195 1067 eon-

627 1104 939 1167 taminaret,
974 1111 1030 1158 et
1058 1103 1127 1158 ad
1154 1112 1465 1157 extremum
1514 1118 1549 1160 e
1582 1119 1740 1159 sacra
1794 1107 1923 1160 sede
1954 1106 2194 1158 divinum

622 1196 764 1251 hunc
792 1196 970 1248 virum
996 1195 1314 1250 exturbaret
1345 1204 1508 1265 atque
1537 1195 1592 1250 in
1644 1196 1892 1251 exsilium
1931 1198 2150 1264 ejiceret
2178 1214 2192 1250 ι

621 1286 713 1339 ubi
745 1285 1036 1339 virtutibus
1064 1294 1120 1339 et
1148 1286 1707 1355 contemplationibus
1750 1290 1985 1340 aninmm
2035 1302 2196 1341 exco-

622 1376 739 1430 lens
761 1383 815 1429 et
842 1391 966 1429 eum
993 1377 1103 1430 Deo
1129 1391 1378 1440 versans,
1412 1377 1550 1431 bene
1576 1377 1840 1446 beateque
1870 1382 2037 1430 vitam
2084 1387 2190 1428 tra-

624 1466 800 1521 duxit.
831 1465 981 1520 Nunc
1016 1474 1202 1520 autem
1230 1476 1440 1534 tempus
1465 1475 1550 1521 est
1580 1476 1659 1532 ut,
1692 1481 1831 1539 cum_
1857 1467 2191 1535 providentia

624 1556 718 1611 Dei
753 1557 842 1624 qui
870 1557 1059 1610 mortis
1082 1557 1330 1610 umbram
1350 1557 1403 1612 in
1430 1558 1757 1611 matutinum
1778 1558 2117 1626 splendorem
2138 1567 2194 1610 et

628 1645 881 1698 tenebras
908 1645 962 1697 in
996 1643 1169 1698 lucem
1212 1644 1517 1707 convertit,
1550 1660 1836 1700 maerorem
1889 1653 2053 1712 atque
2086 1645 2190 1699 tri-

625 1733 831 1786 stitiam
863 1733 915 1786 in
942 1733 1196 1803 gaudium
1219 1731 1564 1802 laetitiamque
1591 1733 1963 1799 commutavit,
1990 1734 2041 1786 in
2064 1734 2190 1787 reli-

2299 569 2402 624 set,
2438 560 2739 628 diurnoquo
2799 557 2918 627 ejus
2991 556 3065 609 rei
3133 551 3402 610 desiderio
3468 550 3661 615 teneri,
3702 565 3876 623 atque

2297 651 2478 703 animo
2499 649 2799 704 excruciari
2837 657 3054 716 propter
3084 645 3357 714 religionis
3390 644 3444 699 in
3483 660 3544 698 ea
3581 660 3638 700 re
3692 657 3875 699 muta-

2299 742 2590 805 tationem;
2623 740 2935 809 postulavit,
2968 749 3028 793 ut
3070 754 3127 793 se
3171 737 3394 791 Patrum
3426 739 3592 791 etiam
3634 739 3877 793 auctori-

2298 832 2504 887 tatibus
2545 834 2612 887 ad
2651 834 2936 886 veritatem
2985 830 3392 895 conﬁrmarent,
3419 843 3554 898 quas
3600 830 3769 885 variis
3817 832 3874 886 in

2286 918 2449 979 libris
2482 924 2816 977 invenissent
2847 940 2861 976 :
2899 922 3281 989 mandavitque
3307 936 3413 989 quo
3456 921 3506 972 in
3536 920 3654 973 loco
3684 920 3873 988 palatii

2298 1017 2594 1086 praeﬁnitus
2620 1025 2799 1071 ctetus
2821 1014 3193 1068 ecclesiaticus
3237 1012 3525 1067 universus
3560 1024 3873 1082 cogeretur,

2295 1115 2351 1160 et
2377 1107 2444 1160 ad
2483 1107 2736 1176 populum
2773 1120 2834 1159 ea
2889 1106 2955 1157 de
3013 1121 3069 1159 re
3115 1118 3274 1172 quam
3321 1103 3663 1172 apertissime
3707 1106 3871 1158 verba

2299 1197 2522 1252 faceret.
2585 1198 2757 1250 Tanta
2835 1207 3015 1253 autem
3105 1194 3398 1249 multitudo
3457 1192 3752 1257 conﬁnxit,
3815 1205 3875 1249 ot

2297 1280 2523 1342 numero
2539 1288 2921 1355 comprehendi
2949 1300 3054 1340 non
3077 1294 3284 1356 posset.
3305 1283 3695 1340 Convenerunt
3717 1287 3864 1339 enim

2296 1396 2401 1435 non
2425 1380 2598 1435 solum
2624 1378 2722 1445 illi,
2744 1380 2834 1447 qui
2866 1389 3098 1433 mentem
3129 1394 3316 1434 sanam
3342 1379 3639 1448 impietatis
3663 1387 3873 1448 tempo¢~

2298 1471 2449 1524 ribus
2484 1480 2895 1533 coitservarant,
2923 1484 3111 1522 verum
3155 1470 3320 1522 etiam
3349 1468 3656 1537 complures
3676 1483 3747 1529 ex
3780 1469 3867 1534 iis,

2296 1559 2387 1626 qni
2443 1572 2565 1612 cum
2609 1556 2829 1626 pietatis
2885 1558 3134 1612 hostibus
3188 1564 3602 1620 consenserant,
3665 1557 3867 1625 quique

2296 1648 2618 1702 sacerdotiis
2636 1657 2691 1700 et
2725 1646 2981 1702 Ecclesiis
3006 1645 3258 1716 regendis
3292 1646 3361 1700 ab
3389 1645 3523 1715 ipsis
3549 1646 3709 1701 electi
3747 1646 3865 1702 fne-

2300 1751 2424 1794 rant
2469 1759 2481 1794 :
2536 1755 2566 1794 e
2610 1739 2943 1808 vestigioque
2994 1747 3201 1792 mutata
3262 1739 3559 1803 sententia,
3602 1752 3718 1804 eos,
3771 1738 3864 1807 qui

626 1838 729 1891 qna
757 1822 1016 1877 orationis
1049 1833 1201 1893 parte
1230 1823 1470 1877 breviter
1519 1823 1975 1887 demonstremus,
2007 1840 2193 1893 quem.
2227 1828 2269 1885 Β
2296 1840 2512 1885 sanctas
2569 1832 2829 1899 imagines
2868 1837 3263 1900 oppugnarunt,
3302 1828 3637 1905 anathemati
3678 1829 3864 1900 subje.

626 1913 915 1966 admodum
950 1927 1165 1966 sacrum
1216 1912 1359 1965 illius
1415 1926 1611 1981 corpus
1659 1913 1710 1965 in
1751 1914 1950 1983 regiam
2008 1915 2194 1966 urbem

628 2003 949 2057 translatum
987 2001 1057 2055 sit
1088 2021 1102 2056 :
1132 2002 1231 2056 hoc
1261 2001 1407 2062 enim
1434 2002 1591 2055 nobis
1621 2004 1965 2072 potissimum
2000 2018 2195 2074 propo-

626 2108 909 2147 sneramus
950 2110 964 2159 ;
997 2092 1123 2147 licet
1174 2093 1224 2145 in
1275 2093 1396 2146 aliis
1439 2093 1599 2146 rebus
1639 2094 1988 2148 recensendis
2023 2096 2194 2149 simus

621 2184 912 2237 immorali.

1234 2320 1466 2377 CAPUT
1506 2322 1573 2376 ll.

618 2431 815 2503 Corpus
863 2435 1029 2487 sancti
1098 2432 1388 2503 Nicephori
1434 2450 1637 2504 magna.
1676 2437 2005 2490 solemnitate
2052 2435 2186 2492 Con-

1013 2507 1405 2573 stantinoiiolt'm
1439 2511 1779 2561 translatum.

694 2681 780 2737 10.
811 2680 1175 2751 Posteaquam
1221 2685 1384 2746 enim,
1420 2684 1676 2738 defuncto
1729 2684 2033 2756 Theophilo
2093 2690 2185 2758 (Γ),

622 2777 906 2845 imperium
937 2777 1004 2829 ad
1030 2776 1146 2845 ejus
1176 2791 1395 2831 uxorem
1428 2775 1768 2831 Theodoram
1807 2780 1906 2846 (g),
1936 2788 1992 2832 et
2018 2780 2186 2833 ﬁlium

621 2881 809 2920 eormn
844 2865 1159 2920 Michaelcm
1198 2867 1482 2920 admodum
1517 2869 1913 2923 adolescentem
1944 2872 2185 2926 delatum

619 2968 722 3018 est,
780 2958 833 3009 in
885 2956 1103 3026 pietatis
1151 2958 1389 3010 studium
1417 2974 1711 3028 curamque
1744 2962 1976 3014 maxime
2035 2964 2189 3016 incu-

622 3049 739 3099 buit
788 3048 1022 3112 femina;
1064 3064 1188 3101 vere
1222 3048 1311 3102 Dei
1339 3064 1565 3102 munere
1594 3054 1672 3118 (ut
1706 3067 1897 3107 nomen
1941 3052 2057 3120 ejus
2102 3054 2187 3106 in-

622 3138 787 3206 dicat)
819 3140 966 3203 data,
1002 3153 1066 3191 ex
1102 3139 1352 3192 omnibus
1384 3141 1658 3209 praeclaris
1690 3153 1744 3197 et
1796 3144 2014 3211 magnis
2052 3140 2185 3198 faci-

624 3228 869 3290 noribus,
925 3227 1123 3294 quibus
1176 3228 1448 3296 principes
1491 3230 1705 3298 probari
1756 3231 2185 3294 solcttt,nullttm

623 3319 966 3386 praestantius
1021 3319 1358 3382 existimans,
1391 3336 1499 3388 quo
1532 3323 1697 3374 tutius
1747 3323 1851 3375 sibi
1903 3323 2186 3388 imperium

619 3411 982 3471 conﬁrmaret,
1027 3419 1122 3462 aut
1157 3411 1365 3464 virilem
1406 3412 1456 3464 in
1496 3409 1729 3464 feminea
1766 3428 1993 3481 persona
2038 3414 2189 3468 forti-

622 3500 861 3552 tudinem
906 3507 1397 3568 cxcrceret,quam
1455 3500 1502 3554 si
1558 3501 1774 3567 pietatis
1806 3513 1858 3555 et
1916 3504 2189 3574 religionis

620 3585 768 3641 cultu
795 3585 960 3639 Deum
992 3587 1093 3640 sibi
1125 3589 1418 3657 propitiant
1451 3589 1724 3642 redderet.
1750 3590 1804 3644 ld
1840 3602 2017 3645 autem
2043 3595 2188 3647 nullo

621 3688 777 3745 pacto
830 3675 1039 3728 facilius
1079 3685 1171 3728 ant
1214 3674 1556 3729 commodius
1613 3691 1774 3744 posse
1829 3681 2183 3748 contingere,

618 3782 779 3834 quant
825 3765 868 3818 si
902 3764 1367 3832 perturbationem
1400 3766 1456 3818 in
1508 3764 1747 3819 Ecclesia
1792 3764 1996 3833 jamdiu
2042 3772 2189 3821 exci-

618 3861 1037 3921 tatamsedaret,
1071 3867 1124 3912 et
1148 3865 1360 3925 partem
1396 3857 1448 3910 in
1482 3856 1572 3911 illa
1618 3859 1813 3913 morbo
1844 3859 2185 3913 laborantem

620 3955 899 4003 ri-dnceret
951 3949 1018 4003 ad
1063 3950 1347 4004 sanitatem
1392 3965 1407 4003 :
1452 3958 1532 4015 ut,
1564 3951 1654 4018 qui
1700 3952 1842 4007 inter
1888 3967 1949 4007 se
1992 3954 2189 4007 animis

616 4050 794 4092 essent
825 4040 1136 4103 abalienati,
1158 4039 1577 4093 conciliarentur
1595 4049 1758 4109 atque
1801 4042 1940 4095 idem
1967 4044 2189 4099 omnino

617 4134 885 4186 sentirent
920 4149 933 4186 :
969 4133 1047 4186 sic
1073 4132 1218 4185 enim
1245 4130 1382 4195 fore,
1416 4142 1476 4186 ut
1506 4148 1629 4188 cum
1654 4150 1759 4189 una
1780 4145 1923 4188 esset
1945 4150 2186 4187 ommmn

616 4225 880 4278 sententia
903 4234 1068 4292 atque
1097 4224 1235 4277 idem
1262 4240 1477 4288 sensus,
1512 4240 1642 4281 vera
1672 4226 1995 4293 sinceraque
2029 4226 2182 4292 ﬁdes,

616 4317 979 4383 apostolorum
1018 4316 1349 4386 Patrumque
1393 4317 1655 4371 institutis
1696 4325 1954 4385 tanquam
1999 4317 2186 4372 solidis

618 4407 986 4462 fundamentis
1016 4408 1308 4472 inbazrens,
1340 4409 1494 4461 ﬁrma
1526 4416 1690 4476 atque
1736 4408 2028 4462 immobilis
2057 4424 2184 4463 con-

617 4511 930 4553 servaretur
956 4517 970 4551 :
1001 4509 1057 4553 et
1082 4500 1188 4553 sibi
1229 4500 1487 4567 deinceps
1511 4500 1718 4570 imperii
1751 4502 2070 4570 gubernatio
2098 4502 2174 4554 fa.

618 4591 737 4646 cilis
774 4607 836 4646 ac
865 4592 1167 4645 tolerabilis
1206 4605 1547 4659 permanere.

692 4681 777 4734 ll.
817 4680 938 4733 llzec
966 4680 1130 4747 igitur
1166 4694 1287 4734 cmn
1315 4680 1406 4733 illa
1433 4696 1555 4734 rere
1588 4682 1765 4735 animo
1807 4682 2080 4738 excellens
2116 4698 2181 4738 ac

615 4784 795 4828 tuente
834 4773 986 4826 fortis
1035 4772 1235 4841 ltegina
1285 4773 1499 4840 ingenio
1535 4788 1632 4828 suo
1693 4777 2082 4845 eXCOgitasset,
2126 4782 2181 4828 et

616 4864 897 4932 prudentia
942 4863 1375 4931 considerasset;
1430 4880 1485 4918 re
1543 4880 1662 4919 cum
1728 4866 1855 4930 illis,
1888 4867 1977 4935 qui
2023 4875 2185 4921 erant

616 4958 667 5008 in
704 4956 1017 5020 lttztglsll‘nlu
1055 4966 1102 5007 et
1146 4956 1405 5025 dignitate
1435 4958 1727 5022 constituti,
1758 4960 2178 5023 communicata,

604 5049 848 5100 accersit
874 5064 993 5099 cum
1036 5047 1165 5116 ipsis
1194 5064 1284 5102 cos
1319 5050 1408 5118 qui
1452 5050 1591 5103 inter
1630 5052 1922 5105 monachos
1954 5058 2180 5118 praesta-

616 5144 740 5194 bant
772 5179 786 5203 ,
852 5149 906 5193 et
963 5141 1025 5194 de
1065 5141 1353 5212 imaginum
1392 5141 1777 5195 instauratione
1826 5126 2179 5209 qntestioncm

685 5409 746 5478 (1)
773 5406 1144 5462 PostLeonem
1172 5413 1468 5463 Armennm
1496 5413 1556 5478 et
1590 5403 1908 5458 Michaelem
1931 5401 2177 5461 Balbum,

614 5476 718 5531 sub
766 5494 875 5548 quo
916 5478 1252 5547 Nil-ephorus
1312 5479 1421 5533 vita
1488 5476 1711 5548 iunctus
1770 5483 1886 5548 est,
1932 5483 2182 5548 regnarat

614 5542 947 5618 'l'hropltilns
982 5542 1127 5603 Balbi
1167 5548 1331 5609 ﬁlius,
1363 5546 1666 5601 exstinctus
1717 5543 1819 5596 sub
1861 5542 2021 5594 ﬁnem
2055 5542 2182 5593 anni

610 5620 703 5673 8H
741 5633 831 5676 aut
864 5621 1079 5675 initium
1112 5619 1419 5686 sequentis.

679 5692 750 5761 (gl
792 5696 845 5748 ὃ.
888 5681 1586 5761 Theodorei!imperati-icit;
1624 5681 2098 5761 Vitamndcdimns
2130 5698 2186 5761 xt

606 5753 918 5820 Februarii:
964 5765 1017 5817 in
1051 5775 1157 5830 qua
1213 5753 1496 5827 sequentia
1540 5757 1645 5809 late
1698 5753 2057 5825 explicantur,
2109 5755 2186 5807 uti

2296 1938 2460 1977 certtn
2473 1934 2482 1971 ι
2495 1961 2508 1976 ο

2366 2037 2451 2091 12.
2481 2036 2594 2103 Qua
2628 2037 2843 2105 quidem
2886 2036 3048 2090 celeri
3071 2044 3127 2089 et
3164 2034 3440 2103 insperata
3478 2050 3656 2088 rerum
3701 2051 3854 2091 com-

2295 2131 2615 2192 mutatione,
2645 2127 2903 2191 Joannes,
2926 2128 3017 2195 qni
3053 2138 3179 2189 tunc
3205 2128 3368 2194 impie
3398 2143 3594 2182 munus
3641 2129 3862 2197 pontiﬁ-

2290 2223 2435 2275 cium
2455 2221 2896 2280 administrabat,
2928 2228 3150 2287 stupore
3171 2232 3225 2273 et
3252 2221 3448 2273 mentis
3475 2220 3703 2289 caligine
3729 2226 3860 2288 εειρὲ

2294 2326 2399 2376 tus,
2422 2326 2611 2377 parum
2659 2310 2854 2375 abluit,
2891 2310 3023 2378 quin
3071 2311 3174 2363 sibi
3215 2311 3330 2377 ipse
3379 2326 3570 2371 manus
3621 2310 3856 2373 alIerret,

2293 2418 2628 2472 mortemque
2680 2403 3064 2456 conscisceret.
3103 2399 3198 2454 llic
3232 2401 3376 2453 enim
3422 2402 3646 2455 sceleris
3696 2411 3852 2467 caput

2289 2509 2343 2554 rt
2375 2512 2583 2553 summa
2621 2494 2798 2548 fuerat
2835 2493 2981 2564 :.qui
3016 2508 3137 2546 cum
3176 2493 3338 2562 impie
3365 2494 3610 2557 sentiret,
3634 2502 3686 2546 et
3714 2492 3855 2559 apud

2292 2594 2669 2658 imperatorem
2725 2590 3048 2643 auctoritate
3090 2594 3273 2655 posset
3321 2596 3478 2638 antea
3528 2586 3860 2653 plurimum,

2288 2694 2411 2729 enm
2456 2677 2750 2728 mendaciis
2781 2685 2837 2728 et
2902 2674 3043 2729 dolis
3093 2673 3431 2742 impudenter
3484 2672 3863 2727 inconsidera-

2291 2778 2448 2832 teqne
2471 2767 2740 2827 conﬁctis,
2771 2765 2824 2816 in
2860 2764 3490 2832 impietatisbarathrum
3526 2762 3859 2831 impellebat.

2290 2856 2365 2909 Eo
2407 2857 2569 2917 igitur
2595 2866 2813 2923 propter
2852 2852 3074 2921 ﬂagitia,
3103 2869 3222 2922 quae
3264 2854 3315 2906 in
3344 2853 3511 2907 Deum
3543 2854 3860 2914 admiserat,

2290 2962 2396 3003 uno
2438 2947 2679 3011 omnium
2719 2961 2987 3003 consensu
3024 2955 3078 2999 et
3126 2945 3339 2999 cunctis
3375 2955 3487 2998 tum
3533 2959 3860 3013 magnorqu

2290 3040 2674 3105 imperatorum
2709 3078 2724 3100 ,
2784 3046 2897 3090 tnm
2930 3038 3206 3090 -nniversi
3272 3046 3449 3091 coetus
3504 3038 3861 3092 ecclesiastici

2289 3130 2583 3199 snil'ragiis,
2641 3144 2881 3184 a-sacra
2936 3131 3066 3183 Sede
3120 3144 3242 3182 cum
3310 3129 3609 3197 ignominia
3660 3130 3857 3197 eiecto,

2212 3185 2258 3242 ς’
2290 3185 2597 3276 Methoudius
2612 3223 2690 3289 (It)
2724 3222 2804 3272 vir
2827 3230 2881 3274 et
2910 3222 3017 3273 vita
3051 3230 3105 3273 et
3129 3185 3375 3274 doctrina
3403 3221 3559 3275 valde
3580 3185 3856 3290 probatus,

2285 3325 2341 3369 et
2376 3314 2470 3382 qui
2527 3328 2624 3382 pro
2668 3314 2899 3367 veritate
2942 3322 2998 3365 et
3046 3311 3305 3381 religione
3362 3312 3628 3382 permulta
3677 3323 3857 3368 certa-

2287 3406 2432 3459 mina
2483 3417 2541 3459 et
2579 3403 2797 3473 longum
2845 3403 3097 3456 exsilium
3157 3402 3475 3469 pertulerat,
3520 3411 3687 3473 atque
3735 3405 3858 3459 inde

2287 3491 2459 3560 plagis
2492 3500 2549 3544 et
2594 3505 2820 3558 carcere
2862 3491 2955 3544 diu
2992 3491 3287 3544 cruciatus.
3317 3491 3575 3555 redierat,
3604 3493 3856 3561 omnibus

2284 3584 2340 3634 in
2397 3581 2661 3649 dignitate
2716 3583 3027 3636 constitutis
3101 3581 3528 3650 approbantibus
3562 3621 3579 3647 ,
3651 3584 3854 3641 electus

2286 3685 2405 3736 est,
2460 3676 2553 3742 qui
2605 3689 2815 3727 sacram
2868 3675 3068 3740 regina:
3128 3674 3342 3728 urbium
3384 3675 3629 3730 civitatis
3673 3677 3853 3731 sedem

2287 3768 2580 3822 obtineret.

2360 3858 2448 3909 t3.
2470 3855 2620 3910 'l'unc
2646 3855 2836 3911 Nicmze
2868 3857 3163 3910 secnmlum
3188 3856 3452 3912 divinitus
3480 3859 3711 3913 electum
3736 3873 3853 3913 san-

2296 3959 2441 4001 ctum
2469 3947 2863 4001 metunenicnm
2893 3949 3207 4012 concilium,
3235 3950 3377 4016 quod
3405 3948 3574 4003 lrena:
3593 3949 3654 4019 (ὁ)
3686 3951 3852 4019 impe-

2287 4039 2523 4103 ratricis,
2543 4053 2730 4092 verum
2752 4039 2819 4091 ab
2843 4041 2955 4107 ipsa
2987 4054 3121 4106 pace
3149 4054 3344 4094 nomen
3365 4042 3639 4103 habentis,
3673 4054 3728 4096 et
3750 4041 3850 4094 Ta-

2288 4130 2414 4183 rasii
2448 4130 2664 4181 maximi
2696 4129 3103 4197 beatissimiqne
3126 4131 3452 4198 patriarcha:
3504 4134 3686 4184 studio
3703 4134 3842 4184 cele-

2286 4222 2499 4275 hiatum
2514 4231 2624 4288 est,
2652 4223 2846 4275 merito
2876 4223 3087 4275 ﬁrmam
3113 4224 3350 4285 obtinuit
3378 4226 3755 4277 auctoritatem
3789 4237 3849 4276 ac

2288 4315 2482 4379 robur;
2515 4327 2643 4368 cum
2691 4327 2902 4378 omnes,
2937 4329 3079 4382 quae,
3121 4315 3228 4368 Deo
3284 4315 3587 4381 aspirante,
3635 4317 3687 4368 in
3738 4316 3851 4384 ipso

2285 4406 2527 4479 decreta.
2561 4404 2793 4481 fuerant,
2826 4406 3262 4469 comprobarent.
3311 4404 3464 4459 Tunc
3507 4422 3698 4459 omnes
3754 4406 3852 4458 Ec.-

2284 4498 2463 4553 clesia:
2494 4510 2648 4549 suum
2684 4497 2881 4563 ubique
2924 4496 3088 4549 decus
3122 4507 3466 4564 receperunt,
3495 4505 3549 4550 ct
3575 4497 3853 4550 venerabi-

2288 4589 2415 4641 limn
2465 4587 2757 4656 imaginum
2803 4588 3086 4656 splendore.
3120 4586 3338 4655 fuerunt
3394 4588 3854 4654 illiustrattczeje-

2290 4683 2499 4749 ctisque
2529 4680 2656 4743 illis,
2684 4679 2777 4748 qui
2828 4692 2925 4732 eas
2959 4676 3167 4732 nefarie
3203 4679 3630 4743 insectabantur,
3662 4694 3855 4734 sacer-

2291 4775 2443 4833 dotes
2477 4774 2528 4827 in
2558 4773 2731 4828 eisac
2762 4772 2947 4839 duces,
2984 4772 3114 4826 recti
3149 4771 3419 4841 dogmatis
3443 4772 3695 4837 studiosi,
3729 4780 3857 4826 sunt

2287 4865 2588 4920 constituti.

2361 4957 2450 5011 14.
2481 4954 2848 5022 Quadriennio
2875 4956 3036 5026 igitur
3067 4964 3189 5025 post
3265 4951 3667 5007 sacratissimus
3740 4952 3856 5005 Mo-

2287 5048 2524 5108 tbodius,
2568 5046 2750 5099 divino
2799 5049 2957 5115 plane
3014 5048 3208 5116 spiritu
3253 5046 3536 5117 impulsus,
3557 5054 3858 5115 Opportune

2292 5138 2679 5206 sapienterque
2759 5139 2998 5193 divinant
3056 5137 3456 5209 itnperatricem
3516 5136 3856 5192 Theodoram

2287 5412 2341 5456 et
2372 5404 2579 5457 scelera
2619 5401 2809 5456 Jattnis
2840 5418 2935 5458 seu
2958 5402 3184 5459 Joannis
3217 5403 3564 5473 patriarchae.

2361 5474 2433 5539 (hi
2502 5475 2735 5526 Snrtus
2763 5474 3066 5528 .llethodius
3113 5475 3309 5529 colitur
3344 5475 3407 5528 M
3438 5473 3607 5539 Junii,
3649 5481 3867 5529 creatus

2292 5546 2598 5611 patriarcha
2627 5560 2773 5596 anno
2800 5546 2925 5599 8.52.

2363 5614 2423 5681 ti)
2457 5615 2719 5667 ()olnntur
2740 5625 2925 5668 sancta
2965 5614 3116 5669 [rene
3156 5615 3471 5685 imperatrix
3500 5616 3568 5673 15
3617 5613 3867 5685 Augusti,

2293 5692 2346 5737 ct
2373 5694 2591 5739 sanctus
2617 5684 2872 5739 'l‘arasins
2893 5686 2963 5739 25
2994 5684 3295 5741 Februarii.
