4086 6344
276 335 384 402 165

1802 341 1991 403 VITA.

3421 345 3521 410 166

280 449 599 512 admomtit,
645 461 750 501 non
787 463 912 504 esse
953 463 1020 503 ex
1055 449 1267 518 impetii
1321 458 1374 507 et
1419 452 1645 521 reipubl.
1692 452 1863 520 tligni—
1894 458 1935 511 Α
1969 468 2088 505 cum
2122 451 2455 506 cotuslituuat
2481 469 2583 505 nou
2623 452 2907 506 italu-Mem
2939 455 3200 507 maculam
3239 474 3409 523 neque
3428 476 3522 513 rn-

284 532 416 603 tatc,
454 538 599 607 quod
628 524 972 593 venerandus
1010 548 1064 592 et
1096 539 1239 593 inter
1267 538 1602 609 patriarchas
1632 541 1856 595 illustris

279 633 647 701 Nirephorus,
670 630 762 699 qui
814 638 911 697 pro
940 629 1186 698 gloriosa:
1225 631 1558 701 sinceraque
1595 630 1717 691 lldei
1759 632 1854 686 de-

282 718 530 776 tensioue
584 735 614 774 a
673 734 829 774 sacra
888 721 1015 774 sede
1080 720 1374 788 depulsus,
1433 720 1485 775 in
1542 721 1855 790 longissimo

290 812 483 867 exsilio
526 809 819 866 defunctus
868 819 1008 874 erat,
1056 811 1421 881 negligeretur
1483 830 1497 867 :
1565 813 1659 866 sed
1704 814 1852 867 omni

288 902 466 957 studio
502 902 802 955 curandum
840 915 980 965 esse,
1016 910 1077 956 ut
1096 884 1347 958 divinum
1379 917 1572 972 corpus
1596 890 1761 974 ipsius
1800 906 1852 959 in

281 994 562 1046 civitatem
608 1001 1002 1060 reportaretur.
1034 992 1284 1062 Alioquin
1334 994 1528 1064 ingrati
1563 996 1727 1048 animi
1770 995 1853 1048 vi-

279 1085 438 1149 tium,
466 1082 661 1151 inquit,
689 1097 794 1136 non
824 1072 1167 1144 evitabimus.
1198 1083 1245 1137 sl
1285 1092 1408 1151 post
1435 1094 1665 1138 mortem
1689 1085 1851 1136 etiam

278 1178 456 1242 ipsum
504 1174 558 1226 in
586 1172 801 1236 exsilio,-
851 1180 1105 1241 tanqttam
1159 1172 1282 1240 jure
1342 1174 1679 1239 damnatum,
1725 1175 1853 1228 relic

279 1264 564 1330 querimus
595 1282 610 1317 :
650 1263 950 1332 prmaertim
979 1277 1099 1315 cum
1132 1278 1240 1317 non
1276 1263 1592 1333 ignoremus
1634 1279 1729 1318 eos
1761 1266 1851 1334 qui

280 1371 344 1408 ex
404 1360 603 1423 genere
657 1362 816 1407 erant
863 1351 1093 1423 Joseph,
1142 1354 1194 1407 iu
1258 1354 1646 1410 benedictionis
1702 1365 1855 1424 parte

283 1440 550 1508 posuisse,
590 1449 648 1494 ut
695 1440 869 1508 patris
915 1455 1037 1494 ossa
1093 1450 1213 1510 post
1277 1443 1697 1514 quadringentos
1744 1443 1856 1500 fere

279 1546 453 1585 annos
492 1546 554 1585 ex
612 1530 850 1602 Egypto
893 1532 945 1585 in
1007 1531 1422 1588 Ch‘ananitidem
1474 1544 1851 1605 exportarent.

274 1624 430 1689 Quod
478 1639 599 1678 cmn
648 1624 721 1678 ita
765 1623 856 1687 sit,
890 1638 1008 1688 nos,
1036 1624 1130 1694 qui
1195 1639 1385 1680 smnus
1451 1626 1672 1695 pietatis
1736 1628 1852 1693 lilii,

279 1715 481 1768 diutius
543 1714 741 1784 privari
771 1716 1039 1784 patiemur
1070 1717 1248 1771 Patris
1298 1717 1445 1772 illius
1477 1719 1787 1786 praesentia,
1820 1733 1849 1772 a

1956 557 2094 608 gain,
2132 544 2343 610 qualem
2373 543 2479 595 tuis
2513 552 2756 595 ornatam
2786 553 2835 596 ct
2861 543 3228 597 conﬁrmatam
3264 546 3524 601 institutis

1960 634 2248 702 reliquisti.
2281 635 2481 703 Aspice
2527 644 2579 689 et
2611 635 2729 687 vide
2755 646 3106 705 congregatos
3143 635 3302 698 lilios,
3331 637 3422 706 qui
3454 654 3519 692 es

1957 723 2258 791 propinquo
2288 730 2573 785 venerunt,
2609 736 2731 774 cum
2760 722 2949 791 reliqui
2981 724 3164 789 procul
3185 732 3332 774 tuum
3364 725 3429 775 ad
3465 740 3523 776 tu:

1959 813 2192 873 reditum
2225 822 2540 881 exspectent
2575 828 2589 866 :
2621 826 2757 881 quos
2793 820 2869 875 tu,
2905 813 3049 865 velut
3094 814 3389 881 orplianos,
3414 815 3522 867 noli

1956 913 2043 956 tua
2097 912 2390 957 tumrentes
2433 903 2677 957 absentia
2728 901 3055 971 relinquere.
3090 902 3291 958 Ilalicat
3333 905 3525 958 civitas

1960 1004 2047 1046 tua
2084 993 2200 1048 loco
2243 995 2486 1048 muneris
2529 994 2901 1063 pretiosissimi
2960 1004 3105 1048 tunm
3154 996 3522 1049 beatissimum

1959 1084 2386 1148 tabernaculum,
2411 1099 2518 1155 quo
2552 1084 2720 1152 magis
2747 1099 2907 1154 quam
2936 1087 3147 1156 imperii
3179 1087 3526 1155 amplitudine

1957 1185 2146 1228 ornata
2177 1176 2445 1249 glorietur
2482 1185 2536 1228 ct
2569 1177 2822 1246 gaudeat.

2031 1309 2119 1365 16.
2157 1309 2282 1365 ll:cc
2311 1326 2444 1365 voce
2470 1308 2633 1365 ﬂebili
2674 1312 2980 1382 supplicans
3003 1314 3399 1366 sacratis-simus
3433 1332 3525 1383 pa-

1958 1404 2191 1457 triarcha
2222 1403 2546 1466 Methodius,
2573 1414 2897 1459 nocturnum
2943 1405 3274 1470 psalmorum
3308 1418 3522 1458 cautum

1957 1503 2011 1548 et
2057 1493 2342 1565 mysticqu
2396 1494 2721 1548 sacrilicium
2763 1511 2887 1548 cum
2929 1496 3126 1566 populo
3176 1495 3316 1549 lidelt
3358 1498 3522 1564 perli-

1957 1586 2130 1648 cicns,
2181 1582 2496 1652 praeclarum
2547 1598 2579 1640 ο
2620 1584 2825 1639 tumqu
2869 1600 3065 1655 corpus
3128 1585 3345 1648 retexit,
3381 1586 3523 1657 quod

1959 1674 2292 1745 undeviginti
2330 1689 2595 1730 annorum
2642 1675 3130 1745 spatiointegrum
3167 1678 3386 1730 omnino
3427 1694 3526 1746 pu-

275 1822 383 1874 quo
413 1806 610 1860 divinis
634 1807 1209 1861 documentisenutriti
1234 1809 1457 1863 sumus?
1481 1808 1602 1864 llaec
1635 1810 1849 1878 quidem
1883 1793 1926 1848 Β
1959 1774 2696 1878 ff"???{TI‘fe'TffﬁK‘
2735 1767 3522 1878 ῗΪῗῗῘῨῗζνὛ,ξθξῗῖῗῗῗξθῗῗῗ

276 1897 542 1959 omnium,
569 1910 705 1964 quas
754 1896 993 1950 intuetur
1038 1897 1140 1960 sol,
1164 1898 1374 1951 urbium
1403 1900 1853 1967 praestantissima

276 1997 333 2045 et
388 1989 536 2059 regia
592 1989 810 2051 civitas,
865 1989 1010 2043 sacri
1065 1990 1219 2045 ducis
1267 2000 1427 2059 atque
1479 1995 1715 2062 pastoris
1771 1995 1853 2049 sui

280 2080 548 2149 reliquias
595 2089 814 2135 sanctas
849 2081 1144 2146 desiderat,
1174 2096 1309 2149 quas
1335 2083 1423 2151 pie
1460 2094 1752 2139 conservet
1799 2093 1855 2139 et

276 2171 444 2225 colat.
465 2164 659 2239 Spo’nsi
683 2170 765 2223 sui
796 2171 1086 2239 praesentia
1115 2170 1327 2225 fruatur
1363 2188 1577 2227 rursum
1611 2173 1851 2232 Ecclesia

283 2262 455 2329 ipsius
489 2260 882 2326 amantissima,
908 2268 1086 2330 etquo
1119 2260 1611 2329 vivoinjustissima
1634 2263 1857 2331 impera.

287 2352 419 2405 toris
451 2367 610 2405 manu
657 2353 885 2422 spoliata
916 2352 1041 2416 fuit,
1079 2354 1276 2407 mortui
1323 2368 1545 2423 corpus,
1580 2364 1857 2410 annuente

279 2443 520 2498 studiosa
548 2446 782 2513 pastoris
808 2445 1179 2515 imperatrice,
1218 2446 1633 2517 complectatur.
1664 2448 1857 2503 Cernis

276 2534 728 2600 quemadmodum
760 2534 1130 2615 hic‘populns,
1158 2538 1250 2605 qui
1281 2552 1380 2606 per
1428 2546 1480 2591 te
1511 2552 1737 2593 securus
1795 2541 1849 2594 in

276 2638 403 2678 vera
438 2624 702 2694 religione
744 2625 1102 2695 conquiescit,
1141 2627 1444 2681 incredibili
1504 2630 1682 2689 studio
1735 2637 1857 2699 post

278 2725 505 2770 mortem
540 2717 700 2770 etiam
733 2731 920 2772 vocem
956 2718 1071 2786 ejus
1104 2718 1293 2773 audire
1328 2719 1380 2772 in
1412 2719 1606 2788 spiritu
1654 2736 1853 2776 concu-

278 2808 471 2878 piscit?
500 2807 653 2875 Quod
678 2810 723 2862 si
754 2810 1161 2866 tabernaculum
1190 2810 1309 2880 ejus
1343 2819 1553 2865 tantum
1586 2812 1653 2866 ad
1677 2828 1734 2866 se
1764 2829 1850 2867 re-

278 2900 443 2953 latum
497 2901 792 2969 aspexerit,
823 2916 882 2956 se
924 2902 1073 2957 illum
1112 2903 1285 2972 ipsum
1339 2903 1606 2972 recepisse
1643 2905 1854 2974 spiran-

280 2998 385 3044 tem
435 2992 792 3058 existimabit,
826 3002 879 3048 el
922 3003 1176 3069 tanquam
1236 2998 1549 3051 thesaurum
1610 2998 1850 3068 aliquem

279 3084 729 3150 pretiosissimum
757 3086 1014 3141 recondet
1039 3096 1091 3142 et
1123 3088 1452 3143 ohservahit.
1479 3087 1573 3143 llis
1604 3092 1851 3159 precibus

278 3184 333 3230 ct
364 3176 826 3232 cohortationibus
842 3178 1130 3249 celerrimo
1173 3195 1234 3233 ac
1258 3180 1850 3255 libentissitnc‘inclyta

280 3269 469 3321 annuit
512 3269 823 3337 imperatrix
869 3288 882 3324 :
918 3264 1263 3339 Perspicuum
1314 3282 1398 3326 est
1435 3275 1602 3336 enim,
1655 3274 1848 3343 inquit,

281 3360 384 3415 hoc
414 3362 551 3428 apud
600 3376 789 3418 onmes
828 3374 1076 3434 posteros
1104 3376 1158 3418 et
1193 3365 1323 3419 mihi
1384 3374 1437 3419 et
1483 3364 1668 3420 liberis
1716 3366 1852 3420 meis

282 3450 474 3505 honori
508 3454 773 3510 futurum.

360 3536 448 3599 i5.
491 3542 643 3600 Tunc
675 3560 830 3599 sacer
864 3545 1103 3599 civitatis
1127 3546 1374 3610 antistes,
1409 3561 1530 3600 cum
1560 3546 1854 3600 sacerdoti-

286 3638 388 3689 bus
434 3647 489 3689 et
540 3639 820 3701 monachis
872 3639 1235 3707 universeque
1296 3640 1515 3707 populo.
1545 3640 1610 3691 ad
1666 3640 1849 3695 8³ηοιί

289 3727 556 3781 Theodori
606 3730 859 3798 templum
909 3731 1139 3793 accedit,
1186 3731 1239 3783 in
1288 3747 1393 3798 quo
1446 3731 1618 3798 gratia
1684 3732 1853 3798 picum

289 3818 532 3887 reliquiis
576 3818 849 3888 jacehant,
875 3834 1078 3889 easque
1126 3836 1248 3875 cum
1282 3820 1630 3873 veneratione
1675 3830 1731 3874 et
1778 3820 1852 3874 la-

281 3911 484 3982 crymis
538 3912 922 3980 complectens,
954 3922 1210 3981 tanquam
1258 3923 1509 3966 sanctum
1553 3912 1728 3981 ipsum
1774 3913 1855 3965 vi-

280 4009 493 4055 ventem
528 4002 607 4055 sic
628 4002 899 4058 allocutus
928 4011 1011 4057 est
1047 4020 1061 4057 :
1092 4002 1137 4058 0
1164 4004 1249 4057 vir
1269 4002 1600 4067 beatissime,
1632 4005 1721 4071 qui
1746 4005 1850 4059 cis-

280 4093 398 4147 dem
433 4093 709 4148 laboribus
741 4104 795 4149 et
828 4096 1334 4165 mrumnis,-quibus
1364 4104 1586 4149 sanctus
1612 4093 1849 4151 Joannes

279 4184 728 4255 Chrysostomus,
767 4184 991 4240 allectus
1029 4201 1110 4250 es,
1143 4187 1284 4241 sicut
1327 4188 1517 4241 eodem
1572 4187 1850 4257 religionis

278 4275 462 4327 studio
522 4285 575 4327 et
654 4274 868 4328 dicendi
947 4273 1195 4327 libertate
1255 4276 1576 4343 praestabas;
1648 4275 1849 4344 quique

280 4366 483 4433 pariter
501 4374 553 4419 et
582 4366 707 4419 Sede
730 4366 991 4434 privatus,
1019 4374 1071 4418 et
1098 4365 1356 4420 multatus
1386 4366 1594 4428 exsilio,
1624 4376 1675 4419 et
1705 4366 1844 4419 idem

280 4457 497 4523 triginta
559 4459 719 4510 trium
780 4471 1044 4511 annorum
1124 4458 1353 4525 spatium
1415 4458 1655 4511 extorris
1733 4467 1921 4524 tumn

276 4546 434 4598 vivus
468 4556 575 4598 tmn
630 4556 871 4598 mortuus
923 4547 1227 4615 transegisti
1262 4564 1274 4599 :
1322 4562 1462 4599 nunc
1500 4557 1550 4600 te
1586 4548 1739 4601 nobis
1771 4549 1843 4601 tui

277 4636 667 4689 amantissimis
721 4635 982 4698 restitue,
1035 4646 1195 4705 atque
1247 4637 1372 4690 hinc
1424 4636 1727 4703 discedens,
1777 4640 1843 4691 ad

278 4726 494 4793 propria
545 4728 680 4788 redi,
723 4736 781 4779 ut
836 4737 887 4781 te
922 4743 1087 4789 nunc,
1124 4737 1178 4779 ttt
1216 4727 1389 4796 ipsum
1436 4728 1586 4793 olim,
1619 4728 1845 4796 populus

282 4816 355 4868 tui
388 4819 821 4873 studiosissimus
857 4834 978 4872 cum
1012 4818 1208 4888 gaudio
1262 4819 1539 4887 suscipiat.
1566 4817 1684 4873 Tibi
1714 4820 1845 4874 alie-

278 4921 376 4960 nus
420 4924 447 4959 a
490 4908 596 4960 Deo
624 4909 914 4978 imperator
960 4892 1161 4963 lviveuti
1202 4910 1514 4964 adversatus
1562 4922 1643 4963 est
1681 4920 1731 4963 et
1793 4922 1844 4965 te

276 4999 307 5048 i:
334 5000 677 5054 considerate
719 5002 786 5054 ab
828 5001 1066 5055 Ecclesia
1111 5002 1313 5071 depulit
1348 5018 1361 5054 :
1400 5003 1491 5054 sed
1533 5001 1719 5070 dignas
1765 5002 1844 5052 ln-

277 5105 401 5141 rore
442 5104 540 5143 suo
581 5105 772 5157 pmnas
800 5093 964 5158 dedit,
993 5094 1409 5162 miserandoque
1435 5096 1579 5145 exitu
1620 5094 1843 5161 imperio

275 5180 439 5232 simul
484 5192 536 5234 et
567 5182 673 5234 vita
706 5184 949 5249 privatus
989 5192 1093 5245 est,
1127 5184 1474 5253 audacimque
1526 5199 1636 5237 sua:
1665 5185 1840 5236 debita

274 5271 494 5339 prmmia
530 5270 670 5325 tulit.
707 5271 876 5328 Hodie
913 5274 1285 5343 imperatores,
1325 5274 1433 5327 Deo
1476 5283 1692 5342 propter
1725 5292 1838 5329 mo-

278 5376 395 5413 rum
440 5363 693 5430 pietatem
746 5365 1077 5431 charissimi,
1109 5377 1321 5419 mortuo
1367 5365 1662 5420 Ecclesiam
1720 5371 1840 5421 red-

276 5451 436 5515 duut,
470 5468 656 5523 quam,
689 5464 747 5507 ut
793 5455 885 5508 lilii
943 5472 1040 5524 per
1102 5457 1446 5527 Evangeliqu
1498 5457 1696 5524 cll‘ecti,
1730 5474 1842 5512 tue-

349 5630 415 5693 til
450 5632 504 5682 lu
538 5630 755 5685 Mentiris
792 5631 993 5685 Gracis
1017 5632 1254 5693 additur,
1288 5633 1344 5689 S.
1373 5634 1602 5701 Sophim.

1955 1869 2009 1912 et
2048 1857 2388 1911 sacerdotum
2444 1855 2691 1911 manibus
2739 1856 3036 1919 sublatum,
3071 1872 3191 1911 cum
3231 1857 3525 1911 luminibus

1955 1959 2009 2003 et
2068 1949 2333 2017 frequenti
2385 1949 2715 2018 psalmorum
2757 1958 2918 2002 cantu
2971 1949 3025 2001 iu
3090 1950 3265 2002 navim
3314 1950 3379 2001 ad
3425 1950 3526 2003 hoc

1960 2049 2204 2109 paratam
2226 2039 2433 2093 illatum
2457 2048 2562 2094 est.
2584 2038 2690 2093 Sed
2714 2052 2836 2092 cum
2865 2038 3062 2092 fretum
3109 2038 3438 2104 traiecisset,
3473 2048 3528 2093 et

1958 2133 2026 2185 ad
2082 2130 2234 2185 urbis
2285 2130 2436 2183 littus
2497 2129 3008 2198 appropinquasset,
3036 2126 3265 2181 Michael
3315 2129 3528 2193 juvcuis

1960 2219 2053 2274 Dei
2102 2235 2229 2273 cura
2293 2220 2610 2287 imperator.
2669 2225 2722 2270 et
2781 2217 3131 2284 atuplissimis
3179 2218 3529 2283 dignitatibus

1961 2320 2278 2382 praestantes
2325 2310 2446 2372 viri,
2490 2320 2545 2363 et
2610 2309 2844 2379 patricii,
2900 2319 2953 2363 et
2986 2308 3174 2376 reliqui
3204 2310 3372 2372 cives,
3422 2310 3528 2363 lacti

1959 2404 2217 2471 facesque
2276 2403 2524 2457 manibus
2569 2412 2835 2466 tenentes,
2862 2402 3077 2457 obviam
3124 2414 3524 2470 processerunt,

1959 2506 2015 2550 et
2055 2510 2234 2549 arcam
2268 2495 2411 2547 illam
2446 2493 2737 2563 pretiosam
2769 2508 2891 2547 cum
2940 2492 3043 2547 lide
3079 2508 3142 2547 ac
3182 2494 3527 2549 veneratione

1958 2585 2197 2641 humeris
2214 2584 2326 2639 suis
2355 2587 2670 2648 subeuntes,
2694 2584 2758 2637 ad
2782 2583 3027 2652 Magnam
3055 2599 3223 2653 usque
3245 2592 3526 2651 gestaruut

1957 2677 2263 2736 ecclesiam.
2296 2691 2359 2731 ex
2390 2692 2492 2746 qua
2529 2678 2619 2746 (j),
2651 2677 2923 2744 pnntilicia
2951 2676 3217 2746 dignitate
3240 2677 3522 2746 spoliatus,

1955 2768 2162 2837 eiectus
2192 2768 2386 2824 fuerat.
3290 2784 3313 2811 ι

2028 2883 2114 2935 17.
2152 2880 2280 2935 lude
2307 2896 2543 2945 rursum,
2588 2880 2822 2935 assiduis
2882 2880 3010 2935 item
3059 2882 3269 2935 diurnis
3300 2898 3521 2937 ιοειιιτο

1956 2974 2148 3043 nisque
2202 2973 2534 3042 psalmorum
2600 2973 2851 3027 cantibus
2905 2974 3139 3028 vicissim
3197 2985 3432 3033 utentes.
3470 2985 3525 3028 ct

1956 3082 2078 3119 cum
2140 3065 2285 3119 omni
2353 3065 2614 3118 lttminum
2657 3079 2856 3135 genere
2899 3080 2995 3133 per
3062 3066 3294 3119 mediam
3338 3066 3521 3119 κώμη.

1880 3143 1920 3195 C
1958 3154 2130 3222 ipsum
2154 3162 2452 3220 gestantes.
2476 3154 2526 3206 in
2553 3152 2879 3206 Sanctorum
2908 3152 3289 3220 Apostolorum
3321 3158 3523 3224 templo

1955 3244 2311 3298 collocarunt.
2353 3242 2529 3296 'l‘anta
2556 3254 2737 3297 autem
2778 3246 3291 3298 eratcoucttrrenlis
3338 3247 3519 3314 populi

1955 3334 2197 3388 virorum
2232 3344 2286 3389 et
2316 3315 2641 3386 feminarum
2674 3342 2836 3402 atque
2869 3344 3086 3387 aetatum
3122 3335 3362 3387 omnium
3386 3338 3524 3388 mul-

1954 3425 2146 3489 titudo,
2178 3433 2237 3477 ttt
2275 3425 2545 3477 numerari
2579 3441 2682 3477 non
2739 3433 2943 3494 possiet.
2993 3425 3048 3479 lu
3083 3425 3239 3479 biviis
3281 3427 3423 3479 cuitu
3470 3438 3523 3479 ct

1955 3516 2274 3585 porticubus
2331 3515 2738 3584 premebantur,
2793 3526 2847 3569 et
2888 3517 3087 3585 ubique
3122 3533 3217 3586 per
3259 3519 3363 3570 vim
3418 3520 3520 3572 sibi

1953 3610 2156 3662 cxitmu
2219 3609 2486 3676 parabant
2526 3626 2539 3662 :
2572 3608 2705 3662 adeo
2737 3616 2813 3672 ut,
2850 3610 3099 3677 quamvis
3126 3610 3305 3663 multa:
3350 3626 3518 3677 prop-

1957 3709 2038 3752 ter
2080 3699 2436 3767 imperatores
2480 3708 2534 3752 et
2599 3700 2909 3752 sacerdotes
2961 3699 3126 3752 variis
3187 3702 3524 3768 letttpm'ibtts

1955 3790 2299 3842 celebritates
2328 3788 2661 3850 exstiterint,
2687 3789 2830 3843 nulla
2873 3799 3054 3843 tamen
3090 3804 3213 3842 cum
3258 3791 3359 3842 hac
3391 3808 3523 3844 con-

1955 3879 2083 3933 ferri
2164 3889 2345 3948 qtteat.
2418 3879 2673 3934 Nonnulli
2740 3881 2904 3935 etiam
2977 3882 3029 3934 iu
3094 3881 3177 3933 via
3239 3883 3522 3950 spiritibus

1955 3967 2247 4021 immundis
2289 3950 2492 4032 vexaii,
2532 3969 2657 4021 dum
2719 3970 2787 4022 ab
2836 3972 2955 4025 aliis
3002 3972 3516 4039 cdtupritnt-reutur,

1955 4059 2292 4115 miserandas
2341 4072 2505 4129 atque
2570 4059 2865 4116 maledicas
2910 4076 3072 4117 voces
3118 4064 3435 4118 emittebant
3502 4086 3516 4122 :

1954 4166 2181 4219 quorum
2222 4167 2253 4204 e
2312 4165 2540 4206 numero
2575 4151 2801 4221 quidam
2864 4153 2933 4208 ab
2994 4153 3109 4223 ipso
3142 4157 3317 4209 curati
3370 4167 3516 4211 sunt.
3568 4202 3583 4217 ,

1953 4241 2136 4308 Populi
2172 4241 2336 4305 igitur
2388 4241 2590 4311 impetu
2626 4241 2711 4296 vix
2753 4241 2976 4303 evitato,
3032 4252 3278 4297 sanctmu
3330 4245 3517 4299 eximii

1952 4333 2278 4402 patriarcha:
2344 4348 2541 4405 corpus
2612 4335 2665 4389 in
2732 4334 3086 4391 celeberrimo
3137 4335 3517 4405 Apostolorum.

1957 4424 2175 4493 templo,
2199 4427 2371 4480 sacris
2409 4426 2681 4497 mysteriis
2730 4425 2840 4480 Deo
2873 4429 3130 4497 peractis,
3165 4427 3216 4481 iu
3271 4429 3519 4496 sepulcro

1955 4532 2146 4573 recens
2168 4526 2481 4573 constructo
2508 4520 2757 4573 manilius
2807 4519 2978 4588 ipsius
3005 4518 3260 4575 Methodii
3290 4536 3513 4590 compoo

1952 4608 2114 4662 situm
2142 4618 2248 4671 est,
2271 4609 2430 4664 tertio
2469 4608 2594 4662 ldus
2618 4609 2793 4663 Martii
2829 4607 3050 4679 (k),quo
3086 4611 3300 4680 quidem
3330 4612 3415 4666 die
3463 4613 3515 4667 in

1951 4698 2204 4753 exsiliqu
2234 4701 2396 4753 etiam
2429 4698 2634 4766 ejectus
2665 4698 2933 4766 luerat,ut
2953 4710 3182 4768 utraque
3219 4718 3277 4759 re
3302 4705 3374 4758 sit
3403 4720 3512 4759 me-

1952 4789 2249 4849 morabilis.

2027 4915 2248 5001 18.1%}
2304 4924 2507 4982 autem,
2554 4933 2588 4972 o
2639 4917 2861 4972 Patrum
2920 4920 3285 4986 sanctissime,
3344 4939 3377 4977 ο
3427 4939 3516 4976 sa-

1950 5022 2166 5063 crorum
2216 5024 2524 5077 praeconum
2570 5010 2768 5074 decus,
2807 5010 2896 5077 qtti
2928 5010 3072 5081 digni
3114 5013 3239 5067 facti
3296 5028 3514 5077 suuuts,

1954 5110 2011 5151 ut
2063 5108 2114 5153 te
2156 5108 2212 5153 et
2268 5107 2582 5155 terrestrem
2639 5099 2963 5156 haberemus
3015 5102 3186 5156 civem
3245 5112 3297 5157 et
3356 5104 3518 5155 θωπε-

1950 5198 2087 5243 stem
2148 5191 2286 5259 apud
2333 5189 2502 5245 Deum
2556 5191 2994 5255 intercessorem,
3031 5192 3096 5245 ad
3147 5208 3328 5247 arcam
3371 5203 3515 5246 tuam

1948 5291 2069 5330 cum
2102 5277 2373 5332 desiderio
2413 5278 2740 5343 accedimus,
2782 5294 3013 5348 eantque
3054 5295 3176 5333 cum
3236 5282 3381 5335 omni
3430 5293 3516 5333 ve-

1949 5368 2230 5423 neratione
2284 5369 2728 5438 complccteutes,
2780 5372 2880 5425 has
2926 5372 3019 5425 tiui
3071 5386 3232 5425 voces
3282 5371 3513 5426 ell'undi-

1950 5474 2069 5512 nms
2105 5475 2119 5512 :
2152 5458 2197 5513 Ο
2222 5460 2532 5515 sublimium
2557 5472 2612 5517 et
2646 5479 2971 5519 arcanorum
2996 5466 3374 5537 mysteriorum
3408 5466 3517 5520 ins-

342 5701 419 5770 (k)
444 5702 678 5756 Additur
726 5702 777 5771 ip
810 5704 1011 5756 eisdem
1070 5703 1326 5758 Nemnis:
1377 5723 1395 5756 ι
1444 5706 1530 5758 ubi
1581 5706 1948 5761 anniversaria
1983 5703 2100 5774 ejus
2131 5706 2394 5760 memoria
2432 5707 2732 5776 peragitur.
2769 5726 2791 5762 ι
