4086 6344
602 355 701 422 167
1595 350 1655 408 S.
1697 347 2118 408 NICEPHORI
2159 347 2173 406 ]

2280 345 2681 431 mancus.
2722 345 2824 403 cr.

3753 341 3865 403 168

603 476 790 535 pector
825 472 878 516 et
936 459 1368 527 contemplator;
1425 471 1459 510 ο
1490 457 1656 510 divini
1703 466 1966 523 aspectus
2016 465 2175 522 atque
2206 460 2252 515 Α
2283 466 2389 508 tem
2422 454 2691 516 instituta,
2725 451 2892 504 variis
2920 449 3147 504 inlibris
3191 465 3222 503 a
3271 459 3324 503 te
3381 448 3572 504 relicta
3621 449 3863 521 perlegi-

602 550 912 624 splendoris
943 548 1115 617 gloria
1139 548 1354 603 abunde
1397 555 1614 615 propter
1648 545 1846 599 mentis
1881 545 2176 612 puritatem

608 643 906 706 illustrate;
933 655 966 693 ο
992 639 1432 708 patriarcharum
1457 647 1618 706 atque
1642 637 1954 705 pontiﬁcum
1997 637 2177 690 socie-

607 731 733 784 tatis
795 727 1084 797 particeps,
1113 726 1204 795 qui
1257 726 1576 780 et~nomine
1612 734 1667 779 et
1724 739 1792 782 re
1845 723 2006 778 simul
2050 739 2174 778 cunt

605 817 715 871 illis
743 815 990 868 victoriae
1013 812 1290 882 .prareonia
1323 821 1379 867 et
1406 812 1652 882 prannia,
1682 814 1941 867 :erumnis
1970 821 2024 868 et
2076 828 2169 880 pe-

607 903 796 959 riculis
819 902 1113 970 superatis,
1156 901 1448 970 percepisti
1480 915 1496 954 :
1525 900 1742 970 suscipe
1775 901 2002 971 benigne
2058 902 2172 956 sin-

606 999 716 1054 ceri
738 998 916 1052 cordis
946 1010 1071 1065 erga
1125 1004 1179 1049 te
1236 994 1394 1048 ﬁdem
1422 1003 1478 1049 et
1503 992 1868 1057 aﬂectionem,
1903 990 2172 1046 vicissitu-

604 1104 707 1158 que
735 1098 855 1142 tuas
879 1101 980 1154 pro
1006 1085 1168 1140 nobis
1193 1085 1262 1140 ad
1320 1083 1488 1139 Deum
1517 1099 1684 1154 puras
1715 1093 1999 1151 casusque
2042 1097 2172 1150 pre-

602 1193 692 1233 ces
716 1179 914 1232 exhibe
963 1194 979 1231 :
1021 1184 1080 1230 ut
1138 1174 1385 1230 Ecclesia
1438 1182 1634 1229 sancta
1681 1175 1734 1227 iu
1787 1171 2175 1241 tranquillitate

599 1280 870 1335 versetur,
899 1280 955 1323 et
986 1268 1352 1336 ﬁdesintegra
1381 1266 1740 1322 custodiatur.
1769 1264 1823 1318 In
1849 1273 2173 1334 perpetuunt

602 1361 760 1415 nobis
805 1361 976 1415 Deum
1011 1345 1308 1430 propitium
1356 1358 1544 1424 redde,
1575 1367 1630 1412 et
1664 1371 1782 1419 nos,
1830 1356 1923 1426 qui
1977 1355 2174 1426 jucun-

603 1452 828 1508 dissima
865 1461 951 1508 tua
988 1458 1364 1520 monumenta,
1396 1451 1489 1526 qui
1537 1448 1898 1526 pulcherrirna
1936 1447 2002 1504 ad
2036 1447 2173 1509 salu-

2282 557 2427 608 tnus,
2467 541 2523 595 in
2570 550 2715 596 recta
2751 541 3064 612 dogtnntutn
3106 539 3350 594 doctrina
3383 541 3572 594 ﬁrmos
3605 542 3860 596 itnntobi-

2281 630 2469 698 lesque
2508 643 2778 684 conserva
2833 639 2888 684 et
2933 629 2987 682 iu
3015 629 3163 683 omni
3225 639 3531 700 temporum
3585 631 3860 689 varietate

2279 729 2635 778 constantes:
2684 731 2742 776 ut
2783 737 3001 780 omnem
3061 721 3323 788 reliquam
3377 723 3543 776 vitam
3603 724 3861 791 exemplo

2281 825 2373 869 tuo
2398 824 2587 870 sancte
2649 813 3038 882 transigaruus,
3095 822 3154 867 nt
3195 813 3306 869 Deo
3364 813 3516 868 cbari
3575 815 3768 879 simus,
3801 825 3861 870 et

2275 905 2574 974 .quajustis
2604 905 2866 973 promissa
2898 914 3046 969 sunt,
3072 905 3213 960 bona
3236 920 3665 974 consequamur,
3710 907 3860 962 illius

2281 995 2659 1050 misericordia
2710 1010 2776 1051 ac
2827 1011 3074 1060 munere,
3120 997 3212 1064 qui
3268 1007 3490 1066 propter
3535 1012 3636 1052 nos
3687 997 3857 1052 homo

2281 1086 2425 1150 ﬁeri,
2454 1095 2509 1141 et
2536 1101 2702 1142 carne
2749 1087 2974 1143 indutus
3005 1087 3177 1141 videri
3224 1103 3329 1141 non
3372 1097 3456 1142 est
3513 1088 3855 1159 dedignatus,

2281 1177 2527 1233 Christus
2555 1178 2696 1234 Deus
2732 1189 2918 1233 noster
2947 1195 2962 1232 :
3011 1179 3104 1248 qui
3140 1179 3406 1235 colendus
3445 1187 3502 1234 et
3542 1181 3857 1235 adorandus

2279 1279 2366 1324 est
2391 1285 2514 1323 cum
2544 1269 2728 1335 Patre,
2757 1270 2850 1338 qui
2883 1279 2968 1325 est
3015 1280 3142 1325 ante
3185 1270 3534 1340 principium,
3566 1280 3623 1326 et
3669 1271 3856 1326 divino

2282 1356 2514 1427 Spiritu,
2540 1359 2739 1425 quiest
2770 1358 3014 1428 ejusdem
3038 1374 3162 1414 cum
3198 1359 3309 1416 illis
3335 1361 3609 1431 essentia,
3635 1369 3856 1417 auctor-

2282 1465 2388 1535 que
2426 1450 2548 1512 vitae
2586 1451 2637 1507 in
2673 1450 2868 1510 szecula
2897 1451 3238 1517 smonlorum.
3265 1451 3461 1517 Arnen,
