4038 6354
267 362 372 422 22-3

1714 359 2118 422 El‘lSTOLzE.

3388 350 3494 414 2‘30

257 476 388 527 ‘036‘5
414 475 571 528 τοῦτο
621 476 883 546 φρόνιμος
927 475 1233 545 ἄνθρωπος,
1281 477 1362 528 ὅτι
1412 475 1656 546 μεγάλην
1709 475 1824 542 ἔχει

1936 474 2104 535 decet,
2151 470 2266 525 Non
2319 469 2464 524 enim
2510 469 2719 538 ignorat
2780 467 2946 520 homo
2993 463 3212 534 sapiens
3262 465 3494 518 multum

268 566 441 635 ῥοπὴν
472 567 500 618 ό
525 567 733 634 καιρὸς,
765 562 936 619 πολλᾶ
964 567 1070 619 τῶν
1097 567 1465 635 διοικημάτων
1495 567 1553 617 οὐ
1575 565 1715 618 κατὰ
1729 566 1827 634 τὴν

271 653 522 726 βούλησιν
553 657 647 709 τοῦ
676 655 1024 718 διοικοῦντος,
1063 656 1176 710 ἀλλ’
1207 655 1377 708 ἐνίοτε
1401 655 1496 708 καὶ
1530 654 1828 723 ἀσχάλλον-

273 757 358 807 τος
394 746 480 797 ἐπ’
510 746 696 806 αὐτοῖς
725 748 804 806 είς
839 747 1132 800 ὑπόστασιν
1161 748 1306 814 ἄγει.
1333 746 1516 800 Ταῦτα
1546 745 1829 812 γινώσκων

281 836 344 897 b;
374 836 628 906 νουνεχὴς
647 837 742 890 καὶ
766 837 1001 904 συνετὸς,
1035 838 1168 906 ἄφες
1196 837 1293 899 τὰς
1318 838 1573 908 μέμψεις,
1613 837 1705 892 καὶ
1732 838 1830 900 τὰς

269 925 472 995 μικρὰς
504 929 715 997 ἡμέρας
736 932 835 998 τῆς
863 929 1006 995 ζωῆς
1023 927 1180 997 ἡμῶν
1200 927 1380 995 εὔχου.
1407 932 1696 998 χρεωστεῖς
1720 929 1830 998 γὰρ

265 1018 334 1070 τά
369 1033 427 1070 τε
457 1018 614 1084 ἄλλα,
643 1020 737 1073 καὶ
769 1023 851 1072 ὅτι
883 1021 1036 1088 φίλος
1069 1021 1210 1090 ὑπὲρ
1243 1019 1398 1088 φίλου
1426 1021 1524 1090 τὴν
1557 1021 1742 1090 εὐχὴν,
1780 1023 1830 1073 εί

269 1106 348 1177 μὴ
376 1110 719 1163 παντάπασιν
749 1111 1042 1180 ἀπαρέσκει
1071 1111 1190 1179 Θεῷ
1243 1112 1307 1164 ἐκ
1345 1111 1437 1164 τοῦ
1495 1112 1828 1180 περιστοιχὶ-

264 1195 451 1260 ζοντος
475 1198 674 1269 βάρους
700 1199 809 1253 τῶν
849 1200 1082 1269 θλίψεων
1105 1201 1324 1262 ἁνέτους
1350 1202 1654 1271 διαγαγεῖν.

443 1401 582 1459 MA'.
613 1405 918 1474 Γρηγοριῳ
931 1406 1338 1475 μητροπολίτῃ
1369 1405 1651 1476 Ἐφέσου.

341 1511 450 1564 Καὶ
482 1511 656 1576 ἄλλως
691 1515 821 1584 ἡμῖν
847 1516 1106 1588 λυπηρῶς
1141 1519 1236 1572 καὶ
1283 1519 1510 1589 ἀθύμως
1553 1520 1832 1591 διακειμέο

264 1617 401 1666 νοις,
447 1603 530 1673 ἐφ’
560 1598 640 1668 οἷς
663 1606 751 1659 διὰ
774 1610 870 1669 τὰς
909 1597 1184 1678 ἁμαρτίας
1207 1609 1361 1679 ἡμῶν
1409 1611 1578 1681 ἐσμὲν
1609 1615 1828 1683 συνεχόο

268 1707 444 1758 μενοι,
476 1693 542 1750 τὰ
575 1696 874 1766 γράμματα
903 1696 999 1766 τῆς
1028 1697 1180 1767 ὑμῶν
1208 1700 1602 1771 ἀρχιερατικῆς
1627 1703 1829 1756 τελειό-

1907 748 1984 800 "in
2065 744 2186 813 ejus
2264 741 2507 796 dolorem
2571 740 2862 794 deducere.

1928 561 2184 632 ponderis
2210 560 2388 616 inesse
2421 557 2722 622 occasioni,
2760 569 2992 624 eamque
3016 555 3215 608 multas
3250 555 3498 610 actiom-s

1931 669 2038 708 non
2097 652 2162 706 ad
2213 660 2448 705 mentem
2506 647 2968 712 administrantis,
3031 645 3126 700 sed
3204 646 3499 712 aliquando

2950 737 3081 802 Quae
3155 749 3280 788 cum
3333 734 3500 803 probe

1929 837 2070 891 scias
2101 847 2355 904 tanquam
2401 832 2643 903 prudens
2681 840 2734 885 ct
2772 824 3115 897 intelligens,
3151 827 3362 881 dimitte
3412 843 3499 880 re-

1931 927 2320 998 prehensiones
2369 933 2424 979 et
2453 940 2549 994 pro
2577 923 2762 991 paucis
2786 922 2977 975 diebus
3007 921 3125 974 vitae
3144 931 3344 974 nostra:
3373 934 3499 987 pre-

1931 1018 2282 1087 care..Debes
2328 1019 2468 1072 enim
2497 1025 2552 1070 et
2597 1015 2817 1069 aliunde
2869 1025 2920 1069 et
2978 1013 3229 1082 tanquam
3289 1013 3501 1066 amicus

1931 1124 2029 1178 pro
2079 1108 2255 1162 amico
2313 1109 2525 1175 preces,
2561 1105 2608 1158 si
2643 1117 2770 1157 non
2803 1104 3028 1156 omnino
3060 1103 3171 1156 Deo
3230 1102 3499 1169 placuerit

1933 1197 2277 1253 incumbente
2305 1195 2712 1250 tribulationum
2764 1194 3005 1263 pondere
3065 1209 3166 1248 nos
3221 1194 3501 1261 expeditos

1933 1293 2096 1346 vitam
2135 1291 2349 1359 degere.
2598 1279 2620 1294 ”

2149 1401 2310 1480 XLI.
2361 1399 2613 1470 Gregorio
2670 1387 2863 1468 Ephesi
2889 1397 3256 1466 metropolilw.

2001 1517 2120 1572 1am
2157 1526 2211 1571 et
2242 1516 2461 1570 aliunde
2485 1511 2800 1570 dolentibus
2823 1521 2879 1567 et
2905 1511 3142 1578 aﬂlictis,
3175 1513 3242 1567 de
3272 1513 3356 1566 liis
3389 1512 3501 1581 qui-

1934 1611 2035 1666 bus
2067 1619 2284 1679 propter
2339 1616 2557 1676 peccata
2611 1613 2798 1659 nostra
2831 1605 3132 1673 premimur
3186 1606 3418 1660 accessit
3453 1615 3508 1660 et

1933 1702 2168 1772 amplius
2215 1701 2402 1754 dolore
2441 1697 2629 1768 allligi,
2663 1697 2920 1766 perlectis
2971 1705 3166 1750 vestra
3219 1697 3508 1765 pontiﬁcia:

265 1799 429 1850 τητος
479 1785 915 1856 ἀναλεγομένοις,
957 1789 1048 1842 ἐπὶ
1103 1788 1262 1842 πλέον
1318 1796 1656 1865 προσγέγονε
1716 1799 1830 1859 τοῖς

1936 1794 2236 1851 sanctitatis
2257 1791 2474 1856 litteris,
2497 1807 2561 1845 ex
2586 1791 2782 1858 quibus
2819 1789 3116 1842 didicimus
3177 1798 3372 1858 praeter
3400 1803 3506 1842 ca:-

267 1874 578 1950 είρημίνεις
614 1879 1039 1950 κατασχεθῆναι,
1064 1879 1131 1933 δι’
1160 1875 1236 1935 ὧν
1268 1883 1476 1936 ἐκεῖθεν
1525 1885 1829 1955 ἑμανθανο-

271 1977 370 2031 μιν
407 1966 544 2032 μετὰ
586 1966 685 2036 τῆς
724 1967 899 2052 ἄλλης,
917 1969 1315 2035 ταλαιπωρίας,
1355 1973 1448 2034 καὶ
1483 1973 1622 2040 νόσῳ
1673 1992 1830 2046 περι-

268 2057 453 2107 πεσεῖν
485 2055 646 2125 ὑμᾶς·
681 2057 916 2126 μάλιστα
953 2059 1049 2114 καὶ
1097 2061 1195 2132 τὴν
1232 2061 1326 2114 τοῦ
1380 2064 1578 2134 καιροῦ
1615 2066 1832 2137 ὑφορώ-

264 2159 430 2210 μενος
493 2145 688 2214 φλόγα,
733 2148 801 2217 ἦν
860 2150 996 2218 φασὶ
1025 2153 1136 2214 τοῖς
1174 2152 1360 2211 αὐτόθι
1421 2156 1828 2226 ἐπιχωριάζειν.

267 2233 440 2287 Τοῦτο
468 2238 614 2306 ἡμᾶς
644 2239 833 2308 ἠνίασε
863 2241 1214 2311 σφοδρότερον
1248 2245 1342 2310 καὶ
1362 2245 1507 2314 ἀνιᾷ,
1541 2249 1588 2298 εἰ
1612 2250 1706 2300 καὶ
1735 2253 1834 2316 τῆς

266 2324 418 2388 Θείας
453 2329 740 2399 εὐμενείας
772 2331 926 2394 ἐλπὶς
964 2333 1033 2385 τὰ
1079 2339 1422 2406 χρηστότερα
1455 2340 1831 2408 ὑποφαίνουσα

262 2415 480 2469 δίδωσιν
531 2420 660 2488 ἡμῖν
691 2422 754 2472 ἐκ
799 2422 892 2474 τοῦ
926 2422 1124 2493 βάρους
1167 2425 1354 2495 ὥσπερ
1397 2431 1691 2502 ἀναφέρειν
1735 2438 1833 2506 τῆς

233 2505 468 2576 ’λύπας
517 2511 651 2580 Περ)⁴
719 2511 775 2563 δὲ
842 2513 937 2582 τῆς
995 2516 1228 2594 ἐνταῦθα
1311 2523 1686 2595 καταλήψεως,
1769 2505 1830 2578 οὐ

264 2599 374 2668 χρὴ
407 2600 714 2668 δυσῳορεῖν.
742 2601 1040 2678 Ἀναγκαία
1077 2606 1177 2673 μὲν
1204 2607 1311 2678 γὰρ
1342 2612 1375 2678 ἡ
1409 2612 1649 2680 ὑμετέρα
1674 2630 1832 2666 συνα-

263 2692 542 2762 ναστροφὴ
567 2694 632 2762 τῇ
669 2693 818 2763 παρὰ
869 2695 1156 2761 τοῦ-ἁγίου
1219 2699 1536 2768 Πνεύματος
1583 2705 1832 2772 ἐγκεχει-

268 2781 507 2852 ρισμένῃ
555 2800 636 2835 σοι
662 2784 954 2855 ἐκκλησίᾳ.
988 2786 1135 2857 Πλὴν
1183 2787 1312 2841 ἀλλ’
1335 2792 1461 2844 ἐπεὶ
1490 2793 1556 2844 τὰ
1597 2794 1833 2847 ἐνταῦθα

265 2871 566 2940 πράγματα
603 2873 744 2942 μετὰ
776 2875 876 2945 τὴν
927 2876 1199 2947 ὑμετέραν
1231 2877 1433 2946 ἔξοδον,
1467 2883 1578 2951 (οὐς
1605 2880 1727 2936 οἶδα
1777 2867 1832 2938 δὲ

265 2965 361 3013 τὸν
385 2955 608 3043 τρόπον,
643 2965 790 3027 ὅπως
843 2968 922 3029 εἰς
961 2970 1204 3022 τοιοῦτον
1266 2955 1572 3044 καθέστηκε
1599 2976 1830 3044 σχῆμα),

263 3057 366 3124 τὴν
396 3057 493 3124 σὴν
521 3058 767 3126 ἐπιζητεῖ
797 3059 1116 3129 παρουσίαν,
1139 3061 1365 3133 δεύτερα
1388 3065 1492 3135 χρὴ
1524 3065 1831 3134 λογίζεσθαι

1931 1883 2075 1943 teras
2101 1884 2436 1940 calamitates
2453 1898 2548 1935 vos
2577 1893 2629 1935 et
2652 1881 2704 1933 iu
2732 1880 2983 1936 morbum
3035 1879 3292 1935 incidisse
3323 1897 3336 1934 ε
3365 1895 3505 1948 pra:-

1929 1979 2115 2036 sertim
2170 1991 2293 2030 cum
2357 1973 2711 2027 attendimus.
2747 1971 3012 2040 temporis
3058 1971 3309 2026 incendio
3361 1970 3508 2039 quod

1930 2071 2001 2128 ibi
2049 2068 2252 2125 versari
2293 2066 2491 2120 ferunt.
2547 2062 2692 2118 .lllud
2729 2079 2827 2117 nos
2865 2061 3428 2128 veltementeraﬂlixit,
3449 2071 3507 2116 et

1929 2162 2135 2232 amigit,
2172 2161 2276 2215 etsi
2323 2157 2521 2214 divinae
2568 2155 2874 2210 clementia:
2903 2169 3050 2222 spes,
3083 2154 3305 2207 meliora
3337 2153 3511 2222 subji-

1930 2252 2105 2313 cieus,
2139 2248 2341 2318 aliquid
2379 2261 2478 2301 nos
2524 2244 2656 2299 sinit
2676 2259 2741 2296 ex
2773 2243 2983 2299 doloris
3026 2243 3265 2313 pondere
3293 2244 3508 2296 auferre

1931 2341 2047 2396 limo
2073 2350 2254 2395 autem
2287 2337 2658 2408 apprelieusio
2694 2351 2804 2389 non
2844 2344 2927 2390 est
2957 2350 3101 2402 aegre
3134 2334 3375 2387 ferenda.
3411 2334 3513 2388 Ne-

1930 2433 2201 2486 cessarius
2232 2432 2376 2484 enim
2428 2433 2511 2482 est
2539 2437 2666 2482 tuus
2695 2427 2762 2480 ad
2804 2426 3152 2496 commissam
3185 2425 3280 2483 tibi
3309 2440 3339 2480 a
3386 2424 3510 2494 Spi-

1931 2525 2038 2581 ritu
2061 2533 2250 2578 sancto
2286 2520 2592 2578 Ecclesiam
2643 2517 2873 2582 reditus,
2935 2518 3190 2571 Attamen
3233 2533 3356 2572 cum
3422 2533 3510 2572 res

1932 2624 2055 2686 post
2085 2622 2238 2668 tuutn
2263 2613 2562 2669 discessum
2594 2612 2760 2681 (haud
2796 2611 2909 2666 scio
2937 2610 3214 2686 quoniqu
3243 2610 3310 2663 ad
3371 2609 3513 2663 hanc

1932 2707 2270 2758 devenerunt
2310 2701 2558 2770 formam)
2605 2711 2751 2754 tuam
2802 2701 3084 2770 requirant
3116 2675 3509 2769 ‘irasentiatu,

1932 2791 2315 2844 attendendum
2347 2779 2448 2844 est
2491 2791 2732 2843 secundo
2767 2791 2930 2844 rebus
2966 2791 3254 2859 hujus-loci
3298 2794 3503 2860 potius,

1933 2896 2094 2950 quam
2147 2880 2213 2932 ad
2261 2895 2364 2933 nos
2397 2879 2816 2934 deveniendum.
2857 2879 2977 2935 Scis
3029 2883 3174 2936 enim
3229 2883 3391 2951 rebus
3423 2884 3510 2936 hic

1934 2974 2070 3028 bene
2089 2973 2402 3036 liuentibus,
2435 2973 2607 3028 t0tius
2629 2988 2846 3042 quoque
2873 2973 3130 3028 Ecclesia:
3165 2977 3366 3028 bonum
3391 2989 3512 3028 esse

1935 3076 2178 3121 statum:
2213 3065 2294 3119 liis
2329 3076 2507 3120 autem
2558 3067 2696 3119 male
2743 3066 3092 3127 habentibus,
3143 3082 3366 3121 necesse
3429 3076 3513 3122 est

266 3149 405 3209 τὲως
439 3150 504 3200 τὰ
539 3152 594 3202 ἐν
646 3153 755 3213 τοῖς
787 3151 996 3216 αὐτόθι,
1028 3153 1122 3206 καὶ
1160 3155 1359 3222 μᾶλλον
1390 3158 1486 3226 τῆς
1521 3163 1656 3226 πρὸς
1687 3163 1832 3230 ἡμᾶς

1938 3157 2109 3210 multo
2145 3157 2300 3225 pejus
2326 3172 2381 3210 se
2410 3157 2606 3211 habere
2625 3173 2711 3211 res
2739 3159 3059 3212 exteriores.
3109 3157 3322 3212 Nullam
3354 3158 3518 3226 igitur

269 3240 526 3305 γενέσθαι
555 3243 876 3311 φοιτήσεως.
912 3239 1072 3308 Οἶδας
1101 3247 1208 3314 γὰρ
1239 3248 1314 3309 ὡς
1343 3250 1484 3301 κατὰ
1514 3251 1641 3319 ροὑν
1668 3269 1831 3322 φερο-

271 3334 449 3398 μένων
478 3327 706 3402 τῶνςῶδε
740 3339 1100 3405 πραγμάτων,
1135 3339 1227 3390 καὶ
1255 3338 1322 3390 τὰ
1341 3340 1483 3392 κατὰ
1505 3343 1686 3394 πᾶσαν
1713 3343 1834 3397 Ἐκο

269 3425 503 3494 κλησίαν
559 3427 768 3495 ἀγαθὴν
801 3427 914 3498 ἔχει
965 3430 1064 3498 τὴν
1118 3431 1469 3483 κατάστασιν·
1519 3434 1723 3488 τούτων
1778 3436 1834 3490 δὲ

269 3517 573 3584 ἀνωμάλως
630 3519 885 3586 ἐχόντων,
941 3521 1152 3589 ἀνάγκη
1202 3522 1335 3574 πολὺ
1381 3525 1560 3593 χεῖρον
1609 3527 1677 3578 τὰ
1733 3528 1834 3590 ἔξω

271 3608 636 3660 καθίστασθαι
662 3611 984 3679 πράγματα.
1007 3613 1188 3679 Μηδὲν
1219 3607 1311 3664 οὖν
1343 3630 1400 3664 σε
1426 3615 1583 3668 τοῦτο
1610 3617 1831 3681 ἀνιάτω,

269 3697 453 3761 καθὼς
479 3698 714 3767 εἴρηται,
751 3700 885 3750 ἀλλὰ
919 3701 1116 3766 μᾶλλον
1146 3701 1280 3754 Θεοῦ
1329 3704 1576 3774 εὐμενῶς
1617 3706 1840 3760 ὲπιόλὲσ

273 3804 487 3854 ποντος,
516 3790 608 3839 καὶ
632 3789 729 3857 τὴν
777 3788 1098 3859 ἀπαλλαγὴν
1143 3791 1217 3853 ὦς
1249 3807 1312 3858 γε
1364 3794 1703 3864 πεποίθαμεν
1738 3799 1836 3866 τῆς

269 3881 429 3932 νόσου
459 3879 708 3946 διδόντος,
743 3882 836 3933 καὶ
867 3881 988 3949 δίχα
1027 3883 1124 3952 τῆς
1155 3882 1262 3935 τῶν
1310 3886 1836 3953 παρακελευομένων

271 3975 577 4044 ἐπιτροπῆς
610 3974 684 4043 μὴ
715 3974 984 4047 βραδύνῃς
1015 3976 1364 4030 καταλαϐεῖν.
1418 3978 1489 4029 Τὸ
1526 3979 1582 4030 δὲ
1616 3981 1836 4046 χαρτίον

267 4067 298 4119 ὃ
330 4065 678 4134 ὑπεσχόμεθα
709 4064 830 4116 οὔτε
875 4064 1142 4136 ἀναὸολῆς
1181 4066 1408 4135 τινοςῆ
1478 4069 1837 4136 μεταμελείας

267 4160 631 4226 ἐγγενομένης
661 4157 822 4226 μέχρι
867 4155 958 4208 τοῦ
1000 4156 1093 4207 νῦν
1126 4157 1234 4208 τῶν
1266 4158 1373 4210 σῶν
1405 4160 1710 4228 ἀπελείφθη
1733 4177 1841 4230 χει-

273 4250 408 4320 ρώνο
439 4251 529 4300 καὶ
572 4246 680 4315 γὰρ
712 4247 805 4299 καὶ
842 4248 948 4315 πρὸ
977 4248 1073 4314 τῆς
1126 4248 1276 4315 ἱερᾶς
1337 4249 1701 4319 πανηγύρεως
1743 4249 1837 4302 τοῦ

275 4341 516 4413 μεγάλου
550 4342 772 4408 γέγονεν
820 4340 1168 4392 Ἀποστόλου.
1223 4339 1360 4392 Ἀλλ’
1413 4341 1494 4392 ὅτι
1531 4340 1678 4408 λόγοι
1724 4344 1839 4404 τοῖς

272 4437 408 4488 ὠσὶν
444 4435 598 4505 ἡμῶν
629 4433 940 4502 προσῄεσαν
972 4431 1070 4494 τὴν
1098 4435 1194 4500 σὴν
1239 4433 1673 4502 ἀπαγγέλλοντες
1699 4427 1838 4504 μετὰ

1935 3245 2066 3301 illud
2098 3247 2196 3300 tibi
2228 3247 2528 3302 molesliam
2573 3245 2783 3310 aﬂerat,
2815 3248 3106 3302 utdictum
3146 3259 3268 3314 est;
3295 3250 3388 3304 sed
3423 3265 3516 3317 po-

1939 3339 2068 3400 tius,
2097 3338 2203 3393 Deo
2230 3340 2525 3393 clementer
2559 3339 2918 3408 respiciente,
2953 3349 3006 3393 et
3032 3340 3433 3403 remissionem,
3461 3349 3517 3391 ut

1934 3429 2124 3485 saltem
2164 3429 2510 3493 conﬁdimus,
2540 3430 2716 3483 morbi
2739 3431 3094 3492 concedente.
3118 3432 3279 3484 etiam
3310 3436 3518 3496 alisque

1937 3520 2271 3573 hortantium
2305 3519 2666 3587 permissione
2693 3520 2976 3588 suscipere
3014 3535 3216 3574 munus
3250 3536 3317 3574 ne
3359 3509 3550 3574 diﬂ‘e-'

1936 3627 2047 3666 ras.
2067 3611 2268 3664 Charta
2317 3619 2497 3664 autem
2547 3626 2709 3678 quam
2747 3613 3199 3678 promiseramus,
3259 3614 3405 3666 nulla
3439 3613 3520 3664 fa-

1937 3712 2081 3758 ctum
2133 3713 2215 3756 est
2247 3701 2736 3769 procrasuuatione
2764 3712 2858 3756 aut
2894 3703 3063 3755 animi
3127 3704 3428 3758 mutatione
3461 3714 3520 3758 ut

1941 3796 2223 3864 hucusque
2255 3794 2395 3848 absit
2422 3809 2449 3844 a
2481 3795 2587 3846 tuis
2646 3794 2898 3848 manibus
2932 3812 2944 3848 :
2980 3810 3106 3848 nam
3135 3805 3261 3849 ante
3319 3795 3517 3850 festum

1940 3888 2115 3951 magni
2151 3884 2393 3952 Apostoli
2448 3885 2686 3952 perlecta
2741 3894 2842 3937 est.
2884 3885 2987 3946 Sed
3023 3902 3144 3939 cum
3205 3888 3270 3941 ad
3304 3897 3517 3942 nostras

1939 3992 2099 4030 aures
2154 3991 2434 4030 sermones
2502 3974 2849 4044 pervenerint
2918 3978 3309 4031 auuunliantes
3361 3991 3515 4032 tuum

1941 4076 2061 4136 pest
2083 4065 2290 4140 festum
2325 4067 2373 4118 iu
2407 4065 2594 4118 urbem
2643 4065 2876 4119 celerem
2909 4053 3160 4129 reditum,
3194 4066 3316 4118 inde
3376 4066 3517 4118 tacta

1939 4169 2020 4212 est
2049 4158 2260 4210 dilatio.
2312 4154 2467 4211 Nunc
2515 4166 2698 4209 autem
2737 4156 2878 4208 hanc
2931 4157 3183 4210 misimus
3219 4165 3276 4209 ut
3309 4167 3362 4209 et
3415 4170 3516 4209 nos

1941 4250 2077 4303 citra
2107 4249 2422 4302 indecorant
2457 4248 2827 4316 suspicionem
2859 4246 3148 4315 degamus.
3187 4245 3317 4300 Vale
3366 4261 3517 4313 ergo,

1943 4343 2018 4395 liii
2066 4342 2459 4404 sacratissime,
2496 4354 2702 4394 memor
2748 4340 2801 4393 in
2842 4341 2971 4407 tuis,
3008 4340 3214 4395 sanctis
3267 4341 3518 4408 precibus

1941 4443 2141 4488 nostra:
2175 4433 2522 4487 humilitatis.
3021 4459 3042 4497 ,-

271 4532 374 4597 τὴν
411 4531 719 4598 πανήγυριν
762 4528 848 4580 διὰ
879 4527 1076 4596 τάχους
1122 4529 1259 4596 πρὶς
1310 4531 1409 4599 τὴν
1447 4531 1598 4582 πόλιν
1641 4531 1996 4600 ἀνακομιδὴν,
2069 4530 2291 4598 γέγονεν
2351 4531 2726 4600 ήὺστέρησις.
2762 4531 2878 4584 Νῦν
2939 4530 2994 4582 δέ
3027 4547 3106 4582 σοι
3171 4532 3329 4585 τοῦτο
3349 4531 3520 4583 ἀπεσ-

271 4619 552 4687 τείλαμεν,
621 4620 706 4671 ἵνα
739 4617 833 4671 καὶ
897 4619 1054 4687 ἡμεῖς
1095 4619 1378 4685 ἀπρεποῦς
1427 4622 1681 4684 ὑπονοίας
1736 4623 1838 4685 ἔξω
1876 4622 2231 4691 διατελῶμεν.
2286 4622 2538 4691 Ἐῤῥωσό
2608 4639 2722 4690 μοι,
2772 4621 2961 4674 τέκνον
3024 4619 3340 4689 ἱερώτατον,
3375 4636 3518 4688 μεμ-

273 4712 506 4782 νημένος
540 4713 596 4763 ἐν
625 4713 742 4771 ταῖς
770 4707 942 4770 ὁσίαις
976 4709 1157 4777 εὐχαῖς
1197 4711 1292 4777 τῆς
1338 4713 1494 4787 ήμῴν
1536 4715 1906 4785 μετριότητος.

805 4823 952 4879 MB‘.
989 4823 1271 4888 τῷαύτῷ.
1869 4813 1921 4869 D

353 4942 483 4994 Ὀτε
518 4939 578 4992 τὸ
615 4939 850 5008 γράμμα
879 4937 976 5007 τῆς
1009 4938 1163 5006 ὑμῶν
1196 4941 1588 5009 ἀρχιερατικῆς
1640 4941 1843 4993 τελειό-
1880 4951 1884 4954 ’

2498 4828 2651 4898 XLII.
2715 4827 2919 4883 Eidem.

2015 4940 2244 5006 Quando
2299 4940 2510 4993 litteras
2552 4952 2742 4993 vestrae
2792 4937 3081 5006 pontilicia:
3125 4940 3429 4995 sanctitatis
3463 4941 3514 4996 iu

269 5051 438 5105 τητος
464 5033 652 5102 χερσιν
679 5029 1000 5100 ἐδεξάμεθα,
1054 5031 1163 5084 τῶν
1199 5033 1535 5103 συνεχόντων
1564 5035 1707 5103 ὑμᾶς
1741 5033 1838 5084 λυ-

272 5122 473 5194 smpti»;
511 5121 739 5192 βραχεῖα
757 5136 838 5182 τις
863 5119 1043 5184 ἄνεσις
1073 5120 1376 5190 προσῆλθεν
1401 5121 1558 5191 ἡμῶν
1579 5125 1644 5191 τῇ
1669 5123 1841 5192 ψυχῇ,

270 5219 338 5271 τι
368 5221 466 5285 μὲν
497 5216 578 5268 ὅτι
622 5211 956 5281 ποθουμένου
1007 5213 1200 5264 τέκνου
1257 5214 1352 5265 καὶ
1401 5214 1631 5280 ἁδελφοῦ
1665 5214 1844 5281 λόγοις

272 5308 502 5378 ἔμελλον
537 5306 906 5374 ἐντυγχάνειν,
955 5304 1016 5356 τὸ
1059 5303 1117 5356 δὲ
1168 5306 1248 5357 ὅτι
1283 5305 1378 5358 καὶ
1430 5305 1732 5375 ἠλπίζομεν
1779 5309 1837 5358 οὗ

272 5396 705 5470 προσαγγέλλειν
736 5398 868 5466 ἡμῖν
897 5394 955 5446 τὸ
1004 5395 1239 5464 γράμμα
1268 5394 1302 5450 ἂ
1327 5395 1690 5466 προσήγγειλε
1746 5396 1841 5449 λυ-

271 5492 430 5561 πηρά
504 5489 784 5560 (Λυπηρὸν
812 5479 920 5556 γὰρ
953 5487 1112 5557 ήτῶν
1139 5487 1342 5542 τέκνων
1374 5489 1635 5559 κάκωσις)
1669 5505 1682 5520 ·
1705 5489 1841 5543 ἀλλὰ

280 5586 483 5656 μᾶλλον
519 5585 588 5636 τὰ
612 5582 870 5652 ἡδύνοντα
897 5581 990 5632 καὶ
1026 5581 1255 5650 φέροντα
1276 5580 1656 5649 ψυχαγωγίαν,
1693 5583 1759 5650 ἢν
1783 5583 1844 5633 ἐκ

273 5678 373 5735 τοῦ
404 5677 736 5744 διακομίζειν
760 5674 820 5727 τὸ
845 5675 1066 5744 μήνυμα
1091 5674 1192 5742 τῆς
1228 5674 1497 5743 ὑμετέρας
1529 5674 1717 5741 ὑγείας
1753 5677 1847 5727 xui.

271 5773 383 5826 τῶν
422 5770 758 5842 πραγμάτων
786 5768 883 5837 τῆς
909 5766 1027 5820 καθ’
1055 5769 1200 5836 ἡμᾶς
1237 5766 1564 5837 Ἐκκλησὶας
1593 5769 1649 5823 ἐν
1680 5770 1847 5841 Χρισ·

1947 5049 2143 5086 manus
2200 5032 2526 5100 accepimus,
2590 5030 2958 5083 molestiarum
3006 5047 3125 5098 qua:
3173 5046 3274 5084 nos
3336 5043 3520 5085 tenent

1948 5123 2127 5177 brevis
2166 5123 2408 5190 quaedam
2455 5120 2701 5173 remissio
2759 5121 2950 5174 animre
3006 5129 3207 5175 nostrae
3257 5124 3514 5184 accessit,

1947 5225 2058 5268 tum
2077 5215 2201 5282 quia
2235 5212 2679 5267 desideratissimi
2704 5212 2794 5264 lilii
2816 5223 2867 5265 et
2894 5209 3078 5266 fratris
3111 5213 3270 5265 verbo
3295 5227 3516 5266 eramus

1949 5308 2212 5372 audituri,
2240 5317 2352 5360 tum
2370 5309 2493 5374 quia
2513 5307 2867 5374 sperabamus
2901 5321 3005 5358 nou
3029 5307 3184 5357 nobis
3215 5305 3407 5358 all‘erre
3430 5306 3517 5357 lit-

1945 5383 2102 5458 terasd
2127 5401 2257 5454 illud
2300 5399 2441 5468 quod
2490 5398 2785 5452 attulerunt
2833 5400 3088 5451 acerbum
3131 5398 3306 5462 (triste
3372 5398 3514 5448 enim

1946 5498 2087 5565 quod
2122 5495 2374 5548 tiliimale
2399 5494 2687 5561 habeant);
2711 5492 2804 5546 sed
2830 5490 3002 5558 potius
3033 5489 3270 5557 jucunda
3293 5489 3517 5555 laetaque

1949 5588 2206 5656 perferre,
2228 5586 2421 5654 quippe
2443 5602 2562 5655 qum
2587 5585 2888 5638 iudicarent
2918 5589 2969 5633 ct
2991 5597 3084 5634 vos
3111 5581 3310 5643 valere,
3341 5591 3391 5631 et
3424 5595 3513 5630 res

1951 5677 2208 5731 Ecclesiae
2250 5684 2447 5730 nostra:
2482 5675 2533 5727 iu
2562 5673 2777 5727 Christo
2813 5672 2922 5725 Deo
2951 5680 3143 5724 nostro
3187 5669 3378 5721 melius
3419 5667 3516 5719 ha-

1956 5775 2100 5826 bere.
2143 5768 2295 5824 Nunc
2344 5749 2470 5823 νει-ο
2523 5767 2737 5836 quidem
2790 5764 3163 5821 rere-laverunt
3204 5760 3398 5814 morbo
3430 5759 3517 5814 de-
