4038 6354
250 357 348 418 229

1693 361 2096 424 EPISTULE.

3367 361 3472 425 ‘230

241 471 363 522 usae
389 468 548 522 τοῦτο
597 472 860 542 φρόνιμος
905 473 1210 543 ἄνθρωπος,
1258 475 1340 528 ὅτι
1390 476 1633 545 μεγάλην
1686 477 1797 544 ἔχει

1907 477 2082 538 decet,
2127 474 2242 528 Non
2297 474 2440 529 enim
2487 474 2696 544 ignorat
2757 473 2922 527 homo
2970 471 3189 542 sapiens
3239 475 3472 529 multum

252 560 417 630 ῥοπὴν
448 561 476 612 δ
501 562 709 629 καιρὸς,
741 559 913 615 πολλᾶ
940 565 1046 616 τῶν
1073 565 1442 634 διοικημάτων
1471 567 1530 617 οὐ
1551 566 1692 620 κατά
1706 568 1804 635 τὴν

255 648 499 720 βούλησιν
529 651 623 704 τοῦ
652 651 1000 716 διοικοῦντος,
1039 655 1152 707 ἀλλ’
1183 654 1353 706 ἐνίοτε
1377 655 1472 708 καὶ
1507 656 1804 724 ἀσχάλλον-

257 751 336 801 τος
371 740 456 791 ἐπ’
486 741 672 800 αὐτοῖς
700 744 780 802 είς
815 744 1106 798 ὑπόστασιν
1136 746 1281 813 ἄγει.
1309 746 1492 800 Ταῦτα
1522 747 1804 812 γινώσκων

263 830 322 891 b;
351 831 604 901 νουνεχὴς
622 833 718 885 καὶ
741 835 976 900 συνετὸς,
1010 835 1144 904 ἄφες
1171 836 1269 898 τάς
1292 837 1548 908 μέμψεις,
1588 837 1680 892 xa‘t
1707 841 1804 902 τὰς

251 920 447 989 μικρὰς
479 923 690 992 ἡμέρας
710 928 810 994 τῆς
838 925 980 992 ζωῆς
998 926 1155 994 ἡμῶν
1174 925 1355 994 εὔχου.
1381 933 1670 998 χρεωστεῖς
1695 931 1804 1000 γὰρ

247 1012 309 1064 τά
343 1026 401 1064 τε
431 1012 588 1079 ἄλλα,
617 1015 711 1068 καὶ
743 1018 826 1069 ὅτι
857 1018 1010 1085 φίλος
1044 1019 1184 1088 ὑπὲρ
1217 1019 1372 1086 φίλου
1400 1021 1498 1090 τὴν
1530 1021 1716 1091 εὐχὴν,
1753 1025 1804 1074 εἰ

250 1099 323 1170 μὴ
350 1104 693 1176 παντάπασιν
723 1107 1014 1177 ἁπαρέσκῃ
1044 1109 1164 1178 Θεῷ
1217 1111 1280 1163 ἑκ
1318 1111 1411 1163 τοῦ
1468 1114 1801 1182 περιστοιχί.

244 1189 424 1254 ζοντος
448 1193 647 1263 βάρους
673 1195 782 1248 τῶν
821 1197 1055 1266 θλίψεων
1078 1199 1298 1261 ἀνέτους
1323 1201 1626 1271 διαγαγεῖν.

414 1395 554 1454 MA'.
585 1401 890 1469 Γρηγοριῳ
903 1405 1310 1473 μητροπολίτῃ
1341 1405 1622 1476 Ἐφέσου.

312 1505 420 1557 Καὶ
453 1506 628 1572 ἄλλως
662 1511 793 1580 ἡμῖν
819 1512 1077 1585 λυπηρῶς
1113 1517 1207 1570 καὶ
1254 1517 1481 1589 ἀθύμως
1525 1521 1803 1592 διακειμέ-

241 1610 370 1659 νοις,
415 1597 501 1667 ὲφ’
531 1593 611 1662 οἷς
634 1601 722 1654 διά
745 1606 841 1665 τὰς
879 1595 1154 1674 ἁμαρτίας
1177 1609 1331 1678 ἡμῶν
1380 1611 1548 1680 ἐσμὲν
1579 1617 1799 1685 συνεχόο

243 1701 412 1752 μενοι,
445 1687 513 1744 τὰ
544 1691 844 1762 γράμματα
873 1693 970 1763 τῆς
999 1694 1150 1764 ὑμῶν
1177 1698 1572 1771 ἀρχιερατικῆς
1597 1704 1800 1758 τελειό-

1905 565 2160 634 ponderis
2187 565 2365 620 inesse
2397 564 2698 628 occasioni,
2737 577 2968 632 eamque
2992 564 3191 618 multas
3227 565 3475 621 actiones

1907 671 2014 710 non
2072 656 2139 710 ad
2189 665 2424 708 mentem
2481 654 2944 720 administrantis,
3006 655 3102 709 sed
3180 655 3476 723 aliquando

1898 751 1960 802 in
2040 747 2161 816 ejus
2240 745 2489 801 dolorem
2547 747 2837 801 deducere.
2925 746 3056 810 Quae
3131 759 3254 798 cum
3309 745 3476 814 probe

1904 840 2044 894 scias
2075 851 2330 908 tanquam
2376 838 2617 907 prudens
2656 846 2709 891 et
2747 831 3090 905 intelligens,
3126 837 3337 891 dimitte
3386 854 3474 891 re-

1906 931 2294 1001 prehensiones
2343 939 2398 984 et
2427 945 2524 998 pro
2546 930 2736 997 paucis
2760 930 2952 983 diebus
2982 931 3100 983 vitae
3119 941 3318 984 nostrae
3347 945 3474 998 pre-

1905 1022 2255 1090 care..Debes
2302 1023 2442 1076 enim
2471 1030 2526 1076 et
2570 1022 2791 1076 aliunde
2843 1033 2894 1076 et
2952 1032 3203 1091 tanquam
3263 1024 3475 1078 amicus

1904 1126 2002 1180 pro
2052 1113 2228 1166 amico
2287 1113 2498 1179 preces,
2535 1111 2581 1164 si
2615 1125 2744 1163 'non
2776 1112 3001 1164 omnino
3032 1112 3144 1165 Deo
3203 1112 3472 1179 placuerit

1905 1201 2249 1257 incumbente
2278 1201 2685 1256 tribulationum
2737 1202 2978 1270 pondere
3038 1218 3140 1257 nos
3193 1205 3474 1272 expeditos

1905 1296 2068 1348 vitam
2108 1295 2202 1363 deg
2211 1309 2321 1346 ere.
2587 1296 2592 1301 “

2121 1405 2282 1485 ΧΗ.
2333 1404 2585 1475 Gregorio
2641 1393 2835 1474 Ephesi
2861 1406 3228 1475 metropolilar.

1972 1519 2090 1575 Jam
2128 1531 2182 1575 et
2214 1521 2432 1575 aliunde
2455 1519 2771 1578 dolentibus
2794 1529 2850 1574 et
2877 1520 3113 1588 amictis,
3146 1522 3213 1577 de
3243 1523 3328 1578 bis
3360 1524 3473 1592 qui-

1905 1614 2005 1668 bus
2037 1623 2254 1683 propter
2310 1621 2528 1681 peccata
2581 1620 2769 1667 nostra
2801 1613 3102 1681 premimur
3156 1617 3388 1671 accessit
3423 1627 3478 1671 et

1903 1706 2138 1775 amplius
2186 1705 2372 1758 dolore
2411 1704 2599 1774 aﬂligi,
2633 1704 2890 1773 perlectis
2942 1713 3136 1760 vestra:
3189 1709 3478 1775 pontiﬁcia:

240 1792 395 1844 τητος
447 1779 885 1851 ἀναλεγομένοις,
927 1785 1018 1838 ἐπὶ
1071 1785 1231 1841 πλέον
1287 1797 1626 1860 προσγέγονε
1686 1801 1797 1861 τοῖς

1904 1798 2206 1854 sanctitatis
2225 1797 2444 1861 litteris,
2467 1813 2530 1851 ex
2555 1798 2751 1865 quibus
2788 1796 3086 1852 didicimus
3146 1808 3342 1868 praeter
3370 1815 3476 1853 ca:-

241 1867 547 1943 είρημένεις
583 1875 1007 1947 κατασχεθῆναι,
1033 1877 1100 1930 δι’
1129 1873 1205 1934 ὧν
1237 1882 1444 1936 ἐκεῖθεν
1494 1886 1798 1956 ὲμανθανο-

244 1971 335 2024 μιν
371 1959 513 2026 μετά
555 1961 653 2031 τῆς
693 1963 868 2048 ἄλλης,
886 1966 1284 2034 ταλαιπωρίας,
1323 1972 1416 2034 καὶ
1451 1972 1591 2041 νόσῳ
1641 1993 1798 2047 περι-

240 2051 417 2101 πεσεῖν
450 2049 614 2120 ὑμᾶς·
648 2053 884 2122 μάλιστα
921 2057 1017 2110 καὶ
1065 2059 1163 2129 τὴν
1200 2059 1294 2112 τοῦ
1348 2064 1546 2134 καιροῦ
1583 2067 1799 2138 ὑφορώ-

236 2153 393 2203 μενος
460 2139 656 2209 φλόγα,
700 2143 768 2213 ἦν
828 2147 964 2214 φασὶ
993 2151 1104 2212 τοῖς
1141 2150 1328 2209 αὐτόθι
1388 2156 1796 2226 ἐπιχωριάζειν.

238 2227 402 2318 Τοῦτο
430 2232 582 2300 ἡμᾶς
611 2233 800 2302 ἠνίασε
830 2238 1182 2308 σφοδρότερον
1215 2244 1309 2295 καὶ
1329 2245 1473 2314 ἀνιᾷ,
1507 2249 1554 2298 εἰ
1579 2251 1672 2300 καὶ
1701 2254 1801 2318 τῆς

236 2317 380 2409 θείας
415 2323 707 2394 εὐμενείας
739 2327 893 2391 ἐλπὶς
931 2329 999 2382 τά
1045 2338 1388 2405 χρηστότερα
1421 2340 1798 2409 ὑποφαίνουσα

231 2407 444 2507 δίδωσιν
486 2415 626 2507 ἐλμῖν
657 2417 719 2468 ὲκ
765 2419 857 2471 τοῦ
891 2419 1090 2490 βάρους
1133 2423 1320 2494 ὥσπερ
1363 2407 1656 2502 ἀναφέρειν
1700 2440 1799 2507 τῆς

206 2498 429 2595 Ἰόπης.
482 2505 617 2575 Περὶ
685 2507 741 2559 δὲ
807 2509 902 2579 τῆς
961 2514 1193 2592 ἐνταῦθα
1276 2498 1652 2595 καταλήψεως,

231 2593 334 2662 χρὴ
367 2593 679 2663 δυσφορεῖν.
707 2596 1004 2675 ’Δναγκαία
1041 2603 1142 2671 μὲν
1168 2606 1276 2677 γάρ
1307 2611 1339 2677 ἡ
1373 2593 1614 2680 ὑμετέρα
1639 2631 1797 2667 συνα-

230 2686 506 2756 ναστροφὴ
532 2689 596 2757 τῇ
633 2689 783 2758 παρά
833 2692 1120 2758 τοῦοάγίου
1183 2697 1501 2767 Πνεῦματος
1547 2705 1796 2774 ὲγκεχει·

233 2776 470 2847 ρισμένῃ
518 2795 600 2830 σοι
626 2779 918 2852 ἐκκλησίᾳ.
952 2784 1098 2854 Πλὴν
1147 2786 1276 2839 ἀλλ’
1299 2791 1424 2844 ἐπεὶ
1454 2793 1520 2844 τὰ
1561 2795 1797 2849 ἐνταῦθα

230 2865 529 2951 πράγματα
566 2869 707 2936 μετά
739 2870 838 2941 τὴν
890 2873 1162 2944 ὑμετέραν
1195 2876 1396 2946 ἔξοδον,
1430 2883 1542 2951 (οὐς
1569 2881 1690 2938 οἶδα
1740 2888 1796 2940 δὲ

230 2957 319 3007 τὸν
343 2949 570 3038 τρόπον,
606 2960 753 3023 ὅπως
806 2965 885 3025 είς
923 2968 1166 3020 τοιοῦτον
1229 2972 1535 3044 καθέστηκε
1562 2977 1792 3045 σχῆμα),

228 3049 324 3118 τὴν
354 3051 453 3119 σὴν
483 3053 730 3122 ἐπιζητεῖ
760 3057 1078 3126 παρουσίαν,
1101 3059 1327 3132 δεύτερα
1351 3065 1454 3135 χρὴ
1486 3066 1794 3135 λογίζεσθαι

231 3143 362 3204 τὲως
396 3145 464 3195 τὰ
501 3147 556 3197 ἐν
607 3149 716 3208 τοῖς
748 3148 957 3213 αὐτόθι,
990 3151 1084 3204 καὶ
1121 3153 1321 3221 μᾶλλον
1352 3158 1447 3226 τῆς
1484 3164 1618 3226 πρὸς
1649 3164 1794 3231 ἡμᾶς

233 3234 486 3298 γενέσθαι
516 3239 836 3307 φοιτήσεως.
874 3236 1034 3305 Οἶδας
1062 3245 1169 3311 γὰρ
1201 3246 1275 3308 ὡς
1305 3250 1445 3300 κατὰ
1475 3253 1602 3320 ῥοῦν
1629 3270 1792 3323 φερο-

233 3328 406 3391 μένων
435 3323 667 3397 τῶνίῶδε
700 3337 1060 3401 πραγμάτων,
1096 3337 1188 3388 καὶ
1216 3337 1283 3389 τά
1302 3340 1444 3392 κατὰ
1466 3344 1646 3394 πᾶσαν
1674 3345 1795 3399 Ἐκ»

231 3418 462 3488 κλησίαν
519 3423 729 3491 ἀγαθὴν
761 3424 873 3494 ἔχει
925 3427 1024 3496 τὴν
1078 3429 1430 3482 κατάστασιν⁸
1479 3435 1683 3489 τούτων
1739 3439 1794 3492 δὲ

230 3511 533 3580 ἀνωμάλως
590 3515 845 3582 ἑχόντων,
900 3517 1110 3587 ἀνάγκη
1161 3521 1295 3573 πολὺ
1340 3525 1520 3593 χεῖρον
1569 3529 1637 3579 τά
1693 3530 1794 3592 ἔξω

232 3602 594 3655 καθίστασθαι
622 3607 942 3674 πράγματα.
965 3609 1148 3676 Μηδὲν
1178 3605 1270 3663 οὖν
1303 3630 1360 3664 σε
1385 3615 1542 3668 τοῦτο
1569 3619 1790 3683 ἀνιάτω,

231 3693 408 3756 καθὼς
435 3692 672 3762 εἴρηται,
709 3696 843 3746 ἀλλά
877 3698 1074 3763 μᾶλλον
1105 3699 1238 3754 θεοῦ
1288 3704 1535 3773 εὐμενῶς
1575 3707 1796 3761 ὲπιϐλέ-

233 3798 443 3849 ποντος,
473 3785 566 3834 καὶ
590 3783 688 3853 τὴν
735 3785 1055 3857 ἀπαλλαγὴν
1102 3789 1175 3851 ὣς
1207 3806 1270 3856 γε
1323 3794 1661 3865 πεποίθαμεν
1696 3801 1794 3868 τῆς

229 3875 383 3925 νόσου
413 3874 665 3942 διδόντος,
701 3878 794 3930 καὶ
824 3879 945 3946 δίχα
985 3881 1082 3950 τῆς
1113 3881 1220 3934 τῶν
1268 3887 1794 3954 παρακελευομένων

230 3969 534 4039 ἐπιτροπῆς
567 3970 641 4039 μὴ
672 3970 940 4044 βραδύνῃς
972 3974 1321 4029 καταλαϐεῖν.
1375 3977 1446 4028 Τὸ
1483 3979 1538 4030 δὲ
1573 3982 1793 4048 χαρτίον

226 4060 254 4112 ὃ
285 4061 634 4130 ὑπεσχόμεθα
665 4060 785 4112 οὔτε
831 4062 1099 4134 ἀναϐολῆς
1138 4066 1364 4135 τινοςῆ
1435 4071 1794 4138 μεταμελείας

226 4155 587 4221 ἐγγενομένης
617 4153 777 4222 μέχρι
823 4152 914 4205 τοῦ
956 4154 1049 4205 νῦν
1082 4155 1190 4208 τῶν
1222 4157 1329 4209 σῶν
1361 4160 1666 4230 ἀπελείφθη
1689 4180 1797 4231 χει-

230 4244 361 4312 ρῶν
392 4246 484 4296 καὶ
528 4241 636 4310 γάρ
667 4244 761 4295 καὶ
798 4245 903 4313 πρὸ
932 4246 1028 4312 τῆς
1081 4246 1231 4314 ἱερᾶς
1293 4249 1657 4320 πανηγύρεως
1698 4251 1793 4304 τοῦ

232 4336 470 4405 μεγάλου
505 4338 726 4404 γέγονεν
775 4337 1123 4390 Ἀποστόλου.
1178 4338 1316 4392 Ἀλλ’
1367 4341 1448 4393 ὅτι
1486 4340 1634 4409 λόγοι
1679 4346 1794 4406 τοῖς

230 4429 360 4482 ὠσὶν
396 4430 553 4500 ἡμῶν
584 4430 894 4498 προσῄεσαν
926 4429 1025 4492 τὴν
1052 4433 1149 4499 σὴν
1194 4433 1627 4502 ἀπαγγέλλοντες
1653 4428 1792 4505 μετὰ

1900 1884 2044 1946 teras
2070 1889 2405 1944 calamitates
2422 1904 2517 1942 vos
2546 1899 2598 1941 et
2621 1888 2672 1940 iu
2701 1888 2951 1944 morbum
3004 1889 3261 1944 incidisse
3292 1908 3306 1944 :
3334 1905 3474 1958 prae-

1897 1982 2083 2039 sertim
2138 1995 2262 2035 cum
2325 1979 2679 2033 attendimus.
2715 1980 2980 2048 temporis
3026 1980 3278 2034 inccndio
3329 1981 3476 2050 quod

1898 2073 1970 2130 ibi
2017 2072 2220 2128 versari
2261 2071 2458 2125 ferunt.
2523 2069 2660 2124 lllud
2697 2086 2794 2124 nos
2833 2071 3474 2136 vehementeraﬂlixitet

1897 2165 2102 2235 adﬂigit,
2139 2165 2244 2218 etsi
2291 2163 2488 2219 divinae
2536 2161 2841 2217 clementia:
2870 2177 3017 2230 spes,
3051 2163 3272 2217 meliora
3305 2164 3478 2233 subji-

1897 2255 2072 2316 cieus,
2105 2252 2308 2322 aliquid
2346 2267 2445 2306 nos
2491 2250 2623 2304 sinit
2643 2265 2708 2302 ex
2741 2251 2950 2307 doloris
2992 2253 3231 2321 pondere
3260 2255 3475 2307 auferre

1898 2343 2013 2399 haec
2039 2353 2221 2398 autem
2253 2343 2625 2412 apprehensio
2660 2358 2770 2396 non
2811 2351 2894 2398 est
2923 2359 3067 2411 aegre
3099 2344 3341 2398 ferenda.
3377 2345 3480 2400 Ne—

1896 2436 2167 2489 cessarius
2198 2436 2342 2488 enim
2395 2439 2478 2488 est
2506 2442 2632 2487 tuus
2661 2434 2727 2486 ad
2770 2435 3118 2505 commissam
3151 2435 3245 2492 tibi
3275 2451 3304 2490 a
3352 2435 3475 2505 Spi-

1898 2527 2003 2583 ritu
2026 2536 2216 2581 sancto
2251 2525 2557 2582 Ecclesiam
2608 2525 2838 2589 reditus,
2901 2526 3156 2580 Attamen
3198 2543 3321 2582 cum
3387 2544 3475 2584 res

1897 2626 2020 2688 post
2049 2625 2202 2672 tuum
2227 2618 2526 2672 discessum
2559 2618 2742 2690 (haud
2761 2619 2874 2673 seio
2903 2620 3179 2690 quomodo
3209 2620 3275 2672 ad
3336 2620 3478 2674 hanc

1897 2709 2234 2761 devenerunt
2274 2707 2523 2776 formam)
2569 2717 2715 2761 tuam
2767 2710 3048 2778 requirant
3080 2685 3474 2780 ‘irazseutiaui,

1896 2794 2279 2847 attendendum
2332 2804 2412 2849 est
2455 2797 2696 2850 secundo
2731 2799 2894 2852 rebus
2930 2798 3217 2868 hujus-loci
3261 2805 3466 2870 potius,

1896 2899 2057 2953 quain
2111 2884 2176 2936 ad
2224 2899 2327 2938 nos
2361 2886 2780 2941 deveniendum.
2820 2887 2940 2944 Scis
2993 2893 3137 2945 enim
3193 2893 3354 2961 rebus
3386 2896 3473 2947 hic

1897 2977 2033 3041 bene
2051 2976 2365 3041 ﬂuentibus,
2397 2979 2570 3034 latius
2591 2995 2809 3048 quoque
2837 2981 3093 3036 Ecclesia:
3127 2986 3329 3039 bonum
3354 3000 3474 3040 esse

1897 3079 2096 3124 statum
2127 3086 2140 3120 :
2175 3070 2256 3124 bis
2292 3081 2469 3125 autem
2521 3073 2658 3126 male
2706 3073 3067 3136 habentibus,
3105 3092 3329 3131 necesse
3391 3087 3476 3132 cst

1823 3145 1865 3201 Ο
1899 3160 2071 3213 multo
2106 3161 2262 3229 pejus
2288 3177 2343 3215 se
2372 3161 2569 3217 habere
2587 3179 2672 3218 res
2701 3166 3021 3220 exteriores.
3071 3166 3284 3222 Nullam
3315 3168 3479 3236 igitur

1896 3249 2027 3304 illud
2059 3250 2158 3304 tibi
2189 3253 2489 3307 inolesliam
2534 3252 2744 3317 aﬂerat,
2776 3265 2835 3309 ut
2857 3255 3067 3310 dictum
3107 3268 3191 3313 est
3213 3275 3230 3324 ;
3256 3260 3350 3314 sed
3385 3276 3477 3328 po-

1899 3342 2028 3403 tius,
2058 3341 2164 3396 Deo
2191 3345 2486 3398 clementer
2520 3346 2879 3414 respiciente,
2914 3357 2966 3401 et
2991 3349 3394 3413 remissionem,
3423 3360 3477 3402 ut

1894 3433 2084 3488 saltem
2124 3434 2470 3498 conﬁdimus,
2500 3437 2676 3489 morbi
2699 3439 3054 3500 concedente,
3078 3441 3239 3494 etiam
3270 3446 3478 3507 absque

1896 3523 2230 3577 hortantium
2264 3525 2626 3592 permissionc
2653 3527 2936 3596 suscipere
2975 3543 3176 3583 munus
3210 3546 3276 3584 ne
3319 3521 3510 3586 diﬂ‘e?

1895 3630 2006 3669 ras.
2026 3614 2227 3668 Charta
2277 3624 2456 3670 autem
2505 3633 2668 3684 quam
2706 3621 3158 3685 promiseramus,
3219 3624 3365 3676 nulla
3399 3624 3478 3675 fa-

1896 3715 2040 3761 ctuni
2091 3717 2173 3760 est
2205 3707 2694 3773 procrastinationc
2723 3719 2816 3763 aut
2853 3712 3022 3764 animi
3085 3715 3386 3774 mutatione
3419 3725 3479 3769 ut

1899 3799 2182 3868 hucusque
2213 3799 2354 3852 absit
2381 3814 2407 3850 a
2439 3802 2545 3853 tuis
2604 3801 2856 3856 manibus
2890 3821 2902 3856 :
2938 3818 3064 3856 nam
3093 3815 3219 3858 ante
3277 3805 3475 3860 festum

1897 3892 2073 3954 magni
2109 3889 2351 3956 Apostoli
2406 3891 2644 3958 perfecta
2698 3901 2799 3945 est.
2842 3893 2944 3955 Sed
2981 3910 3102 3948 cum
3163 3897 3228 3950 ad
3262 3908 3475 3953 nostras

1895 3996 2056 4033 aures
2111 3996 2391 4036 sermones
2459 3982 2806 4050 pervenerint
2875 3987 3266 4041 annuntiantes
3319 4001 3472 4043 tuum

1897 4068 2247 4145 past'festuut
2281 4071 2329 4123 in
2364 4070 2550 4124 urbem
2599 4072 2832 4126 celerem
2865 4063 3117 4138 reditum,
3151 4075 3273 4128 inde
3333 4078 3473 4130 laeta

1895 4172 1976 4214 est
2005 4161 2215 4215 dilatio.
2269 4159 2423 4216 Nunc
2471 4172 2654 4215 autem
2693 4163 2833 4216 hanc
2887 4165 3139 4220 misimus
3176 4175 3318 4220 utet
3371 4181 3472 4221 nos

1897 4253 2032 4306 citra
2063 4253 2378 4306 indecorant
2412 4255 2783 4322 suspicionem
2815 4253 3103 4323 degamus.
3142 4255 3272 4310 Vale
3322 4272 3472 4324 ergo,

1897 4347 1973 4398 liii
2020 4347 2414 4410 sacratissime,
2451 4361 2657 4401 memor
2703 4347 2756 4400 in
2797 4349 2904 4402 tuis
2963 4350 3170 4404 sanctis
3223 4351 3473 4418 precibus

1895 4446 2096 4492 nostra:
2129 4438 2476 4492 humilitatis.
2975 4468 2996 4506 ,-

229 4525 325 4590 τὴν
361 4525 672 4593 πανήγυριν
716 4524 802 4576 διὰ
833 4524 1030 4594 τάχους
1076 4528 1213 4595 πρὶς
1264 4531 1363 4598 τὴν
1400 4531 1551 4582 πόλιν
1595 4533 1950 4602 ἀνακομιδὴν,
2023 4534 2245 4602 γέγονεν
2304 4538 2336 4603 ἡ
2368 4537 2680 4606 ὐστέρησις.
2716 4539 2832 4591 Νῦν
2893 4539 2948 4590 δέ
2981 4556 3061 4592 σοι
3125 4543 3282 4594 τοῦτο
3303 4541 3474 4594 ἀπεσ-

229 4613 505 4682 τείλαμεν,
574 4616 660 4666 ἵνα
693 4614 786 4667 καὶ
850 4617 1008 4685 ἡμεῖς
1049 4619 1331 4683 ἀπρεποῦς
1381 4622 1634 4684 ὑπονοίας
1689 4625 1792 4687 ἔξω
1830 4625 2184 4695 διατελῶμεν.
2239 4628 2491 4696 Ἔρρωσό
2561 4645 2675 4697 μοι,
2725 4629 2914 4682 τέκνον
2977 4628 3293 4698 ἱερώτατον,
3328 4647 3472 4700 μεμ-

229 4707 458 4775 νημένος
493 4708 549 4758 ἐν
577 4709 696 4767 ταῖς
723 4704 895 4768 ὁσίαις
929 4707 1110 4775 εὐχαῖς
1149 4711 1245 4776 τῆς
1291 4712 1446 4788 ἡμῴν
1488 4717 1859 4786 μετριότητος.

756 4819 853 4873 ΜΒ
870 4821 904 4876 “.
941 4821 1027 4885 Td)
1044 4822 1224 4887 αὐτῷ.
1821 4815 1873 4872 Ι)

303 4937 433 4988 Ὅτε
469 4934 530 4987 τὸ
567 4935 802 5004 γράμμα
831 4935 928 5004 τῆς
960 4936 1114 5004 ὑμῶν
1147 4939 1539 5010 ἀρχιερατικῆς
1592 4943 1794 4995 τελειό-
1831 4953 1836 4956 ’

2449 4835 2603 4904 XLII.
2667 4835 2871 4891 Eidem.

1967 4943 2195 5010 Quando
2250 4945 2460 4998 litteras
2504 4958 2694 5000 vestra:
2744 4946 3033 5014 pontificia:
3077 4951 3380 5006 sanctitatis
3413 4953 3465 5006 in

225 5045 387 5098 τητος
414 5027 603 5097 χερσὶν
631 5026 951 5096 ἐδεξάμεθα,
1005 5029 1115 5082 τῶν
1149 5033 1486 5102 συνεχόντων
1515 5035 1658 5104 ὑμᾶς
1692 5035 1788 5086 λυ-

229 5116 422 5186 πηρῶν
462 5116 690 5186 βραχεῖά
708 5133 788 5178 τις
814 5116 993 5182 ἄνεσις
1024 5119 1326 5189 προσῆλθεν
1352 5122 1509 5192 ἡμῶν
1529 5126 1594 5192 τῇ
1619 5125 1792 5194 ψυχῇ,

227 5211 288 5262 τὸ
317 5215 416 5278 μὲν
447 5211 528 5262 ὅτι
572 5208 905 5277 ποθουμένου
957 5211 1150 5263 τέκνου
1207 5213 1302 5264 καὶ
1351 5214 1581 5280 ἀδελφοῦ
1614 5214 1794 5282 λόγοις

228 5302 452 5370 ἔμελλον
487 5303 856 5370 ἐντυγχάνειν,
904 5302 965 5354 τὸ
1008 5302 1066 5354 δὲ
1118 5305 1198 5356 ὅτι
1233 5305 1327 5358 καὶ
1379 5305 1682 5375 ἠλπίζομεν
1728 5310 1786 5360 οὐ

228 5391 654 5461 προσαγγέλλειν
685 5395 816 5463 ἡμῖν
846 5391 904 5444 τὸ
953 5393 1188 5462 γράμμα
1217 5393 1251 5448 ἂ
1276 5397 1639 5466 προσήγγειλε
1695 5397 1790 5450 λυ-

227 5485 378 5554 πηρά
453 5485 732 5554 (Λυπηρὸν
761 5477 867 5554 γὰρ
901 5487 934 5554 ἡ
954 5486 1060 5538 τῶν
1088 5487 1291 5541 τέκνων
1323 5489 1584 5560 κάκωσις)
1617 5507 1631 5522 ο
1654 5491 1790 5544 ἀλλά

235 5579 432 5646 μᾶλλον
467 5580 535 5631 τὰ
560 5579 818 5648 ἡδύνοντα
845 5578 938 5630 καὶ
973 5579 1202 5648 φέροντα
1224 5580 1603 5649 ψυχαγωγίαν,
1641 5584 1707 5652 ἢν
1731 5585 1792 5635 ἐκ

229 5670 322 5724 τοῦ
353 5671 684 5739 διακομίζειν
707 5671 767 5723 τὸ
792 5673 1013 5742 μήνυμα
1038 5673 1140 5740 τῆς
1175 5674 1445 5742 ὑμετέρας
1477 5675 1665 5743 ὑγείας
1700 5680 1794 5730 καὶ

228 5763 332 5817 τῶν
371 5766 705 5834 πραγμάτων
733 5765 830 5834 τῆς
855 5764 974 5818 καθ’
1002 5767 1147 5834 ἡμᾶς
1184 5765 1510 5838 Ἐκκλητίας
1540 5771 1595 5824 ἐν
1627 5772 1795 5843 X920-

1899 5053 2094 5090 mauus
2151 5038 2477 5104 accepimus,
2541 5037 2909 5090 molestiarum
2957 5056 3076 5108 qua:
3123 5056 3226 5095 nos
3287 5054 3470 5096 tenent

1899 5125 2078 5180 brevis
2116 5128 2359 5194 quaedam
2405 5127 2652 5180 remissio
2709 5129 2901 5182 animae
2956 5139 3158 5185 nostrae
3208 5136 3464 5196 accessit,

1897 5227 2008 5271 tum
2027 5219 2152 5286 quia
2185 5219 2628 5272 desideratissimi
2654 5219 2744 5271 lilii
2766 5231 2816 5273 et
2843 5218 3028 5276 fratris
3061 5223 3220 5276 verbo
3245 5238 3466 5278 eramus

1898 5312 2161 5376 audituri,
2189 5322 2301 5365 tum
2319 5315 2442 5379 quia
2463 5314 2816 5380 sperabamus
2850 5329 2955 5366 non
2979 5316 3133 5368 nobis
3165 5317 3356 5369 adet-re
3380 5318 3466 5368 lit-

1893 5386 2051 5460 teras:
2075 5404 2206 5458 illud
2249 5405 2390 5473 quod
2439 5406 2734 5458 attulerunt
2782 5408 3036 5460 acerbum
3081 5409 3255 5472 (triste
3321 5409 3463 5460 enim

1895 5502 2036 5567 quod
2071 5499 2162 5552 lilii
2183 5499 2323 5552 male
2348 5500 2599 5567 habeant)
2623 5518 2636 5564 ;
2659 5500 2752 5553 sed
2778 5499 2951 5566 potius
2981 5499 3219 5567 jucunda
3241 5500 3465 5567 iactaque

1897 5591 2154 5658 perferre,
2176 5591 2369 5659 quippe
2390 5608 2510 5660 (ιιιίυ
2536 5592 2836 5644 indicarent
2866 5599 2918 5642 et
2938 5606 3032 5643 vos
3059 5591 3258 5655 valere,
3288 5602 3339 5642 et
3372 5607 3461 5643 res

1899 5680 2156 5735 Ecclesiae
2197 5689 2394 5735 nostra:
2429 5681 2480 5733 in
2509 5680 2724 5733 Christo
2760 5679 2869 5733 Deo
2899 5690 3090 5734 nostro
3135 5680 3325 5732 melius
3366 5679 3463 5730 ha-

1903 5777 2047 5829 bere.
2088 5772 2241 5829 Nunc
2291 5754 2417 5829 rcro
2469 5774 2684 5842 quidem
2737 5773 3110 5829 revelavcrunt
3151 5771 3345 5826 morbo
3376 5771 3464 5826 de-
