4038 6354
638 382 745 446 235

1770 378 2086 440 NICOLAI
2124 379 2235 439 GP.
2274 376 2781 439 PATRIARCIIE

3768 370 3861 438 236

644 492 872 555 scilicet,
904 499 959 545 ct
1007 505 1151 545 nunc
1197 488 1309 560 jam
1347 487 1488 557 apud
1524 501 1621 542 eos
1647 486 1739 557 qui
1786 501 1911 541 vere
1943 487 2083 541 bona
2118 500 2213 539 no-

2323 486 2380 557 ῆν
2412 484 2508 539 καὶ
2538 484 2633 538 νῦν
2669 482 2820 555 παρά
2846 485 2958 549 τοίς
2990 482 3206 554 ἀληθῶς
3242 484 3308 537 τὰ
3336 483 3477 539 καλά
3509 482 3675 536 εἰδόσι
3708 501 3868 553 μακι-

644 594 772 639 rnnt
820 582 1194 645 felicissimus,
1236 581 1345 637 eris
1385 587 1440 635 et
1485 579 1538 634 in
1585 594 1754 650 regno
1793 578 2058 634 caelorum
2090 594 2213 634 cum

561 741 565 744 ,
642 678 724 731 eis
763 678 918 745 quia
957 675 1065 730 Deo
1116 674 1492 729 beatificantur
1546 673 1749 729 ditatus
1798 680 1854 727 et
1902 670 2216 743 conglorili-

643 782 817 821 tlﬂlllS.

622 860 830 915 XLVI.
882 858 1245 931 Inclyiissimo
1285 869 1337 915 et
1380 858 1568 931 dilecto
1615 856 1734 931 ﬁlio
1770 864 1973 931 nostra,
2012 854 2217 910 illustri

1021 930 1266 1001 Abasgiu:
1296 929 1522 1000 regionis
1561 928 1811 997 principi.

718 1045 791 1099 De
823 1058 1074 1107 excessu,
1116 1043 1187 1097 lili
1225 1051 1430 1107 noster,
1461 1040 1536 1095 tui
1583 1039 1882 1095 beatissimi
1922 1039 2092 1108 patris
2119 1038 2216 1093 do-

648 1137 873 1200 luimus,
905 1136 1048 1192 sicut
1072 1136 1319 1198 decebat,
1350 1144 1403 1188 et
1452 1134 1532 1189 tui
1578 1132 1751 1203 ipsius
1806 1130 2217 1187 considerantes

648 1229 829 1283 cordis
863 1230 1076 1299 plagam
1116 1243 1225 1298 prae
1259 1226 1470 1290 dolore,
1512 1234 1569 1281 et
1608 1235 1928 1280 ceterorum
1956 1223 2217 1279 omnium

647 1329 915 1391 quotquot
935 1321 1162 1391 diligere
1194 1327 1468 1374 noverunt
1501 1317 1677 1372 virum
1711 1317 1916 1371 virtute
1941 1325 2216 1380 ornatum,

648 1410 829 1480 qualis
881 1411 1065 1480 utique
1117 1418 1237 1465 erat
1296 1420 1424 1465 tuus
1476 1416 1629 1479 pater
1662 1407 1734 1463 ab
1785 1408 2045 1464 omnibus
2076 1407 2219 1463 cele-

650 1500 841 1556 bratus
889 1509 942 1556 et
988 1500 1264 1556 laudatus.
1318 1499 1532 1555 Doloris
1572 1509 1752 1554 tamen
1797 1498 2219 1552 allevamentum

648 1591 961 1656 habuimus,
991 1592 1135 1662 quod
1171 1598 1225 1648 te
1255 1606 1477 1663 germen
1540 1590 1661 1660 ejus
1693 1590 1991 1661 genuinum
2018 1597 2075 1644 et
2102 1587 2218 1643 [ιιι-

645 1694 793 1737 ctum
825 1683 1051 1739 seminis
1082 1682 1201 1753 ejus
1232 1682 1413 1738 divina
1434 1681 1780 1737 Providentia
1822 1679 2091 1751 judicavit
2120 1694 2219 1749 po-

646 1782 894 1828 lesiatem
938 1774 1274 1844 principatus
1307 1771 1425 1841 ejus
1468 1771 1769 1841 suscipere,
1800 1780 1859 1826 et
1895 1770 2052 1841 quasi
2083 1769 2221 1825 ima-

2318 574 2504 645 ριστδς
2534 573 2635 645 ἔσῃ
2666 576 2723 626 ἐν
2751 575 2817 643 τῇ
2866 573 2976 627 τῶν
3027 574 3271 645 οὐρανῶν
3319 573 3564 644 βασιλείᾳ
3591 574 3704 635 τοῖς
3737 579 3870 644 παρὰ

2316 664 2453 740 Θερῦ
2485 664 2956 736 μακαριζομένοις
3005 665 3365 736 συμπλουτῶν
3415 665 3509 718 καί
3568 664 3870 729 συνδοξαζόο

2320 774 2505 827 μενος.
3354 826 3358 833 ι

2318 845 2465 915 MCT.
2488 845 2570 910 Τῷ
2587 848 3054 916 ὑπερφυεστάτφ
3086 850 3182 901 καί
3207 847 3570 917 ἠγαπημένῳ
3595 847 3762 917 ἡμῶν
3779 845 3873 911 υἱῷ

2491 916 2571 982 τῷ
2600 918 2892 986 περιδόξῳ
2932 916 3303 988 ὲξουσιαστῇ
3365 916 3708 990 ’Μῶφι-[ας.

2401 1029 2525 1082 Ἐπὶ
2555 1027 2631 1098 τῷ
2659 1029 2947 1100 χωρισμῷ,
2981 1028 3169 1082 τέκνον
3198 1027 3375 1098 ἡμῶν,
3408 1027 3499 1081 τοῦ
3531 1028 3871 1101 μακαριωτὰο

2316 1138 2412 1175 του
2442 1122 2650 1191 πατρός
2683 1137 2781 1175 σου
2823 1122 3198 1192 ἑλυπήθημεν,
3239 1120 3428 1193 ὥσπερ
3477 1116 3546 1193 ἦν
3574 1122 3872 1188 ἀκόλουθον,

2318 1213 2419 1281 τήν
2455 1229 2514 1265 τε
2551 1214 2651 1284 σὴν
2699 1213 3009 1278 ἐννοοῦντες
3054 1214 3148 1268 ἐπὶ
3188 1212 3264 1284 τῷ
3310 1212 3474 1268 πάθει
3522 1213 3738 1285 πληγὴν
3787 1215 3876 1282 τῆς

2319 1301 2570 1371 καρδίας,
2612 1304 2709 1357 καὶ
2729 1303 2839 1357 τῶν
2876 1303 3054 1358 ἀλλων
3085 1306 3199 1375 ὅσοι
3240 1303 3415 1374 φιλεῐν
3448 1291 3654 1377 οἴδασιν
3678 1306 3878 1378 ἀνθρω-

2318 1414 2420 1451 πον
2469 1398 2640 1470 ἀρετῇ
2693 1398 3135 1470 κεκοσμημένον,
3186 1399 3421 1469 μάλιστα
3459 1394 3573 1464 οἷος
3618 1394 3686 1470 ἦν
3717 1400 3748 1453 ό
3796 1402 3877 1462 σδς

2318 1489 2503 1562 πατὴρ
2537 1490 2691 1562 παρὰ
2724 1490 2943 1545 πάντων
2976 1492 3074 1546 καὶ
3107 1490 3505 1562 ἐπαινούμενος
3552 1492 3645 1545 καὶ
3675 1492 3878 1562 θαυμαο

2320 1584 2575 1654 ζόμενος.
2604 1581 2752 1654 Πλὴν
2774 1582 2996 1654 εῐχομεν
3019 1583 3122 1654 τῆς
3146 1582 3325 1655 λύπης
3352 1583 3699 1655 ἀπαλλαγὴν,
3726 1584 3805 1639 ὅτι
3828 1585 3880 1639 σε

2322 1673 2550 1745 βλαστὸν
2577 1674 2745 1729 αὐτοῦ
2782 1674 2916 1730 δντα
2940 1677 3192 1746 γνήσιον,
3231 1679 3329 1731 καὶ
3359 1678 3571 1749 καρπὸν
3610 1679 3714 1750 τῆς
3746 1678 3883 1734 εκεί-

2321 1782 2414 1820 νου
2446 1768 2680 1838 σπορᾶς,
2707 1767 2741 1843 ᾗ
2779 1764 2902 1820 θεία
2951 1766 3213 1840 εὐδόκησε
3231 1770 3463 1841 Πρόνοια
3497 1771 3592 1825 καὶ
3616 1770 3715 1842 τὴν
3744 1771 3883 1838 έεουο

648 1866 826 1936 ginem
855 1865 1143 1933 quamdam
1171 1864 1320 1921 cerni
1350 1863 1470 1933 ejus
1510 1865 1707 1933 populo
1736 1861 1884 1917 dedit
1914 1876 2012 1931 pro
2042 1878 2105 1918 eo
2129 1862 2222 1935 qui

2327 1856 2449 1911 σίαν
2476 1848 2773 1930 ⁶εῆςίὰρχῆς
2806 1858 3190 1927 ἀναδέξασθαι,
3226 1862 3318 1914 καὶ
3341 1860 3533 1934 ὥσπερ
3554 1863 3749 1918 εἰκόνα
3775 1865 3884 1918 τινὰ

647 1972 679 2010 c
727 1971 863 2010 vana
915 1954 1003 2010 illa
1042 1956 1152 2010 vita
1180 1955 1437 2012 decessit.
1468 1955 1581 2010 Hoc
1625 1963 1871 2009 nostrum
1903 1954 2100 2009 levavit
2122 1953 2220 2009 do-

649 2050 818 2102 lnrem
848 2057 900 2102 ct
920 2047 987 2102 atl
1016 2047 1218 2117 gratias
1249 2046 1361 2103 Deo
1393 2044 1706 2102 referendas
1729 2044 1967 2117 impulit.
1992 2044 2058 2099 Et
2092 2060 2218 2115 gra-

648 2142 755 2195 tias
806 2139 1092 2195 retulimus
1121 2138 1501 2201 etreferimus,
1531 2138 1882 2208 divinamque
1914 2138 2216 2193 benitatem

649 2244 934 2299 precamur
975 2238 1034 2281 ut
1066 2227 1119 2281 in
1169 2226 1320 2281 nullo
1356 2236 1407 2282 te
1439 2226 1626 2297 patria:
1660 2226 1918 2282 deﬁciant
1965 2227 2215 2294 virtutes,

648 2318 741 2374 sed
785 2316 968 2389 potius
1012 2317 1443 2388 superemineas,
1468 2318 1704 2388 talisque
1738 2317 1838 2373 llas
1874 2317 1928 2372 in
1964 2318 2216 2373 subditos

649 2419 799 2479 pater
842 2418 894 2465 et
929 2411 1182 2479 princeps
1214 2418 1273 2463 ut
1298 2407 1483 2463 divina
1526 2408 1579 2462 in
1627 2414 1683 2463 te
1724 2408 1919 2464 electio
1963 2410 2219 2479 operibus

647 2502 995 2570 justifieatur,
1028 2511 1347 2571 patremque
1379 2506 1529 2554 tuum
1554 2499 1731 2555 adhuc
1760 2495 2054 2555 feliciorem
2087 2516 2225 2571 prae-

654 2596 785 2648 beas
816 2594 925 2649 tuis
961 2593 1206 2648 moribus
1235 2601 1437 2663 tuaque
1456 2592 1657 2646 virtute
1692 2591 1897 2661 tibique
1924 2600 1978 2646 et
2006 2592 2061 2646 in
2084 2607 2221 2662 pra:—

651 2682 791 2736 senti
816 2681 1014 2736 sazculo
1040 2690 1304 2736 aeternum
1335 2679 1503 2735 decus
1530 2694 1817 2750 compares
1854 2688 1909 2735 et
1946 2679 1999 2733 in
2037 2678 2222 2736 futuro

653 2771 1015 2826 immortalem
1060 2769 1287 2840 gloriam
1337 2776 1393 2825 et
1426 2769 1690 2824 honorem
1724 2778 1778 2824 et
1802 2768 2219 2838 jucundltatem.

2324 1948 2404 2021 τῷ
2436 1948 2624 2021 οἰκείῳ
2658 1951 2801 2005 ἔθνει
2843 1954 2966 2006 ἀντὶ
3015 1952 3113 2006 τοῦ
3150 1955 3515 2025 χωρισθέντος
3542 1957 3609 2011 έκ
3638 1956 3744 2027 τῆς
3790 1976 3883 2028 με·

2325 2041 2487 2105 ταίας
2514 2041 2724 2113 ταύτης
2761 2043 2910 2113 ζωῆς
2943 2044 3217 2115 παρέσχεν
3250 2047 3508 2115 ὁρᾶσθαι.
3538 2047 3714 2103 Τοῦτο
3750 2052 3883 2121 ἡμᾶς

2324 2128 2604 2205 ἀπήλλαξε
2664 2136 2765 2206 τῆς
2825 2135 3042 2207 λύπης,
3094 2140 3190 2191 καὶ
3253 2139 3457 2207 μᾶλλον
3517 2140 3660 2212 πρὸς
3747 2142 3887 2195 θείαν

2323 2221 2673 2294 εὐχαριστίαν
2754 2226 3109 2297 μετήνεγκεν.
3206 2229 3316 2282 Καὶ
3406 2230 3881 2303 ηὐχαριστήσαμεν

2324 2315 2417 2368 καὶ
2486 2314 2958 2389 εὐχαριστοῦμεν,
3016 2317 3263 2390 δεόμενοι
3316 2313 3417 2390 τῆς
3481 2321 3673 2393 θεῖκῆς
3755 2326 3883 2394 ἀγα-

2324 2406 2546 2478 θότητος
2622 2411 2682 2462 έν
2741 2411 2931 2483 μηδενί
3010 2429 3069 2465 σε
3128 2413 3238 2466 τῶν
3313 2416 3597 2485 πατρικῶν
3674 2415 3885 2469 ἀπολει-

2326 2498 2526 2571 φθῆναι
2570 2501 3037 2574 κατορθωμάτων,
3097 2504 3239 2559 sua:
3288 2506 3491 2577 μᾶλλον
3540 2508 3884 2581 ὐπερόαλεῖν,

2326 2592 2422 2643 καὶ
2476 2592 2729 2659 γενέσθαι
2764 2594 3011 2648 τοιοῦτον
3040 2597 3098 2649 ὲν
3127 2598 3241 2659 τοῖς
3296 2597 3631 2670 ὑποχειρίοις
3678 2601 3884 2672 πατέρα

2325 2681 2422 2735 καὶ
2458 2682 2721 2755 ἄρχοντα,
2752 2681 2865 2750 οἷος
2896 2689 2988 2741 καί⁸
3019 2687 3118 2759 τὴν
3160 2688 3255 2742 τοῦ
3297 2689 3433 2744 Θεοῦ
3465 2691 3644 2762 ψῆφον
3684 2694 3774 2745 ἐπ’
3802 2693 3884 2765 ἐρ·

2325 2788 2443 2840 γοις
2475 2776 2826 2848 μαρτυρῆσαι
2858 2779 3075 2835 δικαίαν
3113 2782 3206 2835 ἐπὶ
3238 2784 3319 2835 σοὶ
3354 2786 3648 2851 γενέσθαι,
3681 2784 3887 2840 καὶτὸν

652 2871 866 2937 πατέρα
908 2866 991 2919 ἔτι
1042 2866 1467 2937 μακαριώτερον
1523 2864 1802 2936 ἀποφῆναι
1850 2862 1941 2917 διά
1982 2864 2077 2918 τοῦ
2125 2865 2219 2920 σοῦ
2258 2870 2462 2939 τρόπου
2492 2872 2719 2943 καὶτῆς
2787 2874 3219 2944 καλοκάγαθίας,
3288 2879 3383 2932 καὶ
3421 2879 3634 2949 σεαυτῷ
3670 2880 3891 2950 ἀείμνη-

653 2980 778 3017 στον
808 2962 961 3025 κλέος
994 2960 1052 3014 ἐν
1082 2978 1142 3015 τε
1170 2961 1250 3033 τῷ
1284 2958 1513 3033 παρόντι
1541 2958 1700 3014 αἰῶνι
1722 2960 2211 3032 περιποιήσασθαι,
2253 2964 2345 3018 καί
2375 2965 2433 3018 ἰν
2456 2966 2535 3035 τῷ
2601 2966 2854 3037 μέλλοντι
2907 2969 3004 3041 τὴν
3059 2971 3329 3027 ἀθάνατον
3396 2972 3554 3039 δόξαν
3606 2975 3699 3028 καὶ
3729 2974 3891 3046 τιμὴν

652 3060 744 3113 καὶ
766 3056 1087 3112 ἀπόλαυσιν.

724 3151 1126 3207 Benedictionis
1168 3151 1346 3222 gratia
1387 3146 2101 3205 misimus'vestimentum.
2146 3147 2224 3204 De
2252 3158 2295 3216 c

654 3245 1067 3314 archiepiscopo
1129 3252 1307 3298 autem
1356 3241 1583 3306 Alaniae,
1623 3241 1721 3309 fili,
1770 3242 1917 3312 quod
1985 3242 2221 3298 scribam

652 3351 763 3391 non
793 3335 986 3389 habeo.
1022 3335 1139 3404 Ipse
1163 3334 1333 3395 enim.
1372 3340 1559 3403 utpote
1595 3334 1690 3402 qui
1727 3347 1789 3389 es
1842 3332 2150 3403 intelligens
2171 3341 2225 3386 et

650 3427 914 3499 prudens,
951 3426 1170 3496 scisque
1198 3441 1339 3497 opus
1369 3425 1513 3494 ejus,
1546 3441 1742 3494 nempe
1772 3426 1826 3481 in
1866 3426 2097 3480 salutem
2124 3425 2223 3480 ho-

652 3521 861 3575 minum
893 3527 947 3574 et
993 3520 1046 3575 in
1096 3520 1276 3589 magni
1317 3519 1555 3573 nominis
1589 3517 1683 3573 Dei
1733 3518 1971 3585 laudem,
2001 3517 2225 3571 omnino

651 3621 705 3665 et
748 3613 953 3681 absque
986 3610 1189 3666 nostris
1226 3610 1442 3673 litteris,
1492 3618 1711 3680 propter
1758 3608 2225 3679 repositam‘hinc

652 3703 845 3759 amicis
886 3703 979 3759 Dei
1022 3704 1548 3767 remunerationem,
1584 3711 1639 3756 et
1672 3701 1749 3755 illi
1781 3701 2141 3769 opitulaberis
2170 3708 2226 3755 et

652 3812 774 3850 cum
823 3810 889 3851 eo
950 3794 1169 3851 labores
1197 3795 1574 3866 participabis.
1607 3792 1673 3847 Et
1700 3795 1747 3849 sl
1771 3793 1901 3864 quid
1938 3808 2002 3848 ex
2028 3807 2224 3848 ncces-

652 3888 815 3944 sariis
860 3898 914 3942 et
967 3887 1035 3941 ad
1065 3888 1187 3942 vitae
1245 3890 1702 3942 sustentationem
1756 3885 1982 3940 utilibus
2029 3885 2085 3939 in
2124 3885 2225 3941 hac

651 3988 807 4051 gente
839 3991 893 4034 et
938 3980 990 4033 in
1022 3988 1165 4034 terra
1194 3978 1371 4032 aliena
1402 3978 1450 4032 ei
1482 3977 1655 4044 deest,
1691 3977 1857 4032 alacri
1889 3978 2073 4038 animo
2096 3993 2224 4047 sup-

650 4070 939 4140 peditabis,
990 4068 1097 4123 Deo
1128 4068 1224 4122 tibi
1273 4066 1588 4121 facultatem
1625 4066 1938 4131 tribuente;
2003 4066 2224 4134 erisque

652 4156 956 4231 et‘amplius
991 4176 1085 4228 per
1140 4159 1353 4229 e0piam
1383 4157 1553 4227 hujus
1573 4157 1847 4213 facultatis
1878 4158 1934 4213 in
1957 4156 2240 4211 auxilium.

654 4251 1029 4308 laborantibus
1061 4251 1413 4307 constitutus.

652 4435 1231 4493 XLVIl.Constantino
1277 4434 1449 4487 vicino
1509 4432 1877 4488 consolatorie:
1926 4433 2225 4492 litamus

1202 4520 1382 4559 sorore
1408 4505 1679 4572 defuncta.

665 4632 669 4637 ’
722 4623 881 4685 Cum,
913 4619 986 4674 illi
1011 4619 1086 4675 mi
1117 4618 1418 4683 benedicte,
1449 4617 1727 4686 inopinam
1750 4631 1871 4686 quae
1898 4615 1996 4671 tibi
2025 4616 2223 4673 accidit

652 4714 1019 4773 allllctioncm.
1066 4721 1122 4765 et
1152 4723 1402 4765 amarum
1463 4708 1703 4763 dolorem
1757 4722 1968 4764 mecum
2011 4718 2220 4778 reputo,

647 4802 946 4859 contrabor
962 4811 1017 4857 et
1036 4816 1137 4872 ego
1157 4816 1287 4857 voce
1308 4799 1598 4863 exstincta,
1633 4812 1743 4855 non
1774 4799 1946 4856 habeo
1965 4801 2111 4869 quod
2136 4800 2221 4854 di-

649 4912 793 4959 cam,
825 4904 920 4949 aut
948 4908 1112 4963 quam
1156 4893 1456 4949 orationem
1497 4892 1769 4947 inveniam
1805 4906 1928 4961 qua:
1951 4891 2221 4947 consolari

651 4990 1010 5058 possitneque
1040 4990 1333 5044 anitni'mei
1354 4988 1751 5059 :egritudinem,
1776 4998 2225 5063 nequete,nequc

651 5094 797 5132 tuam
835 5082 977 5148 piam
1010 5091 1266 5144 matrem,
1298 5094 1477 5148 neque
1511 5090 1740 5135 caeteros
1783 5080 2221 5147 consanguineos

649 5183 743 5226 aut
790 5175 1018 5239 amicos,
1044 5188 1276 5244 quorum
1312 5171 1657 5227 amarusille
1681 5170 1841 5227 dolor
1858 5162 2059 5241 pectus
2084 5172 2222 5225 dila-

650 5277 788 5322 mat.
837 5265 999 5338 Fugit
1027 5269 1169 5321 enim
1218 5282 1407 5337 revera
1454 5282 1668 5321 omnem
1700 5266 2135 5321 exhortationem
2165 5274 2220 5319 et

651 5360 1078 5415 censolationem
1095 5359 1183 5413 illa
1202 5376 1322 5429 qum
1342 5359 1469 5429 (Iteu
1488 5361 1499 5412 !
1517 5360 1790 5428 quomodo
1808 5359 1984 5413 dicam
2002 5357 2044 5427 ἲ)
2066 5356 2221 5411 nobis

652 5455 849 5506 accidit
887 5453 1193 5508 calamitas.
1245 5453 1383 5516 Quid
1418 5444 1561 5505 enini
1613 5452 1765 5519 prius
1797 5452 1919 5520 quis
1972 5448 2221 5518 lugebit?

654 5544 794 5598 Num
840 5545 957 5613 ejus
985 5562 1105 5615 qua:
1136 5562 1238 5601 nos
1273 5545 1489 5613 reliquit
1512 5554 1892 5614 praematurum
1921 5552 1975 5599 et
2020 5543 2071 5596 in
2101 5545 2219 5612 ipso

655 5636 831 5690 artatis
860 5634 991 5689 flore
1016 5646 1240 5705 sortem,
1271 5637 1359 5692 cui
1387 5651 1572 5690 amara
1604 5650 1753 5691 mors
1788 5652 1895 5689 non
1938 5636 2175 5704 pepercit
2201 5636 2213 5686 l

651 5731 791 5785 Num
814 5730 976 5799 hujus
998 5730 1182 5782 eximii
1215 5728 1465 5799 conjugis
1490 5728 1859 5791 solitudinem,
1887 5728 2055 5796 quiet
2080 5726 2214 5795 ipse,

650 5824 706 5879 in
736 5822 924 5881 eodem
952 5821 1109 5885 flore,
1157 5821 1204 5876 si
1236 5839 1339 5877 non
1372 5841 1401 5879 υ
1434 5822 1542 5878 vita
1590 5820 1847 5887 decessit,
1888 5819 2217 5901 amariorem

2249 4532 2303 4591 D

2409 3150 2838 3223 ’Δπεστείλαμεν
2885 3153 3135 3221 εὐλογίας
3177 3154 3337 3225 χάριν
3383 3156 3633 3226 ίμάτιοψ
3666 3159 3803 3230 περὶ
3840 3159 3891 3215 δὲ

2324 3241 2420 3296 τοῦ
2451 3245 2884 3315 ἀρχιεπισκόπου
2921 3246 3194 3312 ’Λλανίας,
3226 3247 3415 3302 τέκνον
3450 3249 3627 3320 ημῶν,
3662 3252 3889 3324 γράφειν

2325 3354 2377 3390 τι
2404 3336 2507 3389 οὐκ
2538 3336 2667 3406 ἔχω.
2717 3337 2890 3403 Δύτδς
2921 3338 3031 3411 γὰρ
3083 3340 3306 3405 συνετὸς
3353 3339 3430 3395 ὢν
3475 3342 3569 3395 καὶ
3606 3344 3887 3416 φρόνιμος,

2326 3428 2421 3481 καί⁵
2449 3427 2605 3495 εἰδὼς
2631 3430 2694 3483 τὸ
2722 3432 2933 3485 ἐκείνου
2978 3432 3166 3503 ἔργον,
3193 3434 3275 3488 ὅτι
3317 3434 3454 3507 πρὸς
3501 3436 3781 3507 σωτηρίαν
3809 3439 3891 3491 ἁν-

2326 3515 2583 3587 θρώπων,
2619 3520 2702 3573 ὃτι
2738 3523 2873 3590 πρὸς
2916 3522 3075 3590 δόξαν
3105 3523 3197 3578 τοῦ
3231 3526 3470 3595 μεγάλου
3507 3527 3780 3598 ὀνόματος
3805 3528 3889 3581 τοῦ

2325 3606 2484 3674 Θεοῦ,
2516 3610 2738 3675 πάντως
2767 3613 2863 3667 καὶ
2901 3613 3073 3685 χωρὶς
3107 3615 3386 3687 ἡμετέρας
3416 3618 3634 3688 γραφῆς
3673 3618 3770 3672 διὰ
3802 3621 3891 3690 τὴν

2323 3698 2697 3772 ἀποκειμένην
2731 3703 2942 3759 ἐκεῖθεν
2983 3707 3412 3777 μισθαποδοσίαν
3450 3712 3560 3774 τοῖς
3604 3709 3889 3779 φιλοθέοις,

2325 3792 2421 3846 καὶ
2464 3796 2955 3868 συνεπικουρήσεις
3013 3790 3184 3871 αὐτῷ,
3236 3802 3328 3856 καὶ
3375 3802 3747 3877 συναντιλήψῃ
3790 3803 3891 3858 τῶν

2326 3885 2539 3939 πόνων
2573 3888 2665 3941 καὶ
2698 3889 2752 3941 εί
2775 3906 2917 3952 τινος
2957 3892 3015 3944 ἐν
3062 3892 3207 3947 ἔθνει
3269 3894 3495 3966 τοιούτῳ
3529 3896 3623 3951 καὶ
3662 3900 3732 3969 γῇ
3771 3896 3888 3969 ξένη

2326 3975 2434 4031 τῶν
2465 3978 2778 4048 ἀναγκαίων
2810 3982 2905 4035 καὶ
2930 3983 3113 4038 ἄνεσιν
3150 3988 3217 4057 τῇ
3251 3987 3363 4059 ζωῇ
3396 3989 3676 4059 φερόντων
3708 3992 3891 4060 ἐνδεής

2325 4069 2462 4135 ἐστι,
2496 4069 2798 4141 προθύμως
2829 4074 3261 4147 επιχορηγήσεις
3290 4077 3386 4131 τοῦ
3418 4077 3557 4131 Θεοῦ
3610 4096 3691 4133 σοι
3729 4079 3888 4134 δύνα-

2330 4175 2423 4228 μιν
2480 4160 2887 4231 παρασχόντος·
2923 4164 3018 4217 καὶ
3053 4164 3173 4234 εἴης
3225 4166 3321 4220 καὶ
3367 4165 3448 4219 ἔτι
3485 4168 3582 4221 ἐπὶ
3614 4168 3780 4223 πλέον
3817 4171 3890 4232 είς

2326 4249 2589 4321 εὐπορίαν
2612 4250 2713 4321 τῆς
2743 4251 3002 4323 τοιαύτης
3031 4254 3309 4325 δυνάμεως
3343 4255 3740 4327 καθιστάμενος
3763 4258 3889 4330 βοη-

2295 4342 2442 4406 .θε⁴ίς
2473 4345 2588 4407 τοῖς
2625 4347 3048 4417 ἀπορουμένοις.

2362 4434 2495 4491 ιη’.
2527 4435 3486 4515 Κωνστᾳντίτκρᾷπᾳρακοιμωμένῳ
3511 4449 3858 4515 παραμυθη-

2647 4506 2780 4576 τικὴ
2808 4508 2902 4562 ἐπ’
2922 4506 3156 4579 ἀδελφῇ
3186 4506 3559 4582 κὸιμὴθείσῃ.

2404 4619 2597 4683 Ὅταν,
2648 4617 2841 4673 τέκνον
2905 4637 3005 4691 μου
3071 4620 3439 4692 εὐλογημένον
3489 4620 3741 4699 [τίμιον.]
3796 4627 3891 4699 τὴν

2326 4709 2746 4779 ἀπροσδοκήτως
2784 4709 3198 4765 καταλαῶῦσαν
3225 4710 3418 4783 θλίψιν,
3471 4713 3566 4767 καὶ
3602 4710 3665 4768 et
3698 4718 3889 4788 πικρὸν

2325 4797 2489 4874 ἄλγος
2517 4800 2779 4866 ὲννοήσω,
2800 4800 2935 4869 πρὸς
2962 4801 3205 4870 ἀφωνίαν
3232 4802 3592 4874 συστέλλομαι
3610 4806 3705 4860 καὶ
3732 4809 3889 4871 αὐτὸς

2327 4890 2569 4957 ἑγὼ,καὶ
2598 4892 2699 4944 οὐκ
2720 4892 2891 4961 ἐχωτί
2920 4894 3113 4966 είπωή
3148 4895 3265 4949 τίνα
3295 4896 3452 4964 λόγον
3465 4892 3611 4967 εὕρω
3634 4915 3889 4973 παραμυ-

2328 4981 2538 5036 θεῖσθαι
2562 4983 2861 5053 δυνάμενον
2890 4982 3012 5037 οὐτε
3039 4985 3136 5054 τῆς
3163 4988 3303 5059 ἐμῆς
3332 4988 3509 5059 ψυχῆς
3559 4993 3618 5045 τὸ
3644 4992 3887 5064 ἄλγημα,

2325 5073 2449 5127 οὔτε
2489 5074 2570 5139 σὲ,
2608 5074 2730 5128 οὔτε
2745 5075 2844 5145 τὴν
2865 5074 3082 5147 θεοφιλῆ
3109 5079 3343 5149 μητέρα,
3379 5078 3501 5133 οὐτε
3537 5083 3663 5144 τοὺς
3693 5083 3887 5144 ἄλλους

2328 5170 2608 5235 συγγενεῖς
2626 5168 2719 5221 καὶ
2736 5168 2944 5235 φίλους,
2978 5164 3051 5222 ὧν
3081 5170 3143 5223 τὸ
3162 5170 3359 5238 πικρὸν
3375 5170 3541 5224 τοῦτο
3573 5172 3745 5238 πάθος
3774 5175 3888 5229 δια-

2326 5261 2635 5331 σπαράσσει
2662 5260 2761 5330 τὴν
2781 5262 3029 5331 καρδίαν.
3060 5263 3206 5333 Νικᾷ
3234 5263 3340 5331 γὰρ
3366 5262 3441 5325 ὡς
3467 5264 3683 5336 ἀληθῶς
3710 5268 3887 5341 πᾶσαν

2327 5353 2675 5424 παρηγορίαν
2711 5355 2805 5407 καὶ
2852 5354 3203 5426 παράκλησιν
3245 5354 3418 5423 λόγων
3466 5357 3545 5421 τὸ,
3593 5359 3742 5429 οἴμοι
3772 5348 3885 5421 πῶς

2324 5444 2857 5515 εἴπω.οσυμ6ε6ηκὸς
2886 5447 3019 5517 ἡμῖν
3040 5444 3319 5515 ἀτύχημα.
3362 5446 3427 5501 Τί
3465 5449 3573 5519 γάρ
3599 5466 3683 5513 τις
3739 5449 3884 5522 πρῶ·

2324 5554 2415 5591 τον
2449 5537 2747 5607 πενθήσει;
2786 5540 2885 5607 τῆς
2936 5537 3339 5609 καταλιπούσης
3389 5541 3540 5611 ἡμᾶς
3573 5541 3634 5594 τὸ
3685 5541 3879 5613 ἄωρον.

2326 5631 2419 5683 και
2448 5628 2546 5699 τὴν
2584 5631 2641 5683 ὲν
2675 5631 2823 5701 αὐτῷ
2858 5631 2937 5701 τῷ
2958 5629 3111 5683 ἄνθει
3142 5632 3240 5703 τῆς
3270 5616 3483 5703 ἡλικίας
3530 5634 3725 5705 τομὴν,
3761 5636 3829 5706 ἣν
3854 5635 3882 5687 s

2328 5721 2523 5791 πικρὸς
2544 5723 2643 5776 οὐκ
2676 5723 2932 5790 ἐφείσατο
2961 5722 3185 5787 θάνατος
3222 5724 3575 5792 ἑπενεγκεῖν;
3608 5724 3642 5793 ἢ
3670 5725 3764 5797 τὴν
3790 5724 3879 5779 τοῦ

2326 5815 2492 5869 καλοῦ
2514 5814 2757 5885 συζύγου
2785 5817 2985 5887 ταύτης
3015 5818 3269 5887 μόνωσιν,
3296 5815 3351 5880 ὃς
3388 5816 3481 5873 καὶ
3516 5815 3675 5884 αὐτὸς
3699 5820 3755 5875 ἐν
3784 5821 3881 5883 ἴσῳ
