4038 6354
157 226 257 289 ΞΗ

1586 230 1994 292 ΕΡΙδΤΟιΑἳ.

3284 236 3392 299 242

157 336 277 406 Θεῷ
333 337 392 390 δὲ
434 339 872 411 πεφανερώμεθα
910 356 925 372 ⁸
962 340 1057 394 καὶ
1115 341 1215 394 οὐκ
1274 335 1421 393 ἔστιν
1459 339 1635 401 ἄλλως
1688 338 1721 409 ἦ

1852 337 2136 393 ιοιηίηἰὺυε
2195 336 2396 408 imponi
2450 347 2647 409 potest,
2689 337 2799 394 Deo
2852 350 3034 398 autem
3093 345 3398 399 revelantur

156 423 299 476 κατά
329 422 431 494 τὴν
456 426 734 496 μακαρίαν
764 423 983 497 ἐκείνην
1020 429 1293 494 γλῶσσαν,
1335 429 1435 497 τὴν
1468 427 1527 494 ἐξ
1565 428 1728 498 οὐρα-

158 513 249 564 νοῦ
289 510 582 579 λαλοῦσαν,
612 517 706 570 καὶ
749 516 872 588 οὐχὶ
910 518 1189 588 λογισμῶν
1246 518 1457 588 θνητῶν
1490 517 1585 572 καὶ
1632 517 1729 571 άν-

158 603 453 680 θρωπίνων
483 621 499 637 ο
541 607 642 677 δρα
679 607 751 679 δὴ
779 604 872 663 οὖν
911 611 1007 663 καὶ
1066 610 1151 674 σὺ,
1191 608 1393 679 μᾶλλον
1442 608 1500 662 δὲ
1539 609 1725 677 ὁρᾶτε,

160 693 253 754 οὓς
275 695 374 747 οὐκ
409 691 531 749 οἴδα
570 696 691 762 πῶς
731 684 1182 770 συμπαθέστεροι)
1217 699 1379 764 εἴπω,
1415 697 1727 777 δυστυχῶςς

1833 428 2018 483 omnia
2042 436 2427 500 nostra'atque
2476 430 2847 486 innotescunt.
2882 424 3006 489 lltec
3045 447 3217 503 pauca
3249 437 3404 493 vobis

1834 520 1907 576 sit
1931 521 2063 575 satis
2104 520 2325 584 dixisse,
2384 535 2523 588 quos
2573 536 2695 590 ego,
2740 532 2801 577 ut
2854 524 3142 581 mitissime
3197 528 3403 589 dicam.

1832 608 2033 664 infelici
2060 610 2193 665 satis
2225 610 2509 683 Ecclesia,
2540 592 2783 683 mihique
2824 613 3007 681 genui.
3030 612 3230 679 Quidni
3261 619 3405 670 enim

1838 716 1936 757 vos
1964 702 2041 756 sic
2069 702 2358 771 appellem,
2388 703 2480 772 qui
2519 718 2637 767 me,
2655 718 2819 773 quem
2850 706 3010 761 etiam
3034 707 3229 761 merito
3252 706 3401 763 dam-

159 785 384 854 ἐμαυτῷ
422 788 517 841 καὶ
543 790 610 859 τῇ
651 789 746 843 τοῦ
799 790 1035 861 Χριστοῦ
1065 789 1161 843 καὶ
1195 789 1331 842 Θεοῦ
1389 788 1734 859 άπεγέννησα

1852 801 2031 847 natum
2067 792 2358 848 defendere
2392 792 2723 858 debueratis,
2761 805 2952 879 utpar
2980 808 3098 853 erat
3123 794 3265 854 ﬁlios
3309 814 3407 869 pa-

168 874 469 946 Ἐκκλησίᾳ
493 893 509 908 ο
542 880 660 942 πῶς
694 881 803 949 γὰρ
830 881 951 952 οὐχὶ
974 881 1251 950 δυστυχῶς
1273 897 1288 945 ;
1337 882 1388 934 οἳ
1414 878 1743 949 ἐγεννήθητέ

1852 890 2075 948 reutem,
2100 882 2299 936 nullius
2340 881 2579 957 afﬁnem
2610 884 2805 954 culpae,
2832 868 2943 942 imo
3000 899 3095 956 per
3135 868 3407 943 summam
3512 868 3513 871 η

160 980 281 1033 μοι,
306 966 404 1037 οὐχ
434 968 520 1021 ἵνα
561 970 702 1023 κατὰ
723 971 817 1041 τὸν
842 974 1121 1039 πρέποντα
1148 971 1362 1035 τέκνοις
1400 972 1538 1041 πρὸς
1580 968 1741 1038 γονέα

1852 969 2093 1037 iniuriam
2120 972 2260 1027 solio
2281 972 2541 1040 ejectum,
2577 974 2735 1044 quasi
2777 988 2985 1053 parum.
3003 975 3196 1033 fuisset
3220 976 3409 1033 deser-

156 1054 324 1123 νόμον
349 1061 753 1133 προασπίσητε,
809 1062 1300 1135 ὑπερμαχήσησθε,
1333 1062 1430 1117 καὶ
1467 1060 1629 1132 τυχδν
1682 1062 1741 1112 ἐν

1852 1062 2018 1124 uisse,
2071 1062 2419 1130 prodidistis?
2483 1063 2606 1120 llaec
2664 1067 2849 1122 animo
2884 1068 3215 1135 Irevolsite,
3274 1068 3409 1125 iram

157 1146 436 1212 κινδύνοις
471 1151 628 1221 ἡμῶν
656 1153 827 1209 όντων
856 1147 1345 1226 συναντιλάϐησθε,
1371 1152 1584 1208 καὶτοῦ
1625 1170 1740 1208 κιν-

1852 1151 2351 1209 Domi‘ni'scelerum
2388 1154 2637 1211 ultricem
2674 1165 3088 1227 exspectantes...

153 1235 316 1293 δύνου
355 1241 597 1314 ρύσησθε
630 1245 722 1300 τὸν
755 1249 986 1319 πατέρα,
1006 1249 1111 1303 κᾶν
1141 1250 1271 1312 ἴσως
1286 1248 1446 1318 παράι
1476 1247 1654 1317 δίκην.
1686 1245 1919 1317 ἐπείπερ
1948 1245 2068 1299 ἐστὶ
2106 1246 2259 1318 παρὰ
2287 1245 2431 1317 Θεῷ,
2456 1249 2551 1302 καὶ
2587 1248 2847 1320 τοιαύτης
2888 1250 3231 1321 συμπαθείας
3263 1249 3411 1306 ἀντί*

153 1330 304 1398 δόσις
328 1334 415 1407 τῷ
428 1338 647 1403 τάξαντι
675 1344 844 1412 τιμῆς
879 1343 1038 1415 ὄρους
1062 1344 1320 1416 πατράσι
1357 1343 1718 1406 καὶτέκνοις·
1757 1340 1873 1396 ἀλλ’
1906 1340 2029 1412 οὐχὶ
2053 1341 2117 1395 τὸ
2184 1342 2475 1423 ἡμέτερον..
2524 1344 2785 1400 τοιοῦτον·
2816 1346 2911 1401 τοῦ
2936 1347 3045 1418 γάρ
3075 1346 3281 1418 Κυρίου
3306 1347 3408 1402 καὶ

157 1430 297 1483 Θεοῦ
328 1450 430 1503 μου
458 1436 555 1506 οὐχ
578 1438 661 1490 ὅτι
685 1439 823 1509 πρὸς
850 1437 1146 1509 θεραπείαν
1176 1438 1343 1495 αὑτοῦ
1373 1437 1724 1511 ἐξείργασταί
1762 1454 1814 1490 τι
1850 1436 1981 1490 ποτὶ
2025 1435 2156 1508 παρ’
2180 1436 2357 1509 ἡμῶν,
2380 1436 2613 1494 ἀλλὰ.δύ
2666 1441 2881 1511 ἄφατον,
2928 1440 3245 1513 άγαθότητα
3271 1442 3411 1504 τέως

155 1526 422 1596 εὐμενοῦς
471 1528 604 1598 ἡμῖν
630 1530 1013 1600 τυγχάνοντος,
1063 1532 1350 1588 καὶοοέώὲν
1397 1528 1929 1601 παρακεχωρηκότος
1976 1529 2217 1586 τοιοῦτόν
2278 1547 2333 1585 τι
2392 1532 2787 1604 πεπραγμένον
2845 1535 2980 1605 ἡμῖν
3015 1535 3268 1608 ὀφθῆναι.

350 1616 462 1696 ’ΝΖ
507 1642 773 1711 ἰγνατίῳ
786 1645 1199 1714 μητροπολίτῃ
1224 1643 1504 1705 Κυζίκου.
1762 1621 1811 1679 Β

241 1753 668 1827 Εὐφράνθημεν,
702 1755 753 1809 εί
784 1756 878 1809 καὶ
916 1755 992 1828 μὴ
1034 1755 1251 1810 τελείαν
1276 1756 1643 1827 εὐφροσύνην,
1681 1756 1741 1809 τὸ

167 1844 260 1898 σὺν
291 1846 554 1917 γράμμα,
582 1846 772 1902 τέκνον
789 1847 954 1919 ἡμῶν
982 1848 1148 1920 ἱερὸν,
1168 1848 1476 1919 δεξάμενοι.
1503 1848 1614 1903 Καὶ
1633 1848 1741 1917 γὰρ

165 1936 265 1989 καὶ
300 1936 437 1991 αὐτὸ
460 1936 620 1991 τοῦτο
641 1940 704 1992 τὸ
730 1936 819 1993 διὰ
872 1939 1127 1993 τοσούτον
1179 1941 1394 2010 χρόνον,
1446 1939 1507 2004 ἐξ
1531 1932 1597 2005 οὗ,
1645 1938 1741 1993 ἀπ’

167 2026 418 2096 ἀλλήλων
459 2027 775 2100 διέστημεν,
836 2032 985 2101 σαφῆ
1041 2048 1167 2084 τινα
1198 2030 1358 2099 λόγον
1406 2030 1484 2101 μὴ
1549 2029 1742 2101 μαθεῖν

138 2119 303 2189 -περὶ
338 2118 442 2189 τῆς
473 2119 746 2191 ὑμετέρας
778 2120 943 2191 ζωῆς,
984 2120 1081 2175 νῦν
1110 2121 1199 2175 διὰ
1228 2121 1322 2175 τοῦ
1357 2121 1453 2175 σοῦ
1483 2121 1745 2193 γράμμα-

165 2228 262 2275 τος
290 2210 320 2263 ό
341 2210 647 2282 ὲποθοῦμεν
685 2212 1081 2283 μεμαθηκόσιν,
1116 2212 1376 2277 ὑπόθεσις
1403 2211 1630 2281 γέγονεν
1650 2211 1744 2264 εὐ-

172 2301 474 2373 φροσύνης.
501 2302 746 2372 Δεόμεθα
781 2303 836 2356 δὲ
865 2304 960 2357 τοῦ
995 2303 1379 2375 φιλανθρώπου
1407 2301 1546 2357 Θεοῦ
1581 2302 1742 2373 ἡμῶν

170 2394 267 2446 καὶ
291 2391 616 2463 τελεώτερον
639 2394 730 2447 ἐπὶ
762 2394 844 2447 σοὶ
864 2395 1256 2466 εὐφρανθῆναι,
1300 2394 1389 2449 διὰ
1411 2394 1509 2464 τῆς
1533 2393 1745 2456 τελείας

172 2483 497 2554 ἀπαλλαγῆς
530 2483 626 2537 τοῦ
677 2484 872 2550 κοινῶς
903 2487 1051 2557 ἡμᾶς
1077 2485 1445 2557 λελυπηκότος
1483 2486 1579 2539 καὶ
1614 2485 1746 2552 σφό-

174 2575 277 2646 δρα
331 2573 630 2641 λυποῦντος
675 2575 903 2640 πάθους.
965 2578 1075 2632 Καὶ
1127 2576 1679 2652 γένοιτολπληρωτὴς
1715 2580 1744 2633 ό

172 2655 381 2734 ἀγαθὸς
408 2665 508 2737 τῆς
532 2667 826 2738 αἰτήσεως,
857 2668 1037 2732 διδοὺς
1070 2670 1161 2723 καὶ
1186 2669 1371 2741 ἄλλοις
1388 2673 1620 2744 ὀφθῆναι
1646 2673 1743 2728 καὶ

171 2757 395 2823 δοξάσαι
424 2755 508 2822 οἷς
553 2759 944 2830 ἀπελαύσαμεν
972 2761 1070 2831 τὴν
1096 2761 1262 2817 αὐτοῦ
1296 2764 1632 2836 άταθότητα.

279 2849 411 2905 NA'.
450 2847 533 2915 Τῷ
566 2850 857 2919 περιδόξῳ
876 2851 1250 2922 ἐξουσιαστῇ
1296 2857 1632 2924 ’Δόαστίας.

2157 1641 2216 1696 L.
2257 1640 2471 1713 Ignatio
2497 1643 2673 1715 Cytisi
2720 1647 3093 1716 metropolitc;

1911 1752 2095 1807 Gavisi
2157 1766 2389 1816 sumus,
2443 1753 2725 1809 etsianon'
2758 1755 3002 1826 perfecto
3070 1752 3290 1829 gaudio,
3336 1760 3410 1815 mi

1841 1853 2028 1900 noster
2054 1852 2286 1911 sacrate,
2318 1846 2569 1917 acceptis
2592 1847 2698 1903 abs
2737 1856 2791 1903 te
2824 1840 3044 1906 litteris.
3076 1848 3132 1907 Id
3155 1852 3301 1915 enim
3327 1853 3410 1924 ἰρ-

1842 1952 1985 2003 sum,
2025 1952 2150 1992 cum
2194 1952 2260 1993 ex
2299 1937 2461 2006 longo
2488 1948 2753 2007 tempore
2782 1953 2909 2010 quo
2935 1940 3015 1995 ab
3064 1941 3293 1998 invicem
3329 1942 3413 1999 di-

1844 2038 2075 2095 stamus,
2108 2029 2241 2084 nihil
2268 2031 2399 2085 certi
2431 2029 2767 2086 audierimus
2791 2032 2858 2088 de
2878 2040 3053 2088 vestra
3084 2034 3218 2099 vita,
3267 2051 3413 2091 nunc

1845 2120 2058 2174 tandem
2110 2120 2458 2177 audientibus
2504 2121 2649 2190 quod
2701 2124 3050 2193 optabamus,
3089 2140 3258 2181 causa
3312 2126 3413 2180 luit

1842 2211 2133 2283 gaudendi.
2189 2211 2484 2267 Precamur
2524 2223 2705 2268 autem
2754 2214 3054 2271 beneﬁcum
3091 2215 3260 2273 Deum
3290 2233 3416 2274 nos-

1843 2310 1987 2356 trum
2028 2312 2087 2356 ut
2122 2317 2223 2357 nos
2273 2302 2565 2372 perfectius
2601 2304 2669 2359 de
2708 2313 2761 2361 te
2785 2305 3145 2375 gaudeamus,
3180 2306 3251 2363 ob
3284 2322 3410 2378 per-

1842 2391 2037 2447 fectam
2088 2393 2232 2448 illius
2261 2409 2371 2478 quo
2415 2409 2514 2453 nos
2543 2396 2706 2452 simul
2744 2398 3131 2465 laboravimus,
3167 2410 3222 2456 et
3267 2416 3414 2455 nunc

1843 2482 2190 2539 vehementer
2206 2484 2539 2550 laboramus,
2562 2484 2769 2542 doloris
2792 2486 3194 2543 liberationem.
3230 2486 3412 2543 lionus

1844 2573 2114 2643 compleat
2163 2584 2405 2630 nostram
2441 2575 2786 2646 petitionem,
2828 2576 3028 2650 detque
3054 2594 3209 2634 suam
3252 2579 3413 2635 boni-

1847 2670 2010 2717 tatem
2071 2664 2194 2720 aliis
2247 2665 2491 2735 conspici
2555 2674 2611 2722 et
2659 2665 2923 2725 celebrari
2965 2668 3166 2739 quibus
3225 2668 3413 2725 donati

1844 2774 2056 2814 sumus.
2378 2768 2387 2776 ’

2061 2849 2148 2905 Ll.
2188 2850 2400 2906 Illustri
2439 2849 2662 2922 Abasgre
2690 2851 2917 2923 regionis
2951 2850 3203 2922 principi:
3251 2891 3255 2896 ι

249 2962 325 3018 Τὸ
358 2963 605 3035 φιλόθεόν
645 2982 740 3019 σου
764 2965 859 3020 καὶ
888 2966 950 3020 τδ
979 2967 1215 3039 χρηστὸν
1242 2967 1336 3022 τοῦ
1384 2971 1588 3041 τρόπου
1614 2971 1743 3027 ἐκί-

1919 2964 2100 3023 Pietas
2136 2973 2226 3019 tua
2265 2974 2320 3021 et
2353 2964 2550 3023 indolis
2589 2959 2806 3022 bonitas
2831 2965 2899 3021 ad
2920 2979 3175 3035 amorem
3204 2968 3278 3022 tui
3314 2982 3441 3024 nos~

173 3070 345 3125 νησεν
387 3056 535 3126 ἡμᾶς
582 3055 721 3127 πρὸς
761 3057 860 3126 τὴν
890 3058 990 3127 σὴν
1020 3059 1262 3129 ἀγάπην,
1293 3053 1339 3112 ὧ
1366 3060 1460 3113 τοῦ
1495 3062 1631 3116 Θεοῦ
1651 3063 1745 3117 dw-

177 3145 373 3217 θρωπε
430 3147 527 3201 καὶ
560 3147 669 3201 ἰδοὺ
705 3148 910 3219 πρῶτοι
933 3149 1023 3203 διὰ
1056 3150 1150 3203 τοῦ
1183 3152 1515 3222 γράμματος
1568 3170 1739 3225 προσ-

176 3238 518 3309 αγορεύομέν
542 3257 638 3305 σε,
687 3241 781 3295 καὶ
833 3241 909 3304 ὡς
934 3242 1127 3295 τέκνον
1170 3243 1328 3312 ήμῶν
1361 3238 1448 3297 οἷα
1481 3244 1747 3315 παρόντες

177 3328 775 3398 ἐνικγκαλιζόμεθαμαὶ
814 3334 1103 3401 πατρικοῖς
1128 3332 1397 3403 φιλήμασι
1444 3350 1744 3403 περιπτυσ-

182 3420 413 3490 σόμεθα.
451 3422 561 3475 Καὶ
604 3423 712 3492 γάρ
745 3422 841 3475 τοῦ
878 3423 978 3493 μὲν
1014 3423 1261 3493 φιλοθέου
1290 3425 1565 3493 ἀπόδειξις
1596 3429 1630 3497 ἡ
1659 3426 1747 3480 έν-

179 3513 307 3576 θεός
367 3530 460 3566 σου
523 3513 749 3585 σπουδὴ.
796 3514 862 3585 ἠν
932 3514 1026 3567 ἐπὶ
1077 3517 1145 3585 τῇ
1233 3516 1618 3590 σωτηρίᾳκαὶ
1678 3522 1744 3591 τῇ

180 3604 481 3672 ἐπιγνώσει
556 3602 656 3673 τῆς
729 3604 986 3674 ἀληθείας
1057 3604 1169 3659 τοῦ.
1206 3606 1394 3670 ἔθνους
1443 3609 1553 3662 τῶν
1588 3608 1749 3663 Ἄλα-

180 3694 296 3748 νῶν
400 3695 658 3760 ἐπεδείξω
737 3696 833 3749 καὶ
918 3696 1308 3753 ἐπιδείκνυσαι.
1380 3699 1750 3772 ’Ᾱνεμάθομεν

180 3786 295 3857 γὰρ
359 3786 424 3840 ἐκ
454 3787 725 3857 διαφόρων
771 3787 879 3839 τῶν
911 3788 1291 3858 ἐπισταμένων
1336 3789 1404 3843 τὰ
1443 3792 1511 3844 σά
1547 3808 1745 3862 κατορ-

181 3876 439 3948 θώματα,
489 3877 566 3942 ώς
617 3878 757 3949 μετά
798 3895 861 3946 γε
908 3879 1041 3933 Θεὸν
1095 3880 1294 3951 πολλὴν
1339 3884 1440 3952 τὴν
1491 3883 1749 3955 πρόνοιαν

184 3970 607 4035 κατεϐάλουεῐς
662 3988 721 4024 τε
766 3972 858 4026 τὸν
889 3973 1167 4042 φωτισμὸν
1221 3973 1331 4027 τοῦ
1354 3974 1453 4044 τῆς
1502 3977 1751 4041 ’Λλανίας

182 4062 471 4131 ἄρχοντος,
503 4062 597 4115 καὶ
621 4062 703 4126 είς
722 4064 858 4125 τοὺς
883 4064 999 4116 ὅσοι
1030 4065 1125 4117 σὺν
1150 4063 1300 4133 αύτῷ
1332 4064 1751 4138 κατηξιώθησαν

184 4153 286 4207 τοῦ
322 4152 483 4222 ἁγίου
541 4153 938 4224 βαπτίσματος.
970 4155 1082 4224 Τῆς
1127 4155 1183 4209 δὲ
1230 4157 1595 4228 χρηστότητος
1630 4157 1753 4231 ,τῶν

185 4243 425 4314 τρόπων.
458 4242 551 4296 καὶ
601 4242 703 4313 τῆς
729 4243 977 4307 εὐποιίας
1024 4242 1109 4305 τίς
1147 4243 1279 4311 άλλη
1311 4244 1753 4316 περιφανεστέρα
1784 4284 1833 4345 D

187 4334 346 4387 ἐσται
375 4332 683 4401 ἀπόδειξιςς
721 4334 755 4405 ἢ
789 4334 872 4397 τίς
898 4334 967 4388 ἂν
994 4334 1122 4389 ἄλλο
1176 4334 1483 4406 ὲπιζητήσῃ
1541 4337 1759 4406 μαρτύν

192 4443 313 4492 ριον
340 4442 355 4491 ;
385 4425 662 4498 ἀρκούσης
686 4426 801 4496 τῆς
835 4425 1158 4496 ξενοδοχίαις.
1182 4426 1282 4495 τῆς
1315 4425 1632 4497 θεραπείας,
1654 4427 1756 4497 τῆς

188 4520 363 4590 ἄλλης
390 4521 447 4572 ἐν
491 4521 627 4573 πᾶσι
686 4518 1063 4589 παραμυθίας,
1117 4519 1221 4589 ὅση
1270 4519 1467 4589 δυνατὴ
1512 4521 1759 4591 χορηγεῖ-

191 4611 343 4673 σθαι,
372 4609 439 4680 ἢν
455 4611 536 4673 εἰς
553 4610 645 4663 τὸν
664 4608 1078 4677 θεοφιλέστατον
1099 4609 1530 4679 άρχιεπίσκοπον
1549 4610 1610 4663 τὸ
1633 4610 1758 4663 τέκ-

190 4718 286 4757 νον
316 4700 494 4771 ἡμῶν,
519 4699 613 4770 ὅλη
647 4698 962 4769 προαιρέσει
987 4698 1081 4753 καὶ
1108 4698 1211 4773 ὅλῃ
1235 4699 1380 4769 ψυχῇ
1416 4698 1603 4770 ὤφθης
1632 4699 1755 4753 ἑπι-

188 4791 526 4861 δειξάμενος.
561 4790 663 4844 Διὰ
698 4789 853 4843 τοῦτο
901 4789 1135 4860 δεόμεθα
1196 4788 1291 4842 τοῦ
1329 4788 1514 4843 ίκανοῦ
1560 4788 1760 4843 πολλα-

193 4881 461 4946 πλασίους
484 4880 793 4936 ἀντιδοῦναι
825 4880 924 4943 τὰς
950 4879 1193 4951 άμοιόὰς,
1212 4872 1278 4933 εν
1315 4896 1375 4933 τε
1424 4878 1500 4951 τῷ
1530 4880 1756 4951 παρόντι

195 4974 321 5043 βίῳ,
348 4973 442 5027 καὶ
484 4971 563 5043 τῷ
595 4970 840 5043 μέλλοντι
875 4970 1050 5024 αὐτὸν.
1094 4969 1239 5024 κατὰ
1275 4970 1366 5023 τὸν
1401 4968 1630 5022 πλοῦτον
1661 4969 1757 5022 τοῦ

192 5065 384 5124 ἐλέους
410 5060 575 5116 αὐτοῦ
610 5060 1107 5131 άνταναπληρῶσαι
1126 5059 1225 5123 τὰς
1254 5062 1502 5131 χάριτας,
1533 5059 1630 5113 νῦν
1657 5059 1756 5130 μὲν

193 5157 261 5208 ἐκ
290 5153 472 5223 πάσης
500 5150 860 5222 διατηροῦντα
916 5167 976 5203 σε
1028 5149 1501 5221 σκυθρωπότητος,
1537 5149 1628 5202 καὶ
1659 5149 1760 5219 τῆς

200 5246 309 5300 τῶν
336 5245 695 5318 ἀνθρωπίνων
720 5243 1059 5315 πραγμάτων
1096 5242 1492 5313 ἐναντιότητος,
1524 5245 1584 5295 ὲν
1614 5242 1669 5295 δὲ
1693 5244 1759 5313 τῇ

199 5335 472 5409 μελλούσῃ
505 5335 617 5407 ζωῇ
666 5332 1102 5407 συναριθμοῦντά
1129 5351 1188 5388 σε
1219 5334 1334 5397 τοῖς
1387 5332 1763 5404 ἠγαπημένοις

196 5428 375 5498 αὐτῷ,
431 5430 525 5481 καὶ
562 5426 655 5491 οὓς
698 5428 734 5497 ἡ
762 5428 872 5481 τῶν
900 5424 1458 5496 θεραπόντωνηαύτοῦ
1490 5425 1602 5497 ἔχει
1646 5442 1767 5478 συν-

200 5523 623 5598 αρίθμησιςᾼΞί
647 5537 791 5584 τινος
827 5520 873 5586 δέ
898 5521 967 5573 ἂν
994 5521 1089 5573 καὶ
1119 5520 1196 5574 ἔτι
1225 5518 1451 5573 δυνατοῦ
1480 5536 1575 5572 σου
1617 5519 1765 5581 ὄντος

1850 3056 2043 3120 movit,
2070 3072 2104 3111 ο
2141 3056 2307 3111 homo
2340 3055 2455 3111 Dei.
2509 3054 2574 3109 Et
2605 3069 2735 3110 ecce
2786 3056 3023 3126 primum
3053 3071 3151 3127 per
3198 3057 3417 3114 litteras

1849 3148 2182 3219 alloquimur
2214 3156 2285 3211 te,
2316 3155 2370 3200 ct
2400 3156 2461 3202 ut
2494 3146 2663 3201 illium
2690 3146 2845 3216 quasi
2892 3158 3186 3218 prmsentes
3207 3151 3415 3220 ample.

1850 3234 2048 3291 ctimur
2085 3245 2149 3290 et-
2177 3235 2416 3305 paternis
2447 3234 2653 3291 osculis
2686 3235 3013 3291 salutamus.
3074 3234 3283 3292 Etenim
3309 3248 3415 3293 tua:

1848 3325 2069 3395 pietatis
2118 3333 2638 3394 argumentum-est
2675 3310 2895 3380 divinus
2936 3325 3027 3379 ille
3062 3327 3213 3381 zelus
3246 3344 3410 3395 quem

1850 3430 1949 3485 pro
1978 3415 2236 3469 salvanda
2283 3423 2337 3470 et
2369 3414 2427 3470 in
2467 3415 2699 3471 veritate
2739 3415 3073 3471 instituenda
3115 3419 3413 3473 Alanorum

1851 3516 2025 3578 gente
2060 3506 2345 3564 ostendisti
2373 3514 2433 3562 et
2476 3507 2748 3563 ostendis.
2793 3506 3122 3563 Audivimus
3166 3510 3310 3563 enim
3347 3525 3413 3566 ex

1851 3598 2041 3663 multis
2076 3599 2277 3669 quibus
2319 3598 2669 3669 innotescunt
2726 3606 2820 3653 tua
2861 3599 3119 3669 praeclare
3157 3599 3320 3667 facta,
3366 3610 3417 3656 te

1853 3690 2078 3744 multam
2096 3668 2396 3746 secundum
2422 3686 2791 3755 Deumfcuram
2816 3668 3133 3753 contulisse,
3148 3699 3200 3744 et
3215 3690 3268 3743 in
3290 3691 3423 3745 illuc

1853 3781 2203 3835 minationem
2224 3779 2798 3851 Alauorum'principls
2824 3790 2879 3835 et
2906 3781 3145 3835 omnium
3169 3781 3260 3850 qui
3290 3796 3416 3836 cum

1854 3887 1920 3928 co
1940 3880 2130 3928 sancto
2153 3871 2422 3940 baptismo
2455 3870 2638 3926 donati
2655 3870 2989 3938 sunMBona:
3015 3880 3193 3925 autem
3221 3872 3419 3929 indolis

1856 3972 1911 4018 et
1960 3960 2361 4017 beneﬁcentiae
2403 3957 2681 4029 quodnam
2726 3958 2951 4014 clarius-
2978 3961 3094 4013 erit
3136 3959 3417 4027 iudicium,

1855 4063 1910 4110 et
1957 4052 2232 4123 quodnam
2289 4048 2438 4104 aliud
2485 4048 2871 4118 querendum.
2899 4036 2997 4107 est,
3019 4049 3419 4116 testimonium,

1857 4160 1981 4201 cum
2012 4143 2248 4201 suiliciat
2276 4140 2654 4211 hospitalitas,
2679 4148 2736 4195 et
2755 4155 2923 4204 cura,
2952 4141 3137 4197 et-aiia
3161 4140 3214 4195 in
3243 4144 3421 4198 omni-

1857 4237 1962 4293 bus
1994 4234 2326 4301 sollicitudo,
2376 4240 2583 4304 quanta
2625 4232 2875 4303 prestari
2927 4240 3124 4303 potest,
3158 4242 3339 4303 quam‘
3364 4234 3443 4289 in‘.

1863 4328 1959 4383 Dei
1991 4325 2405 4383 dilectissimum
2442 4324 2912 4394 archiepiscopum
2944 4325 3113 4379 lilium
3149 4311 3421 4390 uestrum;

1863 4427 1973 4489 tota
2006 4415 2287 4471 voluntate
2326 4422 2382 4469 et
2421 4422 2533 4469 tota
2564 4413 2745 4468 anima
2771 4414 3091 4470 ostendisse
3125 4428 3275 4469 visus
3313 4430 3374 4470 es
3401 4416 3447 4470 i~

1864 4506 2158 4576 Propterea
2194 4519 2629 4575 precamureum
2662 4505 2757 4575 qui
2801 4504 3101 4560 retribuere
3124 4514 3315 4576 potens
3340 4516 3427 4561 est

1864 4596 2361 4659 remunerationes,
2416 4603 2534 4649 tum
2589 4593 2649 4649 in
2687 4594 2944 4664 presenti
2978 4603 3091 4649 tum
3149 4594 3203 4649 in
3240 4594 3424 4651 futura

1865 4690 1995 4752 vita,
2016 4697 2077 4742 ut
2104 4686 2403 4743 secundum
2436 4685 2657 4741 divitias
2679 4699 2795 4741 sua:
2812 4685 3207 4748 misericordias
3218 4686 3425 4755 gratias

1866 4780 2130 4850 suppleat,
2157 4795 2307 4835 nunc
2334 4778 2631 4849 quidem'te
2664 4777 2733 4832 ab
2782 4777 2929 4831 omni
2948 4775 3174 4831 'malitia
3203 4785 3279 4831 et
3308 4778 3416 4831 hu-

1866 4885 2149 4927 manarum
2178 4885 2361 4925 rerum
2402 4868 2729 4924 adversitate
2756 4867 3130 4933 custodiendo,
3156 4867 3209 4922 in
3243 4867 3423 4923 futura

1866 4972 2044 5017 autem
2082 4960 2642 5016 vitalannumerando
2684 4970 2735 5015 te
2774 4974 2899 5013 cum
2946 4959 3159 5014 dilectis
3203 4959 3320 5014 suis
3370 4969 3426 5015 et

1866 5070 1987 5109 cum
2028 5053 2109 5108 eis
2161 5067 2301 5123 quos
2348 5053 2589 5107 continet
2634 5041 2914 5107 serrorutn
2946 5051 3082 5121 ejus
3113 5058 3310 5106 cretus.
3362 5050 3422 5105 Si

1866 5144 2011 5214 quod
2060 5152 2241 5199 autem
2284 5144 2484 5208 adhuc,
2525 5156 2623 5212 pro
2680 5153 2774 5196 tuo
2822 5156 2983 5211 posse
3055 5139 3425 5197 amicissimus

1867 5235 1976 5291 Dco
2002 5235 2442 5304 archiepiscopus
2459 5234 2755 5289 obtinuerit
2777 5234 3027 5288 solatium
3054 5240 3160 5286 tute
3185 5231 3422 5298 virtutis,

1871 5331 1945 5386 illi
1976 5332 2070 5397 mi,
2108 5330 2332 5385 omnino
2356 5338 2410 5384 et
2454 5328 2585 5383 illud
2644 5327 2868 5382 habebis
2919 5324 3031 5381 tuis
3072 5324 3422 5395 praecedenti-

1872 5428 1976 5480 bus
2036 5423 2199 5479 bonis
2240 5422 2513 5485 additum,
2580 5419 2899 5489 centuplum
2966 5416 3339 5475 retributionis
3396 5433 3427 5471 a

1869 5517 2127 5571 muniiico
2161 5513 2270 5569 Deo
2312 5523 2504 5568 nostro
2540 5513 2819 5569 obtinens.

199 5624 229 5675 ὁ
260 5617 676 5689 θεοφιλέστατος
732 5616 1158 5686 ἀρχιεπίσκοπος
1223 5612 1562 5679 ἐκιτιύξεται
1617 5610 1968 5684 παραμυθίας
2028 5610 2125 5681 τῆς
2167 5607 2289 5679 σῆς,
2321 5607 2506 5661 τέκνον
2569 5605 2744 5677 ἡμῶν,
2808 5605 3028 5679 ἀρετῆς,
3080 5604 3292 5668 πάντως
3333 5602 3433 5656 καὶ·

449 5726 471 5755 Ω
