4038 6354
172 269 268 332 2i5

1591 257 1710 316 EPI
1720 254 1994 316 S'l‘OLAi.

3271 229 3402 293 256'

174 377 372 452 ἡδονὴν,
401 375 498 442 ὅση
525 371 715 441 πτεροτ
744 368 837 423 τὸν
857 368 1202 439 ἀνθρώπινον
1231 369 1356 422 νοῦν
1395 365 1719 434 ἀναλαμϐάὶ-

1843 356 1921 434 ιιιί
1945 360 2077 416 sunt
2123 359 2189 414 in
2253 357 2362 412 vita
2408 365 2461 409 te
2503 349 2788 433 existimas
2823 345 3221 402 beatissimum.
3275 342 3380 396 Sed

177 487 296 536 νεις,
317 466 410 521 καὶ
434 463 650 516 πάντων
679 461 906 515 σεαυτὸν
929 462 1036 532 ἡγῇ
1051 461 1164 514 τῶν
1191 462 1249 514 ἐν
1277 458 1380 531 βίῳ
1417 457 1707 529 μακαριώ-

175 577 340 619 τατον,
370 553 480 610 ἀλλ’
514 553 680 625 ὀδύρῃ
705 553 798 606 καὶ
828 551 1045 623 θρηνεῖς
1073 551 1279 624 ἐσχάτῃ
1307 551 1714 631 περιπεσόντων

180 648 414 718 συμφορᾷ
446 662 463 713 ;
513 645 622 698 Καὶ
667 643 770 696 ποῦ
807 643 982 697 ταῦτα
1003 641 1112 697 τῶν
1157 642 1233 706 ὡς
1267 642 1332 696 σὲ
1363 640 1545 712 χάριτι
1578 638 1715 693 Θεοῦ
1761 661 1764 664 ’

177 743 234 794 ix
268 736 447 799 παιδὸς
500 734 829 805 ἀνηγμένον,
863 735 959 788 καὶ
1013 734 1218 804 ἀρετὴν
1279 731 1712 802 μεμελετηκότα,

176 831 259 884 καὶ
277 827 424 882 οὐδὲν
447 825 540 879 ἐπὶ
563 825 668 895 γῆς
697 825 792 879 τοῦ
847 824 1246 895 μακαρίζεσθαι
1287 822 1441 888 ἄξιον
1489 822 1718 890 λογισα-

175 920 339 990 μένων
362 917 730 987 προσήκοντα,
779 914 891 985 εγὼ
924 913 1178 970 τοσοῦτον
1213 914 1405 984 ἀπέχω
1447 912 1542 966 τοῦ
1595 911 1723 965 ἀθυ-

173 1011 290 1080 μεῖν
318 1008 403 1076 ἐφ’
432 1003 513 1070 οἷς
547 1006 799 1077 ἀθυμεῖς,
844 1004 984 1060 ὥστε
1038 1005 1168 1060 ὅταν
1199 1003 1269 1058 τὰ
1298 1004 1368 1058 σά
1416 1002 1721 1074 πράγματα

172 1102 246 1164 εις
262 1100 383 1154 νοῦν
406 1097 794 1168 ἀναλήψωμαι,
827 1096 916 1150 διά
946 1096 1042 1150 τοῦ
1076 1095 1292 1166 χαίρειν
1320 1094 1414 1148 ἀπὶ
1445 1094 1559 1157 τοῖς
1587 1095 1722 1156 σοῖς,

169 1174 591 1258 ἐπιλανθάνομαι
618 1187 729 1241 τῶν
759 1187 978 1240 οἰκείων
1007 1187 1218 1240 κακῶν.

250 1279 434 1349 Ἡμεῖς
457 1280 556 1349 μὲν
580 1278 689 1348 γάρ
719 1280 769 1331 εἰ
797 1280 893 1333 καὶ
946 1277 1285 1348 συνεχόμεθα
1337 1280 1450 1342 τοῖς
1491 1276 1728 1331 ἐνταῦθα

169 1373 440 1441 λυπηροῖς,
470 1370 604 1424 ἀλλά
623 1371 724 1438 φεῦ
745 1371 854 1424 τῶν
871 1371 895 1423 ὲ
904 1371 1018 1442 μῶν
1048 1371 1258 1436 παθῶν,
1285 1371 1502 1426 πάντων
1525 1372 1598 1434 ὡς
1613 1369 1734 1425 ἐπί-

172 1479 358 1516 στασαι
377 1463 592 1524 ἱκανοὺς
609 1463 832 1526 ἑαυτοὺς
851 1462 1110 1532 οἰομένων
1125 1461 1323 1516 εἰδέναι
1340 1463 1435 1530 τὴν
1457 1463 1732 1533 σωτηρίαν

171 1549 362 1620 μικροῦ
392 1551 496 1604 δέω
528 1553 724 1614 εἰπεῖν,
765 1551 971 1620 ἀκερδῆ
1027 1551 1267 1622 φέρομεν
1297 1551 1394 1619 τὴν
1425 1552 1730 1620 ὑπομονήν.

170 1642 253 1695 Σοὶ
287 1640 342 1694 δὲ
371 1641 469 1710 οὐχ
501 1640 674 1704 οῦτως
702 1639 836 1710 ἔχει,
869 1640 1004 1693 ἀλλά
1047 1639 1184 1709 μετά
1225 1642 1323 1709 τῆς
1348 1639 1552 1694 ἀνωθεν
1577 1639 1736 1693 δυνὰο

172 1731 380 1800 μεως,εί
404 1729 500 1782 καὶ
520 1729 595 1798 μὴ
615 1728 851 1793 πάντων,
864 1727 980 1780 ἀλλ’
999 1728 1122 1780 ὅσον
1138 1727 1345 1796 δήποτε
1365 1727 1741 1797 προσεχόντων

177 1816 239 1886 τῷ
249 1815 389 1887 λόγῳ
400 1815 511 1884 τῆς
521 1813 886 1882 διδασκαλίας,
895 1817 984 1869 καὶ
999 1814 1116 1868 ἀντὶ
1127 1815 1228 1885 τῆς
1241 1815 1428 1877 άθεῖας
1443 1811 1739 1885 τὴνθεῖκὴν

171 1908 452 1973 ἐπίγνωσιν
477 1905 1247 1990 ἀλλασσομὲνων*ἀσύγκριτον
1268 1908 1367 1975 τῆς
1383 1906 1670 1976 ὑπομονῆς
1682 1907 1760 1958 τδ”

171 1993 364 2064 κέρδος.
382 1994 483 2064 Μὴ
492 1988 583 2047 οῦν
597 1993 872 2064 δυσφόρει,
891 1986 1024 2066 μηδὲ
1037 1987 1192 2058 ἀνιῶ,
1214 1995 1348 2066 μηδὲ
1361 1995 1420 2048 τδ
1430 2011 1530 2048 πτε
1539 1995 1628 2065 ρὸν
1641 1996 1741 2064 τῆς

165 2084 394 2148 διανοίας
421 2083 517 2138 διά
540 2085 610 2138 τά
639 2083 1046 2154 προσπίπτοντα
1075 2085 1431 2156 ὑποχαλάσης
1481 2086 1740 2156 δυσχερῆ,

164 2169 275 2226 ἀλλ’
303 2175 409 2228 ὑπὸ
435 2177 545 2245 τῆς
603 2174 842 2246 ἀληθοῦς
896 2175 1135 2238 ἐλπίδος,
1175 2175 1211 2247 ἢ
1243 2175 1319 2246 μὴ
1386 2175 1742 2242 διαψεύδεται

162 2264 284 2328 τοὺς
313 2264 667 2334 θεράποντας
693 2264 788 2319 τοῦ
807 2266 966 2331 Θεοῦ,
995 2267 1462 2339 μετεωριζόμενος
1483 2269 1743 2340 ὑπεράνω

167 2372 255 2424 μοι
290 2355 444 2423 γίνου
479 2355 590 2410 τῶν
609 2356 861 2428 ὀδυρμῶν
883 2357 976 2412 καὶ
993 2358 1102 2412 τῶν
1123 2360 1358 2430 θρήνων,
1390 2359 1627 2430 νικώσης
1646 2360 1743 2430 τῆς

167 2447 385 2500 αίωνίου
417 2445 766 2520 γλυκύτητος
798 2449 977 2503 πάντα
1025 2451 1094 2504 τά
1146 2451 1423 2521 ἐφήμερα.
1463 2451 1532 2504 Τί
1580 2451 1691 2520 γὰρ
1715 2452 1744 2504 ό

163 2536 512 2609 ἀνθρώπινος
550 2538 705 2608 βίος;
736 2541 894 2612 ειπερ
925 2540 1076 2613 χίλια
1116 2541 1213 2612 ἐτη
1254 2542 1332 2605 ὥς
1365 2541 1556 2612 ἡμέρα
1589 2541 1744 2610 λογί-

165 2629 336 2696 ζεται,
381 2631 700 2702 πικραίνειν
733 2632 994 2688 δοκοῦντα
1018 2633 1119 2704 τὴν
1153 2633 1446 2704 αῖσθησιν;
1473 2633 1658 2704 Χωρὶς
1685 2633 1744 2686 δὲ
1769 2635 1772 2637 “

162 2712 368 2778 τούτων
390 2723 720 2792 ἀναλογίζου
763 2743 854 2795 μοι
879 2725 948 2778 τὰ
977 2725 1089 2780 τῶν
1109 2725 1397 2795 μακαρίων
1421 2725 1740 2779 ἀποστόλων

163 2814 309 2886 πάθη
341 2830 364 2871 ’λ
415 2815 498 2869 ἐῶ
529 2816 638 2886 γὰρ
684 2816 751 2870 ea
808 2816 903 2870 τοῦ
953 2817 1262 2885 ᾼεσπότου·
1333 2815 1514 2870 καίτοι
1583 2818 1743 2870 ποίαν

163 2907 486 2978 πικρότητα
512 2908 700 2962 παθῶν
730 2908 790 2960 οὐ
819 2906 1025 2962 διαλύει
1062 2907 1172 2962 τῶν
1230 2907 1580 2963 Δεσπυτικῶν
1638 2926 1742 2961 πα-

162 2993 227 3065 θη
236 2997 434 3064 μάτων
468 2996 506 3065 ἠ
532 2997 858 3066 ἀνάμνησις.
1647 3001 1650 3004 ’

243 3085 418 3162 Ἀλλ’,
464 3087 520 3139 εί
563 3085 765 3156 βούλει,
817 3086 999 3158 δῶμεν
1029 3083 1225 3154 ταῦτα,
1258 3088 1394 3142 διότι
1425 3091 1614 3159 κύριος
1665 3075 1742 3140 ὢν

160 3177 256 3230 τοῦ
298 3177 379 3248 μὴ
421 3177 683 3249 πάσχειν,
741 3176 883 3231 ἑκὼν
930 3179 1123 3232 ἑαυτὸν
1159 3181 1242 3243 είς
1289 3165 1451 3234 τοῦτό
1473 3182 1740 3252 παρεῖχε.

163 3267 315 3340 Πλὴν
342 3269 656 3338 σκοπῶμεν
686 3270 812 3331 τοὺς
837 3262 954 3338 μετ’
986 3268 1193 3322 ἐκεῖνον
1220 3269 1290 3323 τά
1341 3269 1534 3324 τούτου
1594 3270 1742 3340 πάθη

157 3357 632 3427 ἀναδεξαμένους,
661 3356 899 3420 καὶτοὺς
954 3355 1051 3410 ἀπ’
1081 3356 1265 3410 αὐτῶν
1294 3357 1463 3428 μέχρι
1497 3356 1600 3426 τῆς
1650 3358 1746 3426 σή-

158 3451 453 3521 μερονεῖς
482 3448 578 3502 τόν
601 3448 694 3502 τοῦ
722 3447 1059 3516 Εὑαγγελίου
1096 3448 1576 3518 παραγγείλαντας
1623 3447 1745 3515 δρό-

159 3557 286 3609 μον,
320 3541 423 3594 καὶ
479 3541 596 3603 τοῖς
633 3539 931 3609 όμοταγέσι
991 3537 1060 3592 τά
1107 3540 1285 3593 οἰκεῖα
1321 3538 1738 3608 συγκρίνοντες,

156 3630 288 3702 μηδ’
324 3631 416 3684 ὅτι
455 3628 704 3699 φέρομεν
738 3627 776 3681 ἀ
824 3627 1100 3690 κάκείνοις
1169 3627 1405 3698 ὑπῆρξε,
1465 3627 1749 3700 δυσφορῶ.

156 3738 282 3792 μιν.
335 3719 494 3775 Ἀλλ’
531 3719 584 3773 εί
599 3736 652 3773 τι
683 3719 879 3782 ἐνδεῶς
919 3719 989 3772 τά
1018 3719 1265 3790 ἡμέτερα
1317 3718 1465 3788 πάθη
1493 3718 1606 3772 τῶν
1638 3736 1745 3788 μα-

153 3813 376 3885 καρίων
433 3811 700 3882 Πατέρων
751 3810 907 3882 ἡμῶν
976 3809 1112 3880 ἔχει·
1165 3811 1226 3864 ὲν
1256 3809 1468 3872 τούτοις
1519 3809 1654 3880 πρὸς
1685 3809 1746 3861 τὸ

150 3905 412 3975 ἀγωνιᾷν
446 3899 830 3971 καθιστάμεθα
863 3899 957 3954 διά
986 3899 1086 3972 τὴν
1116 3899 1358 3970 ἔλλειψιν
1400 3900 1499 3969 τῆς
1521 3898 1748 3952 ἐκείνων

1787 431 1988 522 gemis
2017 459 2071 506 et
2107 446 2424 504 lamentaris
2463 431 2764 514 quasi—qui
2797 445 3037 506 extrema
3070 434 3228 503 lapsi.
3255 445 3383 488 stunt
3411 473 3413 477 .

1782 583 1787 586 -
1819 543 2060 600 fortuna.
2091 541 2157 596 Et
2183 538 2461 612 quomodo
2491 537 2597 590 ista
2620 532 2774 603 ‘apud
2802 529 3102 593 hominem,
3139 536 3196 582 ιιι
3232 535 3300 582 te.
3333 527 3383 578 in

1822 631 1992 701 gratia
2024 629 2120 684 Dei
2175 645 2206 683 a
2246 635 2427 698 puero
2448 623 2772 687 educatum,
2797 629 2854 676 et
2883 619 3088 682 virtute
3121 614 3389 670 exercita-

1821 733 1960 789 tum,
1987 719 2417 778 etratumvnihil
2450 731 2574 774 esse
2630 721 3032 784 super-terram
3069 708 3229 778 quod
3267 707 3395 763 beas

1799 820 1936 873 tum
1960 816 2174 872 edicere
2203 813 2401 886 possit.
2425 812 2540 882 Ego
2593 807 2816 879 quidem
2859 811 3070 860 tantum
3094 802 3278 861 abest
3310 809 3396 854 .nt

1824 909 2070 963 animum
2099 905 2465 976 despondeam
2517 901 2569 956 in
2607 898 2814 970 quibus
2860 907 2918 954 tu
2948 895 3390 964 despondes,.:ut.

1826 1017 1948 1058 cum
1976 1009 2097 1056 tuas
2123 1014 2212 1056 res
2238 998 2293 1053 in
2317 987 2554 1052 mentem
2580 1006 2797 1058 revoco,
2821 1004 2930 1061 pra:
2949 989 3149 1060 gaudio
3171 990 3234 1046 de
3263 984 3404 1044 tuis.
3424 1025 3437 1043 »_

1828 1093 2176 1164 pr0priorum
2208 1089 2503 1146 obliviscar
2531 1086 2831 1141 malorum.

1901 1277 2010 1333 Nos
2053 1276 2223 1339 enim,
2259 1274 2360 1330 etsi
2426 1272 2511 1328 his
2555 1270 2609 1324 in
2643 1268 2806 1324 terris
2837 1263 3238 1321 calamitatibus
3270 1276 3402 1330 prc-
3458 1311 3462 1315 ,

1832 1371 2051 1433 mimur,
2084 1376 2320 1422 attamen
2350 1367 2453 1420 heu
2481 1363 2496 1417 ι
2535 1361 2673 1418 mala
2700 1369 2907 1421 nostra,
2943 1354 3414 1428 οιιιιιίιηιερπεὶιειιιι

1834 1461 2002 1526 nosti,
2034 1468 2188 1528 aptos
2211 1472 2269 1512 sc
2290 1452 2730 1510 existimantibus
2747 1449 2812 1504 ad
2835 1448 3118 1502 sciendum
3148 1444 3402 1502 salutem.

1837 1553 1952 1607 sine
2021 1552 2227 1614 fructu,
2273 1557 2331 1602 ιιι
2392 1547 2465 1600 ita
2515 1545 2718 1610 dicant,
2767 1539 3024 1608 patimur.
3071 1535 3422 1614 Tibiwautetu.

1843 1658 1951 1698 non
1982 1641 2056 1695 ita
2090 1650 2174 1695 est
2207 1656 2221 1692 :
2274 1637 2367 1694 sed
2391 1651 2514 1692 cum
2537 1648 2774 1704 superna
2811 1628 3096 1704 virtute,gsi
3144 1641 3253 1681 non
3289 1640 3419 1704 ante;

1849 1733 2022 1796 nium,
2049 1739 2105 1784 at
2124 1744 2316 1784 eorum
2336 1728 2528 1781 saltem
2547 1725 2639 1794 qui
2661 1723 2942 1777 adhaerent
2961 1718 3122 1772 verbo
3149 1715 3411 1796 doctrina:

1842 1832 1916 1889 et,
1974 1793 2072 1890 pro
2101 1821 2194 1874 Dei
2241 1818 2539 1880 oblivione,
2573 1814 2774 1869 divinae
2824 1809 3113 1878 subjaccnt
3144 1793 3410 1868 scientiae,

1842 1913 2075 1969 eximius
2098 1919 2183 1965 est
2203 1908 2478 1980 patientiae
2509 1905 2736 1973 fructus.
2774 1902 2849 1981 Ne
2887 1901 3054 1970 igitur
3077 1913 3220 1969 aegre
3245 1898 3410 1955 feras.

1844 2021 1912 2061 ne
1933 1986 2302 2074 contristeris,
2337 2016 2405 2056 ne
2436 1999 2552 2054 alas
2590 1996 2794 2052 mentis
2834 2002 3057 2066 propter
3103 1987 3412 2046 accidentia
3447 2027 3450 2031 .

1843 2097 2092 2151 remittas
2129 2094 2270 2149 mala
2297 2109 2329 2167 ;4
2354 2091 2448 2148 sed
2479 2105 2576 2160 per
2609 2102 2792 2143 veram
2826 2100 2976 2155 spem
3012 2097 3145 2152 quae
3173 2080 3266 2135 Dei
3297 2094 3414 2134 ser-

1844 2202 1945 2242 vos
1971 2200 2253 2256 nunquam
2278 2183 2416 2237 fallit
2438 2185 2493 2236 in
2516 2181 2684 2236 altum
2711 2179 2964 2258 sublatus
2989 2189 3155 2244 supra
3183 2171 3416 2242 gemitus

1842 2287 1896 2334 et
1921 2277 2336 2334 lamentationes
2370 2275 2490 2338 tias,
2520 2283 2721 2326 aeterna
2743 2267 3034 2324 dulcedine
3064 2264 3250 2319 omnia
3276 2272 3411 2316 tent-

1843 2369 2050 2438 poral‘a
2109 2374 2424 2436 superante.
2479 2363 2626 2430 Quid
2683 2361 2829 2418 enim
2887 2360 2996 2413 vita
3052 2357 3313 2421 humana,
3369 2353 3413 2407 si

1847 2459 1992 2512 mille
2043 2457 2173 2512 anni
2216 2467 2477 2536 tanquam
2520 2469 2664 2510 unus
2708 2453 2828 2508 dies
2876 2457 3290 2518 computantur,
3320 2443 3416 2513 qui

1845 2545 2098 2600 videntur
2143 2544 2383 2598 animam
2434 2538 2902 2612 exasperare‘lEt
2959 2539 3184 2605 insuper
3225 2541 3415 2602 reputa

1846 2637 2125 2692 beatorum
2157 2633 2527 2704 apostolorum
2554 2632 2718 2696 mala,
2748 2639 2808 2684 ut
2837 2639 3046 2685 taceam
3074 2626 3141 2681 de
3171 2621 3414 2692 Magistri
3444 2650 3446 2653 τ

1847 2716 2232 2796 ρεεςίοιιίιιιιβε
2259 2732 2313 2778 et
2342 2732 2523 2797 tamen
2556 2733 2819 2791 quantam
2848 2719 3097 2774 dolorum
3140 2714 3410 2788 amaritu—

1845 2817 2027 2873 dinem
2069 2831 2176 2871 non
2213 2815 2355 2870 delet
2405 2815 2727 2885 passionum
2775 2810 3023 2883 Magistri
3065 2805 3372 2864 recordatio
3398 2803 3431 2856 ι’

1917 3091 2046 3158 Sed,
2079 3091 2124 3146 si
2161 3091 2381 3162 placet,
2417 3090 2510 3144 illa
2545 3087 3046 3159 praetermittamus,
3110 3084 3237 3154 quia
3288 3098 3413 3138 cum

1844 3197 2011 3254 penes
2056 3184 2180 3237 eum
2233 3189 2379 3237 esset
2440 3195 2545 3234 non
2610 3180 2742 3247 pati,
2799 3186 2991 3247 sponte
3055 3177 3294 3245 scipsnm
3351 3177 3417 3228 ad

1837 3271 1988 3329 illud
2060 3269 2276 3326 obtulit.
2348 3269 2416 3323 At
2492 3267 2676 3338 potius
2757 3281 2852 3322 eos
2910 3265 3270 3334 inspiciamus
3323 3266 3414 3333 qui

1845 3371 1970 3433 post
2003 3361 2184 3431 ipsum
2216 3362 2335 3428 ejus
2367 3359 2653 3428 passiones
2679 3365 3062 3426 susceperunt,
3099 3365 3152 3408 et
3183 3370 3278 3410 eos
3321 3356 3416 3426 qui

1845 3453 1913 3507 ab
1937 3461 2126 3506 eorum
2162 3454 2498 3520 temporibus
2521 3463 2694 3518 usque
2716 3463 2863 3503 nunc
2895 3434 3170 3516 Evangelii
3194 3462 3415 3500 cursum

1847 3543 2079 3614 ingressi
2107 3551 2270 3608 sunt;
2300 3551 2354 3596 et
2383 3539 2852 3596 commilitonibus
2876 3547 3066 3592 nostra
3093 3551 3418 3607 comparan-

1844 3641 1951 3695 tes.
1986 3647 2054 3688 ne
2093 3646 2245 3702 aegre
2275 3629 2518 3686 feramus
2549 3628 2690 3697 quod
2739 3642 2803 3683 ea
2851 3627 3090 3697 patimur
3133 3641 3255 3696 qum
3285 3626 3418 3696 ipsis
3434 3658 3453 3668 ις

1847 3732 2168 3778 evenerunt.
2227 3721 2331 3776 Sed
2375 3720 2420 3776 sl
2450 3719 2582 3789 quid
2636 3719 2821 3774 minus
2875 3715 3077 3773 habent
3128 3717 3416 3784 passiones

1846 3824 2047 3870 nostra:
2085 3807 2434 3884 passionibus
2480 3812 2766 3868 beatorum
2803 3810 3028 3866 Patrum
3078 3821 3415 3871 nostrorum,

1848 3911 1902 3967 in
1943 3911 2032 3967 his
2059 3911 2128 3967 ad
2177 3920 2455 3969 certamen
2506 3910 2904 3966 constituimur
2941 3917 3170 3979 propter
3219 3922 3413 3962 eorum

151 3995 509 4070 xapd;,cﬁc
563 3991 954 4064 λαμπρότητος
1008 3993 1106 4047 καὶ
1142 3994 1243 4062 τῆς
1300 3991 1479 4061 δόξης,
1506 3992 1636 4045 ὅταν
1667 3992 1748 4054 είς

150 4088 409 4159 ἀμοιϐὴν
449 4085 568 4139 τῶν
595 4085 773 4139 πόνων
799 4087 896 4139 καὶ
931 4083 1032 4163 τὴν
1084 4084 1424 4156 ἀνακήρυξιν
1454 4085 1564 4137 τῶν
1598 4087 1747 4154 ἀγωο

151 4181 482 4252 νιζομένων
514 4178 542 4229 ό
565 4175 846 4244 Δεσπότης
869 4176 1200 4248 προκαθίσῃ.
1233 4176 1428 4246 ,Ἃρκεῖ
1466 4174 1649 4229 ταῦτα’
1671 4177 1742 4238 είς

1853 4184 2115 4239 Dominus
2145 4183 2381 4239 sedebit.
2411 4182 2519 4238 Sed
2559 4184 2672 4237 ista
2693 4181 2968 4237 suﬂlciunt
2991 4181 3058 4237 ad
3096 4191 3410 4237 nostrarum

149 4270 533 4342 παραμύθιον
590 4268 700 4321 τῶν
748 4265 983 4337 θλίψεων
1039 4267 1219 4337 ἡμῶν,
1275 4267 1371 4320 καὶ
1425 4266 1629 4337 συνετῷ
1663 4282 1742 4320 σοι

1852 4272 2259 4328 tribulationum
2291 4271 2570 4337 solatium,
2625 4286 2748 4326 cum
2780 4269 3086 4343 intelligens
3125 4272 3202 4327 sis
3221 4281 3275 4327 et
3322 4287 3420 4340 pro

149 4336 294 4429 εντί,
318 4336 426 4416 καὶ
451 4361 580 4424 τοὺς
618 4359 758 4428 ὑπὲρ
800 4336 1040 4427 Χριστοῦ
1086 4336 1370 4420 κινδύνους
1398 4359 1742 4429 ἠγαπηκότι·

1849 4363 2069 4418 Christo
2105 4362 2344 4433 pericula
2367 4336 2562 4418 subire
2580 4361 2849 4418 amaveris
2875 4336 3015 4428 :ch
3039 4363 3150 4417 ulla
3175 4336 3416 4431 unquam

149 4457 386 4515 πάντως
441 4450 504 4503 δὲ
563 4448 737 4512 οὐδείς
787 4464 855 4516 με
920 4448 1098 4500 πείσει
1148 4447 1324 4513 λόγος,
1374 4448 1456 4500 ὃτι
1511 4451 1606 4500 καὶ
1673 4447 1742 4517 μὴ

1856 4456 1990 4510 mihi
2024 4456 2276 4511 suadebit
2304 4457 2481 4510 oratio
2513 4463 2564 4512 te
2590 4457 2644 4510 in
2672 4455 2835 4511 ﬁnem
2866 4467 2974 4510 non
3023 4469 3207 4510 amare
3237 4469 3358 4523 quae
3389 4469 3448 4507 a-

145 4543 240 4597 διά
273 4539 564 4627 τέλους,ιό
595 4537 758 4600 αὐτὸς
812 4531 865 4589 εἴ
890 4537 1060 4605 φιλῶν
1097 4536 1242 4609 ἀπερ
1275 4537 1334 4602 ἐξ
1380 4537 1556 4606 ἀρχῆς
1619 4554 1742 4606 προ.

1855 4545 2122 4617 principio
2151 4545 2463 4617 praetulisti.

146 4627 467 4706 ετίμησαςῖ

221 4728 376 4799 Περὶ
408 4724 474 4778 δὲ
503 4717 578 4776 ὧν
601 4721 847 4792 ἔγραψας
877 4721 986 4774 τῶν
1014 4737 1074 4773 τε
1103 4720 1246 4773 κατά
1274 4720 1452 4789 γάμον
1474 4719 1750 4773 ἐναντιουρ

147 4823 342 4896 μένων
378 4815 741 4888 πραγμάτων
772 4817 838 4886 τῇ
882 4814 1216 4870 καταστάσει
1268 4814 1366 4883 τῆς
1397 4813 1750 4885 Ἐκκλησίας,

145 4913 248 4968 καὶ
277 4911 404 4965 τῶν
439 4907 626 4964 ἄλλων
672 4907 773 4960 ὅσα
818 4905 956 4975 πρὸς
994 4907 1088 4960 τὸν
1140 4904 1502 4975 ὲθνικώτερον
1549 4906 1768 4976 τρόπον

144 5004 370 5073 ὑπάγει
408 4998 551 5061 τοὺς
579 4996 919 5068 χρωμένους,
963 4996 1065 5050 ούκ
1095 4995 1283 5064 ἀγνοεῖ
1317 5013 1410 5047 σου
1442 4996 1475 5066 ἡ
1511 4993 1748 5058 σύνεσις,

142 5097 231 5149 ὅτι
266 5093 467 5153 οὕτως
505 5087 701 5157 ἀθρόον
735 5089 768 5158 ὴ
809 5085 1138 5158 μετάστασις
1197 5084 1299 5154 τῆς
1355 5083 1575 5154 ὲθνικῆς
1605 5083 1751 5154 ζωῆς

140 5188 293 5262 πρὸς
317 5183 433 5256 τὴν
457 5179 747 5251 ἀκρίϐειαν
767 5179 862 5231 τοῦ
884 5176 1290 5245 Εὐαγγελλουητδ
1306 5177 1485 5246 ῥᾴδιον
1506 5177 1566 5228 οὐ
1582 5194 1761 5230 καταο-

140 5281 410 5351 δέχεται.
451 5272 561 5327 Διά
588 5270 747 5324 τοῦτο
765 5269 875 5341 χρὴ
902 5269 1004 5340 τὴν
1031 5269 1130 5340 μὲν
1156 5267 1506 5321 διδασκαλίαν
1529 5266 1626 5321 καὶ
1653 5266 1752 5336 τὴν

142 5373 297 5447 πρὸς
333 5368 416 5424 τά
483 5363 628 5418 καλά
659 5362 962 5434 ὁδηγοῦσαν
1011 5360 1350 5431 παραίνεσιν,
1387 5359 1751 5420 ἀδιαλείπτως

141 5446 469 5532 πατρικῶς
496 5455 590 5524 καὶ
607 5453 724 5525 μετ’
742 5452 1043 5513 ἐπιεικείας
1065 5449 1388 5521 προσάγειν
1422 5450 1515 5502 καὶ
1545 5446 1626 5512 οἷς
1652 5446 1752 5519 μὲν

140 5551 545 5624 πειθομένους
568 5547 734 5618 ἔχεις,
759 5544 1107 5616 εὐχαριστεῖν
1140 5541 1216 5612 τῷ
1245 5541 1440 5596 διδόντι
1476 5542 1635 5612 χάριν
1683 5545 1762 5612 τῇ,

147 5655 222 5721 σῇ
260 5639 617 5710 διδασκαλίᾳ
649 5655 663 5670 σ
716 5633 797 5701 οἷς
854 5636 910 5690 δὲ
961 5632 1412 5721 δυσχεραίνοντας
1444 5633 1597 5706 ὁρᾷς,
1627 5634 1752 5690 ἀνέ-

1848 4002 2057 4075 gaudii,
2116 4002 2408 4066 claritatis,
2440 4009 2496 4056 et
2538 4000 2733 4074 gloriae
2787 3999 3084 4066 defectum,
3159 4015 3284 4080 cum
3349 4000 3418 4053 ad

1850 4093 2284 4158 remunerandus
2337 4091 2578 4148 labores
2608 4099 2665 4146 et
2716 4090 3122 4146 denuntiandos
3181 4091 3418 4145 athletas

1925 4731 2076 4797 Quod
2117 4741 2297 4786 autem
2325 4729 2615 4800 scripsisti,
2644 4738 2758 4783 tum
2787 4728 2855 4783 dc
2877 4728 2942 4783 iis
2963 4727 3254 4798 quae-circa
3283 4743 3420 4795 nup-

1856 4824 1958 4876 tias
1981 4821 2336 4876 adversantur
2361 4822 2505 4876 bono
2537 4819 2792 4876 Ecclesiae
2816 4818 3086 4889 regimini,
3115 4829 3240 4872 tum
3257 4820 3319 4872 de
3356 4820 3420 4872 iis

1857 4928 1977 4982 quae
2001 4911 2066 4966 ad
2103 4913 2355 4967 ethnicos
2373 4926 2551 4966 mores
2576 4911 2748 4980 magis
2770 4910 3036 4965 inducunt
3076 4924 3171 4965 eos
3195 4911 3286 4979 qui
3310 4910 3415 4964 tali-

1859 5005 1960 5060 bus
1973 5014 2216 5067 utuntur,
2232 5021 2337 5059 non
2358 5003 2495 5058 fallit
2510 5015 2655 5058 tuam
2676 5002 3085 5071 intelligentiam
3107 5011 3212 5055 tam
3243 5017 3420 5070 prout-

1859 5106 2008 5164 ptum
2038 5096 2107 5150 ab
2143 5095 2362 5151 ethnica
2386 5096 2494 5149 vita
2537 5095 2826 5149 transitum
2858 5091 2927 5148 ad
2961 5094 3233 5161 Evangelii
3269 5107 3422 5147 sevc-

1857 5186 2072 5240 ritatem
2105 5202 2212 5240 non
2242 5185 2400 5242 facile
2429 5185 2611 5254 recipi.
2655 5184 2884 5255 Propter
2910 5185 3053 5254 quod
3089 5183 3420 5239 documenta

1859 5286 1913 5331 ct
1949 5293 2071 5346 qua;
2123 5276 2388 5332 inducunt
2436 5276 2502 5329 ad
2547 5275 2799 5331 virtutem
2853 5274 3263 5330 exltortationes
3307 5276 3422 5330 sine

1861 5367 2269 5422 intermissione
2297 5382 2418 5421 cum
2444 5376 2665 5435 paterna
2693 5368 2958 5420 suavitate
2993 5374 3208 5433 oportet
3245 5365 3417 5419 addu-

1859 5472 2016 5524 cere;
2048 5467 2098 5510 et
2131 5458 2195 5511 de
2223 5458 2288 5510 iis
2319 5457 2542 5525 quidem
2579 5474 2720 5528 quos
2752 5455 3072 5532 obedientcs
3106 5456 3270 5509 babes
3297 5470 3423 5524 ερον

1863 5549 1989 5602 tiam
2022 5549 2128 5603 Deo
2168 5547 2370 5603 referre
2404 5555 2494 5617 qui
2527 5551 2672 5604 dedit
2723 5549 2830 5601 vim
2881 5549 2988 5603 tuis
3036 5549 3373 5603 documentis
3408 5565 3422 5612 ;

1861 5651 1955 5694 eos
1982 5647 2160 5693 autem
2191 5652 2328 5708 quos
2356 5639 2579 5695 rebelles
2603 5637 2810 5694 invenis
2835 5652 3028 5707 magna
3055 5636 3237 5691 animo
3261 5635 3426 5700 terra,
