4038 6354
137 390 233 455 ριν
1561 392 1961 453 ΕΡΙΞΤΟῐηΕ.
3227 390 3335 454 250

132 504 215 555 τοῦ
247 499 389 570 ἱεροῦ
439 499 591 568 ὑμῶν
656 497 917 571 ὀνόματος
970 503 1001 572 ἡ
1039 502 1343 573 ἀνάρρησις
1394 500 1531 567 μετὰ
1564 502 1662 570 τῆς

1785 501 1932 556 natio
1948 517 2071 556 cum
2091 512 2271 558 nostra
2296 503 2481 557 humili
2503 501 2945 559 denominatione
2964 499 3017 554 in
3044 502 3214 558 sacris
3247 519 3334 555 rc.-

133 590 271 661 ήμῶν
314 592 783 661 τεταπεινωμένης
834 592 1079 663 κλήσεως
1107 594 1166 643 ὲν
1204 594 1316 654 τοῖς
1356 593 1521 661 ἱεροῖς
1547 610 1669 652 συν-

1784 604 2006 662 ponatur
2025 594 2313 665 diptychis.
2343 594 2474 649 Illud
2502 610 2630 649 vero
2645 594 2872 648 omnino
2912 593 3023 656 lict,
3041 592 3332 648 dummodo

135 686 355 753 άττηται
411 680 711 750 διπτύχοις.
776 683 947 736 Τοῦτο
979 684 1036 737 δὲ
1074 684 1294 749 πάντως
1357 687 1665 756 γενήσεται,

1784 687 1844 740 de
1891 688 2150 740 anteactis
2179 694 2493 753 quartarum
2523 687 2831 753 nuptiarum
2850 700 3040 747 causa,
3076 686 3215 738 inter
3234 701 3332 739 nos

130 773 225 825 τῶν
248 772 404 824 ἓνεκα
455 770 549 825 τοῦ
593 775 855 844 τετάρτου
917 776 1097 845 γάμου
1154 778 1561 849 προαχθέντων,
1588 780 1669 841 είς

1784 776 2058 830 conveniat
2106 776 2197 830 illa
2227 776 2527 843 contraius
2558 775 2697 829 facta
2726 774 2917 841 fuisse,
2941 776 3068 841 etsi,
3114 784 3334 844 propter

128 861 398 930 ὁμολογίαν
421 861 835 935 καθισταμένων
865 865 944 929 ὡς
975 867 1223 938 ἐπράχθη
1256 870 1411 940 παρὰ
1442 871 1503 923 τὸ
1526 871 1667 935 δέον,

126 955 170 1005 εἰ
192 953 279 1004 καὶ
300 950 715 1024 τῆςβασιλικῆς
750 954 940 1008 ἕνεκεν
983 959 1332 1026 συμπαθείας
1355 960 1417 1012 τὸ
1448 960 1672 1027 γεγονὸς

125 1039 275 1094 ἔλαϐε
326 1040 426 1112 τὴν
468 1043 812 1099 κατάνευσιν.
859 1042 981 1099 Οἵδε
1020 1047 1133 1116 γάρ
1182 1049 1214 1115 ἡ
1250 1046 1317 1117 σὴ
1374 1047 1669 1115 τελειότης,

122 1133 201 1185 ὅτι
235 1148 340 1201 περ
365 1126 453 1203 οἷα
479 1132 655 1186 πολλὰ
682 1133 751 1187 τὰ
783 1134 1114 1206 ἀνθρώπινα
1149 1138 1503 1206 καινοτομίας
1530 1138 1672 1201 τινδς

124 1224 423 1293 γινομένης,
477 1226 571 1276 καὶ
631 1226 706 1295 μή
759 1225 858 1297 τὴν
910 1227 1270 1298 ὀφειλομένην
1288 1228 1672 1299 λαμϐανούσης

124 1313 429 1383 θεραπείαν,
475 1315 699 1386 ἀφορμή
745 1332 831 1378 τις
886 1318 984 1370 καὶ
1031 1319 1114 1378 είς
1143 1321 1205 1372 τὸ
1235 1318 1429 1373 ἔπειτα
1458 1320 1671 1388 γίνεται

123 1406 235 1468 τοῖς,
257 1403 601 1474 βουλομένοις
623 1407 718 1462 τοῦ
747 1408 960 1473 δέοντος
987 1411 1459 1480 παρατρέπεσθαι,
1486 1413 1674 1482 φέρειν

98 1496 215 1565 ,τὴν
239 1496 409 1566 όρμὴν
433 1497 811 1568 ἀνεπίσχετον,
864 1502 1317 1571 προτρεπομένης
1355 1502 1553 1562 αὑτοὺς
1582 1502 1675 1555 ἐπὶ

124 1586 284 1656 τούτῳ
303 1588 399 1657 τῆς
449 1589 829 1665 προλαὸούσης
874 1594 1351 1663 καταφρονήσεως.
1394 1595 1496 1647 Διὰ
1516 1594 1675 1647 τοῦτο

99 1677 212 1730 -καὶ
235 1675 325 1730 νῦν
350 1678 435 1732 δεῖ
471 1680 533 1732 τὸ
586 1682 761 1735 αττιον
818 1683 1040 1751 γεγονὸς
1088 1686 1197 1735 τῶν
1243 1685 1555 1738 σκανδάλων
1595 1686 1676 1748 είς

130 1768 401 1837 ὁμολογίαν
440 1772 745 1843 προελθεῖν,
795 1774 879 1828 ὅτι
925 1777 1075 1846 παρά
1129 1776 1190 1829 τὸ
1217 1776 1337 1830 δέον
1378 1777 1628 1848 ιπράχθη
1658 1793 1671 1808 ·

1778 865 2163 934 indulgentiam
2216 868 2270 920 in
2310 866 2718 935 imperatorem,
2772 866 2912 933 quod
2973 866 3174 920 factum
3248 871 3334 918 est

1776 971 2057 1010 assensum
2091 957 2318 1026 accepit.
2350 956 2509 1010 Novit
2532 956 2679 1010 enim
2700 963 2880 1009 vestra
2905 936 3183 1020 sanctitas,
3213 971 3338 1023 pcr-

1777 1063 1919 1116 saepe
1942 1047 1995 1101 in
2034 1048 2194 1103 rebus
2228 1048 2477 1103 immanis
2515 1049 2746 1116 quadam
2781 1048 3132 1101 innovatione
3158 1048 3333 1101 inter-

1777 1141 2026 1195 veniente
2053 1156 2152 1195 nec
2174 1141 2409 1195 debitam
2445 1141 2743 1209 accipiente
2773 1142 3060 1199 medelam.
3090 1139 3337 1193 occasio~

1778 1247 1899 1286 nem
1930 1232 2054 1288 inde
2099 1233 2251 1287 nasci
2295 1232 2378 1286 Itis
2415 1233 2508 1301 qui
2551 1231 2641 1300 jus
2681 1230 2984 1299 transgredi
3038 1230 3246 1291 volunt,
3284 1238 3337 1281 et

1778 1323 2161 1386 impulsionem
2198 1324 2312 1378 iieri
2336 1324 2449 1394 jam
2481 1324 2764 1386 invictam,
2791 1337 2915 1377 cum
2939 1322 3003 1375 ad
3033 1322 3082 1375 id
3115 1321 3336 1374 inducat
3442 1312 3445 1315 ’

1779 1423 2027 1469 anteacta
2073 1399 2456 1483 transgressio.
2501 1413 2793 1482 Propterea
2849 1419 3059 1480 oportet
3094 1410 3147 1464 id
3192 1408 3335 1477 quod

1780 1504 1987 1560 factum
2036 1512 2123 1560 est
2148 1505 2525 1560 scatulalorum
2561 1506 2735 1573 origo,
2784 1511 2970 1557 contra
3012 1502 3101 1569 jus
3132 1500 3335 1553 factum

1780 1597 1970 1660 fuisse,
1992 1605 2049 1650 ut
2074 1608 2183 1649 non
2212 1595 2275 1649 in‘
2300 1594 2350 1649 id
2376 1595 2642 1664 aspiciant
2665 1593 2821 1662 quasi
2847 1593 2900 1645 in
2923 1592 3216 1660 exemplar,
3242 1590 3334 1659 qui

1781 1687 1846 1741 ad
1882 1687 2059 1755 pejora
2105 1688 2352 1741 tendunt.
2412 1685 2529 1740 Non
2575 1687 2787 1741 desinet
2830 1693 3010 1738 autem
3070 1681 3334 1751 quidquid

1784 1777 2006 1831 humani
2041 1778 2200 1831 habet
2248 1777 2364 1832 hac
2412 1776 2693 1847 impulsio,
2748 1776 2921 1830 donec
2968 1773 3166 1843 accipit
3197 1787 3336 1843 prae-

133 1857 258 1912 ῶστε
304 1861 504 1932 μηκέτι
554 1864 810 1936 καθάπερ
851 1864 933 1929 εῐς
971 1884 1024 1920 τι
1071 1866 1387 1938 ἀρχέτυπον
1433 1868 1677 1939 ὁρῶντας

1784 1869 1924 1921 vium
1953 1867 2019 1921 ad
2039 1867 2409 1921 imitationem
2440 1866 2877 1921 incitamentum.

132 1952 243 2013 τοὺς
269 1952 355 2007 επὶ
408 1954 473 2007 τὸ
521 1958 705 2027 χεῖρον
743 1957 1133 2029 ὡρμημένους.
1193 1960 1269 2013 Οὑ
1313 1956 1585 2015 παύσεται
1607 1962 1665 2014 δὲ
1703 1961 1919 2042 πάντως
1948 1960 2011 2014 τὸ
2065 1959 2411 2031 ἀνθρώπινον
2485 1960 2584 2030 τῆς
2620 1957 2879 2028 τοιαύτης
2906 1956 3104 2027 ὁρμῆς,
3132 1955 3237 2018 ῑως
3270 1954 3339 2007 ἂν

131 2042 186 2124 si
203 2042 343 2107 γένος
368 2042 639 2113 λαμσάνει
684 2046 784 2116 τὴν
826 2048 1055 2117 πρόοδον
1099 2050 1493 2118 ιπαλείφεσθαι
1533 2051 1672 2123 πρὸς
1709 2052 1809 2124 τὴν
1836 2052 2089 2121 μίμησιν.

146 2198 152 2208 Ι
191 2132 349 2187 Τοῦτο
371 2135 476 2205 μὲν
505 2132 642 2201 οἶδα,
678 2138 755 2202 ὡς
796 2141 889 2193 καὶ¹
914 2140 991 2210 μὴ
1011 2143 1333 2212 γραφόντων
1358 2144 1519 2214 ἡμῶν
1540 2146 1575 2215 ἡ
1606 2145 1676 2215 σὴ

129 2220 414 2292 ἀμώμητος
454 2226 554 2281 καὶ
583 2227 1003 2300 ιμφρονεστάτη
1045 2231 1193 2301 ψυχὴ
1225 2235 1318 2286 καὶ
1366 2235 1677 2301 ἐπίσταται,

129 2312 216 2366 καὶ
239 2312 335 2383 τῆς
367 2316 675 2388 εἰρημένης
698 2321 1062 2390 προνοήσεται
1092 2324 1415 2392 ἀσφαλείας,
1450 2325 1596 2394 ὅμως
1623 2326 1679 2379 δὲ

131 2400 265 2454 οὐδὲν
313 2405 550 2469 ἀπεικὸς
589 2408 688 2462 καὶ
745 2410 895 2478 ἡμᾶς
945 2413 1073 2482 περὶ
1115 2413 1322 2469 τούτων
1362 2416 1675 2487 ὑπόμνησιν

133 2491 321 2560 φέρειν.
350 2495 454 2549 Διὰ
480 2495 653 2551 ταῦτα
680 2503 777 2553 καὶ
795 2501 825 2551 ὁ
858 2500 1206 2575 φιλόχριστος
1229 2505 1387 2576 ἡμῶν
1422 2507 1677 2578 βασιλεὺς

134 2582 392 2640 Βασίλειον
428 2589 525 2642 τὸν
573 2591 963 2648 εὐκλεέστατον
1023 2599 1523 2670 πρωτοσπαθάριον
1574 2600 1673 2655 καὶ

134 2674 216 2728 ἐπὶ
238 2677 328 2731 τοῦ
346 2678 796 2753 χρυσοτρικλίνου
821 2687 960 2763 μετὰ
979 2688 1071 2742 τοῦ
1094 2691 1298 2744 οἰκείου
1325 2690 1677 2756 ἐξαπέστειλε

132 2764 464 2838 γράμματος,
492 2773 587 2826 καὶ
635 2776 794 2844 ἡμεῖς
838 2778 1097 2848 Εὺλόγιον
1138 2781 1233 2834 τὸν
1274 2783 1673 2837 εὑλασέστατον

133 2858 493 2930 πρεσϐύτερον
550 2866 647 2919 καὶ
697 2867 1173 2934 κουσουκλείσιον,
1236 2875 1331 2927 καὶ
1387 2873 1675 2944 ἄνθρωπον

132 2950 274 3019 ἡμῶν
299 2954 437 3023 μετὰ
460 2954 557 3008 τοῦ
587 2959 859 3029 ἡμετέρου
884 2962 1213 3031 γράμματος
1263 2965 1680 3030 συνεξαπεστεί-

134 3041 311 3113 λαμεν,
340 3048 552 3127 ἐκεῖνα,
585 3050 679 3102 καὶ
708 3051 806 3104 σὺν
838 3055 952 3115 τοῖς
982 3056 1275 3125 γράμμασι
1303 3058 1400 3111 καὶ
1430 3058 1537 3128 πρὸ
1567 3058 1675 3111 τῶν

1850 2143 1963 2200 iloc
1994 2146 2210 2215 quidem
2247 2144 2395 2205 novi,
2434 2145 2595 2199 etiam
2624 2160 2731 2220 non
2763 2144 3124 2220 scribentibus
3158 2140 3335 2206 nobis,

1776 2244 1924 2290 tuam
1951 2236 2477 2306 irrepreltensibilem
2504 2247 2553 2291 et
2585 2219 3062 2306 prudentissimam
3095 2234 3333 2288 animant

1778 2329 2057 2384 ctealiere
2087 2338 2141 2383 et
2192 2328 2474 2397 providere
2512 2328 2671 2383 dictae
2731 2326 3033 2383 securitati.
3087 2325 3335 2393 Attamen

1785 2434 1890 2473 non
1936 2419 2034 2473 abs
2096 2434 2153 2472 re
2181 2426 2334 2473 cstet
2398 2434 2496 2474 nos
2543 2418 2612 2475 de
2662 2419 2749 2474 bis
2798 2419 3116 2473 memoriam
3166 2415 3233 2470 ad
3287 2425 3339 2469 te

1785 2506 2045 2576 perferre.
2087 2507 2209 2561 ldco
2257 2516 2311 2561 et
2343 2506 2465 2577 pius
2494 2517 2684 2563 noster
2728 2506 3026 2576 imperator
3077 2503 3337 2557 Basilium

1783 2600 2217 2655 illustrissimum
2267 2590 2764 2668 protospatharium
2803 2605 2859 2651 et
2893 2596 3043 2650 aurei
3098 2593 3335 2649 cubiculi

1785 2689 2098 2763 praefectum
2128 2706 2250 2745 cum
2278 2690 2512 2759 propriis
2532 2688 2730 2743 litteris
2755 2688 2924 2752 misit,
2953 2694 3006 2740 et
3029 2700 3131 2740 nos
3169 2683 3336 2738 Eulo-

1778 2787 1924 2854 gium
1957 2782 2428 2853 religiosissimum
2453 2781 2827 2851 presbyterum
2854 2786 2910 2833 et
2936 2774 3335 2831 cubicularium

1777 2886 1832 2931 et
1871 2875 2145 2928 hominem
2185 2882 2431 2927 nostrum
2480 2887 2602 2925 cum
2649 2870 2879 2939 epistola
2916 2876 3101 2923 nostra
3158 2861 3323 2919 simul

1777 2967 2056 3028 misimus,
2097 2964 2184 3017 cui
2241 2962 2619 3017 mandavimus
2656 2961 2769 3015 hac
2808 2967 2931 3012 tum
2980 2974 3100 3013 cutn
3136 2955 3330 3010 litteris

1779 3066 1891 3112 tum
1928 3057 2147 3125 proprio
2174 3069 2267 3108 ore
2289 3054 2491 3118 dicere,
2529 3062 2588 3105 ut
2620 3066 2741 3121 quze
2774 3050 2827 3103 in
2865 3057 3052 3102 nostra
3087 3045 3335 3101 Ecclesia

130 3136 463 3230 γραμμάτων
485 3122 662 3230 eiusei?
688 3142 907 3216 γλώσσῃ
926 3122 1315 3215 ἐπιτρέψαντες
1336 3122 1676 3218 προσειπεῖν,

1784 3122 2046 3218 impressa
2088 3148 2268 3217 vigent
2298 3153 2352 3199 et
2398 3144 2682 3215 pacificum
2713 3150 2911 3198 statum
2963 3138 3157 3208 adepta
3184 3142 3333 3199 sunt,

130 3223 259 3315 ὥστε
279 3227 348 3281 τὰ
370 3223 843 3286 κατατυπωθέντα
868 3237 926 3286 εν
953 3237 1018 3305 τῇ
1050 3235 1171 3288 καθ’
1198 3239 1344 3306 ἡμᾶς
1380 3239 1677 3309 Ἐκκλησία

132 3318 217 3369 καὶ
244 3320 529 3389 εἰρηνικὴν
554 3322 785 3377 λαὸόντα
811 3326 1165 3390 κατάστασιν,
1194 3328 1335 3381 οὓτω
1356 3332 1451 3382 καὶ
1501 3332 1566 3384 τὰ
1617 3333 1675 3382 ἐν

133 3404 248 3474 ὑμῖν
271 3409 597 3477 τυπωθῆναι
625 3414 717 3465 καὶ
754 3416 834 3477 είς
860 3417 959 3485 τὴν
1001 3418 1119 3486 μεθ’
1142 3419 1300 3487 ἡμῶν
1347 3421 1542 3473 ἕνωσιν
1589 3421 1678 3475 διὰ

131 3498 219 3563 τοῦ
259 3502 501 3556 τοιούτου
552 3509 883 3577 καταστῆναι
925 3510 1120 3564 τύπου.
1172 3511 1362 3564 Ταῦτα
1412 3512 1471 3565 δέ
1530 3514 1679 3566 ἐστιν

132 3589 379 3659 οὑμενουν
449 3594 678 3664 οὐδεμία
752 3599 862 3651 τῶν
912 3603 1274 3671 πεπραχότων
1325 3605 1671 3675 κατάκρισις,

132 3682 233 3735 οὐδ’
261 3685 559 3757 άπόρῤιῲις
596 3688 879 3760 δυσφήμου
930 3694 1093 3761 λόγου
1134 3694 1258 3747 κατ’
1299 3696 1502 3759 αὑτῶν,
1540 3697 1677 3750 ἀλλὰ

138 3776 286 3841 μόνον
345 3777 440 3831 τοῦ
494 3779 561 3833 τά
606 3785 950 3853 γεγενημένα
998 3788 1092 3839 ἐπὶ
1131 3787 1207 3857 τῷ
1236 3788 1483 3859 τετάρτῳ
1512 3788 1677 3859 γάμῳ

134 3864 578 3939 διομολογηθῆναι
613 3875 751 3943 πρὸς
778 3875 838 3929 τὸ
869 3878 1152 3945 συμπαθὲς
1195 3881 1408 3949 ὁρῶντα
1445 3881 1548 3951 τῆς
1583 3881 1683 3951 βα·

138 3957 335 4030 σιλικῆς
356 3964 481 4016 κατ’
510 3964 688 4017 ἐκεῖνο
715 3968 912 4038 καιροῦ
938 3970 1217 4034 ἀξιώσεως
1235 3974 1562 4042 γεγενῆσθαι
1583 3973 1685 4042 (ι),

137 4047 244 4104 ἀλλ’
265 4053 325 4105 οὑ
346 4055 485 4107 atati
511 4055 576 4107 τὸ
613 4060 911 4128 προσῆκον,
938 4060 1061 4113 οὐδὲ
1116 4065 1257 4115 κατὰ
1308 4064 1543 4132 θεσμοὺς
1588 4065 1688 4135 τῆς

150 4141 463 4212 Ἐκκλησίας
496 4163 511 4179 ο
534 4146 562 4200 ὅ
594 4150 686 4200 καὶ
731 4152 899 4220 χωρὶς
942 4149 1373 4223 τῶν¹ήμετέρων
1427 4155 1602 4223 λόγων
1631 4158 1681 4209 oi

140 4234 248 4287 τότε
276 4236 353 4305 τῷ
383 4238 485 4307 βίῳ
508 4240 796 4307 παρόντες,
820 4245 962 4311 φημὶ
1018 4244 1074 4296 δὲ
1122 4245 1344 4312 Σέργιος
1400 4246 1478 4313 (ὃν
1503 4249 1559 4298 ὲν
1583 4250 1693 4307 τοῖς

145 4330 422 4399 μακαρίοις
447 4330 677 4402 εὔχομαι
702 4336 1060 4404 συντετάχθαι
1091 4336 1454 4406 ἀρχιερεῦσι),
1488 4337 1584 4389 καὶ
1640 4338 1689 4389 oi

1781 3256 1843 3294 ea
1905 3252 2123 3308 quoque
2151 3235 2291 3305 apud
2336 3249 2437 3289 vos
2488 3234 2826 3294 sanciantur,
2877 3237 2931 3285 et
2982 3231 3034 3283 in
3093 3235 3335 3282 mutuam
3376 3266 3377 3269 η

1784 3330 1923 3383 inter
1975 3342 2075 3382 nos
2134 3328 2393 3381 unitatem
2416 3326 2603 3379 eadem
2649 3322 2820 3377 forma
2853 3330 3178 3376 statuantur.
3209 3318 3341 3384 Quas

1785 3420 2005 3489 quidem
2048 3419 2357 3472 nullatenus
2410 3408 2543 3471 sunt
2595 3422 2870 3486 gestorum
2934 3410 3339 3471 condemnatio,

1790 3526 1891 3566 nec
1927 3526 2115 3564 eorum
2163 3508 2468 3575 repudiatio
2520 3521 2642 3576 quae
2688 3507 2754 3560 de
2809 3504 2896 3559 itis
2936 3503 3172 3557 infausto
3198 3500 3340 3555 dicta

1785 3611 1933 3667 sunt,
1965 3601 2059 3657 sed
2091 3608 2298 3654 tantum
2322 3607 2382 3653 ut
2402 3599 2690 3654 conveniat
2713 3612 2774 3650 ea
2800 3611 2919 3666 qua:
2947 3595 3091 3649 circa
3119 3602 3341 3663 quartas

1784 3694 2006 3764 nuptias
2035 3701 2184 3763 gesta
2215 3702 2363 3755 sunt,
2394 3698 2640 3760 respectu
2678 3688 3039 3758 imperatoria:
3064 3684 3341 3753 dignitatis

1785 3800 1886 3854 pro
1923 3795 2166 3854 tempore
2200 3799 2322 3838 cum
2360 3782 2692 3851 indulgentia
2720 3791 2865 3848 gesta
2900 3779 3090 3841 fuisse,
3113 3774 3205 3830 sed
3233 3789 3339 3828 non

1784 3876 1886 3930 rite
1917 3883 2010 3929 aut
2053 3874 2350 3929 secundum
2385 3873 2641 3927 Ecelcsice
2673 3873 2837 3940 leges.
2871 3870 3024 3936 Quod
3054 3877 3107 3923 et
3134 3871 3341 3936 absque

1772 3966 1995 4020 nostris
2019 3964 2199 4018 verbis
2231 3963 2265 4017 ii
2305 3964 2395 4032 qui
2425 3972 2556 4017 tunc
2596 3962 2703 4014 vita
2740 3959 3079 4021 fruebantur,
3118 3957 3341 4024 Sergius

1787 4058 1995 4113 scilicet
2020 4055 2201 4127 (quem
2229 4056 2401 4110 beatis
2419 4056 2578 4123 cupio
2598 4052 2946 4106 annumerari
2966 4046 3339 4120 pontificibus)

1787 4158 1841 4204 et
1865 4149 1958 4218 qui
1990 4164 2113 4202 cum
2138 4162 2203 4201 eo
2224 4156 2395 4212 erant,
2424 4148 2475 4201 in
2514 4147 2630 4201 suis
2661 4152 2991 4215 agnoverunt
3018 4141 3242 4195 litteris.
3275 4138 3342 4192 Et

1794 4259 1859 4297 nc
1893 4242 2030 4297 falsa
2058 4242 2239 4295 dicere
2268 4239 2569 4304 videamur,
2594 4240 2694 4293 bas
2732 4240 2876 4307 ipsas
2925 4236 2994 4290 ab
3030 4236 3138 4289 illis
3188 4233 3342 4287 datas

1790 4334 1856 4388 ad
1891 4344 1940 4387 te
1966 4333 2216 4386 misimus
2242 4331 2469 4383 litteras.
3044 4374 3065 4390 .,

143 4416 231 4468 σὺν
267 4420 491 4491 ἐκείνῳ,
527 4422 587 4473 ἐν
605 4423 718 4483 τοῖς
746 4422 967 4485 οξκείοις
1036 4424 1450 4495 διωμολόγησαν
1505 4424 1820 4494 γράμμασι.
1854 4421 1961 4474 Καὶ
1993 4419 2078 4471 ἵνα
2146 4418 2220 4489 μὴ
2279 4417 2520 4488 δόξωμεν
2580 4415 2650 4469 τὰ
2687 4416 2762 4487 μὴ
2817 4417 2946 4470 ὄντα
2972 4414 3172 4484 λέγειν,
3205 4410 3343 4465 αὑτά

140 4510 314 4563 ἐκεῖνά
339 4527 423 4562 σοι
454 4512 524 4564 τὰ
541 4511 961 4595 διαπεμφθέντα
991 4515 1123 4581 παρ’
1149 4514 1328 4566 αὐτῶν
1367 4515 1825 4581 ὲξαπεστείλαμεν
1852 4510 2158 4581 γράμματα
2191 4507 2288 4577 (2).
2634 4520 2637 4523 ’

217 4599 407 4663 ’Λξίως
436 4594 652 4653 οὖνκαὶ
697 4604 799 4670 τῆς
845 4602 942 4669 σῆς
1000 4602 1253 4671 πράττων
1298 4605 1679 4674 ἀρχιερατικῆς

1865 4598 2037 4668 Digne
2070 4597 2234 4668 igitur
2265 4612 2431 4667 agens
2479 4608 2533 4652 et
2574 4606 2661 4650 tua
2693 4594 2965 4665 pontiﬁcis
3001 4594 3263 4664 gravitate
3292 4604 3345 4648 ct

124 4690 480 4756 σεμνότητος.
513 4692 608 4742 καὶ
659 4691 755 4757 τῆς
793 4691 1131 4761 τελειοτάτης
1168 4695 1501 4762 φρονήσεως,
1546 4692 1687 4746 οὕτω

150 4777 427 4849 βουλήθητι
476 4780 755 4832 διαθέσθαι
811 4780 879 4832 τά
933 4783 1253 4850 πράγματα,
1290 4781 1428 4836 ὥστε
1473 4783 1565 4835 καὶ
1597 4784 1688 4835 τὸν

148 4870 401 4923 ἀθάνατον
457 4874 550 4924 καὶ
600 4872 821 4940 πρῶτον
862 4872 1121 4942 ἀρχιερέα
1175 4874 1330 4942 ἡμῶν
1388 4874 1479 4925 ἐπὶ
1528 4873 1689 4926 πλέον

146 4961 502 5031 εὐφρανθῆναι
526 4964 617 5014 ἐπὶ
643 4966 707 5031 τῇ
733 4964 831 5030 τῆς
856 4964 1138 5032 καθ’ἡμᾶς
1176 4964 1498 5031 Ἐκκλησέας
1522 4982 1689 5018 καταο

118 5052 340 5106 στάσει.
377 5054 824 5123 Εὐφρανοήσεται
848 5054 903 5107 δὲ
950 5056 1217 5123 μηδεμιᾶς
1261 5056 1689 5124 ὑπολειπομένης

148 5142 391 5213 ἀφορμῆς
422 5149 533 5208 τοῖς
589 5147 841 5217 ἀφορμὴν
872 5142 956 5198 οἶα
983 5148 1050 5199 τὰ
1089 5147 1399 5217 ἀνθρώπινα
1434 5146 1689 5214 ζητοῦσιν

148 5233 219 5294 εἰς
245 5234 306 5287 τὸ
347 5237 446 5304 τὴν
495 5236 734 5305 γαλήνην
780 5237 1130 5305 ἐκταράττειν
1184 5238 1282 5304 τῆς
1346 5235 1688 5306 Ἐκκλησίας,

148 5322 235 5375 sui
258 5324 353 5394 τὴν
383 5326 657 5396 ὑμετέραν
690 5331 747 5378 ἐν
784 5329 969 5397 Κυρίῳ
995 5329 1126 5395 πρὸς
1160 5330 1307 5396 ἡμᾶς
1349 5327 1565 5387 ἕνωσιν,
1597 5326 1689 5378 καὶ

149 5413 237 5465 τοῦ
265 5416 409 5485 ἱεροῦ
445 5416 599 5484 ὑμῶν
618 5420 875 5486 ὀνόματος
897 5420 996 5487 τὴν
1027 5420 1082 5469 ὲν
1102 5420 1212 5480 τοῖς
1244 5415 1518 5485 διπτύχοις
1556 5418 1689 5469 ἀνα-

219 5571 292 5637 (i)
320 5571 398 5625 En
430 5585 485 5626 ιιι
510 5572 595 5625 hic
636 5572 889 5626 Nicotaus
924 5574 1057 5627 satis
1093 5574 1685 5627 retractatsenteutiam

152 5652 317 5718 suam,
351 5641 656 5718 iuepislola
686 5641 875 5718 XXX},
907 5654 1181 5707 tantopere
1237 5643 1687 5718 inculcatauthde

153 5706 542 5780 dispensatione
583 5716 797 5780 quartis
822 5711 1015 5766 Leonis
1042 5706 1171 5779 imp.
1224 5716 1425 5777 nuptiis
1466 5728 1571 5765 nun
1601 5710 1685 5763 in-

155 5778 515 5842 dulgeudaﬁn
573 5778 628 5836 ut
656 5786 869 5856 tandem
899 5778 1153 5839 iiutuatuc
1201 5798 1418 5851 quoque
1443 5782 1689 5837 ecclesia:

1794 4690 2187 4761 perfectissima
2240 4680 2523 4758 sapientia,
2579 4688 2649 4741 ita
2695 4702 2780 4740 res
2814 4694 3054 4740 statuere
3084 4687 3237 4747 velis,
3284 4698 3343 4740 ιιι

1793 4792 1846 4836 et
1890 4780 2213 4834 immortalis
2250 4790 2304 4833 et
2334 4793 2582 4833 summus
2612 4777 2857 4831 Pontifex
2896 4785 3078 4831 noster
3110 4776 3345 4845 amplius

1793 4871 2021 4941 gaudeat
2052 4870 2118 4923 de
2148 4880 2345 4923 nostra:
2378 4870 2631 4923 Ecclesia:
2646 4868 3035 4922 constitutione
3066 4867 3345 4931 (gaudebit

1793 4971 1971 5016 autem
2003 4961 2051 5016 si
2085 4961 2228 5013 nulla
2282 4967 2560 5013 remaneat
2599 4960 2817 5012 occasio
2847 4959 2917 5011 iis
2961 4958 3051 5023 qui
3106 4959 3342 5009 humano

1798 5066 1947 5106 more
1975 5050 2314 5103 occasionem
2346 5055 2595 5117 quaerunt
2638 5044 3047 5109 tranquillitatis
3096 5044 3344 5096 Ecclesia:

1790 5140 2191 5211 perturbanda')
2229 5147 2282 5193 ct
2322 5150 2495 5193 vestra
2544 5138 2599 5191 in
2630 5135 2857 5190 Domino
2892 5135 3172 5188 nobiscum
3215 5134 3344 5185 unio

1790 5243 1843 5289 et
1903 5230 2065 5286 vestri
2126 5231 2266 5286 sacri
2328 5229 2560 5283 nominis
2610 5228 2663 5281 iu
2700 5226 2973 5298 diptyeitis
3003 5224 3343 5279 denuntiatio

1793 5326 1949 5391 plane
1992 5332 2047 5377 ct
2090 5323 2208 5377 sine
2254 5322 2621 5375 controversia
2673 5320 2787 5372 tiat.
2828 5318 3017 5370 Nullus
3050 5315 3192 5368 enim
3231 5315 3340 5382 jam

1795 5416 2009 5485 poterit,
2062 5421 2121 5467 ut
2188 5412 2445 5475 diximus,
2478 5414 2549 5465 ita
2584 5421 2773 5480 agente
2804 5416 2980 5461 vestra
3020 5408 3341 5469 sanctitate,

1790 5569 2085 5639 Sergioquc
2116 5568 2377 5639 pontiﬁci,
2402 5568 2491 5635 qui
2524 5574 2706 5621 contra
2742 5579 2800 5619 se
2822 5572 3067 5628 steterat,
3101 5562 3338 5615 debitum

1790 5638 2013 5692 honoris
2048 5638 2417 5691 tcStiumuiuut
2447 5638 2557 5691 dat.

1857 5710 1935 5832 g2!)
1966 5707 2336 5829 lQuaerendum
2362 5714 2602 5775 superest
2630 5705 2696 5763 de
2722 5705 2807 5761 liis
2826 5703 2985 5759 Rom.
3012 5700 3337 5756 Pontiﬁcum

1786 5793 1903 5847 epis
1930 5796 1959 5832 0
1987 5792 2051 5830 ts.
