4038 6354
635 237 741 300 255
1761 240 2070 301 NICOLAI
2108 240 2204 302 CP.

2307 240 2783 303 ’ATRIARCH£
3749 241 3855 302 256

636 350 759 417 bus)
791 347 931 403 facta
962 356 1043 404 cst
1072 349 1254 402 tamen
1287 354 1439 412 tunc,
1468 357 1523 403 et
1553 347 1679 402 hinc
1703 359 1924 420 accepta
1955 351 2188 419 origine.

2307 346 2403 400 τῶν
2456 348 2917 415 ἐπηρεασάντων·
2972 347 3111 417 πλὴν
3161 345 3424 415 ἐγένετο),
3465 346 3525 399 τὸ
3568 347 3667 417 μέν
3699 365 3749 401 τι
3784 354 3863 403 ἰν-

635 452 749 495 tum
778 448 831 494 et
862 454 928 493 ex
956 446 1139 494 sancta
1174 436 1544 493 Romanorum
1579 438 1859 505 Ecclesia;
1902 452 1957 495 et
1984 443 2195 511 expulsi

2307 436 2486 489 τεῦθεν
2526 436 2761 490 λαὸοὗσα
2793 438 2890 505 τὴν
2916 436 3191 506 ἀφορμὴν,
3212 436 3272 489 τὸ
3299 436 3355 489 δὲ
3378 438 3469 489 καὶ
3491 438 3555 490 ἐκ
3584 440 3681 506 τῆς
3712 440 3865 505 άγτας

636 529 842 585 fuimus
903 528 1146 582 Ecclesia
1198 538 1417 594 nostra,
1453 545 1577 583 cum
1616 531 1745 583 nihi'
1781 531 2199 602 deliquissemus

636 622 750 676 sive
773 626 958 674 contra
992 616 1358 672 Romanorum
1389 618 1705 678 Ecclesiam.
1737 621 1852 675 sive
1891 631 2075 677 contra
2105 638 2198 678 eos

635 714 727 782 qui
773 712 857 765 hic
886 720 1035 775 sunt,
1083 709 1209 764 licet
1233 724 1412 763 coram
1452 710 1581 785 Deo,
1610 712 1977 767 indesinenter
2004 728 2198 783 pecca-

642 818 785 855 mus.
823 801 889 854 Et
918 817 982 855 es
1015 802 1116 855 bac
1162 815 1325 855 causa
1391 802 1708 870 prodierunt
1750 804 2027 870 scandala,
2077 821 2200 875 quae

636 890 931 947 secundum
979 893 1243 946 humanas
1298 907 1421 962 spes
1476 908 1691 948 omnem
1722 897 1989 951 medelam
2040 912 2198 952 exce-

643 981 854 1036 derent.
897 981 999 1047 sed
1032 982 1121 1051 qui
1162 982 1433 1037 mirabilia
1466 992 1725 1052 operatur
1767 984 1934 1051 Deus,
1969 994 2025 1042 et
2054 1002 2199 1042 nunc

635 1074 844 1139 statim,
900 1083 953 1128 et
1000 1087 1066 1127 eo
1114 1089 1225 1143 quo
1266 1074 1448 1130 nullus
1489 1076 1742 1145 sperabat
1787 1079 1972 1145 modo,
2018 1080 2199 1135 attulit

636 1164 909 1218 scandalis
954 1163 1284 1220 solutionem
1338 1173 1393 1219 et
1444 1164 1499 1220 in
1555 1168 2003 1238 tranquillitatem
2062 1186 2198 1225 con-

637 1255 797 1309 vertit
836 1255 1126 1323 procellam
1180 1270 1299 1324 qua:
1346 1270 1447 1311 nos
1464 1255 1576 1326 jam
1609 1272 1640 1311 a
1688 1258 1995 1327 quindecim
2041 1260 2199 1316 annis

562 1363 567 1368 ·
636 1330 983 1398 Vehementer
1026 1346 1357 1417 exagitabat.
1417 1344 1484 1399 Et
1533 1332 1761 1417 gratiam
1806 1347 2094 1405 referimus
2143 1360 2199 1406 et

634 1430 875 1485 debitum
925 1432 1149 1502 gloriam
1198 1432 1524 1490 benefactori
1572 1436 1641 1491 de
1688 1446 1891 1492 nostra:
1943 1437 2200 1496 Ecclesiae

634 1525 1055 1582 restauratiouc.

709 1709 1091 1766 Desidet-amns
1118 1720 1299 1766 autem
1333 1698 1399 1788 et.
1418 1714 1694 1785 antiquam
1722 1717 2003 1773 vobiscum
2035 1720 2195 1775 unio-

634 1815 783 1865 nem,
817 1808 873 1855 et
903 1811 1189 1872 propterea
1220 1804 1374 1858 vobis
1407 1805 1714 1874 scribimus,
1760 1818 1870 1863 tutu
1916 1810 1982 1867 de
2011 1821 2195 1867 nostra

638 1889 1029 1946 constitutione
1097 1891 1272 1947 fausta
1342 1896 1675 1961 nuntiantes,
1733 1906 1846 1951 tum
1920 1900 2197 1957 trahentes

644 1996 740 2037 vos
770 1982 836 2036 ad
888 1981 1178 2036 fraternam
1227 1984 1569 2040 dilectionem
1605 1996 1661 2042 et
1707 1990 2040 2046 societatem.
2084 1991 2199 2048 Hoc

635 2080 816 2128 autem
870 2071 1030 2128 facile
1076 2073 1186 2137 ﬂet.
1230 2076 1391 2132 modo
1445 2076 1645 2133 velitis.
1706 2080 2001 2137 Dicendum
2053 2084 2196 2139 enim

636 2164 979 2220 solummodo
1013 2181 1077 2220 ea
1103 2182 1225 2237 qua:
1252 2169 1409 2224 nobis
1439 2178 1741 2225 evenerunt
1785 2172 1930 2227 circa
1977 2184 2199 2244 quartas

639 2256 885 2327 nuptias,
920 2266 1143 2327 propter
1178 2261 1605 2327 compassionem
1639 2276 1765 2331 erga
1814 2263 2196 2333 imperatorem

637 2346 781 2403 facta
810 2347 999 2415 fuisse,
1035 2365 1141 2404 non
1180 2357 1360 2404 autem
1389 2352 1690 2407 secundum
1724 2352 1775 2407 id
1804 2356 1946 2422 quod
1976 2357 2200 2411 decebat

522 2510 525 2513 Ἴ
636 2437 935 2514 Ecclesiam
966 2447 1017 2492 et
1045 2439 1363 2509 gravitatem
1399 2442 1697 2498 Christiani
1746 2444 2045 2515 regiminis.
2080 2447 2198 2503 Nan

634 2530 779 2584 enim
841 2529 985 2586 istud
1040 2529 1264 2600 dignum
1332 2532 1709 2591 Romanorum
1764 2536 2006 2592 Ecclesia
2058 2532 2197 2593 viam

635 2622 846 2677 scilicet
887 2623 1100 2691 aperire
1133 2622 1345 2693 quartis
1375 2625 1601 2693 nuptiis,
1647 2632 1702 2679 et
1735 2626 2011 2683 licentiam
2063 2644 2201 2698 pra:-

637 2715 766 2768 bere
797 2713 865 2768 lis
898 2714 990 2783 qui
1026 2713 1333 2784 polygatnia
1365 2716 1529 2769 vitam
1564 2718 1849 2785 pecuinam
1898 2734 2059 2790 agere
2102 2737 2199 2776 vo-

637 2806 777 2859 lunt.
818 2804 1009 2874 Igitur,
1055 2813 1115 2859 ut
1147 2806 1349 2860 dictum
1392 2816 1497 2870 est,
1546 2819 1764 2878 propter
1793 2812 1930 2865 hanc
1956 2798 2199 2875 causam,

638 2903 853 2964 quarta:
890 2894 1106 2964 quidem
1160 2898 1363 2965 nuptiae
1412 2897 1778 2965 damnantur;
1829 2902 1973 2970 quod
2020 2911 2200 2957 autem

2297 526 2406 579 τῶν
2466 526 2753 596 Ῥωμαίων
2800 527 3151 597 Ἐκκλησίας,
3192 528 3287 579 καὶ
3339 526 3710 597 άπηλάθημεν
3774 532 3866 598 τῆς

2313 617 2634 688 Ἐκκλησίας
2669 619 2847 690 ἡμῶν,
2882 620 3033 671 οὐδὲν
3059 617 3182 672 οὔτε
3210 622 3275 689 τῇ
3310 617 3598 687 Ῥωμαίων
3618 622 3869 675 πταίσαν-

2297 726 2389 772 τες
2415 708 2736 780 Ἐκκλησία,
2786 708 2911 763 οὔτε
2970 712 3083 773 τοῖς
3110 709 3371 773 ἐνταῦθα,
3403 712 3452 764 εί
3487 714 3580 763 καὶ
3611 711 3746 782 πρὸς
3783 712 3868 765 τδν

2299 800 2435 855 Θεδν
2456 800 2721 871 διηνεκῶς
2754 801 3140 872 ἁμαρτάνομεν
3164 841 3177 853 .
3223 801 3334 855 Καὶ
3376 801 3576 871 συνέση
3601 804 3866 857 σκάνδαλα

2298 894 2363 947 ὲκ
2393 893 2493 963 τῆς
2540 892 2719 953 αῑτίας
2759 894 2986 965 ταύτης,
3024 896 3149 949 ὅσον
3187 894 3267 958 είς
3296 894 3599 966 ἀνθρώπων
3631 896 3871 968 ὑπῆρχεν

2299 984 2541 1049 ἐλπίδας,
2580 986 2760 1039 πᾶσαν
2789 985 3027 1039 νικῶντα
3083 985 3410 1056 θεραπείαν.
3435 984 3581 1039 Ἀλλ’
3622 988 3651 1039 ό
3692 988 3871 1056 «apd-

2297 1076 2423 1141 δοξα
2457 1076 2627 1131 ποιῶν
2645 1076 2778 1140 Θεὸς
2806 1077 3015 1139 ὶκεῐνος
3045 1078 3140 1130 καὶ
3178 1077 3274 1130 νῦν
3305 1077 3525 1147 ἁθρόον,
3554 1077 3650 1131 καὶ
3674 1077 3749 1140 ὡς
3776 1076 3871 1133 οὐκ

2298 1166 2364 1220 ἄν
2388 1182 2473 1230 τις
2507 1165 2736 1236 ἧλπισεν
2760 1166 3035 1237 ὶπήνεγκε
3068 1166 3177 1219 τῶν
3222 1166 3542 1221 σκανδάλων
3578 1166 3680 1236 τὴν
3700 1166 3868 1233 λύσιν,

2300 1258 2394 1311 καὶ
2433 1257 2532 1326 τὴν
2577 1258 2826 1327 ταραχὴν
2895 1259 3230 1328 μετήνεγκεν
3288 1259 3372 1321 είς
3431 1257 3697 1329 γαλήνην,
3764 1257 3871 1312 1δοῦ

2300 1348 2791 1404 πεντεκαιδέκατον
2822 1348 2939 1414 ἔτος
2987 1334 3241 1421 χαλεπῶς
3267 1351 3415 1421 ἡμᾶς
3442 1351 3867 1421 ἑκταράξασανι·

2302 1439 2393 1493 καὶ
2419 1440 2580 1511 χάριν
2603 1441 2706 1510 μιν
2727 1440 3072 1512 άναφέρομεν
3092 1441 3170 1512 τῷ
3192 1442 3460 1516 εὐεργέτῃ
3490 1442 3583 1495 καὶ⁸
3600 1444 3702 1513 τὴν
3727 1441 3872 1510 ὀφειο

2298 1531 2529 1603 λομὲνην
2560 1532 2720 1598 δόξαν
2758 1534 2853 1587 ἐπὶ
2906 1535 2971 1605 τῇ
3026 1534 3359 1588 καταστάσει
3407 1534 3508 1604 τῆς
3555 1533 3680 1587 καθ’
3722 1535 3870 1605 ἡμᾶς

2311 1622 2655 1693 Ἐκκλησίας.

2372 1712 2772 1786 Ἐπιποθοῦμεν
2828 1717 2885 1770 δι
2941 1716 3033 1770 καὶ
3090 1716 3189 1785 τὴν
3248 1716 3371 1786 μεθ’
3429 1715 3589 1785 ὑμῶν
3638 1718 3873 1787 ἀρχαίαν

2301 1804 2511 1867 ινωσιν,
2538 1806 2633 1859 καὶ
2661 1805 2747 1859 διά
2779 1805 2936 1859 τοῦτο
2975 1806 3261 1877 γράφομεν
3291 1806 3440 1877 ὑμῖν,
3472 1806 3589 1875 ἅμα
3616 1807 3715 1875 μὲν
3747 1811 3873 1876 περὶ

2300 1892 2401 1962 τῆς
2429 1894 2584 1964 ἡμῶν
2606 1896 2996 1959 καταστάσεως
3032 1895 3347 1963 εὐαγγέλια,
3378 1895 3495 1965 άμα
3519 1895 3576 1949 δὲ
3603 1896 3700 1949 καὶ
3727 1897 3870 1966 ὑμᾶς

2299 1984 2549 2050 ῑλκοντες
2588 1987 2726 2056 πρὸς
2765 1987 2865 2056 τὴν
2910 1986 3208 2056 ἀδελφικὴν
3267 1986 3487 2056 ἀγάπην
3520 2002 3581 2039 τε
3616 1986 3711 2040 καὶ
3748 2004 3871 2040 συν·

2305 2078 2524 2147 άφειαν.
2582 2075 2754 2131 τοῦτο
2799 2076 2857 2131 δὶ
2914 2077 3205 2147 γενήσεται
3277 2078 3475 2148 ῥᾳδίως
3527 2077 3871 2148 βουλομένων

2304 2167 2483 2236 ὑμῶν.
2528 2168 2803 2233 Ἐξειπεϊν
2843 2168 2953 2239 γὰρ
2998 2169 3080 2222 δεῖ
3108 2170 3271 2237 μόνον
3316 2170 3391 2231 ὡς
3428 2170 3496 2223 τά
3532 2170 3871 2240 γεγενημένα

2304 2260 2437 2329 ἡμῖν
2463 2258 2591 2330 περὶ
2622 2258 2717 2311 τοῦ
2765 2260 3030 2330 τετάρτου
3060 2259 3264 2330 γάμου,
3300 2258 3488 2313 ῐνεκεν
3529 2260 3630 2329 τῆς
3665 2260 3874 2330 βασιλι-

2305 2350 2407 2420 κῆς
2437 2349 2785 2419 συμπαθείας
2813 2350 3086 2421 ἐπράχθη,
3115 2352 3212 2403 καὶ
3253 2351 3315 2403 οὗ
3344 2352 3483 2405 κατά
3511 2350 3573 2406 τὸ
3598 2355 3873 2423 προσηκον

2304 2444 2370 2513 τῇ
2408 2440 2711 2512 Ἐκκλησία
2754 2442 2847 2495 καὶ
2893 2444 2958 2511 τῇ
3009 2442 3295 2511 σεμνότητι
3342 2441 3443 2511 τῆς
3480 2440 3874 2514 Χριστιανικῆς

2307 2532 2602 2595 πολιτείας.
2633 2533 2768 2587 Οὐδὶ
2802 2533 2910 2605 γάρ
2929 2532 3078 2598 ἄξιον
3106 2531 3265 2587 τοῦτο
3288 2533 3388 2602 τῆς
3428 2533 3715 2601 Ῥωμαίων
3751 2535 3874 2589 Ἐκ-

2304 2620 2534 2692 κλησίας
2564 2620 2747 2693 χώραν
2808 2622 3124 2691 ὑπανοίγειν
3168 2622 3245 2693 τῷ
3272 2624 3521 2693 τετάρτῳ
3551 2624 3743 2695 γάμῳ,
3786 2627 3874 2680 καὶ

2306 2714 2574 2786 παρέχειν
2624 2713 2935 2784 ἐπιτροπὴν
2990 2715 3104 2774 τοῖς
3160 2713 3506 2783 βουλομένοις
3559 2714 3875 2787 πολυγαμίᾳ

2306 2804 2443 2875 πρὸς
2471 2804 2562 2857 τὸν
2592 2802 2841 2873 κτηνώδη
2880 2803 2993 2872 βίον
3021 2802 3351 2870 ὑπάγεσθαι.
3388 2801 3476 2864 Ὦς
3513 2796 3607 2855 οὖν
3636 2803 3873 2873 είρηται.

2306 2895 2394 2950 διὰ
2414 2894 2620 2965 ταύτην
2632 2895 2731 2963 τὴν
2754 2894 2957 2958 αἰτίαν,
2984 2896 3012 2947 ό
3037 2894 3137 2963 μὲν
3154 2894 3410 2963 τέταρτος
3434 2888 3876 2963 ἀποκηρυχθήτω

640 2986 840 3039 factum
873 2995 977 3047 est,
1024 2986 1374 3055 indulgentiae
1403 2989 1743 3059 imperatoris
1772 2996 2203 3058 commendetur,

2308 2985 2508 3055 γάμος,
2559 2984 2619 3036 τδ
2671 2982 2728 3035 δὲ
2755 2981 2999 3054 πραχθὲν
3030 2980 3167 3052 πρὸς
3213 2979 3309 3051 τὴν
3341 2980 3630 3051 βασιλικὴν
3665 2982 3875 3047 ἀναφεο

638 3084 707 3129 et'
724 3076 791 3129 de
817 3086 1034 3140 caetero,
1073 3077 1165 3131 Dei
1197 3082 1369 3148 gratia
1403 3081 1795 3154 conjungamqr
1826 3084 1970 3137 sicut
1998 3100 2026 3137 a
2064 3086 2210 3153 prin-

640 3168 807 3234 cipio,
844 3182 945 3222 nec
973 3168 1207 3237 amplius
1234 3168 1385 3224 locus
1416 3171 1520 3223 erit
1550 3172 1645 3223 ulli
1696 3173 1765 3225 ab
1812 3172 2039 3227 invicem
2075 3174 2210 3228 divi-

640 3257 805 3311 sioni.
840 3255 945 3311 Sed
994 3268 1048 3312 et
1092 3258 1455 3328 apocrisiarii,
1503 3261 1657 3329 juxta
1709 3272 1943 3317 veterem
1979 3279 2207 3329 morem,

642 3348 768 3402 inde
794 3349 862 3403 ad
903 3364 1002 3403 nos
1049 3358 1103 3403 et
1129 3349 1255 3405 hinc
1303 3350 1369 3404 ad
1416 3366 1511 3405 vos
1553 3362 1811 3421 perpetuo
1864 3364 2211 3410 transeuntes

642 3446 819 3501 erunt,
846 3447 899 3493 et
931 3439 1112 3494 debita
1142 3440 1431 3495 dilectione
1449 3452 1502 3496 et
1546 3443 1913 3499 familiaritate
1942 3443 2208 3508 fruemur,

647 3538 703 3582 nl.
758 3537 952 3599 praeter
1004 3531 1117 3585 haec
1160 3532 1341 3586 omnia
1387 3535 1529 3589 sacri
1585 3535 1826 3589 nominis
1878 3535 2210 3591 sanctissimi

650 3619 809 3690 Papte
847 3621 1218 3690 pronuntiatio
1248 3638 1371 3677 cum
1407 3634 1593 3679 nostra
1622 3625 1808 3679 humili
1838 3627 2124 3681 vocatione
2158 3628 2211 3681 in

648 3711 821 3766 sacris
883 3711 1155 3782 diptychis
1194 3713 1542 3783 perficietur;
1613 3726 1668 3770 et
1714 3716 2055 3785 simpliciter,
2102 3732 2213 3773 uno

645 3816 833 3867 sensu,
874 3816 981 3856 una
1011 3811 1210 3867 mente,
1248 3820 1360 3859 uno
1398 3805 1618 3874 spiritu,
1665 3796 1808 3876 quod
1841 3810 2212 3878 gratissimum

644 3901 731 3947 cst
781 3892 908 3958 Deo,
962 3895 1225 3949 vivemus.
1288 3896 1357 3950 Et
1396 3896 1511 3951 bch
1562 3898 1781 3967 quidem
1818 3914 1940 3964 nos,
1989 3900 2063 3954 illi
2114 3899 2210 3965 mi,

646 3984 962 4049 scribimus,
993 3984 1365 4042 desiderantes
1392 3988 1444 4041 in
1470 3985 1579 4042 Deo
1604 3995 1833 4044 vestram
1866 3990 2211 4046 dilectionem

650 4075 744 4129 sed
799 4076 930 4129 nihil
980 4075 1167 4131 eorum
1219 4078 1421 4148 quibus
1462 4079 1644 4136 amicti
1687 4096 1878 4136 sumus
1927 4081 1994 4138 de
2027 4092 2213 4137 sancta

658 4165 1025 4224 Romanorum
1058 4170 1320 4227 Ecclesia.

1013 4488 1147 4546 LVI.
1190 4489 1351 4559 Papa:
1384 4490 1615 4557 antiqua:
1652 4488 1850 4545 Roma.

721 4630 873 4699 Saepe
906 4643 1008 4682 non
1050 4636 1155 4681 tam
1188 4643 1283 4697 per
1319 4627 1527 4682 litteras
1563 4642 1723 4698 quam
1754 4641 1851 4698 per
1886 4628 2151 4683 vtrosbnc
2180 4643 2209 4683 a

648 4730 827 4777 vestra
879 4719 1050 4774 Roma
1112 4719 1465 4775 dcvenientes
1526 4720 1641 4773 sive
1702 4721 2035 4787 monachos,
2095 4722 2211 4776 sive

651 4813 1019 4875 clericos,sive
1050 4810 1211 4864 etiam
1246 4808 1436 4870 laicos,
1464 4821 1565 4861 vos
1594 4805 1995 4873 admonuimus,
2026 4822 2211 4862 sacra-

654 4903 864 4959 tissime
893 4902 1075 4966 frater.
1114 4912 1173 4957 ut
1212 4916 1241 4956 a
1268 4899 1424 4955 vobis
1452 4898 1611 4969 legati
1660 4898 1751 4954 hic
1800 4898 2072 4966 adessent,
2120 4900 2210 4963 qui

654 4996 939 5053 nobiscum
971 5003 1026 5049 et
1054 5010 1176 5049 cum
1203 5005 1315 5048 teta
1351 4980 1537 5047 nostra
1568 4963 1835 5056 Ecclesia,
1870 4978 2002 5061 qua:
2046 4993 2098 5045 in
2150 5007 2211 5046 ea

653 5097 955 5144 evenerunt
1008 5085 1217 5157 (nescio
1274 5082 1549 5154 quomodo
1595 5082 1803 5148 dicam;
1859 5083 2029 5137 satius
2068 5085 2210 5137 enim

658 5179 875 5233 silentio
904 5178 1003 5248 uti)
1032 5174 1264 5231 dolenda
1304 5173 1585 5238 scandala,
1638 5173 1833 5243 partim
1872 5172 1999 5227 hinc
2044 5174 2213 5242 origi-

574 5320 577 5323 ,
662 5283 784 5322 nem
815 5270 1093 5331 habentia,
1126 5266 1324 5338 partim
1360 5274 1415 5320 et
1443 5279 1509 5319 ex
1545 5264 1629 5318 bis
1653 5264 1743 5333 qui
1782 5263 1973 5332 primis
2016 5263 2215 5319 Itonia-

2315 3074 2491 3145 ρέσθω
2520 3074 2890 3141 συμπάθειαν,
2939 3072 3035 3126 καὶ
3060 3072 3121 3125 τὸ
3151 3072 3341 3125 λοιπὸν
3367 3069 3503 3124 Θεοῦ
3529 3072 3716 3143 χάριτι
3751 3087 3875 3123 συν-

2310 3164 2642 3235 απτώμεθα,
2674 3162 2855 3226 καθὼς
2876 3162 2971 3215 ἀπ’
2993 3162 3187 3233 ἀρχῆς,
3217 3163 3311 3215 καὶ
3340 3161 3526 3215 οὐκέτι
3555 3161 3667 3228 ἔξει
3694 3162 3878 3233 χώραν

2310 3258 2344 3327 ή
2374 3257 2431 3322 ἐξ
2457 3255 2705 3325 ἀλλήλων
2743 3254 3043 3317 διάστασις.
3097 3253 3258 3307 Ἀλλὰ
3306 3254 3399 3306 καὶ
3460 3255 3873 3326 άποκρισιάριοι

2310 3350 2451 3405 κατὰ
2509 3349 2571 3404 τὸ
2628 3350 2859 3420 ἀρχαῖον
2895 3349 3013 3412 εθος
3047 3348 3277 3402 αὐτόθεν
3316 3366 3375 3401 τε
3404 3333 3547 3421 «pb;
3580 3351 3755 3419 ἡμᾶς,
3785 3350 3871 3403 καὶ

2312 3439 2447 3510 πρὸς
2482 3439 2628 3509 ὑμᾶς
2688 3440 2753 3491 εκ
2800 3437 2911 3491 τῶν
2966 3436 3201 3493 ενταῦθα
3233 3437 3472 3507 συνεχῶς
3509 3437 3873 3501 διαϐαίνοντες

2310 3531 2543 3596 ἔσονται,
2595 3530 2690 3585 καὶ
2738 3533 2845 3599 τῆς,
2889 3528 3249 3598 ὀφειλομένης
3276 3528 3499 3597 ἀγάπης
3534 3526 3634 3580 καὶ
3656 3527 3873 3597 ὁμιλίας

2312 3623 2543 3693 ἐσόμεθα
2602 3620 2994 3683 ἀπολαύοντες.
3044 3620 3157 3672 Kal.
3210 3618 3307 3672 ιπὶ
3363 3617 3574 3680 τούτοις
3605 3619 3744 3671 πᾶσι
3785 3616 3872 3671 τοῦ

2313 3715 2461 3785 ίεροῦ
2489 3714 2753 3785 ὀνόματος
2782 3714 2815 3783 ὴ
2846 3710 3177 3782 άνακήρυξις
3222 3709 3317 3764 τοῦ
3367 3711 3670 3780 άγιωτάτου
3718 3709 3873 3765 Πάπα

2316 3806 2454 3877 μετὰ
2510 3805 2611 3877 τῆς
2659 3804 2817 3874 ήμῶν
2853 3802 3335 3871 τεταπεινωμένης
3377 3802 3626 3871 κλήσεως
3674 3802 3737 3855 ὲν
3766 3802 3871 3863 τοῖς

2315 3872 2481 3966 ίεροῖς
2539 3872 2816 3964 διπτύχοις
2858 3892 3350 3962 ἱκτελεσθήσεταιο
3411 3892 3507 3944 καὶ
3548 3891 3746 3954 άπλῶς
3799 3892 3873 3945 ἐνὶ

2314 3989 2645 4059 φρονήματι,
2674 3988 2771 4039 καὶ
2797 3987 2895 4056 μιᾷ
2918 3984 3133 4058 γνώμῃ,
3180 3985 3274 4037 καὶ
3293 3974 3387 4037 ’ἑνὶ
3416 3982 3712 4053 πνεύματι,
3741 3983 3871 4051 ὅπερ

2313 4078 2431 4131 ἐστὶ
2478 4077 2596 4155 Θεῷ
2648 4076 2938 4145 εὐάρεστον
3021 4073 3421 4143 διασιώσωμεν.
3490 4073 3680 4142 Ἡμεῖς
3755 4071 3871 4142 μὲν,

2313 4171 2505 4224 τέκνον
2536 4168 2715 4239 ἡμῶν,
2733 4166 2917 4248 ,ταῦτα
2945 4169 3227 4238 γράφομεν
3271 4166 3328 4217 ιν
3360 4164 3547 4234 Κυρίῳ
3574 4164 3731 4235 ὑμῶν
3758 4168 3872 4221 ἑπι-

2318 4262 2604 4332 ζητοῦντες
2635 4260 2875 4331 ἀγάπην,
2900 4260 3033 4331 μηδέ
3065 4276 3116 4311 τι
3132 4253 3205 4311 ὧν
3231 4256 3580 4328 ὲλυπήθημεν
3604 4259 3756 4328 παρὰ
3780 4257 3871 4329 τῆς

2245 4337 2289 4392 ι)
2317 4355 2477 4423 ἁγίας
2496 4354 2606 4407 τῶν
2644 4352 2932 4422 Ῥωμαίων
2959 4350 3309 4419 Ἐκκλησίας.

2420 4487 2562 4553 NG".
2604 4485 2686 4552 Τῷ
2735 4482 2902 4551 «dare
2944 4483 3055 4551 τῆς
3079 4484 3483 4553 πρεσϐυτέρας
3528 4485 3770 4555 Ῥώμης.

2383 4620 2670 4682 Πολλάκις,
2698 4620 2745 4671 εί
2777 4620 2871 4671 καὶ
2894 4620 2968 4687 μὴ
3001 4618 3089 4671 διὰ
3108 4620 3473 4689 γραμμάτων,
3492 4619 3626 4673 ἀλλὰ
3656 4620 3744 4674 διὰ
3767 4622 3869 4673 τῶν

2312 4713 2376 4765 ἐκ
2431 4709 2529 4781 τῆς
2585 4710 2856 4779 ὑμετέρας
2916 4710 3132 4780 Ῥώμης
3179 4707 3415 4762 ἐνταῦθα
3462 4710 3870 4764 καταλαϐόντων

2313 4802 2544 4871 ἀνδρῶν,
2604 4801 2761 4852 τοῦτο
2814 4800 2912 4867 μὲν
2950 4800 3046 4853 καὶ
3083 4800 3443 4870 μοναζόντων,
3481 4800 3639 4853 τούτο
3675 4801 3731 4854 δὲ
3779 4801 3869 4855 καὶ

2317 4892 2631 4961 ίερατικῶν,
2680 4893 2765 4943 ναὶ
2815 4892 2878 4960 δὴ
2942 4891 3037 4944 καὶ
3088 4892 3187 4958 τῆς
3254 4889 3448 4961 λαῑκῆς
3505 4892 3870 4961 τυγχανόντων

2313 4986 2540 5049 τάξεως,
2574 4983 2945 5053 ἐδηλώσαμεν,
2987 4980 3181 5049 essm
3224 4982 3381 5051 ἡμῶν
3417 4983 3700 5053 ἱερώτατε,
3732 4983 3869 5037 ὥστε

2317 5073 2647 5137 ἀποστόλους
2686 5074 2840 5142 ὑμῶν
2892 5071 3124 5125 ἐνταῦθα
3180 5071 3607 5143 παραγενέσθαι,
3653 5074 3747 5128 καὶ
3778 5076 3868 5127 σὺν

2318 5167 2449 5233 ἡμῖν
2476 5166 2566 5215 καὶ
2590 5164 2686 5233 τῆς
2711 5165 2837 5229 ὅλης
2867 5162 3020 5233 ἡμῶν
3044 5163 3395 5233 Ἐκκλησίας,
3415 5164 3484 5217 τὰ
3505 5165 3562 5217 ιν
3592 5165 3726 5235 αὐτῇ
3754 5164 3869 5236 (οὐκ

2319 5255 2435 5309 οἶδα
2484 5257 2597 5319 πῶς
2646 5257 2805 5313 εἴπω,
2859 5254 3021 5306 καλὸν
3066 5257 3173 5326 γάρ
3206 5258 3384 5325 σιωπῇ
3422 5255 3630 5325 δοῦναι)
3660 5257 3871 5327 λυπηρϊ

660 5372 858 5415 norum
919 5361 1171 5415 Ecclesiae
1220 5357 1441 5414 sedibus
1482 5364 1750 5425 praesunt,
1807 5372 1928 5409 cum
1980 5370 2204 5425 supernc

2324 5346 2703 5416 συμϐεϐηκότα
2739 5342 3024 5409 σκάνδαλα,
3074 5345 3239 5413 μέρος
3290 5346 3387 5413 μέν
3416 5363 3469 5397 τι
3513 5346 3764 5416 ἀφορμὴν
3787 5348 3840 5399 ιν

663 5450 939 5518 adjutorio
972 5451 1038 5504 de
1068 5444 1246 5505 medio
1275 5447 1548 5509 tollerent,
1591 5454 1645 5500 et
1684 5447 1919 5501 debitam
1954 5447 2219 5501 stabilita-

2322 5438 2512 5491 τεῦοεν
2561 5433 2851 5505 ἐσχηκότα,
2886 5432 3045 5502 μέρος
3074 5434 3130 5486 δέ
3162 5452 3213 5486 τι
3263 5434 3356 5486 καὶ
3396 5433 3461 5486 ἐκ
3492 5434 3599 5486 τῶν
3634 5450 3867 5504 προηγη-

664 5554 771 5599 tcm
802 5553 857 5598 et
888 5542 1327 5612 tranquillitatem
1361 5539 1461 5609 ipsi
1488 5536 1851 5609 providerent.
1892 5538 2013 5593 llzec
2041 5548 2204 5592 autcn'

2328 5532 2575 5599 σαμένων
2602 5528 2699 5593 τῆς
2734 5524 3018 5593 Ῥωμαίων
3040 5524 3366 5592 Ἐκκλησίας
3397 5523 3698 5593 προέδρων,
3734 5529 3866 5593 μετὰ

664 5652 807 5707 saepe
853 5636 1126 5693 ttotilicatu
1158 5630 1540 5697 fucrunt.Eccc
1563 5630 1676 5703 jam
1719 5646 1893 5687 nonus
1931 5648 2101 5687 annus
2140 5646 2199 5687 cs

2327 5624 2421 5693 τῆς
2454 5618 2655 5674 ἄνωθεν
2674 5614 3103 5684 συναντιλήψεως
3128 5614 3363 5668 ἐκποδῶν
3390 5615 3630 5684 ποιῆσαι,
3663 5614 3751 5669 καὶ
3777 5614 3864 5683 τῇ)
