4038 6354
254 371 367 435 257
1713 366 2120 429 ΕΡΙΒΤΟῘΑΕ.
2400 410 2403 413 -
3395 362 3508 426 253

242 480 612 556 ἁφειλομὲνην
644 482 967 539 εὐστάθειαν
991 481 1087 534 καὶ
1109 478 1410 551 ἀταραξίαν
1447 480 1584 550 αὐτῇ
1614 495 1821 550 προμη-

1935 491 1999 532 es
2019 490 2126 547 quo
2151 473 2512 545 Judiciisquae
2538 473 2689 529 norit
2721 471 2890 540 Deus,
2918 473 2987 528 ad
3017 469 3312 528 Ecclesiam
3357 476 3512 530 redu-

243 575 574 630 ιεύσασθαι.
618 574 764 629 Ἀλλ’
795 572 1039 645 ἐδηλώθη
1073 573 1171 642 μὲν
1198 571 1371 625 ταῦτα
1394 568 1676 635 πολλάκις.
1701 570 1821 623 Ἰδιί

1937 585 2029 625 ccs
2056 581 2335 632 sumus,ex
2373 580 2478 636 qua
2498 567 2699 638 injuste
2729 565 2939 637 expulsi
2962 565 3263 631 fueramus,
3293 576 3347 621 et
3376 567 3512 621 nihil

243 666 437 735 χρόνος
465 665 711 729 ἔννατος,
744 664 802 731 ἐξ
829 660 891 718 οὗ
932 644 1199 734 κρίμασιν
1223 657 1303 726 οἷς
1330 658 1438 717 οἶδε
1467 663 1598 726 Θεὸς
1632 662 1710 725 είς
1737 661 1821 733 sip

1934 660 2159 713 omnino
2190 655 2350 711 nobis
2385 655 2531 710 circa
2560 655 2661 711 hoc
2688 656 3029 725 propositum
3069 644 3353 709 ostensum
3394 667 3474 709 est
3494 693 3509 707 .

258 754 592 825 Ἐκκλησίαν
622 754 1025 826 ἐπανήλθομεν,
1068 751 1127 817 ἐξ
1144 748 1211 822 ἦς
1240 753 1340 807 οὐκ
1370 755 1427 805 ἐν
1458 752 1582 823 δίκῃ
1619 751 1821 819 ἀπηλά-

1943 751 2047 805 Sed
2079 749 2558 820 praetermittamus
2582 748 2788 803 omnia;
2826 746 2939 801 Hoc
2981 756 3160 802 autem
3199 758 3306 801 tua:
3335 748 3510 803 beati—

243 843 445 913 θημεν,
476 846 571 898 καὶ
619 845 779 899 οὐδὲν
826 845 963 907 ὅλως
1017 846 1155 915 ημῖν,
1185 845 1315 913 περὶ
1358 842 1564 914 ταύτης
1590 841 1821 913 ἐδηλώοη

1946 841 2125 896 tudini
2150 850 2339 895 notum
2367 838 2619 905 facimus,
2662 836 2807 908 quod
2838 838 3105 893 concessit
3132 837 3342 907 primus
3373 836 3514 900 Pon-

242 936 341 1005 τῆ;
370 935 703 998 ὑποθέσεως.
734 934 880 1008 Πλὴν
915 935 1093 1006 ἐῶμεν
1132 935 1311 990 πάντα
1332 948 1348 965 ⁸
1392 933 1556 987 τοῦτο
1587 934 1644 987 δὲ
1676 936 1742 1004 τῇ
1765 935 1831 1003 σῇ

244 1028 618 1096 μακαριότητι
665 1024 1029 1099 γνωρίζομεν,
1077 1027 1159 1079 ὅτι
1191 1024 1521 1097 ἐϐράϐευσεν
1550 1026 1578 1076 ὁ
1621 1024 1835 1094 πρῶτος

241 1118 538 1189 ἀρχιερεὺς
599 1119 759 1189 ἡμῶν
816 1119 910 1173 καὶ
967 1118 1100 1180 Θεὸς
1157 1119 1381 1189 εἰρήνην
1424 1106 1501 1187 τῇ
1532 1117 1653 1170 καθ’
1688 1118 1836 1187 ἡμᾶς

256 1208 579 1280 Ἐκκλησία,
602 1208 712 1264 τῶν
746 1211 915 1265 πάλαι
968 1210 1280 1280 σφαλέντων
1311 1209 1374 1261 τὸ
1410 1209 1608 1261 οίκεῖον
1643 1206 1835 1278 ἐξομο-

242 1299 641 1379 λογησαμένων
680 1303 1010 1375 ἁμάρτημα,
1039 1304 1133 1358 καὶ
1175 1303 1457 1373 τυχόντων
1482 1300 1835 1373 συγγνώμης,

241 1392 343 1445 καὶ
361 1391 437 1456 ὼς
464 1393 680 1463 μέλεσιν
699 1395 832 1465 ἡμῖν
854 1384 1254 1463 συναφθέντων,
1269 1394 1408 1465 πλὴν
1433 1394 1630 1461 ὀλίγων
1648 1392 1831 1456 τινῶν,

241 1482 294 1537 οῖ
309 1484 409 1554 τῆς
436 1486 657 1556 είρήνης
678 1487 739 1539 τὸ
762 1486 1073 1550 στασιάζειν
1092 1486 1465 1557 προτιμῶντες
1487 1485 1567 1538 ἐτι
1596 1484 1835 1553 φιλονει-

244 1572 430 1639 κοῦσι,
460 1576 539 1646 τῷ
570 1575 686 1647 ἰδίῳ
713 1577 980 1649 χωρισμῷ
1032 1577 1129 1649 τὴν
1155 1578 1247 1631 ἐπὶ
1274 1580 1339 1649 τῇ
1374 1577 1706 1631 καταστάσει
1735 1574 1835 1643 τῆς

245 1660 421 1736 ἁγίας
462 1668 795 1738 Ἐκκλησίας
822 1667 1212 1739 συνταράττειν
1239 1667 1502 1738 γαλήνην.
1532 1666 1630 1719 Διά
1678 1663 1836 1744 τοῦτο

244 1758 535 1829 γράφομεν
578 1758 952 1828 ἀποσταλῆναι
991 1760 1128 1830 πρὸς
1159 1760 1310 1829 ἡμᾶς
1340 1759 1441 1829 τῆς
1478 1757 1631 1830 ὑμῶν
1659 1772 1836 1841 μανίην,Ἰ

1936 933 2068 989 tle:
2091 941 2276 986 noster
2301 942 2355 986 et
2381 930 2526 986 Deus
2549 943 2735 1000 pacem
2768 930 3025 985 Ecclesia:
3062 939 3281 995 nostrae,
3319 944 3444 984 cum
3476 929 3515 983 ii

1935 1022 2319 1094 quiquondam
2341 1030 2657 1076 errareraut
2676 1037 2838 1077 suum
2867 1020 3102 1077 confessi
3132 1019 3335 1076 fuerint
3360 1036 3517 1077 erro,

1937 1124 2123 1169 rem'ct
2140 1113 2346 1168 veniam
2371 1103 3235 1182 obtinuerint,et'nobistanquam
3256 1114 3514 1169 membris

1936 1205 2294 1270 adliaaserint,
2340 1204 2531 1274 paucis
2570 1204 2836 1272 exceptis,
2886 1203 2978 1273 qui
3019 1204 3136 1274 paci
3184 1204 3511 1259 seditionem

1945 1299 2319 1368 praeferentes,
2355 1296 2531 1351 adhuc
2564 1296 2900 1352 contendunt
2933 1305 2993 1350 ut
3025 1304 3227 1351 sanctte
3253 1294 3516 1352 Ecclesia:

1941 1392 2400 1462 tranquillitatem
2451 1390 2800 1446 conturbent.
2863 1389 3160 1459 Propterea
3218 1390 3513 1445 scribimus

1936 1483 2287 1539 utmittantur
2314 1483 2380 1537 ad
2409 1497 2510 1538 nos
2532 1492 2723 1537 vestrae
2753 1469 3114 1552 beatitudinis
3136 1481 3303 1560 legati
3333 1480 3424 1550 qui
3458 1488 3515 1535 et

1936 1576 2042 1647 ipsi
2085 1583 2404 1645 quartarum
2450 1573 2782 1645 nuptiarum
2826 1572 3282 1635 abominationem
3322 1571 3513 1627 nobis-

1937 1684 2063 1725 cum
2114 1667 2341 1723 omnino
2392 1666 2756 1723 condemneut
2806 1675 2861 1722 et
2892 1664 3349 1739 Christianorum
3386 1663 3512 1719 ﬁdei

1936 1775 2222 1816 communi
2254 1757 2513 1830 suffragio
2546 1758 2858 1813 firmitatem
2893 1742 3140 1824 afferant,
3167 1758 3245 1813 ita
3274 1768 3333 1811 ut
3372 1771 3513 1811 nun-

251 1850 497 1921 ριότητος
538 1850 890 1913 ἀποστόλους,
950 1849 1000 1902 οἳ
1034 1854 1126 1903 καὶ
1172 1849 1252 1904 ἔτι
1304 1849 1365 1902 τὸ
1416 1849 1517 1919 τῆς
1570 1864 1821 1919 τετραγα·

1936 1867 2100 1922 quam
2129 1851 2235 1906 illa:
2264 1850 2610 1905 detestabiles
2635 1850 2839 1919 nuptiae
2881 1848 3023 1919 apud
3050 1849 3395 1905 Christianos
3430 1846 3511 1902 ri-

253 1941 381 2011 μίας
420 1940 590 2011 μῦσος
630 1942 730 1994 σὺν
772 1942 907 2011 ἡμῖν
936 1940 1222 2004 παντελῶς
1273 1939 1703 2012 άποκηρύξουσι,
1734 1939 1830 1993 καὶ

247 2036 314 2102 τῇ
350 2032 459 2086 τῶν
495 2033 842 2103 Χριστιανῶν
878 2031 1061 2086 πίστει
1103 2031 1270 2103 κοινῷ
1296 2031 1526 2103 δόγματι
1548 2030 1608 2085 τὸ
1650 2031 1829 2100 ἀσφα-

245 2120 340 2183 λὲς
395 2122 866 2192 περιποιήσονται,
920 2122 1061 2175 ὥστε
1122 2121 1390 2193 μηδαμῶς
1461 2120 1543 2173 ετι
1590 2120 1830 2173 τοιοῦτον

243 2209 651 2282 βδελυρώτατον
698 2214 878 2283 γάμον
910 2215 976 2266 ἐκ
1020 2213 1368 2282 Χριστιανοῖς
1408 2210 1827 2287 πολιτεύεσθαιο

1951 1949 2143 2013 gcant;
2187 1950 2242 1996 et
2286 1940 2333 1996 si
2376 1940 2507 2011 quid
2538 1941 2680 1995 inter
2710 1940 2850 1995 hanc
2874 1949 2929 1995 et
2960 1949 3203 1996 sanctam
3231 1938 3512 1994 Romano-

1935 2049 2057 2088 rum
2094 2032 2420 2097 Ecclesiam,
2477 2032 2671 2099 barum
2707 2032 2899 2102 nuptis
2915 2035 3038 2087 rum
3065 2047 3250 2097 causa,
3297 2028 3510 2086 dissid'ri

1934 2120 2157 2188 accidit,
2207 2122 2341 2177 illud
2372 2121 2684 2187 dirimatur,
2727 2132 2781 2179 et
2821 2124 3021 2193 prioris
3054 2122 3333 2178 sententiae
3374 2117 3509 2176 con-

1938 2213 2125 2267 cordia
2156 2212 2484 2268 restauratio
2516 2210 2629 2267 ﬁat.

242 2302 342 2355 καὶ
369 2300 423 2353 εί
446 2320 497 2355 τι
531 2303 734 2373 μεταξὺ
780 2302 983 2375 ταύτης
1010 2320 1071 2356 τε
1114 2304 1210 2371 τῆς
1233 2301 1559 2373 Ἐκκλησίας
1594 2303 1689 2355 καὶ
1719 2302 1819 2370 τῆς
1856 2301 2017 2370 ἁγίας
2044 2302 2152 2356 τῶν
2189 2301 2477 2371 Ῥωμαίων
2532 2302 2693 2373 χάριν
2720 2301 2815 2355 τοῦ
2880 2300 3125 2355 τοιούτου
3144 2301 3324 2371 γάμου
3353 2300 3510 2353 ἐναν.

239 2396 359 2457 τίον
408 2397 744 2470 συμϐέϐηκε,
796 2402 889 2454 καὶ⁵
934 2399 1091 2454 τοῦτο
1130 2390 1474 2469 διαλυθῆναι,
1511 2399 1605 2450 καὶ
1629 2398 1710 2461 είς
1754 2399 1814 2451 τὸ
1850 2399 1910 2465 ἐξ
1934 2399 2109 2469 ἀρχῆς
2140 2399 2393 2468 φρόνημα
2455 2399 2551 2451 καὶ
2587 2399 2687 2467 τὴν
2720 2396 2851 2467 μίαν
2915 2397 3219 2468 σύμπνοιαν
3242 2397 3337 2452 καὶ
3370 2394 3506 2467 6μό-

207 2478 219 2487 ’
239 2504 396 2543 νοιαν
423 2488 522 2560 τὴν
551 2490 994 2551 ἀποκατάστασιν
1024 2492 1396 2561 ἐγγεγονέναι.

748 2604 872 2659 ΝΖ’.
908 2604 990 2671 Τῷ
1012 2609 1059 2660 Σ
1062 2605 1317 2661 υνάὸων.

316 2717 431 2770 Καὶ
463 2718 595 2772 αὐτὸ
642 2718 702 2772 τὸ
760 2720 1003 2791 ἐντυχεῖν
1063 2722 1176 2785 τοῖς
1213 2723 1506 2792 γράμμασι
1546 2721 1643 2791 τῆς
1673 2722 1826 2791 ὑμῶν

241 2808 550 2879 ὁσιότητος,
605 2811 827 2878 ἐγένετο
881 2814 1012 2883 ἡμῖν
1061 2814 1141 2877 είς
1204 2813 1552 2884 παραμύθιον
1584 2815 1693 2867 τῶν
1723 2813 1828 2867 λυ-

241 2898 515 2967 πούντων,
550 2903 642 2955 καὶ
676 2902 870 2973 ἡδονῆς
908 2903 1144 2975 ἔσχομεν
1173 2904 1559 2976 πνευματικῆς
1584 2904 1826 2959 ἀπόλαυ-

242 3005 332 3041 σιν
360 3006 375 3022 ·
403 2991 497 3045 καὶ
522 2992 554 3062 ἡ
577 2992 666 3045 διὰ
694 2992 790 3046 τοῦ
815 2994 1213 3049 εύλαϐεστάτου
1242 2994 1358 3049 υίοῦ
1383 2996 1538 3066 ἡμῶν
1575 2997 1822 3051 Ἰωάννου

241 3079 559 3151 ἀπαγγελία
603 3085 731 3154 περὶ
754 3084 848 3138 τοῦ
880 3086 1059 3157 χάριτι
1090 3085 1225 3139 Θεοῦ
1267 3089 1325 3139 ἐν
1370 3087 1529 3157 ὑγεία
1561 3088 1826 3142 διατελεῖν

2340 2600 2495 2656 LVII.
2543 2601 2796 2672 Episcopo
2828 2602 3093 2686 {ig/nuda.

1995 2715 2144 2770 Istud
2191 2715 2395 2785 ipsum,
2454 2715 2749 2786 perlegisse
2800 2718 3110 2773 sanctitatis
3167 2729 3360 2776 vestra:
3408 2700 3503 2775 lit-

1928 2813 2095 2869 teras,
2135 2807 2291 2861 nobis
2324 2806 2517 2860 solatio
2550 2805 2656 2860 fuit
2707 2822 2897 2863 eorum
2943 2809 3144 2877 quibus
3192 2809 3504 2879 amisimus,

1928 2907 1983 2952 et
2028 2896 2332 2966 spiritualis
2381 2899 2566 2968 gaudii
2610 2910 2892 2968 compOtes
2940 2897 3173 2957 fuimus.
3235 2902 3300 2957 Et
3352 2904 3501 2973 quod

1928 2988 2085 3042 nobis
2114 3003 2211 3056 per
2243 2989 2718 3058 religiosissimum
2750 2990 2920 3045 filium
2951 3001 3203 3048 nostrum
3232 2991 3499 3050 Joannem

1928 3080 2151 3135 allatum
2178 3092 2263 3135 est
2292 3082 2568 3149 nuntium,
2596 3068 2691 3138 vos
2718 3083 2925 3138 scilicet
2962 3082 3052 3138 Dei
3088 3086 3263 3155 gratia
3294 3087 3498 3153 valere,

242 3168 416 3238 ύμᾶς,
438 3173 519 3236 είς
546 3172 766 3229 πλείονα
802 3175 1134 3246 κατέστησεν
1162 3176 1521 3247 εὐφροσύνην.
1561 3178 1821 3249 ’Δνεπέμ-

1928 3185 2029 3225 nos
2069 3171 2123 3224 in
2173 3170 2365 3240 majori
2395 3173 2684 3226 constituit
2731 3172 2940 3227 laetitia.
2982 3171 3293 3230 Extulimus
3334 3175 3502 3246 igitur

239 3258 425 3331 ψαμεν
449 3261 541 3318 οὖν
572 3263 673 3336 τὴν
698 3263 903 3337 συνηθη
930 3266 1007 3337 τῷ
1041 3266 1157 3337 Θεῷ
1208 3268 1579 3337 εὐχαριστίαν,
1604 3269 1696 3321 καὶ
1724 3271 1816 3323 εύ-

241 3350 456 3420 χὸμεθα
482 3355 533 3406 εί
600 3353 697 3409 καὶ
747 3355 1059 3425 ἁμαρτωλοὶ
1092 3354 1363 3425 άνώτερόν
1388 3373 1447 3408 σε
1469 3352 1610 3409 εἶναι
1639 3355 1818 3426 πάσης

239 3439 441 3510 πείρας
478 3441 577 3511 ὅση
611 3444 707 3497 καὶ
768 3443 826 3495 σε
856 3443 1040 3508 λυπεῖ,
1085 3444 1181 3496 καὶ
1231 3444 1357 3506 τοὺς
1409 3443 1694 3511 φιλοῦντας
1722 3445 1819 3514 τῆς
1852 3438 1865 3446 ’

240 3534 434 3603 φήμης
471 3533 858 3605 διαϐαινούσης
879 3537 958 3597 είς
975 3533 1151 3605 λύπην
1175 3534 1594 3606 καθίστησιν.’Δ
1613 3536 1669 3589 δέ
1692 3538 1818 3605 περὶ

238 3624 339 3677 τοῦ
390 3628 756 3697 μοναστηρίου
807 3627 1054 3698 ἔγραψας
1100 3628 1461 3700 διοικηθῆναι,
1508 3628 1678 3680 ταῦτα
1724 3630 1819 3680 καὶ

242 3714 380 3783 ἡμῖν
414 3714 563 3781 ἔδοξε
603 3716 786 3780 καλῶς
829 3717 996 3787 ἔχειν,
1045 3717 1113 3769 εί
1136 3718 1211 3788 μή
1251 3734 1396 3781 τινες
1436 3717 1584 3772 ἄλλοι
1611 3718 1819 3771 ἀνακύ-

240 3797 407 3874 deum.
428 3806 577 3874 λόγοι
600 3806 736 3878 πρὸς
764 3808 863 3871 τὰς
886 3808 1153 3878 ὑμετέρας
1184 3808 1351 3873 ἀκοὰς
1372 3808 1523 3862 οὔπω
1554 3808 1819 3873 ἐλθόντες,

244 3897 344 3950 καὶ
371 3897 502 3960 ῖσως
530 3898 656 3960 τοὺς
706 3899 1149 3968 φιλονεικοῦντας
1192 3900 1275 3963 ἔτι
1312 3901 1638 3971 διεγείρουσι
1682 3902 1820 3972 πρὸς

187 4008 191 4011 λ
239 3990 307 4042 τὸ
343 3989 666 4058 φιλόνεικον.
713 3991 1070 4063 Ἐγράψαμεν
1119 3992 1175 4045 δέ
1222 3993 1633 4063 καὶπρότερον,
1681 3994 1821 4062 γρά-

242 4096 423 4150 φομεν
442 4082 496 4134 δὲ
536 4082 631 4136 καὶ
661 4081 779 4137 νῦν.
840 4078 984 4135 Ἧκε
1013 4082 1146 4155 πρὸς
1185 4084 1353 4154 ἡμᾶς,
1374 4083 1467 4148 οὓς
1502 4085 1618 4154 μετ’
1641 4083 1820 4152 ὀλίγον

241 4170 378 4233 ἴσως
429 4169 525 4223 καὶ
574 4169 896 4240 βουλόμενος
949 4170 1075 4224 ἰδεῖν
1129 4172 1230 4225 οὐκ
1265 4172 1409 4239 δψει,
1448 4172 1547 4225 τοῦ
1585 4174 1819 4243 πέρατος

239 4260 346 4330 τῆς
382 4260 547 4328 ζωῆς,
606 4261 730 4314 ὅσον
785 4261 908 4315 κατ’
966 4261 1104 4333 ἐμὴν
1160 4263 1434 4334 αἴσθησιν,
1483 4263 1623 4317 κατά
1652 4263 1827 4339 πόδας,

170 4410 177 4415 ,
241 4353 535 4424 παρόντος.

734 4469 781 4521 Ν
789 4466 867 4521 II'.
910 4467 994 4534 Τῷ
1045 4470 1324 4531 Ἰκονίου,

224 4638 225 4641 η
324 4581 391 4637 Ἦ
435 4579 783 4651 συνεισφορὰ,
824 4579 1015 4635 τέκνον
1071 4579 1229 4652 ἡμῶν
1287 4581 1456 4651 ἱερὸν,
1494 4583 1526 4651 ἡ
1578 4582 1671 4635 ἐκ,
1702 4580 1810 4635 τῶν

252 4672 590 4745 Ἐκκλησιῶν
652 4671 746 4724 τοῦ
805 4670 941 4724 Θεοῦ
991 4673 1279 4742 γινομένη,
1346 4674 1527 4741 ἀλγεῖν
1590 4690 1647 4725 σε
1704 4689 1810 4726 πα-

240 4762 593 4835 ρασκευάζει,
636 4762 732 4816 καὶ
768 4761 950 4826 καλῶς
976 4762 1196 4831 ἀλγεῖς·
1246 4763 1355 4816 ῐσθι
1400 4764 1456 4817 δέ
1498 4765 1580 4817 ὅτι
1625 4765 1809 4818 καὶτὸ

239 4855 512 4927 ἡμέτερον
566 4852 731 4922 άλγος
792 4853 885 4905 ἐπὶ
927 4854 993 4922 τῇ
1045 4854 1268 4922 τοιαύτη
1314 4852 1661 4925 αἰχμαλωσίᾳ
1702 4854 1809 4908 τῶν

251 4942 590 5012 Ἐκκλησιῶν
620 4941 713 4994 τοῦ
752 4940 890 4993 Θεοῦ
921 4942 1055 4995 πολὺ
1086 4943 1415 5014 πικρότερον
1442 4944 1535 4996 καὶ
1576 4945 1809 5013 ἀνιαρῶ-

236 5050 421 5105 τερον.
459 5032 620 5087 ’Δλλὰ
658 5032 711 5087 τί
745 5034 1105 5104 ποιήσωμεν;
1133 5034 1392 5106 τοιαύτης
1436 5037 1684 5107 ἀνάγκης
1716 5037 1803 5090 διὰ

238 5129 343 5196 τῆς
387 5124 542 5195 ἡμῶν
579 5124 858 5194 ἁμαρτίας
906 5124 1344 5195 καταλαϐούσης,
1379 5126 1517 5179 ὥστε
1571 5129 1675 5180 κᾶν
1734 5110 1809 5199 μὴ

236 5220 507 5289 θέλωμεν,
556 5217 656 5285 τὴν
703 5214 899 5286 ὀδύνην
946 5215 1151 5285 ταύτην
1202 5216 1520 5286 ύποίσομεν.
1574 5219 1639 5269 ’Λ
1679 5218 1736 5270 δέ
1781 5220 1810 5270 ό

235 5308 632 5377 Καταφλὼρων
678 5308 761 5371 είς
818 5308 920 5377 τὴν
973 5307 1126 5376 ὑμῶν
1179 5308 1435 5377 ὁσιότητα
1485 5307 1804 5373 ἐνεδείξατο,

232 5401 413 5456 ταῦτα
447 5400 497 5453 εί
527 5398 622 5453 καὶ
656 5398 899 5469 λυπηρά,
944 5398 1006 5450 σὲ
1037 5398 1139 5467 μὲν
1169 5398 1442 5470 ὠφελήσει
1492 5400 1680 5468 πράως
1712 5399 1808 5453 καὶ

239 5489 615 5564 μακροθύμως
645 5491 745 5561 την
772 5491 1038 5560 ἐπήρειαν
1063 5489 1318 5558 φέροντα,
1356 5491 1564 5543 ἐκεῖνον
1592 5488 1648 5543 δὲ
1676 5490 1811 5543 πάν·

234 5597 347 5644 τως
378 5580 439 5633 τὸ
476 5580 619 5633 θεῖον
656 5581 751 5634 καὶ
780 5580 1289 5651 άπροσωπὸληπτον
1322 5579 1498 5650 δμμα,
1520 5581 1568 5632 εἰ
1604 5582 1700 5633 καὶ
1731 5580 1806 5651 μὴ

237 5670 361 5737 νῦν,
392 5670 508 5724 ἀλλ’
545 5670 829 5726 ἐστιν⁴ὂτε
882 5671 1155 5742 βλοσυρῶς
1205 5672 1596 5740 ύποόλέψεται.
1628 5672 1697 5727 Ὃ
1730 5674 1803 5743 μὴ

239 5761 495 5836 γενέσθαι
526 5763 601 5829 ὡς
640 5763 932 5852 ἀρχιερεύς
965 5763 1259 5851 τοῦβεοῦ,
1295 5765 1388 5852 καί
1431 5765 1507 5852 ῶς
1555 5752 1807 5838 μεμαθη-

1919 3261 2111 3316 solitas
2142 3260 2208 3326 ad
2234 3259 2400 3314 Deum
2424 3263 2656 3331 gratias,
2685 3270 2741 3315 et
2765 3277 3075 3332 precamur,
3104 3264 3355 3335 quamvis
3376 3281 3502 3336 pcc-
3543 3283 3548 3287 ·

1923 3359 2159 3409 catores.
2187 3359 2241 3404 te
2270 3364 2394 3406 esse
2419 3352 2570 3405 omni
2597 3350 2923 3408 adversante
2952 3354 3315 3423 superiorem,
3345 3340 3495 3428 quae—

1926 3457 2143 3511 cunque
2175 3451 2231 3497 et
2284 3450 2335 3496 te
2363 3442 2577 3513 afﬂigit,
2605 3453 2661 3498 et
2685 3455 2932 3500 amantes
2962 3455 3014 3501 te
3044 3448 3100 3500 in
3124 3447 3498 3517 ’atllietionem,
3527 3454 3537 3463 '

1919 3530 2065 3586 fama
2116 3542 2435 3602 grassante,
2487 3533 2720 3589 inducit.
2764 3534 2918 3601 Quod
2968 3551 3148 3592 autem
3203 3540 3495 3610 scripsisti,

1919 3624 2311 3680 monasterium
2370 3625 2515 3681 bene
2574 3627 2840 3694 ordinari,
2908 3628 3013 3684 hoc
3064 3630 3223 3686 nobis
3270 3646 3496 3703 quoque

1920 3714 2055 3769 bene
2084 3716 2285 3770 habere
2317 3716 2495 3771 visum
2524 3725 2629 3781 est,
2658 3716 2762 3772 nisi
2788 3719 2933 3789 quod
2968 3719 3058 3773 alii
3104 3720 3323 3788 quidem
3353 3725 3499 3778 reri-‘

1931 3806 2152 3861 viscunt
2189 3821 2487 3878 sermones
2536 3808 2630 3876 qui
2660 3808 2729 3862 ad
2780 3818 2993 3865 vestras
3040 3817 3202 3867 aures
3248 3815 3497 3869 nondum

1920 3905 2312 3964 pervenerunt,
2346 3904 2403 3950 et
2421 3896 2726 3965 jurgiorum
2762 3892 3034 3953 amatores
3057 3899 3236 3956 adhuc
3264 3902 3487 3973 ed'jur—

1919 3987 2005 4055 gia
2039 3985 2303 4039 excitant.
2340 3986 2671 4055 Scri‘psimus
2698 3996 2882 4042 autem
2928 3988 3040 4059 jam
3075 4000 3255 4056 antea,
3298 3994 3497 4049 scribi-

1919 4089 2041 4129 mus
2070 4089 2201 4129 vero
2238 4084 2293 4130 et
2320 4091 2463 4130 nune
2496 4092 2511 4130 :
2547 4076 2705 4131 Veni
2743 4064 2943 4133 ad‘nos
2974 4094 3115 4149 quos
3151 4090 3273 4151 post
3315 4085 3493 4143 tundi-

1918 4183 2042 4220 cum
2093 4167 2276 4221 forsan
2326 4167 2514 4222 videre
2560 4173 2747 4223 volens
2803 4184 2913 4224 non
2943 4171 3174 4237 videbis,
3208 4188 3330 4229 eum
3371 4179 3494 4232 vitm

1921 4259 2207 4324 terminus,
2240 4267 2506 4328 quantum
2534 4260 2737 4314 sentire
2764 4273 3012 4330 possunt,
3039 4262 3150 4332 jam
3175 4265 3369 4320 instet;

2351 4460 2532 4517 LVIII.
2573 4459 2750 4517 Iconii
2784 4464 3045 4533 episcopo.

1990 4572 2239 4640 Tributa,
2292 4570 2365 4628 illi
2415 4573 2488 4627 mi
2533 4584 2769 4639 sacrate,
2824 4591 2943 4644 qua:
2978 4577 3045 4630 de
3087 4564 3362 4635 Ecclesiis'
3389 4580 3534 4646 Dei.

1915 4664 2075 4732 fiunt,
2131 4664 2377 4735 aliligunt
2404 4675 2457 4721 te
2477 4675 2532 4722 et
2554 4666 2791 4732 multum
2826 4667 3002 4722 doles.
3047 4669 3197 4724 Scito
3224 4678 3411 4728 autem
3430 4687 3488 4729 et

1912 4764 2161 4810 nostrum
2194 4756 2437 4810 dolorem
2480 4755 2548 4809 de
2580 4753 2670 4809 tali
2702 4759 2964 4812 servitute
2994 4757 3362 4816 Ecclesiarum
3390 4765 3499 4829 Dei.

1912 4847 2084 4901 multo
2137 4847 2463 4901 amariorem
2513 4855 2569 4901 et
2616 4848 2938 4904 tristiorem.
2987 4848 3094 4905 Sed
3145 4835 3273 4921 quid
3314 4853 3485 4909 facia-

1912 4935 2075 4991 mus?
2121 4949 2245 4988 cum
2295 4935 2409 4988 haec
2446 4935 2695 5003 angustia
2742 4947 2961 5006 propter
3042 4947 3259 5006 peccata
3297 4949 3480 4994 nostra

1912 5025 2306 5097 supervenerit,
2366 5026 2507 5079 hanc
2549 5025 2921 5092 aﬂlictionem,
2973 5028 3185 5084 etiamsi
3238 5031 3483 5087 nolueri-

1912 5134 2055 5185 mus,
2090 5117 2506 5172 sustinebimus.
2546 5116 2678 5182 Qua:
2717 5129 2899 5173 autem
2930 5118 3260 5189 Catapliloro
3290 5133 3479 5177 contra

1910 5219 2149 5265 vestram
2175 5210 2518 5263 sanctitatem
2549 5208 2906 5273 denuntiavit,
2931 5210 3064 5275 haec,
3095 5212 3199 5266 etsi
3222 5212 3473 5277 dolenda,

1912 5302 1967 5355 in
2002 5310 2236 5354 vestram
2270 5298 2490 5367 quidem
2528 5298 2820 5353 utilitatem
2852 5299 3072 5365 cedent,
3103 5316 3229 5355 cum
3265 5302 3476 5370 placide

1909 5403 1964 5448 ct
1990 5406 2186 5462 magno
2214 5389 2399 5445 animo
2431 5390 2687 5459 iniuriam
2718 5392 3075 5459 pertuleritis.
3113 5391 3267 5447 llunc
3292 5402 3476 5447 autem

1908 5485 2005 5540 Dei
2055 5485 2246 5543 oculus
2293 5484 2387 5553 qui
2439 5498 2546 5536 non
2594 5492 2678 5536 est
2719 5498 3076 5552 personarum
3111 5492 3385 5553 acceptor,
3428 5487 3476 5541 si

1908 5593 2015 5635 non
2062 5591 2229 5642 nunc,
2266 5575 2456 5629 saltem
2488 5573 2784 5643 aliquando
2817 5575 2988 5629 iratus
3029 5575 3275 5643 aspiciet.
3317 5576 3477 5641 Quod

1908 5650 1975 5723 ne
2011 5670 2123 5735 liat,
2169 5677 2225 5721 tu
2273 5674 2529 5733 tanquam
2582 5664 2671 5720 Dei
2704 5664 2969 5735 pontifex,
3015 5672 3072 5720 et
3115 5667 3204 5737 qui
3234 5665 3474 5721 didicisti

1908 5760 2363 5834 persequentibus
2399 5758 2723 5831 benedicere
2751 5766 2805 5815 ct
2835 5772 2931 5829 pro
2962 5760 3262 5819 tortoribus
3289 5773 3471 5819 orare,
