4038 6354
652 352 759 418 259

1788 345 2102 409 NICOLAI
2141 344 2254 409 (ΖΡ.
2296 343 2808 407 PATRIARCHIE

3782 340 3899 404 E60

648 475 761 520 tua
780 468 1147 534 congruenter
1174 473 1338 530 agens
1361 456 1571 524 virtuti,
1617 456 1916 527 deprecare
1956 464 2011 512 et
2046 458 2215 512 οισι-ε

2330 450 2431 515 κὼς
2474 453 2601 528 τοὺς
2655 450 2954 514 διώκοντας
2991 450 3257 520 εὐλογεῖν,
3284 468 3377 504 κα.
3410 449 3519 504 τῶν
3544 452 3903 523 ἐπηρεαζόν-

645 571 773 614 eum
803 555 898 627 qui
932 571 1023 613 res
1051 554 1319 610 humanas
1348 565 1504 624 aequa
1545 550 1702 607 lance
1730 550 2013 621 ponderat.
2060 547 2211 603 Vale.

1235 847 1372 905 LIX.
1409 847 1436 902 1
1442 858 1637 902 ncerto.
1712 870 1717 873 ν

720 987 850 1044 Mihi
879 988 973 1058 qui
1008 987 1125 1042 scio
1148 996 1339 1042 vestra:
1368 984 1737 1053 intelligentia:
1767 985 1941 1045 zelum
1996 984 2049 1039 in
2098 999 2217 1039 om-

653 1081 836 1145 nibus,
871 1079 944 1132 fili
975 1078 1073 1146 mi,
1126 1077 1257 1132 illud
1291 1076 1599 1132 mirandum
1646 1076 1810 1143 venit,
1852 1075 2131 1148 quomodo
2162 1076 2216 1131 in

647 1169 903 1239 praasenti
940 1167 1244 1238 proposito,
1299 1167 1367 1222 de
1395 1181 1503 1237 quo
1529 1167 1770 1223 scribere
1799 1167 1954 1232 libet,
2003 1167 2218 1239 propri-

649 1276 743 1315 um
791 1275 896 1315 non
935 1258 1236 1319 servaverit
1284 1258 1529 1314 modum.
1574 1258 1680 1314 Sed
1729 1259 1916 1314 nescio
1967 1274 2037 1314 an
2076 1259 2223 1325 obli-p

651 1354 831 1417 vione,
869 1354 1053 1405 nescio
1082 1365 1152 1405 an
1182 1349 1288 1404 alia
1318 1349 1502 1419 aliqua
1532 1349 1856 1420 impediente
1904 1330 2091 1414 causa,
2128 1365 2220 1404 us-

648 1460 755 1515 que
786 1443 849 1498 ad
883 1454 1143 1512 praesens,
1192 1437 1386 1499 Saltem
1414 1440 1562 1512 quod
1604 1442 1802 1507 sciam,
1851 1456 1961 1498 non
1997 1440 2219 1510 contigit

649 1545 711 1591 ut
743 1537 1118 1607 perficeretur.
1176 1535 1331 1602 Quod
1360 1534 1596 1590 maxime
1627 1535 1997 1592 necessariam
2033 1534 2222 1604 requi-

651 1628 724 1681 rit
756 1628 1188 1682 esst-cntionem.
1252 1624 1387 1682 Dato
1433 1628 1579 1681 enim
1630 1627 1727 1681 tibi
1780 1626 1850 1680 ab
1894 1626 2221 1695 imperatore

651 1719 931 1783 mandato,
968 1729 1027 1772 ut
1057 1718 1210 1773 aiunt
1252 1708 1446 1773 saltem
1475 1718 1567 1788 qui
1602 1719 1653 1772 id
1685 1718 1890 1781 sciunt,
1940 1724 2002 1772 ut
2044 1716 2222 1772 consi-

2312 560 2423 597 των
2456 542 2880 615 ὑπερεύχεσθαι,
2915 543 3041 610 ἀξια
3069 544 3172 613 τῆς
3207 544 3421 607 οἰκείας
3455 544 3629 605 ποιῶν
3653 544 3900 613 ἀρετῆς,

2316 636 2618 705 ὑπερεῦχου
2644 636 2741 690 καὶ
2771 634 3064 707 παραιτοῦ,
3098 636 3188 689 τὸν
3229 635 3417 703 ζυγοῖς
3450 636 3903 707 ἀντιμετροῦντα

2316 726 2452 789 ίσοις
2472 727 2555 801 τάν
2579 726 2898 796 ἀνθρώπινα
2934 726 3260 797 πράγματα.
3299 727 3572 798 Ἐῥρωσο.

2878 842 3005 897 ΝΘ’.
3064 841 3316 908 Ἀδήλφ.

2386 980 2461 1033 Τὸ
2486 982 2543 1034 ὲν
2566 980 2701 1034 πᾶσι
2740 978 3026 1032 σπουδαῖον
3058 978 3163 1048 τῆς
3196 976 3351 1047 ὑμῶν
3392 977 3663 1040 συνέσεως
3719 979 3901 1031 εἰδότι

2318 1090 2432 1145 μοι,
2469 1073 2657 1126 τέκνον
2693 1070 2873 1141 ἡμῶν,
2908 1071 3209 1141 θαυμάζειν
3252 1070 3454 1142 ἰπῆλθε
3494 1071 3614 1135 quis;
3658 1072 3757 1124 ἐπὶ
3786 1074 3905 1143 τῆς

2317 1165 2948 1236 παρούσηςὺποθέσεως,
2975 1164 3105 1234 περὶ
3132 1156 3201 1234 ἦς
3231 1162 3591 1234 προαγόμεὴ
3620 1164 3898 1232 γράφειν,

2317 1258 2416 1330 τὴν
2440 1258 2644 1312 οίκείαν
2673 1259 2772 1311 οὐκ
2795 1256 3025 1328 ἐφύλαξε
3050 1255 3222 1321 τάξιν.
3255 1256 3398 1311 Ἀλλ’
3418 1258 3520 1311 οὐκ
3544 1252 3662 1311 οῖδα
3687 1256 3898 1328 λήθης,

2318 1353 2419 1407 οὐκ
2448 1346 2563 1404 οἰδα
2598 1350 2763 1419 ἄλλης
2809 1351 2956 1413 τινος
2992 1350 3171 1413 αἰτίας
3215 1349 3552 1420 κωλυούσης,
3590 1351 3760 1420 μέχρι
3791 1351 3902 1402 καὶ

2319 1444 2414 1497 τοῦ
2447 1444 2713 1515 παρόντος
2750 1443 2851 1498 ὅσα
2894 1459 2956 1511 γε
2989 1444 3135 1514 ἡμᾶς
3188 1442 3412 1505 εἰδέναι,
3456 1444 3557 1496 οὐκ
3604 1440 3905 1509 ἐξεγένετο

2319 1535 2743 1608 διαπραχθῆναι.
2795 1535 3283 1604 ὃάναγκαιοτάτην
3339 1534 3593 1605 ἐπιζητεῖ
3645 1534 3748 1605 τὴν
3799 1550 3902 1586 τε·

2320 1628 2558 1683 λείωσιν.
2586 1627 2883 1697 Βασιλικῆς
2907 1628 3016 1695 γὰρ
3048 1625 3339 1697 δεδομένης
3383 1642 3468 1680 σοι
3502 1624 3896 1695 προστάξεως,

2322 1721 2397 1786 ὥς
2425 1737 2487 1790 γε
2522 1718 2683 1789 φασιν
2714 1720 2761 1775 οἰ
2792 1720 2949 1774 τοῦτο
2988 1720 3209 1783 εἰδότες,
3239 1719 3641 1790 ἑπισκέψασθαι
3683 1721 3749 1773 τὸ
3782 1738 3901 1789 χω-

650 1811 869 1867 derares
901 1810 1083 1865 locum
1133 1825 1197 1866 es
1231 1826 1341 1881 quo
1386 1811 1653 1885 inclytum
1688 1809 1781 1865 Dei
1813 1810 2076 1881 templum
2104 1800 2221 1863 fru-

2330 1817 2459 1888 ρίον,
2486 1814 2545 1880 ἐξ
2568 1810 2627 1869 οὗ
2646 1815 2675 1867 ὁ
2695 1812 3040 1885 περιώνυμος
3073 1812 3168 1866 τοῦ
3196 1811 3330 1867 Θεοῦ
3369 1813 3495 1875 ναὸς
3529 1817 3677 1867 σῖτον
3699 1814 3902 1882 μέλλει

552 1932 555 1933 ν
656 1910 838 1963 menta
872 1901 976 1956 sibi
1006 1916 1325 1971 comparare
1355 1903 1538 1972 debet,
1573 1912 1686 1957 tum
1714 1902 1781 1957 ad
1825 1900 2221 1957 coniectionem

650 1999 810 2069 panis
835 1998 1022 2067 divino
1056 1996 1259 2067 Spiritu
1312 1996 1637 2055 sanctittcati
1680 2008 1735 2052 et
1768 2011 1865 2050 eos
1911 1995 2003 2066 qui
2045 1994 2112 2049 de
2145 2008 2222 2048 ‘eo

653 2088 986 2164 participant
1016 2088 1432 2157 sanctificantis,
1482 2098 1596 2144 tum
1626 2089 1791 2145 etiam
1832 2087 1899 2143 ad
1946 2094 2224 2142 sustenta-

655 2183 859 2237 tionem
893 2190 1094 2238 nostrm
1125 2182 1470 2250 humilitatis,
1522 2191 1576 2238 et
1603 2180 1829 2251 reliqua:
1864 2177 2225 2235 multitudinis

656 2286 845 2328 eorum
902 2274 995 2344 qui
1049 2282 1209 2329 nocte
1260 2289 1323 2329 ac
1361 2275 1450 2329 die
1492 2274 1695 2343 templo
1743 2272 1837 2328 Dei
1888 2272 2222 2335 ministrant,

654 2364 844 2419 nescio
867 2365 1145 2436 quomodo
1161 2367 1361 2432 dicam,
1393 2380 1500 2420 non
1530 2365 1776 2420 studiose
1801 2366 2114 2418 mandatum
2133 2377 2227 2417 ex-

657 2458 994 2528 sequendum
1028 2458 1311 2513 curavisti.
1351 2457 1456 2512 Sed
1488 2466 1543 2511 tu
1580 2456 1801 2526 quidem
1838 2470 2057 2510 causam
2086 2455 2226 2509 scire

658 2551 861 2620 possis.
914 2550 1030 2605 Nos
1051 2560 1234 2606 autem
1266 2550 1581 2616 scribimus,
1632 2548 1708 2603 Illi
1740 2548 1837 2615 mi,
1870 2557 1929 2601 ut
1957 2548 2061 2601 alia
2092 2562 2229 2617 qna-

655 2641 790 2696 libet
837 2641 1006 2696 citius
1061 2657 1121 2695 re
1177 2642 1243 2696 de
1302 2642 1404 2696 hoc
1426 2642 1631 2696 referas
1673 2640 1759 2694 his
1790 2639 1881 2708 qui
1910 2639 2224 2692 mandatum

658 2732 946 2789 dederunt.
994 2730 1131 2788 Nam
1163 2731 1513 2802 Ecclesiaque
1560 2731 1657 2787 Dei
1694 2740 1752 2785 et
1791 2745 1916 2801 nos,
1958 2735 2223 2801 quantum

659 2812 853 2877 saltem
882 2825 948 2878 ad
998 2824 1191 2879 borum
1228 2824 1574 2879 commodum
1623 2838 1729 2877 non
1769 2823 1983 2879 modice
2012 2821 2225 2891 pericli-

659 2922 858 2974 tamur,
899 2914 1165 2970 Craterum
1201 2923 1383 2970 autem
1424 2916 1626 2981 valeas,
1672 2914 1921 2985 superior
1961 2913 2231 2967 constitu-

658 3013 746 3060 tus
776 3006 924 3060 omni
961 3007 1126 3062 malo.

941 3211 1051 3266 LX.
1093 3211 1391 3268 (Εεοηοιιιο
1432 3186 1640 3285 Magna
1698 3216 1946 3271 ecclesiae.
2019 3263 2028 3275 .

733 3349 928 3406 Tenuit
962 3364 1061 3407 nos
1104 3364 1229 3421 spes
1261 3352 1374 3406 fore
1412 3359 1492 3419 ut,
1544 3350 1597 3404 in
1645 3352 1821 3407 sancti
1851 3327 2121 3421 prophetae
2150 3350 2230 3405 di-

660 3444 791 3499 vino
820 3441 980 3508 festo,
1033 3450 1126 3501 tua
1154 3444 1413 3499 sanctitas
1450 3443 1737 3500 nobiscum
1786 3453 2118 3506 versaretur,
2152 3452 2227 3504 et.

2324 1907 2664 1979 πορίζεσθαι,
2696 1906 2855 1960 τοῦτο
2890 1905 2989 1977 μὲν
3026 1906 3107 1968 είς
3141 1906 3409 1977 χορηγίαν
3449 1904 3543 1959 τοῦ
3580 1904 3899 1973 ἀγιαζομέο

2324 2019 2414 2061 νου
2443 1994 2522 2073 τῷ
2558 2000 2688 2071 θείῳ
2735 2000 3014 2068 Πνεύματι
3064 2000 3157 2051 καὶ
3197 1999 3322 2061 τοὺς
3366 1996 3903 2069 μεταλαμϐάνοντας

2324 2094 2639 2162 ἀγιάζοντος
2681 2093 2872 2164 ἀρτου,
2906 2091 3061 2147 τοῦτο
3090 2092 3146 2146 δὲ
3192 2092 3288 2145 καὶ
3322 2093 3405 2156 είς
3445 2089 3751 2160 διατροφὴν
3796 2092 3903 2155 τῆς

2325 2186 2481 2258 ἡμῶν
2519 2186 2903 2256 ταπεινότητος
2933 2183 3148 2237 καὶτοῦ
3192 2181 3382 2238 λοιποῦ
3424 2182 3684 2250 πλήθους,
3724 2180 3781 2233 οἳ
3810 2198 3903 2232 νυ-

2325 2279 2450 2343 κτὸς
2480 2279 2575 2335 καὶ
2612 2279 2825 2350 ἡμέρας
2856 2276 3313 2349 ξξυπηρετοῦνται
3343 2273 3423 2344 τῷ
3447 2272 3562 2343 ναῷ
3597 2273 3694 2327 τοῦ
3728 2272 3897 2337 Θεοῦ,

2325 2375 2426 2427 οὐκ
2459 2368 2576 2426 οἴδα
2604 2370 2721 2433 πῶς
2766 2371 2923 2441 είπω,
2956 2369 3053 2422 οὐκ
3086 2368 3238 2439 ἔσχες
3263 2368 3320 2419 ὲν
3342 2366 3543 2434 σπουδῇ
3577 2365 3671 2417 τοῦ
3712 2382 3900 2435 προσ-

2327 2466 2610 2537 τάγματος
2670 2464 2770 2533 τὴν
2824 2461 3207 2532 ἐκπλήρωσιν⁸
3240 2459 3377 2513 ἀλλά
3413 2460 3517 2529 τὴν
3560 2456 3659 2528 μὲν
3710 2456 3900 2509 αἰτίαν

2326 2559 2486 2620 αὐτὸς
2526 2556 2591 2610 ἂν
2636 2553 2852 2625 εέδείης.
2895 2554 3084 2620 Ἡμεῖς
3116 2551 3171 2605 δὲ
3214 2549 3502 2621 γράφομεν
3547 2564 3652 2609 σοι,
3695 2547 3900 2599 τέκνον

2328 2650 2507 2723 ἡμῶν,
2541 2648 2679 2702 ὥστε
2707 2647 2892 2715 τάχιον
2920 2643 3011 2697 τοῦ
3043 2642 3231 2697 λοιποῦ
3259 2644 3577 2709 ἀνενεγκεῖν
3608 2639 3741 2710 περὶ
3771 2640 3902 2691 τού-

2327 2760 2419 2796 του
2448 2743 2560 2802 τοίς
2604 2738 2860 2793 δεδωκόσι
2910 2735 2969 2788 τὸ
3012 2735 3362 2803 πρόσταγμα.
3394 2732 3504 2786 Καὶ
3564 2732 3671 2801 γὰρ
3735 2732 3901 2799 καὶὴ

2340 2831 2633 2901 Ἐκκλησία
2652 2827 2745 2881 τοῦ
2768 2826 2903 2880 Θεοῦ
2926 2826 3017 2878 καὶ
3050 2826 3232 2894 ἡμεῖς,
3258 2823 3360 2876 ὃσα
3399 2838 3461 2887 γε
3492 2820 3560 2874 τά
3594 2823 3674 2882 είς
3702 2820 3901 2889 χρείαν

2327 2928 2436 2980 τῷν
2475 2921 2653 2977 αὐτῶν
2698 2920 2759 2973 οὐ
2821 2907 3035 2989 μικρῶς
3084 2915 3505 2985 κινδυνεύομεν·
3552 2911 3620 2965 τὰ
3656 2910 3704 2964 δ’
3759 2911 3903 2963 ἄλλα

2330 3016 2639 3091 ἐρρωμένος
2670 3014 2787 3083 είης
2819 3010 3090 3079 ὑπεράνω,
3118 3007 3456 3079 τηρούμενος
3500 3006 3683 3075 πάσης
3724 3005 3904 3057 κακό-

2252 3143 2297 3199 c
2326 3127 2507 3184 τητος.

2420 3229 2493 3281 Ξ¹.
2528 3223 2611 3289 Τῷ
2640 3220 2929 3287 οἰκονόμῳ
2954 3215 3061 3285 τῆς
3092 3212 3374 3283 Μεγάλης
3452 3209 3811 3279 ἐκκλησίας.

2411 3359 2653 3421 Ἐλπίδες
2685 3352 2829 3426 εϊχον
2867 3354 3015 3423 ἡμᾶς
3057 3352 3115 3404 ὲν
3144 3352 3211 3421 τῇ
3250 3347 3344 3402 τοῦ
3398 3346 3557 3417 ἁγίου
3611 3344 3902 3417 προφήτου

2330 3453 2453 3524 θεία
2484 3452 2642 3521 ἑορτῇ
2674 3448 2770 3518 τὴν
2818 3445 2917 3515 σὴν
2961 3446 3216 3513 ὁσιότητα
3254 3438 3579 3494 συνέσεσθαι
3617 3438 3775 3506 ἡμῖν,
3810 3436 3905 3487 καὶ

662 3546 725 3592 ut
756 3551 856 3607 par
883 3544 987 3599 est,
1018 3534 1074 3591 in
1107 3536 1405 3591 amicorum
1449 3536 1671 3601 unione,
1715 3535 1966 3590 suaviore
1994 3535 2226 3606 quodam

2330 3546 2404 3609 ὣς
2452 3561 2516 3613 γε
2562 3540 2709 3602 είκδς
2758 3538 2852 3592 ἐπὶ
2902 3536 3071 3606 φίλων
3118 3532 3309 3587 ἑνώσει
3357 3530 3705 3600 γλυκυτέρας
3748 3527 3906 3587 τινὸς

661 3637 807 3687 statu
844 3626 1153 3685 frueremur
1193 3627 1492 3697 praesertim
1537 3642 1661 3682 cum
1709 3635 1788 3681 tot
1836 3636 1889 3682 et
1934 3636 2092 3682 tantis
2122 3626 2226 3681 sint

2330 3637 2619 3699 διαθέσεως
2655 3631 2977 3693 ἀπόλαυσιν,
3006 3626 3103 3681 καὶ
3141 3626 3374 3695 μάλιστα
3407 3620 3677 3677 τοσούτων
3724 3619 3905 3671 όντων

663 3717 1005 3777 calamitates
1033 3731 1156 3785 qua:
1182 3717 1341 3771 nobis
1366 3716 1709 3772 incumbunt.
1750 3716 2017 3784 Quoniam
2051 3727 2226 3771 autem

2331 3726 2569 3799 ἀνιαρῶν
2598 3726 2705 3778 τῶν
2734 3721 3095 3792 ἐπικειμένων
3121 3720 3273 3789 ἡμῖν.
3298 3716 3453 3771 Ἐπεὶ
3477 3714 3535 3768 δὲ
3570 3713 3640 3767 τά
3678 3708 3906 3781 ἀνθρώ-

664 3810 920 3865 humanai
947 3824 1035 3863 res
1073 3807 1361 3866 mutabiles
1394 3817 1522 3864 sunt
1552 3816 1607 3864 et
1638 3808 1953 3874 indefinitae,
1986 3818 2226 3879 propter-

2333 3838 2465 3875 πινα
2490 3819 2793 3889 πράγματα
2812 3813 2873 3869 τὸ
2901 3811 3252 3882 ἀστάθμητον
3282 3808 3394 3879 ἔχει
3425 3806 3601 3863 καὶτὸ
3618 3806 3902 3876 ἀόριστον,

652 3916 838 3972 eaque
869 3914 969 3957 nos
1000 3896 1189 3954 fefellit
1246 3914 1392 3970 spes,
1437 3908 1491 3955 et
1524 3914 1593 3955 ex
1634 3901 1942 3966 eventibus,
2000 3902 2226 3955 adventu

2333 3913 2426 3965 καὶ
2462 3910 2551 3965 διὰ
2588 3908 2749 3963 τοῦτο
2799 3906 3069 3975 ἐψεύσατο
3101 3905 3249 3973 ἡμᾶς
3276 3903 3312 3972 η
3334 3902 3511 3964 ἐλπὶς,
3542 3898 3639 3954 καὶ
3674 3898 3907 3968 κώλυμα

666 3993 874 4049 scilicet
906 3989 1324 4056 Saracenorum,
1358 3989 1556 4059 prodiit
1590 3991 2036 4065 impedimentum
2071 4007 2139 4046 ne
2176 3992 2226 4045 in

2333 4002 2579 4073 παρέστη
2610 4001 2672 4052 tu
2692 3997 2799 4051 τῶν
2828 3995 3271 4066 συμῦεσηκότων,
3302 3993 3534 4061 λέγομεν
3557 3991 3622 4062 δὴ
3655 3991 3754 4060 τῆς
3787 3991 3905 4063 τῶν

664 4083 922 4153 praesenti
948 4091 1039 4134 tua
1067 4080 1331 4136 sanctitas
1353 4079 1566 4146 afforet,
1590 4081 1746 4150 juxta
1770 4090 2004 4136 vestram
2033 4097 2226 4151 urgen-

2334 4091 2666 4163 Σαρακηνῶν
2721 4089 2977 4159 ἀφίξεως,
3023 4086 3100 4157 τῷ
3153 4085 3245 4139 νῦν
3297 4085 3398 4154 τὴν
3442 4083 3596 4153 ὑμῶν
3645 4083 3904 4152 ὁσιότητι

669 4183 778 4230 tem
811 4172 1261 4242 postulationem,
1300 4184 1444 4237 aegre
1474 4171 1621 4237 licet,
1667 4171 2022 4226 concedimus
2053 4180 2226 4224 tamen

2336 4180 2757 4253 παραγενέσθαι,
2788 4181 2929 4233 κατά
2966 4174 3064 4249 τὴν
3098 4177 3252 4247 ὑμῶν
3282 4176 3563 4246 ἑξαίτησιν
3594 4173 3905 4242 ἀναγκαίαν

669 4262 995 4334 praeﬁnitum
1030 4273 1245 4331 tempus
1270 4262 1413 4332 quod
1458 4263 1735 4332 postulare
1771 4263 1868 4317 tibi
1914 4262 2091 4317 visum
2130 4271 2226 4317 est.

2336 4273 2518 4341 οὖσαν,
2548 4275 2597 4328 εί
2631 4275 2728 4328 καὶ
2773 4253 3102 4340 λυπούμενοι
3144 4271 3294 4340 ὅμως
3329 4267 3905 4339 παραχωροῦμεντὴν

671 4353 932 4419 Tantum,
971 4353 1080 4418 Deo
1118 4354 1464 4423 praevalente,
1500 4353 1679 4407 Valere
1707 4367 1890 4423 perge,
1926 4360 1979 4407 et
2022 4352 2226 4421 quando

2336 4366 2433 4419 τοῦ
2505 4363 2700 4436 καιροῦ
2772 4360 3135 4431 προθεσμίαν,
3194 4358 3262 4430 ἢν
3319 4356 3605 4424 ἐξαιτῆσαι
3653 4356 3901 4422 διέγνως.

670 4442 768 4502 tibi
799 4444 1015 4500 libuerit
1038 4453 1090 4498 et
1120 4443 1263 4498 Deus
1291 4443 1542 4499 annuerit
1576 4444 1680 4497 iter
1711 4444 1777 4498 ad
1810 4458 1911 4498 nos
1942 4442 2226 4511 susciperel

2337 4458 2514 4512 Μόνον
2556 4454 2690 4509 Θεοῦ
2732 4454 3091 4523 ὑπερέχοντος
3141 4449 3457 4521 ἐρρωμένος
3500 4448 3757 4511 διατέλει,
3807 4446 3904 4499 καὶ

671 4549 805 4594 tunc
854 4536 956 4591 iter
1005 4536 1117 4589 flat.
1177 4535 1494 4605 Logotlieta:
1545 4535 1765 4605 quidem
1820 4502 2114 4593 commissa
2156 4543 2226 4587 est

2337 4550 2425 4603 ὅτε
2461 4564 2542 4601 σοι
2582 4547 2736 4616 φίλον
2776 4502 2869 4600 καλ
2904 4502 3047 4607 ,δεὸς
3072 4502 3399 4605 iniisdem,
3438 4502 3756 4593 στείλασθαι
3800 4540 3903 4606 τὴν

671 4628 898 4709 cpistola
931 4645 948 4683 :
983 4627 1341 4697 quid'autem
1391 4627 1600 4681 homini
1648 4636 1833 4679 actum
1891 4627 1963 4679 sit
1996 4625 2226 4679 nondum

2340 4645 2475 4713 πρὸς
2505 4642 2653 4710 ἡμᾶς
2681 4638 2927 4709 πορείαν,
2968 4636 3090 4688 τότε
3135 4637 3169 4705 ὴ
3210 4634 3403 4703 πορεία
3442 4631 3696 4701 γινέσθω.
3727 4629 3817 4698 Τῷ
3846 4630 3902 4680 δὲ

672 4723 948 4777 novimus.
989 4718 1070 4775 Tu
1119 4719 1318 4783 valeas,
1368 4733 1469 4773 nec
1498 4719 1552 4772 in
1590 4719 1701 4774 tuis
1744 4718 1950 4774 sanctis
1987 4719 2226 4788 precibus

2337 4732 2593 4802 λογοθέτῃ
2637 4729 2746 4783 τῶν
2795 4726 3005 4797 ἀγελῶν
3060 4726 3344 4795 ἀπεστάλη
3405 4725 3641 4793 γράμμα
3670 4737 3685 4752 ⁸
3724 4722 3791 4774 «τί
3841 4720 3899 4772 δὲ

668 4812 1015 4871 obliviscaris
1046 4821 1249 4876 nosme
1283 4811 1631 4866 humilitatis.

1250 5115 1386 5172 LXI.
1426 5115 1656 5172 Incerto.

668 5278 678 5296 .
747 5228 1089 5297 Audivimus,
1132 5234 1205 5288 fili
1254 5242 1461 5297 noster,
1515 5233 1699 5287 dolere
1761 5240 1814 5285 te
1862 5230 2016 5301 quasi
2056 5237 2239 5282 nostra

681 5330 963 5386 humilitas
1013 5328 1245 5397 aliquam
1296 5326 1349 5380 iu
1381 5334 1433 5379 te
1464 5324 1819 5379 oﬂ‘ensionem
1876 5323 2087 5376 habeat.
2132 5319 2241 5372 Hoc

678 5433 883 5486 autem,
938 5421 1012 5474 fili
1049 5420 1146 5486 ini,
1204 5420 1320 5473 sive
1349 5418 1475 5487 quis
1520 5418 1745 5487 pertulit
1774 5417 1840 5470 ad
1894 5424 2017 5470 tuas
2058 5427 2241 5475 aures,

682 5516 913 5570 mendax
940 5522 1026 5569 est
1058 5527 1158 5567 nec
1182 5513 1466 5567 veritatem
1500 5518 1808 5573 reveretur;
1858 5509 1970 5564 sive
2021 5518 2075 5561 tu
2128 5507 2241 5576 ipse

684 5622 782 5678 pro
815 5608 1050 5661 buman‘a
1098 5606 1416 5659 conditione
1448 5613 1641 5672 sponte
1659 5602 1969 5671 suspicatus
1998 5615 2079 5663 cs,
2121 5599 2236 5652 noli

679 5698 790 5766 jam
844 5696 1020 5750 iutuo
1076 5693 1427 5749 circumferre
1473 5703 1712 5763 pectore.
1779 5693 1895 5748 Scit
1951 5692 2092 5745 enim
2146 5691 2237 5759 qui

684 5789 850 5845 conia
896 5795 1169 5847 scrutatur
1219 5786 1398 5859 Deus,
1448 5783 1731 5861 ejusmodi
1792 5784 1873 5840 rei
1932 5783 2087 5841 nobis
2140 5796 2242 5839 nos

2339 4828 2651 4895 πέπρακται
2694 4822 2772 4892 τῷ
2818 4820 3106 4889 ἀνθρώπῳ,
3134 4818 3285 4872 οὔπω
3322 4820 3415 4871 καὶ
3445 4818 3684 4886 σήμερον
3731 4814 3899 4885 ἔγνω-

2344 4934 2460 4987 μεν.
2498 4915 2839 4986 Ἐρῤωμένος
2866 4914 2995 4983 ημῖν
3026 4911 3163 4979 εἴης.
3200 4911 3292 4965 καὶ
3331 4910 3387 4961 ἐν
3435 4910 3553 4969 ταῖς
3584 4905 3761 4968 ὁσίαις
3804 4906 3896 4955 εὓ-

2342 5010 2462 5079 χαῖς
2494 5010 2569 5077 μὴ
2597 5006 2765 5076 λήθην
2790 5006 2927 5075 ἔχων
2954 5004 3053 5074 τῆς
3090 5002 3246 5073 ημῶν
3290 5000 3667 5071 μετριότητος.

2904 5113 3022 5169 ΞΝ.
3087 5112 3339 5183 Ἀὄήλῳ.

2424 5232 2785 5302 Ἀκηκόαμεν,
2818 5229 3007 5281 τέκνον
3054 5227 3232 5296 ἡμῶν,
3264 5222 3549 5278 λυπεῖσθαί
3596 5239 3655 5276 σε
3695 5221 3770 5284 ὡς
3800 5220 3897 5289 τῆς

2343 5328 2499 5399 ἡμῶν
2530 5326 2910 5392 ταπεινότητος
2954 5317 3323 5388 ἀγανάκτησίν
3354 5333 3474 5369 τινα
3504 5316 3644 5368 κατά
3687 5312 3779 5367 σοῦ
3806 5328 3897 5380 φε-

2346 5419 2542 5492 ρούσης
2564 5433 2578 5448 ο
2613 5417 2705 5471 καὶ
2736 5416 2922 5489 τοῦτο,
2948 5415 3136 5465 τέκνον
3162 5411 3336 5482 ἡμῶν,
3369 5411 3491 5462 είτε.
3516 5425 3621 5479 τις,
3640 5407 3773 5477 πρὸς
3801 5404 3895 5465 τὰς

2348 5514 2445 5574 σάς
2476 5508 2809 5578 ἀπεκόμισεν
2852 5504 3039 5568 ἀκοὰς,
3065 5502 3303 5573 ψεύστης
3348 5503 3464 5554 ἐστὶ
3492 5502 3585 5553 καὶ
3618 5499 3692 5569 μὴ
3731 5494 3893 5564 τιμῶν

2344 5602 2440 5672 τὴν
2470 5599 2723 5670 ἀλήθειαν
2742 5614 2755 5627 ·
2787 5598 2892 5651 εἴτε
2928 5596 3085 5657 αὐτὸς
3130 5590 3217 5646 οἷα
3243 5594 3326 5645 τὰ·
3348 5591 3665 5663 ἀνθρώπινα
3691 5586 3891 5641 οἴκοθεν

2346 5695 2502 5748 τοῦτο
2532 5691 2819 5752 ὑπέλαϐες,
2852 5689 3047 5758 μηκέτι
3082 5687 3239 5741 τοῦτο
3274 5688 3331 5739 ὲν
3377 5688 3446 5755 τῇ
3494 5686 3563 5754 σῇ
3603 5682 3889 5755 περιφίρης

2350 5787 2567 5853 καρδίᾳ,
2611 5786 2780 5849 Αὐτὸς
2810 5782 2917 5853 γὰρ
2953 5782 3239 5835 ἐπίσταται
3266 5780 3292 5832 ὁ
3325 5779 3455 5842 Θεὸς
3491 5780 3519 5831 ὸ
3558 5780 3653 5840 τὰς
3682 5777 3887 5845 καρδίας
