4038 6354
192 375 299 440 εει

1629 351 2039 443 2915mm.

3134 325 3158 354 θ

3355 380 3462 444 262

195 485 463 557 ἐρευνῶν,
521 485 674 540 οὐδὲν
729 485 972 540 τοιοῦτον
1026 485 1242 552 ἑαυτοῖς
1298 485 1767 559 συγγινώσκομεν.

1883 486 2136 569 conscios
2163 501 2272 542 non
2308 478 2456 543 esse.
2501 465 2939 543 Novimusenim
2970 486 3067 544 Dei
3096 488 3271 559 gratia
3307 504 3459 560 mag-

163 616 171 640 ,
209 576 585 648 Ἐπιστάμεθα
611 578 719 649 γάρ
747 578 932 650 χάριτι
956 577 1091 632 Θεοῦ
1115 577 1208 633 καὶ
1235 578 1296 632 τὺ
1327 579 1427 651 τῆς
1451 580 1770 652 φρονήσεως

200 668 359 740 ὑμῶν
380 668 610 736 τέλειον,
641 668 738 722 καὶ
769 669 868 739 τὴν
902 668 1039 740 πρὸς
1069 669 1216 739 ἡμᾶς
1239 669 1605 741 ἀνυπόκριτον
1633 671 1774 739 ἀγά-

200 778 334 831 πην,
363 761 459 815 καὶ
497 759 596 831 τὴν
627 760 765 832 πρὸς
808 761 907 824 τὰς
940 759 1035 812 τοῦ
1063 760 1200 814 Θεοῦ
1229 759 1566 832 Ἐκκλησίας
1609 762 1774 816 εὐλά-

194 852 355 906 σειαν
406 853 472 924 ἢν
524 851 686 922 ἔχεις,
719 851 795 917 ώς
841 851 1128 924 ἄνθρωπος
1175 851 1310 906 Θεδν
1358 854 1454 907 καὶ
1484 851 1641 918 εἰδὼς
1675 854 1774 908 καὶ

191 944 400 1014 τιμῶν,
435 944 530 997 καὶ
564 924 872 1013 γινώσκων,
909 945 994 997 ὅτι
1043 945 1139 998 καὶ
1176 943 1237 998 τδ
1277 947 1444 1016 τιμᾷν
1493 945 1586 1000 τὸν
1641 945 1774 1014 Θεὸν

191 1035 314 1106 ἔχει
346 1034 551 1105 φρίκην
588 1035 736 1092 τινά.
770 1036 844 1088 Οὐ
885 1035 994 1106 γάρ
1031 1035 1275 1107 οῐδαμεν,
1307 1038 1358 1090 εί
1397 1036 1567 1104 ἀξίως
1595 1037 1773 1108 τιμῶ-

195 1145 304 1199 μεν
324 1143 338 1157 ο
372 1128 434 1181 τδ
465 1128 523 1182 δὲ
553 1120 937 1199 προσκρούειν,
967 1127 1120 1198 πόσῳ
1146 1128 1353 1199 μᾶλλον
1392 1128 1774 1200 φοϐερώτερόν

189 1223 317 1276 last
348 1222 442 1275 καὶ
482 1221 914 1293 φρικωδέστερον
941 1226 954 1276 l
999 1221 1346 1294 Ἐρῤωμένον
1383 1239 1443 1275 σε
1473 1221 1770 1292 διαφυλάτο

186 1330 280 1366 τοι
311 1314 342 1366 ό
388 1313 616 1386 Κύριος,
659 1315 837 1385 πάσης
893 1313 1192 1378 κακώσεως
1226 1315 1321 1369 καὶ
1353 1315 1638 1387 όρωμένης
1679 1317 1774 1369 καὶ

187 1406 433 1478 ἀοράτου
461 1407 753 1478 ἀνώτερον.

499 1545 506 1557 ι
616 1517 736 1576 ΞΒ.
776 1520 978 1590 Πέτρῳ
1003 1521 1345 1590 μονάζοντι.

215 1705 220 1708 ί
275 1632 611 1687 Ἐσπούδασε
659 1635 760 1704 μὲν
791 1636 834 1701 ¹ό
858 1633 918 1699 ἐξ
968 1635 1142 1706 ἀρχῆς
1175 1636 1274 1706 τῆς
1321 1636 1382 1689 ὲν
1428 1638 1620 1710 εἰρήνῃ
1666 1655 1768 1693 κα·

188 1724 512 1789 ταστάσεως
552 1723 654 1796 τῆς
688 1725 1033 1798 ἀνθρωπίνης
1053 1727 1198 1796 ζωῆς
1242 1728 1501 1800 πολέμιος
1533 1730 1604 1784 τά
1637 1747 1770 1785 συν-

193 1815 304 1889 ήθη
356 1818 536 1888 ἑαυτῷ
589 1817 1054 1890 πονηρεύσασθαι,
1142 1819 1235 1874 καὶ
1284 1821 1612 1892 διαταράξαι
1669 1821 1770 1896 τὴν
1801 1865 1844 1922 Β

197 1908 355 1978 ὑμῶν
404 1909 558 1978 ἱερὰν
610 1909 884 1980 ποίμνην’
936 1910 1031 1962 καὶ
1063 1909 1192 1973 ἴσως
1225 1910 1346 1964 οὐδὲ
1395 1910 1770 1983 προαιρέσεως

195 2000 328 2055 εντα
353 2000 609 2071 τοιαύτης
641 2000 732 2054 τὸν
763 1999 1050 2072 ἄνθρωπον
1079 2001 1308 2064 ἐκεῖνον,
1338 2001 1432 2055 τὸν
1466 2003 1764 2078 βίλαρίωνα

195 2093 361 2162 φημὶ,
409 2093 531 2156 ταῖς
579 2091 810 2155 οἰκείαις
868 2091 1142 2162 μεθοδίαις
1188 2093 1407 2165 ἐκίνησε
1463 2094 1767 2151 σκάνδαλον

191 2186 327 2256 ὑμῖν
365 2184 644 2254 γενέσθαι.
692 2185 884 2255 Ὅμως
953 2184 1010 2238 δὲ
1055 2185 1230 2255 ό-τὴν
1285 2188 1507 2258 εἰρήνην
1565 2187 1769 2260 κλῆρον

191 2273 512 2330 καταλιπὼν
558 2278 668 2340 τοῖς
716 2275 1004 2341 ἀγαπῶσιν
1042 2274 1224 2339 αὑτὸν,
1263 2277 1374 2330 εἴτε
1415 2279 1765 2352 ἀνθρωπίνης

191 2367 551 2440 κουφότητος,
584 2367 696 2420 εἴτε
741 2367 1068 2438 δαιμονικῆς
1117 2366 1383 2439 ἐπηρείας
1431 2358 1515 2422 ἰδ’
1543 2373 1778 2440 γεγονὸς

193 2458 460 2530 ὑπῆρξεν,
494 2461 678 2513 ἐκεῖνα
699 2457 965 2524 διέλυσεν,
999 2460 1127 2530 ὑμῖν
1151 2461 1209 2514 δὲ
1235 2462 1479 2532 παρέσχε
1518 2463 1578 2516 τὸ
1609 2465 1767 2534 είρη-

195 2547 396 2602 νεύειν.
443 2547 554 2600 Καὶ
587 2548 678 2601 ἐπὶ
715 2546 876 2602 τοῦτο
922 2548 1021 2618 μὲν
1059 2550 1218 2622 χάριν
1267 2551 1639 2622 ὁμολογοῦμεν
1686 2554 1764 2625 τῷ

195 2641 342 2711 ἁγίῳ
374 2640 512 2712 Θεῷ,
552 2641 682 2710 ὑμῖν
726 2640 782 2693 δὲ
812 2641 904 2694 καὶ
932 2645 1102 2712 χωρὶς
1133 2643 1240 2695 τῶν
1276 2645 1560 2714 ἡμετέρων
1593 2644 1766 2715 λόγων

192 2731 416 2797 εἰδόσιν,
461 2725 552 2785 οἶα
600 2731 664 2804 δὴ
701 2732 978 2803 ῐινεῦματι
1022 2732 1156 2786 Θεοῦ
1209 2735 1664 2805 κυδερνωμένοις,
1692 2738 1768 2801 ὡς

193 2819 314 2873 ἔστι
343 2820 460 2874 δέον
499 2821 1004 2892 προσφέρεσθαιτῷ
1057 2821 1349 2894 ἀνθρώπῳ,
1397 2825 1682 2896 γράφομεν
1730 2825 1765 2880 ἀ

192 2911 537 2982 γινώσκομεν
566 2912 662 2967 καὶ
697 2915 766 2984 τῇ
801 2915 868 2984 σῇ
899 2914 1140 2986 ὁσιότητι
1169 2917 1471 2986 πρέποντα,
1520 2919 1764 2991 κάκείνῳ

195 3006 441 3076 σωτήρια
481 3005 612 3062 ὄντα
650 3005 748 3060 καὶ
790 3006 1141 3078 συμφέροντα
1168 3007 1262 3062 τοῦ
1291 3010 1366 3079 μὴ
1408 2989 1599 3080 ὥσπερ
1656 2989 1765 3065 άπ-

190 3095 530 3167 σξετώμένον
558 3097 722 3152 αὑτὸν
777 3096 945 3169 ἔχειν,
998 3099 1132 3171 μηδὲ
1179 3100 1276 3170 τῆς
1334 3104 1434 3172 σῆς
1484 3101 1764 3172 ἀλλότριον

1876 593 2004 634 nam
2063 588 2298 635 vestram
2380 579 2707 650 sapientiam
2787 587 2844 636 et
2919 589 3158 636 vestram
3215 581 3269 637 in
3359 598 3460 641 nos

1875 672 2144 727 sinceram
2175 669 2542 736 dilectionem,
2591 680 2644 726 et
2669 679 2928 741 quantam
2965 671 3020 726 in
3056 671 3149 728 Dei
3183 673 3460 728 Ecclesia’s

1875 760 2048 817 babes
2094 761 2438 831 religionem,
2499 770 2759 832 tanquam
2816 757 2982 818 homo
3035 762 3130 834 qui
3181 762 3352 819 Deum
3404 774 3458 820 et

1874 853 2158 922 cognoscit
2183 862 2233 908 et
2259 844 2568 920 reveretur,
2616 861 2672 910 et
2695 853 2800 908 scit
2841 852 2932 908 Dei
2966 855 3131 910 etiam
3183 853 3453 910 honorem

1877 959 1986 1000 non
2009 959 2131 1000 esse
2151 945 2271 1000 sine
2298 945 2482 1015 aliqua
2517 954 2700 1010 metu;
2726 945 3008 1001 nescimus
3033 951 3275 1002 enimvan
3305 948 3456 1002 illum

1873 1030 2054 1091 debite
2102 1037 2458 1092 honoremus.
2500 1035 2656 1091 lllum
2712 1044 2896 1092 autem
2929 1036 3208 1109 offendere
3251 1047 3458 1109 quanto

1875 1128 2051 1199 magis
2103 1129 2604 1200 pertimescendum
2653 1139 2708 1184 et
2741 1107 3188 1185 formidandum!
3243 1107 3458 1187 Incolu-

1876 1235 2020 1274 mem
2081 1227 2133 1276 te
2181 1227 2364 1276 servet
2414 1219 2700 1286 Dominus,
2757 1219 2908 1276 omni
2961 1220 3108 1277 malo
3149 1221 3352 1277 visibili
3397 1231 3454 1278 et

1875 1309 2142 1366 invisibili
2173 1311 2538 1382 superiorem.

2231 1501 2238 1509 δ
2280 1501 2284 1508 ’
2323 1515 2497 1588 LXII.
2525 1517 2689 1574 Petro
2723 1519 2993 1576 solitario.

1938 1630 2184 1687 Conatus
2214 1637 2297 1686 est
2325 1631 2546 1702 quidem
2577 1631 2670 1688 ille
2699 1632 2794 1705 qui
2831 1635 2900 1687 ab
2935 1633 3095 1689 initio
3126 1643 3213 1690 est
3241 1633 3456 1706 pacifici

1870 1731 2046 1777 status
2077 1723 2330 1778 humana
2378 1722 2504 1779 vita:
2537 1722 2713 1783 hostis
2756 1724 2921 1781 solita
2972 1725 3118 1781 mala
3154 1740 3452 1797 peragere,

1871 1822 2227 1882 vestrumque
2275 1827 2496 1878 sacrum
2540 1829 2758 1886 gregem
2810 1815 3170 1888 perturbare;
3225 1817 3456 1873 ethunc

1870 1903 1964 1974 qui
1999 1904 2140 1960 forte
2170 1919 2279 1959 non
2305 1911 2424 1960 erat
2477 1905 2790 1962 istiusmodi
2815 1907 3119 1964 voluntatis
3150 1907 3455 1975 hominem,

1871 1993 2205 2050 Hilarionem
2259 1995 2524 2065 inquam.
2600 1996 2716 2054 suis
2779 1995 3068 2054 fraudibus
3117 1996 3335 2069 impulit
3394 2007 3480 2057 ut.

1871 2084 2190 2142 scandalum
2235 2086 2392 2143 vobis
2425 2087 2600 2144 fleret.
2661 2089 2919 2145 Attamen
2968 2089 3062 2146 ille
3110 2091 3206 2160 qui
3262 2105 3452 2162 pacem

1870 2178 2093 2249 reliquit
2124 2178 2492 2234 baareditatem
2541 2179 2892 2252 diligentibus
2925 2195 3004 2248 se,
3033 2181 3152 2237 sive
3200 2181 3455 2238 humana:

1870 2271 2104 2328 levitatis
2137 2271 2256 2328 sive
2287 2270 2577 2327 diabolicae
2616 2270 2842 2327 malitia:
2872 2285 3014 2342 opus
3075 2273 3357 2346 superavit
3397 2281 3454 2330 et

1869 2361 2141 2426 dissolvit,
2174 2362 2442 2432 vobisque
2479 2362 2625 2418 dedit
2648 2362 2704 2418 in
2734 2377 2868 2433 pace
2897 2362 3115 2434 degere.
3155 2363 3220 2419 Et
3246 2364 3314 2419 de
3346 2363 3453 2420 liae

1871 2466 1931 2505 re
1962 2451 2166 2520 gratias
2202 2449 2311 2506 Deo
2344 2461 2534 2508 sancto
2563 2452 2924 2522 confitemur;
2961 2442 3116 2511 vobis
3144 2464 3326 2510 autem
3351 2457 3452 2528 qui

1869 2543 2033 2598 etiam
2073 2543 2279 2613 absque
2328 2544 2677 2601 sermonibus
2724 2546 2930 2604 nostris
2955 2533 3136 2614 scitis,
3182 2549 3385 2620 utqui
3415 2565 3446 2604 τι

1871 2632 2080 2702 Spiritu
2115 2634 2208 2690 Dei
2237 2635 2536 2703 ducimini;
2585 2637 2862 2706 quomodo
2894 2648 3145 2708 oporteat
3180 2641 3235 2696 in
3270 2643 3449 2700 homio

1869 2739 1991 2779 nem
2039 2741 2100 2780 se
2157 2740 2364 2796 gerere,
2411 2727 2705 2782 scribimus
2749 2743 2873 2799 qua:
2923 2731 3176 2786 novimus
3228 2743 3282 2788 et.
3339 2743 3449 2790 tua

1828 2860 1833 2865 .
1870 2815 2151 2872 sanctitati
2184 2830 2452 2885 congrua,
2481 2827 2535 2872 et
2561 2817 2638 2871 illi
2665 2817 2929 2874 salutaria
2956 2828 3014 2874 et
3040 2822 3216 2892 utilia,
3250 2840 3446 2896 nempe

1869 2916 1930 2960 ut
1959 2921 2083 2960 eum
2121 2919 2229 2960 non
2257 2915 2316 2960 ut
2344 2917 2660 2962 extraneum
2697 2909 2922 2976 habeas,
2977 2926 3156 2983 neque
3194 2922 3302 2971 tua:
3333 2917 3450 2986 spi-

1869 2999 2048 3054 ritalis
2077 2997 2465 3055 benevolentia
2504 3000 2781 3068 alienum;
2836 3002 2934 3058 sed
2975 3003 3128 3061 licet.
3153 3021 3278 3062 eum
3334 3023 3446 3064 non

1868 3090 2115 3161 permisit
2165 3105 2378 3146 morum
2427 3091 2840 3160 dissimilitudo,
2892 3103 2951 3149 ut
2987 3110 3131 3166 saepe
3160 3097 3222 3151 fit
3251 3097 3306 3154 ln
3343 3100 3448 3156 bu-

195 3190 576 3258 πνευματικῆς
600 3176 858 3260 σχέσεως.
894 3187 1035 3244 ’ἀλλ’
1063 3193 1111 3245 εἰ
1151 3191 1246 3245 καὶ
1277 3192 1352 3262 μὴ
1387 3193 1766 3265 συνεχώρησεν

1871 3183 2052 3239 maliis
2080 3184 2263 3250 rebus,
2301 3197 2530 3252 corpore
2574 3193 2893 3241 conversari
2947 3196 3004 3242 et
3026 3188 3322 3247 convivere
3351 3207 3450 3248 vo-

193 3279 362 3332 αὐτὺν
403 3281 438 3350 ἡ
485 3278 582 3334 τοῦ
635 3280 835 3352 τρόπου
893 3281 1272 3354 ἀνομαλότης,
1333 3279 1424 3337 οἶα
1479 3285 1652 3340 πολλὰ
1695 3287 1766 3340 τὰ

193 3367 548 3440 ἀνθρώπινα,
610 3373 940 3442 σωματικῶς
1005 3375 1244 3427 συνεῖναι
1304 3374 1401 3428 καὶ
1457 3375 1767 3445 συνδιάγειν

194 3459 364 3530 ὑμῖν,
407 3459 545 3525 τέως
595 3462 698 3534 τῆς
746 3466 1122 3536 πνευματικῆς
1179 3466 1433 3536 ἑνότητος
1493 3467 1570 3538 μὴ
1623 3465 1767 3522 εῐναι

194 3552 631 3622 κεχωρισμένον·
657 3552 858 3608 αὐτόν’
915 3553 1034 3608 ἀλλ’
1087 3556 1236 3618 ὅπως
1296 3557 1364 3610 ἂν
1405 3553 1462 3629 ᾖ,
1503 3560 1605 3628 τὴν
1665 3560 1767 3629 σὴν

193 3641 472 3713 πατρικὴν
506 3640 830 3714 κηδεμονίαν
848 3643 1165 3712 διαϐαίνειν,
1205 3646 1300 3700 καὶ
1327 3647 1436 3701 τῶν
1466 3647 1576 3702 σῶν
1592 3665 1766 3720 προσ-

194 3733 374 3802 ευχῶν
399 3735 492 3787 καὶ
535 3732 939 3805 παραινέσεων,
981 3736 1050 3790 δι’
1077 3731 1152 3792 ὧν
1183 3737 1320 3808 πρὸς
1349 3740 1452 3808 την
1483 3741 1762 3812 μακαρίαν

151 3852 158 3858 -
196 3826 294 3878 καὶ
326 3825 406 3888 εις
437 3824 583 3897 ζωὴν
606 3825 848 3895 ἄγουσαν
873 3825 992 3879 ὁδὸν
1034 3826 1449 3894 κατευθύνεται,
1486 3829 1561 3900 μὴ
1593 3832 1761 3900 ἀμοι-

195 3921 315 3991 ρεῖν
348 3920 532 3986 αὑτὸν,
569 3920 704 3992 μηδὲ
748 3920 1134 3990 ἀποκήρυκτον
1161 3919 1258 3974 τοῦ
1295 3919 1534 3990 μεγάλου
1566 3923 1761 3976 τούτου

1859 3277 2105 3350 δίδωσι,
2151 3291 2260 3331 non
2312 3286 2492 3331 tamen
2547 3276 2753 3333 unione
2799 3277 3033 3347 spiritali
3085 3281 3448 3351 excludatur;

1869 3370 1962 3426 sed
1992 3368 2494 3439 quomo’docunque
2527 3372 2620 3433 sit,
2654 3379 2802 3425 tuam
2836 3370 2944 3441 ipsi
3007 3382 3292 3443 paternam
3328 3373 3448 3428 sol-

1867 3461 2204 3517 licitudinem
2252 3459 2578 3526 transferas,
2629 3470 2682 3516 et
2737 3468 2960 3516 tuarum
2994 3477 3215 3532 precum
3248 3461 3447 3519 exhor-

1867 3557 2270 3626 tatiouumque,
2304 3571 2400 3626 per
2422 3570 2558 3624 quas
2585 3555 2652 3610 ad
2680 3555 2892 3610 beatam
2923 3564 2976 3612 et
3003 3571 3134 3627 qua
3161 3557 3228 3613 ad
3266 3559 3433 3612 vitam

1870 3649 2024 3703 ducit
2068 3649 2213 3704 viam
2261 3649 2549 3719 dirigatur,
2600 3663 2670 3703 ne
2715 3655 2990 3706 exsortem
3041 3649 3197 3705 illum
3249 3649 3444 3717 facias,

1867 3756 2044 3811 neque
2093 3741 2240 3796 illius
2302 3755 2518 3812 magnae
2571 3740 2910 3796 hereditatis
2963 3753 3241 3811 expertem
3309 3758 3446 3796 con-
3523 3741 3527 3745 ’

1867 3836 2084 3888 stituas.
2142 3831 2436 3887 Incolumis
2487 3831 2648 3886 nobis
2696 3831 2952 3895 serveris,
2990 3834 3278 3891 ttiemoriu
3329 3836 3448 3890 tuis

1869 3924 2076 3979 sanctis
2107 3923 2366 3992 precibus
2395 3933 2601 3978 nostra
2629 3922 2980 3978 humilitatis.

193 4016 400 4086 κλήρου
427 4015 807 4072 καθίστασθαι.
843 4015 1185 4087 Ἐρῤωμένος
1227 4016 1361 4087 ἡμῖν
1429 4016 1784 4089 διαφυλάττῃ,
1826 4021 2176 4089 μεμνημένος
2223 4022 2282 4073 ἐν
2320 4023 2442 4084 ταῖς
2509 4019 2690 4085 ὁσίαις
2741 4022 2934 4093 εὐχαῖς
2981 4036 3084 4077 σου
3127 4016 3225 4088 τῆς
3277 4013 3442 4087 ἡμῶν

191 4111 604 4184 ταπεινότητος.

551 4231 668 4287 ΞΓ.
712 4231 1036 4302 Ἐπιςρανίῳ
1057 4227 1396 4302 μονάζοντι.

215 4409 217 4412 γ
273 4348 428 4418 Ἔχει
446 4363 502 4399 τι
532 4345 668 4416 πρὸς
699 4345 892 4416 ἡδονὴν
927 4348 1022 4398 καὶ
1051 4349 1086 4415 ἠ
1116 4344 1402 4416 σωματικὴ
1439 4342 1548 4398 τῶν
1590 4343 1760 4413 φίλων

2258 4219 2438 4276 LXlll.
2469 4219 2761 4290 Epiphanio
2783 4221 3044 4276 solitario.

1938 4343 2156 4412 Aliquid
2209 4339 2419 4396 confert
2450 4341 2515 4393 ad
2543 4339 2876 4411 voluptatem
2906 4341 3204 4410 corporalis
3231 4344 3442 4400 amico-

197 4438 484 4510 συνομιλία
527 4441 594 4508 τῇ
660 4441 946 4509 σωματικῇ
1015 4438 1282 4509 συναφείᾳ
1340 4436 1576 4492 δοκοῦσα
1634 4437 1763 4499 τοὺς

1870 4451 1989 4490 rum
2035 4433 2401 4497 conversatio,
2437 4433 2640 4502 quippe
2668 4447 2790 4502 quae
2830 4433 3080 4488 videatur
3120 4435 3445 4506 conjunctos

198 4531 639 4601 συναπτομένους
698 4530 948 4600 ἡδύνειν·
1007 4529 1122 4583 ἀλλ’
1174 4529 1210 4599 ἢ
1263 4544 1327 4597 γε
1392 4527 1760 4597 πνευματικὴ,

1869 4528 2160 4583 delectare.
2202 4525 2308 4578 Sed
2375 4524 2640 4594 spiritalis
2685 4525 3054 4591 conversatio,
3107 4527 3180 4581 fili
3235 4538 3442 4594 noster,

195 4626 386 4680 τέκνον
415 4623 590 4694 ἡμῶν,
622 4621 724 4676 κᾶν
812 4623 922 4676 τῶν
952 4621 1223 4693 σωμάτων
1250 4621 1576 4688 ἀπόστασις,
1596 4622 1761 4673 πλέον

196 4716 307 4776 οἶδε
333 4718 397 4773 τὸ
426 4717 524 4788 ἡδὺ
551 4715 818 4787 πηγάζειν
850 4717 907 4768 ἑν
922 4717 1040 4784 ταῖς
1069 4713 1319 4784 καρδίαις
1362 4713 1472 4766 τῶν
1507 4713 1628 4766 κατ’
1659 4713 1761 4768 αὐ-

195 4811 297 4882 τὴν
367 4809 812 4877 συναπτομένων.
874 4807 1110 4878 Ἐχομεν
1173 4801 1267 4858 οὖν
1325 4803 1586 4874 ἀνελλιπῆ
1661 4801 1761 4872 τὴν

196 4903 516 4964 ἀπόλαυσιν,
561 4902 685 4954 ἐπεὶ
729 4901 911 4970 χάριτι
962 4898 1099 4952 Θεοῦ
1140 4899 1237 4953 καὶ
1272 4898 1546 4967 πνεύματι
1592 4897 1760 4966 ἐσμὲν

195 4994 487 5068 ὴνωμένοι.
539 4991 707 5063 μηδὲν
741 4989 852 5042 ἀπὸ
904 4990 1004 5060 τῆς
1053 4986 1373 5058 σωματικῆς
1422 4984 1761 5046 διαστάσεως

196 5086 576 5158 ζημιούμενοι.
614 5082 847 5152 Τοιαύτη
874 5080 982 5152 γὰρ
1013 5084 1046 5150 ἡ
1073 5080 1167 5134 τοῦ
1203 5079 1514 5148 πνεύματος
1557 5077 1762 5147 σχέσις,

195 5180 293 5233 καὶ
327 5177 500 5238 οὕτως
548 5171 658 5229 οἶδε
717 5176 782 5244 τῇ
816 5175 955 5228 κατά
1007 5172 1097 5226 τὸν
1153 5172 1280 5225 νοῦν
1326 5173 1593 5243 συνάφεια
1649 5172 1761 5232 τοῖς

197 5267 457 5340 καθαρῶς
489 5267 788 5338 ἡνωμένοις
836 5264 1177 5336 χαρίζεσθαι,
1206 5263 1346 5318 ὥστε
1383 5265 1431 5317 εξ
1465 5265 1557 5317 καὶ
1596 5262 1760 5315 πολέ-

197 5375 321 5432 μιος
349 5359 379 5410 ὁ
403 5355 591 5425 καιρὸς
617 5356 685 5424 τῇ
717 5357 1003 5424 σωματικῇ
1034 5354 1348 5423 ἀπήντησεν
1375 5353 1586 5422 ὁμιλίᾳ,
1605 5351 1760 5404 οὐδὲν

193 5449 475 5520 ζημιῶσαι
519 5446 837 5517 δεδύνηται·
881 5445 1099 5507 πάντως
1138 5445 1196 5497 δὲ
1245 5445 1381 5498 Θεοῦ
1432 5445 1759 5515 βουλομένου

193 5540 534 5610 συνεσόμεθα
564 5539 657 5592 καὶ
685 5537 1014 5608 σωματικῶς
1056 5536 1329 5608 ἀλλήλοις,
1360 5539 1520 5591 ὁπότε
1570 5538 1759 5591 τούτου

193 5637 293 5705 τῆς
339 5634 491 5698 θείας
526 5632 721 5703 βουλῆς
763 5631 915 5684 ἔσται
975 5629 1177 5700 κρίσις.
1226 5631 1363 5702 Περὶ
1413 5631 1470 5684 δὲ
1506 5625 1581 5688 ὧν
1627 5633 1761 5700 ἡμῖν

197 5729 299 5798 μὲν
335 5726 526 5797 ἐδήλου
558 5725 620 5778 τὸ
661 5725 918 5795 γράμμα,
961 5725 989 5775 ό
1039 5722 1094 5774 δὲ
1146 5723 1496 5794 χαρτοφύλαξ
1551 5724 1615 5773 ἑκ
1668 5721 1759 5774 τοῦ

196 5821 334 5883 πρὸς
374 5815 535 5871 αὐτὸν
565 5813 994 5886 ἀπεσταλμένου-
1011 5814 1335 5885 γράμματος
1375 5812 1557 5869 λαθὼν
1591 5815 1761 5884 ἀνήγ-

1864 4622 1991 4674 licet
2033 4633 2260 4687 corpora
2307 4632 2338 4670 ιι
2387 4631 2447 4670 se
2493 4616 2724 4670 invicem
2781 4616 3006 4682 distent,
3054 4632 3163 4671 non
3215 4619 3442 4673 minoris

1863 4705 2157 4779 voluptatis
2198 4707 2321 4762 fons
2353 4715 2438 4781 est
2468 4706 2731 4765 cordibus
2763 4723 2886 4777 qua:
2921 4722 3018 4777 per
3051 4723 3172 4763 eam
3195 4710 3446 4779 jungun-

1865 4801 2278 4857 tur.llabemus
2307 4799 2475 4868 igitur
2503 4800 2720 4869 plenam
2769 4799 3130 4871 voluptatem,
3175 4817 3298 4857 cum
3347 4802 3442 4856 Dei

1865 4892 2036 4962 gratia
2075 4891 2237 4944 etiam
2285 4890 2478 4958 spiritu
2515 4892 2789 4957 uniamur,
2825 4892 3035 4946 nullum
3074 4906 3140 4946 ex
3167 4893 3444 4964 corporali

1865 4983 2209 5052 separatione
2241 4982 2634 5037 detrimentum
2665 4983 2839 5051 passi.
2876 4982 2953 5036 Ea
2983 4991 3067 5038 est
3094 4985 3242 5039 enim
3276 4985 3445 5054 spiri-

1865 5085 1950 5130 tus
1981 5075 2202 5128 habitus
2230 5085 2284 5128 et
2312 5074 2472 5126 talem
2517 5073 2620 5128 scit
2649 5073 2882 5141 spiritali
2909 5073 3295 5144 conjunctione
3326 5076 3439 5130 sin-

1865 5182 1986 5221 cere
2020 5168 2187 5222 unitis
2211 5153 2610 5234 jucunditatem
2643 5174 2929 5236 prastare,
2960 5177 3022 5220 ut
3065 5167 3278 5223 etiamsi
3307 5167 3441 5223 belli

1867 5268 2079 5329 tempus
2121 5257 2555 5313 conversationis
2599 5255 2914 5312 facultatem
2966 5259 3182 5322 adimit,
3222 5259 3438 5315 nullum

1863 5353 2250 5406 detrimentum
2285 5350 2478 5405 alIerre
2525 5353 2785 5420 potuerit.
2824 5349 2935 5407 Deo
2985 5361 3166 5408 autem
3197 5354 3440 5421 volente,

1864 5446 1998 5499 alter
2022 5460 2146 5499 cum
2171 5446 2344 5499 altero
2377 5448 2538 5499 etiam
2581 5447 2934 5515 corporaliter
2961 5447 3435 5510 conversabimur,

1863 5539 2080 5608 quando
2123 5538 2226 5593 hoc
2259 5538 2458 5592 divina
2501 5537 2764 5592 voluntati
2800 5538 2981 5593 visum
3022 5537 3209 5593 fuerit.
3239 5537 3319 5592 De
3349 5537 3438 5594 his

1863 5643 2044 5687 autem
2090 5647 2211 5702 qua:
2257 5631 2641 5699 signiﬁcabant
2693 5631 2904 5697 littera,
2947 5642 3001 5687 et
3035 5648 3156 5702 qua:
3211 5632 3436 5686 cbartoo

1864 5725 2061 5796 phylax
2113 5739 2176 5779 ex
2227 5723 2369 5778 datis
2414 5723 2515 5778 sibi
2569 5722 2761 5779 litteris
2816 5725 3109 5790 nuntiavit,
3163 5725 3437 5792 separatio

1867 5817 2186 5874 necessario
2217 5817 2425 5884 prolata
2454 5825 2557 5872 cst.
2609 5814 2836 5885 Reliqua
2869 5824 3048 5872 autem
3090 5815 3164 5872 ita
3204 5816 3333 5874 ﬁent
3375 5822 3434 5869 ut
