4038 6354
691 280 805 345 263

695 482 1032 555 perliciendi.
1087 481 1355 535 Caeterum
1392 479 1535 541 vale,
1584 487 1782 533 nostra:
1833 475 2154 530 humilitatis
2199 476 2253 528 in

698 577 806 632 luis
835 574 1038 630 sanctis
1064 572 1318 642 precibus
1349 584 1576 626 memor.

1070 872 1255 929 LXIV.
1298 871 1566 943 Tryphoni
1601 870 1873 926 monacho.

757 1015 1076 1074 Gaudemus
1098 1012 1245 1086 quod
1280 1010 1540 1067 sanctitas
1572 1018 1754 1064 vestra
1786 1009 1841 1062 in
1874 1014 2021 1062 tanta
2048 1005 2255 1063 sollici-

685 1112 875 1166 tudine
908 1124 1009 1164 nos
1054 1107 1287 1169 habeat;
1341 1118 1469 1159 nam
1499 1110 1550 1157 et
1584 1102 1687 1157 hoc
1716 1115 1970 1170 magnum
2003 1108 2088 1154 est
2113 1099 2258 1154 sola-

692 1206 829 1259 :ium
857 1203 1099 1266 obtritis,
1134 1199 1277 1254 sicut
1307 1206 1361 1251 et
1390 1196 1725 1253 contrarium
1758 1194 2105 1249 vehementer
2124 1207 2259 1247 con-

686 1398 742 1444 et
787 1386 1066 1457 Scriptura
1107 1382 1284 1437 dicit:
1324 1398 1345 1433 ι
1395 1378 1461 1434 Et
1505 1376 1741 1432 sustinui
1783 1376 1878 1442 qui
1928 1373 2089 1429 simul
2123 1388 2259 1427 con-

686 1483 1023 1542 tristaretur,
1068 1484 1124 1546 et
1165 1489 1274 1529 non
1313 1471 1453 1537 fuit;
1501 1468 1870 1532 consolantes,
1918 1473 1973 1520 et
2018 1478 2127 1518 non
2170 1463 2258 1516 in-

686 1661 821 1717 facit
844 1674 985 1715 onus
1020 1650 1383 1728 quibus'illud
1409 1650 1618 1707 ferendi
1646 1649 1943 1703 necessitas
1971 1642 2257 1700 incumbit.

689 1840 803 1896 Deo
859 1846 1051 1894 sancto
1087 1828 1310 1907 agimus
1357 1831 1454 1908 qui
1502 1846 1597 1885 vos
1640 1831 1712 1890 ita
1765 1826 1954 1881 movit.
2005 1825 2259 1878 Attamen

692 1928 929 2002 procella
965 1942 1089 1996 qua
1117 1927 1188 1979 ob
1217 1932 1440 1995 peccata
1476 1931 1663 1976 nostra
1694 1919 1762 1973 ab
1807 1916 1963 1972 initio
1994 1914 2150 1970 nobis
2173 1914 2261 1967 in-

689 2032 799 2093 stat
851 2020 1213 2076 nihilominus
1269 2017 1448 2070 adhuc
1497 2013 1673 2078 saevit,
1730 2026 1857 2065 cum
1911 2015 2261 2080 peccatorum

690 2102 1006 2168 nostrorum
1050 2111 1230 2164 nubes
1270 2120 1596 2177 magnopere
1630 2102 1991 2165 concreverit,
2030 2100 2263 2154 necdum

692 2179 1024 2258 solutionem
1055 2214 1085 2253 a
1120 2188 1309 2253 divina
1343 2194 1718 2251 benevolentia
1756 2193 2065 2262 acceperit;
2097 2202 2262 2259 quam

694 2302 754 2348 tu
788 2291 993 2348 sanctis
1022 2288 1277 2360 precibus
1308 2286 1518 2342 ﬂectas.
1560 2283 1727 2340 Forte
1766 2285 1892 2339 se'ro
1922 2283 2138 2337 tandem
2175 2294 2265 2333 se-

698 2380 985 2435 renitatem
1037 2376 1189 2432 dabit
1237 2375 1396 2430 nobis
1452 2374 1629 2428 bonus
1680 2372 1844 2437 Deus,
1895 2380 1949 2426 et
1993 2369 2266 2439 respirare

693 2469 954 2524 concedet
995 2482 1152 2524 suam
1201 2464 1504 2520 Ecclesiam
1546 2463 1616 2517 ab
1658 2476 1721 2517 ea
1765 2476 1872 2533 qua
1922 2469 2132 2516 tenetur
2163 2474 2267 2513 an-

694 2560 894 2631 gusﬁa.

937 2776 939 2779 '
1033 2756 1196 2815 LXV.
1229 2757 1427 2812 Joanni
1459 2758 1702 2826 episcopo
1728 2757 1925 2815 Amisi.

767 2891 898 2948 Tute
924 2893 1242 2948 sanctitatis
1265 2892 1457 2946 litterae
1478 2891 1753 2961 duplicem
1781 2890 1938 2945 nobis
1960 2888 2267 2957 injecerunt

700 3000 946 3047 sensum.
1017 2998 1087 3037 ex
1139 2983 1391 3054 opposita
1447 2997 1616 3037 causa
1673 2982 2073 3053 procedentem.
2132 2979 2269 3035 Hinc

1240 356 1245 357 γ
1873 271 2177 333 NICOLAI
2214 272 2321 331 Cl’.
2364 272 2637 332 PATllIA
2650 271 2868 331 RCILE

693 410 726 448 a
761 391 922 447 nobis
957 389 1221 457 scriptum
1243 396 1328 443 est
1357 387 1423 440 ad
1450 400 1543 441 eos
1569 385 1661 454 qui
1690 384 1866 439 idonei
1896 394 2021 438 sunt
2040 383 2259 452 scriptis

2369 385 2561 452 γειλεν,
2594 386 2627 452 ἠ
2658 383 2890 437 δοκοῦσα
2919 384 3149 453 πρέπειν
3184 384 3443 456 ἐξηνέχθη
3472 386 3759 449 διάστασις
3783 402 3796 415 σ
3836 383 3934 440 καλ

3821 274 3931 336 264

2360 472 2545 526 λοιπὸν
2603 473 2746 526 οὕτω
2800 475 3089 544 γενήσεται
3118 475 3300 540 καθὼς
3328 477 3458 547 παρ’
3481 478 3483 480 ’
3507 477 3668 545 ἡμῶν
3705 477 3933 545 ἐγράφη

2359 567 2471 629 τοῖς
2503 566 2643 619 κατά
2694 564 2878 636 λώραν
2914 568 3117 631 ἱκανοῖς
3172 565 3292 622 οὖσι
3340 569 3563 623 διοικεῖν
3596 568 3666 622 τά
3715 569 3935 639 γραφό-

2364 675 2523 726 μενα.
2553 658 2633 711 Τά
2671 657 2716 710 δ’
2736 658 2869 713 ἀλλα
2901 658 3110 731 ἐρῤωσύ
3145 676 3234 731 μοι
3265 662 3363 731 τῆς
3403 661 3560 731 ἡμῶν
3588 662 3933 731 ταπεινότηο

2358 766 2450 811 τος
2478 750 2535 802 ἐν
2560 750 2683 812 ταῖς
2709 750 2888 814 ὁσίαις
2916 751 3103 820 εὐχαῖς
3132 768 3226 805 σου
3260 754 3633 823 μεμνημένος.

2774 856 2891 917 EA’.
2930 861 3192 930 Τρύφωνι
3229 860 3494 932 μοναχῷ.

2427 1004 2706 1076 Χαίρομεν
2734 1006 2819 1076 ἐφ’
2849 1002 2985 1079 οἵςη
3012 982 3229 1078 ὁσιύτης
3262 1009 3419 1079 ὐμῶν
3455 1010 3598 1064 οὕτω
3635 1011 3724 1065 διὰ
3761 1028 3942 1083 φρον-

2356 1093 2499 1157 τίδος
2527 1094 2639 1165 εχει
2664 1095 2866 1165 πολλῆς
2903 1099 2973 1149 τὰ
3000 1099 3246 1169 ἡμέτερα
3266 1115 3281 1130 °
3316 1099 3439 1153 ἐπεὶ
3470 1101 3565 1154 καὶ
3595 1100 3759 1154 τοῦτο
3783 1101 3941 1169 μέγα

2360 1187 2711 1256 παραμύθιον
2768 1192 2879 1252 τοῖς
2928 1188 3295 1259 θλιϐομένοις,
3342 1189 3533 1263 ὥσπερ
3592 1192 3659 1263 δὴ
3714 1196 3815 1245 καὶ
3881 1194 3944 1245 τὸ

685 1299 867 1353 trislat
905 1310 1000 1350 eos
1040 1292 1133 1361 qtti
1165 1290 1326 1344 talem
1354 1291 1610 1343 invocant
1643 1286 1998 1340 voluntatem.
2041 1282 2114 1337 De
2147 1298 2257 1353 quo

2369 1277 2606 1331 ἐναντίον
2645 1279 2892 1349 σφοδρῶς
2928 1282 3053 1352 ἀνιᾷ
3085 1281 3212 1345 τοὺς
3239 1283 3322 1345 είς
3359 1284 3712 1354 παράκλησιν
3746 1284 3945 1336 rotati-

2362 1386 2459 1439 της
2482 1373 2873 1440 προαιρέσεωςο
2911 1374 3040 1444 περὶ⁵
3066 1368 3126 1428 οὗ
3157 1375 3333 1429 καὶτὸ
3352 1376 3550 1442 Δόγιον
3574 1375 3731 1447 φη¹σὶ,
3768 1396 3791 1429 s
3821 1379 3942 1430 Καὶ

2363 1459 2633 1529 ὑπέμεινα
2681 1462 3120 1532 συλλυπούμενον
3154 1466 3249 1519 καὶ
3288 1466 3387 1535 οὐχ
3415 1466 3648 1535 ὑπῆρξε*
3686 1468 3790 1520 καὶ
3823 1486 3943 1521 πα·

686 1571 809 1627 veni
836 1571 876 1622 ⁸.
928 1553 947 1620 ἐ
1008 1569 1069 1621 ln
1114 1564 1371 1622 omnibus
1416 1560 1563 1616 enim
1614 1556 2040 1614 communicatio
2087 1552 2259 1608 levius

2369 1551 2762 1623 ρακαλοῠντας,
2794 1556 2888 1607 καὶ
2904 1556 3003 1625 οὐχ
3032 1555 3211 1627 εὖρον.
3240 1576 3259 1609 s
3308 1559 3394 1611 Ἐν
3411 1560 3574 1613 παντὶ
3609 1560 3717 1631 γὰρ
3743 1577 3946 1614 κοινω-

2363 1644 2452 1697 νία
2478 1645 2808 1717 κουφότερον
2838 1650 2985 1700 ποιεῖ
3007 1648 3068 1700 τὸ
3095 1649 3257 1719 βάρος
3287 1650 3396 1703 τῶν
3418 1651 3666 1722 ἀνάγκην
3694 1654 3943 1722 ἐχόντων

688 1751 884 1822 igitur,
912 1757 973 1804 ut
990 1749 1126 1811 dixi,
1157 1742 1468 1815 hujusmodi
1494 1740 1693 1813 gaudio
1720 1737 1954 1819 l‘rulmur
1978 1743 2033 1789 et
2052 1734 2258 1804 gratias

2369 1737 2550 1806 φέρειν
2582 1737 2735 1791 αὐτό.
2769 1739 2856 1802 Ὠς
2886 1736 2978 1793 οὖν
3005 1741 3141 1811 ἔφην
3168 1744 3344 1812 χαρᾶς
3373 1744 3431 1797 ἐν
3462 1744 3636 1814 τούτῳ
3656 1745 3739 1816 τῷ
3774 1747 3943 1815 μέρει

2361 1826 2731 1898 ἀπολαύομεν,
2764 1831 2859 1883 καὶ
2906 1832 3340 1903 εὐχαριστοῦμεν
3380 1834 3459 1903 τῷ
3502 1834 3645 1903 ἁγίῳ
3685 1834 3815 1905 Θεῷ
3859 1836 3940 1905 τῷ

2362 1916 2521 1971 τοῦτο
2569 1919 2712 1988 ὑμᾶς
2753 1922 3119 1988 συγκινοῦντι.
3176 1923 3323 1994 Πλὴν
3352 1926 3379 1976 6
3407 1926 3612 1995 χειμὼν
3641 1928 3670 1979 6
3698 1926 3797 1980 διὰ
3843 1928 3942 1989 τάς

2363 2010 2639 2079 ἁμαρτίας
2668 2010 2823 2080 ἡμῶν
2848 2013 2908 2078 ἐξ
2941 2014 3113 2083 ἀρχῆς
3140 2016 3271 2085 ⁴ἡμῖν
3312 2015 3745 2087 ἐπιτεθειμένος,
3784 2018 3939 2071 οὐδὲν

2364 2100 2584 2156 ἔλαττον
2618 2104 2709 2156 καὶ
2742 2104 2824 2157 ἔτι
2864 2106 3134 2175 χειμάζει,
3169 2107 3387 2170 πάντως
3434 2107 3530 2161 τοῦ
3580 2109 3787 2179 νέφους
3833 2109 3940 2161 τῶν

2364 2193 2652 2263 ἡμετέρων
2688 2194 3026 2263 σφαλμάτων
3053 2196 3254 2267 πολλὴν
3286 2199 3382 2267 τὴν
3413 2199 3693 2252 πύκνωσιν
3725 2190 3936 2266 κεκτη-

2370 2283 2553 2353 μένου,
2587 2286 2681 2337 καὶ
2720 2283 2873 2339 οὔπω
2918 2286 3017 2353 si);
3051 2287 3236 2359 θεῖκῆς
3287 2290 3575 2359 εὐμενείας
3603 2276 3801 2344 λαὸεῖν
3844 2290 3938 2357 τὴν

2366 2375 2518 2429 λύσιν
2548 2375 2851 2439 ἐθέλοντο;’
2892 2377 2957 2448 ην
2982 2380 3104 2441 ταῖς
3132 2383 3251 2444 σαῖς
3287 2380 3461 2445 ὁσίαις
3488 2380 3691 2445 ἐξιλέου
3718 2381 3935 2448 εὐχαῖς.

2368 2466 2645 2535 Ἴσωςόψέ
2689 2483 2821 2519 ποτε
2863 2468 3021 2521 δώσει
3056 2468 3273 2539 αίθρίαν
3310 2472 3441 2540 ἡμῖν
3468 2473 3497 2523 6
3528 2470 3937 2540 Φιλάνθρωπος,

2368 2556 2462 2611 καὶ
2485 2558 2820 2612 ἀναπνεῦσαι
2849 2560 3124 2629 παράσχοι
3150 2562 3249 2631 τὴν
3283 2560 3615 2632 Ἐκκλησίαν
3655 2563 3761 2632 τῆς
3812 2579 3935 2614 συν-

2370 2647 2493 2717 εχού
2502 2664 2601 2718 σης
2626 2646 2795 2701 αὐτοῦ
2822 2650 3213 2722 χαλεπότητος.
3652 2644 3655 2645 ν

2612 2761 2733 2817 EE’.
2782 2763 2940 2819 'der
2952 2781 3029 2833 νη
3062 2766 3372 2834 ἐπισκόπφ
3410 2770 3683 2838 Ἀμίσου.

2439 2897 2514 2950 Τὸ
2562 2896 2796 2967 γράμμα
2859 2898 2959 2968 τῆς
3020 2898 3175 2969 ὑμῶν
3226 2887 3507 2970 ὁσιότητος
3549 2902 3750 2975 διπλῆν
3812 2907 3936 2975 ἡμῖν

2371 2987 2655 3056 ἐνεποίησε
2698 2982 2799 3058 τὴν
2837 2987 3081 3041 διάθεσιν
3114 2991 3172 3056 ἐξ
3222 2992 3481 3044 ἐναντίων
3520 2996 3934 3065 προερχομένην

701 3077 848 3132 cnim
890 3074 1133 3129 laetitiam
1172 3075 1528 3143 comparavit,
1575 3076 1717 3145 quod
1742 3076 1867 3127 vita:
1902 3080 2095 3127 vestra:
2123 3072 2269 3126 noti-

2369 3078 2479 3177 τιῖιν
2505 3078 2813 3183 ιάφορμῶν.
2868 3079 2933 3131 Ἦ
2964 3080 3065 3149 μὶν
3094 3080 3201 3150 γὰρ
3264 3083 3641 3152 παρεσκεύαζε
3696 3088 3929 3156 χαίρειν.

704 3169 833 3223 tiam
862 3166 1021 3223 nobis
1046 3165 1451 3231 manifestavit;
1481 3165 1607 3219 hinc
1634 3174 1815 3218 autem
1846 3164 2060 3221 dolendi
2087 3162 2267 3217 locum

702 3261 853 3325 fecit,
888 3259 1035 3330 quod
1064 3258 1357 3314 didicimus
1386 3269 1439 3313 te
1477 3271 1588 3326 prae
1612 3256 1866 3311 violentis
1889 3264 1943 3310 et
1966 3255 2270 3313 ambitiosis

666 3347 1016 3426 .lnl’eriorem
1038 3348 1380 3411 discessisse,
1404 3349 1531 3402 dum
1558 3347 1757 3401 malam
1788 3347 1865 3400 illi
1890 3344 2270 3415 funestamque

703 3440 993 3496 victoriam
1020 3438 1361 3493 retulissent.
1391 3437 1529 3495 lllud
1557 3447 1738 3492 autem
1768 3446 2102 3508 reputantes,
2125 3438 2297 3506 quod-

704 3531 800 3588 Dei
840 3532 1018 3603 gratia
1062 3530 1271 3586 nullum
1306 3530 1466 3585 bonae
1500 3530 1797 3584 voluntatis
1825 3539 1880 3583 et
1914 3530 2081 3583 studii
2106 3526 2272 3583 detri-

704 3618 1162 3691 mentum'passa
1208 3630 1292 3675 est
1325 3630 1415 3674 tua
1450 3622 1654 3687 virtus;
1704 3635 1807 3676 nec
1846 3631 1994 3675 certe
2020 3621 2268 3675 laborum

706 3726 848 3784 quos
897 3728 994 3781 per
1033 3710 1307 3766 dlliieilem
1343 3712 1487 3764 viam
1528 3710 1743 3765 subiisti
1776 3710 2078 3764 mercedem
2102 3724 2132 3762 a
2160 3710 2271 3764 Deo

705 3805 803 3860 tibi
836 3804 1200 3874 abripuerunt
1239 3804 1335 3872 qui
1384 3802 1673 3859 victoriam
1722 3799 1975 3855 retulisse
2019 3800 2122 3854 sibi
2167 3799 2269 3854 visi

704 3905 858 3963 sunt,
906 3895 1338 3951 consolationem
1383 3909 1494 3950 non
1536 3892 1805 3948 modicam
1852 3893 2159 3946 invenimus
2203 3905 2271 3945 ne

707 3986 1060 4041 doleremus:
1088 3983 1233 4054 quod
1260 3992 1317 4038 et
1346 3992 1452 4037 tua:
1478 3983 1571 4037 list
1592 3983 1776 4036 virtuti
1798 3997 1939 4051 quae,
1965 3981 2057 4036 Dei
2075 3981 2268 4050 gratia,

709 4077 896 4131 omnia
938 4075 1166 4129 materia
1216 4074 1385 4127 libera
1434 4082 1519 4128 est
1560 4081 1615 4127 et
1660 4073 1728 4126 ad
1776 4073 1892 4127 sola
1922 4072 1976 4125 in
2004 4084 2269 4126 aeternum

707 4176 987 4223 reservata
1037 4166 1190 4221 lucra
1215 4154 1494 4220 (intendit.
1536 4163 1973 4220 Contumeliosos
2004 4172 2187 4219 autem
2217 4172 2271 4217 et

706 4259 1004 4324 derisores,
1037 4250 1355 4327 quicunque
1392 4256 1524 4319 sint,
1555 4270 1677 4309 cum
1709 4256 1901 4309 iisdem
1926 4254 2270 4309 contumeliis

707 4360 763 4406 et
793 4348 1165 4406 derisionibus
1198 4346 1266 4400 ad
1309 4345 1541 4400 nihilum
1566 4346 1910 4409 reducamus,
1937 4345 2085 4399 nullo
2110 4344 2271 4399 modo

2367 3166 2468 3235 τῆς
2497 3167 2770 3238 ὑμετέρας
2801 3167 2947 3236 ζωῆς
2975 3170 3078 3237 τὴν
3117 3170 3319 3237 γνῶσιν
3350 3173 3479 3241 ἡμῖν
3514 3174 3914 3243 ἐμφανίζουσα·

2369 3260 2403 3327 ὴ
2434 3258 2489 3309 δέ
2530 3259 2591 3309 τὸ
2619 3258 2908 3312 λυπεῖσθαι
2956 3262 3238 3332 προεξένει
3267 3277 3281 3293 ⁸
3330 3262 3399 3315 δι’
3448 3258 3523 3317 ὧν
3554 3265 3925 3335 ἐμανθάνομει

2368 3348 2444 3412 ὡς
2479 3350 2629 3418 παρά
2660 3349 2772 3402 τῶν
2801 3348 2991 3419 βιαίων
3014 3354 3106 3404 καὶ⁸
3130 3354 3266 3422 πρὸς
3301 3355 3467 3421 μόνην
3490 3356 3588 3425 τὴν
3615 3355 3927 3421 πλεονεξίαν

2369 3437 2639 3507 δρώντων,
2673 3438 2733 3490 τὸ
2762 3437 2986 3491 ἔλαττον
3012 3440 3172 3502 αὐτὸς
3212 3442 3535 3510 ἀπηνέγκω,
3556 3445 3735 3514 κακὴν
3764 3446 3928 3505 ὅντως

2371 3528 2466 3581 καὶ
2530 3520 2772 3597 ὀλέθριον
2839 3528 2997 3600 νίκην
3063 3531 3285 3586 ἐκείνων
3344 3535 3735 3604 νενικηκότων
3799 3536 3930 3603 πλὴν

2368 3620 2546 3673 ἐκεῖνο
2598 3619 3014 3691 ἐνθυμηθέντες,
3049 3621 3130 3674 δτι
3178 3624 3359 3693 χάριτι
3417 3623 3551 3689 Θεοῦ
3602 3626 3757 3677 οὐδὲν
3805 3629 3929 3697 ἐζη-

2374 3710 2574 3780 μίωται
2605 3712 2638 3780 ἡ
2672 3712 2741 3782 σὴ
2787 3712 2980 3783 ἀρετὴ,
3016 3712 3117 3782 τῆς
3162 3716 3261 3784 σῆς
3304 3715 3518 3785 ἀγαθῆς
3556 3718 3928 3787 προαιρέσεως

2372 3801 2463 3854 καὶ
2488 3803 2742 3872 σπουδῆς.
2784 3802 2895 3855 Ναὶ
2922 3803 2985 3873 δὴ
3032 3804 3129 3856 καὶ
3155 3805 3247 3857 τοῦ
3283 3806 3447 3859 πόνου
3480 3798 3575 3859 καὶ
3607 3808 3715 3860 τῶν
3741 3811 3929 3880 καμά-

2370 3909 2499 3957 των,
2534 3891 2633 3957 οὓς
2661 3893 2750 3946 διά
2783 3893 2881 3961 τῆς
2914 3894 3156 3964 χαλεπῆς
3186 3896 3425 3967 ὐπέστης
3454 3898 3790 3969 ὁδοιπορίας,
3833 3903 3926 3953 οὐκ

2370 3984 2752 4055 ἀπεστέρησαν
2809 3986 2908 4055 τῆς
2983 3987 3130 4056 παρά
3195 3986 3332 4039 Θεοῦ
3396 3989 3827 4056 μισθαποδοσίας
3886 3995 3929 4043 οἱ

2372 4074 2620 4138 δόξαντες
2669 4076 3043 4145 ἀποφέρεσθαι
3092 4079 3190 4147 τὴν
3243 4079 3422 4147 νίκην,
3471 4080 3824 4149 παραμύθιον
3875 4086 3931 4133 οὐ

2376 4166 2572 4235 μικρὸν
2602 4165 2836 4236 εὕρομεν
2866 4167 2959 4220 τοῦ
2993 4168 3067 4237 μὴ
3114 4168 3421 4236 λυπεῖσθαι,
3448 4172 3584 4242 ὅπερ
3615 4176 3708 4225 καὶ
3746 4178 3820 4244 τῇ
3866 4179 3925 4241 σῇ

2372 4258 2542 4325 ἀρετῇ
2593 4257 2835 4324 γενέσθω
2889 4260 3071 4328 χάριτι
3116 4259 3249 4311 Θεοῦ
3296 4261 3476 4330 πάσης
3510 4261 3642 4333 ὐλης
3673 4263 3931 4335 ἐλευθέρᾳ

2372 4347 2735 4418 τυγχανούσῃ,
2762 4349 2854 4401 καὶ
2896 4350 3031 4420 πρὸς
3063 4351 3202 4420 μόνα
3232 4352 3299 4406 τὰ
3326 4354 3663 4422 ἀποκείμενα
3695 4357 3923 4417 ἀίων-ἔως

611 4454 615 4463 ‘
709 4445 968 4497 curantes
1006 4439 1122 4496 sive
1165 4438 1527 4494 contumelias
1558 4438 1768 4508 pluant,
1808 4438 1922 4492 sive
1949 4438 2096 4491 aliud
2137 4438 2266 4506 quid

2373 4437 2538 4507 κέρδη
2573 4438 2913 4510 ἀτενιζούσῃ.
2946 4441 3083 4504 Τοὺς
3112 4443 3169 4495 δέ
3200 4442 3462 4512 ὐὸριστὰς
3492 4446 3587 4497 καὶ
3616 4446 3849 4516 εἴρωνας
3880 4448 3927 4499 οἱ

706 4532 1015 4603 escogitent
1059 4538 1247 4586 contra
1265 4544 1385 4584 nos.
1400 4529 1667 4584 Caeterum
1692 4528 1936 4583 valet-etc
1954 4528 2111 4582 nobis
2136 4543 2270 4581 con-

711 4622 870 4677 cedat
894 4621 1037 4675 Deus
1060 4629 1305 4685 sanctus,
1334 4634 1631 4674 memorem
1681 4626 1881 4673 nostra:
1923 4618 2264 4673 humilitatis.

2375 4546 2515 4591 τινες
2544 4530 2672 4581 ποτέ
2702 4532 2807 4582 είσι
2842 4533 2975 4599 μετὰ
3007 4532 3104 4599 τῆς
3146 4534 3316 4604 αὐτῆς
3348 4535 3658 4604 δυσφημίας
3707 4538 3801 4590 καὶ
3852 4540 3923 4589 el-

2377 4620 2596 4690 ρωνίας,
2632 4622 2709 4683 είς
2740 4621 2800 4674 τὸ
2832 4625 2996 4693 μηδὲν
3025 4626 3437 4696 ἀπορρίψωμεν,
3469 4628 3738 4697 μηδεμίαν
3759 4645 3926 4697 φρον-

706 4716 831 4769 τίδα
883 4715 1220 4783 ποιούμενοι,
1274 4712 1387 4765 εῐτε
1444 4712 1736 4765 πλύνουσιν
1788 4710 2029 4780 ὕϐρεσιν,
2080 4712 2187 4764 εἴτε
2227 4729 2279 4764 τι
2319 4712 2506 4783 ἕτερον
2586 4716 2664 4777 είς
2712 4714 2953 4770 ἐπίνοιαν
2999 4720 3223 4789 φέρουσι
3280 4720 3372 4773 τοῦ
3465 4721 3588 4774 καθ’
3618 4724 3772 4792 ἡμῶν
3816 4728 3923 4779 ἐπι-

706 4805 1040 4862 δείκνυσθαι.
1093 4806 1173 4858 Τά
1202 4804 1246 4857 δ’
1273 4806 1408 4860 ἄλλα
1436 4804 1713 4876 speciosa:
1740 4823 1798 4859 σε
1836 4809 1967 4879 ἡμῖν
1994 4808 2264 4878 παράσχοι
2287 4810 2315 4861 6
2346 4808 2498 4875 ἅγιος
2529 4808 2683 4874 Θεὸς,
2716 4814 3066 4881 μεμνημένον
3115 4815 3214 4884 τῆς
3266 4814 3421 4883 ἡμῶν
3474 4818 3841 4888 μετριότητος.

1269 4924 1453 4979 LXVI.
1485 4907 1713 4981 ιηοεηοζ

784 5036 987 5094 Dilecte
1030 5038 1189 5094 nobis
1239 5038 1345 5104 illi;
1388 5054 1475 5094 res
1502 5040 1701 5104 evenit,
1740 5050 1797 5094 ut
1839 5040 2061 5109 quidam
2095 5042 2269 5106 aiunt,

713 5130 937 5187 minime
973 5133 1137 5203 digna
1166 5132 1271 5187 ista
1314 5132 1469 5199 urbe,
1498 5133 1554 5186 in
1585 5148 1693 5202 qua
1734 5134 1913 5188 omnis
1934 5135 2088 5200 ordo,
2111 5136 2273 5189 disci-

710 5222 857 5291 plina
888 5222 1195 5278 Cbristiana
1221 5231 1275 5277 et
1299 5222 1474 5292 pictas
1501 5236 1709 5292 regnat,
1729 5234 1782 5278 et
1809 5240 1972 5279 omne
1992 5225 2273 5295 sapientia:

2948 4929 3082 4997 Eq'.
3130 4930 3377 5000 Ἀδήλῳ.

2398 5018 2401 5021 γ
2448 5041 2650 5096 Τέκνον
2709 5056 2809 5108 μου
2864 5040 3257 5109 ἠγαπημένον
3291 5042 3540 5111 οπρᾶγμα
3588 5044 3802 5110 ἐγένετο
3854 5045 3917 5107 ὡς

2368 5132 2590 5201 λέγουσί
2637 5148 2781 5194 τινες
2828 5134 2967 5201 μήτε
3024 5135 3088 5201 τῇ
3133 5133 3259 5205 δόξῃ
3310 5133 3518 5201 πρέπον
3573 5135 3668 5202 τῆς
3723 5135 3915 5195 πόλεως

2371 5223 2571 5291 ταύτης
2611 5223 2678 5295 κἐν
2722 5215 2934 5291 ᾖπᾶσα
2966 5221 3117 5284 τάξις
3160 5220 3503 5290 χριστιανικὴ
3537 5223 3629 5273 καὶ
3658 5225 3803 5275 πᾶσα
3830 5224 3887 5275 εὐ

711 5312 926 5368 culmen
965 5321 1020 5366 et
1057 5328 1228 5369 sacrae
1274 5314 1683 5369 constitutionis
1730 5315 2039 5381 sinceritas,
2098 5332 2272 5385 neque

2372 5314 2557 5367 σέσεια
2600 5311 2965 5379 πολιτεύεται,
2993 5313 3089 5365 καὶ
3132 5314 3281 5365 πᾶσα
3314 5314 3505 5380 σοφίας
3552 5314 3787 5383 ἀκρότης
3831 5316 3911 5363 καὶ

716 5400 1010 5457 Ecclesiam
1060 5404 1267 5459 doloris
1317 5414 1414 5459 aut
1472 5406 1915 5474 reprehensionis
1973 5406 2268 5461 immunem

2373 5407 2525 5476 ἱερᾶς
2569 5404 2952 5465 καταστάσεως
2999 5404 3276 5473 ἀκρίϐεια,
3308 5389 3447 5474 μήτε
3489 5405 3552 5456 τὸ
3598 5405 3794 5457 ἄλυπον
3827 5404 3912 5455 καὶ

713 5504 1000 5564 prastans.
1053 5494 1205 5549 Talia
1236 5496 1384 5552 enim
1431 5495 1688 5556 dicuntur
1736 5496 1879 5553 laeta
1926 5512 2048 5553 esse
2091 5496 2271 5566 qualia

2372 5498 2660 5567 ἄμεμπτον
2686 5499 2751 5565 τῇ
2782 5496 3078 5565 Ἐκκλησία
3111 5496 3504 5566 παρεχόμενον.
3537 5496 3769 5566 Λέγουσι
3810 5498 3907 5563 γὰρ

781 5671 800 5705 ⁸
840 5670 988 5730 Psal.
1013 5686 1203 5733 uvnt.
1230 5672 1323 5727 2i.

4006 3746 4009 3851 l
