4038 6354
170 373 278 436 269
318 408 322 413 -

1561 357 1582 397 ’·
1620 382 2025 446 Ertsrous.

3281 352 3398 459 'm
3454 353 3464 363 ’

179 495 408 565 κλησίας
438 494 575 561 υῖός,
606 493 762 549 οὕτω
795 493 1194 567 προθυμήθητι,
1229 498 1324 550 καί
1356 496 1432 568 τῷ
1465 497 1599 569 πρδς
1645 501 1724 569 τὴς

1846 501 2238 576 archiepiscopi
2289 506 2342 562 in
2399 525 2494 565 sua
2550 512 2698 577 sede,
2751 515 2909 569 rebus
2958 517 3230 574 Chazaria:
3272 535 3396 575 cum

177 583 464 654 Χαζαρίαν
490 585 633 653 ἔργῳ
659 583 1131 656 συναγωνίσασθαι
1169 587 1262 637 καὶ
1300 588 1367 656 τῇ
1405 582 1736 642 καταστάσει

179 675 267 728 καὶ
296 674 570 746 ἐνιδρύσει
601 673 696 728 τοῦ
733 676 1166 751 ἀρχιεπισκόπου
1209 675 1350 747 πρὸς
1397 678 1489 732 τὸν
1535 680 1737 739 οἰκεῖον

177 761 382 833 θρόνον,
419 764 644 824 ἐπειδάν
690 763 825 836 πρὸς
882 763 981 836 τὴν
1037 764 1321 835 Χαζαρίαν
1357 768 1492 823 Θεοῦ
1534 786 1732 842 συνερ-

1851 591 1944 646 Dei
1991 596 2196 659 auxilio
2238 598 2510 667 perfectis.
2552 603 2804 660 Christus
2832 615 3011 661 autem
3046 607 3185 664 Deus
3214 621 3395 666 noster

1816 691 1902 746 ,οι
1930 691 1982 740 te
2007 684 2078 740 ibi
2117 687 2488 746 honorab'ilem
2531 696 2765 762 reddat,
2790 709 2844 752 et
2877 697 2986 753 huc
3015 698 3111 753 tibi
3139 702 3397 757 concedat

1845 791 1965 829 cum
1993 778 2167 834 salute
2196 780 2454 838 reditum.

172 853 393 923 γοῦντος
421 846 704 928 ικτελέσῃ.
738 857 840 926 Είη
873 856 930 908 δὲ
958 857 1195 926 Χριστὸς
1223 859 1251 911 ό
1281 857 1413 923 Θεὸς
1443 862 1602 932 ἡμῶν
1661 864 1755 915 καὶ
1821 865 2009 919 αὐτόθι
2048 869 2335 942 εὐδόκιμόν
2365 889 2423 926 σε
2449 872 2686 944 δεικνὺς,
2750 881 2846 935 καί
2895 883 2995 953 τὴν
3045 883 3182 956 πρὸς
3218 883 3287 938 τὰ
3313 884 3424 936 ἔνι’

71 984 73 987 .
171 945 342 1000 “iam
403 947 760 1018 χαριζόμενός
827 963 909 1000 σοι
986 947 1124 1015 μετά
1177 951 1450 1022 σωτηρίας
1533 954 1886 1026 ἀνακομιδήν.
1918 1009 1951 1021 __
2639 997 2641 999 ι

271 1058 396 1117 ΞΘ¹.
432 1066 610 1120 Δαϐίδ
653 1071 1050 1139 Καμουλιαγῷ
1100 1075 1630 1142 πρωτοσπαθαρίφ.

247 1173 316 1225 Ἀ
346 1171 612 1245 ἔγραψας,
643 1179 832 1233 τέκνον
862 1183 1018 1253 ἡμῶν
1048 1183 1428 1256 ἠγαπημένον,
1453 1190 1582 1258 περὶ
1609 1189 1737 1256 τῶν,

169 1265 267 1319 οὐκ
295 1261 416 1320 οῖδα
459 1268 576 1331 πῶς
610 1270 776 1338 εῐπω,
838 1275 1005 1346 μανίᾳ
1042 1276 1074 1345 ἢ
1121 1277 1491 1350 μισανθρώπῳ
1531 1277 1740 1351 δαίμονι

170 1361 306 1427 πρὸς
361 1358 464 1429 τὴν
517 1360 893 1432 ἀπάνθρωπον
916 1366 1114 1436 πρᾶξιν
1177 1355 1610 1436 συνελαθέντων,
1661 1372 1740 1436 είς

173 1443 484 1518 ὑπόμνησιν
528 1448 623 1503 τοῦ
658 1449 943 1521 βασιλικοῦ
970 1454 1238 1527 ἀνηνέχθη
1283 1456 1736 1530 κράτουςίπλὴν

171 1536 262 1590 καὶ
310 1537 420 1609 πρὸ
451 1538 552 1608 τῆς
604 1541 881 1613 ἡμετέρας
937 1544 1293 1618 ὑπομνήσεως
1337 1547 1405 1602 δι’
1457 1549 1736 1620 ἀναφορᾶς

171 1626 323 1698 ὑμῶν
371 1630 410 1702 ἡ
454 1631 566 1687 τῶν
612 1633 969 1706 πραχθέντων
1029 1637 1091 1692 οὐ
1140 1639 1450 1695 διελάνθανε
1510 1641 1736 1704 τούτους

126 1726 131 1731 ’
173 1719 388 1788 γνῶσις.
438 1724 916 1796 Παρεκελεύσαντο
948 1725 1042 1786 οὖν
1065 1733 1130 1803 τῇ
1166 1732 1558 1804 ὲντρεχεστάτγι
1602 1751 1733 1788 συν-

177 1811 280 1865 έσει
325 1829 446 1879 σου,
489 1814 567 1880 ὥς
620 1832 684 1884 γε
714 1817 1081 1890 ὑπολαμϐάνω
1112 1822 1210 1875 σὺν
1237 1821 1314 1892 τῷ
1339 1821 1735 1894 θεοφιλεστάτῳ

76 1961 78 1967 ν
177 1902 266 1974 τῆς
298 1904 535 1974 Ἐφέσου
573 1898 986 1981 ἀρχιεπισκόπῳ
1030 1910 1361 1982 ποιήσασθαι
1397 1913 1497 1981 τὴν
1527 1914 1733 1970 τούτων

177 1995 478 2066 ἐπίσκεψιν.
524 1995 703 2053 Ἀλλά
731 2001 861 2071 περὶ
903 1993 1004 2072 μὲν
1052 2003 1256 2060 τούτων
1299 2005 1490 2068 οὕτως.
1537 2006 1735 2077 Ἦμεῖς

171 2084 228 2140 ει
254 2089 345 2140 καὶ
376 2088 573 2160 πρώην
596 2089 792 2156 ἰδόντες
818 2093 917 2163 τὴν
945 2093 1044 2164 σὴν
1076 2095 1417 2176 τελειοτάτην
1445 2097 1729 2167 φρόνησιν,

165 2169 261 2230 καὶ
285 2176 383 2233 νῦν
417 2180 758 2257 αὐξάνουσαν
785 2182 1000 2253 ἔχοντες
1027 2185 1118 2239 διὰ
1158 2185 1266 2240 τῶν
1295 2169 1550 2258 πράξεων
1578 2188 1732 2258 ὑμῶν

167 2268 262 2340 τὴν
285 2273 420 2344 περὶ
440 2273 540 2327 σοῦ
557 2274 777 2344 γνῶσιν,
803 2277 1075 2348 εὐχόμεθα
1104 2281 1155 2334 εί
1185 2279 1278 2334 καὶ
1299 2280 1614 2352 ἁμαρτωλοὶ
1642 2281 1730 2336 διά

169 2363 360 2427 παντός
378 2380 441 2419 σε
473 2367 540 2436 τῇ
569 2365 663 2420 τοῦ
694 2367 827 2421 Θεοῦ
863 2368 1169 2439 ὀδηγεῖσθαι
1199 2369 1349 2441 δεξιᾷ
1379 2372 1437 2425 ἑν
1462 2373 1627 2426 πᾶσιν
1647 2366 1758 2450 οἷς,

168 2453 392 2529 πορεύῃ,
421 2457 528 2512 καὶ
554 2458 660 2513 ὑπὸ
686 2459 785 2530 τῆς
815 2459 1023 2538 ἀνωθεν
1065 2461 1160 2515 τοῦ
1207 2462 1368 2531 ἀγίου
1406 2461 1726 2533 Πνεύματος

167 2545 448 2612 ἐπιπνοίας
481 2547 822 2621 κινούμενον,
852 2552 1040 2606 εκεῖνα
1064 2553 1155 2606 καὶ
1177 2555 1396 2624 φρονεῖν
1423 2553 1516 2622 καὶ
1554 2554 1722 2622 πράτ-

1995 1079 2180 1135 LXlX.
2215 1081 2410 1138 Davidi
2442 1086 2773 1142 Camulimto-
2803 1095 3243 1160 protospathario.

1905 1188 2039 1257 Quae
2092 1191 2379 1262 scripsisti,
2419 1193 2612 1250 dilecte
2637 1195 2730 1264 illi,
2753 1213 2818 1253 oe
2850 1214 2914 1254 ns
2940 1203 3054 1270 qui,
3101 1202 3287 1276 nescio
3325 1218 3394 1260 an

1835 1281 2048 1338 insania
2072 1283 2248 1339 dicam
2271 1299 2340 1339 an
2366 1286 2509 1342 malo
2531 1289 2777 1345 daemone
2802 1291 2868 1344 ad
2891 1304 3045 1346 actus
3067 1294 3396 1351 inhumanos

1838 1371 2058 1443 impulsi
2106 1382 2257 1439 sunt,
2321 1374 2389 1432 ad
2442 1390 2604 1434 aures
2651 1378 3028 1450 imperatorias
3085 1393 3387 1448 venerunt;

1837 1471 2196 1534 praterquam
2241 1469 2477 1536 quodet
2514 1481 2638 1524 ante
2690 1483 2928 1528 nostram
2961 1475 3384 1532 admonitionem

1850 1566 1948 1622 per
1973 1563 2212 1609 vestram
2261 1548 2660 1627 expositionem
2694 1578 2800 1616 non
2824 1577 2918 1619 eos
2947 1565 3100 1620 latuit
3125 1564 3390 1622 factorum

1839 1643 2053 1699 no'titia.
2082 1645 2478 1706 Maudaverunt
2507 1653 2671 1722 igitur
2704 1669 2931 1710 summa:
2971 1666 3075 1712 tuae
3116 1659 3397 1729 sapientia:

1839 1751 1964 1790 cum
2009 1737 2102 1793 Dei
2148 1743 2526 1799 amantissimo
2573 1744 2774 1816 Ephesi
2825 1749 3234 1820 archiepiscopo
3277 1751 3392 1808 ﬁeri

1839 1825 2068 1880 istorum
2114 1831 2600 1888 examinationem.
2641 1833 2745 1888 Sed
2789 1835 2862 1890 ita
2912 1838 2980 1893 de
3024 1839 3128 1895 his.
3161 1838 3273 1896 Nos
3299 1854 3420 1895 au-v

1838 1925 1946 1970 tem
1979 1926 2035 1972 et
2067 1932 2239 1988 nuper
2271 1933 2561 1992 conspecta
2613 1933 2702 1979 tua
2750 1926 2948 1980 eximia
2995 1931 3302 1998 prudentia,
3340 1942 3396 1986 et

1840 2015 1989 2064 nunc
2023 2021 2180 2067 aucta
2216 2009 2270 2068 in
2298 2013 2460 2070 nobis
2488 2029 2586 2085 per
2621 2025 2744 2073 tuas
2773 2019 3016 2077 actiones
3056 2023 3132 2077 tui
3178 2024 3393 2088 notitia.

1835 2106 2146 2168 precamur,
2181 2102 2308 2159 licet
2353 2115 2690 2176 peccatores,
2739 2120 2790 2165 te
2834 2109 2927 2167 Dei
2969 2113 3155 2169 dextra
3201 2115 3391 2171 deduci
3428 2136 3431 2137 '

1838 2191 1891 2244 in
1924 2193 2181 2250 omnibus
2231 2196 2337 2252 viis
2379 2199 2519 2263 tuis,
2561 2209 2617 2256 et
2663 2215 2902 2285 superna
2951 2206 3125 2262 sancti
3165 2205 3394 2278 Spiritus
3460 2237 3463 2242 ·

1836 2280 2195 2351 inspiratione
2243 2294 2454 2342 motum
2494 2303 2560 2343 ea
2607 2280 2851 2360 cogitare
2890 2303 2946 2347 et
2979 2309 3139 2365 agere
3185 2311 3304 2366 qum
3341 2303 3396 2351 et

1833 2369 1889 2423 in
1937 2373 2187 2441 presenti
2218 2375 2326 2431 vita
2395 2378 2546 2433 omni
2577 2381 2998 2450 reprehensione
3055 2387 3390 2456 superiorem

1831 2464 2197 2534 constituant;
2257 2476 2308 2522 et
2367 2469 2420 2521 in
2478 2469 2660 2525 futura
2715 2479 2971 2530 aternam
3017 2477 3114 2531 tibi
3165 2477 3392 2549 gloriam

1829 2568 2162 2624 comparent.

166 2653 292 2706 τειν,
321 2640 422 2694 ὅσα
454 2641 576 2695 ικαὶ
625 2641 687 2696 έν
726 2644 792 2713 τῇ
843 2640 1094 2714 παρούσῃ
1129 2641 1242 2713 ζωῇ
1293 2643 1493 2706 παντὸς
1523 2643 1713 2720 μώμου
1753 2642 2024 2716 ἀνώτερον
2095 2648 2405 2722 καθίστησι,
2449 2657 2539 2707 καὶ
2572 2657 2629 2708 ἐν
2673 2659 2738 2728 τῇ
2806 2659 3078 2733 μελλούσῃ
3118 2662 3393 2732 τὴνκαίω-

168 2734 282 2789 νίαν
312 2751 395 2790 σοι
422 2735 684 2792 εὔκλειαν
710 2740 1002 2809 χαριεῖται.

302 2853 381 2905 0'.
415 2850 599 2908 Δαὸίδ
636 2855 1030 2924 Καμουυῑιανῷ
1059 2846 1585 2928 πρωτοσπαθαρίῳ.

237 2966 304 3020 Ἀ
326 2964 427 3035 μὲν
449 2963 560 3019 ἔδει
584 2965 721 3037 πρὸς
742 2965 876 3020 Θεόν
901 2967 1234 3037 ἀνενεγκεῖν,
1265 2970 1348 3023 ὅτι
1380 2973 1568 3026 τέκνου
1590 2974 1726 3043 ἠγαο

126 3056 403 3146 .πημένου
443 3055 737 3127 γράμμασι
773 3059 901 3122 τοὺς
931 3058 1242 3131 ὀφθαλμοὺς
1290 3062 1448 3132 ἡμῶν
1496 3064 1725 3119 ἐπεϐάλ-

2008 2853 2168 2912 LXX.
2203 2857 2392 2913 Davidi
2418 2860 2735 2919 Camuliano
2770 2874 3216 2940 protospatltario.

1830 3033 1839 3046 θ
1901 2967 2032 3035 Quae
2066 2971 2132 3025 ad
2183 2970 2348 3027 Deum
2391 2974 2585 3031 oll‘erre
2615 2982 2878 3048 oportuit,
2923 2999 3045 3038 cum
3087 2986 3180 3042 lilii
3207 2989 3387 3047 dilecti

1828 3057 2028 3113 litteris
2060 3060 2252 3117 oculos
2291 3062 2596 3132 injecimus,
2641 3076 2698 3122 et
2740 3069 2842 3125 hac
2886 3071 3182 3141 injectione
3231 3083 3388 3148 quasi

165 3146 352 3218 λομεν,
391 3151 489 3203 καί
531 3151 597 3219 τῇ
648 3148 873 3220 ἑπισολῇ
915 3149 1088 3222 ταύτῃ
1131 3150 1320 3224 ὥσπερ
1349 3155 1406 3205 ὲν
1433 3153 1724 3224 ὀφθαλμοῖς

1829 3151 1898 3207 ob
1932 3152 2120 3208 oculos
2161 3152 2362 3208 habere
2406 3157 2577 3211 lilium
2626 3161 2976 3228 putabamus,
3021 3166 3201 3222 oblata
3238 3146 3385 3226 sunt.

167 3239 305 3310 ἔχειν
356 3240 420 3294 τὸ
475 3239 663 3294 τέκνον
718 3239 1065 3311 ἐνομίζομεν,
1109 3241 1401 3316 ἀνηνέχθη.
1463 3245 1528 3298 Ἀ
1576 3244 1633 3298 δὲ
1669 3243 1729 3298 τὸ

168 3334 395 3406 γράμμα
419 3335 553 3406 περὶ
581 3333 690 3388 τῶν
715 3335 813 3404 τὴν
843 3334 1099 3405 γλῶσσαν
1135 3335 1374 3392 εὐχύλων
1400 3339 1480 3402 είς
1508 3339 1729 3411 μνήμην

164 3417 281 3492 ἦγε,
314 3422 370 3477 τί
401 3423 502 3489 δεῖ,
532 3423 720 3477 τέκνον
747 3440 873 3493 μου,
901 3421 1121 3477 συνετὸν
1141 3422 1272 3478 ὄντα
1303 3441 1364 3477 σε
1391 3424 1523 3478 Θεοῦ
1546 3426 1726 3496 χάριτι

166 3513 586 3585 πειρᾶσθαι,διά
628 3514 739 3569 τῶν
783 3514 1071 3586 ἡμετέρων
1099 3513 1304 3584 λόγων,
1351 3515 1462 3574 τοῦ,
1486 3515 1725 3569 τοιούτου

165 3603 267 3658 τῶν
300 3605 610 3676 ἀνθρώπων
636 3588 844 3671 πάθους
875 3604 1034 3675 άγειν
1084 3606 1164 3670 είς
1209 3607 1573 3677 κατανόησινς
1604 3601 1727 3660 (lida

167 3695 268 3768 γάρ
291 3697 372 3750 ὅτι
403 3696 557 3751 οὐδὲν
581 3696 754 3761 οὓτως
784 3696 882 3766 ἡδὺ
912 3699 1024 3761 τοῖς
1045 3697 1142 3750 ἀνθ
1153 3697 1358 3768 ράιποις
1385 3692 1497 3751 οἷον
1521 3698 1581 3751 τὸ
1609 3697 1725 3751 δια·-

168 3785 345 3853 σύρειν
371 3784 441 3839 τά
468 3785 576 3840 τῶν
607 3783 833 3856 πλησίον
871 3784 1169 3856 πράγματα
1215 3785 1310 3840 καὶ
1351 3784 1479 3848 τοὺς
1511 3784 1722 3854 λόγους,

175 3876 328 3930 ὁποῖά
351 3891 486 3930 ποτε
511 3876 576 3930 ἂν
600 3869 722 3929 ὦσι.
771 3875 880 3931 Καὶ
920 3876 974 3929 τί
1025 3875 1356 3946 θαυμαστὸν,
1390 3876 1439 3928 εί
1470 3875 1564 3929 καὶ
1591 3874 1723 3946 ἡμῖν

167 3965 449 4036 συμϐαίνει
524 3968 590 4018 ἐκ
646 3965 743 4019 τοῦ
801 3967 1042 4021 τοιούτου
1113 3967 1459 4036 ἀνθρωπίνου
1517 3966 1724 4031 πάθους

165 4055 601 4123 κακολογεῖσθαι;
626 4055 787 4110 Ὥστε
811 4057 938 4118 τοὺς
956 4056 1386 4125 κακολογοῦντας
1411 4055 1472 4112 ἔα
1490 4056 1719 4128 χαίρειν,

163 4147 348 4202 τέκνον
390 4147 543 4217 ἐμὸν,
578 4149 644 4201 σὺ
675 4148 734 4201 δὲ
762 4148 859 4217 τῆς
906 4147 1007 4217 σῆς
1045 4147 1257 4218 ἀγαθῆς
1301 4147 1425 4219 έχου
1474 4149 1723 4220 συνειδή-

165 4253 322 4305 σεως,
368 4239 434 4311 ἦν
489 4238 607 4308 Θεῷ
648 4239 972 4305 σπουδάζεις
1013 4242 1362 4310 παραστῆσαι
1406 4238 1485 4310 τῷ
1510 4242 1719 4310 ἀπροσ-

165 4330 469 4401 ωπολήπτῳ
487 4332 647 4400 κριτῇ
676 4328 1013 4401 ἀδιάϐλητον·
1037 4331 1159 4383 ἐπεὶ
1183 4331 1250 4384 τά
1265 4347 1328 4400 γε
1351 4323 1486 4400 πρὸς
1505 4330 1718 4402 ἀνθρώ-

1829 3246 1960 3313 Quae
1985 3255 2166 3302 autem
2194 3248 2391 3304 littere,
2423 3258 2532 3306 tuae
2575 3253 2644 3308 de
2686 3255 3008 3326 loquacibus
3059 3278 3387 3334 memorant,

1827 3336 1955 3405 quid
1991 3351 2130 3408 opus
2174 3347 2258 3394 est
2304 3348 2363 3394 ut
2401 3343 2538 3397 meis
2571 3347 2914 3404 sermonibus
2943 3353 3266 3410 contendam
3313 3367 3385 3421 te,

1828 3427 1919 3498 qui
1948 3429 2042 3484 Dei
2073 3431 2245 3501 gratia
2274 3431 2582 3504 intelligens
2607 3451 2688 3499 es,
2711 3440 2778 3492 ad
2804 3442 3052 3497 notitiam
3086 3447 3385 3514 perducere

1827 3517 2138 3574 istiusmodi
2185 3520 2465 3576 hominum
2499 3522 2740 3582 indolis?
2781 3527 2900 3586 Scis
2929 3533 3073 3588 enim
3106 3539 3236 3592 nihil
3273 3552 3381 3595 tam

1825 3607 2136 3664 hominibus
2185 3624 2353 3665 suave
2401 3627 2563 3680 quam
2614 3619 2851 3686 proximi
2904 3631 3016 3678 tum
3067 3637 3222 3684 actus
3268 3642 3378 3685 tum

1823 3712 2127 3765 sermones,
2167 3701 2577 3774 qualescunque
2629 3707 2761 3774 sint,
2821 3711 3080 3770 lacerare.
3128 3716 3195 3772 Et
3247 3723 3378 3790 quid
3445 3720 3447 3722 ’

1823 3788 2043 3856 mirum,
2071 3791 2116 3846 si
2147 3801 2202 3847 et
2225 3794 2384 3850 nobis
2405 3797 2680 3869 contingat
2706 3801 2860 3870 juxta
2886 3805 3032 3860 hunc
3080 3788 3377 3865 humanum

1824 3892 2031 3934 morem
2063 3882 2358 3939 maledici?
2398 3883 2601 3943 Omitte
2636 3889 2802 3959 igitur
2826 3894 3139 3962 maledicos,
3173 3901 3244 3952 mi
3280 3903 3375 3955 liti.

1823 3967 1904 4025 Tu
1936 3985 2064 4026 vero
2100 3972 2256 4028 bona:
2279 3978 2626 4034 conscientia:
2654 3982 2889 4049 adhaere,
2923 4000 3084 4055 quam
3126 3989 3255 4058 Deo,
3284 3996 3376 4062 qui

1823 4077 1930 4116 non
1963 4071 2044 4117 est
2081 4078 2438 4132 personarum
2476 4081 2729 4142 acceptor
2760 4075 2951 4144 judex,
2985 4078 3377 4153 irreprehensi-

1819 4152 1982 4208 bilem
2036 4153 2278 4225 praebere
2333 4163 2559 4228 studes;
2602 4165 2892 4233 quoniam,
2948 4184 3072 4240 erga
3131 4173 3376 4230 homines

1821 4258 1980 4298 nemo
2014 4257 2099 4301 est
2130 4247 2202 4300 ita
2238 4257 2382 4303 recta
2427 4253 2761 4308 conscientia
2807 4247 3051 4315 munitus
3080 4269 3137 4314 ut
3163 4261 3214 4316 in
3246 4279 3369 4319 eum

1821 4335 1967 4389 nulla
1987 4338 2211 4393 omnino
2234 4341 2584 4409 reprehensio
2616 4346 2924 4416 objiciatur.
2947 4349 3162 4408 Scimus
3192 4364 3371 4411 autem

167 4435 295 4483 πους
326 4419 503 4485 οὐδεὶς
546 4420 690 4474 οὓτω
727 4421 1202 4492 κατωχυρωμένος
1233 4421 1381 4475 ἐστὶν
1436 4412 1517 4486 ἐξ
1550 4421 1716 4493 ὀρθῆς

1825 4431 1872 4478 rt
1909 4439 2010 4480 nos
2058 4436 2109 4479 te
2154 4426 2372 4484 labores
2407 4430 2643 4487 subiisse
2685 4412 2739 4487 et
2780 4451 2926 4491 nunc
2974 4440 3243 4496 sustinere
3278 4444 3370 4511 qui

166 4514 534 4584 συνειδήσεως,
575 4506 619 4580 ᾧ
657 4513 733 4586 μὴ
786 4513 1004 4576 πάντως
1040 4513 1074 4602 ἦ

163 4603 428 4677 ὀφθαλμὸν
477 4606 782 4660 ἐπιϐάλλει.
821 4598 1136 4675 Οἴδαμενδὲ
1162 4605 1256 4658 καὶ
1283 4598 1447 4673 ἡμεῖς
1473 4605 1554 4657 ὄτι
1579 4604 1714 4674 πρό⁴

163 4716 312 4772 τερον
350 4706 541 4766 πόνους
580 4701 820 4771 ὑπέστης
843 4691 1066 4754 καὶνῦν
1102 4700 1415 4771 ὑπομένεις,
1452 4699 1604 4753 οὐδὲν
1654 4697 1714 4764 ἐξ

166 4791 460 4862 ἀνθρώπων
487 4792 932 4865 προξενήσαντας
973 4790 1164 4860 ὄφελος
1185 4807 1200 4825 ο
1233 4792 1327 4846 καὶ
1373 4789 1503 4854 Θεὸς
1551 4790 1715 4861 αὐτὸς

169 4883 368 4955 μάρτυς
403 4889 431 4940 ὀ
461 4886 558 4950 τάς
582 4883 806 4955 καρδίας
834 4882 1172 4938 ὑποπτεύων.
1211 4881 1576 4952 Ἀλγυνόμεθα
1613 4883 1714 4953 τὴν

165 4972 349 5046 ψυχὴν,
384 4977 518 5031 ἀλλά
545 4976 599 5030 τί
644 4976 709 5030 ἀν
733 4982 817 5038 τις
849 4975 991 5029 εἴποι
1021 4973 1152 5044 περὶ
1192 4972 1301 5027 τῶν
1351 4972 1713 5044 πεφυρμένων

164 5066 253 5119 τοῦ
282 5068 394 5138 βίου
418 5070 785 5142 πραγμάτων,
810 5067 946 5130 πλὴν
978 5068 1030 5121 εί
1049 5084 1104 5120 τι
1128 5067 1211 5120 δεῖ
1233 5067 1369 5136 πρὸς
1403 5065 1712 5137 κρείττονας

165 5159 288 5230 ὀρᾷν
335 5163 588 5229 ὲλπίδας;
630 5163 836 5216 Ἐκεῖνο
887 5159 1200 5231 ἐλπίζομεν,
1257 5160 1338 5213 ὅτι
1413 5159 1508 5212 καὶ
1563 5159 1595 5229 ἠ
1645 5157 1711 5229 σὴ

165 5249 326 5323 ἀρετὴ
345 5234 442 5325 τῆς
467 5255 824 5324 ὀφειλομένης
863 5255 1000 5322 αὐτῇ
1037 5252 1254 5323 μεθέξει
1308 5252 1495 5322 τιμῆς.
1552 5251 1712 5306 Ἀλλά

166 5339 323 5396 ταῦτα
361 5343 460 5415 μὲν
491 5345 862 5417 περὶτούτων.
901 5347 969 5398 Ἀ
997 5345 1051 5398 δὲ
1082 5344 1556 5416 ἀπέστειλαςήμῖν
1582 5343 1710 5416 περὶ

166 5429 266 5483 τῶν
296 5435 373 5499 είς
404 5435 666 5504 ,ἐξέτασιν
712 5431 1483 5506 ὑποϐληθέντωνάνθρὼπων,
1518 5436 1602 5503 ἐφ’
1628 5430 1708 5497 οἷς

165 5524 338 5588 κακῶς
360 5527 735 5598 διεπράξαντο,
763 5527 939 5581 ταῦτα
975 5526 1110 5600 πρὸς
1139 5528 1237 5598 τὴν
1272 5525 1555 5597 βασιλικὴν
1587 5526 1707 5579 ὲπίὲ

167 5612 347 5681 σκεψιν
399 5617 688 5688 προσῆλθε,
732 5618 824 5671 καὶ
853 5615 1033 5680 καθὼς
1093 5616 1465 5686 ὲπεσκέῲαντο
1638 5616 1704 5686 σῇ

166 5703 426 5776 τιμιότητι
467 5708 876 5779 παρακέλευσιν
931 5707 1260 5779 ἐποιήσαντο
1285 5747 1299 5767 ,
1333 5708 1483 5767 ὅπως
1525 5703 1708 5778 δξήσει

169 5789 255 5840 καὶ
299 5793 372 5848 ἔτι
427 5799 494 5852 τά
543 5800 807 5870 περὶτῶν
873 5800 1124 5869 ἀφρόνων
1184 5798 1405 5852 ἐκείνοιν
1465 5798 1705 5871 μετιέναι

1121 4511 1312 4582 μῶμος
1369 4512 1462 4566 τὸν
1513 4513 1709 4583 πικρὸν

1825 4516 2023 4569 nullum
2060 4517 2153 4571 tibi
2178 4520 2246 4572 ab
2275 4519 2590 4578 hominibus
2615 4523 2847 4579 fructum
2879 4544 3367 4600 comparaverunt:

1816 4614 1870 4658 et
1901 4605 2044 4662 Deus
2073 4607 2190 4678 ipse
2234 4611 2391 4666 testis
2431 4615 2523 4682 qui
2567 4616 2730 4670 corda
2779 4617 3016 4688 inSpicit.
3065 4623 3261 4678 Animo
3306 4625 3372 4680 de

1817 4689 1922 4750 hoc
1952 4696 2198 4753 dolemus
2229 4716 2242 4753 :
2274 4701 2366 4755 sed
2401 4703 2531 4771 quid
2561 4704 2666 4759 dici
2697 4718 2876 4775 potest
2900 4711 2966 4764 de
2997 4714 3224 4767 turbatis
3252 4715 3370 4768 vitae

1816 4787 2001 4850 rebus,
2050 4789 2158 4844 nisi
2208 4791 2595 4848 intendendum
2639 4812 2762 4851 esse
2803 4800 2868 4852 ad
2922 4802 3183 4855 meliora?
3227 4801 3368 4858 lllu‘tl

1815 4893 2099 4948 speramus
2143 4889 2292 4937 tuam
2339 4884 2596 4940 virtutem
2637 4887 2831 4943 dubi-tte
2874 4890 2975 4959 ipsi
3005 4892 3189 4967 gloria:
3221 4910 3370 4950 com-

1813 4983 1990 5044 potem
2031 4975 2166 5031 fore.
2216 4973 2322 5031 Sed
2369 4979 2482 5034 haec
2527 4979 2597 5034 de
2639 4981 2761 5037 istis
2801 4983 2985 5038 rebus.
3023 4983 3154 5051 Quae
3190 4983 3366 5043 autem

1814 5064 1969 5142 nobis
1997 5066 2266 5136 scripsisti
2319 5069 2384 5122 dc
2440 5068 2750 5126 hominibus
2783 5073 2873 5142 qui
2905 5075 3140 5128 examini
3181 5075 3366 5146 subje-

1812 5157 1883 5212 cti
1907 5138 2068 5225 sunt,
2106 5159 2175 5214 ob
2215 5160 2546 5223 malefacta,
2580 5163 2692 5216 iure
2723 5163 2788 5216 ad
2826 5164 3234 5233 imperatoriam
3281 5169 3368 5223 in-

1811 5249 2140 5318 spectionem
2185 5259 2470 5313 venerunt.
2511 5261 2564 5306 et
2589 5253 2744 5322 juxta
2776 5255 2916 5311 hanc
2948 5256 3368 5327 inspectionem,

1811 5347 1919 5393 tua:
1954 5349 2269 5396 reverentiae
2308 5342 2619 5397 mandatum
2671 5352 2755 5398 est
2801 5349 3079 5416 quomodo
3124 5358 3179 5405 et
3222 5366 3366 5406 nunc

1810 5441 2056 5502 Oporteat
2087 5433 2229 5501 quod
2257 5434 2322 5489 ad
2357 5435 2456 5489 hos
2487 5437 2709 5493 insanos
2751 5439 2999 5496 homines
3037 5443 3231 5499 attinet
3274 5459 3363 5498 re-

1811 5525 2043 5578 mittere.
2073 5524 2336 5580 Czeterum
2369 5537 2472 5581 tum
2505 5537 2588 5582 est
2617 5544 2842 5587 summae
2884 5534 3183 5602 sapientiae,
3214 5539 3361 5608 quod

1808 5616 1984 5672 adhuc
2005 5617 2338 5687 deestjustae
2375 5620 2743 5687 retributioni,
2787 5624 2870 5679 bis
2903 5625 3062 5681 tinem
3087 5615 3364 5696 imponere

1808 5709 1899 5778 qui
1933 5712 2132 5766 mentis
2158 5709 2394 5775 defectu,
2419 5725 2486 5766 ne
2514 5711 2690 5768 dicam
2717 5716 2946 5782 insania,
2965 5734 3086 5776 reos
3108 5735 3165 5775 se
3187 5722 3363 5776 istius-

1809 5801 1951 5853 modi
1985 5801 2386 5857 constituerunt
2415 5816 2608 5872 poenae.
2650 5805 2722 5862 De
2751 5818 2944 5866 caetero
2979 5813 3278 5867 incolumen
3313 5823 3362 5866 te
