4038 6354
293 257 400 320 277

1718 266 2141 332 ‘EPISTOL/E.
2164 270 2170 277 ’

3431 270 3538 335 278

299 388 473 440 γματι
508 372 720 443 πρῶτον
749 373 846 443 μὲν
878 373 1296 445 προηγήσασθαι
1323 375 1420 446 τὴν
1456 376 1714 446 σπουδὴν,
1738 375 1859 433 εἶτα

1959 379 2392 447 ευκίιίυιιι.οιιί
2441 380 2774 453 negligenter
2833 370 3086 448 seminat,
3149 399 3256 438 non
3309 388 3535 441 multam

300 464 618 534 περιμένειν
668 465 765 535 τὴν
809 464 1063 534 βοήθειαν
1098 466 1191 521 τοῦ
1233 467 1390 522 Θεοῦ.
1417 469 1606 534 Οὐδεὶς
1637 471 1857 541 ἀμελῶς

297 554 551 624 σπείρας,
581 555 741 624 θέρος
775 557 910 609 πολὺ
936 555 1284 635 ἐγεώργησεν
1305 576 1318 590 ο
1351 559 1526 624 οὐδεὶς
1554 562 1630 632 μὴ
1661 564 1857 634 ἐπιμε-

295 641 405 706 λῶς
437 643 682 716 θεμέλιον
723 647 1183 718 καταϐαλόμενος,
1204 645 1352 705 οἷκον
1390 653 1606 724 ἀσφαλῆ
1633 653 1854 708 δύναται

292 735 599 806 οἰκοδομεῖν
627 756 640 769 ·
687 740 810 802 ἀλλ’
835 741 955 797 οὐδὲ
1000 743 1216 813 πελάγη
1249 762 1331 810 τις
1377 746 1607 802 πλεῦσαι
1631 747 1856 804 δύναται

294 828 391 880 καλ⁵
437 830 769 900 διασωθῆναι
820 835 1082 904 ῥᾳθυμῶν
1139 837 1233 890 καὶ
1283 829 1649 909 κοιμώμενος,
1691 841 1742 893 εἰ
1777 841 1854 913 μὴ

294 925 750 992 περιποιουμένου
784 926 877 980 τοῦ
908 927 1094 982 πλοίου
1123 929 1221 994 τὰς
1262 931 1604 1003 ὲξαρτίισεις.
1643 933 1853 1003 Ὅμως,

289 1012 482 1066 τέκνον
507 1015 683 1083 ήμῶν,
706 1017 1040 1089 ἐνθυμήθητι
1070 1019 1163 1074 καὶ
1195 1020 1372 1088 τοῦτο,
1403 1023 1537 1094 ὅπερ
1563 1024 1658 1080 καὶ
1680 1022 1856 1096 οἰκείᾳ⁵

291 1103 522 1176 εἴπομεν
551 1107 790 1180 γλώσσῃ,
831 1111 912 1164 ὅτι
944 1111 1112 1184 κυροῦ
1142 1113 1480 1168 Φωτίουτοῦ
1512 1115 1852 1186 πατριάρχου

294 1195 389 1247 καὶ
417 1196 598 1267 πάσης
623 1200 784 1254 αὐτοῦ
822 1203 922 1274 τῆς
944 1207 1283 1283 ,χειροτονίας
1315 1207 1744 1278 ἀποδιωχθείσης
1769 1209 1854 1263 διὰ

294 1287 530 1356 σπουδῆς
561 1291 857 1359 ἐπιμελοῦς
889 1296 985 1347 καὶ
1030 1295 1306 1360 συντόνου,
1335 1300 1363 1352 ό
1387 1299 1608 1364 πάππος
1643 1302 1737 1356 τοῦ
1761 1301 1854 1373 βα-

253 1421 256 1425 λ
292 1382 484 1447 σιλέως
507 1386 660 1456 ἡμῶν
697 1388 789 1440 τοῦ
823 1390 990 1461 κυροῦ
1014 1392 1424 1453 Κωνσταντίνου
1454 1391 1551 1464 τὴν
1577 1393 1855 1464 Τεφρικὴν

291 1474 604 1544 ὲξηφάνισε,
637 1477 734 1560 τὴν
763 1479 1309 1558 Βάρινιὲχειρώσατο,
1332 1483 1432 1554 τὴν
1453 1467 1855 1554 Λόγγιϐαρδίαν

291 1565 604 1636 ὑποχείριον
629 1570 943 1640 ἐποιήσατο,
968 1571 1064 1642 τὴν
1093 1572 1342 1642 Τερεντὼ
1364 1575 1456 1628 καὶ
1479 1573 1616 1627 ἄλλα
1643 1575 1877 1646 κάστραη

290 1657 357 1708 ἐκ
406 1662 502 1728 τῆς
548 1662 907 1730 ἐπικρατείας
973 1664 1082 1717 τῶν
1136 1666 1472 1738 Σαρακηνῶν
1515 1668 1853 1739 ἐξήρπασεν.

303 1749 691 1816 Ἀποθανόντος
720 1753 774 1806 δὲ
802 1755 896 1808 τοῦ
929 1757 1096 1826 κυροῦ
1139 1758 1400 1824 Ἰγνατίου
1438 1757 1646 1812 καὶτοῦ
1681 1760 1851 1830 κυροῦ

286 1839 498 1894 Φωτίου
531 1843 622 1895 καὶ
647 1844 746 1914 τῆς
776 1847 1112 1916 χειροτονίας
1138 1847 1303 1902 αὐτοῦ
1333 1847 1664 1910 ἑνωθέντων,
1697 1850 1729 1919 ἡ
1755 1849 1857 1902 Συ-

290 1933 536 2000 ράκουσα
563 1938 834 2006 ἠφανίσθη
865 1942 958 1991 καὶ
984 1941 1014 2008 ἡ
1049 1939 1266 1993 Σικελία
1294 1943 1464 1995 πᾶσα.
1501 1940 1600 1994 Διά
1618 1941 1701 2007 τί;
1756 1941 1860 1995 Διά

286 2025 387 2091 τὴν
407 2026 662 2092 ἀμέλειαν
689 2028 780 2080 τοῦ
801 2030 920 2082 τότε
943 2030 1267 2102 δρογγαρίου
1290 2031 1385 2084 τοῦ
1419 2032 1691 2103 πλωϊμου,
1717 2031 1862 2103 λέγω

287 2115 352 2183 δη
379 2115 475 2167 τοῦ
518 2107 815 2188 Ἀδριανοῦ.
852 2121 1017 2174 Πάλιν
1045 2122 1108 2176 ,ὲν
1155 2122 1276 2186 ταῖς
1305 2122 1541 2194 ἡμέραις
1567 2122 1662 2174 τοῦ
1694 2120 1860 2192 κυροῦ

287 2207 516 2290 Λέοντος
550 2211 844 2278 γινώσκεις
873 2212 953 2265 ὅτι
981 2212 1009 2263 ὁ
1045 2211 1240 2285 Πάπας
1269 2212 1498 2283 συνῆλθε
1524 2213 1617 2267 καὶ
1646 2213 1698 2264 οἰ
1721 2211 1859 2282 μετά
1883 2230 1886 2234 ί

288 2299 480 2353 τούτου
533 2301 707 2368 ὅντες,
761 2305 856 2358 καὶ
908 2303 1195 2374 ἠνὼθησαν
1243 2307 1311 2376 τῇ
1383 2303 1719 2374 Ἐκκλησία,
1764 2304 1859 2358 καὶ

288 2393 515 2465 εἰρήνης
543 2395 766 2465 βαθείας
800 2395 967 2467 οὔσης
1015 2397 1314 2467 ἀπῆλθενὴ
1353 2396 1722 2466 Θεσσαλονίκη
1762 2395 1858 2449 καὶ

286 2487 350 2537 τὸ
381 2485 873 2564 Ταυρομένιον.Διά
896 2488 982 2555 τί;
1006 2489 1131 2542 Ὅτι
1170 2487 1406 2561 ἐνταῦθα
1440 2487 1699 2558 ἀμέλειαν
1727 2503 1861 2556 προ·

285 2575 579 2644 ηγήσαντο.
600 2580 708 2634 Καὶ
733 2580 841 2650 γάρ
884 2580 1249 2650 ὲπιδεομένων
1288 2576 1543 2649 βοηθείας
1567 2593 1693 2633 των
1721 2577 1791 2629 Θε
1803 2593 1860 2630 σ-

1961 485 2195 528 messem
2245 472 2519 554 colligit;
2563 471 2656 542 qui
2714 471 3044 543 negligenter
3112 473 3530 532 fundamentum

1937 564 2108 636 jacit,
2142 581 2248 618 non
2309 571 2494 634 potest
2541 564 2786 620 stabilem
2830 564 3054 618 domum
3097 562 3402 630 aadillcare;
3455 568 3536 624 sic

1960 669 2122 710 nemo
2172 670 2268 725 per
2306 657 2494 711 maria
2551 666 2731 725 potest
2781 656 3038 725 navigare
3109 664 3164 710 et
3205 657 3440 724 salvari,
3492 653 3537 715 si

1957 747 2159 803 otietur
2205 757 2260 803 et
2312 737 2567 811 dormiat,
2619 749 2721 804 nisi
2774 747 2912 802 forte
2959 749 3073 814 ipsa
3131 747 3286 804 navis
3337 749 3538 803 bonum

1953 846 2158 894 statum
2201 848 2380 895 curet.
2423 837 2634 905 Quare,
2695 838 2789 898 liii.
2839 838 2940 891 hoc
2997 837 3161 891 etiam
3225 837 3534 904 considera;

1957 932 2100 1002 quod
2131 931 2226 988 tibi
2261 939 2315 986 et
2345 931 2467 986 viva
2493 946 2624 987 voce
2647 929 2928 988 diximus:
2957 930 3254 1002 Postquam
3287 929 3539 994 Photius.

1958 1025 2266 1094 patriarcha
2301 1034 2487 1081 uoster
2520 1039 2649 1082 cum
2694 1024 2777 1079 iis.
2802 1023 3078 1086 omnibus,
3125 1037 3281 1094 quos
3318 1022 3539 1076 ordina-

1957 1125 2109 1172 verat
2135 1117 2247 1172 acri
2282 1126 2338 1172 et
2372 1115 2739 1187 perseveranti
2769 1113 3029 1185 suffragio
3056 1113 3262 1184 ejectus
3288 1113 3412 1174 fuit,
3436 1111 3544 1166 lm-

1957 1209 2224 1278 peratoris
2238 1209 2408 1263 nostri
2429 1208 2774 1264 Constantini
2821 1222 2954 1262 avns
2974 1205 3295 1276 Tephricam
3320 1202 3539 1259 delevits

1957 1300 2135 1356 Barim
2159 1287 2510 1372 expugnavit,
2539 1298 2975 1368 Longobardiatn
3028 1297 3279 1367 subjecit,
3328 1296 3538 1350 Taren-

1957 1404 2070 1447 tum
2096 1401 2149 1446 et
2170 1392 2272 1446 alia
2292 1391 2514 1447 castella
2533 1407 2562 1447 e
2583 1391 2982 1447 Saracenorum
3007 1427 3011 1430 -
3031 1397 3294 1458 potestate
3313 1371 3553 1456 eripuit:

1956 1483 2164 1538 Mortuo
2177 1491 2354 1538 autem
2370 1484 2598 1552 lgnatio,
2612 1495 2774 1552 atque
2795 1482 3011 1545 Photio,
3028 1481 3298 1550 simulque
3316 1480 3383 1534 iis
3401 1493 3542 1548 quos

1957 1576 2310 1637 ordinaverat
2363 1575 2638 1639 adunatis,
2691 1576 2980 1644 Syracusae
3018 1581 3073 1629 et
3129 1572 3311 1627 Sicilia
3360 1569 3541 1625 omnis

1957 1668 2127 1722 deleta
2158 1676 2260 1725 est.
2287 1667 2467 1732 Quare
2485 1667 2514 1720 ‘l
2541 1665 2642 1720 Per
2675 1666 2938 1720 incuriam
2963 1664 3245 1734 druugarii
3272 1661 3539 1716 'Adriani.

1955 1759 2190 1815 Rursum
2208 1759 2633 1829 diebusAugusti
2650 1758 2848 1813 Leonis
2866 1757 2974 1812 scis
2994 1756 3318 1811 convenisse
3335 1752 3539 1821 Papam

1953 1856 2008 1904 et
2024 1864 2118 1904 eos
2131 1848 2223 1919 qui
2239 1864 2361 1902 cum
2377 1863 2442 1903 eo
2462 1848 2680 1903 stabant
2698 1843 3331 1917 adunalosqueEcelesia:
3349 1842 3544 1907 fuisse,

1955 1950 2010 1996 et
2046 1938 2315 2010 profunda
2355 1953 2488 2009 pace
2519 1937 2730 2006 vigente
2777 1937 2980 1992 abiisse
3011 1932 3440 1990 Thessalonicen
3481 1942 3540 1986 et

1969 2032 2420 2090 Tauromenium.
2461 2028 2689 2096 Quare?
2724 2026 2864 2094 Quia
2910 2026 2985 2080 ibi
3014 2025 3170 2081 otiari
3241 2023 3540 2080 malebant.

1961 2105 2545 2180 Thessalonicensibus
2614 2119 2762 2175 enim
2843 2117 3050 2173 auxilio
3135 2114 3540 2186 indigentibus.

1959 2215 2293 2273 distulerunt
2357 2214 2426 2268 de
2470 2213 2560 2268 die
2597 2212 2655 2266 in
2723 2211 2868 2273 diem
2919 2223 3089 2265 naves
3154 2207 3408 2270 mittere,
3467 2219 3535 2259 ac

1957 2323 2048 2377 res
2077 2307 2380 2380 perdidere.
2406 2303 2542 2369 Hoc,
2585 2305 2660 2360 liii
2692 2305 2789 2370 mi,
2814 2303 2991 2374 cogita
3039 2310 3095 2357 et
3132 2299 3416 2365 meditare,
3445 2305 3536 2364 et,

1956 2399 2256 2470 upitulante
2292 2398 2442 2462 Deo,
2491 2397 2781 2468 diligenter
2827 2395 2992 2451 rebus
3033 2392 3266 2464 publicis
3310 2404 3535 2460 operam

1948 2489 2122 2546 dabis
2143 2499 2203 2543 et
2233 2487 2570 2556 experientia
2598 2486 2828 2541 edoctus
2856 2487 3006 2542 dices
3028 2498 3134 2554 qua
3174 2481 3241 2536 de
3265 2494 3431 2536 causa
3457 2480 3531 2533 leo

1958 2577 2092 2648 lices
2122 2585 2176 2632 et
2200 2576 2450 2633 infelices
2474 2577 2586 2632 sint
2617 2575 2786 2632 cives.
3347 2615 3349 2618 ‹

289 2665 618 2721 σαλονικέων
696 2669 908 2741 ἡμέραν
936 2670 993 2737 ἐξ
1023 2670 1236 2742 ἡμέρας
1253 2667 1680 2738 ἀναϐαλλόμενοι
1708 2666 1845 2739 πρὸς
1878 2667 1938 2721 τὸ
1998 2668 2338 2742 ἀπολυθῆναι
2361 2670 2480 2724 ἐκεῖ
2544 2669 2815 2740 πλώϊμον,
2845 2669 3142 2724 ἀπώλεσαν
3169 2667 3238 2723 τά
3263 2665 3530 2737 πράγμα-

286 2775 378 2811 τα.
415 2759 603 2826 Τοῦτο,
645 2760 834 2815 τέκνον
875 2762 1056 2830 ἡμῶν,
1089 2763 1184 2816 καὶ
1211 2761 1420 2832 ’φρόνει
1464 2761 1560 2814 καὶ
1604 2760 1841 2829 διανοοῦ,
1883 2761 1977 2815 καὶ
2012 2763 2132 2832 μετ’
2165 2763 2513 2831 ’ἐπιμελείας
2545 2764 2640 2816 τοῦ
2682 2761 2822 2815 Θεοῦ
2859 2761 3205 2833 ἀνισχύοντός
3281 2777 3342 2813 σε
3375 2755 3538 2810 ἀντέ-

289 2870 386 2923 χου
439 2855 545 2907 τῶν
591 2856 951 2926 πραγμάτων,
993 2857 1087 2912 καὶ
1119 2858 1256 2928 αὐτῇ
1308 2858 1531 2932 μαθήσῃ
1577 2861 1642 2930 τῇ
1683 2858 1852 2930 πείρα
1889 2857 1951 2912 τὸ
1981 2858 2298 2930 αἴτιον-τῆς
2343 2858 2605 2929 εὐτυχίας
2640 2858 2739 2913 καὶ
2780 2858 2882 2928 τῆς
2951 2856 3246 2927 δυστυχίας
3315 2857 3413 2925 τῆς
3443 2869 3545 2906 ποο-

223 2948 229 2956 ’
290 2947 500 3011 λιτείας
532 2949 714 3019 ἡμῶν.

361 3040 560 3112 Γράφω
584 3043 640 3096 δὲ
669 3043 838 3096 ταῦτα
869 3044 967 3095 οὐκ
1006 3042 1456 3114 άποϐαλλόμενος
1510 3044 1632 3113 οὐδδ
1676 3045 1852 3115 μισῶν

2002 3097 2004 3100 ,
2030 3044 2156 3100 Haec
2177 3042 2276 3098 tibi
2295 3042 2481 3098 scribo
2504 3057 2612 3097 non
2637 3041 3162 3112 reprobans,.neque
3183 3043 3311 3096 odio
3339 3043 3544 3099 habens

286 3136 390 3205 τὴν
426 3136 649 3206 εἰρήνην
700 3138 792 3188 καί
842 3136 939 3206 τὴν
984 3135 1178 3190 ἕνωσιν
1219 3136 1321 3204 τῆς
1373 3135 1725 3204 Ἑκκλησίας.
1765 3137 1858 3208 Μὴ

285 3228 432 3282 οὓτω
465 3229 687 3299 μανείην
722 3228 875 3286 ποτὲ.
906 3229 1040 3297 μηδὲ
1069 3230 1418 3300 συγχωρήσαι
1459 3229 1591 3292 Θεὸς
1617 3228 1759 3284 οὕτω
1792 3247 1858 3299 με

288 3319 502 3391 φρενῶν
554 3319 657 3385 ἔξω
713 3318 993 3386 γενέσθαι·
1046 3318 1160 3372 ἀλλ’
1212 3318 1458 3390 ἐπιζητῶ
1508 3319 1704 3373 ἕνωσιν
1755 3320 1860 3386 τὴν

286 3415 535 3484 τιμῶσαν
565 3412 662 3480 τῆν
698 3396 1554 3483 Ἐκκλησίαν,τὴν,χαριζομένην
1581 3412 1858 3466 κατάσταο

293 3520 377 3556 σιν
425 3504 536 3564 τοῖς
592 3503 878 3571 πράγμασι
932 3501 1026 3555 καὶ
1079 3503 1136 3554 ἐν
1171 3499 1247 3570 τῷ
1294 3502 1523 3571 παρόντι
1566 3503 1660 3555 καὶ
1714 3501 1854 3572 μετά

292 3595 480 3656 ταῦτα.
515 3596 608 3648 καὶ
639 3594 732 3647 ἴνα
773 3592 846 3664 μὴ
885 3595 948 3646 bc
997 3591 1092 3646 τοῦ
1127 3592 1660 3671 βίουάπερχομένων
1697 3594 1854 3663 ἡμῶν

292 3689 326 3758 ἡ
358 3685 625 3757 ἐρχομένη
691 3685 848 3754 γενεά
913 3687 1244 3757 καταγνώσῃ
1287 3683 1446 3755 ήμῶν
1475 3685 1551 3746 ὡς
1577 3685 1848 3756 ἀφρόνων,

289 3785 367 3845 ὡς
402 3785 631 3851 ἀλόγων,
666 3782 740 3846 ὡς
771 3782 1198 3849 καταφρονητιῖη
1245 3779 1353 3833 τῶν
1384 3780 1546 3833 θείων
1585 3779 1851 3844 κανόνων,

291 3877 388 3926 καὶ
415 3873 502 3926 διά
554 3872 712 3926 τοῦτο
766 3871 860 3923 καὶ
906 3871 1053 3939 ἡμᾶς
1095 3869 1175 3940 τῷ
1209 3869 1855 3939 ἀναθέματιιπαραπέμο

1958 3151 2146 3206 pacem
2165 3145 2218 3190 et
2237 3135 2499 3189 unitatem
2518 3135 2795 3191 Ecclesiae.
2812 3133 2892 3189 Ne
2909 3135 3045 3189 adeo
3065 3136 3168 3190 sim
3193 3134 3544 3202 insanus,ne—

1956 3243 2064 3300 quo
2076 3230 2214 3285 sciat
2223 3228 2364 3284 Deus
2389 3240 2475 3282 me
2493 3227 3212 3293 adeodementemﬁeriﬁed
3225 3244 3345 3282 eam
3361 3229 3542 3283 unita.

1957 3331 2063 3378 tem
2081 3337 2266 3392 quaero
2281 3337 2406 3390 quae
2435 3320 2603 3376 Deum
2627 3322 3025 3384 honoret.eum
3037 3331 3236 3378 statum
3260 3323 3353 3392 qui
3380 3324 3543 3379 rebus

1953 3421 2008 3470 et
2035 3429 2182 3469 nunc
2196 3425 2250 3467 et
2267 3422 2455 3482 postea
2475 3411 2684 3476 faveat;
2711 3413 2852 3467 absit
2874 3421 2934 3467 ut
2956 3413 3065 3467 vita
3087 3413 3384 3470 defunctos
3403 3429 3508 3468 ven
3527 3444 3544 3456 ο

1960 3512 2080 3559 tura
2095 3505 2373 3574 generatio
2394 3520 2492 3560 nos
2511 3513 2568 3560 ut
2592 3516 2858 3572 uiuentes,
2875 3507 3300 3568 irrationabiles.
3319 3517 3378 3562 ut
3393 3509 3542 3561 divi-

1960 3609 2158 3651 norum
2189 3611 2462 3652 canonum
2488 3608 2895 3669 contemptores
2912 3599 3156 3665 damnet,
3185 3615 3396 3669 nosque
3418 3599 3544 3654 ideo

1961 3698 2016 3768 et
2038 3704 2134 3744 vos
2160 3690 2494 3744 anathemati
2518 3700 2727 3756 voveat;
2748 3690 3067 3761 quod-solet
3087 3691 3336 3747 accidere
3351 3706 3474 3746 cum
3506 3691 3544 3744 ii

1961 3780 2054 3848 qui
2077 3795 2179 3850 per
2197 3781 2358 3836 vitam
2380 3792 2626 3852 potentes
2651 3783 2824 3847 fuere.
2848 3784 3068 3852 abeunt,
3091 3791 3146 3840 et
3165 3784 3289 3838 aliis
3307 3798 3544 3849 nascun-

1965 3879 2054 3924 tur
2078 3879 2192 3926 tum
2209 3872 2498 3942 sapientia,
2531 3880 2646 3928 tum
2671 3875 2874 3944 pietate
2894 3885 2951 3931 et
2972 3876 3171 3931 virtute
3195 3883 3540 3945 praestantes.

287 3970 464 4036 ψωσιν
491 3982 504 3996 -
544 3967 678 4035 ὅπερ
709 3959 814 4040 οἶδε
852 3963 1188 4032 συμϐαίνειν,
1214 3963 1342 4016 ὅταν
1379 3963 1428 4015 οἰ
1494 3961 1631 4024 τέως
1667 3960 1880 4016 δυνατοὶ
1922 3963 2065 4022 κατά
2117 3963 2209 4018 τὸν
2239 3964 2353 4036 βίον
2381 3965 2686 4037 ἀπέλθωσι,
2758 3968 2855 4023 καὶ
2903 3967 3056 4022 ἄλλοι
3091 3968 3393 4039 γεννηθῶσι
3443 3960 3544 4021 καὶ

289 4057 572 4129 φρονήσει,
599 4058 689 4111 καὶ
714 4055 990 4126 εὐσεϐείᾳ,
1014 4056 1109 4109 καὶ
1134 4057 1302 4126 ἀρετῇ
1323 4054 1695 4126 διαφέροντες.

861 4191 994 4257 OG’.
1039 4187 1277 4255 Ἀδήλῳ..

367 4327 440 4381 Τὸ
491 4327 710 4396 γνήσιον
754 4325 852 4393 τῆς
891 4325 1146 4394 στοργῆς,
1186 4322 1213 4375 ὅ
1247 4321 1384 4391 πρὸς
1424 4321 1521 4392 τὴν
1555 4323 1714 4392 ἡμῶν
1760 4339 1857 4393 με-

2502 4187 2737 4246 LXXVI.
2769 4189 2999 4248 Incerto.

2039 4322 2307 4378 Sincerus
2331 4338 2526 4387 amor.»
2545 4341 2710 4396 quem
2739 4342 2868 4397 erga
2905 4327 3269 4385 humilitatem
3296 4339 3540 4386 nostram

290 4419 552 4488 τριότητα
579 4421 611 4488 ἡ
643 4418 709 4486 σὴ
757 4415 1014 4470 εὐλάϐεια
1053 4414 1339 4482 κέκτηται,
1381 4413 1550 4494 πάλαι
1603 4416 1699 4466 καὶ
1747 4415 1858 4469 διε-

1961 4423 2056 4473 tua
2118 4421 2426 4476 reverentia
2459 4420 2715 4484 exhibet,
2745 4419 3072 4490 jamdudum
3121 4431 3286 4477 notus
3315 4432 3419 4486 cst.
3442 4440 3542 4479 nec

293 4511 461 4582 λέχθη
518 4511 612 4564 καὶ
667 4510 1016 4579 γινώσκεται,
1045 4510 1106 4563 οὐ
1139 4509 1312 4566 δεῖται
1360 4509 1453 4565 νῦν
1498 4512 1860 4578 ἀποδείξεως,

289 4603 418 4657 οὐδὲ
455 4604 555 4672 τῆς
603 4603 666 4655 ἐκ
699 4602 873 4669 λόγων
913 4600 1248 4665 συστάσεως,
1303 4599 1712 4672 ἱκανῆςοῦσης
1762 4602 1861 4670 τῆς

293 4698 364 4748 ὲκ
398 4693 502 4747 τῶν
571 4694 746 4762 ἔργων
794 4691 1201 4762 πληροφορίας·
1248 4691 1384 4745 διότι
1442 4693 1537 4746 καὶ
1587 4693 1746 4763 ἡμεῖς
1799 4693 1861 4746 οὐ

298 4785 504 4857 μικρὰν
567 4785 896 4854 εὑρίσκομεν
952 4785 1010 4835 έν
1054 4785 1181 4844 ταῖς
1234 4782 1477 4853 θλίψεσιν
1529 4783 1684 4853 ἡμῶν
1722 4801 1863 4854 παρ-

293 4876 525 4950 ηγορίαν
560 4878 623 4929 ὲκ
651 4876 748 4944 τῆς
776 4875 874 4943 σῆς
906 4875 1043 4944 πρὸς
1085 4877 1233 4943 ἡμᾶς
1276 4875 1653 4942 πνευματικῆς
1677 4875 1855 4928 aluos.

297 4986 460 5029 σεως.
503 4968 611 5019 Καὶ
662 4967 815 5019 οὐδὲν
856 4965 1037 5036 χάριτι
1073 4968 1210 5019 Θεοῦ
1264 4967 1612 5036 ζημιούμεθα
1659 4968 1758 5037 τῆς
1798 4969 1868 5022 ὲκ

296 5062 402 5130 τῆς
433 5059 530 5129 σῆς
561 5061 780 5128 ἀγάπης
823 5059 1218 5128 περιχεομένης
1265 5062 1398 5129 ἡμῖν
1448 5062 1600 5130 ἱερᾶς
1645 5061 1861 5130 ἡδονῆς,

295 5153 488 5204 ἕνεκεν
517 5150 610 5204 τοῦ
644 5149 950 5205 κωλύεσθαι
977 5151 1160 5214 ἄλλοις
1204 5154 1474 5214 συνεῖναι,
1504 5153 1598 5204 καὶ
1635 5151 1724 5204 διὰ
1764 5152 1863 5218 τῆς

297 5245 414 5298 τῶν
453 5243 732 5311 αἰσθητῶν
778 5243 1071 5313 ὀφθαλμῶν
1118 5243 1368 5312 θεωρίας,
1406 5243 1498 5297 τοῦ
1550 5244 1864 5314 βλέμματος

295 5337 406 5405 τῆς
455 5336 689 5396 διανοίας
741 5320 1037 5398 ἀκωλύτως
1090 5337 1184 5388 καὶ
1234 5336 1472 5406 ὁρῶντος
1522 5335 1617 5389 καὶ
1663 5335 1865 5405 νοερῶς

296 5428 452 5497 ἡμᾶς
506 5427 885 5493 συνάπτοντος.
927 5426 1082 5480 Οὕτω
1135 5427 1189 5479 δὲ
1241 5429 1334 5480 καὶ
1371 5430 1404 5497 ἡ
1442 5426 1597 5495 ὐμῶν
1647 5427 1865 5494 ὁσιότης

302 5518 474 5591 μηδὲν
508 5520 774 5588 νομιζέτω
808 5519 894 5573 διὰ
924 5520 1020 5590 τὴν
1068 5521 1385 5590 σωματικὴν
1420 5520 1722 5574 ἀπόστασιν
1767 5519 1866 5586 τῆς

301 5612 449 5666 κατά
517 5611 731 5680 πνεῦμα
807 5614 1101 5679 συναφείας
1185 5612 1629 5680 ἀποστερεῖσθαι.
1687 5612 1863 5666 ’Όπου

301 5705 415 5774 γὰρ
445 5703 671 5774 ἀληθοῦς
702 5703 918 5774 ἀγάπης
959 5703 1146 5768 ἓνωσις
1175 5698 1232 5761 οῦ
1264 5705 1328 5759 ἂν
1361 5697 1460 5758 ὦσι
1496 5703 1862 5776 διεστηκότες,

1922 4508 2445 4588 ‘demonstratione
2503 4523 2596 4568 aut
2664 4513 2958 4568 verborum
3003 4511 3162 4580 capia
3216 4521 3358 4582 eget,
3415 4529 3542 4568 cum

1963 4615 2130 4672 opera
2167 4619 2264 4673 per
2307 4619 2368 4660 se
2406 4605 2724 4673 loquantur.
2773 4602 3122 4672 Quapropter
3170 4611 3231 4658 et
3266 4619 3368 4679 nos
3432 4619 3542 4658 non

1964 4708 2187 4764 parvam
2217 4696 2268 4751 in
2307 4696 2580 4767 angustiis
2625 4696 2838 4751 nostris
2877 4695 3318 4750 consolationem
3347 4711 3414 4749 ea
3449 4704 3540 4749 tua

1965 4785 2020 4840 in
2053 4802 2155 4840 nos
2210 4788 2485 4858 spirituali
2538 4787 2790 4842 amicitia
2837 4786 3194 4857 percipimus.
3234 4788 3320 4851 Et,
3365 4788 3540 4856 gratia

1966 4876 2083 4943 Dei,
2121 4879 2257 4934 nihil
2294 4880 2459 4950 hujus
2507 4879 2804 4949 voluptatis
2855 4878 3144 4933 amisimus
3188 4891 3311 4947 quas
3346 4877 3412 4932 de
3451 4886 3542 4930 tua

1965 4970 2260 5026 dilectione
2309 4974 2375 5027 in-
2418 4988 2521 5028 nos
2560 4972 2852 5036 redundat,
2895 4970 3022 5026 licet
3071 4986 3178 5024 una
3209 4986 3333 5026 esse
3375 4979 3540 5037 atque

1966 5062 2214 5131 corporis
2271 5061 2452 5117 oculis
2498 5063 2642 5116 inter
2679 5075 2781 5116 nos
2817 5059 3006 5115 videre
3033 5074 3390 5129 nequeamus.
3431 5057 3540 5112 Sed

1967 5155 2168 5208 mentis
2199 5153 2368 5221 oculi,
2422 5155 2637 5222 nemine
2670 5153 2944 5219 obstante,
2976 5161 3032 5206 et
3080 5151 3266 5205 vident
3293 5157 3349 5204 et
3379 5149 3545 5219 διψία

1967 5245 2187 5299 tnaliter
2241 5260 2341 5299 nos
2380 5243 2608 5298 invicem
2657 5242 2922 5297 adunant.
2976 5242 3054 5296 Ita
3107 5249 3162 5293 et
3220 5248 3311 5294 tua
3367 5239 3540 5308 pietas

1970 5337 2193 5390 minime
2261 5344 2414 5406 putet
2472 5350 2531 5388 se
2588 5349 2683 5403 per
2735 5335 3075 5404 corporalem
3130 5331 3532 5402 separationem

1968 5429 2238 5498 Spirituali
2291 5428 2678 5498 conjunctione
2733 5428 2968 5499 privari;
3016 5426 3334 5495 ubicunque
3387 5426 3574 5482 enim.

1967 5529 2048 5569 est
2080 5516 2280 5570 sinceri
2308 5515 2513 5570 amoris
2541 5515 2743 5578 unitas,
2771 5514 2992 5584 quando
3015 5515 3084 5570 ab
3114 5516 3342 5571 invicem
3374 5513 3536 5568 amici

1967 5609 2321 5676 corporaliter
2349 5617 2695 5676 separantur.
2737 5606 2808 5660 ibi
2858 5622 2985 5662 vere
3037 5607 3336 5670 uniuntur;
3376 5604 3448 5658 ita
3476 5616 3538 5658 ut

1969 5711 2142 5757 rtnos
2169 5701 2256 5756 illa
2297 5700 2480 5758 divina
2521 5700 2907 5772 conjunctione
2940 5717 3049 5757 non
3074 5698 3232 5754 horlic
3271 5713 3368 5753 nec
3399 5698 3541 5763 heri,
