4086 6344
505 331 606 409 1ἷ5

1485 342 1545 403 S.
1587 343 2003 404 NICEPHORI
2047 347 2553 408 PATRIARCIIJS
2593 352 2706 412 CP.

3606 356 3724 419 I176

503 475 712 515 omnem
740 461 997 514 honorem
1023 475 1336 529 omnemque
1364 461 1736 514 auctoritatem
1764 461 1971 525 abdico,
1994 467 2048 513 et

2148 463 2294 528 μένου
2338 486 2441 533 μοι,
2471 472 2613 519 τοῦτε
2645 468 2920 535 ἀξιώματος
2965 471 3251 542 ὑπερόπτης
3294 476 3601 546 καθίστηεα,
3629 485 3717 534 καί

501 553 570 605 ab
602 550 724 605 aula
763 551 904 621 regia
936 550 1281 619 civilibusque
1316 550 1628 606 tumultibus
1663 566 1748 605 me
1784 550 2049 616 avellens,

503 628 774 699 recessum
803 641 1081 711 quemdam
1108 656 1392 710 rupemque
1414 657 1655 711 asperam
1680 650 1734 695 et
1754 658 1890 711 pene
1910 643 2053 697 inac-

500 747 707 786 cessam
729 738 1036 801 occupatus,
1061 731 1246 785 stadiis
1270 745 1375 784 non
1399 731 1585 798 paucis
1608 732 1749 784 circa
1770 731 2051 799 Proponti-

501 824 582 877 dis
610 822 882 892 regionem
913 837 943 875 ιι
970 822 1113 891 regia
1139 820 1353 875 civitate
1376 820 1613 885 discedo,
1636 822 1816 890 ibique
1839 829 2050 876 aetatem

500 932 660 984 agere
681 915 908 983 vitaeque
930 913 1179 967 solitaria:
1194 911 1370 982 (cujus
1388 910 1689 967 incredibili
1710 913 1939 980 quodam
1962 913 2052 965 de-

496 1004 696 1058 siderio
722 1003 1032 1070 jamdudum
1061 1010 1183 1054 ante
1213 999 1456 1072 tenebar)
1503 1001 1797 1069 perieulum
1841 1000 2050 1066 facere,

494 1110 669 1161 neque
696 1093 820 1145 alibi
850 1106 1008 1160 quam
1040 1090 1131 1144 illo
1171 1091 1225 1144 in
1267 1090 1387 1144 loco
1415 1097 1714 1143 extremum
1739 1090 1862 1143 vita:
1890 1090 2052 1159 spiri-

493 1191 604 1235 tum
629 1182 808 1243 edere,
832 1180 1060 1241 ﬁrmiter
1081 1179 1219 1247 apud
1248 1193 1331 1231 me
1354 1178 1639 1231 constituo.
1669 1177 1776 1231 Sed
1800 1180 2053 1246 quoniam

493 1273 605 1325 fieri
641 1272 828 1339 nequit
854 1264 912 1323 ut
953 1270 1133 1324 omnia
1173 1269 1420 1322 omnibus
1466 1284 1529 1320 ex
1581 1268 1742 1321 animi
1791 1270 2052 1322 sententia

489 1362 777 1416 succedant
817 1359 905 1431 (in
955 1360 1137 1413 multis
1164 1373 1395 1427 namque
1423 1358 1576 1426 quasi
1606 1357 1782 1412 fatalis
1810 1357 2051 1426 quaedam

488 1452 788 1506 necessitas
814 1450 1141 1513 dominatur,
1185 1448 1514 1516 humanique
1558 1454 1781 1500 conatus
1812 1447 2009 1499 exitum
2034 1486 2049 1510 ,

493 1554 597 1592 non
628 1538 841 1606 qualem
871 1538 1051 1600 homo,
1083 1537 1175 1590 sed
1200 1534 1416 1605 qualem
1448 1536 1587 1590 Deus
1611 1534 1751 1599 vult,
1795 1549 1899 1587 non
1928 1519 2050 1586 raro

489 1625 846 1697 sortiuntur),
873 1625 1082 1678 accedit
1127 1623 1231 1677 hoc
1278 1623 1493 1692 ipsum,
1541 1638 1729 1691 nempe
1780 1629 1839 1675 ut
1885 1621 2048 1697 animi

490 1696 857 1787 propositique
900 1716 1003 1770 mei
1039 1730 1132 1784 spe
1174 1715 1486 1776 frustrarer,
1535 1722 1589 1790 et
1636 1714 1764 1768 mihi
1812 1696 2042 1782 quoque,

492 1806 702 1860 Etenim
735 1821 762 1857 a
798 1813 947 1875 grata
978 1803 1066 1857 illa
1092 1804 1369 1870 amicaque
1400 1801 1701 1864 solitudine,
1732 1801 1911 1854 nescio
1942 1817 2047 1870 quo

484 1880 693 1965 judicio
718 1893 900 1964 (Deus,
933 1895 1022 1962 qui
1054 1893 1320 1963 permisit,
1349 1900 1440 1945 aut
1469 1892 1541 1944 ita
1572 1892 1732 1945 etiam
1761 1891 2047 1956 ordinavit,

492 1979 682 2049 novit),
707 1982 770 2033 ad
801 1981 1005 2050 regium
1031 1980 1285 2049 palatium
1316 1979 1641 2039 abstractus,
1669 1986 1812 2031 certe
1839 1977 2049 2032 illorum

488 2070 757 2124 voluntate
782 2071 870 2138 qui
904 2085 1001 2140 per
1030 2071 1080 2125 id
1112 2080 1321 2138 tempus
1356 2069 1504 2138 regni
1535 2068 1667 2123 solia
1696 2069 2046 2134 obtinebant,

488 2158 867 2225 communique
915 2157 1076 2213 totius
1117 2156 1245 2211 eleri
1289 2171 1353 2209 ac
1392 2164 1645 2220 senatus,
1685 2156 2050 2210 inexcusabile

487 2246 749 2313 quoddam
778 2257 829 2298 et
858 2245 1165 2301 inevitabile
1190 2243 1399 2297 facinus
1431 2244 1853 2297 machinantium
1876 2284 1891 2308 ,
1934 2244 2048 2298 suf-

488 2338 654 2405 l‘ragio
687 2335 848 2407 (quod
875 2336 1036 2405 regia:
1063 2335 1298 2389 civitatis
1327 2332 1525 2402 prmsul
1556 2333 1663 2393 vita
1694 2334 2045 2401 excessisset,

487 2438 540 2482 et
578 2436 637 2481 ut
672 2429 835 2481 homo
870 2427 1107 2481 debitum
1152 2424 1503 2494 exsolvisset)
1551 2425 1617 2479 ad
1663 2426 1805 2480 hanc
1847 2427 2051 2495 episco-

489 2521 661 2593 palem
693 2521 874 2574 sedem
902 2520 1102 2573 invitus
1122 2559 1139 2584 ,
1179 2518 1512 2587 multumque
1543 2519 1845 2574 reclamans
1875 2520 2051 2590 (testis

489 2622 574 2667 est
601 2612 731 2667 mihi
760 2610 921 2681 Deus)
950 2618 1235 2680 provectus
1253 2649 1268 2674 ,
1304 2617 1358 2664 et
1385 2609 1658 2679 tyrannide
1684 2610 1864 2678 potius
1888 2623 2048 2677 quam

489 2701 752 2766 consulto,
785 2709 878 2755 aut
905 2700 1011 2754 ulla
1040 2700 1261 2754 omnino
1287 2699 1664 2769 persuasione,
1707 2699 1825 2753 aliis
1851 2683 2044 2768 guber-

490 2797 682 2867 nandis
705 2795 988 2865 prmfectus
1012 2808 1151 2849 sum.

562 2962 696 3029 Quia
740 2978 885 3033 ergo,
927 2960 1052 3016 licet
1095 2960 1308 3023 invitus,
1354 2959 1488 3014 colla
1529 2959 1656 3031 jugo
1700 2957 2045 3022 submittere,

492 3053 899 3123 animarumque
936 3067 1119 3106 curam
1161 3065 1333 3119 neque
1361 3050 1548 3120 digne,
1594 3062 1766 3116 neque
1799 3046 2046 3101 charitati

490 3159 703 3213 quoque
756 3144 886 3195 satis
933 3148 1293 3195 consentance
1345 3139 1618 3207 suscipere
1668 3144 1886 3190 coactus
1930 3133 2047 3199 fui,
2078 3124 2121 3186 C

490 3234 642 3287 varia
674 3234 1015 3301 apprimeque
1060 3231 1312 3301 perplexa
1360 3230 1526 3283 totius
1567 3227 1782 3282 malitia:
1818 3225 2052 3281 auctoris

492 3324 918 3381 machinamenta
949 3338 1011 3377 ac
1047 3323 1287 3391 laqueos,
1328 3320 1791 3388 malignorumque
1838 3332 1900 3371 ac
1940 3316 2054 3370 ina-

492 3413 864 3484 spectabilium
887 3414 1170 3483 spirituum
1194 3411 1443 3473 insultus,
1470 3410 1816 3476 innatamque
1838 3421 2052 3461 eorum-

491 3504 616 3558 dem
647 3503 900 3557 sazvitiem
942 3518 1045 3555 non
1082 3516 1269 3571 parum
1301 3508 1601 3573 metuatne
1629 3496 1878 3550 videlicet
1907 3496 2053 3548 inco-

492 3593 747 3663 gitantem
795 3591 1148 3658 omnibusque
1183 3590 1441 3642 virtutum
1489 3584 1820 3641 ornamentis
1866 3582 2051 3651 prinsi-

493 3683 701 3750 «iiisque
734 3682 1044 3735 destitutum
1084 3688 1303 3748 repente
1342 3677 1593 3732 invadant
1641 3674 1857 3745 (norunt
1909 3674 2049 3727 enim

493 3789 580 3829 me
604 3774 660 3827 in
689 3771 1054 3841 spiritualibus
1084 3771 1384 3837 divinisque
1414 3764 1889 3821 exercitationibus
1928 3779 2051 3818 neco

494 3864 618 3917 dum
658 3862 790 3917 satis
828 3862 1169 3926 institutum,
1218 3859 1312 3913 sed
1344 3871 1521 3926 neque
1564 3855 1813 3926 ignorant
1840 3870 2051 3923 qnioque

495 3951 624 4005 artis
650 3951 922 4020 pugnandi
952 3950 1208 4003 adversus
1237 3947 1382 4016 ipsos
1417 3945 1673 4023 hactenus
1710 3959 1795 3997 me
1836 3943 2052 3996 minime

494 4046 724 4114 peritum
753 4041 1033 4115 esse),nec
1060 4056 1164 4093 nou
1194 4046 1535 4106 peccatorum
1550 4033 1740 4102 jaculis
1769 4032 2053 4087 convulne-

495 4141 637 4200 rent,
658 4132 1061 4201 eaque-ratione
1086 4129 1504 4203 ecclesiasticum
1532 4142 1745 4197 gregem
1771 4125 2050 4193 dissipent,

497 4239 560 4278 ac
590 4224 758 4277 aciem
788 4223 925 4295 bene
955 4222 1257 4275 ordinatam
1286 4218 1628 4279 conturbent,
1660 4224 1714 4269 et
1742 4214 1907 4267 ruinae
1939 4224 2050 4269 tan-

497 4315 618 4367 dem
659 4312 870 4381 indocte
900 4309 1265 4379 ,imperiteque
1310 4304 1550 4375 praelium
1593 4305 1869 4373 dirigentis
1897 4313 2049 4373 pctu-

498 4396 1011 4467 laoliusjnsulleut.
1064 4398 1145 4452 Ad
1183 4399 1297 4451 haec
1335 4412 1454 4449 cum
1484 4396 1689 4448 videam
1725 4396 2047 4449 dominatum

498 4509 709 4551 omnem
747 4492 960 4547 invidize
996 4490 1308 4557 plerumque
1334 4485 1889 4554 obtrectatiouumque
1931 4485 2049 4540 telis

499 4582 790 4639 obnoxium
835 4593 955 4634 esse
982 4618 995 4642 ,
1046 4574 1393 4630 invidentium
1441 4573 1593 4639 dolos
1638 4573 2050 4649 eortxmdemquc

499 4670 817 4743 pravitatem
868 4682 974 4720 non
1022 4662 1367 4735 mediocriter
1396 4670 1692 4731 suspectam
1742 4663 2053 4741 habeohut

500 4761 590 4828 qui
619 4774 708 4813 res
735 4767 949 4811 nostras
975 4755 1085 4807 sive
1120 4755 1273 4816 bene,
1305 4753 1419 4807 sive
1448 4768 1602 4807 secus
1631 4753 1919 4818 habentes,
1959 4770 2051 4808 cu-

501 4848 798 4901 riosissime
844 4844 1133 4899 observare
1174 4843 1362 4898 solent.
1414 4842 1547 4897 Nam
1597 4843 1721 4898 dum
1768 4846 1948 4899 trabes
1992 4845 2049 4899 in

502 4936 672 4989 ‹;‹;ιιιίε
703 4934 815 4988 suis
844 4948 951 4988 non
980 4933 1440 4999 animadvertunt,
1481 4947 1653 5002 neque
1682 4934 2050 5003 lippitudinem

505 5028 618 5081 suis
646 5026 937 5079 luminibus
961 5025 1197 5079 adimere
1231 5014 1506 5096 satagunt,
1555 5025 1780 5078 aliorum
1821 5022 2053 5079 festucas

502 5117 715 5172 curiose
744 5114 1048 5182 inquirunt,
1079 5130 1364 5184 rerumque
1393 5114 1681 5169 admodum
1712 5113 1949 5167 tenuium
1975 5114 2053 5166 vi-

506 5209 744 5275 liumquc
771 5211 825 5259 et
849 5205 1043 5260 nullius
1071 5220 1203 5274 pene
1230 5206 1485 5260 momenti
1510 5217 1671 5258 causa
1699 5202 1907 5271 linguas
1931 5217 2055 5256 suas

502 5306 692 5367 contra
737 5297 992 5368 primates
1039 5297 1202 5367 impie
1246 5297 1648 5362 virulcuterque
1694 5299 1954 5356 exerunt,
2000 5300 2056 5346 et

503 5390 753 5458 utrinque
777 5388 1136 5444 amarulenter
1160 5386 1526 5453 scelerateque
1546 5380 1869 5453 jaculantur.

580 5481 769 5536 Verum
811 5481 1105 5539 certamine
1152 5479 1255 5533 hoc
1303 5490 1425 5529 cum
1473 5474 1557 5526 his
1605 5479 1766 5524 tantae
1806 5470 2055 5551 potentiae

510 5571 747 5629 hostibus
776 5582 1047 5644 suscepto,
1091 5567 1244 5636 cuius
1284 5565 1509 5619 alterius
1548 5576 1704 5632 opem
1733 5576 1797 5616 ac
1824 5564 2056 5630 patroci-

511 5664 653 5720 tiiain
680 5664 955 5737 implerem
988 5657 1359 5722 commodius,
1411 5667 1571 5724 quam
1621 5651 1761 5707 illius
1806 5652 1896 5722 qui
1942 5653 2054 5706 htec

2150 560 2243 612 τῆς
2269 553 2525 623 βασιλείου
2556 556 2702 615 αὐλῆς
2746 562 2827 610 καί
2860 566 2958 613 τῶν
3008 562 3227 615 ἀστικῶν
3270 566 3495 639 θορύϐων
3533 571 3709 641 ττόρρω
3758 580 3765 583 ’

2148 663 2249 697 που
2281 645 2600 714 ἀπαγόμενος
2630 646 2982 720 διεσκὰνωμαι,
3025 653 3272 721 ἰσχατιὰν
3307 662 3432 723 γοῦν
3473 680 3587 713 τινα
3617 681 3709 715 κα-

2148 733 2453 803 ταλαμϐάνω
2491 731 2581 789 καί
2611 739 2919 810 ἀκρώρειαν,
2948 746 3200 815 τραχεῖάν
3234 765 3286 796 τε
3321 739 3482 799 οὖσαν
3522 752 3603 802 καί
3623 748 3711 804 δυ·-

2150 825 2460 900 σπρόσοδον·
2491 828 2713 889 σταδίοις
2753 829 2901 891 οὗτος
2930 834 3106 904 ὀλίγοις
3138 838 3255 908 περί
3297 842 3386 894 τήν
3414 840 3709 909 Προπόντιον

2149 919 2346 988 χώραν,
2376 926 2464 972 τοῦ
2496 919 2751 989 βασιλείου
2779 922 3065 995 διειργόμην
3101 923 3479 999 Ιδιειργεμὲνην]
3503 926 3707 993 ἄστεος,

2146 1002 2403 1062 abruma
2485 1011 2579 1071 τὰς
2633 1010 2895 1085 διατριϐὰς
2949 1016 3197 1068 ποιεῖσθαι
3253 1016 3593 1086 ἐσπούδαζον,
3640 1022 3708 1079 ὡς

2149 1093 2248 1168 ἆρα
2282 1101 2323 1152 εί
2364 1097 2633 1171 δυναίμην,
2660 1111 2749 1155 τοῦ
2788 1108 3037 1177 μονηρους
3070 1106 3185 1173 βίου
3228 1107 3580 1177 ἐφαπτόμενος,
3627 1113 3708 1163 καί

2148 1195 2298 1241 τοῦτο
2338 1192 2436 1261 γάρ
2483 1193 2757 1262 ἠπειγόμην
2803 1196 2855 1247 ἐκ
2894 1196 3149 1258 πλείονος,
3185 1197 3265 1249 καί
3308 1218 3384 1257 τις
3426 1197 3555 1271 iam;
3594 1196 3707 1271 εἶχε

2147 1284 2237 1335 τῆς
2273 1279 2477 1351 ἐρημίας
2517 1284 2599 1335 καί
2644 1284 2876 1350 ἠτυχίας
2930 1282 3244 1351 δεινότατος,
3298 1291 3419 1358 μήτε
3463 1290 3709 1358 ἀλλαχόθι

2148 1385 2234 1417 ποι
2262 1367 2320 1419 τό
2360 1368 2519 1443 τέρμα
2545 1378 2634 1427 τῆς
2666 1374 2813 1432 ζωῆς,
2853 1370 2882 1429 ἧ
2911 1372 3117 1426 ἐνταῦθα
3166 1375 3533 1442 ἀπολήψεσθαι.
3582 1376 3709 1433 Ἀλλ’

2147 1451 2319 1511 ἔπειδή
2372 1477 2426 1524 γε
2470 1460 2526 1509 οὐ
2583 1463 2738 1513 πᾶσιν
2788 1459 2990 1515 ἅπαντα
3048 1463 3178 1517 κατᾶ
3222 1468 3421 1536 γνώμην
3469 1468 3709 1523 ἐκϐαίνειν

2148 1536 2248 1593 οἷόν
2291 1563 2378 1605 τε,
2419 1543 2677 1619 ᾁλλ’ἷστιν
2725 1546 2887 1617 ἐφόἶς
2935 1553 3018 1603 καί
3060 1553 3117 1604 τὸ
3158 1557 3329 1623 χρεὼν
3372 1555 3708 1628 ἕπρυτάνευσε

2147 1631 2230 1681 καί
2270 1631 2337 1688 ὦς
2373 1625 2431 1683 ἂν
2465 1632 2691 1702 βούλοιτο
2736 1638 2891 1697 Θεὸς,
2924 1637 2980 1690 τό
3022 1638 3183 1711 πέρας
3225 1647 3322 1693 τῶν
3368 1642 3708 1714 ἐγχειρήσεων

2147 1716 2420 1774 ἐπιτίθησι⁹
2446 1721 2728 1784 συμϐέϐηκε
2761 1730 2911 1778 τοῦτο
2934 1727 3099 1778 τοίνυν
3122 1731 3202 1781 καί
3240 1729 3315 1780 ἐπ’
3336 1730 3470 1799 ίμοί.
3500 1734 3586 1784 lati
3611 1741 3708 1785 τῶν

2075 1788 2123 1846 Β
2149 1808 2277 1859 κατὰ
2335 1812 2450 1861 νοῦν
2495 1806 2827 1883 διημάρτηκα,
2875 1815 2954 1866 καί
3002 1816 3089 1867 οὐκ
3125 1811 3236 1870 οἶδα
3282 1814 3351 1875 οἷς
3406 1821 3646 1889 κρίμασιν
3682 1821 3707 1875 ό

2148 1897 2315 1947 ταῦτα
2366 1901 2740 1972 συγχωρήσας,
2790 1903 2875 1953 καί
2923 1900 3149 1974 παριδὼν
3189 1904 3309 1963 Θεὸς
3364 1906 3702 1973 ἐξεπίσταται,

2149 1981 2487 2042 ἀπεσπάσθην
2526 1993 2615 2044 τῆς
2649 1988 2787 2054 φίλης
2822 1990 3050 2062 ἐρημίας,
3095 1995 3179 2044 καί
3217 1994 3301 2046 ἐπί
3335 1998 3422 2052 τὴν
3461 1994 3709 2065 βασῦςεεον

2150 2070 2339 2142 [πάλιν]
2365 2073 2553 2142 ἤχθην,
2586 2077 2654 2135 ὡς
2684 2077 2784 2131 ὑπὸ
2821 2086 2928 2147 Θεῷ
2955 2083 3207 2156 μάρτυρι.
3242 2082 3389 2154 ψήφῳ
3426 2089 3511 2139 καί
3545 2092 3707 2159 κρίσει

2148 2170 2247 2216 τῶν
2291 2172 2560 2221 τηνικαῦτα
2599 2168 2647 2219 ἐν
2683 2169 2788 2227 τοῖς
2827 2170 3099 2239 βασιλείοις
3142 2171 3466 2246 ίνιδρυμένων
3510 2179 3702 2240 θώκοις,

2148 2259 2234 2306 τοῦ
2277 2274 2331 2307 τε
2368 2253 2528 2309 κοινοῦ
2579 2264 2669 2316 τῆς
2707 2257 3005 2318 Ἐκκλησίας
3064 2262 3202 2334 ἱεροῦ
3253 2270 3579 2333 συστήματος
3622 2270 3705 2322 καί

2146 2350 2238 2401 τῆς
2268 2346 2546 2414 συγκλήτου
2586 2346 2790 2415 βουλῆς,
2820 2349 3276 2419 συμϐραϐευόντων
3298 2355 3623 2425 ἀπαραίτητα
3652 2377 3701 2410 τε

2145 2433 2227 2483 καί
2272 2434 2645 2505 ἁσυγχώρητα,
2697 2436 2901 2508 ἐπείπερ
2958 2437 3051 2495 ἤδη
3090 2448 3180 2498 τῆς
3219 2440 3477 2509 βασιλίδος
3514 2443 3537 2496 ό
3577 2446 3689 2519 πρό·

2148 2519 2292 2595 εδρος
2347 2524 2429 2577 τὸν
2482 2525 2591 2593 βίον
2639 2528 2929 2595 μετήλλαξεν
2952 2568 2966 2590 ,
3008 2521 3091 2583 οἷά
3146 2552 3243 2604 περ
3300 2530 3558 2607 ἅνθρωπος
3619 2537 3702 2590 τόν

2147 2611 2469 2684 ἀνθρώπινον,
2501 2613 2798 2683 οἶγεκαίτοι
2829 2616 2984 2670 πολλὰ
3019 2621 3395 2689 ὑπερτιθέμενον
3421 2625 3501 2673 καί
3529 2625 3702 2676 ἀπαυ-

2148 2697 2527 2769 θαδειαζόμενον
2564 2703 2646 2755 ἐπὶ
2690 2704 2772 2757 τόν
2811 2704 3060 2777 ίερατεκόν
3093 2715 3288 2763 τουτονί
3330 2709 3496 2781 θρόνον
3540 2715 3700 2787 προό-

2145 2814 2296 2864 γανγον
2323 2836 2337 2859 ,
2386 2797 2677 2871 τυραννίδος
2755 2803 2940 2872 μᾶλλον
3006 2802 3036 2861 ἦ
3093 2807 3297 2866 πειθοῦς
3357 2804 3499 2880 ἔργον
3564 2809 3702 2878 γινό-

2088 2884 2093 2893 ’
2147 2903 2309 2951 μενον.

2215 2973 2348 3030 Ἐπεί
2391 2972 2476 3029 οὖν
2521 2982 2602 3033 καί
2638 2986 2706 3049 μὴ
2751 2982 3050 3051 βουλόμενος
3091 2986 3176 3040 τόν
3217 2988 3364 3059 ζυγόν
3408 2986 3548 3043 τόνδε
3584 2988 3704 3041 ὑπί-

2152 3062 2356 3138 δραμον,
2389 3071 2469 3121 καί
2498 3072 2591 3128 τὰς
2615 3072 2875 3145 φροντίδας
2906 3075 3238 3149 ἀναδέδεγμαι
3272 3082 3360 3132 οὐκ
3396 3081 3562 3144 ἀξίως,
3594 3078 3702 3136 oud}

2153 3160 2219 3216 ὡς
2269 3168 2488 3231 προσῆκε
2524 3169 2585 3234 τῇ
2631 3163 2841 3239 χάριτι,
2878 3163 3074 3220 δέδοικα
3110 3172 3199 3237 μὲν
3235 3177 3435 3243 πρῶτον
3466 3172 3559 3232 τὰς
3591 3192 3704 3228 ποι-

2149 3248 2285 3306 κίλας
2338 3252 2423 3302 καί
2472 3250 2817 3313 πολυπλόκους
2883 3260 3266 3332 μηχανουργίας
3319 3257 3407 3313 τοῦ
3464 3267 3702 3330 σοφιστοῦ

2148 3343 2239 3397 τῆς
2264 3340 2470 3403 κακίας,
2495 3342 2578 3393 καί
2614 3348 2712 3394 τῶν
2755 3352 2983 3416 πονηρῶν
3023 3350 3103 3399 καί
3150 3349 3377 3422 ἀοράτων
3405 3353 3706 3421 πνευμάτων

2148 3434 2236 3486 τὴν
2287 3430 2660 3498 ἐπανάστασιν,
2692 3439 2885 3503 μήποτε
2930 3439 3115 3508 ’γυμνόν
3149 3442 3228 3492 καί
3278 3430 3466 3494 ἄοπλον
3511 3449 3610 3497 τῶν
3650 3444 3703 3498 ίκ

2147 3526 2239 3577 τῆς
2294 3521 2477 3589 ἀρετῆς
2525 3525 2919 3595 κατορθωμάτων
2986 3528 3334 3597 ἓπειλημμένα.
3384 3527 3541 3584 Οῦπω
3605 3537 3704 3605 γάρ

2148 3626 2209 3675 με
2241 3615 2345 3665 τοῖς
2373 3619 2728 3679 πνευματικοῖς
2753 3614 2833 3664 καί
2858 3614 3003 3673 θείοις
3039 3613 3518 3688 παιδοτριϐοὐμενον
3547 3616 3701 3687 ἔγνω-

2149 3720 2270 3761 σαν,
2302 3700 2331 3757 ἧ
2364 3709 2426 3773 τῇ
2462 3702 2573 3757 κατ’
2594 3704 2755 3756 αὐτῶν
2804 3705 3262 3777 ἕγγεγυμνασμὲνον
3287 3706 3316 3766 ἦ
3345 3705 3702 3780 διαγωνισάμε-

2148 3809 2228 3839 νον
2254 3791 2384 3863 πάλη
2412 3790 2783 3861 προσέϐλεψαν,
2813 3800 2919 3852 τοῖς
2949 3801 3037 3852 τῆς
3067 3793 3323 3866 ἁμαρτίας
3348 3800 3701 3872 τιτρώσκοντες

2150 3878 2316 3948 βέλεσι
2350 3881 2406 3933 τό
2446 3879 2735 3941 Ἐκκλησίας
2778 3882 3024 3936 θεὸλεκτον
3051 3885 3371 3959 ὐπορρήξωσι
3403 3906 3590 3956 σι.φος,
3622 3890 3703 3939 και

2149 3975 2237 4025 την
2266 3968 2504 4025 εὔτακτον
2528 3974 2714 4031 ταύτης
2743 3975 3065 4045 παράστασιν
3091 3972 3487 4045 διαλυμήνωνται
3516 3984 3587 4048 τῷ
3612 3984 3696 4031 τοῦ

2150 4058 2387 4117 ἀϐούλως
2429 4064 2510 4113 καί
2558 4063 2760 4129 ἀμαθῶς
2812 4065 3209 4137 ταξιαρχώντος
3262 4065 3701 4136 ίπικαγχὰσαντες

2149 4152 2403 4218 πτώματι.
2426 4148 2636 4206 Ἐπειτα
2670 4150 2722 4205 δέ
2756 4150 2872 4205 ίδών
2900 4156 2984 4207 καί
3011 4162 3100 4213 τῆς
3134 4155 3305 4225 ἀρχῆς
3336 4156 3391 4210 τό
3418 4156 3701 4210 ἐπείσακτον

2150 4244 2234 4294 καί
2263 4243 2511 4313 ἐπίφθονον
2546 4249 2644 4296 τῶν
2686 4244 3056 4313 βασκαινόντων
3104 4244 3369 4301 ῦπείδοιεαι
3404 4246 3463 4299 τό
3507 4245 3702 4319 δολερὸν

2149 4331 2232 4381 καί
2272 4330 2504 4390 κακόηθες
2528 4328 2572 4382 οἳ
2599 4334 2757 4402 πάντῃ
2802 4331 3051 4403 ἐπιτηρεῖν
3100 4330 3442 4396 σπουδάζουσι
3486 4336 3550 4387 τὰ
3586 4335 3703 4403 ἡμί-

2074 4452 2126 4511 D
2150 4439 2273 4492 τερα
2318 4415 2375 4472 εὗ
2414 4439 2467 4473 τε
2499 4421 2577 4471 καί
2609 4421 2674 4478 ὡς
2700 4419 2880 4490 ἕτέρως
2910 4418 3118 4489 ἔχοντα.
3151 4423 3252 4486 Τᾴς
3281 4425 3367 4490 μὲν
3400 4420 3572 4481 δοκοὺς
3600 4429 3702 4485 τοῖς

2155 4510 2343 4563 ἑαυτῶν
2432 4511 2741 4580 ἰπικημένας
2779 4513 2834 4564 οὐ
2874 4511 3131 4580 βλέποντες
3168 4509 3407 4582 ὄμμασιν,
3453 4512 3567 4566 οῦδὶ
3612 4517 3701 4570 τήν

2152 4599 2308 4672 λήμην
2337 4602 2436 4654 ἀπό
2460 4607 2559 4655 τῶν
2583 4601 2837 4672 ὀφθαλμῶν
2858 4603 3203 4676 προκαθαίρειν
3230 4603 3535 4674 αἱρούμενοι,
3564 4602 3704 4656 ἁλλό-

2154 4712 2271 4765 τρια
2316 4690 2368 4745 δὲ
2414 4693 2572 4764 κάρφη
2613 4693 3062 4766 περιεργαζόμενοι,
3092 4696 3177 4746 καί
3220 4701 3441 4767 σμικρῶν
3471 4690 3596 4763 ἄγαν
3623 4696 3705 4746 καί

2155 4782 2356 4836 εὐτελῶν
2379 4776 2563 4845 ἕνεκεν,
2594 4785 2677 4836 καί
2707 4790 2791 4837 τοῦ
2821 4783 3028 4854 μηδενός
3063 4781 3212 4853 λόγου
3257 4787 3403 4846 ἀξίων
3428 4786 3520 4844 τάς
3548 4786 3704 4854 γλώσ-

2158 4892 2256 4929 σας
2292 4871 2383 4930 τάς
2412 4871 2601 4925 ἑαυτῶν
2638 4866 2764 4926 κατᾶ
2807 4879 2903 4926 τῶν
2944 4872 3268 4946 προεχόντων
3317 4874 3527 4930 ἀνοσίως
3566 4871 3701 4925 ὁπλί-

2152 4963 2320 5027 ζουσι,
2361 4964 2443 5015 καί
2492 4962 2830 5035 ἀμφοτέρωθεν
2878 4970 3069 5035 πικρῶς
3117 4966 3200 5017 καί
3250 4961 3531 5018 ἀδικώτατα
3581 4962 3703 5034 βάλ-

2148 5051 2311 5105 λουσι.

2218 5470 2355 5526 ’Δλλά
2391 5475 2587 5527 τουτονί
2629 5469 3017 5545 ἀναδεδέγμενος
3056 5474 3138 5528 τὸν
3172 5474 3369 5547 ἀγῶνα,
3401 5478 3497 5529 τίνι
3538 5473 3703 5527 λοιπόν

2152 5565 2332 5637 apem/(,3
2364 5585 2448 5618 και
2494 5564 2797 5637 συλληπτορι
2839 5565 3181 5636 χρήσομαι,ἦ
3227 5574 3298 5636 τῷ
3335 5573 3493 5619 ταῦτα
3538 5586 3703 5634 παρα-

2152 5661 2410 5728 χωροῦντι
2475 5651 2752 5727 Θεῷ;ῐ1αρ”
2782 5650 2838 5709 οὗ
2889 5656 3063 5717 ἐξενιτῶ
3116 5657 3269 5732 μὀπην
3325 5659 3405 5709 καί
3446 5656 3697 5725 βοήθειαν,
