4038 6354
742 210 848 273 283

1865 217 2180 278 NICOLAI
2222 219 2334 278 ΠΡ.
2377 219 2884 282 PATRIARCH/E
3296 259 3299 262 -
3865 229 3947 287 Bel

746 322 1075 391 glorilicetur
1101 323 1246 379 Deus
1281 325 1335 379 in
1366 325 1490 389 illis,
1533 323 1911 393 glorificemini
1943 337 1994 382 et
2023 345 2139 394 vos,
2167 345 2298 400 pra:-

2407 332 2618 396 σεσείας
2643 335 2704 386 ὲκ
2727 333 2835 386 τῶν
2875 335 2966 387 ὑπ’
2993 335 3200 390 ἐκείνου
3233 338 3610 408 κατεχομένων
3635 339 3847 409 ψυχῶν,
3879 346 3949 393 καὶ

746 414 1112 470 ειεηιίεωευιο
1163 425 1217 471 et
1268 415 1471 483 futuro,
1517 415 1698 472 divina
1749 427 1802 473 et
1847 420 2135 474 immortali
2187 422 2300 491 glo-

748 518 868 562 την

742 685 922 756 ἀλύτῳ
953 687 1097 755 δόξῃ.

821 776 923 831 Vos
941 779 1128 834 multis
1149 779 1375 835 detineri
1400 782 1530 847 scio,
1553 782 1841 853 multisque
1863 785 2059 840 arctari
2081 800 2294 842 sacram

746 880 980 925 vestram
1013 872 1202 927 vitam.
1237 874 1345 944 Ego
1382 876 1552 940 enim,
1585 888 1644 932 ut
1674 878 1881 948 justum
1912 887 2018 943 est,
2054 879 2156 934 loci
2203 893 2298 935 so-

745 960 1026 1015 litudinem
1084 974 1357 1033 reputans,
1430 967 1667 1021 virorum
1740 969 2065 1037 quibuscum
2121 969 2300 1024 vivitis

744 1066 946 1117 mores,
968 1062 1020 1108 et
1043 1053 1238 1110 indolis
1261 1056 1638 1112 diversitatem
1670 1053 1700 1113 a
1732 1069 1916 1115 vestro
1944 1061 2302 1130 apocrisiario

741 1141 993 1201 edoceor.
1028 1146 1277 1201 Attamen
1308 1163 1372 1202 ea
1399 1165 1519 1217 qua:
1557 1165 1702 1206 nunc
1734 1161 1861 1205 sunt
1891 1167 1996 1207 non
2029 1162 2154 1206 sunt
2179 1169 2303 1207 con-

748 1234 919 1302 digna:
950 1241 1018 1289 ad
1043 1238 1281 1307 futuram
1311 1241 1538 1310 gloriam
1569 1259 1684 1311 qua:
1710 1243 2022 1297 revelabitur
2050 1245 2103 1298 in
2130 1244 2313 1312 nobis;

743 1327 806 1378 ad
840 1343 1000 1394 quam
1041 1330 1371 1399 aspicientes
1399 1335 1749 1404 laboremque
1787 1346 1840 1390 et
1886 1338 2165 1406 angustias
2215 1354 2306 1395 se-

2405 423 2784 486 ἀνατέλλοντες
2809 426 2989 487 αὐτοῖς
3032 429 3130 495 τῆς
3179 429 3449 497 σωτηρίας
3488 431 3547 480 τὸ
3576 430 3783 497 φέγγος
3807 447 3821 460 ’
3858 431 3950 492 ἶνα,

2401 513 2468 565 δι’
2488 513 2639 582 ὑμῶν
2661 518 2756 583 τῆς
2782 516 3012 578 πίστεως
3035 517 3218 570 αὐτόθι
3241 519 3650 588 κρατυνθείσης,
3677 520 3950 588 δοξᾶιξηται

747 594 845 663 μὲν
870 597 898 647 ὁ
933 596 1065 658 Θεὸς
1107 599 1164 649 ἐν
1219 597 1426 664 αὐτοῖς,
1457 597 1800 671 δοξασθείητε
1841 601 1897 654 δὲ
1929 605 2021 656 καὶ
2052 574 2209 672 ὑμεῖς
2250 603 2308 657 ὲν
2347 605 2423 674 τῷ
2484 606 2710 676 παρόντι
2761 609 2920 686 αἰῶνι.
2953 609 3048 663 καὶ
3112 611 3168 662 ὲν
3244 574 3319 677 si};
3366 574 3608 680 μέλλοντι
3642 615 3707 682 τῇ
3733 574 3952 682 θεέᾳικίι

2478 779 2608 837 Οἶδα
2642 783 2741 853 μὲν
2769 783 2852 836 ὅτι
2899 783 3067 836 πο).λά
3097 785 3163 836 τὰ
3199 785 3489 854 συνέχοντα
3528 786 3692 855 ὑμᾶς,
3736 790 3835 842 καὶ
3876 794 3954 860 τὴν

2405 874 2558 946 ιεράν
2585 874 2736 943 ὑμῶν
2796 878 3226 945 στενοχιυροῦντα
3279 878 3422 950 ζωήν
3452 897 3465 912 ⁸
3492 882 3653 944 αὐτός
3705 899 3765 935 τε
3797 885 3870 946 ὼς
3894 888 3954 936 el-

2409 967 2502 1032 κὸς
2536 966 2980 1034 ἀναλογιζόμενος
3008 968 3101 1020 τοῦ
3122 969 3287 1022 τόπου
3314 973 3410 1040 τὴν
3441 973 3700 1042 ἐρημίαν,
3728 975 3827 1027 καὶ
3865 978 3954 1028 τῶν

2411 1059 2620 1129 ἀνδρῶν
2646 1055 2725 1119 οἷς
2755 1059 3066 1128 συνδιάγετε
3098 1061 3189 1114 τὸν
3218 1062 3437 1131 τρόπον,
3466 1065 3560 1117 καὶ
3591 1065 3684 1117 τοῦ
3724 1067 3891 1135 ἧθους
3913 1068 3957 1118 τὺ

2410 1151 2687 1221 ἀλλότριον
2711 1151 2806 1205 καὶ⁵
2863 1151 3010 1222 παρά
3043 1151 3136 1205 τοῦ
3184 1154 3336 1223 ὑμῶν
3368 1155 3794 1227 ἀποκρισιαρίου
3816 1159 3955 1211 τοῦτο

2407 1242 2540 1297 αύτδ
2600 1242 2886 1312 διδαχθείς.
2924 1244 3113 1314 Ὅμως
3164 1244 3262 1299 οὐκ
3299 1246 3422 1311 ἀξια
3456 1248 3522 1300 τά
3559 1249 3710 1317 παρά
3742 1249 3842 1301 τοῦ
3880 1251 3954 1302 νῦν

2407 1333 2599 1404 καιροῦ
2654 1334 2788 1404 πρὸς
2841 1334 2939 1403 τὴν
2987 1335 3282 1404 μέλλουσαν
3310 1337 3466 1401 δόξαν
3511 1339 3955 1409 ἀποκαλυφθῆναι

739 1417 920 1472 eundo
958 1419 1079 1474 loco
1129 1432 1427 1489 ponentes,
1500 1426 1807 1480 beatificum
1873 1439 2114 1484 vestrum
2168 1445 2298 1500 opus

2407 1426 2554 1496 ὑμῖν,
2597 1427 2734 1495 πρὸς
2761 1425 2829 1496 ἠν
2856 1427 3165 1498 ἀφορῶντες
3194 1428 3285 1480 καὶ
3312 1428 3403 1482 τον
3432 1430 3591 1483 πόνον
3613 1433 3707 1484 καὶ
3735 1431 3838 1500 τὴν
3865 1451 3957 1484 στε-

739 1508 982 1577 perficite
1023 1522 1077 1565 et
1108 1513 1256 1566 omni
1298 1524 1498 1570 conatu
1550 1519 1858 1575 firmitatem
1914 1539 2105 1579 recens
2156 1539 2298 1580 com-

2405 1517 2668 1588 νοχωρίαν
2706 1520 2763 1571 ὲν
2786 1519 3024 1590 δευτέρῳ
3068 1518 3361 1590 τιθέμενοι,
3412 1519 3473 1572 τὸ
3510 1522 3788 1592 μακάριον
3819 1523 3957 1593 ἔργον

743 1602 959 1665 punctis
983 1603 1187 1670 addite,
1214 1617 1268 1660 et
1295 1607 1375 1662 eis
1406 1609 1775 1679 relinquentes
1799 1616 1890 1681 qui
1922 1631 2023 1684 pro
2055 1617 2205 1672 vobis
2242 1619 2298 1673 ad

2411 1609 2564 1676 ὑμῶν
2589 1606 2930 1672 τελειώσατε,
2975 1610 3067 1661 καὶ
3095 1609 3241 1680 πάσῃ
3281 1608 3505 1676 δυνάμει
3551 1611 3640 1662 τὸν
3667 1613 3957 1681 στηριγμὶν

739 1707 988 1747 securam
1022 1694 1165 1750 viam
1197 1713 1293 1753 eos
1330 1701 1579 1755 doctrina
1608 1703 1842 1772 dirigere
1867 1705 2066 1762 debent
2089 1724 2298 1762 eorum-

2402 1702 2510 1761 τοῖς
2543 1700 2827 1767 νεοπαγέσι
2878 1701 3304 1770 περιποιήσασθε
3331 1716 3345 1730 ·
3398 1703 3492 1754 καὶ
3529 1703 3954 1772 καταλιμπάνον-

736 1798 842 1850 que
875 1785 1103 1840 salutem
1141 1804 1375 1857 curare;
1420 1801 1662 1861 tempore
1711 1810 1804 1849 vos
1839 1796 2105 1851 invitante
2145 1799 2298 1853 sin.ul

2402 1808 2492 1853 τες
2518 1791 2700 1853 αὐτοῖς
2733 1793 2857 1852 τοὺς
2887 1789 3174 1860 ἀνθ’ύμών
3211 1790 3502 1860 μέλλοντας
3550 1795 3614 1861 τῇ
3647 1793 3956 1861 διδασκαλία

739 1887 802 1925 ac
855 1876 1213 1941 inspiratione
1254 1882 1480 1947 divina,
1530 1886 1595 1939 ad
1650 1897 1890 1940 nostram
1943 1890 2298 1948 humilitatem

2405 1888 2538 1951 πρὸς
2561 1882 2658 1954 τὴν
2706 1881 2919 1950 ἀπλανῆ
2957 1882 3071 1934 ὁδὸν
3096 1885 3316 1944 τούτους
3356 1882 3859 1952 καθοδηγήσασθαι,
3886 1884 3954 1936 καὶ

743 1966 1024 2063 accurrite,
1056 1971 1286 2038 prapriis
1325 1970 1502 2031 verbis
1534 1987 1772 2032 nostram
1803 1981 2134 2052 adaugentes
2178 2001 2300 2056 gra-

745 2060 873 2106 tiam
901 2074 1062 2124 quam
1092 2076 1154 2115 cx
1185 2063 1250 2120 iis
1291 2065 1384 2136 qui
1432 2067 1496 2122 ad
1531 2070 1806 2126 Christum
1842 2089 1936 2141 per
1973 2075 2298 2144 baptismum

734 2145 1082 2205 adducuntur
1111 2157 1474 2227 possidemus,
1494 2171 1546 2214 et
1574 2161 1830 2218 Ecclesia:
1860 2165 2060 2219 Iaelilia:
2093 2170 2309 2235 partici-

734 2246 924 2306 pantes
955 2259 1117 2310 quam
1156 2247 1444 2302 invocatur
1478 2251 1580 2304 sibi
1626 2253 1725 2321 ipsi
1757 2257 2100 2324 sperantibus
2126 2273 2217 2326 per
2249 2273 2306 2311 se

736 2329 910 2398 ipsum
941 2334 1187 2392 adhibuit
1216 2340 1307 2409 qui
1350 2351 1430 2396 est
1489 2358 1585 2412 per
1629 2344 1865 2413 seipsum
1906 2345 2153 2400 Salvator
2209 2363 2304 2402 no-

733 2432 846 2477 ster
873 2433 925 2477 et
964 2425 1127 2486 Deus.
1963 2434 1970 2440 ’

2405 1976 2500 2043 τῆς
2534 1972 2806 2042 σωτηρίας
2854 1971 3034 2024 αὐτῶν
3085 1971 3594 2041 ἀντιλαμϐάνεσθαι,
3641 1973 3843 2042 καιροῦ
3874 1990 3954 2025 κα-

2405 2064 2623 2128 λοῦντος
2657 2065 2796 2133 μετὰ
2845 2064 2943 2132 τῆς
2985 2063 3190 2118 ἀνωθεν
3230 2063 3653 2128 συνεπινεύσεως
3708 2065 3847 2132 πρὸς
3876 2071 3956 2134 τὴν

2411 2157 2568 2226 ἡμῶν
2615 2156 2951 2226 ἀναδράμετε
3001 2154 3365 2224 μετριότητα,
3431 2155 3652 2217 οἰκείοις
3699 2173 3762 2208 τε
3800 2156 3953 2222 λόγος

2410 2250 2664 2314 αὔξοντες
2698 2247 2854 2315 ἡμῶν,
2880 2245 2976 2313 τὴν
3029 2247 3205 2315 χάριν,
3242 2248 3307 2316 ἧν
3354 2247 3443 2297 ἐπὶ
3475 2248 3584 2309 τοῖς
3624 2247 3952 2317 προσαγομέ-

2407 2359 2518 2405 νοις
2567 2339 2786 2410 Χριστῷ
2855 2339 2930 2410 τῷ
2982 2339 3099 2408 Θεῷ
3158 2340 3312 2408 ἡμῶν
3373 2341 3688 2411 κεκτήμεθα
3744 2341 3836 2393 διὰ
3881 2339 3951 2391 τοῦ

2410 2434 2807 2504 βαπτίσματος,
2837 2433 2931 2485 καὶ
2952 2430 3410 2504 συνησθησόμενοι
3443 2435 3535 2488 ὲπὶ
3567 2439 3630 2505 τῇ
3660 2433 3950 2504 εὐφροσύνη

733 2511 833 2575 τῆς
911 2516 1256 2590 Ἑκκλησίας,
1307 2523 1373 2593 ἦν
1438 2523 1807 2597 παρακληθεὶς
1865 2526 1954 2597 ὑφ’
2016 2524 2210 2583 ἑαυτοῦ
2275 2526 2304 2580 ὸ
2356 2524 2546 2597 Σωτὴρ
2627 2524 2785 2595 ήμῶν
2843 2521 2936 2577 καὶ
2998 2522 3130 2585 Θεὸς
3189 2525 3301 2587 τοῖς
3363 2523 3449 2577 tn’
3497 2523 3647 2595 αὑτῷ
3698 2525 3950 2597 παρέτχεν

731 2607 1066 2673 ἐλπίζουσιν.

1215 2691 1217 2693 Ι
1289 2725 1502 2786 LXXX.
1543 2729 1775 2788 Incerto.

805 2835 1036 2894 Litteras
1080 2848 1232 2908 tuas,
1266 2843 1341 2898 mi
1385 2842 1489 2910 fili,
1527 2846 1801 2917 aceepimu
1853 2856 1946 2912 aet
1978 2846 2045 2904 de
2077 2856 2292 2904 castro-

2989 2723 3069 2777 H'.
3112 2723 3350 2794 Ἁδήλῳ.
3601 2723 3605 2725 ’
3685 2805 3688 2810 Ι

2469 2844 2550 2899 Τά
2569 2843 2873 2915 γράμματά
2926 2859 3041 2909 σου,
3066 2845 3257 2898 τέκνον
3301 2845 3479 2914 ἡμῶν,
3514 2847 3850 2917 ἐδεξάμεθα,
3876 2851 3946 2903 καί

740 2948 858 2988 rum
889 2933 1211 3001 vastatione,
1241 2944 1531 3006 antequam
1564 2938 1689 2993 inde
1707 2937 1904 3002 exires,
1926 2945 1980 2992 et
2009 2946 2061 2993 te
2081 2947 2135 2994 et
2161 2939 2295 2994 alios

2402 2938 2530 3007 περὶ
2586 2937 2685 3006 τῆς
2731 2936 3065 3007 ἐρημώσεως
3116 2937 3226 2988 τών
3273 2937 3525 3009 κάστρων
3574 2938 3668 2991 καὶ
3714 2941 3832 3011 πρὸ
3876 2941 3948 2993 τοῦ

735 3025 1077 3092 audivimus;
1121 3034 1175 3080 et
1215 3028 1329 3082 scio
1373 3035 1423 3082 te
1470 3037 1600 3082 tunc
1645 3045 1770 3083 vera
1813 3030 2016 3084 dixisse
2064 3040 2110 3084 et
2151 3021 2296 3085 nunc

733 3118 932 3173 dicere.
966 3116 1039 3173 Ea
1069 3119 1228 3188 igitur
1251 3120 1489 3175 scribere
1519 3122 1888 3192 supersedens
1914 3123 2074 3177 nobis
2119 3123 2296 3178 scribe

739 3220 811 3272 te,
867 3209 976 3264 Deo
1032 3211 1340 3280 adiuvante,
1387 3227 1567 3267 rerum
1621 3222 1947 3267 vastatarum
1986 3214 2294 3276 restitutio-

737 3314 857 3350 nem
890 3298 1104 3363 fecisse,
1135 3301 1316 3355 omnia
1343 3318 1464 3372 quze
1519 3303 1728 3371 priores
1773 3303 1938 3357 duces
1976 3304 2295 3373 negligentia

734 3405 832 3444 sua
867 3389 1231 3459 perdiderant,
1282 3402 1332 3448 te
1364 3392 1646 3462 prudentia
1693 3404 1781 3447 tua
1827 3394 2199 3463 acquisivisse,
2235 3403 2290 3446 et

735 3495 867 3534 cura
906 3490 996 3534 tua
1025 3483 1318 3539 stabilisse.
1344 3483 1422 3537 Ita
1443 3486 1585 3539 enim
1612 3483 1785 3553 major
1813 3483 2093 3554 apparebit
2124 3483 2297 3537 virtus

736 3580 848 3636 tua,
881 3578 933 3626 et
966 3586 1163 3643 magno
1191 3583 1379 3628 nostro
1423 3573 1741 3642 imperatori
1787 3574 2024 3642 placebis
2053 3573 2297 3644 dignam-

733 3678 840 3731 que
892 3665 958 3718 ab
990 3678 1056 3718 eo
1113 3666 1358 3719 mercede
1403 3664 1623 3720 frueris.
1673 3664 1749 3719 De
1799 3666 1978 3736 impiis
2023 3675 2077 3720 et
2122 3665 2297 3719 atheis

734 3753 983 3809 hostibus
1030 3754 1212 3810 sciens
1264 3772 1373 3809 non
1433 3755 1487 3809 in
1540 3755 1724 3825 populi
1785 3755 2129 3810 multitudine
2178 3769 2297 3809 esse

733 3845 922 3911 robur,
981 3847 1074 3901 sed
1135 3847 1189 3900 in
1244 3846 1453 3917 justitia
1516 3855 1681 3917 atque
1723 3845 2036 3907 concordia.
2082 3847 2295 3901 etiamsi

735 3954 940 4007 paucos
975 3939 1176 3994 habeas
1207 3940 1448 4020 milites”
1469 3940 1572 3994 hnc
1602 3953 1696 3994 eos
1726 3940 1880 4002 doce,
1925 3937 2139 3994 fortiter
2170 3953 2296 3994 cum

734 4032 839 4086 illis
902 4047 1101 4102 pugna,
1145 4040 1198 4087 et
1240 4032 1460 4088 Christo
1506 4043 1559 4088 et
1607 4030 1876 4086 Salvatori
1905 4040 2094 4086 nostro
2126 4031 2298 4084 innixi

731 4139 1016 4192 speramus
1055 4133 1108 4180 te
1138 4125 1206 4181 iis
1239 4125 1332 4196 qui
1365 4127 1417 4180 in
1451 4125 1629 4195 populi
1665 4124 2035 4195 magnitudine
2067 4122 2300 4192 glorian-

732 4226 820 4270 tur
846 4216 984 4271 felici
1004 4233 1261 4274 successu
1293 4228 1670 4289 regnaturum.

2399 3027 2637 3093 ἐξελθεῖν
2667 3043 2724 3079 σε
2753 3027 2860 3078 τῶν
2889 3027 3121 3080 ἐνταῦθα
3156 3028 3282 3090 τοὺς
3310 3027 3499 3094 λόγους
3521 3029 3848 3100 ἠκούσαμεν
3882 3031 3944 3083 καί

2401 3119 2550 3188 παρά
2576 3118 2690 3182 σοῦ,
2719 3119 2905 3171 τέκνον
2939 3118 3117 3186 ἡμῶν,
3147 3120 3238 3170 καὶ⁸
3261 3120 3388 3188 παρ’
3433 3119 3634 3189 ἑτέρων
3662 3136 3676 3151 ·
3727 3124 3831 3174 καὶ
3860 3118 3940 3175 alia

2397 3211 2478 3263 ὅτι
2529 3211 2624 3262 καὶ
2672 3210 2793 3261 τότε
2845 3209 3016 3280 ἀληθῆ
3063 3210 3265 3277 ἔλεγες,
3301 3211 3394 3263 καὶ
3433 3211 3527 3264 νῦν
3568 3211 3744 3283 ἀληθῆ
3774 3216 3930 3283 λέγει.

2399 3299 2728 3354 Καταλιπὼν
2786 3297 2878 3353 οὖν
2936 3302 3119 3353 ἐκεῖνα
3163 3301 3412 3370 γράφειν,
3441 3302 3647 3367 ἐκεῖνα,
3695 3304 3799 3356 τοῦ
3844 3301 3938 3358 8εὼ

2397 3388 2760 3462 δυναμοῦντός
2813 3408 2893 3455 σε,
2955 3395 3130 3462 γράφε
3186 3395 3337 3462 ἡμῖν,
3385 3394 3468 3446 ὅτι
3531 3393 3628 3461 τὴν
3680 3393 3944 3465 διόρθωσιν

2399 3483 2641 3554 ἐποιήσω
2660 3482 2768 3535 τῶν
2804 3481 3217 3551 ὲρημωθέντων,
3247 3483 3324 3535 ὅτι
3352 3484 3450 3536 ὅσα
3469 3484 3518 3536 οί
3545 3482 3649 3552 πρὸ
3682 3484 3784 3537 σοῦ
3813 3501 3947 3555 στρα-

2397 3575 2735 3643 τηγήσαντες
2764 3576 2828 3642 τῇ
2857 3573 3064 3625 ἑαυτῶν
3115 3574 3401 3625 ἀπώλεσαν
3449 3573 3700 3644 ἀμελείᾳ,
3736 3575 3948 3641 ταῦταῆ

2401 3666 2468 3736 σὴ
2495 3666 2751 3737 φρόνηοις
2780 3661 3134 3733 ἀνεκτήσατο,
3172 3664 3264 3717 καὶ
3300 3667 3367 3734 τῇ
3405 3667 3469 3734 σῇ
3503 3665 3800 3736 ἐπιμελείᾳ
3847 3680 3947 3717 ων-

2398 3755 2628 3822 εστῄσω.
2683 3752 2839 3805 Οὕτω
2894 3753 2999 3821 γὰρ
3055 3753 3146 3804 καὶ
3196 3753 3429 3823 ήάρετή
3490 3769 3582 3806 σου
3622 3754 3715 3808 ἐπὶ
3769 3753 3948 3824 μᾶλλον

2397 3843 2813 3915 διαφανήσεται,
2873 3847 2966 3898 καὶ
3030 3846 3120 3899 τὸν
3173 3848 3345 3916 μέγαν
3400 3846 3554 3917 ἡμῶν
3605 3847 3948 3918 θεραπεύσεις

2401 3937 2646 4006 βασιλέα,
2678 3938 2772 4008 καὶ
2800 3939 2896 4007 τῆς
2929 3937 3080 4002 ἀξίας
3113 3939 3241 4008 παρ’
3280 3940 3442 3993 αὑτοῦ
3475 3939 3798 4005 ἀντιδὸσεως
3833 3943 3947 3993 ἀπο·

2400 4029 2638 4094 λαύσιιις.
2705 4032 2838 4100 Περὶ
2894 4031 2953 4083 δὲ
3012 4033 3119 4083 τών
3161 4032 3370 4084 ἀσεϐῶν
3415 4035 3506 4085 καὶ
3537 4032 3714 4086 ἀθέων
3755 4033 3948 4103 ἐχθρῶν

2400 4119 2559 4172 τοῦτο
2588 4119 2889 4187 γινώσκων,
2924 4122 3008 4173 ὅτι
3037 4120 3135 4174 οὐκ
3168 4122 3224 4171 ἐν
3271 4120 3460 4190 πλήθει
3489 4119 3616 4172 λαοῦ
3648 4122 3678 4188 ἡ
3711 4121 3947 4189 δύναμις,

2399 4212 2516 4265 ἀλλ’
2549 4214 2606 4265 ὲν
2636 4212 2950 4284 δικαιοσύνῃ
3002 4215 3094 4266 καὶ
3132 4212 3422 4283 ὁμοψυχίᾳ,
3458 4213 3561 4266 κᾶν
3593 4213 3811 4281 ὀλῐγους
3839 4215 3946 4282 ἔχῃς

725 4313 855 4374 τοὺς
890 4311 994 4364 ὑπὸ
1031 4311 1112 4375 σὲ,
1161 4311 1336 4366 ταῦτα
1367 4311 1637 4367 παιδεύων
1679 4311 1898 4377 αὐτοὺς,
1931 4310 2048 4380 μετ’
2080 4309 2306 4362 latalva
2340 4307 2609 4377 ἀγωνίζου
2667 4308 2984 4378 προθύμως,
3007 4309 3101 4361 καὶ
3140 4307 3480 4376 πεποίθαμεν
3509 4307 3729 4378 Χριστῷ
3747 4306 3829 4378 τῷ
3848 4302 3947 4373 Θεῷ

728 4405 824 4458 καὶ
878 4404 1091 4483 Σωτῆρι
1149 4403 1326 4476 ἡμῶν,
1381 4405 1462 4459 ὅτι
1519 4405 1657 4477 ὑπὲρ
1685 4405 1813 4469 τοὺς
1854 4404 1912 4458 ιν
1951 4401 2147 4473 πλήθει
2169 4400 2301 4454 λαοῦ
2341 4401 2730 4471 καυχωμένους
2756 4401 3156 4470 εὐδοκιμήσεις.

1282 4522 1519 4579 LXXXI.
1563 4521 1593 4578 1
1597 4531 1798 4579 ncerto.

801 4637 955 4709 Apud
1007 4638 1260 4694 homines
1304 4639 1475 4694 multa
1507 4638 1802 4708 fdicuntur,
1843 4651 2141 4707 eorumque
2172 4635 2295 4707 plu-

731 4732 870 4787 rima
927 4733 980 4802 (ο
1037 4733 1288 4788 homines
1334 4732 1402 4787 ad
1453 4733 1634 4803 pejora
1686 4747 1900 4802 semper
1952 4731 2296 4802 propensos),

732 4823 998 4878 mendacii
1050 4823 1337 4879 hmreditas
1369 4831 1535 4889 sunt;
1575 4823 1834 4877 nonnulla
1864 4831 2040 4877 tamen
2071 4823 2223 4877 novit
2248 4831 2300 4876 et

728 4918 952 4971 veritas.
997 4916 1210 4980 Dicunt,
1263 4917 1468 4987 optime
1514 4915 1617 4981 vir,
1662 4914 1847 4970 odium
1893 4914 1946 4967 in
1995 4929 2096 4968 nos
2128 4914 2297 4985 (quod

730 5007 909 5062 dicere
969 5008 1255 5076 erubesco)
1310 5016 1362 5062 te
1425 5007 1630 5064 fovere.
1687 5006 1823 5074 Quid
1879 5007 2022 5061 enim
2081 5021 2289 5071 sumus,

735 5099 982 5166 quamvis
1020 5098 1180 5153 nobis
1213 5096 1370 5152 datus
1400 5098 1471 5153 sit
1501 5107 1716 5168 Optatos
1758 5114 1787 5151 a
1828 5098 2010 5151 multis
2047 5097 2291 5162 thronus,

740 5199 954 5258 propter
1009 5206 1102 5246 eas
1153 5191 1392 5246 rationes
1446 5206 1581 5260 quas
1618 5192 1704 5245 ille
1731 5192 1899 5256 novit,
1941 5191 2032 5260 qui
2078 5198 2136 5243 ut
2166 5190 2295 5243 mihi

736 5283 956 5334 daretur
982 5282 1186 5336 voluit?
1222 5282 1476 5337 Sedenim
1506 5296 1611 5335 non
1647 5298 1742 5337 nos
1769 5283 1893 5338 odio
1926 5282 2293 5351 prosequeris,

732 5371 826 5426 aed
851 5371 1246 5428 immaculatam
1263 5384 1316 5429 et
1337 5390 1471 5445 puro
1493 5375 1753 5445 sanguine
1777 5384 2046 5435 ornatam,
2069 5372 2186 5426 Filii
2208 5372 2298 5426 Dei

734 5479 1015 5534 sponsam.
1076 5463 1140 5519 Et
1195 5466 1313 5520 ideo
1348 5475 1705 5538 'quzncunque
1780 5468 1951 5521 vertis
2004 5475 2187 5520 contra
2220 5475 2304 5518 tc-

738 5564 919 5628 ipsum
950 5559 1138 5625 vertis,
1177 5559 1382 5614 exeitas
1417 5568 1594 5615 autem
1633 5570 1685 5615 et
1727 5561 1860 5614 alios
1908 5558 1972 5612 ad
2010 5542 2301 5620 certamen,

744 5661 798 5706 nt
831 5653 1048 5723 quidem
1079 5664 1265 5726 putas,
1313 5652 1571 5710 adversus
1607 5669 1722 5722 nos,
1759 5653 1849 5711 scd
1893 5668 2075 5710 revera
2121 5662 2306 5708 contra

2322 4527 2374 4588 D

2957 4495 3098 4574 ‘IIA'.
3139 4520 3388 4587 Ἀδήλῳ.

2465 4639 2699 4707 Λέγεται
2732 4637 2904 4709 ςπολλά
2964 4635 3111 4706 παρὰ
3160 4635 3485 4707 ἀνθρώποις.
3525 4635 3618 4689 καὶ
3664 4634 3868 4688 τούτων
3893 4632 3946 4683 τὰ

2401 4729 2497 4801 μὲν
2525 4726 2846 4798 πλείω(φεῦ
2900 4728 2998 4796 τῆς
3025 4728 3114 4779 ἐπὶ
3142 4728 3209 4779 τὰ
3236 4728 3402 4797 χείρω
3453 4725 3689 4790 νεύσεως
3732 4725 3842 4778 τῶν
3863 4726 3944 4778 ἀν-

2399 4822 2630 4893 θρώπων
2655 4822 2696 4889 ί)
2762 4819 2856 4873 τοῦ
2886 4819 3112 4890 ψεύδους
3159 4822 3273 4874 ἐστὶ
3303 4819 3656 4888 κληρονομία,
3696 4819 3812 4872 ἔστι
3838 4817 3889 4871 δὲ
3917 4814 3947 4868 ἃ

2398 4912 2657 4982 γινώσκει
2716 4913 2806 4964 καὶ
2863 4912 3168 4982 ηαλήθεια.
3201 4911 3430 4977 Λέγεται
3467 4910 3596 4981 περὶ
3638 4910 3758 4977 σοῦ,
3791 4906 3944 4979 ἀγαθὲ

2398 5008 2492 5060 καὶ
2549 5005 2679 5060 καλὲ
2713 5005 2990 5074 ἄνθρωπε,
3031 5005 3104 5068 ώς
3150 5003 3475 5075 ἐχθραίνεις,
3507 5003 3832 5074 αἰσχύνομαι
3867 4999 3943 5052 λέ-

2400 5116 2537 5166 γειν,
2571 5097 2704 5165 πρὸς
2740 5099 2903 5166 ἡμᾶς.
2927 5097 2992 5150 Τί
3020 5099 3127 5167 γάρ
3155 5099 3342 5165 ἐσμεν,
3373 5098 3420 5149 εί
3451 5098 3662 5151 καὶτὸν
3693 5095 3923 5163 πολύφθο

2404 5208 2492 5242 νον
2522 5190 2974 5260 ἐγκεχειρίσμεθα
2999 5190 3202 5258 θρόνον,
3235 5189 3299 5242 δι’
3331 5189 3395 5252 ἃς
3431 5186 3569 5243 οἶδεν
3594 5189 3776 5250 αἰτίας
3813 5189 3941 5247 ὅπως

2397 5282 2536 5334 εἴπω
2591 5280 2778 5333 τοῦτον
2821 5280 3222 5351 ἐγχειρισθῆναι
3274 5279 3588 5350 κεκρικώςς
3645 5278 3805 5332 Ἀλλὰ
3849 5279 3941 5345 γὰρ

2399 5372 2702 5442 ὲχθραίνεις
2724 5373 2782 5426 οὐ
2823 5372 2958 5442 πρὸς
2982 5374 3144 5442 ἡμᾶς,
3182 5374 3314 5443 πρὸς
3359 5374 3415 5426 δὲ
3453 5371 3550 5441 τὴν
3573 5369 3940 5442 ἄχραντονκαὶ

2403 5464 2754 5533 ἡρμοσμένην
2813 5464 3002 5533 αἵματι
3053 5466 3303 5535 ἀχράντῳ
3351 5464 3565 5533 νύμφην
3597 5463 3674 5532 τῷ
3717 5461 3829 5531 Υἰῷ
3861 5456 3940 5510 τοῦ

2406 5555 2538 5607 Θεοῦ
2561 5572 2573 5584 ·
2603 5556 2802 5624 καὶδιρι
2841 5557 2994 5609 τοῦτο
3057 5559 3303 5628 στρέφεις
3359 5556 3455 5626 μὲν
3493 5554 3630 5609 κατά
3669 5553 3886 5608 σεαυτὸν
3910 5548 3939 5603 ἀ

2414 5651 2680 5722 arpi-931;,
2720 5655 2965 5725 ςυνιςτᾷς
3003 5655 3055 5707 δὲ
3114 5655 3206 5706 καὶ
3250 5651 3458 5716 ἄλλως.
3494 5652 3568 5716 ὡς
3601 5649 3702 5722 μὲν
3728 5651 3846 5712 eiet,
3874 5643 3939 5713 τῷ
