4038 6354
62 367 178 434 993

1528 371 1937 431 EPISTOLE.

3219 377 3326 438 εει

66 483 167 531 κιὶ
218 479 384 548 μέλος
450 480 636 551 ὥσπερ
667 477 716 534 εἴ
750 483 837 547 σὺ,
872 482 1052 553 χάριτι
1087 483 1218 535 Θεοῦ
1245 482 1300 550 ἐξ
1345 481 1520 552 ἀρχῆς
1556 484 1635 537 κα¹

1755 495 1805 537 et
1841 483 2104 545 membra,
2140 490 2196 535 ιιι
2223 491 2275 536 ttt
2305 483 2417 551 ipse
2443 498 2521 546 es,
2550 492 2600 537 et
2631 482 2800 553 gratia
2832 484 2924 538 Dei
2957 485 3024 540 ab
3045 485 3200 540 initio
3231 497 3330 543 do-

71 567 461 632 συγκοινωνδν
481 571 589 620 τῶν
629 570 986 651 παθημάτων,
1016 571 1268 624 ἀλλὀὑδὲ
1301 572 1437 640 πρὸς
1465 572 1650 642 ἕτερόν

66 674 227 709 τινα.
291 657 505 728 Μηδεὶς
560 658 652 712 οὖν
702 663 1051 732 ὑποτρεχέτω
1124 662 1404 732 λογισμὸς,
1464 663 1652 716 τέκνον

67 745 468 815 ἠγαπημένον,
488 747 588 817 τὴν
614 749 714 819 σὴν
740 749 939 819 ψυχὴν,
970 751 1044 812 ὼς
1084 750 1274 803 ἓνεκεν
1307 751 1417 803 τῶν
1444 752 1650 824 προλα-

63 838 288 888 δόντων
320 838 483 912 ἀηδές
508 857 559 891 τι
606 840 663 892 ὲν
717 845 779 911 τῇ
831 843 938 912 ἐμῇ
968 827 1320 896 ἀποκείσεται
1346 843 1514 914 ψυχῇ,
1541 844 1651 898 οὐδ’

60 928 407 996 ἀποστροφή
441 946 527 991 τις
555 932 648 983 καὶ
683 932 1018 997 ἐναντίωσις.
1072 933 1162 1004 Μὴ
1197 933 1427 1002 γένοιτο,
1462 934 1652 988 τέκνον

60 1033 203 1084 μου,
246 1018 322 1087 μὴ
347 1018 521 1082 οὕτως
563 1022 692 1074 ποτὲ
744 1025 938 1093 νικήσῃ
974 1042 1055 1086 τις
1103 1024 1439 1088 ὑπεναντίως
1470 1027 1651 1079 κινού-

60 1123 243 1174 μενος
271 1108 558 1180 λογισμός,
593 1111 733 1165 ὥστε
787 1114 1027 1168 τοιοῦτον
1068 1115 1362 1185 ἐνθύμημα
1390 1119 1446 1168 ἐν
1481 1121 1545 1188 τῇ
1581 1119 1647 1187 σῇ

55 1199 493 1270 ὲμφυτευθῆναι
557 1203 725 1275 ψυχῇ.
787 1207 926 1258 ’Ἀλλ’
981 1207 1099 1276 ὄψει
1147 1207 1344 1276 μᾶλλον
1393 1207 1557 1262 πλέον
1614 1209 1647 1278 ἢ

55 1290 318 1358 πρόσθεν
352 1292 452 1363 τὴν
511 1297 788 1366 ἡμετέραν
849 1298 982 1367 πρὸς
1015 1299 1074 1351 σὲ
1114 1302 1212 1353 καὶ
1255 1299 1518 1365 διάθεσιν,
1554 1301 1651 1354 καὶ

55 1382 326 1453 γνώμην,
362 1386 458 1436 καὶ
519 1390 756 1458 στοργὴν
815 1390 1227 1463 ἑξηπλωμένην,
1281 1393 1373 1446 καὶ
1423 1393 1648 1447 τοσοῦτο

59 1469 240 1523 πλέον
272 1473 398 1525 ὅσον
427 1473 523 1527 νῦν
555 1478 634 1539 είς
668 1479 833 1547 μέσον
859 1481 1179 1552 εισέρχομαι
1226 1483 1334 1537 τῶν
1380 1482 1510 1547 ἴσως
1558 1485 1646 1538 διὰ

55 1561 168 1621 τὰς
199 1561 344 1630 ἐμὰς
368 1564 644 1634 ἁμαρτίας
680 1569 755 1636 μὴ
786 1569 1044 1640 καθαρῶς
1097 1572 1234 1642 μηδὲ
1270 1573 1458 1645 γνώμῃ
1489 1575 1643 1629 ἀδια-

65 1650 302 1721 στρόφῳ
334 1655 456 1721 μεθ’
483 1658 642 1725 ἡμῶν
671 1658 976 1727 μελλόντων
1007 1664 1642 1734 συναναστραφήσεσθαι.

63 1739 190 1791 Καὶ
216 1742 380 1796 πάλιν
407 1746 578 1815 φημὶ,
607 1747 764 1811 εἴτις
800 1754 1122 1822 παρενοχλεῖ
1166 1754 1421 1824 λογισμὸς
1455 1757 1642 1809 ἕνεκεν

1761 575 1934 628 lorum
1981 589 2225 628 meorum
2252 575 2593 643 participem,
2625 578 2718 630 sed
2754 591 2928 645 neque
2968 593 3093 648 erga
3126 578 3322 634 alium.

1759 664 1916 718 Nullo
1950 665 2131 734 igitur,
2166 664 2239 717 mi
2287 663 2382 727 Illi,
2414 676 2646 719 mentem
2695 678 2842 720 tuam
2876 669 3114 737 suspicio
3137 671 3332 724 subeat

1761 754 1813 807 in
1859 770 1976 808 mea
2002 763 2178 808 mente
2208 770 2274 808 ex
2307 770 2416 824 pra:
2432 757 2750 813 cedentibus
2801 775 2908 814 non
2945 760 3078 813 nihil
3113 764 3326 817 molesti

1759 845 1842 898 vel
1891 845 2230 899 aversionem
2292 842 2345 901 et
2418 850 2813 918 oppositionem
2856 851 3110 907 residere.
3155 854 3327 919 Absit,

1760 936 1854 1000 fili,
1889 943 1948 989 ut
1973 951 2205 1018 unquam
2240 938 2364 993 talis
2409 940 2667 1008 cogitatio
2708 941 2759 993 in
2784 949 2873 995 tua
2911 953 3091 997 mente
3113 946 3330 998 radices

1756 1035 1898 1095 agat.
1953 1025 2059 1080 Sed
2091 1028 2348 1097 majorem
2399 1044 2560 1097 quam
2611 1030 2766 1101 prius
2818 1044 3059 1088 nostram
3095 1034 3224 1107 erga
3279 1048 3329 1092 te

1755 1115 2166 1184 dispnsitionem
2195 1126 2247 1170 et
2276 1120 2598 1172 sententiam
2645 1130 2698 1174 et
2725 1120 2950 1176 effusam
2977 1123 3326 1180 dilectionem

1755 1206 1982 1273 videbis,
2007 1222 2180 1277 eoque
2223 1210 2394 1278 magis
2415 1213 2560 1280 quod
2596 1223 2741 1268 nunc
2782 1213 3106 1268 inmedium
3134 1231 3324 1272 eorum

1755 1298 1986 1364 introeo,
2019 1303 2111 1370 qui
2148 1300 2377 1357 forsitan
2430 1303 2499 1357 0b
2553 1319 2674 1359 mea
2722 1315 2942 1373 peccata
2993 1322 3168 1376 neque
3197 1309 3328 1364 sim-

1753 1390 1988 1460 pliciter,
2015 1408 2188 1461 neque
2223 1403 2406 1448 mente
2440 1392 2650 1450 sincer'a
2680 1397 3012 1468 cogitatione
3035 1399 3323 1455 nobiscum

1750 1483 1947 1537 debent
1976 1486 2309 1539 conversari.
2341 1485 2409 1540 Et
2457 1502 2676 1541 rursum
2707 1488 2850 1561 dico,
2871 1489 2918 1544 si
2939 1505 3044 1559 qua
3075 1499 3126 1545 te
3149 1492 3322 1562 impe-

1751 1574 1828 1628 dit
1854 1576 2110 1644 suspicio,
2133 1578 2280 1646 parvi
2301 1577 2444 1632 illius
2473 1581 2614 1648 quod
2638 1581 2872 1646 accidit,
2893 1583 3102 1638 dissidii
3135 1600 3319 1650 causa,

1752 1665 1891 1720 hanc
1925 1674 2038 1720 toto
2071 1667 2254 1721 animo
2306 1668 2464 1738 longe
2522 1685 2550 1721 a
2587 1680 2637 1724 te
2679 1671 2876 1741 abjice,
2907 1685 3111 1728 certam
3156 1677 3317 1730 fidem

1750 1756 2023 1826 accipiens
2087 1773 2152 1812 ne
2196 1760 2480 1830 vestigium
2520 1761 2734 1829 quidem
2783 1779 2972 1818 eorum
3009 1781 3129 1835 quae.
3179 1767 3320 1822 inter

62 1830 172 1898 τῆς
205 1835 415 1900 μικρᾶς
439 1837 642 1907 ταύτης
665 1843 1044 1911 γεγενημένης
1073 1843 1426 1910 διαστάσεως,
1457 1847 1635 1900 τοῦτον

1743 1861 1846 1901 nos
1873 1849 2205 1914 acciderunt,
2270 1850 2324 1904 in
2373 1851 2482 1906 Deo
2526 1854 2780 1922 dicimus,
2834 1866 3019 1912 nestra
3052 1859 3105 1911 in
3139 1869 3319 1912 mente

61 1919 167 1990 ὅλῃ
203 1922 354 1994 ψυχῇ
386 1925 543 1994 ρίψον
566 1930 659 1997 ἀφ’
690 1931 906 1996 ἑαυτοῦ,
930 1932 1225 2003 λαμϐάνων
1247 1936 1645 2007 πληροφορίαν,

56 2010 142 2071 ὡς
168 2013 285 2064 οὐδ’
317 2014 461 2084 ἴχνος
495 2017 632 2082 ὅλως
667 2021 778 2073 τῶν
810 2026 1113 2090 γεγονότων
1149 2029 1355 2096 μεταξὺ
1389 2028 1548 2099 ἡμῶν
1574 2031 1641 2099 τῇ

57 2105 177 2172 ἐμῇ
212 2105 384 2177 ψυχῇ,
419 2109 476 2160 ἐν
500 2110 619 2180 Θεῷ
647 2130 850 2183 φαμεν,
883 2117 1256 2173 ἀποκείσεται.

642 2227 774 2283 ﬂﬂ'.
811 2231 1053 2316 3611.119.

136 2330 413 2402 οἴδαμεν
448 2336 548 2407 τὴν
619 2341 828 2413 ἀγαθήν
888 2363 981 2399 σου
1047 2349 1404 2418 προαίρεσιν,
1457 2354 1643 2407 τέκνον

65 2420 252 2516 ἡμῶν,
396 2425 654 2500 δεομένην
688 2433 786 2502 τῆς
821 2421 977 2505 ἡμῶν
1015 2441 1413 2506 παραινέσεως.
1439 2444 1501 2495 Oi
1533 2446 1642 2516 γὰρ

65 2509 293 2600 οτκοθεν
342 2512 556 2583 ἔχοντες
618 2521 679 2572 τὸ
749 2525 1035 2593 συμπαθὲς
1079 2529 1138 2581 οὐ
1185 2528 1481 2600 χρῄζουσιν

63 2598 228 2651 τοῦτο
295 2603 395 2672 τῆς
451 2601 608 2672 ἐκτὸς
669 2614 1089 2682 παρακλήσεως.
1148 2621 1247 2672 Διὰ
1305 2622 1463 2674 τοῦτο
1501 2625 1548 2676 οί
1581 2625 1642 2677 τὸ

61 2692 311 2761 γράμμα
347 2697 504 2764 ἡμῶν
527 2701 913 2775 ἐπιφερόμενοι
976 2712 1141 2782 μέχρι
1183 2713 1275 2766 τοῦ
1311 2715 1403 2768 νῦν
1432 2719 1641 2772 τοιοῦτο

56 2783 168 2878 οῦκ
202 2786 468 2850 ἐκόμισαν
498 2795 731 2864 γράμμα
779 2800 907 2870 περὶ
938 2802 1030 2854 τοῦ
1065 2804 1230 2874 μηδὲν
1259 2806 1642 2878 ὲπιϐαρεῖσθαι

54 2875 270 2970 αὐτοὺς
295 2880 480 2936 ἕνεκεν
506 2886 607 2956 τῆς
646 2889 704 2954 ἐξ
730 2890 907 2960 ἀρχῆς
951 2895 1046 2946 καὶ
1075 2896 1283 2950 ἄνωθεν
1313 2875 1642 2970 ὲλαςρρυνού-

52 2980 169 3033 σης
209 2969 410 3033 αὐτοὺς
448 2981 804 3049 συνεισφορᾶς
828 2982 887 3034 ἐν
927 2985 992 3053 τῇ
1027 2991 1401 3058 πατριαρχικῇ
1434 2990 1640 3061 διοική-

47 3072 169 3151 est.
222 3057 612 3132 Ἐλογιζόμεθα
638 3068 746 3137 γὰρ
777 3070 862 3122 ὅτι
897 3073 991 3125 καὶ
1033 3076 1202 3145 χωρὶς
1241 3078 1330 3129 τοῦ
1367 3057 1636 3151 ἡμετέρου

1748 1952 2185 2005 permansurum.

2195 2233 2530 2290 LXXXVIII.
2597 2236 2825 2293 Incerto.

1816 2345 2049 2412 Scimus,
2093 2347 2163 2400 mi
2228 2348 2322 2411 fili,
2368 2356 2520 2402 tun‘m
2571 2337 2771 2404 bonum
2830 2351 3074 2407 animum
3130 2366 3313 2411 nostra

1742 2436 2116 2490 adhortatione
2145 2453 2250 2490 non
2323 2454 2499 2508 cgere.
2554 2441 2655 2507 Qui
2682 2443 2827 2495 enim
2861 2460 2928 2499 ex
2993 2460 3051 2500 se
3098 2448 3313 2502 miseri-

1740 2525 1982 2578 cordiam
2049 2527 2267 2591 habent,
2332 2543 2436 2580 non
2506 2530 2572 2582 ad
2617 2531 2718 2585 hoc
2763 2532 2939 2606 aliena
2991 2534 3314 2593 invitatione

1741 2613 1996 2682 indigent.
2032 2615 2153 2668 Ideo
2179 2618 2499 2684 quinostras
2544 2621 2750 2675 litteras
2781 2621 2980 2688 ferunt,
3028 2625 3312 2696 hucusque

1740 2720 1833 2761 eas
1865 2722 1970 2759 non
2011 2709 2311 2774 reddidere,
2348 2711 2702 2778 deprecantes
2729 2722 2786 2766 ut
2823 2716 2953 2768 nihil
2998 2716 3136 2770 ultra
3182 2733 3312 2772 onc-

1741 2809 1929 2850 rentur
1957 2798 2057 2866 ipsi
2095 2799 2185 2868 qui
2225 2801 2289 2854 ab
2321 2802 2471 2855 initio
2523 2813 2575 2858 et
2599 2805 2922 2872 jamdudum
2959 2822 3053 2875 per
3088 2824 3215 2861 suas
3256 2809 3308 2862 in

1741 2889 2086 2956 patriarchali
2141 2892 2612 2950 administratione
2647 2898 3081 2954 contributiones
3124 2901 3310 2955 suble-

1741 2980 1849 3032 vati
1893 2980 2117 3036 fuerint.
2165 2983 2566 3052 Reputabamus
2623 2987 2766 3041 enim
2820 2997 2869 3042 te
2899 2992 3059 3044 etiam
3105 2992 3308 3062 absque

1739 3072 1942 3125 nostris
1992 3072 2184 3128 litteris
2237 3089 2331 3131 eos
2368 3075 2435 3130 ab
2486 3077 2588 3132 hoc
2619 3080 2834 3147 publico
2875 3095 3043 3136 onere
3105 3083 3310 3139 liberos

44 3149 399 3243 γραμματος
453 3155 679 3222 τούτους
731 3161 950 3234 ἀφήσῃς
1002 3167 1094 3218 τοῦ
1144 3169 1402 3237 δημοσίου
1437 3149 1635 3242 βάρους

1740 3162 2093 3217 remissurum
2123 3181 2263 3220 esse.
2288 3164 2404 3219 Non
2423 3168 2566 3222 enim
2611 3169 2724 3223 Iieri
2744 3181 2920 3239 potest
2972 3172 3055 3243 (ut
3086 3183 3142 3227 tu
3175 3175 3310 3229 bene

43 3239 296 3302 ἁνιτους
313 3257 330 3274 ·
361 3243 480 3298 οὐδὲ
507 3248 617 3318 γὰρ
645 3248 868 3305 δυνατὸν
890 3253 987 3323 (ὡς
1005 3256 1101 3310 καὶ
1133 3258 1166 3327 ἡ
1197 3257 1262 3329 σὴ
1284 3239 1634 3324 ἐξεπίσταται

44 3329 314 3401 σύνεσις)
382 3338 451 3389 τά
478 3354 538 3390 τε
581 3346 957 3414 πατριαρχείῳ
994 3346 1056 3411 ἐξ
1099 3349 1272 3418 ἀρχῆς
1299 3349 1634 3422 διορισθέντα

45 3425 468 3493 συνεισφέρειν,
503 3429 601 3481 καὶ
629 3434 751 3494 ταῖς
787 3434 1075 3504 δημοσίαις
1105 3438 1432 3510 ὑπηρεσίαις
1463 3460 1635 3497 κατα-

41 3510 424 3580 ϐαρύνεσθαι.
457 3519 557 3571 Διὰ
581 3520 756 3576 ταῦτα
777 3525 1060 3596 γράφομεν
1102 3547 1206 3594 σοι,
1237 3533 1425 3586 τέκνον
1452 3536 1629 3606 ἡμῶν,

40 3604 98 3655 ει
134 3604 375 3657 δυνατὸν
398 3609 555 3662 ἐᾶσαι
578 3612 817 3682 πένητας
843 3617 1044 3686 ἄνδρας
1067 3620 1157 3673 διὰ
1173 3622 1271 3691 τὴν
1290 3604 1633 3678 αὐτῶνάπο-

43 3692 186 3760 ρίαν
207 3695 412 3763 μικρὰν
436 3703 885 3770 συνεισφέροντας
905 3707 1094 3775 χρείαν
1121 3714 1186 3780 τῇ
1207 3712 1297 3762 τοῦ
1334 3713 1470 3765 Θεοῦ
1513 3713 1635 3768 Ἐκ-

41 3781 292 3850 κλησίᾳ,
324 3785 514 3856 καὶμὴ
556 3789 722 3858 βάρος
769 3795 951 3859 αὐτοῖς
983 3797 1118 3869 ὑπὲρ
1143 3801 1239 3870 τὴν
1263 3800 1490 3871 δύναμιν
1520 3806 1634 3858 ἐπι·

39 3875 264 3938 θεῖναι,
304 3872 332 3924 ό
375 3878 468 3929 καὶ
509 3882 621 3941 τοῖς
658 3881 937 3951 δημοσίοις
973 3890 1268 3958 πράγμασι
1291 3891 1632 3961 λειτουργεῖν

41 3965 359 4028 αὐτοὺςςοὺ
383 3975 747 4043 συγχωρήσει,
770 3977 866 4029 καὶ
895 3982 993 4049 τῆς
1025 3982 1228 4052 μικρᾶς
1259 3983 1632 4054 προσενέξεως

40 4059 158 4128 τὴν
204 4056 531 4130 Ἐκκλησίαν
567 4066 662 4118 τοῦ
692 4067 826 4120 Θεοῦ
854 4070 1274 4144 ἀποστερήσειν.

449 4175 574 4232 ΠΘ¹.
621 4179 929 4250 Γρηγορίῳ
968 4182 1248 4252 Ἐφέσου.

129 4294 367 4364 Ἐπειδὴ
389 4295 458 4346 τὰ
481 4296 578 4365 τῆς
632 4297 791 4364 ἁγίας
836 4299 1009 4352 αὐτοῦ
1043 4299 1370 4373 Ἐκκλησίας
1399 4305 1426 4357 ὁ
1460 4304 1630 4373 μέγας

38 4391 144 4447 καὶ
168 4387 394 4459 πρῶτος
423 4389 712 4458 ἀρχιερεὺς
744 4391 901 4460 ἡμῶν
925 4395 950 4444 ὁ
973 4393 1172 4463 Κύριος
1205 4396 1297 4446 καὶ
1319 4396 1448 4459 Θεὸς
1472 4396 1628 4466 ἡμῶν

1738 3249 2013 3324 intelligis)
2035 3262 2089 3307 et
2111 3269 2170 3308 ea
2197 3270 2318 3324 qua:
2343 3257 2694 3327 patriarchali
2727 3259 2840 3314 sedi
2884 3263 2952 3314 ab
2977 3261 3134 3314 initio
3164 3265 3306 3318 sunti

1736 3341 1952 3396 deﬁnita
1979 3345 2344 3411 contribuere,
2369 3357 2420 3403 et
2449 3349 2678 3418 publicis
2706 3351 3024 3406 muneribus
3087 3353 3310 3420 Insuper

1735 3437 1970 3491 onerari.
2001 3437 2124 3492 Ideo
2157 3439 2249 3494 tibi
2271 3440 2583 3504 scribimus,
2624 3439 2722 3506 fili,
2744 3449 2824 3508 ut,
2856 3442 2901 3496 si
2933 3442 3054 3496 fieri
3102 3457 3303 3512 poze5t,

1737 3524 1982 3586 homines
2037 3524 2223 3592 inopes
2264 3540 2359 3592 per
2427 3541 2583 3580 suam
2681 3529 2917 3596 in0piam
2986 3532 3302 3584 nonnullam

1735 3614 2021 3667 utilitatem
2058 3613 2149 3668 Dei
2187 3612 2443 3669 Ecclesia:
2473 3617 2773 3684 tribuentes
2803 3622 3096 3675 molestare
3127 3623 3299 3676 desis-

1734 3713 1838 3760 tas.
1862 3703 2045 3774 Neque
2078 3705 2158 3759 eis
2195 3720 2391 3759 novum
2417 3723 2557 3762 onus
2594 3709 2864 3776 imponas,
2899 3712 3045 3780 quod
3101 3729 3203 3764 non
3237 3715 3304 3767 iis

1733 3797 2005 3864 permittet
2036 3807 2093 3849 ut
2121 3797 2338 3866 publica
2371 3799 2566 3853 obeant
2602 3804 2850 3868 munera,
2882 3803 3082 3873 Deique
3119 3805 3304 3859 Eccle-

1733 3886 1871 3940 siam
1907 3887 2068 3942 certis
2102 3889 2334 3957 privabit
2367 3887 2742 3946 facultatibus.

1965 4192 2254 4248 LXXXIX.
2313 4195 2561 4265 Gregorio
2599 4197 2787 4266 Ephesi
2820 4201 3078 4270 episcopo.

1803 4305 2068 4371 Quoniam
2102 4323 2165 4361 ea
2204 4322 2323 4376 qua:
2375 4317 2504 4362 sunt
2541 4308 2816 4376 Ecclesia,
2850 4327 3076 4380 magnus
3101 4324 3153 4368 et
3181 4316 3296 4385 pri~

1731 4414 1854 4454 mus
1876 4403 2214 4454 sacerdotum
2240 4399 2512 4469 princeps,
2543 4401 2805 4458 Dominus
2843 4412 2897 4457 ct
2939 4403 3081 4460 Deus
3112 4419 3296 4461 noster

52 4481 287 4556 Ἰησοῦς
318 4481 344 4532 ό
375 4481 608 4551 Χριστὸς
637 4483 1059 4554 οἰκονομηθῆναι
1090 4489 1386 4557 παρέσχεν,
1417 4489 1475 4540 ὃν
1497 4493 1624 4558 τρό-

1740 4489 1886 4545 Iesus
1903 4491 2152 4545 Christus
2178 4491 2606 4546 administranda
2635 4494 2882 4562 praebuit,
2905 4511 2970 4550 eo
2992 4497 3165 4551 modo
3187 4517 3295 4567 quo

40 4591 152 4628 πον
203 4574 272 4642 τῇ
316 4571 479 4622 αὑτοῦ
528 4571 705 4634 ἔδοξεν
753 4572 1047 4644 ἀγαθότητι
1089 4576 1194 4645 (τίς
1227 4577 1334 4646 γὰρ
1385 4578 1477 4629 ἐπὶ
1504 4578 1627 4631 νοῦν

35 4666 324 4736 τολμήσοι
357 4663 538 4716 λαϐεῖν
575 4665 648 4726 ὼς
672 4667 729 4716 το
763 4667 903 4734 μέγα
931 4669 1088 4721 τοῦτο
1118 4669 1274 4739 ἔργον
1308 4673 1382 4741 μὴ
1412 4674 1629 4741 γεγονὲ-

36 4781 134 4815 ναι
168 4759 273 4809 σὺν
301 4757 363 4824 τῇ
397 4756 603 4806 ἐκείνου
641 4757 859 4828 εὐδοκία
883 4759 924 4823 ;)
975 4760 1107 4812 ἀλλὰ
1144 4762 1252 4830 γὰρ
1284 4763 1405 4814 ἐπεὶ
1428 4765 1496 4816 τὰ
1527 4765 1626 4834 τῆς

39 4854 212 4925 ἱερᾶς
279 4849 441 4901 αὑτοῦ
513 4851 833 4920 συναγωγῆς
877 4852 1138 4923 διῳκήθη,
1176 4856 1443 4926 όρὶξομεν
1498 4861 1626 4926 τοὺς

41 4948 154 5017 μὲν
206 4940 472 5010 ἀρχαίους
518 4933 863 5010 λειῖουργοὺς
912 4944 1006 4996 τοῦ
1049 4947 1208 5013 ἁγίου
1236 4948 1622 5022 θυσιαστηρίου

37 5031 437 5111 ’προτετάχθαι⁵
456 5033 561 5084 τῶν
595 5035 743 5103 παρὰ
771 5035 867 5103 τῆς
902 5039 998 5106 σῆς
1024 5037 1432 5111 ἀρχιερωσύνης
1456 5043 1514 5093 ἐν
1545 5043 1624 5114 τῷ

36 5131 138 5184 νῦν
175 5123 364 5194 καιρῷ
398 5125 475 5186 εις
504 5124 845 5194 λειτουργίαν
879 5130 1431 5199 προκεχειρισμένους
1452 5147 1468 5162 ·
1504 5134 1622 5203 μετ’

35 5219 299 5275 ἐκείνους
328 5211 384 5264 δὲ
402 5213 527 5274 τοὺς
561 5215 710 5283 παρὰ
738 5214 826 5266 σοῦ
849 5215 1299 5288 τὴνχειροθεσίαν
1326 5222 1619 5288 λαϐόντας·

34 5309 320 5377 ἐσχάτους
359 5301 416 5354 δὲ
456 5298 592 5355 εἶναι
629 5307 754 5367 τοὺς
803 5307 860 5359 ἐν
894 5307 968 5376 τῷ
996 5311 1171 5380 καιρῷ
1210 5314 1318 5364 τῶν
1364 5317 1461 5368 οὐκ
1503 5312 1621 5370 οἶδα

34 5402 226 5457 ποίοις
277 5393 511 5460 κρίμασι
560 5393 693 5446 Θεοῦ
738 5400 1246 5469 συγκεχωρημένων
1286 5403 1619 5458 ἐπεισελθεῖν

36 5485 370 5545 σκανδάλων
423 5487 489 5554 τῇ
539 5485 835 5558 Ἐκκλησία
897 5491 1001 5543 ὑπὸ
1051 5493 1459 5548 Κωνσταντίνου
1527 5501 1619 5551 καὶ

45 5581 316 5634 Ἰωάννου
368 5575 862 5646 χειροθετηθέντας.
896 5581 1003 5634 Καὶ
1045 5583 1201 5636 τοῦτο
1236 5587 1331 5654 μὲν
1361 5586 1421 5638 τὸ
1453 5589 1619 5658 μέρος

33 5673 293 5728 τοιοῦτον
354 5669 467 5739 ἔχει
511 5671 601 5723 τὸν
647 5673 944 5742 διορισμόν.
979 5676 1206 5749 Ἕτερον
1253 5679 1308 5731 δὲ
1366 5681 1619 5752 ὁρίζομεν

36 5768 161 5839 (καὶ
197 5763 362 5818 τοῦτο
396 5764 604 5834 μενέτω
638 5768 852 5830 πάντως
879 5769 1334 5842 ἁπαραποίητον),
1364 5771 1500 5826 ὥστε
1529 5775 1618 5827 τόν

1732 4578 1905 4648 ipsius
1920 4581 2147 4636 bonitati
2170 4582 2343 4636 risum
2384 4593 2490 4649 est,
2512 4583 2658 4654 (quis
2679 4585 2822 4639 enim
2859 4597 3041 4642 mente
3071 4591 3294 4652 auderet

1730 4674 2015 4746 concipere
2039 4691 2291 4746 magnum
2327 4677 2433 4732 hoc
2453 4693 2590 4748 opus
2627 4693 2751 4732 cum
2779 4677 2927 4732 illius
2955 4681 3293 4751 beneplacito

1731 4781 1839 4820 non
1886 4767 2059 4837 fieri!)
2103 4768 2207 4822 Sed
2251 4770 2509 4838 quoniam
2561 4770 2734 4839 ipsius
2793 4771 2935 4825 sacri
2985 4782 3159 4827 elatus
3207 4790 3293 4829 res

1730 4859 1884 4912 nobis
1911 4846 2218 4914 commissa:
2274 4868 2422 4925 sunt,
2476 4861 2766 4917 definimus
2820 4863 3072 4933 antiquos
3107 4865 3293 4918 ruinis-

1729 4958 1840 5005 tros
1873 4952 2044 5006 sacris
2078 4952 2340 5006 altaribus
2379 4952 2578 5021 praefici
2629 4954 2827 5009 debere
2875 4963 2999 5008 ante
3057 4970 3151 5009 eos
3197 4960 3288 5025 qui

1727 5057 1872 5097 nunc
1905 5044 2139 5098 maxime
2168 5058 2197 5097 a
2241 5055 2334 5098 tuo
2369 5059 2583 5099 summo
2606 5045 2913 5099 sacerdotio
2944 5045 3009 5098 ad
3046 5047 3292 5102 ministeo

1726 5140 1865 5194 rium
1897 5135 2161 5206 designati
2189 5144 2346 5197 sunt;
2376 5136 2568 5190 deinde
2620 5151 2717 5190 eos
2735 5136 2825 5205 qui
2861 5151 2890 5190 a
2947 5145 2999 5191 te
3032 5143 3300 5192 manuum'

1725 5227 2122 5297 impositioneni
2156 5234 2508 5294 receperunt;
2565 5225 2786 5280 ultimos
2814 5236 2994 5280 autem
3030 5243 3153 5282 esse
3193 5243 3288 5282 eos

1725 5321 1819 5390 qui
1868 5336 1934 5375 eo
1985 5319 2365 5373 scandalorum
2421 5325 2662 5387 tempore
2701 5319 2889 5383 electi,
2959 5320 3287 5392 (scandala)

1727 5411 1910 5467 nescio
1974 5411 2171 5479 quibus
2206 5411 2296 5464 Dei
2356 5409 2599 5478 iudiciis,
2667 5409 2769 5465 sub
2822 5412 3177 5466 Constantino
3235 5423 3290 5467 ct

1724 5499 1931 5558 Joanne
1951 5502 2245 5557 Ecclesiam
2299 5497 2503 5557 intrare
2534 5515 2848 5573 potuerunt.
2898 5503 3028 5569 Qum
3067 5505 3285 5575 quidem

1726 5613 1851 5665 pars
1910 5598 2049 5650 hanc
2089 5595 2250 5650 habet
2315 5593 2755 5665 explicationem.
2809 5596 3049 5651 Alterum
3106 5610 3284 5655 autem

1723 5687 2033 5752 definimus,
2062 5689 2135 5756 (et
2166 5687 2268 5741 hoc
2294 5698 2443 5742 certo
2469 5690 2672 5742 certius
2711 5689 2836 5756 erit)
2871 5697 2931 5741 ut
2968 5692 3011 5744 is
3040 5690 3132 5759 qui
3182 5706 3210 5743 a
3237 5702 3288 5743 te

1726 5776 1775 5832 in
1809 5778 1985 5835 locum
2015 5780 2474 5851 protopreslgftcri
2523 5789 2574 5834 ct
2599 5777 2967 5838 archidiaconi
3002 5784 3288 5839 ordinatus
