4038 6354
79 385 83 390 η
152 301 253 366 399

1580 301 1984 362 ΕΙῚΒΤΘΙΑΕ.

3237 303 3345 369 330

152 416 415 488 ἀνώτερον
476 418 652 486 πάσης
676 414 852 484 λύπης
913 413 1178 469 διατελεῖν
1232 415 1546 477 ἐπιθέσεως·
1603 414 1700 466 καὶ

1808 413 2157 468 sanctissume
2192 409 2299 466 Deo
2333 412 2398 466 de
2437 415 2534 468 hoc
2568 413 2769 484 gratias
2797 413 3023 479 egimus,
3058 426 3106 466 et
3135 427 3353 491 oramus

153 510 225 578 τῷ
261 509 398 579 ἁγίῳ
447 507 565 578 Θεῷ
614 509 649 576 ἡ
695 506 789 557 ἐπὶ
824 504 982 558 τοῦτο
1023 502 1345 574 εὐχαριστία
1389 504 1521 573 ἡμῖν
1559 503 1696 556 ἀπο·-

1797 505 2024 558 omnino
2053 512 2113 559 ut
2139 503 2299 558 talem
2324 502 2389 556 de
2412 511 2462 556 te
2488 503 2736 558 nuntium
2765 515 2979 568 semper
3006 505 3348 570 accipiamus.

153 599 367 664 δέδοται,
399 600 490 652 καὶ
524 595 794 665 εὐχόμεθα
824 596 1057 648 πάντοτε
1085 592 1344 660 τοιαύτης
1372 593 1504 661 περὶ
1542 593 1697 663 ὐμῶν

1808 590 2065 656 Quoniam
2137 604 2265 645 vero
2313 604 2496 644 rerum
2541 592 2800 660 angustia:
2856 604 2956 644 nos
3009 605 3114 642 non
3176 591 3358 645 sinunt

157 690 403 758 ἀγγελίας
431 685 720 757 τυγχάνειν
758 686 1017 754 ἀγγέλου.
1063 683 1280 752 Ἐπειδὴ
1301 683 1362 736 δὲ
1413 682 1525 736 τῶν
1546 700 1688 754 πρα-

153 780 366 848 γμάτων
398 778 456 830 αί
508 776 858 848 περιστάσεις
892 775 995 828 οὐκ
1023 771 1182 827 ἐῶσιν
1227 774 1372 843 ἡμᾶς
1416 773 1698 838 ἀναπνεῖν,

155 868 246 921 καὶ
271 867 344 930 ὡς
377 869 437 919 ὲν
458 865 725 930 τοιούτοις
753 862 1296 935 περιστοιχιζόμενοι,
1323 861 1578 932 δεόμεθα,
1600 861 1698 915 άν-

153 955 356 1026 θρωποι
402 945 660 1010 ταπεινοῖ
693 955 868 1018 ὄντες,
897 951 994 1005 καὶ
1040 951 1141 1021 τῆς
1177 953 1241 1005 ὲκ
1282 950 1388 1004 τῶν
1433 950 1699 1002 συνόντων

153 1047 487 1115 παρηγορίας
513 1042 684 1115 (οἶδας
709 1043 766 1095 δὲ
787 1043 868 1095 ὅτι
893 1037 1048 1095 οὐδὲν
1071 1039 1215 1094 οὕτω
1249 1040 1580 1110 παρηγορεῖ,
1623 1037 1699 1102 ὡς

154 1134 188 1202 ἠ
225 1134 330 1187 τῶν
365 1135 571 1188 τέκνων
615 1128 949 1199 συνομιλία),
984 1128 1320 1198 εὸουλόμεθα
1365 1130 1424 1182 ἔν
1471 1126 1702 1197 τοιούτῳ

153 1226 323 1296 καιρῷ
357 1225 453 1279 σὺν
483 1225 615 1294 ἡμῖν
649 1218 809 1276 εἷναι.
859 1221 920 1273 El
958 1219 1058 1289 μὲν
1085 1216 1181 1273 οὖν
1208 1218 1310 1272 οὐκ
1361 1218 1508 1271 εστιν
1536 1218 1702 1286 ἀναγ-

153 1317 404 1385 καιότερα
432 1315 500 1366 τά
525 1315 582 1367 ὲν
601 1315 716 1376 ’τοῖς
745 1310 934 1364 αὐτόθι
967 1310 1268 1387 πράγματα
1297 1308 1436 1378 πρὸς
1456 1307 1559 1379 τὴν
1600 1309 1702 1377 σὴν

151 1408 451 1476 ἐπίσχεσιν,
493 1404 808 1476 παραγενοῦ
851 1401 990 1472 πρὸς
1019 1401 1191 1472 ἡμᾶς.
1248 1399 1312 1453 EI
1351 1398 1396 1452 δ’
1448 1399 1566 1452 ἐστι
1615 1415 1702 1461 τις

150 1497 360 1565 ἀνάγκη
387 1497 754 1566 δυνατωτέρα,
801 1492 940 1558 τέως
973 1493 1109 1562 ἡμῖν
1137 1493 1259 1555 ταῖς
1289 1491 1467 1554 ὁσίαις
1510 1490 1702 1560 εὐχαῖς

1801 680 2091 751 respirare,
2145 691 2196 734 et
2227 681 2336 735 illis
2364 681 2518 750 quasi
2562 680 2723 734 cincti
2758 681 3085 748 indigi-mus,
3117 681 3360 735 homines

1801 772 2024 835 inlirmi,
2074 771 2449 826 assistentium
2485 772 2857 826 consolatione
2889 772 3024 840 (Scis
3062 776 3243 825 autem
3275 773 3362 824 ni-

1803 863 1876 916 hil
1910 864 1982 916 ita
2014 862 2286 918 consolari
2311 871 2368 916 ut
2395 863 2627 918 ﬁliorum
2661 861 3170 941 conversationem),
3207 872 3363 931 opta-

1803 953 1998 1007 bamus
2022 960 2081 1006 ut
2111 952 2398 1008 nobiscum
2432 968 2597 1008 esses.
2636 954 2691 1008 Si
2727 953 2890 1024 igitur
2920 969 3028 1011 non
3060 957 3366 1011 necessario

1806 1052 1858 1096 te
1889 1057 1978 1097 res
2014 1042 2137 1098 istic
2168 1044 2422 1110 retinent,
2455 1044 2572 1099 veni
2601 1046 2666 1099 ad
2697 1060 2816 1100 nos.
2865 1045 2921 1099 Si
2957 1057 3106 1117 urget
3133 1048 3366 1102 necessi-

1807 1143 1914 1195 tas,
1967 1131 2160 1187 saltem
2209 1140 2475 1203 quantum
2521 1134 2729 1202 poteris
2776 1135 2933 1190 nobis
2968 1137 3074 1190 tuis
3119 1137 3366 1204 precibus

1806 1220 2013 1275 adesto.
2057 1225 2134 1274 Ac
2163 1230 2252 1275 tua
2279 1220 2588 1290 praesentia,
2634 1221 2889 1292 quoniam
2917 1233 3024 1276 non
3071 1237 3217 1279 nunc
3245 1238 3368 1292 per-

1806 1310 2058 1376 mittitur,
2091 1313 2185 1365 Iiet
2225 1312 2450 1366 omnino
2480 1313 2700 1383 quando
2734 1311 2877 1366 Dens
2906 1313 3154 1368 voluerit.
3199 1312 3370 1367 Cante-

1802 1416 1924 1454 rum
1956 1415 2055 1470 pro
2096 1411 2186 1455 tua
2232 1401 2464 1456 sanitate
2510 1412 2634 1457 vota
2691 1401 2995 1467 furrdimus,
3035 1413 3088 1459 et
3123 1402 3373 1473 cupimus

1803 1498 1864 1544 ut
1896 1498 2094 1546 nostra:
2125 1491 2449 1567 humilitatis
2475 1491 2809 1570 memineris.

91 1641 94 1644 .
150 1589 496 1661 δοηδύναμις
546 1587 861 1651 συνίστασο,
908 1586 1005 1640 καὶ
1047 1587 1082 1656 η
1116 1584 1408 1657 παρουσία,
1453 1584 1578 1638 ἐπεὶ
1628 1582 1705 1654 μὴ
1746 1582 1843 1636 νῦν
1892 1586 2282 1656 συγχωρετται,
2355 1585 2574 1672 πάντως
2613 1585 2750 1662 ὅταν,
2783 1587 2912 1651 Θεὸς
2953 1589 3080 1659 διδῷ
3145 1593 3371 1663 γενήσε-

154 1697 259 1738 ται.
290 1681 371 1736 Τὰ
397 1679 441 1733 δ’
468 1678 602 1736 ἄλλα
628 1677 914 1751 ἐρρῶσθαι
945 1694 1006 1732 σε
1033 1673 1401 1748 ἑπευχόμεθα,
1431 1675 1526 1728 καὶ
1555 1672 1872 1746 μεμνῆσθαι
1897 1674 1998 1744 τῆς
2026 1675 2185 1746 ἡμῶν
2225 1677 2599 1746 μετριότητος.

562 1792 706 1847 Pll‘.
737 1792 964 1858 Νικήτᾳ
1001 1788 1281 1861 Ἀθηνῶν.

221 1901 332 1958 Καὶ
367 1901 700 1972 κυϐερνήτης
727 1902 948 1972 ἀριστος
976 1898 1088 1954 τῶν
1129 1898 1505 1969 βαπτιξόντων.
1527 1899 1699 1970 κυμά-

152 2011 259 2050 των
301 1993 400 2064 τὴν
452 1991 694 2046 ἔκκλισιν
745 1991 981 2046 ποιεῖται
1010 1989 1101 2044 διὰ
1140 1989 1418 2060 προνοίας,
1444 1989 1560 2043 ἀλλ’
1587 1989 1710 2059 οὐχὶ

152 2084 290 2153 πρὸς
317 2084 503 2136 ἐκεῖνα
541 2080 859 2136 συνωθεῐται
886 2079 955 2133 δι’
997 2071 1074 2134 ὧν
1131 2078 1314 2148 μέλλει
1347 2077 1508 2133 πλέον
1542 2095 1710 2132 κατα-

153 2171 526 2237 ϐαπτίζεσθαι.
554 2171 666 2226 Καὶ
710 2169 892 2242 ἰατρὸς
923 2163 968 2239 ᾧ
1003 2184 1066 2238 γε
1109 2167 1180 2221 δι’
1206 2167 1523 2239 ἐπιμελείας
1561 2170 1710 2224 ἔστὶν

152 2262 593 2335 ησωτηρίαγτοῦ
637 2262 961 2333 κάμνοντος,
1008 2260 1243 2330 σπουδὴν
1285 2259 1628 2330 ἀναδέχεται,
1659 2261 1707 2312 εί

161 2355 235 2426 μὴ
265 2353 490 2416 δυνατὸν
544 2351 819 2414 παντελῶς
871 2350 1243 2420 θεραπεῦσαι,
1298 2350 1435 2406 ἀλλά
1471 2367 1536 2419 γε
1571 2351 1708 2413 τέως

157 2446 452 2501 ελαττῶσαι
471 2445 534 2498 τδ
558 2443 867 2513 διενοχλοῶ
913 2441 1258 2513 ἀρρώστημα
1281 2441 1550 2512 φάρμακα
1579 2458 1706 2494 συν-

156 2540 377 2595 τιθέναι.
415 2537 644 2603 Συνίεις,
678 2533 849 2605 οἶμαι,
880 2535 974 2587 τοῦ
1004 2534 1293 2604 προοιμίου
1319 2535 1378 2586 τὸ
1415 2531 1662 2603 βούλημα
1689 2546 1704 2561 ⁸

158 2635 203 2685 εί
234 2633 311 2700 μὴ
364 2629 583 2692 ἑκόντες
631 2627 857 2690 ἑαυτοὺς
899 2627 966 2697 τῇ
1012 2624 1206 2695 ἀγνοίᾳ
1243 2625 1615 2694 παρίσχομεν,
1648 2625 1706 2693 ιη

155 2723 246 2775 τοῦ
271 2718 408 2773 Θεοῦ
449 2716 747 2788 Ἐκκλησία
790 2717 848 2770 εν
876 2715 1112 2786 τοσαύτῃ
1153 2715 1291 2786 ζάλῃ
1325 2714 1418 2768 καὶ
1445 2713 1708 2785 τρικυμία

155 2812 484 2880 καθέστηκε,
508 2808 605 2862 καὶ
634 2806 886 2870 τοσοῦτος
915 2795 1039 2860 καθ’
1055 2806 1212 2876 ἡμῶν
1229 2804 1320 2858 διὰ
1344 2805 1452 2858 τῶν
1481 2803 1705 2869 ἔσωθεν,

153 2902 248 2957 καὶ
265 2900 354 2956 διά
382 2899 492 2954 τῶν
522 2897 722 2966 ἔξωθεν
761 2897 1032 2966 ἐγείρεται
1071 2894 1298 2962 κλύδων,
1336 2894 1412 2958 ὡς
1441 2895 1564 2948 καθ’
1580 2893 1709 2948 ἑκά-

155 3008 288 3063 στην
320 2990 557 3061 ἡμέραν,
594 2987 794 3057 μᾶλλον
826 2987 883 3040 δὲ
933 2987 1108 3039 εἰπεῖν
1133 2984 1308 3057 ὥραν,
1341 2987 1440 3056 τὴν
1470 2984 1707 3054 παντελῆ

2205 1788 2386 1845 CXIII.
2418 1766 2966 1848 Niceten/tertiani.

1831 1962 1843 1969 _
1879 1898 2130 1970 Optimus
2163 1901 2399 1972 quisque
2429 1902 2762 1973 gubernator
2806 1888 3100 1974 prudenter
3137 1911 3376 1967 intume-

1809 1999 2026 2045 scentes
2055 1991 2190 2045 vitat
2218 1990 2442 2060 fluctus,
2465 2001 2518 2048 et
2543 1993 2608 2049 ad
2647 1994 2769 2049 illos
2804 1982 2994 2050 navem
3034 2013 3138 2053 non
3171 2000 3371 2072 dirigit,

1809 2079 2010 2149 quibus
2062 2080 2280 2150 penitus
2324 2083 2692 2149 obrueretur;
2735 2085 2814 2140 sic
2861 2086 3107 2143 medicus
3137 2103 3374 2160 quoque,

1809 2171 1902 2240 qui
1937 2179 2055 2226 arte
2100 2186 2200 2228 sua
2247 2171 2593 2228 inﬁrmorum
2640 2189 2830 2228 curam
2865 2179 3116 2248 suscipit,
3150 2195 3371 2249 operam

1811 2260 2099 2329 impendit,
2147 2263 2249 2318 etsi
2305 2272 2639 2333 aegrotantes
2693 2265 2852 2334 plane
2899 2268 3126 2322 reddere
3153 2271 3371 2325 sanitati

1809 2365 1916 2404 non
1944 2352 2135 2419 possit,
2163 2353 2463 2408 remedium
2493 2354 2732 2419 adhibet,
2763 2363 2825 2410 ut
2849 2356 3134 2412 molestam
3165 2361 3376 2415 minuat

1810 2439 2201 2496 inﬁrmitatem.
2249 2439 2368 2496 Jam
2406 2443 2578 2506 vides,
2618 2443 2692 2497 uti
2739 2454 2890 2513 puto,
2940 2439 3050 2515 Quo
3088 2451 3369 2503 exordium

1811 2531 2017 2585 tendat.
2049 2529 2112 2584 Ni
2139 2531 2388 2588 lubenter
2430 2534 2792 2602 nosmetipsos
2844 2535 3162 2604 ignorantiae
3193 2540 3371 2593 trada~

1811 2633 1954 2686 mus,
1987 2621 2170 2678 videre
2207 2630 2291 2677 est
2320 2623 2618 2678 Eeelesiam
2658 2622 2750 2677 Dei
2781 2625 2835 2679 in
2867 2633 3015 2679 tanta
3053 2635 3372 2697 tempestate

1809 2711 2068 2779 positam,
2107 2713 2270 2767 tantis
2320 2714 2677 2784 undecunque
2720 2715 3027 2772 furentibus
3071 2719 3364 2776 (luctibus:

1809 2811 1988 2858 tantas
2048 2803 2194 2858 enim
2264 2805 2408 2860 circa
2466 2821 2561 2861 vos
2643 2807 2878 2861 volvitur
2913 2809 3053 2864 intra
3109 2821 3163 2866 et
3212 2821 3364 2866 extra

1808 2893 2042 2949 excitata
2084 2909 2302 2966 vorago,
2352 2905 2412 2950 ut
2488 2911 2582 2966 per
2608 2897 2854 2968 singulos
2882 2899 3021 2963 dies,
3051 2901 3156 2955 imo
3177 2907 3366 2971 quavis

1807 2983 1942 3038 liora
1974 3001 2046 3042 ne
2074 2984 2323 3042 funditus
2359 2988 2740 3058 demergamur
2771 2991 2842 3045 sit
2875 2994 3243 3049 metuendum.
3265 2997 3365 3052 -Τιι

155 3081 447 3135 κατάδυσιν
469 3079 708 3144 ἐλπίζειν
731 3093 746 3110 ·
777 3079 872 3132 καὶ
893 3077 958 3131 σὺ
981 3076 1315 3140 ἐπισκόπους
1334 3077 1442 3159 τῶν
1481 3076 1705 3148 Ἐκκλη-

1811 3082 1992 3131 autem
2029 3092 2096 3132 ex
2171 3078 2420 3134 ecclesiis
2464 3079 2746 3149 episcopos
2794 3083 2861 3136 ab
2902 3082 3010 3137 illis
3067 3085 3364 3162 ordinatos,

154 3173 288 3226 σιῶν
341 3171 587 3234 ἐλαύνεις
629 3169 752 3233 τοὺς
807 3167 900 3222 ὐπ’
945 3167 1170 3220 ἐκείνων
1211 3157 1705 3236 χειροτονηθέντας,

150 3263 248 3327 οὓς
292 3261 448 3315 οὔπω
494 3261 598 3315 ὑπὸ
637 3257 969 3331 ’καθαίρεσιν
1027 3259 1278 3329 προφανῆ
1336 3256 1702 3328 πεποιήμεθα.

153 3357 225 3409 Ἢ
255 3351 448 3423 λέληθέ
473 3369 496 3406 <
523 3371 530 3378 ‘
583 3343 658 3414 ὥς
689 3349 814 3404 οὐτε
851 3349 1051 3415 Σάϐας,
1084 3348 1112 3399 ὁ
1136 3348 1243 3417 πρὸ
1272 3346 1368 3402 σοῦ
1400 3348 1492 3401 τὸν
1519 3348 1707 3417 θρόνον

148 3445 350 3501 διόπων
374 3441 485 3496 τῶν
524 3439 788 3510 Ἀθηνῶν,
818 3437 941 3493 οὐτε
965 3455 1047 3502 τις
1076 3437 1263 3507 ἕτερος
1289 3438 1397 3490 τῶν
1419 3437 1706 3508 ὁμοταγῶν

148 3535 347 3604 ὲκείνῳ
381 3531 485 3586 ὑπὸ
504 3530 824 3601 καθαίρεσιν
849 3530 1062 3597 γέγονε,
1092 3529 1233 3599 πλὴν
1260 3528 1368 3583 τῶν
1386 3528 1707 3597 φθασάντων

148 3626 437 3696 τεσσάρων
460 3621 820 3692 καθῃρῆσθαι,
856 3620 950 3673 τοῦ
992 3637 1053 3673 τε
1085 3621 1395 3690 Δημητρίου
1423 3619 1588 3692 φημὶ,
1612 3623 1708 3674 καὶ

147 3715 417 3786 Γαϐριὴλ,
438 3713 532 3766 καὶ
572 3711 893 3783 Γρηγορίου,
946 3709 1043 3763 καὶ
1079 3711 1296 3779 Κοσμᾶ,
1335 3709 1394 3772 ὃς
1426 3712 1474 3762 εἰ
1505 3711 1599 3764 καὶ
1630 3711 1706 3779 μὴ

145 3808 240 3860 διὰ
269 3807 369 3877 τὴν
431 3803 602 3874 αὐτὴν
651 3803 830 3855 αίτίαν
881 3803 994 3862 τοῖς
1023 3800 1204 3863 ἄλλοις
1248 3801 1448 3871 τρισὶν,
1474 3799 1615 3854 άλλά
1641 3816 1705 3868 γε

143 3897 240 3950 διὰ
298 3895 398 3958 τὰς
433 3896 493 3947 ἑν
537 3896 604 3963 τῇ
647 3891 833 3962 Ῥώμῃ
881 3890 1254 3960 ψευδολογίας,
1290 3891 1358 3959 τῇ
1388 3889 1706 3959 καθαιρέσει

145 3986 518 4055 ὐποϐἐσληται
540 4000 557 4050 ;
579 3983 763 4036 Πάντα
789 3979 968 4051 καιρῷ
1007 3980 1120 4049 ίδίῳ
1163 3979 1495 4033 διευθύνεται
1514 3995 1529 4011 ο
1557 3979 1620 4032 τὸ
1647 3979 1705 4032 δι

143 4077 303 4147 παρὰ
356 4075 446 4129 τὸν
492 4074 842 4146 προσήκοντα
897 4069 1088 4140 καιρὸν
1145 4071 1456 4139 γινόμενον,
1518 4069 1707 4141 ῶσπερ

143 4167 344 4230 ἀτελές
366 4167 512 4220 ἑστι·
538 4164 600 4218 τὸ
623 4164 682 4216 δι
704 4162 890 4224 ἀτελὲς
914 4161 1127 4230 ἀνάγκη
1170 4161 1588 4231 ἀποστερεῖσθαι
1613 4160 1729 4216 καὶ.

141 4256 435 4329 διαμονῆς.
471 4255 620 4310 Ἔδει
670 4250 766 4308 οὖν
820 4269 879 4306 σε
913 4253 1005 4306 τὸν
1044 4251 1235 4320 καιρὸν
1275 4253 1704 4322 κατανοήσαντα,

142 4350 249 4406 καὶ
278 4347 386 4403 τῶν
410 4345 752 4418 πραγμάτων
779 4344 878 4415 τὴν
910 4343 1247 4412 ἀνωμαλίαν,
1277 4344 1444 4413 μηδὲν
1476 4343 1707 4411 διαπρά-

1811 3179 1952 3234 quos
2000 3167 2244 3223 nondum
2297 3170 2512 3238 publice
2558 3172 2932 3241 deposuimus,
2989 3190 3226 3232 amoves.
3284 3181 3364 3232 An

1810 3254 1951 3327 fugit
1977 3271 2050 3320 te,
2083 3273 2183 3312 nec
2207 3258 2427 3324 Sabam,
2463 3261 2555 3330 qui
2586 3269 2714 3316 ante
2753 3272 2805 3317 te
2848 3264 3028 3319 sedem
3063 3281 3365 3337 occupave-

1807 3356 1895 3402 rat
1922 3347 2360 3414 Atheniensium,
2393 3365 2493 3405 nec
2535 3353 2703 3408 alium
2752 3370 3080 3426 quemquam
3127 3374 3158 3414 e
3202 3363 3365 3416 sociis

1809 3435 2117 3505 depositum
2168 3436 2339 3494 fuisse
2384 3447 2581 3508 prazter
2619 3451 2854 3510 quatuor
2903 3447 3222 3511 anteriores,
3263 3451 3362 3503 De-

1809 3528 2065 3581 metrium
2106 3528 2246 3590 dico,
2277 3527 2604 3598 Gabrielem,
2642 3531 2963 3602 Gregorium
2994 3545 3048 3590 et
3078 3537 3326 3593 Cosmum
3347 3581 3361 3602 ,

1807 3616 1899 3684 qui
1929 3617 2148 3685 quidem
2177 3631 2284 3672 non
2318 3618 2390 3672 ob
2428 3619 2697 3682 eamdem.
2730 3636 2794 3675 ac
2844 3629 2954 3678 tres
2985 3624 3080 3677 alii
3120 3641 3361 3691 causam,

1808 3707 1901 3761 sed
1951 3716 2172 3777 propter
2219 3708 2520 3764 calumnias
2553 3707 2738 3765 Roma:
2769 3725 3092 3784 propagatas
3152 3734 3181 3772 a
3238 3722 3363 3774 sede

1810 3803 2052 3852 remotus
2110 3806 2215 3852 est.
2269 3798 2457 3854 Omnia
2514 3809 2569 3853 et
2624 3801 2834 3870 singula
2893 3819 2992 3858 suo
3044 3808 3362 3864 ordinantur

1811 3895 2096 3954 tempore;
2152 3887 2415 3956 quidquid
2477 3899 2654 3945 autem
2726 3893 3062 3949 convenicnti
3125 3907 3361 3967 tempore

1808 3984 2088 4045 peractum
2130 3992 2238 4032 non
2278 3978 2462 4042 fuerit,
2502 3981 2606 4034 erit
2654 3980 3071 4051 imperfectum;
3111 3986 3362 4058 imperfe-

1807 4078 1954 4121 ctum
1993 4077 2172 4122 autem
2219 4069 2527 4124 necessario
2575 4085 2684 4124 nou
2737 4073 2921 4127 stabit.
2957 4075 3110 4140 Quod
3133 4077 3178 4131 si
3227 4087 3362 4133 tem-

1809 4171 1940 4226 pora
1981 4157 2340 4227 ponderasses
2374 4168 2428 4213 et
2465 4175 2644 4215 rerum
2680 4162 3046 4229 diliicultates,
3086 4178 3360 4236 nunquam

1811 4247 2034 4303 fecisses
2066 4264 2186 4316 qua:
2210 4251 2306 4304 abs
2337 4257 2389 4306 te
2425 4259 2554 4306 sunt
2580 4263 2816 4321 peracta.
2853 4255 3115 4324 Equidem
3147 4248 3384 4312 nescius

1811 4352 1955 4404 sum,
1989 4339 2266 4408 quomodo
2297 4341 2363 4394 ad
2392 4341 2479 4394 illa
2512 4343 2766 4399 incitatus
2796 4346 2978 4400 fueris.
3033 4345 3090 4401 Si
3139 4365 3242 4419 qtta
3267 4351 3361 4406 tibi

145 4436 352 4503 ξασθαι
409 4433 519 4489 οἷόν
573 4451 652 4488 σοι
695 4434 1116 4503 διαπέπρακται.
1167 4431 1319 4511 ’βπεὶ
1367 4432 1425 4484 δὲ
1466 4433 1566 4484 οὐκ
1595 4426 1705 4486 οῖδα

1813 4443 1942 4484 cura
1964 4439 2046 4484 est
2067 4445 2132 4485 ne
2162 4431 2393 4500 amplius
2412 4433 2656 4488 turbetur
2687 4434 2947 4501 Ecclesia,
2977 4424 3360 4506 neque'nostra

142 4532 301 4590 ὅπως
325 4529 406 4590 είς
434 4524 592 4578 τοῦτο
644 4524 947 4594 προήχθης,
996 4522 1213 4584 πάντως
1259 4523 1312 4574 εἴ
1345 4523 1397 4574 τί
1433 4538 1515 4575 σοι
1555 4523 1705 4592 μέλει

144 4623 283 4692 περὶ
305 4618 401 4674 τοῦ
434 4617 510 4688 μὴ
529 4617 620 4670 sui
649 4614 811 4668 πλέον
845 4612 1196 4684 χειμάζεσθαι
1229 4611 1326 4682 τὴν
1358 4612 1704 4680 Ἐκκλησίαν,

144 4715 248 4768 καὶ
275 4711 527 4781 περὶτῆς
548 4708 707 4779 ἡμῶν
749 4707 1100 4777 μετριότητος
1140 4705 1238 4774 τῆς
1272 4703 1502 4758 καθόσον
1527 4707 1705 4774 ἐγχω-

143 4806 241 4874 ρεῖ
267 4802 527 4864 ἀνέσεως,
562 4799 662 4869 τὴν
682 4797 988 4867 ἐπισκοπὴν
1014 4799 1044 4850 ὁ
1068 4797 1348 4867 ἄνθρωπος
1370 4797 1706 4863 ἀπολαυέτω,

1789 4530 2036 4575 ’νοιειιιτ
2065 4521 2368 4588 humilitas,
2403 4522 2715 4594 episcOpatu
2748 4525 3001 4595 fungatur
3031 4529 3111 4580 vir
3148 4538 3200 4580 et
3241 4544 3363 4596 per-

1815 4620 2050 4677 maneat,
2089 4611 2260 4666 donec
2305 4613 2500 4682 placita
2550 4613 2804 4669 Ecclesiae
2852 4615 3262 4670 manifestentur
3310 4616 3380 4670 et

1815 4702 2204 4756 malevolorum
2223 4702 2541 4772 disceptatio
2567 4702 2722 4758 cedat
2747 4705 2799 4757 in
2830 4689 3252 4768 damnationem,
3282 4711 3360 4761 vel

1819 4792 1982 4846 aliam
2015 4793 2425 4848 conversionem
2460 4794 2674 4848 habeat.
2705 4792 2877 4849 Jubeo
2900 4805 2949 4851 te
2979 4797 3156 4850 valere
3185 4799 3360 4852 anima

143 4893 245 4943 καὶ
282 4889 586 4956 διαμενέτω
621 4887 726 4947 ἕως
758 4885 825 4938 ἂν
875 4885 948 4937 τὰ
979 4884 1250 4937 ’δοκοῦντα
1304 4886 1369 4952 τῇ
1413 4883 1705 4954 Ἐκκλησία

1809 4891 1862 4934 et
1893 4895 2142 4948 corpore,
2185 4890 2240 4934 et
2288 4881 2644 4936 humilitatem
2695 4892 2940 4938 nostram
2974 4886 3221 4953 precibus
3257 4888 3360 4938 luis

141 4985 228 5043 εἰς
270 4980 446 5048 πέρας
472 4977 634 5042 ἔλθοι,
665 4976 758 5029 καὶ
787 4977 821 5045 ἡ
850 4975 977 5045 περὶ
1019 4973 1128 5028 τῶν
1159 4977 1499 5027 πταισάντων
1538 4975 1710 5042 ἀμφι-

1811 4973 2272 5025 commendamus.

138 5072 307 5124 ϐολία
334 5069 539 5140 ἐναργῆ
563 5069 886 5138 κατάκρισιν
936 5067 971 5136 ἢ
1041 5066 1206 5136 άλλην
1273 5066 1395 5118 τινὰ
1435 5066 1655 5134 δέξηται
1723 5063 2062 5132 οἰκονομίαν.
2133 5062 2436 5133 Ἐρρῶσθαί
2499 5081 2558 5117 σε
2627 5064 2720 5117 καὶ
2806 5063 2948 5133 ψυχῇ
3010 5066 3105 5116 καὶ
3154 5048 3360 5136 σώματι

139 5161 522 5231 ἐπευχόμεθα,
563 5158 786 5227 καὶτῆς
834 5156 988 5228 ημῶν
1030 5155 1426 5225 ὐπερεύχεσθαι
1483 5156 1854 5226 μετριότητος.

322 5276 464 5327 PIA'.
502 5271 798 5338 Βασιλείῳ
838 5272 1240 5366 μητροπολίτη
1271 5270 1548 5335 Χαλδίας.

231 5393 299 5444 Ἦ
341 5392 438 5460 μὲν
473 5386 726 5448 ὑπόθεσις
775 5385 866 5438 τοῦ
925 5385 1247 5454 γράμματος
1289 5386 1563 5452 ἀναγκαία
1614 5385 1710 5452 μὲν

2051 5266 2234 5323 CXIV.
2268 5268 2467 5323 Basilio
2503 5265 2738 5320 Clialdirc
2761 5265 3123 5334 metropolita’.

1879 5380 2054 5451 Hujus
2086 5383 2327 5450 epistolae
2347 5381 2573 5435 materia
2604 5377 2885 5432 tabellario
2908 5379 3214 5432 necessaria
3247 5389 3390 5443 est;,

139 5486 225 5552 τῷ
263 5479 548 5546 κομίζοντι
581 5477 642 5528 τὸ
676 5476 927 5546 γράμμα.
955 5475 1053 5528 Διὰ
1075 5475 1230 5527 τοῦτο
1264 5478 1356 5527 καὶ
1381 5475 1705 5544 πληροῦντες

1810 5473 1963 5540 cujus
2015 5475 2232 5542 quidem
2279 5472 2633 5543 postulationi
2664 5469 3059 5538 satisfacientes
3090 5469 3362 5525 scribendi

139 5574 249 5640 τὴν
290 5569 473 5636 δέησιν
496 5563 656 5617 αὐτοῦ
689 5565 782 5614 καὶ
811 5563 908 5632 τὴν
938 5565 1202 5615 ὑπόζιεσινι
1221 5563 1424 5632 ταύτην
1458 5564 1550 5616 τοῦ
1583 5565 1715 5634 γρά-

1813 5577 2001 5617 ausam
2057 5568 2368 5620 habuimus.
2420 5564 2645 5618 Materia
2696 5565 2808 5631 ipsa
2849 5572 3027 5616 autem
3077 5563 3365 5620 nobisnee

143 5680 281 5730 φειν
318 5659 654 5727 ἐσχήκαμεν.
704 5654 862 5722 Ἡμῖν
889 5654 944 5704 δὲ
980 5653 1099 5706 οὔτε
1156 5655 1418 5725 πρότερον
1448 5655 1568 5708 οὗτε
1622 5655 1705 5708 νῦι

1815 5664 1973 5710 antea
2010 5673 2106 5712 ncc
2141 5659 2428 5712 liodiedum
2460 5655 2668 5710 videtur
2691 5651 3016 5707 necessaria.
3045 5651 3207 5707 Nobis
3223 5655 3365 5708 enim

406 5750 668 5810 Panos.
696 5750 808 5805 Gn.
838 5747 1000 5807 CXI.

2939 5742 2996 5800 ll
