4038 6354
165 303 256 365 399
1566 297 1970 358 EI‘ISTOI.:E.
3224 302 3332 368 330

163 414 407 485 ἀνώτερον
464 413 638 480 πάσης
663 409 838 478 λύπης
899 409 1164 464 διατελεῖν
1219 409 1533 472 ἐπιθέσεως·
1589 410 1686 462 καὶ

1791 409 2142 464 εοηοιὶεειηιο
2178 406 2286 462 Deo
2319 409 2385 463 de
2423 411 2522 465 1ιοιῖ
2555 411 2756 480 gratias
2783 411 3010 477 eginins,
3044 424 3092 464 ει
3121 425 3339 489 oramus

163 509 228 576 τῷ
261 506 390 574 άγίῳ
435 501 550 571 Θεῷ
600 502 636 570 ἡ
681 501 774 552 ἐπὶ
810 499 968 553 τοῦτο
1009 498 1332 570 εὐχαριστία
1376 499 1508 568 ἡμῖν
1545 499 1682 552 ἀπο..

1791 501 2010 554 omnino
2039 508 2100 554 ut
2125 500 2285 554 talem
2311 499 2374 553 tle
2398 509 2448 553 te
2475 501 2721 554 nuntium
2751 513 2966 567 semper
2993 503 3334 568 accipiamus.

161 599 360 659 δέδοται,
389 594 478 647 καὶ
510 589 781 660 εὐχόμεθα
810 590 1042 643 πάντοτε
1071 587 1330 655 τοιαύτης
1358 588 1490 656 περὶ
1528 588 1682 658 ὑμῶν

1791 586 2051 652 Quoniam
2123 601 2251 641 vero
2299 601 2482 641 rerum
2527 589 2786 658 angustia:
2842 602 2942 641 nos
2995 603 3100 640 non
3162 589 3344 643 sinunt

165 686 393 756 ἀγγελίας
419 679 706 751 τυγχάνειν
744 680 1003 748 ἀγγέλου.
1048 678 1266 748 Ἐπειδὴ
1288 678 1348 732 δέ
1399 678 1511 732 τῶν
1533 695 1674 750 πρε-

1791 677 2077 747 respirare,
2131 687 2180 730 et
2213 677 2320 732 illis
2350 678 2504 747 quasi
2549 677 2709 732 cincti
2743 679 3071 746 indigemus,
3103 679 3346 733 homines

159 776 356 846 γμάτων
387 772 443 824 al
494 770 844 842 περιστάσεις
877 769 981 822 οὑκ
1009 766 1169 822 ἐῶσιν
1212 769 1358 838 ἡμᾶς
1402 769 1683 833 ἀναπνεῖν,

1791 768 2010 831 inlirmi,
2060 767 2434 823 assistentium
2470 769 2843 824 consolatione
2875 770 3010 839 (scis
3048 775 3228 823 autem
3260 771 3348 822 ni-

160 865 242 918 καὶ
265 862 335 925 ῶς
367 863 424 914 ἐν
445 859 711 924 τοιούτοις
739 857 1282 929 περιστοιχιζόμενοι,
1309 857 1565 928 δεόμεθα,
1585 857 1684 911 άν-

1791 859 1862 912 hil
1895 860 1968 912 ita
1999 859 2271 914 consolari
2297 868 2354 913 ιιι
2381 860 2613 915 ﬁliorum
2646 859 3156 939 conversationem),
3193 871 3350 929 opta-

155 953 344 1022 θρωποι
389 952 634 1003 ταπεινοί
679 949 854 1012 ὅντες,
883 945 980 1000 καὶ
1025 945 1128 1016 τῆς
1163 947 1226 999 ἐκ
1267 945 1374 999 τῶν
1418 945 1685 998 συνόντων

1791 949 1983 1003 bamus
2008 956 2067 1002 ut
2097 948 2383 1004 nobiscum
2417 965 2582 1006 esses.
2621 951 2677 1005 Si
2712 951 2876 1022 igitur
2905 967 3013 1008 non
3046 955 3351 1009 necessario

155 1040 472 1110 παρηγορίας
498 1036 669 1109 (οἶδας
695 1037 751 1090 δέ
773 1037 854 1090 ὅτι
879 1035 1034 1090 οὐδὲν
1057 1034 1200 1088 οὕτω
1235 1035 1566 1105 παρηγορεῖ,
1609 1033 1685 1098 ὡς

1791 1049 1844 1092 te
1874 1053 1963 1093 res
1999 1039 2122 1095 istic
2153 1041 2407 1107 retinent,
2440 1041 2557 1096 veni
2586 1043 2651 1096 ad
2682 1057 2801 1097 nos.
2851 1043 2907 1096 Si
2942 1055 3092 1115 urget
3118 1046 3352 1100 necessi-

154 1130 184 1198 ἠ
217 1129 318 1182 τῶν
351 1129 556 1182 τέκνων
601 1123 935 1194 συνομιλία),
969 1123 1306 1193 ἐδουλόμεθα
1350 1125 1409 1177 ἐν
1457 1121 1688 1192 τοιούτῳ

1791 1138 1898 1191 tas,
1951 1128 2144 1183 saltem
2194 1137 2460 1199 quantum
2506 1131 2715 1199 poteris
2761 1133 2918 1188 nobis
2953 1135 3059 1188 tuis
3105 1135 3352 1202 precibus

152 1219 310 1291 καιρῷ
343 1219 438 1272 σὺν
467 1218 600 1288 ἡμῖν
634 1212 794 1270 εἷναι.
845 1216 905 1268 El
943 1215 1044 1283 μὲν
1070 1211 1166 1268 οὗν
1194 1213 1294 1266 ούκ
1345 1213 1493 1266 εστιν
1521 1213 1688 1282 ἀναγ-

1791 1215 1998 1271 adesto.
2041 1221 2119 1270 Ac
2148 1227 2237 1271 tua
2264 1217 2573 1287 praesentia,
2619 1219 2874 1289 quoniam
2902 1231 3009 1273 non
3057 1235 3203 1276 nunc
3231 1236 3352 1289 per-

150 1311 389 1379 καιότερα
417 1308 484 1360 τὰ
509 1309 567 1361 ἐν
590 1309 702 1370 τοῖς
730 1305 920 1359 αὐτόθι
953 1305 1253 1382 πράγματα
1283 1303 1422 1372 πρὸς
1441 1302 1544 1374 τὴν
1585 1304 1687 1373 σὴν

1791 1306 2044 1372 mittitur,
2075 1308 2170 1361 liet
2209 1309 2435 1363 omnino
2465 1311 2686 1380 quando
2719 1309 2862 1364 Deus
2891 1311 3139 1366 voluerit.
3184 1310 3356 1365 Caete-

148 1402 435 1470 ἐπίσχεσιν,
479 1398 792 1470 παραγενοῦ
836 1396 974 1467 πρὸς
1004 1396 1176 1467 ἡμᾶς.
1233 1394 1297 1448 El
1336 1393 1381 1447 δ’
1433 1394 1551 1448 ἐστι
1601 1410 1687 1457 τις

1791 1411 1909 1450 rum
1941 1411 2040 1466 pro
2081 1407 2171 1451 tua
2216 1397 2448 1453 sanitate
2495 1409 2618 1454 vota
2676 1398 2980 1464 fundimus,
3019 1410 3072 1456 et
3107 1399 3357 1470 cupimus

146 1491 343 1559 ἀνάγκη
371 1490 740 1560 δυνατωτέρα,
786 1487 925 1552 τέως
957 1488 1093 1557 ἡμῖν
1121 1489 1243 1550 ταῖς
1274 1486 1452 1549 ὁσίαις
1495 1485 1686 1555 εὐχαῖς

1787 1493 1849 1540 ιιι
1880 1494 2079 1542 nostra
2110 1488 2434 1543 humilitatis
2460 1489 2793 1545 memineris.

146 1583 481 1654 ὅσηδύναμις
531 1581 846 1645 συνίστασο,
892 1581 990 1635 καὶ
1032 1582 1068 1651 ἡ
1100 1579 1393 1652 παρουσία,
1437 1579 1562 1632 ἐπεὶ
1613 1577 1690 1650 μὴ
1731 1578 1827 1632 νῦν
1876 1581 2266 1650 συγχωρεῖται,
2340 1580 2558 1668 πάντως
2594 1562 2734 1658 ’ὅταν
2768 1583 2896 1648 Θεὸς
2938 1587 3064 1656 διδῷ
3129 1591 3356 1660 γενήσε-

149 1690 242 1732 ται.
274 1675 353 1729 Τὰ
378 1673 424 1727 δ’
451 1672 586 1729 ἄλλα
613 1671 899 1745 ἐρρῶσθαι
929 1689 990 1726 σε
1018 1669 1385 1743 ἐπευχόμεθα,
1415 1670 1510 1724 καὶ
1540 1668 1857 1742 μεμνῆσθαι
1882 1670 1982 1739 τῆς
2009 1671 2170 1742 ημῶν
2209 1673 2584 1743 μετριότητος.

546 1785 690 1841 Pll'.
721 1787 948 1852 Νικήτα
986 1783 1266 1855 Ἀθηνῶν.

205 1895 311 1951 Καὶ
347 1895 683 1966 κυϐερνήτης
711 1896 932 1966 ἄριστος
961 1893 1072 1949 τῶν
1113 1893 1481 1964 βαπτιζόντων
1511 1894 1683 1966 κυμά-

143 2004 240 2042 των
280 1986 380 2058 τὴν
434 1985 678 2040 ἐκκλισιν
729 1986 965 2040 ποιεῖται
994 1985 1084 2039 διά
1124 1983 1402 2056 προνοίας,
1427 1985 1543 2039 ἀλλ’
1571 1984 1693 2055 οὐχὶ

143 2077 270 2146 πρὸς
295 2077 486 2130 ἐκεῖνα
525 2074 843 2130 συνωθεϊται
870 2074 939 2128 δι’
980 2066 1057 2130 ὧν
1115 2073 1298 2144 μέλλει
1330 2073 1492 2128 πλέον
1526 2091 1694 2127 κατα-

142 2165 510 2230 δαπτίζεσθαι.
537 2165 649 2220 Καὶ
695 2164 876 2236 ίατρὺς
907 2157 952 2234 ᾧ
986 2179 1050 2233 γε
1093 2163 1164 2216 δι’
1189 2163 1506 2234 ἐπιμελείας
1545 2165 1694 2219 ἐστὶν

141 2256 576 2328 ἡσωτηρίφτοῦ
621 2257 944 2327 κάμνοντος,
992 2255 1227 2326 σπουδὴν
1268 2253 1612 2326 ἀναδέχεται,
1642 2257 1690 2308 εί

147 2347 212 2418 μὴ
242 2346 473 2401 δυνατὸν
527 2346 803 2408 παντελῶς
854 2345 1226 2415 θεραπεῦσαι,
1281 2345 1418 2401 ἀλλά
1453 2363 1519 2414 γε
1555 2346 1691 2409 τέως

143 2440 430 2493 ἐλαττῶσαι
451 2439 517 2492 τὸ
541 2437 850 2508 διενοχλοῦν
895 2436 1242 2508 ἀρρώστημα
1263 2436 1533 2506 φάρμακα
1561 2453 1690 2490 συν-

141 2533 352 2588 τιθέναι.
393 2531 626 2598 Συνίεις,
661 2527 832 2599 οἶμαι,
863 2529 957 2581 τοῦ
987 2529 1276 2599 προοιμίου
1301 2529 1361 2581 τὸ
1398 2527 1645 2598 βούλημα
1673 2542 1687 2556 ⁸

141 2626 284 2693 είμὴ
339 2623 566 2687 ἐκόνιες
615 2621 839 2684 ἐαυτοὺς
882 2623 948 2692 τῇ
995 2619 1190 2690 ἀγνοίᾳ
1225 2619 1597 2690 παρέσχομεν.
1630 2620 1688 2689 ιή

137 2715 220 2766 τοῦ
245 2712 384 2766 Θεοῦ
427 2710 729 2782 Ἐκκλησία
772 2711 831 2764 ἐν
859 2710 1094 2780 τοσαύτη
1137 2709 1273 2781 ζάλῃ
1308 2709 1400 2763 καὶ
1427 2709 1690 2780 τρικυμία

137 2804 464 2874 καθέστηκε,
491 2802 588 2857 καὶ
617 2800 868 2865 τοσοῦτος
897 2801 1194 2872 καθήμῶν
1212 2799 1302 2853 διὰ
1327 2799 1434 2853 τῶν
1463 2799 1686 2870 ἐσωθεν,

133 2895 220 2948 καὶ
237 2895 326 2949 διὰ
355 2893 474 2948 τῶν
505 2891 704 2959 ἔξωθεν
743 2892 1014 2960 ἐγείρεται
1053 2889 1281 2956 κλύδων,
1318 2889 1394 2953 ῶς
1423 2889 1547 2944 καθ’
1563 2888 1691 2944 ἐκά-

135 2999 259 3055 στην
292 2984 539 3054 ἡμέραν,
576 2981 777 3051 μᾶλλον
809 2981 866 3034 δέ
915 2981 1090 3033 εἰπεῖν
1115 2979 1290 3052 ῶραν,
1323 2982 1422 3050 τὴν
1452 2980 1688 3050 παντελῆ

2189 1784 2370 1842 CXIII.
2402 1762 2950 1845 Nicelc'Allteniettsi.

1815 1957 1827 1965 ,
1862 1895 2114 1966 Optimus
2146 1897 2383 1968 quisque
2413 1899 2746 1970 gubernator
2790 1886 3084 1971 prudenter
3122 1909 3360 1964 intume-

1793 1995 2010 2041 scentes
2039 1987 2173 2041 vitat
2201 1987 2426 2056 ﬂuctus,
2449 1999 2502 2045 et
2527 1990 2593 2046 ad
2632 1991 2753 2046 illos
2789 1979 2977 2047 navem
3017 2011 3122 2050 non
3154 1999 3355 2069 dirigit,

1792 2075 1993 2145 quibus
2045 2077 2264 2146 penitus
2308 2079 2676 2146 obrueretur;
2719 2083 2797 2136 sic
2846 2083 3091 2141 medicus
3121 2101 3358 2159 quoque,

1793 2167 1885 2235 qui
1921 2176 2038 2222 arte
2084 2182 2184 2224 sua
2231 2167 2577 2224 inﬁrmorum
2623 2186 2814 2226 curam
2849 2177 3099 2246 suscipit,
3135 2193 3354 2247 oper-ain

1793 2256 2082 2325 impendit,
2131 2260 2232 2314 etsi
2289 2268 2622 2330 aegrotantes
2677 2262 2835 2332 plane
2883 2266 3110 2320 reddere
3137 2269 3355 2324 sanitati

1793 2361 1900 2400 non
1927 2348 2118 2415 possit,
2146 2349 2446 2405 remedium
2477 2352 2716 2416 adhibet,
2747 2360 2809 2407 ut
2833 2354 3117 2409 molestam
3149 2360 3358 2414 minuat

1793 2435 2185 2492 inﬁrmitatem.
2233 2436 2351 2493 Jam
2389 2440 2562 2504 vides,
2602 2441 2676 2494 uti
2723 2451 2873 2510 puto,
2923 2458 3034 2512 quo
3071 2449 3353 2500 exordium

1794 2527 2000 2581 tendat.
2032 2526 2095 2581 Ni
2121 2527 2371 2584 lubenter
2413 2531 2776 2599 nosmetipsos
2827 2533 3146 2602 ignorantia:
3177 2539 3354 2590 trada-

1793 2629 1936 2682 mus,
1969 2618 2153 2674 videre
2190 2626 2274 2673 est
2302 2619 2601 2674 Eeclesiam
2642 2619 2734 2674 Dei
2765 2621 2818 2676 in
2851 2629 2998 2676 tanta
3036 2632 3354 2694 tempestate

1792 2707 2050 2775 positam,
2090 2709 2253 2764 tantis
2303 2711 2660 2782 undecunque
2703 2712 3010 2770 furentibus
3054 2716 3348 2774 ﬂuctibus:

1791 2807 1970 2854 tantas
2030 2799 2177 2854 enim
2246 2801 2390 2856 circa
2449 2817 2544 2858 vos
2625 2804 2861 2858 volvitur
2897 2805 3036 2861 intra
3091 2819 3145 2863 et
3195 2818 3346 2864 extra

1791 2889 2024 2945 excitata
2067 2905 2285 2962 vorago,
2335 2902 2395 2948 ut
2471 2907 2566 2964 per
2591 2894 2837 2965 singulos
2865 2896 3004 2961 dies,
3033 2898 3140 2952 imo
3159 2904 3350 2969 quavis

1790 2979 1925 3034 hora
1957 2996 2028 3039 ne
2057 2981 2305 3039 funditus
2341 2984 2722 3056 demergamur
2753 2987 2824 3042 sit
2857 2991 3225 3047 metuendum.
3248 2995 3346 3050 -Tn

132 3074 423 3128 κατάδυσιν
447 3073 690 3138 ἐλπίζειν
713 3087 728 3104 ·
759 3071 940 3126 καὶσὺ
963 3071 1297 3135 ἐπισκόπους
1316 3071 1424 3124 τῶν
1463 3071 1688 3144 Ἐκκλη-

1793 3078 1974 3128 autem
2011 3087 2077 3128 ex
2153 3075 2402 3132 ecclesiis
2446 3077 2728 3147 episcopos
2776 3080 2844 3134 ab
2884 3080 2992 3134 illis
3049 3083 3346 3160 ordinatos,

133 3165 258 3219 ottiitv
313 3165 569 3228 ἐλαύνεις
611 3163 733 3228 τοὺς
789 3162 882 3216 ὑπ’
927 3162 1152 3215 ἐκείνων
1192 3159 1687 3231 χειροτονηθέντας,

127 3254 217 3319 ιύς
261 3255 424 3310 οὔπω
474 3255 580 3309 ὑπὸ
619 3251 951 3325 καθαίρεσιν
1009 3253 1260 3323 προφανῆ
1317 3251 1684 3323 πεποιήμεθα.

129 3348 195 3400 Ἢ
223 3345 424 3417 λέληθέ
451 3363 477 3400 ε
505 3365 511 3372 ’
564 3337 639 3407 ῶς
671 3343 795 3399 οὕτε
833 3344 1033 3410 Σάὸας,
1065 3343 1094 3394 ὁ
1117 3343 1225 3412 πρὸ
1253 3341 1350 3397 σοῦ
1381 3343 1474 3396 τὸν
1500 3343 1688 3412 θρόνον

123 3437 318 3492 διέπων
345 3436 464 3490 τῶν
506 3433 770 3504 Ἀθηνῶν,
800 3432 923 3487 οὔτε
946 3450 1030 3496 τις
1058 3433 1244 3502 ἐτερος
1271 3433 1378 3485 τῶν
1401 3433 1688 3503 ὁμοταγῶν

123 3527 315 3598 ἐκείνῳ
351 3526 464 3580 ὑπὸ
485 3524 805 3595 καθαίρεσιν
831 3525 1044 3592 γέγονε,
1074 3524 1214 3594 πλὴν
1241 3523 1350 3578 τῶν
1367 3523 1688 3592 φθασάντων

122 3619 412 3690 τεσσάρων
437 3615 802 3686 καθῃρῆσθαι,
837 3614 932 3668 τοῦ
973 3631 1034 3668 τε
1067 3615 1376 3685 Δημητρίου
1405 3615 1569 3687 φημὶ,
1593 3619 1689 3670 καὶ

122 3709 390 3781 Γασριηλ,
412 3706 513 3760 καὶ
553 3706 874 3777 Γρηγορίου,
927 3704 1024 3757 καὶ
1060 3706 1278 3774 Κοσμᾶ,
1317 3705 1376 3768 ὃς
1407 3707 1456 3758 εί
1486 3707 1580 3759 καὶ
1611 3706 1688 3774 μὴ

119 3800 206 3853 διά
233 3801 337 3871 τὴν
406 3797 583 3868 αὐτὴν
631 3797 812 3849 αίτίαν
863 3797 975 3857 τοῖς
1004 3794 1186 3858 ἄλλοις
1229 3796 1429 3866 τρισὶν,
1456 3795 1596 3850 ἀλλά
1622 3812 1686 3864 γε

117 3890 204 3942 διὰ
262 3889 368 3953 τὰς
406 3890 472 3941 ἐν
517 3890 585 3957 τῇ
628 3885 814 3956 Ῥώμῃ
861 3885 1235 3953 ψευδολογίας,
1271 3887 1338 3954 τῇ
1370 3885 1687 3954 καθαιρέσει

119 3980 498 4050 ὑποϐέϐληται
521 3994 537 4044 ;
559 3977 744 4030 Πάντα
770 3973 948 4045 καιρῷ
987 3974 1101 4044 ίδίῳ
1144 3974 1476 4028 διευθύνεται
1495 3991 1510 4006 ο
1538 3974 1601 4027 τὸ
1627 3974 1686 4027 δι

115 4071 266 4140 παρὰ
322 4070 421 4124 τὸν
471 4068 822 4140 προσήκοντα
879 4064 1069 4134 καιρὸν
1127 4066 1437 4134 γινόμενον,
1499 4064 1688 4136 ῶσπερ

117 4161 310 4225 ἀτελές
333 4162 462 4215 ἐστι
477 4176 492 4190 ⁸
519 4158 579 4211 τὸ
603 4158 662 4211 δέ
684 4157 871 4218 άτελὲς
895 4156 1108 4225 ἀνάγκη
1151 4156 1568 4226 ἀποστερεῖσθαι
1595 4155 1709 4212 καὶ.

114 4251 410 4323 διαμονῆς.
450 4249 600 4304 Ἔδει
650 4245 746 4302 οὖν
801 4263 860 4300 σε
893 4247 986 4300 τὸν
1025 4245 1215 4315 καιρὸν
1255 4247 1684 4317 κατανοήσαντα,

115 4343 212 4397 καὶ
239 4343 354 4397 τῶν
381 4340 732 4412 πραγμάτων
760 4339 858 4410 τὴν
890 4339 1228 4407 ἀνωμαλίαν,
1257 4339 1424 4408 μηδὲν
1457 4338 1687 4406 διαπρά-

1793 3175 1934 3230 quos
1982 3163 2226 3220 nondum
2280 3167 2494 3235 publice
2540 3169 2914 3238 deposuimus,
2971 3187 3208 3230 amoves.
3267 3178 3346 3230 An

1791 3250 1932 3323 l'ugit
1959 3267 2032 3316 te,
2064 3268 2165 3308 nec
2189 3255 2410 3321 Sabam,
2445 3257 2537 3326 qui
2568 3267 2697 3314 ante
2735 3270 2787 3314 te
2830 3261 3010 3316 sedem
3045 3279 3348 3335 occupave-

1789 3352 1876 3398 rat
1903 3343 2342 3410 Atheniensium,
2375 3362 2475 3402 nec
2517 3350 2685 3404 alium
2734 3367 3062 3424 quemquam
3109 3372 3140 3412 ε
3184 3361 3346 3414 sociis

1791 3431 2098 3502 depositum
2150 3433 2321 3490 fuisse
2366 3444 2563 3505 praeter
2601 3449 2836 3508 quatuor
2885 3445 3204 3509 anteriores,
3245 3449 3343 3501 De-

1791 3524 2046 3577 metrium
2088 3525 2228 3587 dico,
2258 3523 2586 3594 Gabrielem,
2623 3528 2944 3600 Gregorium
2975 3543 3030 3587 et
3059 3535 3308 3591 Cosmum
3329 3579 3342 3600 ,

1788 3611 1880 3680 qui
1911 3613 2130 3680 quidem
2159 3627 2266 3668 non
2300 3615 2371 3669 ob
2409 3615 2678 3680 eamdem.
2711 3633 2775 3672 ac
2826 3627 2936 3674 tres
2967 3622 3061 3674 alii
3101 3638 3343 3689 causam,

1789 3703 1882 3756 sed
1932 3712 2153 3773 propter
2201 3705 2502 3761 calumnias
2535 3705 2720 3762 Romae
2750 3722 3074 3780 propagatas
3133 3731 3162 3769 a
3219 3719 3344 3772 sede

1791 3799 2033 3847 remotus
2091 3803 2196 3848 est.
2249 3795 2438 3850 Omnia
2495 3806 2550 3850 et
2606 3798 2815 3868 singula
2874 3817 2973 3855 suo
3025 3806 3343 3861 ordinantur

1792 3890 2077 3949 tempore;
2133 3883 2396 3953 quidquid
2458 3896 2636 3942 autem
2707 3891 3043 3946 convenienti
3105 3905 3342 3965 tempore

1790 3980 2070 4040 peractum
2111 3988 2218 4028 non
2259 3974 2443 4039 fuerit,
2483 3978 2587 4031 erit
2635 3977 3051 4048 imperfectum;
3093 3984 3343 4055 imperfe~

1788 4073 1935 4117 etum
1973 4072 2152 4118 autem
2201 4066 2508 4121 necessario
2556 4081 2664 4122 non
2718 4069 2901 4125 stabit.
2937 4073 3091 4138 Quod
3114 4075 3159 4129 si
3208 4085 3343 4130 teni-

1789 4167 1920 4222 pora
1961 4154 2321 4223 ponderasses
2355 4165 2409 4210 et
2446 4171 2624 4212 rerum
2660 4159 3028 4227 dilIicultates,
3067 4176 3341 4234 nunquam

1792 4242 2014 4299 fecisses
2047 4261 2167 4313 quae
2191 4247 2287 4300 abs
2317 4253 2369 4302 te
2405 4255 2534 4302 sunt
2560 4261 2797 4318 peracta.
2834 4252 3095 4321 Equidem
3127 4257 3341 4310 nescius

1791 4348 1936 4400 sum,
1970 4336 2246 4403 quomodo
2277 4337 2343 4391 ad
2373 4338 2459 4391 illa
2493 4340 2746 4396 incitatus
2777 4343 2959 4397 fueris.
3013 4343 3070 4399 Si
3119 4363 3222 4416 qua
3247 4349 3341 4403 tibi

115 4431 316 4495 ξασθαι
379 4427 499 4484 οἷόν
552 4445 632 4482 σοι
674 4429 1096 4497 διαπέπρακται.
1147 4426 1299 4506 Ἐπεὶ
1347 4427 1405 4479 δὲ
1447 4428 1546 4479 οὐκ
1575 4422 1688 4481 οἶδα

1793 4439 1922 4480 cura
1944 4436 2026 4480 est
2047 4442 2112 4481 ne
2142 4428 2373 4496 amplius
2392 4430 2637 4486 turbetur
2667 4431 2928 4498 Ecclesia,
2959 4423 3340 4504 neqne'nostta

113 4523 263 4584 ὅπως
289 4524 377 4584 είς
409 4518 572 4573 τοῦτο
624 4517 927 4588 προήχθης,
976 4517 1193 4579 πάντως
1239 4517 1291 4568 ετ
1325 4519 1378 4569 τί
1414 4533 1495 4570 σοι
1535 4519 1685 4586 μέλει

113 4618 242 4686 περὶ
267 4613 370 4668 τοῦ
408 4611 490 4682 μὴ
509 4611 600 4664 ἐπὶ
629 4608 792 4662 πλέον
824 4606 1176 4678 χειμάζεσθαι
1209 4607 1306 4676 τὴν
1338 4607 1683 4675 Ἐκκλησίαν,

114 4709 210 4760 καὶ
234 4708 379 4776 περὶ
403 4705 506 4773 τῆς
528 4702 686 4773 ήμῶν
729 4702 1080 4772 μετριότητος
1120 4700 1218 4769 τῆς
1252 4699 1482 4752 καθόσον
1507 4701 1685 4770 ἐγχωο

113 4800 202 4866 ρεῖ
226 4798 507 4858 ἀνέσεως,
543 4793 641 4862 τὴν
662 4792 968 4862 ἐπισκοπὴν
994 4794 1024 4844 ὁ
1048 4791 1328 4861 ἄνθρωπος
1350 4791 1686 4857 ἁπολαυέτω,

1770 4526 2016 4571 ·νοιειιιι·
2046 4517 2348 4584 humilitas,
2383 4519 2695 4591 episcOpatu
2729 4521 2981 4592 [litigatur
3012 4527 3091 4578 vir
3129 4535 3180 4578 et
3221 4542 3342 4594 per-

1794 4616 2029 4673 maneat,
2070 4607 2241 4663 donec
2285 4609 2480 4678 placita
2530 4610 2784 4666 Ecclesiae
2832 4613 3242 4690 nianil'estcntur
3290 4615 3360 4668 ιιι

1795 4698 2184 4751 malevolorum
2204 4699 2521 4769 disceptatio
2547 4700 2702 4754 cedat
2727 4702 2779 4754 in
2810 4701 3232 4766 damnationem.
3262 4709 3340 4759 vel

1799 4789 1961 4841 aliam
1995 4791 2405 4844 conversionem
2440 4791 2654 4845 habeat.
2685 4789 2858 4846 Iubeo
2879 4803 2929 4848 te
2960 4794 3136 4848 valere
3165 4797 3340 4850 anima

112 4887 206 4938 καὶ
242 4883 566 4950 διαμενέτω
601 4880 705 4941 ἓως
738 4879 804 4932 ἂν
855 4879 928 4931 τὰ
960 4879 1230 4931 ’δοκοῦντα
1284 4881 1349 4946 τῇ
1394 4879 1688 4949 Ἐκκλησία

1791 4887 1841 4929 et
1873 4891 2122 4944 corpore,
2166 4886 2220 4930 et
2268 4877 2624 4932 humilitatem
2675 4889 2919 4935 nostram
2953 4884 3200 4950 precibus
3237 4886 3340 4936 luis

110 4977 190 5036 εἰς
228 4975 421 5044 πέρας
451 4971 613 5036 ἔλθοι,
645 4970 738 5023 καὶ
767 4971 801 5039 η
831 4970 956 5040 περὶ
999 4968 1108 5023 τῶν
1138 4972 1478 5022 πταισάντων
1518 4971 1689 5038 ἀμφι-

1790 4969 2251 5021 commendamus.

108 5067 268 5118 ϐολία
297 5063 518 5135 ἐναργῆ
543 5064 865 5132 κατάκρισιν
916 5062 950 5131 ἢ
1021 5061 1186 5131 ἄλλην
1253 5061 1374 5114 τινὰ
1415 5062 1634 5130 δέξηται
1702 5059 2042 5128 οἰκονομίαν.
2112 5059 2415 5129 Ἐῥρῶσθαί
2479 5077 2537 5113 σε
2607 5061 2699 5114 καὶ
2786 5054 2928 5130 ψυχῇ
2989 5064 3084 5114 καὶ
3134 5046 3338 5133 σώματι

108 5155 502 5227 ἐπευχόμεθα,
543 5154 638 5206 κα)⁸
665 5152 766 5222 τῆς
813 5151 968 5223 ἡμῶν
1009 5151 1405 5221 ὑπερεύχεσθαι
1463 5153 1833 5222 μετριότητος.

285 5271 443 5322 Ρ1Δ’.
481 5265 777 5332 Βασιλείφ
817 5267 1220 5360 μητροπολίτη
1250 5265 1528 5330 Χαλδίας.

193 5389 260 5440 ’11
305 5387 413 5454 μὲν
451 5381 705 5444 ὑπόθεσις
754 5379 845 5432 τοῦ
904 5380 1226 5448 γράμματος
1267 5381 1542 5446 ἀναγκαία
1593 5381 1689 5448 μὲν

109 5481 188 5545 τῷ
224 5474 527 5540 κομίζοντι
561 5471 621 5522 τὸ
655 5470 906 5540 γράμμα.
934 5470 1031 5523 Διὰ
1054 5469 1209 5521 τοῦτο
1244 5473 1335 5521 καὶ
1360 5471 1690 5539 πληροῦντες

108 5570 209 5634 τὴν
250 5565 453 5631 δέησιν
475 5557 635 5610 αὑτοῦ
668 5559 761 5608 καὶ
791 5558 886 5626 τὴν
917 5559 1181 5610 ύπόὶεσινυ
1200 5558 1402 5626 ταύτην
1437 5560 1530 5610 τοῦ
1562 5561 1693 5629 γρά-

2030 5262 2212 5319 CXIV.
2247 5264 2446 5318 Basilio
2482 5263 2717 5317 Cltaldia:
2741 5262 3102 5331 metropu/ila’.

1858 5377 2032 5447 Hujus
2065 5379 2306 5446 epistolae
2327 5378 2552 5430 materia
2583 5375 2864 5428 tabellario
2887 5377 3193 5429 necessaria
3225 5387 3369 5441 est;,

1789 5469 1942 5537 cujus
1993 5471 2211 5539 quidem
2257 5469 2612 5539 postulationi
2643 5467 3038 5536 satisfacientes
3069 5467 3341 5523 scribendi

1792 5573 1978 5613 ansam
2036 5564 2346 5617 habuimus.
2399 5561 2623 5614 Materia
2675 5562 2786 5628 ipsa
2827 5570 3006 5613 autem
3056 5561 3344 5619 nobisnec

112 5675 243 5723 φειν
280 5653 631 5720 ἐσχήκαμεν.
682 5648 840 5716 ἠμῖν
868 5649 924 5698 δὲ
959 5648 1078 5701 οὔτε
1135 5650 1397 5720 πρότερον
1426 5651 1547 5702 οὕτε
1601 5651 1688 5703 νῦν

1794 5660 1951 5706 antea
1988 5669 2085 5709 ncc
2119 5655 2407 5709 Iiodiedum
2439 5653 2646 5706 videtur
2670 5649 2994 5704 necessaria.
3024 5649 3186 5706 Nobis
3202 5653 3344 5707 enim

377 5743 646 5804 ΡΑτιιοι..
674 5744 786 5799 Gs.
817 5741 978 5802 CXI.

2918 5739 2975 5797 11
