4086 6344
425 471 521 543 lbi

488 1136 592 1191 Ral
616 1132 666 1191 οι
697 1134 756 1191 re
779 1133 886 1189 νίον
918 1138 1016 1189 τῶν
1043 1132 1292 1203 Ῥωμαίων
1324 1127 1478 1202 ὄνομα
1506 1131 1907 1205 κληρωσάμενοι,
1938 1129 1973 1185 ἆ

423 1245 475 1283 τε
509 1220 571 1284 δὴ
612 1221 713 1277 δπί-
743 1222 847 1283 ἰνὸς
888 1224 967 1275 καί
1004 1226 1094 1276 τοῦ
1142 1222 1294 1275 αὐτοῦ
1339 1220 1561 1291 θεμελίου
1606 1217 1973 1292 ᾠκοδομημένοι

421 1322 513 1374 τῆς
541 1316 784 1369 πίστεως.
820 1315 977 1381 φαμὲν
1021 1308 1081 1368 δή
1121 1317 1216 1364 τῶν
1260 1310 1550 1363 ἀποστόλων
1590 1314 1673 1363 καί
1710 1315 1972 1384 προφητῶν

421 1397 687 1473 πανσόφων
724 1401 1149 1471 τεχνιτευμὰτων.
1178 1399 1400 1457 τεθέντος
1448 1401 1799 1471 ἀκρογωνιαίου
1837 1399 1971 1451 λίθου

422 1499 514 1548 τοῦ
575 1494 774 1547 πάντων
818 1494 957 1558 ἡμῶν
1006 1497 1228 1562 Σωτῆρος
1286 1494 1508 1562 Χριστοῦ
1561 1491 1645 1541 καί
1690 1492 1835 1546 Θεοῦ.
1867 1482 1976 1539 κατ’

419 1579 556 1636 οὗδὲν
604 1581 652 1634 ἓν
699 1583 869 1634 πίστει
920 1580 985 1633 τὰ
1026 1575 1236 1650 δεύτερα
1294 1574 1391 1630 τῶν
1447 1576 1805 1647 πςεσξυτὲρων
1848 1577 1975 1627 ἀποο

420 1672 677 1747 φερόμεθα.
726 1671 804 1724 Ἐν
834 1672 930 1745 γὰρ
978 1678 1035 1743 τῇ
1068 1669 1329 1742 Ἐκκλησία
1368 1675 1455 1723 τοῦ
1489 1675 1615 1723 Θεοῦ
1655 1668 1739 1720 οὐκ
1778 1665 1888 1721 ἔστι
1918 1666 1974 1719 τὸ

419 1763 909 1840 προαριθμούμενον,
950 1763 1184 1834 ’καθάπερ
1227 1757 1315 1814 οὐκ
1363 1757 1787 1816 ἱστινῚουδαῖος
1812 1797 1828 1822 ,
1871 1759 1973 1829 οὐχ

407 1849 605 1918 Ἐλλην,
638 1855 695 1909 ού
728 1855 978 1929 βάρϐαρος
1017 1852 1091 1921 ἰού
1119 1847 1353 1920 inﬂue],
1386 1853 1443 1906 ού
1482 1849 1678 1911 δοῦλος.
1709 1853 1794 1905 οὐκ
1833 1847 1969 1904 ἐλεύ-

419 1946 580 2017 θερος,
618 1944 950 2002 ἀλλά-πάντες
983 1944 1033 1996 ἒν
1055 1949 1261 2016 Χριστῷ
1298 1936 1352 1993 ἵν
1383 1941 1547 2012 ἔσμεν.
1594 1939 1857 2013 τοιγάρτοι
1890 1943 1971 1992 καί

422 2037 472 2089 δν
503 2038 625 2106 ἡμῖν
657 2033 682 2088 ὃ
728 2036 860 2093 θεῖος
898 2034 1084 2091 Παῦλος
1117 2034 1415 2103 κομπαζᾶτω
1442 2034 1525 2083 καί
1558 2027 1621 2084 αὖ
1634 2033 1792 2099 χείτω
1822 2031 1973 2099 μέγα,

424 2128 505 2179 καί
529 2123 840 2192 σεμνυνὼθω
861 2122 1127 2176 συνάπτων
1152 2127 1263 2179 τοῖς
1289 2119 1516 2179 παλαιοῖς
1537 2120 1603 2172 τά
1621 2120 1726 2175 νέα.
1755 2120 1832 2170 καί
1856 2136 1978 2185 συγ⁸

427 2215 604 2284 κρίνων
645 2212 703 2264 ἓν.
741 2231 795 2264 τε
844 2209 1064 2280 δόγμασι
1096 2211 1178 2262 καί
1209 2209 1541 2279 κηρύγμασιν.
1576 2203 1648 2259 Ού
1706 2209 1785 2259 καί
1836 2208 1976 2276 vluti:

426 2307 540 2360 ταῖς
603 2296 952 2358 διδασκαλίαις
1031 2302 1113 2352 καὶ
1183 2299 1456 2355 ὑποθήκαις
1523 2297 1755 2364 ἅπόμενοι
1812 2294 1977 2367 ὶφάἷς

430 2390 732 2460 ίρῥιζὼμεθα
797 2389 1174 2459 κραταιούμενοι
1220 2395 1281 2459 τῇ
1329 2387 1562 2460 ὁμολογίᾳ
1620 2395 1712 2446 τῆς
1759 2389 1978 2446 πίστεως

429 2481 586 2547 ἡμῶν,
614 2481 681 2533 ⁹ἐν
726 2474 1062 2552 ᾖίστήκαμεν
1108 2478 1194 2531 καί
1235 2477 1567 2547 καυχώμεθα,
1601 2479 1678 2530 καί
1725 2477 1817 2535 τὰς
1861 2478 1979 2545 ἦμε-

416 2570 578 2642 ’τὲρας
618 2567 913 2637 ὑπολήψεις,
959 2569 1012 2621 αἶ
1044 2568 1170 2625 τινίς
1211 2565 1338 2620 ποτέ
1382 2569 1481 2618 εἰσι
1526 2567 1641 2639 περὶ
1680 2570 1769 2622 τήν
1816 2562 1977 2625 οὕτως

422 2659 598 2712 εὐκλεᾶ
639 2660 722 2711 καί
766 2658 1031 2725 ἀμώμητον
1068 2658 1180 2726 ἡμῖν
1224 2656 1489 2725 θρησκείαν
1530 2655 1975 2725 ἀνακεκαλυμμένῳ

421 2751 682 2825 προσώπῳ
729 2744 1040 2819 διαπρυσίως
1097 2749 1452 2821 κηρύσσομεν,
1494 2743 1670 2817 μεθ’ἧς
1726 2754 1798 2819 τῷ
1864 2754 1973 2819 Θεῷ

422 2840 739 2911 λατρεύομεν,
768 2840 848 2890 καὶ
875 2837 932 2895 ἦν
971 2838 1202 2892 ἀναπνεῖν
1227 2835 1513 2896 διαπαντὸς,
1538 2835 1567 2894 ἦ
1596 2833 1788 2907 [ﬂant
1816 2833 1969 2904 forte,

422 2924 474 3003 ᾖ]
507 2931 595 2982 τὸν
639 2930 799 3002 ἀέρα,
830 2928 1033 2998 ἀλιλιδῶς
1087 2925 1304 2998 ἔχομεν’
1429 2929 1511 2980 καί
1554 2927 1971 2997 συναπέρχεσθαι

420 3023 510 3076 τῆς
538 3012 716 3069 ἐνθένδε
752 3018 881 3079 ζωῆς
919 3016 1405 3090 κατισχυριζὸμεθα,
1448 3023 1510 3087 τῇ
1563 3011 1742 3068 ἄνωθεν
1792 3016 1971 3088 χάριτι

421 3103 786 3175 δυναμούμενοι
830 3108 914 3157 καὶ
957 3107 1337 3180 φρουρούμενοι,
1386 3107 1453 3163 ὡς
1502 3104 1587 3157 ούκ
1635 3101 1776 3158 ἔστιν
1824 3100 1971 3162 ἄλλην

422 3194 629 3251 ὁδεῦσαι
663 3194 693 3253 ἦ
740 3195 967 3254 ἕπιϐἧναι
993 3195 1023 3254 ἦ
1057 3199 1122 3250 τὰ
1158 3204 1248 3256 τῆς
1277 3196 1537 3268 παρούσης
1567 3197 1695 3258 ζωῆς
1722 3188 1774 3247 εὖ
1802 3194 1971 3249 θὶσθαι

420 3281 452 3343 ἦ
492 3291 591 3340 τῶν
615 3283 662 3336 ἕν
684 3284 1010 3358 τῇμιλλούσῃ
1055 3284 1387 3355 ἀποκειμένων
1432 3290 1539 3342 τοῖς
1585 3283 1734 3346 ἀξίοις
1776 3276 1972 3354 ἀγαθῶν

427 3373 796 3439 ἕπετεύξασθαι.

492 3632 745 3709 Ὀμολογῶ
777 3638 941 3691 τοίνυν
974 3634 1232 3691 πιστεύειν
1260 3638 1330 3697 εἰς
1368 3637 1451 3691 ἕνα
1478 3637 1599 3691 Θεὸν
1626 3637 1818 3709 ῐιατὲρα
1846 3657 1973 3691 πανο

428 3729 735 3804 τοκρᾶτορα,
762 3730 850 3782 τὸν
896 3729 1093 3782 πάντων
1133 3734 1340 3785 ποιητὴν
1375 3730 1454 3780 καί
1491 3725 1737 3783 δεσπότην
1765 3732 1849 3783 καὶ
1880 3723 1974 3777 κύ-

429 3834 550 3892 ρεσην
579 3820 661 3873 καί
685 3821 756 3880 εἰς
798 3820 880 3874 τὸν
918 3820 1028 3873 Υίὸν
1058 3822 1213 3873 αύτοῦ
1258 3819 1340 3872 τὸν
1391 3826 1628 3888 μονογενῆ
1680 3820 1766 3873 τὸν
1804 3818 1975 3885 κύριον

426 3910 561 3978 ἡμῶν
597 3910 788 3967 Ἰησοῦν
826 3911 1058 3983 Χριστὸν,
1088 3911 1173 3963 τὸν
1215 3909 1433 3967 ἀληθινὸν
1475 3910 1615 3973 Θεὸν,
1643 3910 1727 3963 τὸν
1755 3909 1975 3979 προαιὼ-

363 4048 367 4050 ν
423 4018 518 4050 νιον
554 3999 725 4070 Λόγον.
753 3999 833 4052 τὸν
866 4000 1110 4071 ἀνάρχως
1153 4002 1239 4053 καί
1273 3999 1541 4071 ἀφράστως
1577 3998 1626 4061 ἔξ
1660 3999 1813 4052 αὐτοῦ
1860 4017 1974 4069 γεν-

420 4089 653 4149 νηθέντα,
703 4087 937 4148 ἀλήπτως
986 4091 1068 4140 καί
1119 4088 1458 4162 ἀπερινοὴτως
1507 4089 1652 4160 πάσῃ
1701 4093 1847 4159 νοητῇ
1895 4087 1978 4138 καὶ

679 4182 855 4232 κτίσει⁹
908 4180 990 4230 καί
1032 4178 1102 4236 είς
1141 4160 1445 4246 τὸνΠνεῦμα
1484 4184 1577 4236 τῆς
1619 4176 1867 4238 ἀληθείας,
1917 4175 1976 4230 τὸ

421 4265 709 4340 ζωαρχικόν
731 4270 818 4319 καί
840 4269 1095 4337 πανὰγιςν’
1119 4264 1312 4338 τριάδα
1339 4264 1617 4335 ὁμοούσιτν,
1648 4261 1972 4335 ύπερούσιον,

421 4358 655 4433 ἀόρατον,
701 4359 1064 4418 ἀκατάληπτον,
1105 4359 1413 4427 ἀχώριστον,
1444 4356 1787 4413 ἀναλλοίωτον,
1818 4354 1976 4411 ἁπλῆν

386 4466 397 4475 ο
421 4450 505 4500 καί
547 4448 708 4520 ἀμερῆ
746 4449 832 4500 καὶ
877 4449 1159 4508 ἀσύνθετον,
1197 4445 1529 4504 ἀδεὰστατον.
1558 4444 1737 4507 ἀΐδιον,
1768 4445 1976 4511 acam-

1398 470 1761 547 IPISTOLA
1804 479 1902 538 AD
1940 476 2248 538 LEONEM
2282 477 2377 538 ΙΙΙ
2414 477 2685 538 PAPAM.

2001 607 2047 662 Α
2075 609 2130 656 et
2159 599 2281 665 alia,
2322 598 2413 656 sed
2444 612 2550 653 una
2580 593 2874 666 eademque
2909 591 3034 648 coeli
3069 598 3332 660 terraeque
3360 588 3639 657 Ecclesia;

3537 481 3636 545 152

2071 706 2235 758 quare
2274 705 2371 744 nec
2410 680 2685 742 immerito
2722 699 2883 739 unam
2923 683 3120 753 ubique
3148 695 3375 751 eamque
3406 679 3641 735 indivul-

2071 795 2183 833 sam
2233 794 2330 847 per
2371 776 2492 832 ﬁdei
2537 776 2878 832 concordiam
2920 770 3236 829 societatem
3280 772 3622 835 obtinemus;

2071 884 2242 938 neque
2279 868 2420 922 enim
2460 869 2513 921 in
2549 865 2730 921 Iudaea
2759 872 2964 921 tantum
2994 871 3151 918 notus
3186 871 3270 918 est
3306 861 3447 917 Deus
3469 902 3483 924 .
3529 862 3625 916 sed

2069 959 2215 1012 omni
2254 959 2305 1011 in
2342 957 2490 1022 loco,
2530 971 2848 1028 quocunque
2884 970 3036 1011 mens
3072 959 3328 1011 Sensusve
3357 952 3622 1024 attingam

2074 1039 2269 1116 potest.

2143 1136 2292 1191 Unde
2339 1145 2391 1190 et
2437 1151 2535 1191 nos
2577 1148 2823 1206 quoque,
2872 1137 2962 1207 qui
3012 1150 3162 1189 nova:
3206 1134 3390 1189 Romae
3434 1147 3626 1188 nomen

2071 1227 2245 1282 sortiti
2282 1242 2496 1291 sumus,
2544 1235 2796 1296 tanquam
2836 1243 2997 1296 super
3035 1243 3142 1282 uno
3180 1227 3476 1295 eodemque
3514 1224 3636 1278 tldci

2072 1316 2439 1382 fundamento,
2472 1319 2831 1387 apostolorum
2866 1319 3118 1373 nimirum
3148 1327 3203 1373 et
3232 1318 3635 1388 prophetarum,

2074 1409 2589 1477 sapientissimorum
2620 1409 2804 1477 utique
2832 1409 3278 1471 architectorum,
3316 1406 3531 1460 Christo
3560 1406 3642 1458 ia-

2073 1498 2230 1550 terim
2279 1504 2331 1551 et
2377 1490 2774 1561 Deo,'omuium
2805 1507 3046 1551 nostrum
3081 1496 3359 1549 Salvazore
3397 1507 3494 1562 pro
3544 1509 3641 1546 an-

2073 1587 2244 1659 gulari
2292 1586 2468 1655 lapide
2517 1596 2570 1640 et
2623 1586 2969 1640 fundamento
3005 1586 3308 1647 substrato,
3351 1581 3639 1646 :ediiicati,

2074 1678 2215 1750 quod
2241 1679 2451 1747 quidem
2484 1678 2550 1732 ad
2579 1677 2700 1730 lizlei
2729 1676 3092 1746 integritatem
3123 1675 3334 1735 attinet,
3362 1671 3635 1727 veteribus

2075 1766 2330 1822 Romanis
2360 1783 2695 1837 nequaquam
2753 1768 3013 1821 cedimus.
3064 1763 3199 1817 Nam
3229 1764 3281 1817 in
3310 1763 3510 1817 sanctis
3545 1762 3641 1816 Dci

2076 1857 2329 1912 Ecclesiis
2361 1873 2464 1911 non
2503 1865 2584 1911 est
2618 1856 2814 1925 prioris
2844 1864 2936 1909 aut
2963 1854 3280 1926 posterioris
3310 1852 3467 1916 ratio,
3502 1852 3643 1905 sicut

2075 1965 2248 2019 neque
2276 1948 2441 2002 πω]ίηί
2478 1964 2691 2016 quoque
2725 1956 2779 2000 et
2805 1946 3013 2011 Graeci,
3058 1946 3200 2001 servi
3250 1951 3305 1999 et
3351 1943 3537 2005 liberi,
3587 1950 3643 1997 et

2072 2038 2289 2095 barbari
2320 2045 2373 2091 et
2403 2036 2616 2107 Scythze
2635 2075 2650 2099 ,
2681 2035 2775 2089 sed
2805 2050 2994 2088 omnes
3021 2048 3185 2088 unum
3222 2034 3276 2087 in
3306 2032 3522 2087 Christo
3551 2047 3643 2087 su-

2075 2146 2196 2185 mus
2224 2126 2445 2198 (Coloss.
2476 2128 2584 2195 ιιι).
2636 2126 2975 2193 Quapropter
3018 2130 3073 2176 et
3122 2123 3187 2176 de
3235 2122 3390 2176 nobis
3429 2135 3642 2190 quoque

2077 2219 2229 2273 divus
2247 2216 2443 2275 Paulus
2470 2214 2745 2285 glorietur,
2769 2210 3156 2279 magniﬁceque
3182 2210 3400 2273 sentiat,
3425 2218 3479 2263 et
3506 2224 3642 2263 nova

2076 2306 2311 2376 antiquis
2339 2305 2689 2374 conjungens,
2718 2302 3015 2372 dogmaque
3044 2299 3316 2370 dogmati,
3362 2308 3415 2355 et
3450 2299 3645 2369 praedi-

2077 2398 2341 2453 cationem
2390 2393 2758 2465 prietlicationi
2811 2391 3189 2456 committens,
3253 2403 3318 2445 ex
3370 2402 3525 2459 aequo
3572 2389 3639 2443 de

2075 2487 2316 2554 utrisque
2343 2485 2557 2555 gestiat.
2614 2481 2890 2551 Siquidem
2922 2494 3021 2536 nos
3047 2494 3199 2550 teque
3236 2493 3300 2535 ac
3336 2478 3411 2533 illi
3434 2519 3450 2543 ,
3498 2478 3642 2534 illius

2074 2576 2372 2629 doctrinam
2407 2582 2462 2628 et
2491 2574 2885 2627 institutionem
2913 2571 3142 2625 assecuti
3173 2585 3378 2634 sumus,
3421 2569 3474 2624 in
3511 2569 3641 2625 illis-

2071 2681 2175 2735 que
2205 2665 2549 2721 consistimus
2579 2664 2836 2727 radicati,
2878 2671 2933 2719 et
2960 2663 3014 2720 in
3046 2663 3168 2720 ﬁdei
3198 2671 3398 2718 nostra:
3427 2662 3637 2717 confes-

2071 2755 2219 2809 sione
2245 2753 2546 2808 confirmati
2574 2772 2585 2807 :
2622 2754 2673 2809 in
2701 2768 2807 2825 qua
2836 2754 3000 2825 etiam
3028 2762 3232 2808 stamus
3261 2762 3317 2807 et
3344 2752 3636 2824 gloriamur

2070 2857 2416 2914 nostramque
2445 2862 2607 2915 quam
2640 2846 2706 2901 de
2737 2846 2993 2916 religione
3030 2860 3202 2914 usque
3237 2845 3370 2899 adeo
3404 2844 3635 2915 gloriosa

2069 2945 2124 2991 et
2153 2937 2422 3006 inculpata
2453 2935 2714 2991 habemus
2743 2935 3061 2990 sententiam
3089 2943 3273 3004 aperta
3297 2933 3637 3001 revelataque

2046 3023 2205 3081 \facie
2235 3027 2588 3095 prtedicamus
2612 3042 2626 3092 ;
2654 3026 2708 3080 in
2736 3041 2841 3096 qua
2880 3035 2935 3080 et
2971 3024 3080 3079 Deo
3106 3039 3319 3095 quoque
3350 3024 3636 3087 servimus,

2069 3122 2124 3170 et
2158 3117 2282 3169 dum
2318 3116 2641 3185 spirahimus
2680 3102 2957 3169 indefense
2994 3128 3342 3186 perseverare
3364 3154 3378 3178 ,
3428 3112 3638 3167 cmlesti

2073 3205 2246 3277 gratia
2273 3206 2606 3260 corroborati
2634 3205 3090 3275 constabilitique,
3117 3220 3182 3259 ex
3206 3202 3243 3258 h
3280 3220 3309 3259 ο
3330 3203 3437 3257 vita
3466 3204 3639 3258 disce-

2073 3296 2200 3350 dere
2228 3303 2603 3365 pemptamus;
2638 3308 2736 3350 nec
2765 3294 2906 3349 enim
2938 3294 3042 3349 alia
3072 3305 3153 3348 est
3181 3294 3293 3358 via,
3320 3301 3377 3347 ut
3400 3309 3634 3362 pra‘sen—

2070 3392 2178 3440 tem
2209 3386 2348 3440 hanc
2374 3386 2535 3438 vitam
2566 3395 2710 3440 recte
2740 3392 3032 3454 sancteque
3062 3384 3432 3447 instituamus,
3467 3383 3633 3437 bona-

2070 3490 2173 3545 que
2199 3489 2317 3544 quae
2342 3474 2515 3544 dignis
2544 3474 2598 3528 in
2627 3474 2806 3528 futuro
2833 3472 3029 3528 saeculo
3055 3473 3289 3544 reposita
3316 3479 3460 3538 sunt,
3486 3477 3641 3527 certo

2070 3580 2483 3633 consequamur.

2138 3652 2333 3707 Fateor
2354 3654 2577 3722 proinde
2606 3669 2691 3708 me
2716 3654 2934 3709 credere
2961 3654 3016 3708 in
3044 3670 3207 3709 unum
3229 3646 3396 3709 Deum
3418 3652 3635 3708 Patrem

2071 3741 2521 3809 omnipotentem,
2567 3742 2807 3794 omnium
2838 3741 3094 3795 factorem
3116 3781 3131 3807 ,
3173 3743 3413 3796 omnium
3445 3741 3635 3795 herum

2072 3838 2127 3884 et
2151 3830 2455 3895 dominum;
2481 3840 2533 3884 et
2557 3830 2609 3884 in
2629 3830 2819 3884 Filium
2849 3832 2964 3900 ejus
2993 3831 3323 3899 unigenitum
3353 3831 3637 3885 Dominum

2073 3926 2318 3971 nostrum
2364 3916 2545 3971 Jesum
2591 3917 2897 3982 Christum,
2942 3932 3128 3972 verum
3160 3918 3361 3981 Deum,
3393 3915 3630 3970 Verbum

2073 4010 2332 4063 aeternum
2350 4047 2365 4070 ,
2401 4006 2469 4060 ab
2494 4014 2696 4060 αξιοι-κιο
2722 4004 3088 4070 inetTahiliter,
3116 4004 3634 4075 incomprehensibi-

2074 4094 2218 4160 litcr,
2250 4093 2513 4163 modoque
2543 4108 2701 4167 quem
2733 4092 2871 4147 nulla
2891 4134 2906 4158 ,
2948 4108 3120 4163 neque
3155 4093 3430 4163 spiritalis,
3461 4107 3635 4163 neque

2075 4185 2343 4243 sensibilis
2367 4194 2614 4240 creatura
2645 4183 2855 4255 assequi
2885 4195 3090 4256 potest,
3119 4201 3187 4242 ex
3216 4185 3376 4240 Patre
3408 4191 3625 4250 natum;

2073 4284 2128 4330 et
2157 4275 2209 4330 in
2239 4274 2498 4344 Spiritum
2535 4283 2778 4330 sanctum
2806 4269 3076 4331 viviﬁcum
3111 4292 3175 4332 ac
3208 4275 3629 4333 sanctissimum.

2072 4364 2245 4421 Credo
2281 4365 2335 4420 in
2375 4366 2713 4421 homousiam
2752 4365 3107 4433 Trinitatem,
3145 4366 3633 4436 supersubstantia-

2073 4455 2208 4521 lem,
2241 4456 2704 4527 inaspectabilem,
2734 4454 3328 4529 incomprehensibilem
3347 4496 3363 4523 ,
3392 4451 3632 4525 imparti-

419 4556 527 4600 τον,
562 4533 636 4590 ἆπ
666 4557 759 4599 ιον,
799 4534 1014 4599 ἅποσον,
1062 4537 1314 4605 ἱμὸτιμον,
1363 4534 1591 4604 ὁμόδοξον
1631 4537 1709 4588 καί
1754 4532 1970 4602 ὁμόθεον’

2069 4545 2254 4637 bilem,
2269 4545 2681 4611 iualterabilem,
2693 4555 2969 4610 aeternam,
2989 4546 3292 4610 indivisam,
3307 4543 3635 4613 simplicem,

420 4630 579 4700 ἀναφῆ
607 4648 661 4683 τε
698 4631 779 4681 καί
807 4628 1143 4700 ἆψηλάξνητον,
1184 4632 1269 4682 καί
1314 4630 1714 4698 ἀσχημάτιστον,
1758 4628 1970 4698 ἀπειρά-

418 4719 596 4789 γαθον,
652 4724 754 4789 φῶς
806 4719 1113 4787 ἀειλαμπίς,
1174 4720 1475 4788 τριλαμπὶς,
1530 4719 1841 4793 ύπὲρφωτον,
1893 4718 1972 4772 ἀεί

421 4809 672 4869 ὡσαύτως
705 4811 789 4862 καί
826 4810 955 4863 κοιτά
999 4811 1064 4862 τά
1120 4811 1246 4864 αὐτὰ
1290 4808 1544 4878 rixaeque“
1589 4810 1791 4862 πάντων
1854 4812 1969 4860 ἕπου

422 4903 602 4955 πτικὴν
648 4901 733 4951 καί
770 4898 1074 4957 τελειωτικήν
1106 4897 1334 4968 δύναμιν,
1370 4903 1500 4952 πᾶσι
1531 4905 1638 4952 τοῖς
1672 4896 1884 4968 λογικοῖς
1913 4914 1969 4949 τε

422 4990 501 5042 καί
532 4995 717 5064 νοεροῖς
736 5026 751 5050 ,
780 4996 964 5063 νοερῶς
1005 4992 1088 5042 καί
1122 4991 1318 5063 ἀμερῶς
1342 4995 1405 5060 τῇ
1430 4990 1640 5062 προνοίᾳ
1666 4983 1969 5060 [προχύσει]

419 5082 509 5130 τοῦ
569 5079 700 5130 θείου
753 5080 914 5149 φωτὸς
963 5079 1347 5149 ἑπιλὰμπουσαν
1409 5077 1658 5147 ἀναλόγως
1708 5083 1820 5135 ταῖς
1876 5081 1975 5131 τῶν

424 5168 757 5240 φωτιζομὲνων
805 5168 1168 5240 παραδοχαῐς,
1205 5172 1288 5223 καί
1330 5172 1421 5243 πρέ
1433 5189 1458 5229 ς
1500 5170 1558 5223 τὸ
1592 5164 1716 5222 εἶναι
1760 5164 1865 5238 [καί
1912 5162 1969 5221 εὖ

422 5253 567 5328 sint}
595 5257 929 5335 διατηροῦσαν
977 5264 1026 5317 ἕν
1055 5264 1312 5334 ὑφεστῶσι
1352 5264 1622 5337 πράγμασι
1664 5265 1745 5316 καί
1787 5263 1847 5316 ού
1886 5260 1973 5331 ψι-

421 5349 527 5408 λοῖς
560 5348 781 5419 ὀνόμασι
818 5355 1200 5423 γνωριζομένην,
1240 5359 1331 5424 μιᾷ
1364 5354 1579 5417 θῑότητι,
1623 5355 1699 5407 καί
1748 5354 1968 5425 ἐξουσίᾳ,

422 5442 503 5491 καί
528 5439 759 5515 βασιλείᾳ
805 5439 1144 5511 δοξαζομένην,
1175 5448 1255 5498 καί
1284 5445 1717 5518 προσκυνουμένην
1753 5443 1852 5497 ύπὸ
1872 5442 1971 5496 πά-

420 5545 517 5588 “:
557 5526 811 5604 ὃρωμίνης
833 5534 916 5585 καὶ
943 5533 1161 5607 ἀοράτου
1187 5536 1413 5595 κτίσεως.

2069 4620 2244 4689 omnis
2271 4635 2457 4704 partis,
2485 4636 2662 4690 omnis
2691 4635 3111 4705 compositionis,
3150 4635 3325 4690 omnis
3362 4634 3633 4703 corporis,

2067 4725 2241 4778 omnis
2286 4723 2600 4792 quantitatis
2652 4730 2707 4778 et
2752 4725 3025 4793 qualitatis
3069 4735 3383 4796 expertem,
3436 4725 3625 4779 eodem

2067 4810 2306 4877 honore,
2353 4814 2540 4867 eadem
2580 4812 2746 4883 gloria
2773 4853 2788 4878 ,
2834 4814 3019 4868 eadem
3060 4815 3256 4869 deitate
3296 4813 3586 4885 pollentem
3610 4854 3626 4877 ,

2066 4900 2193 4956 nulli
2223 4912 2394 4970 neque
2421 4901 2617 4965 tactui,
2657 4917 2829 4971 neque
2857 4904 3129 4957 contactui
3155 4904 3367 4959 obviam
3390 4944 3406 4969 ,
3452 4902 3629 4958 omnis

2067 4990 2252 5059 ﬁgura:
2278 4996 2582 5055 exsortem,
2616 4990 2819 5044 inﬁnite
2848 4991 3071 5057 bonam,
3107 4991 3286 5047 lumen
3313 4991 3631 5047 defectionis

2069 5081 2339 5144 nesciam,
2389 5079 2654 5143 triluccm,
2685 5079 3210 5149 supersplendidam,
3259 5097 3471 5150 semper
3513 5080 3630 5150 pari

2068 5170 2333 5239 similique
2361 5170 2517 5225 modo
2541 5169 2802 5232 affectam,
2829 5171 3075 5224 virtutem
3102 5173 3280 5226 omnia
3306 5173 3628 5234 intuentem,

2067 5258 2348 5328 omniaque
2374 5259 2768 5329 perﬁcientem;
2809 5259 3057 5313 omnibus
3085 5275 3208 5313 cum
3235 5261 3473 5324 ratione,
3513 5267 3624 5312 tum

2067 5349 2339 5403 intellectu
2365 5363 2575 5419 quoque
2603 5349 2840 5418 praeditis
2869 5349 3625 5420 spiritualiterinzlivulseqzte,

2068 5447 2121 5493 et
2146 5439 2369 5508 proinde
2394 5454 2491 5509 per
2517 5439 2711 5494 divinae
2737 5439 2874 5495 lucis
2904 5439 3111 5494 radium
3140 5447 3481 5508 praesentem,
3511 5437 3631 5491 illn-

2069 5534 2269 5589 minata
2308 5540 2364 5589 et
2396 5533 2681 5589 existentia
2719 5534 2933 5598 omnia,
2981 5540 3091 5587 tam
3128 5531 3183 5586 in
3222 5546 3339 5588 esse
3371 5546 3528 5600 quam
3576 5531 3627 5585 in

2068 5624 2204 5676 bene
2232 5637 2350 5677 esse
2378 5623 2780 5688 convenienter,
2810 5631 2972 5692 prout
3000 5619 3258 5690 cujusque
3283 5628 3475 5675 natura
3505 5618 3627 5682 fert,

2068 5720 2515 5776 conservantem;
2562 5712 2614 5765 in
2654 5713 2814 5766 rebus
2848 5710 3294 5776 subsistentibus,
3338 5717 3392 5766 et
3430 5725 3536 5765 non
3577 5711 3631 5764 in

2068 5801 2195 5855 solis
2234 5801 2494 5870 nudisque
2532 5801 2833 5857 nominibus
2867 5800 3165 5867 cognitam;
3190 5814 3297 5856 una
3321 5799 3624 5862 divinitate,
