4038 6354
621 259 727 324 335
1737 265 2044 326 NICOLAI
2085 267 2194 329 CP.
2236 267 2432 327 PATR
2445 267 2748 329 lARCl-IzE
3720 280 3827 342 336

615 375 728 421 tum
773 367 967 436 capiat.
1003 368 1210 423 Horum
1257 383 1517 426 numerus
1558 370 1746 442 utique
1778 389 2027 443 magnus.
2061 371 2158 427 Ha?

2274 374 2556 428 ποιοῦνται
2594 376 2689 429 τοῦ
2747 375 2847 446 τὴν
2895 375 2994 448 σὴν
3029 377 3353 448 Ἐκκλησίαν
3394 381 3567 453 ζημία
3600 388 3826 454 περιει-

623 455 784 510 bendi
847 457 1154 526 cupidinem
1231 460 1432 529 ubique
1487 471 1800 532 regnantem
1862 464 2140 534 conspicio

2279 464 2410 518 λεῖν.
2451 463 2782 535 Ἐπίσταμαι
2821 465 2898 528 ὡς
2941 467 3124 520 πολλοὶ
3149 471 3418 524 τοιοῦτον
3468 474 3561 528 καὶ
3605 475 3711 546 γὰρ
3739 477 3829 530 eis

613 544 754 602 inter
811 548 1045 616 majores
1105 557 1160 603 et
1219 551 1459 606 minores
1491 550 1722 614 idiﬂicile
1771 553 2032 622 reperias,
2082 568 2152 622 qu

2279 553 2496 608 πάντων
2549 553 2660 623 δρῶ
2694 556 3000 627 κεχυμένην
3053 559 3150 629 τὴν
3177 560 3330 614 νόσον
3367 561 3466 638 τῆς
3497 544 3828 630 πλεονεξίας,

612 637 768 691 istam
824 640 1072 693 relrtenet
1118 641 1444 709 cupidinem.
1496 641 1896 708 Verumtamen,
1956 646 2002 700 si
2045 649 2158 714 quit

2278 644 2371 696 καὶ
2408 643 2633 696 σπάνιόν
2677 644 2826 698 ἐστιν
2862 645 3044 714 εὑρεῖν
3075 651 3170 698 καὶ
3199 647 3257 698 ἑν
3287 649 3495 716 μείζοσι
3521 655 3828 732 προσώποις

611 726 914 783 istiusmodi
948 717 1208 792 evenerit,
1266 742 1320 786 tu
1361 747 1503 798 eam,
1551 748 1674 802 qua
1716 734 1982 789 sacerdoti
2027 749 2158 789 sum-

2275 736 2370 788 καὶ
2419 737 2480 788 ἐν
2535 733 2782 788 ιλάττοσι
2836 735 2931 788 τὸν
2958 735 3033 807 μὴ
3077 739 3490 808 κεκρατημένον
3520 717 3600 807 τῷ
3645 726 3822 836 πὸξξειέ

613 830 702 868 mo
759 818 1054 879 convenit,
1102 820 1512 889 intelligentiam
1569 832 1623 878 et
1671 825 2012 893 prudentiam
2078 825 2158 880 atl-

2276 825 2442 895 Πλὴν,
2473 824 2659 880 τέκνον
2680 825 2859 896 ἡμῶν,
2911 826 3132 881 ἐπειδάν
3173 843 3226 880 τι
3267 828 3513 882 τοιοῦτον
3549 820 3824 892 ἀνακύψῃ,

617 906 824 967 hiheas,
857 921 924 960 ne
952 905 1089 962 forte
1117 910 1440 977 injustitiam
1476 914 1810 978 committas,
1846 915 2045 985 autjus
2079 916 2173 970 tibi

616 1008 720 1048 non
749 997 987 1050 debitum
1027 999 1122 1052 tibi
1159 1000 1401 1056 vindices
1433 1011 1486 1055 et
1519 1003 1791 1073 legitimos
1832 1006 2173 1074 possidentes

613 1085 834 1152 spolies.
884 1086 993 1140 lmo
1029 1103 1121 1157 per
1157 1091 1391 1159 teipsum
1442 1093 1526 1147 vel
1577 1108 1674 1162 per
1725 1096 1890 1149 alium
1943 1096 2171 1166 probum

611 1175 814 1229 astabis
879 1177 1130 1250 legitimis
1173 1179 1414 1235 locorum
1460 1183 1758 1253 judicibus,
1788 1194 1842 1239 et
1868 1186 2084 1239 curabis
2116 1194 2176 1234 ut

611 1264 850 1320 dan-mati
887 1267 1141 1322 obediant
1175 1272 1458 1326 sententiis
1495 1272 1625 1339 justi
1665 1272 1881 1319 ἰυδίυηο
1919 1258 1996 1314 ηε
2026 1264 2086 1317 ﬁt
2114 1275 2172 1321 ιιι

613 1353 812 1422 injuste
861 1357 1217 1425 possidente;
1252 1374 1348 1390 mw
1390 1340 1571 1392 ὐιύίδῑί
1625 1339 1854 1410 “more.
1905 1351 2165 1406 adversus

614 1450 666 1487 ιρ
703 1423 895 1476 ιιι.αώ
932 1434 1040 1472 non
1075 1423 1306 1489 possint,
1340 1432 1395 1479 et
1428 1441 1608 1492 nemo,
1648 1444 1766 1498 qua:
1805 1435 2016 1500 justitia
2048 1437 2166 1488 tue-

610 1517 720 1568 rint
748 1514 987 1576 decreta,
1023 1513 1118 1565 tibi
1170 1513 1346 1582 palam
1383 1518 1514 1572 vitio
1541 1529 1732 1574 vertat.
1768 1521 1893 1578 ﬂare
1931 1524 2165 1594 jampri-

605 1597 726 1649 dem
748 1597 842 1650 tibi
864 1603 1232 1656 commendata
1269 1618 1390 1657 cum
1430 1607 1904 1666 vehementissimo
1926 1615 2163 1684 rescribo

2272 917 2338 984 τῇ
2369 915 2722 988 προσηκούσῃ
2767 918 2980 972 συνέσει
3021 919 3117 972 καὶ
3157 908 3407 977 eiii-05‘?
3442 910 3507 978 τῇ
3540 912 3606 981 σῇ
3637 911 3823 981 ἀρχιει

2276 1006 2488 1076 ρωσύνη
2520 1008 2826 1076 προσφέρου
2847 1011 2960 1072 τοῖς
2987 997 3396 1064 κωτιθεμένοις.
3418 1005 3514 1053 καὶ
3548 1002 3622 1070 μὴ
3662 1014 3823 1055 σταυ-

2271 1095 2364 1149 τδν
2390 1097 2646 1163 ἐκδικεῖν,
2671 1097 2805 1166 μηδι
2828 1099 2903 1147 to;
2932 1084 2992 1149 ἐξ
3018 1087 3317 1158 αὐτονόμου
3344 1090 3593 1154 ἔξουσίας
3611 1093 3822 1164 σεαυτῷ

2271 1204 2324 1239 τι
2359 1178 2778 1258 περιπο..εσυαι,
2826 1177 2918 1230 καὶ
2959 1178 3284 1250 ἀποστερεῖν
3317 1182 3446 1245 τοὺς
3494 1184 3825 1254 κατέχοντας

2269 1275 2332 1326 τὸ
2354 1260 2682 1330 ζητούμενον
2703 1278 2716 1294 ·
2742 1264 2859 1317 ἀλλ’
2886 1268 2994 1319 είτε
3051 1268 3140 1321 διὰ
3175 1272 3430 1337 σεαυτοῦ,
3471 1275 3580 1327 εἴτε
3611 1273 3678 1325 δι’
3707 1273 3824 1327 ἑτέ-

2269 1364 2362 1417 ρου
2387 1350 2494 1402 τῶν
2525 1352 2847 1422 ἐπιτηδείων
2877 1359 3161 1427 προσιέναι
3187 1365 3300 1424 τοῖς
3321 1365 3460 1418 κατά
3484 1366 3647 1418 τόπον
3670 1367 3822 1421 δικά-

2265 1439 2380 1502 ζειν
2416 1441 2661 1510 λαχοῦσι,
2695 1446 2788 1498 καὶ
2813 1446 2887 1517 τῷ
2924 1449 3279 1522 ψηφιζομένῳ
3306 1455 3456 1525 παρά
3486 1457 3584 1526 τῆς
3607 1457 3820 1520 δικαίας

2264 1530 2497 1599 κρίσεως
2519 1535 2816 1604 ἀγαπητῶς
2835 1540 3116 1608 ἐμμένειν,
3147 1544 3232 1596 ἵνα
3276 1545 3369 1597 τοῦ
3401 1548 3495 1600 καὶ
3526 1549 3576 1600 οἰ
3603 1548 3821 1602 πλεονε-

2264 1621 2467 1684 κτικῶς
2488 1640 2540 1675 τι
2593 1628 2913 1696 κατέχοντες
2946 1632 3338 1702 ἀφαιρούμενοι
3367 1637 3461 1689 τοῦ
3493 1639 3820 1709 πλεονεκτή-

612 1686 830 1752 doiore;
891 1689 1034 1758 quod
1089 1693 1134 1745 si
1192 1692 1259 1747 de
1283 1695 1494 1751 dolente
1514 1708 1604 1753 tuo
1651 1701 1779 1766 quid
1803 1716 1959 1758 curas
1989 1712 2158 1773 patre,

2268 1726 2434 1779 ματος
2492 1713 2566 1783 μὴ
2627 1686 2800 1785 ἐχοίεν
2840 1686 3007 1773 κατὰ.
3031 1686 3125 1775 cro-6
3170 1686 3622 1792 γογγύζειν,ηκαὶ
3653 1729 3734 1780 σοὶ
3757 1686 3821 1779 τὸ

606 1790 716 1828 non
749 1786 934 1845 postea
962 1779 1014 1832 in
1052 1779 1244 1834 duram
1276 1799 1375 1838 nos
1400 1788 1852 1845 necessitudinem
1901 1791 2027 1845 talia
2071 1793 2158 1848 tibi

2266 1779 2687 1873 περιγινόμενονί
2743 1809 2892 1878 παρὰ
2964 1812 3066 1882 τῆς

604 1863 882 1921 scribendi
917 1868 1197 1938 eonjicias.
1234 1869 1310 1926 Te
1358 1877 1622 1931 valentem
1664 1886 1720 1932 et
1764 1879 1865 1934 sibi
1907 1881 1957 1934 in
1991 1883 2172 1939 omni-

613 1958 714 2009 bus
763 1957 1147 2027 obsequiosum
1207 1965 1479 2020 custodiat
1532 1967 1812 2024 Dominus.
1883 1970 2167 2030 Humilita-

603 2044 674 2096 tis
703 2053 884 2100 autem
920 2059 1115 2110 nostris
1144 2066 1419 2121 nunquam
1476 2072 1579 2112 non
1631 2059 1684 2113 in
1744 2063 1992 2130 precibus
2057 2066 2168 2122 tuis

605 2146 810 2189 memor
838 2149 976 2194 CSIO.

3135 1814 3482 1888 δικαιοσύνης
3547 1820 3682 1889 μηδς
3690 1820 3821 1888 μίαν

2266 1890 2501 1962 ἐπιφέρῃ
2529 1893 2757 1964 μέμψιν,
2785 1899 2907 1968 μηδ’
2946 1902 3049 1955 ὑπό
3073 1921 3216 1967 τινος
3250 1907 3601 1979 καταϐόησιν.
3636 1908 3821 1963 Ταῦτά

2268 1999 2372 2047 σοι,
2405 1984 2501 2038 καὶ
2533 1986 2695 2042 πάλιν
2725 1993 2889 2060 φημὶ,
2940 1993 3060 2048 λίαν
3105 1998 3425 2069 ἐγράψαμεν
3451 2001 3779 2072 ὀδυνώμενοι
3802 2019 3817 2033 ·

2267 2073 2358 2126 καὶ
2382 2075 2434 2126 εῖ
2445 2092 2499 2128 τι
2532 2080 2660 2148 περὶ
2687 2083 2890 2151 πατρὸς
2919 2085 3252 2157 ὀδυνωμένου
3269 2089 3591 2160 φροντίζεις,
3622 2092 3820 2161 μηκέτι

2267 2163 2402 2236 πρὸς
2433 2167 2677 2239 ἀνάγκην
2721 2172 2868 2241 ἡμᾶς
2927 2178 3278 2250 καταστήσῃς
3314 2180 3542 2236 τοιαῦτά
3568 2198 3650 2234 σοι
3686 2180 3821 2250 γρά-

599 2240 740 2290 φειν.
777 2228 1122 2301 Ἐῥρωμένον
1148 2251 1207 2286 σε
1256 2239 1284 2289 ὁ
1313 2238 1516 2309 Κύριος
1554 2241 1868 2312 διαφυλάξοι
1891 2246 1948 2298 ἐν
1987 2249 2154 2304 πᾶσιν
2185 2228 2495 2325 εὐαρέστως
2551 2228 2709 2330 ἀὐτῷ
2735 2228 3063 2330 διαέιοῦντα,
3085 2228 3190 2320 ίκᾶι
3218 2228 3542 2338 1'13;
3573 2228 3820 2340 ’ὦτ’ρῖἱ-

596 2333 757 2387 τητος
786 2322 1250 2395 ύπερευχόμενον.

779 2411 1007 2473 CXVIII.
1047 2443 1117 2458 —-
1143 2419 1299 2475 Petro
1331 2423 1537 2478 Alaniw
1593 2428 1998 2499 archiepiscopo.

670 2503 894 2561 Vinculo
954 2508 1179 2577 spiritus
1229 2513 1550 2582 conjunctos
1589 2517 1656 2571 ab
1701 2519 1934 2576 invicem
1969 2535 2166 2592 corpo-

604 2594 739 2650 ralis
765 2611 873 2650 non
916 2610 1135 2668 separat
1187 2603 1481 2671 distantia;
1522 2617 1576 2661 et
1621 2610 1666 2663 si
1711 2611 1842 2678 quid
1905 2614 2163 2681 paradoxi

597 2685 885 2740 dicendum
935 2688 1102 2754 foret,
1131 2691 1449 2748 adderemus
1478 2711 1762 2767 corporum
1808 2702 2170 2772 disjunctione

595 2776 850 2842 majorem
904 2778 1016 2831 iicri
1062 2779 1344 2847 spirituum
1402 2784 1686 2850 unionem,
1714 2801 1836 2840 cum
1891 2803 2050 2842 omne
2097 2803 2162 2845 eo

595 2865 778 2918 tendat
821 2866 1058 2920 studium
1090 2909 1106 2933 ,
1155 2880 1213 2923 ut
1241 2871 1545 2927 arctissime
1590 2876 1802 2941 capulet
1850 2878 2064 2934 animos
2110 2893 2165 2947 ει

594 2968 880 3022 corporum
937 2957 1218 3012 unitorum
1271 2955 1421 3015 more
1463 2965 1702 3031 separari
1732 2980 1837 3018 non
1864 2968 2154 3034 permittat.

595 3043 748 3108 Quod
798 3048 958 3116 igitur
1019 3049 1338 3118 corporibus
1398 3051 1681 3120 distemus,
1743 3057 1984 3111 animum
2046 3059 2157 3112 noli

593 3137 824 3204 dejicere
845 3175 860 3199 ,
897 3138 1005 3191 imo
1038 3148 1212 3193 tecum
1259 3152 1475 3210 reputes
1524 3146 1668 3212 quod
1698 3156 1853 3200 antea
1884 3147 2024 3215 dixi,
2059 3165 2159 3203 nos

590 3226 782 3292 spiritu
812 3229 980 3296 magis
1007 3243 1130 3283 esse
1159 3231 1504 3300 conjunctos;
1553 3235 1673 3290 ideo
1721 3237 1816 3290 tibi
1844 3253 1905 3291 ea
1934 3242 2158 3293 tenenda

587 3326 671 3371 est
705 3317 871 3371 animi
918 3322 1192 3374 contentio
1244 3338 1346 3390 qua
1391 3337 1550 3378 rectae
1607 3325 1889 3380 cohibetur
1934 3330 2159 3384 rationis

590 3423 741 3462 usus.
790 3407 892 3462 Pro
924 3409 1127 3464 viribus
1153 3412 1338 3496 obsta,
1367 3415 1461 3482 qui
1506 3417 1710 3470 donum
1751 3419 1919 3471 sancti
1954 3420 2159 3488 recepi-

591 3500 656 3550 sti
706 3498 964 3567 Spiritus,
1001 3510 1054 3555 et
1107 3505 1427 3558 sacerdotali
1472 3508 1665 3574 plenus
1705 3511 2061 3564 exsultatione
2093 3512 2188 3568 ad,

590 3588 872 3655 pristinam
905 3600 1134 3644 mentem
1172 3603 1426 3648 converte
1474 3596 1731 3666 gaudium
1771 3599 1915 3668 quod
1943 3599 2159 3654 Christo

586 3688 640 3731 et
694 3680 848 3732 nobis
906 3680 1200 3735 humilibus
1236 3673 1376 3752 'ejus
1436 3685 1651 3741 famulis
1690 3697 1760 3755 ,ιιι
1817 3689 1884 3742 ad
1935 3691 2158 3757 gloriam

587 3777 747 3836 atque
782 3770 1066 3822 utilitatem
1106 3770 1308 3824 factum
1344 3784 1458 3838 est;
1491 3777 1657 3829 animi
1691 3777 1880 3831 deinde
1905 3793 2063 3833 curas
2106 3787 2160 3833 et

588 3860 782 3912 mentis
830 3859 1223 3916 sollicitudines
1295 3864 1451 3933 longe
1526 3865 1765 3932 abjicies.
1852 3867 2002 3937 Sarpe
2058 3870 2155 3924 ho-

585 3952 794 4014 mines,
830 3954 1208 4006 terrenoluero
1248 3955 1475 4021 permoti
1521 3971 1734 4026 magna,
1764 3958 1953 4012 itinera
2002 3960 2158 4013 insti-

587 4053 764 4107 tuunt,
801 4045 1001 4112 quique
1019 4046 1357 4112 parentibus,
1382 4048 1644 4104 uxoribus
1670 4063 1722 4103 et
1749 4051 1932 4104 liberis
1962 4051 2154 4110 orbati.

584 4150 691 4186 non
725 4135 898 4187 solum
934 4136 1175 4188 animum
1223 4151 1330 4188 non
1361 4137 1677 4204 dimittunt,
1712 4141 1802 4194 sed
1831 4142 2157 4210 quandoque

587 4226 829 4278 hilariter
854 4226 1161 4279 distantiam
1190 4244 1217 4280 ιι
1252 4229 1366 4281 suis
1397 4230 1834 4301 perferunt,quia
1867 4234 2000 4287 lucri
2037 4250 2156 4303 spes

2419 2435 2570 2490 PlH'.
2619 2437 2816 2510 Πέτρῳ
2865 2442 3316 2512 ἁρχιεπισκόπφ
3357 2448 3648 2517 Ἀλανιας.

2329 2525 2442 2577 Οὐκ
2461 2521 2570 2580 οἶδε
2617 2529 2742 2592 τοὺς
2771 2535 3157 2601 πνευματικῶς
3191 2539 3499 2607 ἡνωμένους
3527 2549 3816 2618 σωματικὴ

2258 2613 2559 2679 ἀπόστασις
2608 2617 2852 2690 ἀλλήλων
2901 2622 3269 2693 διαχωρίζειν,
3309 2629 3448 2695 ἀλλ’,
3504 2613 3712 2704 εῑιχρή
3764 2613 3818 2689 τι

2259 2707 2353 2757 καὶ
2395 2707 2699 2775 παράδοξον
2756 2711 2921 2780 ἐρεῖν,
2979 2715 3011 2782 ἡ
3065 2715 3175 2768 τῶν
3223 2719 3492 2787 σωμάτων
3543 2723 3817 2791 διάζευξις

2260 2796 2420 2850 πλέον
2446 2800 2542 2867 τὴν
2566 2801 2758 2855 ῑνωσιν
2785 2804 3175 2873 ἀπεργάζεται,
3201 2809 3348 2880 ὅλης,
3388 2812 3464 2875 ὡς
3494 2815 3688 2882 είπεῖν,
3717 2817 3818 2886 τῆς

2259 2889 2499 2956 σχέσεως
2560 2894 2642 2954 είς
2693 2894 2792 2962 τὴν
2841 2895 2950 2948 τῶν
2995 2897 3182 2968 ψυχῶν
3225 2901 3519 2970 συνάφειαν
3561 2905 3816 2976 καθαρῶς

2261 2979 2706 3050 περιισταμένης,
2761 2984 2853 3036 καὶ
2908 2984 2982 3056 μὴ
3029 2987 3317 3060 ἐθελούσης
3364 2993 3702 3062 μερίζεσθαι,
3733 2993 3818 3059 οἷς

2263 3068 2552 3126 ὑποϐάλλει
2596 3072 2705 3124 τῶν
2756 3077 3021 3144 σωμάτων
3058 3080 3090 3148 ἡ
3130 3080 3343 3143 ἕνωσις.
3373 3083 3448 3134 Ού
3479 3085 3656 3137 τοίνυν
3684 3087 3840 3140 ἀθυ-’

2261 3157 2382 3222 μεῖν
2407 3157 2577 3220 ἀξιον.
2608 3160 2689 3213 ὅτι
2713 3165 2821 3223 τοῖς
2843 3162 3056 3234 σώμασι
3089 3167 3476 3239 διεστήκαμεν,
3511 3174 3645 3228 ἀλλά
3677 3177 3816 3245 μᾶλ-

2258 3241 2348 3296 λον
2370 3245 2549 3313 είδὼς,
2577 3249 2712 3317 ὅπερ
2767 3251 2922 3323 ἔφην,
2955 3256 3036 3307 ὅτι
3079 3256 3238 3310 πλέον
3278 3259 3355 3328 τῷ
3387 3261 3656 3331 πνεύματι
3689 3282 3815 3318 συν-

2258 3336 2561 3406 απτόμεθα,
2592 3340 2916 3414 ὑψηλότερος
2939 3347 3100 3412 γενοῦ
3137 3365 3228 3418 μοι
3274 3351 3374 3420 τῆς
3407 3352 3617 3406 ἐκεῖθεν
3656 3371 3814 3424 περι-

2260 3427 2481 3497 σπώσης
2513 3431 2604 3515 τὸν
2638 3432 2894 3503 λογισμὸν
2932 3437 3284 3508 διοχλήσεως,
3317 3445 3409 3496 καὶ
3434 3445 3533 3514 τῆς
3565 3447 3814 3517 ἐγκεχει-

2260 3519 2521 3604 ρισμένης
2551 3512 2634 3574 σοι
2675 3526 2824 3593 παρά
2870 3527 2963 3579 τοῦ
3008 3531 3276 3597 παναγίου
3318 3512 3631 3604 Πνεύματος

2257 3603 2331 3659 ὢν
2367 3607 2663 3679 ἱερωτάτης
2687 3613 3072 3679 ,ἀγαλλιάσεως
3100 3618 3332 3690 πλήρης,
3366 3603 3590 3693 ἀντέχου
3613 3641 3630 3656 ο
3673 3628 3810 3696 πρὸς

2256 3696 2471 3781 ἐκείνην
2518 3698 2613 3768 τὴν
2667 3699 2843 3772 ψυχὴν
2887 3709 3291 3776 περιστρέφων,
3333 3711 3428 3765 καὶ
3473 3714 3571 3784 τὴν
3601 3716 3810 3769 ἐκεῖθεν

2259 3777 2533 3854 φυομένην
2589 3790 2781 3860 ἡδονὴν
2833 3794 2911 3862 τῷ
2957 3797 3168 3866 Σωτῆρι
3204 3801 3420 3854 πάντων
3454 3777 3672 3876 Χριστῷ
3714 3809 3808 3862 καὶ

2257 3873 2388 3939 ἡμῖν
2423 3877 2535 3937 τοῖς
2591 3884 2889 3944 ταπεινοῖς,
2941 3885 3036 3936 καὶ
3098 3885 3198 3956 τὴν
3236 3889 3320 3940 σοὶ
3373 3873 3805 3963 προσγινομένην

2256 3961 2412 4026 δόξαν
2459 3980 2516 4016 τε
2547 3968 2642 4020 καὶ
2676 3968 2958 4036 ὠφέλειαν,
3008 3973 3182 4027 ὀπίσω
3207 3977 3369 4046 ῥίψας
3414 3981 3512 4048 τὴν
3543 3961 3803 4049 ἀθυμίαν,

2258 4053 2352 4101 καὶ
2401 4052 2468 4103 τὰ
2517 4055 2727 4124 ἐκείνης
2783 4059 2918 4129 ἀηδῆ
2971 4061 3327 4132 ἑνοχλήματα.
3372 4067 3430 4118 Εἰ
3473 4069 3583 4139 γάρ
3619 4071 3806 4128 ἕνεκεν

2258 4139 2445 4206 γηῖνου
2469 4145 2689 4212 κέρδους
2711 4149 2926 4215 μακρὰς
2941 4149 3244 4220 ὁδοιπορίας
3278 4153 3616 4223 στελλόμενοι
3639 4158 3801 4223 τινὲς,

2257 4230 2349 4287 καὶ
2376 4233 2598 4296 γονέων,
2617 4233 2706 4287 καὶ
2729 4239 3004 4304 γυναικὸς,
3040 4242 3134 4292 καὶ
3212 4244 3415 4295 παίδων
3467 4245 3800 4319 ἀποστερού-

583 4316 858 4367 tristitiam
897 4319 1161 4369 convertit
1198 4319 1248 4368 in
1273 4320 1526 4386 gaudium
1562 4337 1576 4386 ;
1610 4323 1737 4390 quid
1785 4338 1879 4377 eos
1909 4327 2147 4390 Cogitare

2257 4333 2429 4386 μενοι,
2453 4319 2511 4370 οὐ
2543 4323 2701 4388 μόνον
2727 4325 2825 4377 ούκ
2864 4328 3185 4396 ἀθυμοῦσιν,
3221 4332 3356 4384 ἀλλά
3398 4336 3489 4386 καὶ
3524 4316 3802 4407 χαίροντες

585 4407 737 4458 decet
763 4446 778 4469 ,
803 4407 894 4474 qui
927 4415 1132 4458 tantum
1171 4408 1540 4475 adipiscuntur
1563 4419 1857 4478 quaestum,
1889 4421 2151 4479 quantum

586 4498 685 4564 ipsi
719 4499 891 4566 angeli
929 4497 1268 4551 desiderent?
1314 4501 1464 4562 Quod
1505 4503 1546 4552 si
1580 4513 1771 4554 memet
1813 4502 2022 4556 videndi
2057 4518 2151 4556 cu-

585 4591 746 4658 pidus
773 4591 849 4642 sis
895 4598 948 4640 et
978 4590 1182 4642 fervido
1243 4590 1445 4642 visendi
1477 4591 1743 4644 desiderio
1793 4592 1978 4660 ﬂagret
2027 4593 2148 4646 ani-

589 4699 709 4736 mus
735 4720 749 4744 ,
781 4692 832 4735 et
862 4681 1122 4749 imprimis
1175 4684 1218 4734 si
1260 4683 1359 4736 hoc
1414 4684 1541 4736 utile
1580 4686 1732 4736 nobis
1771 4685 1966 4747 fuerit,
2014 4698 2145 4737 con-

586 4773 740 4825 cedat
784 4771 1094 4824 misericors
1146 4769 1438 4835 Dominus;
1495 4774 1576 4825 sin
1636 4774 1994 4840 possessionis
2020 4791 2148 4842 gau-

585 4866 733 4926 dium
763 4872 984 4922 resecet,
1015 4875 1175 4930 atque
1205 4864 1350 4915 aliud
1391 4864 1587 4916 tribuat
1619 4865 1806 4917 melius
1827 4905 1842 4930 ,
1884 4866 2026 4921 illius
2052 4881 2148 4921 nos

585 4955 1027 5008 commendamus
1072 4955 1422 5020 benignitati,
1466 4970 1627 5022 quam
1682 4973 1778 5008 nec
1818 4967 2026 5025 tempus
2059 4973 2146 5012 se-

587 5056 783 5114 parat,
832 5062 927 5099 nec
972 5046 1155 5107 locus,
1209 5062 1305 5097 nee
1366 5045 1469 5098 alia
1517 5062 1695 5099 rerum
1741 5048 1996 5110 conditio,
2038 5051 2145 5101 imo

589 5135 1048 5196 tmtnarcessibiiis
1072 5135 1516 5201 exspectantibus
1571 5145 1877 5188 reservatur
1939 5135 2140 5188 laetitia.

586 5226 737 5279 Adsit
774 5226 864 5278 tibi
893 5264 908 5288 ,
942 5226 1010 5276 mi
1045 5225 1110 5275 liii
1137 5264 1150 5287 ,
1194 5223 1350 5276 l’atcr
1398 5224 1659 5292 benignus
1703 5235 1754 5277 et
1797 5225 1936 5278 Deus
1969 5236 2148 5278 noster

587 5323 874 5383 perpetuo;
910 5324 957 5365 te
987 5324 1265 5376 sustentet,
1294 5315 1383 5382 qui
1404 5316 1678 5383 cvangelio
1703 5316 1817 5382 ejus
1853 5316 2144 5377 insert-ias;

589 5419 699 5468 Ipse
734 5403 923 5454 liberet
985 5412 1032 5453 te
1082 5402 1311 5455 tristitia:
1350 5405 1583 5457 tenebris
1620 5416 1671 5456 et
1720 5405 2140 5471 inexstingnibili

587 5503 754 5546 donet
788 5495 1083 5546 hilaritate.

2250 4408 2421 4460 ἐνίοτε
2462 4410 2813 4482 ἀναδέχονται
2859 4418 2955 4486 τὴν
2985 4420 3290 4486 διάστασιν,
3326 4424 3422 4493 τῆς
3454 4428 3517 4478 ἐκ
3546 4427 3640 4479 τοῦ
3673 4431 3801 4500 κέρ-

2247 4497 2368 4560 δους
2385 4499 2592 4580 ἐλπίδος
2609 4503 2666 4555 τὸ
2688 4507 2897 4576 χαίρειν
2914 4510 3031 4561 ἀντὶ
3057 4511 3147 4562 τοῦ
3166 4513 3392 4580 ἀθυμεῖν
3417 4497 3798 4588 χαριζομένης,

2244 4592 2297 4642 τί
2326 4592 2403 4643 δεῖ
2429 4597 2644 4661 φρονεῖν
2673 4600 2797 4659 τοὺς
2825 4595 2936 4651 οἷον
2961 4601 3249 4668 μέλλοντας
3292 4609 3597 4674 κερδαίνειν
3632 4610 3668 4662 ἀ
3708 4615 3800 4662 καὶ

2243 4682 2491 4746 ἀγγέλοις
2518 4685 2595 4745 εις
2620 4687 2934 4755 ἐπιθυμίαν,
2957 4693 3048 4742 καὶ
3080 4694 3244 4762 μόνης
3262 4696 3582 4752 καθίσταται
3620 4721 3766 4772 παρα
3784 4731 3801 4746 ο

2245 4770 2494 4837 κύψεως;
2547 4773 2683 4826 Ἀλλ’
2715 4778 2860 4838 εἰκὸς
2913 4781 3311 4851 ἐνθυμούμενον
3350 4787 3408 4837 τὸ
3446 4791 3518 4858 μὴ
3551 4790 3628 4842 ἔτι
3661 4770 3795 4862 πρὸς

2247 4859 2370 4911 θέαν
2402 4865 2736 4931 καταστῆναι
2768 4867 3038 4934 ἀλλήλοις,
3096 4875 3403 4926 κεντεῖσθαι
3430 4880 3526 4945 τὴν
3559 4881 3787 4947 καρδίαν

2248 4949 2350 5001 ὑπὸ
2381 4950 2473 5002 τοῦ
2509 4953 2709 5022 θερμοῦ
2736 4958 2891 5026 ’πρὸς
2940 4960 3084 5026 ἡμᾶς
3128 4963 3314 5026 πόθου,
3346 4967 3576 5032 μάλιστα
3607 4972 3707 5037 μὲν
3747 4972 3792 5022 εἰ

2247 5044 2339 5092 καὶ
2378 5042 2534 5094 τοῦτο
2567 5046 2856 5115 συμφέροι,
2903 5050 3126 5116 παρέξει
3157 5054 3184 5102 ό
3221 5055 3440 5119 ἀγαθός.
3477 5059 3536 5108 Ei
3577 5058 3631 5108 δὲ
3665 5059 3795 5112 ὐπο-

2245 5136 2489 5199 τεμεῖται
2534 5135 2630 5204 τὴν
2676 5139 2929 5207 τοιαύτην
2957 5143 3270 5207 ἀπόλαυσιν,
3311 5142 3424 5196 ἀλλ’
3448 5148 3567 5199 ἀντὶ
3593 5151 3793 5216 ταύτης

2246 5229 2537 5293 χαριεῖται,
2571 5231 2910 5298 πεποίθαμεν
2965 5238 3032 5302 τῇ
3080 5238 3286 5289 ἐκείνου
3334 5241 3660 5308 χρηστότητι
3698 5246 3792 5310 τὴν

2245 5316 2472 5382 ἀμείνω,
2529 5320 2593 5386 ἣν
2646 5320 2767 5372 οὔτε
2820 5325 3006 5391 χρόνος
3047 5327 3343 5395 διατέμνει,
3390 5331 3448 5382 ού
3480 5332 3662 5394 τόπος,
3695 5336 3790 5385 οὐκ

2242 5407 2375 5476 ἄλλη
2409 5426 2489 5469 τις
2545 5414 2860 5481 περίστασις
2900 5418 3114 5482 ἔξωθεν,
3153 5422 3267 5474 ἀλλ’
3315 5423 3400 5475 ἀεὶ
3459 5424 3789 5491 παραμένειν

2241 5503 2350 5561 τοῖς
2419 5504 2666 5557 συνοῦσιν
2708 5509 3019 5578 ἀμάραντον
3061 5515 3408 5583 παρεχομένη
3442 5520 3538 5585 τὴν
3569 5517 3783 5586 ἡδονήν.

601 5588 654 5640 Ὀ
699 5591 751 5640 6':
797 5589 1176 5658 φιλάνθρωπος
1223 5590 1378 5659 ἡμῶν
1427 5591 1611 5659 Πατὴρ
1663 5593 1752 5643 κκὶ
1784 5593 1928 5660 ,Θεὸς
1997 5593 2180 5660 αὐτὸς,
2220 5597 2409 5648 τέκνον
2440 5598 2616 5664 ἡμῶν,
2674 5602 2846 5653 συνὼν
2917 5606 3256 5669 samnito»;
3300 5613 3382 5681 εἴη
3417 5613 3507 5662 καὶ
3544 5627 3783 5664 συναντι-
