4038 6354
622 436 727 497 339

805 551 993 607 CXXI.
1046 552 1205 607 Leoni
1229 555 1450 625 patricio
1472 563 1522 606 et
1553 552 1832 607 Anatolico
1852 554 1993 608 dua.

690 739 864 805 Quam
893 739 959 794 ad
1004 752 1123 803 nos,
1157 739 1230 793 mi
1261 740 1330 793 ﬁli
1356 778 1372 804 ,
1412 740 1606 794 misisti
1639 741 1920 809 epistolam
1961 740 2173 811 accepi-

619 846 761 896 mus,
800 839 856 904 et
884 830 1087 898 gratias
1116 832 1326 901 egimus
1363 832 1595 885 salvanti
1628 842 1677 886 te
1702 832 1916 887 Christo
1950 832 2175 888 Domino

618 932 828 985 nostro,
873 921 985 989 qui,
1025 922 1103 976 uti
1135 922 1484 987 conﬁdimus,
1527 925 1742 977 insitam
1788 926 1881 979 tibi
1915 926 2172 979 virtutem

620 1026 812 1069 contra
849 1016 1033 1068 omnia
1069 1016 1208 1070 mala
1241 1016 1473 1070 visibilia
1503 1024 1553 1070 et
1583 1016 1872 1071 invisibilia
1902 1018 2172 1072 defendet.

620 1106 763 1170 llam,
788 1105 858 1160 mi
890 1106 983 1168 lili.
1011 1122 1132 1162 cum
1164 1108 1326 1172 scias,
1350 1124 1473 1162 cum
1505 1110 1718 1178 sapiens
1737 1116 1789 1163 et
1807 1109 2044 1177 prudens
2068 1110 2172 1174 sis,

618 1197 915 1267 perpende,
946 1198 1134 1253 oculos
1172 1196 1383 1252 Domini
1419 1213 1710 1255 conversos
1736 1214 1858 1256 esse
1896 1199 1949 1253 in
1982 1213 2175 1254 omnes

616 1290 887 1357 homines,
927 1290 1164 1345 maxime
1193 1299 1371 1345 autem
1429 1290 1484 1344 in
1546 1270 1725 1347 rcctos
1780 1291 1971 1365 corde;
2004 1289 2175 1345 omni-

617 1383 720 1438 bus
744 1381 1009 1439 contende
1035 1384 1241 1437 viribus
1270 1391 1329 1437 ut
1359 1396 1454 1451 per
1488 1390 1687 1437 rectam
1715 1383 1932 1439 incedas
1951 1380 2173 1449 iustitiae

616 1476 780 1537 viam,
820 1477 891 1531 ita
923 1483 1003 1540 ut,
1054 1474 1125 1531 ab
1160 1473 1319 1529 oculo
1354 1474 1445 1527 Dei
1480 1475 1700 1529 assidue
1743 1474 2085 1535 observatos.
2120 1473 2170 1526 in

617 1566 871 1621 omnibus
910 1568 1355 1636 cogitationibus,
1414 1567 1884 1632 meditationibus,
1930 1566 2171 1625 consiliis

614 1665 668 1709 et
692 1656 999 1713 actionibus
1029 1658 1094 1713 ad
1120 1658 1381 1728 majorem
1421 1661 1610 1714 tentias
1644 1658 1951 1711 utilitatem.
1999 1655 2170 1721 Quam

617 1750 849 1819 denique
874 1753 1029 1807 nobis
1052 1763 1236 1807 notam
1263 1752 1437 1809 fecisti
1463 1751 1805 1822 petitionem,
1829 1749 2174 1819 adimpleturi

615 1857 828 1907 sumus,
866 1843 1029 1898 modo
1074 1844 1196 1899 talis
1242 1846 1335 1907 sit,
1372 1844 1464 1913 qui
1508 1844 1726 1900 virtutis
1774 1855 1879 1899 tute
1924 1843 2170 1900 testimo-
2201 1895 2242 1914 η

616 1932 768 1984 nium
821 1932 1043 2000 recepit,
1086 1942 1139 1989 ct
1170 1934 1416 1988 doctrina
1461 1948 1516 1988 et
1560 1934 1777 1989 vivendi
1826 1935 2059 2000 ratione,
2116 1943 2175 1988 ut

614 2036 794 2093 neque
835 2022 1237 2079 confundantur
1279 2023 1403 2095 ipsi,
1445 2040 1545 2079 nec
1574 2034 1628 2078 tu
1674 2036 1894 2097 propter
1932 2027 2177 2082 testimo-

613 2104 954 2169 nium'tuum
993 2129 1179 2169 coram
1228 2115 1338 2169 Deo
1374 2126 1427 2171 et
1474 2116 1790 2173 hominibus
1831 2116 2180 2186 exprobatio-

612 2218 738 2260 nem
779 2205 1101 2273 experiaris,
1152 2220 1253 2261 nec
1305 2209 1396 2274 qui
1436 2209 1809 2261 testimonium
1860 2207 2063 2275 recepit
2111 2207 2178 2259 ad

613 2312 771 2353 suam
808 2297 980 2365 ipsius
1010 2299 1303 2367 perniciem
1340 2300 1392 2353 in
1430 2308 1639 2352 tantum
1673 2300 1991 2352 admittatur
2019 2296 2179 2351 ruini-

614 2389 862 2444 sterium.
899 2387 1092 2441 Valeas
1137 2397 1186 2442 et
1224 2387 1492 2443 Dominus
1531 2398 1585 2443 te
1610 2389 1921 2452 custodiat;
1970 2388 2023 2441 in
2068 2386 2170 2439 hac

612 2494 871 2551 prospere
913 2479 1132 2535 incedas
1157 2481 1265 2533 vita
1293 2490 1346 2533 et
1371 2483 1423 2533 iu
1453 2466 1655 2543 futura,
1687 2480 1777 2533 ubi
1815 2479 1970 2533 bonis
1998 2492 2172 2533 reser-

612 2573 753 2630 vatis
794 2589 823 2627 a
849 2571 954 2629 Dco
985 2573 1107 2628 {iiiis
1142 2573 1255 2628 suis
1276 2580 1328 2645 et
1360 2572 1532 2640 gloria
1576 2585 1747 2639 usque
1777 2569 2003 2627 fruaris.

1738 439 2040 499 NICOLAI
2081 440 2186 499 ΕΡ.
2233 438 2740 497 ΡΑΤΙὶΙΑΗΕΗίΕ

3629 472 3635 477 .
3728 428 3826 493 διο

2202 553 2253 612 Α
2313 554 2487 606 PKA'.
2516 553 2721 607 Λέοντι
2753 552 3034 618 πατρικῑῳ
3058 552 3151 604 καὶ
3179 547 3489 619 στρατηγῷ
3520 545 3642 604 τῶν
3678 528 3829 601 Ἄνα-

2912 622 3183 675 tolutim

2360 731 2691 803 Ἐδεξάμεθά
2744 751 2859 796 σου,
2912 732 3099 784 τέκνον
3156 732 3335 800 ἡμῶν,
3397 730 3456 782 τὸ
3496 725 3833 796 διαπεμφθὲν

2278 826 2412 897 πρὸς
2441 827 2588 895 ἡμᾶς
2615 825 2867 897 γράμμα,
2901 823 2992 876 καὶ
3024 822 3508 891 ηὑχαριστήσαμεν
3538 818 3614 888 τῷ
3640 820 3828 885 διαφυ-

2274 894 2521 971 λάττοντί
2554 931 2611 968 σε
2643 894 2861 986 Χριστῷ
2905 912 2982 981 τῷ
3015 912 3133 980 Θεῷ
3174 912 3353 980 ἡμῶν,
3394 911 3452 972 ὃς
3498 908 3836 976 πεποίθαμεν

2275 1011 2357 1064 ὅτι
2413 1010 2507 1063 καὶ
2565 1008 2645 1060 ἔτι
2682 1006 2772 1061 διὰ
2827 1006 2927 1076 τὴν
2973 1006 3282 1074 προσοῦσάν
3334 1021 3419 1056 σοι
3469 1002 3675 1073 ἀρετὴν
3738 1001 3833 1053 ἐπὶ

2277 1100 2436 1154 πλέον
2463 1100 2775 1168 διατηρήσει
2832 1098 3010 1165 πάσης
3041 1098 3139 1167 μὲν
3195 1095 3498 1165 ὁρωμένης,
3550 1094 3727 1161 πάσης
3776 1092 3834 1146 δὲ

2278 1192 2511 1261 ἀοράτου
2551 1189 2921 1257 ἐναντιότητος
2958 1187 3312 1257 ὑψηλότερον.
3360 1185 3523 1239 Ἀλλά
3560 1202 3673 1254 μοι,
3712 1184 3836 1236 τέκ-

2277 1302 2364 1338 νον
2408 1286 2437 1353 ἡ
2448 1286 2586 1353 μῶν,
2614 1281 2772 1336 τοῦτο
2801 1282 2977 1344 εἰδὼς,
3012 1275 3097 1333 οἷα
3126 1279 3190 1349 δὴ
3221 1278 3483 1349 φρόνιμος
3519 1277 3596 1330 ὢν
3623 1277 3714 1329 καὶ
3744 1292 3834 1327 συ-

2278 1375 2448 1440 νετδς,
2506 1376 2586 1428 ὅτι
2630 1373 2894 1444 ὀφθαλμοὶ
2948 1370 3153 1444 Κυρίου
3201 1369 3554 1421 ὲπιὸλέπουσι
3605 1366 3701 1436 μὲν
3742 1365 3837 1417 ἐπὶ

2275 1468 2501 1529 πάντας,
2533 1467 2771 1535 μάλιστα
2810 1465 2868 1517 δὲ
2901 1466 2992 1517 ἐπὶ
3040 1464 3166 1526 τοὺς
3214 1459 3389 1523 εὐθεῖς
3440 1457 3538 1528 τὴν
3590 1454 3835 1525 καρδίαν.

2276 1560 2426 1631 πάσῃ
2471 1557 2695 1617 δυνάμει
2723 1543 2948 1626 ἀντέχου
2977 1557 3073 1626 τῆς
3102 1555 3396 1623 εὐθύτητος
3438 1549 3537 1617 τῆς
3566 1544 3839 1600 δικαιοσύο

2273 1668 2390 1723 νης·
2440 1651 2528 1704 ἵνα
2573 1650 2661 1703 διὰ
2698 1650 2897 1712 παντὸς
2944 1648 3037 1700 τοῦ
3092 1646 3261 1699 θείουι
3286 1637 3567 1712 ὀφθαλμοῦ
3606 1638 3743 1709 πρὸς
3777 1636 3835 1689 σὲ

2274 1743 2626 1807 ἀτενίζοντος,
2663 1744 2756 1795 καὶ
2797 1741 2929 1814 μηδέ
2970 1741 3098 1793 ποτε
3136 1756 3193 1791 σε
3225 1734 3745 1803 καταλιμπάνοντος,
3777 1730 3836 1780 ἐν

2277 1840 2441 1897 παντὶ
2472 1840 2568 1892 καὶ
2597 1838 2918 1904 διανοήματι
2963 1833 3056 1887 καὶ
3101 1832 3251 1902 πάσῃ
3295 1828 3493 1899 μελέτῃ
3545 1824 3640 1877 καὶ
3673 1822 3835 1892 βουλῇ

2277 1933 2372 1981 καὶ
2422 1927 2617 1998 πράξει
2655 1927 2792 1995 πρὸς
2834 1925 2893 1976 τὸ
2925 1925 3204 1994 συμφέρον
3257 1924 3373 1988 εἴης
3428 1914 3835 1985 καθοδηγούμε-

2276 2036 2383 2084 νος.
2432 2022 2565 2089 Περὶ
2597 2020 2653 2072 δὲ
2689 2014 2762 2071 ὧν
2817 2016 3062 2087 ἔγραψας
3126 2017 3275 2088 ἡμῖν,
3321 2011 3685 2084 πληρώσομεν
3738 2008 3838 2074 τὴν

2275 2112 2574 2183 ἐξαίτησιν·
2598 2111 2768 2182 ,μόνον
2796 2111 3033 2172 τοιοῦτος
3053 2110 3191 2163 ἔστω
3219 2112 3244 2164 ὁ
3270 2105 3419 2179 παρὰ
3451 2110 3548 2181 τῆς
3572 2103 3672 2177 σῆς
3700 2122 3843 2177 μαρ-

2275 2207 2608 2277 τυρούμενος
2669 2207 2870 2275 ἀρετῆς
2912 2206 3002 2258 καὶ
3046 2205 3187 2258 κατὰ
3221 2198 3531 2270 παίδευσιν,
3563 2204 3663 2257 καὶ
3696 2200 3840 2254 κατὰ

2274 2300 2373 2370 τὴν
2421 2299 2588 2368 ἄλλην
2643 2299 2737 2351 τοῦ
2784 2298 2899 2370 βίου
2947 2298 3109 2355 αὐτοῦ
3156 2299 3511 2361 κατάστασιν,
3574 2296 3660 2348 ἵνα
3706 2292 3840 2361 μήτε

2273 2394 2432 2459 ἡμεῖς
2463 2392 2855 2465 αἰσχυνθῶμεν,
2901 2396 3036 2465 μήτε
3085 2393 3247 2455 αὐτὸς
3291 2393 3382 2444 ἐπὶ
3431 2392 3493 2459 τῇ
3529 2389 3595 2460 σῇ
3639 2400 3845 2457 μαρτν-

2278 2486 2373 2555 ρῐᾳ
2430 2487 2523 2539 καὶ
2580 2486 2729 2556 παρὰ
2779 2487 2898 2558 Θεῷ
2938 2486 3030 2539 καὶ
3067 2485 3218 2553 παρὰ
3276 2480 3583 2552 ἀνθρώποις
3636 2478 3844 2550 μέμψιν

2277 2577 2508 2648 εὑρεθῇς
2541 2579 2972 2648 ἁποφερόμενος,
3019 2579 3151 2647 μήτε
3195 2578 3222 2627 ὁ
3272 2573 3715 2644 μαρτυρούμενος
3765 2570 3847 2629 εἰς

612 2660 927 2742 κατάκριμα
960 2673 1091 2724 ἴδιον
1135 2671 1215 2733 εἰς
1260 2669 1357 2741 τὴν
1404 2668 1659 2736 τοιαύτην
1728 2668 2047 2740 προσληφθῇ
2088 2669 2383 2729 διακονίαν.
2427 2674 2772 2745 Ἔρῤωμένον
2842 2690 2898 2725 σε
2961 2660 3275 2739 διαφυλάξοι
3344 2671 3372 2723 ὁ
3408 2667 3631 2737 Κύριος,
3663 2665 3759 2715 καὶ
3790 2664 3845 2713 ὲν

609 2763 687 2833 τῷ
729 2766 956 2833 παρόντι
994 2760 1345 2831 εύοδούμενον
1400 2760 1522 2831 βίῳ,
1555 2755 1651 2811 καὶ
1705 2758 1763 2812 ὲν
1793 2757 1871 2829 τῷ
1923 2759 2170 2828 μέλλοντι
2243 2762 2342 2831 τῆς
2411 2764 2841 2833 ἑτοιμαζομενης
2906 2762 3073 2831 τιμῆς
3147 2764 3241 2813 καὶ
3332 2758 3686 2820 ἀπολαύσεως
3730 2754 3848 2816 τοῖς

610 2854 997 2927 εὐαρεστοῠσιν
1046 2854 1195 2923 αὐτῷ
1229 2852 1304 2923 μὴ
1344 2852 1748 2931 ἀποπίπτοντα.

1000 2967 1210 3025 CXXII.
1252 2968 1525 3021 Ambrosio
1554 2970 1815 3037 episcopo.

681 3088 761 3141 Ad
820 3085 1131 3141 communia
1208 3100 1327 3151 quae
1388 3097 1488 3136 nos
1537 3082 1948 3136 incommodant
1993 3082 2171 3143 mala,

2605 2964 2778 3020 PKB’.

2366 3077 2490 3131 Ἐπὶ
2537 3080 2648 3141 τοῖς
2716 3079 2993 3146 συνέχουσι
3054 3076 3246 3137 κοινῶς
3292 3077 3442 3146 ἡμᾶς
3482 3075 3696 3144 ἄλγεσι.
3743 3075 3849 3132 καὶ

2838 2965 3158 3033 Ἀμϐροσίῳ
3196 2965 3527 3032 ἑπισκόπφ.

614 3177 807 3249 privati
841 3183 1189 3231 accesserunt
1220 3174 1434 3227 dolores
1458 3188 1524 3227 ex
1549 3174 1746 3228 litteris
1775 3172 1905 3239 tuis,
1976 3172 2175 3241 quibus

2280 3164 2375 3222 νῦν
2414 3169 2557 3233 ἰδίως
2588 3169 2866 3237 ἀλγήματι
2910 3170 2970 3219 τὸ
3004 3168 3093 3220 σὺν
3125 3169 3407 3237 δεξάμενοι
3444 3170 3855 3241 συνεσχέθημεν

613 3270 901 3323 didicimus
932 3277 983 3320 te
1028 3280 1219 3319 rursus
1257 3266 1307 3317 in
1344 3266 1590 3319 morbum
1621 3265 1904 3329 incidisse,
1951 3281 2051 3318 nec
2088 3278 2180 3319 so-

614 3361 726 3415 lum
771 3359 898 3428 quia
955 3357 1190 3411 filiorum
1256 3355 1471 3411 dolores
1529 3356 1697 3410 nostri
1742 3358 1958 3410 dolores
2004 3356 2173 3419 liunt.

614 3451 708 3505 sed
740 3451 811 3504 ob
867 3450 1002 3503 alias
1039 3462 1259 3517 quoque
1301 3461 1495 3501 causas
1531 3446 1649 3516 qua:
1684 3459 1982 3515 temporum
2017 3448 2178 3500 vicis-

615 3541 950 3597 situdinibus
981 3541 1253 3593 oriuntur.
1297 3536 1413 3592 Tua
1455 3539 1695 3608 quidem,
1731 3555 1851 3607 quae
1882 3538 2051 3607 gratia
2082 3537 2177 3592 Dei

614 3647 830 3688 summa
864 3641 967 3694 est,
1019 3630 1397 3695 intelligentia,
1419 3640 1474 3684 ut
1502 3630 1771 3699 justitiam
1809 3629 1982 3694 decet,
2018 3630 2180 3683 mini-

617 3725 841 3778 sterium
873 3722 965 3776 Dei
992 3710 1243 3791 provehit
1274 3732 1331 3775 et
1376 3723 1455 3776 sic
1482 3725 1646 3776 vitam
1692 3732 1934 3776 nostram
1981 3736 2153 3775 mmro

617 3818 768 3870 ribus
812 3814 1115 3869 confectam
1176 3814 1283 3867 nOn
1332 3814 1519 3867 leviter
1565 3813 1817 3882 adjuvat;
1866 3813 2002 3867 adde
2033 3812 2175 3880 quod

618 3920 761 3974 saepe
792 3904 1039 3973 corporis
1078 3903 1246 3957 moles
1276 3917 1306 3956 a
1341 3904 1544 3957 servitii
1585 3902 1775 3957 oiliciis
1806 3914 2029 3968 avocat;
2057 3903 2179 3956 inde

616 3998 675 4052 ﬁt
706 4006 784 4060 ut,
828 4009 935 4066 quo
978 3998 1128 4064 prius
1166 3994 1485 4049 fruebamur
1524 3995 1699 4050 oliicio
1722 3996 1832 4065 jam
1869 3997 1967 4065 ipsi
2007 3998 2179 4066 prive-

618 4106 760 4143 mur.
796 4088 1159 4143 Nihilominus
1195 4090 1247 4141 in
1294 4088 1377 4141 his
1407 4089 1545 4142 sicut
1572 4089 1627 4142 in
1657 4090 1863 4142 caeteris
1898 4100 2177 4142 converta-

621 4198 743 4236 mur
807 4183 873 4235 ad
934 4194 1281 4234 communem
1333 4178 1666 4234 Salvatorem
1729 4192 1781 4236 et
1844 4180 2179 4250 adjutorem,

618 4272 877 4326 auxilium
929 4269 1124 4324 exinde
1175 4276 1494 4336 sperantes;
1535 4285 1808 4339 nunquam
1865 4269 2007 4323 enim
2046 4269 2179 4337 abji-

618 4363 809 4418 cienda
833 4376 977 4431 spes,
1004 4375 1127 4415 eum
1163 4362 1369 4414 viscera
1400 4361 1780 4415 misericordia:
1821 4361 1938 4431 ejus
1962 4371 2179 4429 peccata

619 4464 806 4508 nostra
841 4462 1114 4522 superent.
1153 4452 1291 4517 Quid
1334 4462 1514 4504 autem
1557 4452 1791 4506 scribam
1836 4454 1901 4506 de
1932 4467 2188 4523 οοιιιιιιιι--⁸

2280 3264 2540 3333 γράμμα,
2598 3262 2980 3331 μεμαθηκότες
3019 3261 3185 3315 πάλιν
3243 3262 3584 3316 ἐπιτίθεσθαι
3632 3279 3713 3315 σοι
3748 3265 3853 3326 τὰς

2282 3356 2492 3419 νόσους,
2536 3356 2594 3405 οὐ
2631 3353 2788 3421 μόνον
2820 3355 2900 3405 ὃτι
2950 3354 3019 3405 τά
3048 3354 3194 3423 πάθη
3230 3356 3337 3406 τῶν
3366 3354 3569 3407 τέκνων
3616 3354 3723 3407 ῖδια
3762 3355 3853 3422 γι-

2280 3462 2451 3507 νεται,
2506 3442 2622 3497 ἀλλ’
2658 3446 2739 3496 ὅτι
2792 3447 2883 3496 καὶ
2925 3448 3044 3506 ταῖς
3089 3445 3533 3510 άνακυπτούσαις
3562 3447 3781 3515 χρεεαις
3816 3448 3849 3518 ἡ

2283 3540 2350 3607 σὴ
2400 3536 2584 3608 χάριτι
2642 3537 2777 3588 Θεοῦ
2828 3539 3310 3607 ἐξυπηρετουμένη
3366 3541 3604 3602 σύνεσις,
3663 3542 3852 3605 καθώς

2282 3633 2397 3682 ἐστι
2431 3630 2581 3697 φίλον
2612 3633 2674 3700 τῇ
2714 3630 3048 3701 δικαιοσύνῃ,
3077 3630 3169 3682 καὶ
3199 3630 3411 3700 πρέπον
3450 3632 3584 3684 Θεοῦ
3611 3632 3853 3706 λειτουρε

2284 3725 2422 3790 τοῖς,
2465 3724 2556 3776 καὶ
2599 3723 2687 3775 διὰ
2727 3722 2883 3774 τοῦτο
2931 3722 3309 3791 θεραπεύουσα
3358 3725 3416 3776 ού
3468 3725 3681 3796 μικρῶς
3750 3728 3852 3797 τὴν

2285 3813 2620 3867 πολυώδυνον
2658 3814 2812 3881 ἡμῶν
2849 3814 3046 3883 ψυχὴν,
3078 3815 3335 3881 ἐμπόδιον
3364 3816 3472 3882 ἔξει
3507 3817 3606 3888 τὴν
3647 3820 3709 3870 ὲκ
3740 3818 3851 3869 τῶν

2287 3906 2462 3958 πόνων
2514 3908 2735 3975 δχλησιν
2766 3909 2899 3975 πρὸς
2928 3908 3027 3975 τὴν
3054 3908 3308 3976 τοιαύτην
3350 3910 3679 3980 ὑπηρεσίαν,
3707 3910 3763 3976 ἐξ
3787 3906 3847 3963 οὗ

2287 3996 2569 4079 συμϐαίνει
2614 3997 2706 4047 καὶ
2750 3997 2897 4064 ἡμᾶς
2926 3996 3369 4065 ἀποστερεῖσθαι,
3408 3994 3474 4070 ἧς
3500 4000 3850 4070 ἀπελαύομεν

2287 4088 2601 4155 θεραπείαςο
2654 4087 2801 4156 ὅμως
2863 4088 2952 4140 καὶ
2997 4087 3112 4150 νῦν,
3167 4089 3357 4158 ὥσπερ
3402 4092 3459 4143 ἐν
3508 4093 3663 4157 πᾶσι,
3713 4094 3849 4162 πρὸς

2283 4178 2373 4233 τὸν
2414 4178 2589 4233 κοινὸν
2634 4180 2863 4249 Σωτῆρα
2902 4179 2995 4232 καὶ
3027 4179 3218 4249 βοηθὸν
3259 4182 3645 4251 ἀναφέροντες,
3690 4184 3848 4235 ἑλπί-

2286 4272 2454 4341 ζομεν
2490 4274 2673 4339 τυχεῖν
2719 4270 2821 4338 τῆς
2860 4270 3068 4322 ἐκεῖθεν
3108 4272 3472 4341 ἐπικουρίας»
3497 4273 3591 4325 καὶ
3640 4272 3715 4342 μὴ
3746 4275 3847 4341 τῆς

2285 4364 2497 4428 ἐλπίδος
2557 4364 2641 4432 εἴη
2715 4363 3010 4426 διαπεσεῖν,
3079 4366 3107 4415 ὁ
3160 4364 3491 4434 σπλάγχνοις
3540 4364 3851 4435 φιλανθρω-

2286 4459 2415 4521 πίας
2485 4457 2579 4520 τὰς
2625 4455 2780 4527 ἡμῶν
2834 4448 3180 4529 ὑπερϐαίνων
3236 4457 3535 4526 ἁμαρτίας.
3594 4458 3727 4526 Περὶ
3789 4458 3847 4511 δὲ

622 4550 780 4601 uilius
814 4544 1067 4599 Ecclesia:
1100 4544 1397 4599 aerumnis?
1440 4544 1706 4599 Intentius
1738 4544 1857 4609 tibi,
1900 4553 1953 4599 ct
1985 4546 2029 4598 si
2056 4546 2176 4614 quis

2283 4551 2390 4603 τῶν
2428 4550 2623 4603 κοινῶν
2665 4549 2767 4619 τῆς
2820 4549 3154 4619 Ἐκκλησίας
3232 4550 3422 4602 παθῶν
3485 4550 3553 4611 τί,
3593 4551 3793 4619 γράφω
3830 4564 3844 4611 ;

620 4639 759 4692 alius
796 4638 969 4691 fidelis
1004 4646 1061 4690 ct
1112 4635 1267 4692 fortis
1310 4636 1617 4704 divinorum
1671 4650 1954 4701 munerum
2004 4637 2174 4691 bzeres

619 4733 724 4787 est,
753 4726 1065 4778 instandum
1095 4735 1149 4778 et
1182 4726 1468 4793 petendum
1500 4735 1557 4781 ut
1586 4728 1883 4779 secundum
1929 4743 2177 4799 magnam

618 4825 673 4869 et
701 4832 991 4884 perennem
1026 4816 1413 4887 benignitatem
1447 4833 1600 4874 suam
1639 4832 1741 4873 nos
1782 4819 2062 4888 suscipiat.
2100 4817 2177 4872 Ex

620 4908 932 4963 hominibus
960 4909 1103 4964 enim
1138 4924 1237 4965 nec
1273 4910 1514 4964 solamen
1544 4926 1642 4964 nec
1670 4909 1995 4964 solutionem
2028 4911 2181 4965 inve-

516 5070 523 5079 _
618 5002 737 5056 nire
765 5016 1059 5071 possumus
1097 5002 1148 5055 in
1181 5002 1347 5055 tantis
1379 5016 1443 5054 ac
1488 5011 1596 5055 tam
1640 5001 2003 5055 ineﬂ‘abilibus
2033 5002 2177 5054 cala-

618 5094 920 5157 mitatibus.
961 5111 1080 5163 qua:
1114 5094 1353 5163 undique
1379 5094 1642 5148 adversus
1672 5094 1965 5149 Ecclesiam
1996 5094 2179 5148 insur-

617 5195 777 5256 gunt,
820 5195 873 5239 et
914 5195 1130 5255 propter
1176 5195 1395 5256 peccata
1444 5197 1628 5240 nosua
1680 5186 1852 5256 magis
1881 5181 2178 5255 'magiSque

619 5285 884 5346 augentur
932 5286 987 5331 et
1028 5266 1317 5331 hodiedum
1369 5293 1437 5331 ne
1493 5276 1760 5330 tantillum
1809 5276 2031 5345 quidem
2080 5276 2178 5331 de-

619 5381 887 5429 crescunt.

880 5584 1111 5639 CXXIII.
1157 5589 1389 5641 Andreae.
1411 5587 1655 5641 Patrensi
1685 5603 1942 5655 episcopo.

687 5703 819 5767 Qum
864 5702 1069 5755 sanctis
1112 5700 1201 5755 Dei
1252 5703 1505 5758 Ecclesiis
1554 5703 1865 5759 communia
1915 5703 2176 5759 incubant

620 5794 781 5858 mala,
823 5793 1184 5847 humilitatem
1236 5804 1475 5848 nostram
1525 5813 1629 5849 non
1680 5797 1925 5861 laterent,
1961 5796 2172 5853 etiamsi

625 5883 804 5938 nullus
841 5884 906 5940 de
936 5883 1002 5939 iis
1038 5886 1305 5942 scriberet
1349 5895 1444 5943 aut
1471 5889 1634 5943 verbo
1661 5891 1987 5947 mentionem
2024 5893 2168 5947 face-

2284 4644 2479 4715 Στῆναι
2530 4644 2666 4715 πρὸς
2704 4642 2837 4696 Θεὸν
2866 4641 3259 4713 συντονώτερον
3310 4640 3403 4694 καὶ
3445 4642 3502 4694 σὲ
3547 4643 3639 4694 καὶ
3666 4643 3721 4695 ετ
3762 4657 3845 4705 τις

2282 4739 2466 4807 ἕτερος
2514 4737 2699 4806 θεῖκῆς
2764 4736 2884 4788 ἐστι
2950 4734 3259 4805 παρρησίας
3330 4733 3686 4804 κληρονόμος,
3752 4734 3847 4791 καὶ

2288 4830 2469 4880 πεῖσαι
2513 4826 2674 4879 αὐτὸν
2730 4824 3212 4879 συναντιλαδέσθαι
3251 4826 3394 4879 κατᾶ
3443 4825 3539 4897 τὴν
3601 4826 3844 4897 μεγάλην

2283 4921 2446 4973 αὐτοῦ
2479 4920 2571 4972 καὶ
2600 4917 3280 4990 ἀνεξιχνίαστονοσύνεσιν.
3314 4922 3386 4972 Οὐ
3443 4921 3552 4989 γὰρ
3584 4919 3735 4972 ἔστιν
3784 4918 3844 4984 ἐξ
3922 4911 3929 4917 ’

2282 5012 2583 5083 ἀνθρώπων
2628 5014 2806 5083 εὑρεῖν
2856 5012 3201 5083 παραμύθιον
3238 5012 3354 5065 οὐδὲ
3387 5010 3538 5066 λύσιν
3574 5014 3672 5083 τῆς
3717 5028 3844 5065 τοσο

2286 5104 2455 5173 αύτης
2489 5104 2582 5155 καὶ
2622 5105 2976 5173 ἀνιστορήτου
3023 5104 3162 5157 κατά
3180 5104 3278 5170 τῆς
3335 5103 3661 5173 Ἐκκλησίας
3706 5103 3839 5155 ἐπα·

2281 5197 2554 5263 vocarim;
2616 5196 2884 5266 ἐπηρείας
2944 5213 2999 5247 τε
3067 5197 3159 5248 καὶ
3208 5193 3527 5258 κακώσεως,
3589 5196 3682 5247 καὶ
3750 5196 3837 5248 ἀεὶ

2287 5291 2382 5359 μὲν
2414 5288 2720 5359 αὐξομένης
2766 5288 2855 5341 διὰ
2899 5288 2996 5350 τάς
3028 5290 3305 5359 ἁμαρτίας
3352 5287 3527 5357 ἡμῶν,
3575 5288 3839 5356 συστολὴν

2280 5383 2337 5435 δὲ
2393 5381 2549 5452 μέχρι
2587 5380 2685 5452 ,καὶ
2735 5384 2974 5452 σήμερον
3005 5382 3123 5434 οὐδὲ
3166 5380 3224 5432 τὸ
3267 5380 3605 5451 βραχύτατον
3637 5380 3836 5434 ἐπιδει-

2282 5471 2570 5539 κνυούσης.

2666 5587 2835 5643 PKF'.
2877 5588 3113 5656 Ἀνδρέᾳ
3146 5587 3411 5651 Πατρῶν.

2348 5702 2427 5756 Τὰ
2454 5703 2644 5767 κοινῶς
2670 5703 3047 5773 ἐπιτιθέμενα,
3078 5680 3269 5756 τέδινον
3314 5701 3493 5771 ἡμῶν,
3537 5700 3681 5755 κακᾶ
3713 5702 3828 5764 ταῖς

2278 5796 2462 5865 ἁγίαις
2507 5797 2597 5849 τοῦ
2630 5796 2766 5849 Θεοῦ
2805 5794 3179 5863 Ἐκκλησίαις,
3234 5794 3338 5847 κᾶν
3383 5792 3575 5862 μηδεὶς
3626 5796 3654 5847 ὁ
3692 5797 3825 5867 γρά-

2279 5908 2391 5959 φων
2454 5888 2509 5960 ᾗ,
2555 5909 2628 5961 μη
2677 5891 2728 5942 δὲ
2775 5888 2850 5959 τῷ
2903 5889 3042 5959 λόγῳ
3103 5889 3234 5959 δῆλα
3296 5887 3470 5942 ταῦτα
3529 5892 3719 5957 ποιῶν,
3765 5889 3824 5941 οὐ
