4038 6354
219 277 310 341 845

1616 279 2024 340 ΕΡῑδΤΟιιΕ.

3281 281 3384 344 3I6

213 386 301 456 τὴν
350 379 668 449 Ἐκκλησίαν
698 380 963 437 κατέλαϐε
1002 384 1091 439 διά
1146 384 1241 439 τοῦ
1288 382 1578 455 προδοῦναι
1601 388 1720 441 τού-

1833 398 1981 457 sunt,
2013 398 2069 445 et
2094 389 2379 459 patiuntur
2421 386 2576 443 dictae
2602 387 2827 444 rationis
2869 400 3031 443 causa
3058 387 3123 445 ad
3173 391 3385 446 miseri-

211 492 320 538 τους
360 472 451 541 τὴν
485 471 585 540 τῆς
611 470 939 542 Ἐκκλησίας
983 476 1339 541 κατάστασιν,
1389 476 1588 547 μᾶλλον
1647 478 1730 531 δι-

210 567 359 629 κιίως
391 562 665 633 νομίζουσι
690 564 1101 634 προτεινόντων,
1130 566 1224 619 καὶ
1267 566 1328 620 οὐ
1362 569 1523 638 μόνον
1550 569 1613 621 οὐ
1639 585 1728 622 τα-

211 654 574 722 πεινουμένων,
615 654 750 709 ἀλλά
780 658 876 709 καὶ
901 657 1077 725 ὀφρὺν
1106 658 1465 725 έπαιρόντων.
1492 661 1615 712 Τῶν
1670 660 1730 714 δέ

207 746 332 814 ὑπᾶρ
372 744 470 812 τῆς
492 743 958 814 ἐκκλησιαστικῆς
984 745 1243 811 εὐταξίας
1282 748 1435 804 δεινά
1463 750 1729 804 πεπονθό-

206 852 319 898 των,
354 834 444 887 καὶ
482 832 658 898 άλλως
709 836 809 906 μὲν
859 836 1331 908 σκληρυνομένων,
1388 841 1619 911 μάλιστα
1670 842 1727 894 δὲ

202 924 264 979 δι’
282 927 345 997 ῆν
374 925 505 996 ἔφην
536 927 717 981 αἰτίαν
745 927 991 996 εὐλόγως
1018 928 1418 985 ἀποκλειόντων
1445 931 1631 994 αὐτοῖς
1657 931 1728 984 τά

203 1012 460 1086 σπλάγχνα
507 1018 612 1087 τῆς
654 1018 1020 1089 συμπαθείας,
1063 1021 1145 1084 είς
1201 1020 1441 1093 ἀπορίαν
1492 1020 1726 1091 ισχάτην

198 1106 507 1174 καθέστηκα.
535 1106 630 1160 καὶ
660 1108 863 1178 μεταξὺ
889 1108 1114 1164 έκείνων
1151 1126 1210 1162 τε
1236 1109 1335 1164 καὶ
1366 1110 1577 1164 τούτων
1612 1108 1722 1164 ῶσ-

197 1213 289 1267 περ
308 1199 364 1249 ὲν
391 1195 739 1270 ἀδιεξοδεύτῳ
778 1198 1007 1267 πελάγει
1035 1199 1387 1270 χειμάζομαι,
1438 1200 1573 1271 πρὸς
1634 1202 1724 1271 μό-

193 1304 280 1358 νην
301 1285 517 1358 ἀφορῶν
550 1288 649 1359 τὴν
677 1289 827 1343 θείαν
855 1290 1111 1360 πρόνοιάν
1158 1308 1215 1345 τε
1245 1293 1339 1347 καὶ
1370 1294 1718 1365 κυϐέρνησιν,

192 1377 275 1431 καὶ
318 1374 411 1447 τὴν
468 1377 680 1432 έκεῖθεν
736 1378 1020 1449 ἀναμένων
1077 1379 1345 1452 βοήθειαν.
1394 1382 1489 1437 ἀτε
1538 1383 1719 1452 πάσης

189 1465 517 1535 ἀνθρωπίνης
543 1467 823 1538 περινοίας
852 1470 934 1533 είς
961 1472 1024 1523 τδ
1060 1469 1262 1541 ἄπορον
1286 1470 1713 1541 καθισταμένης.

188 1554 254 1608 τδ
308 1555 414 1627 γάρ
467 1558 789 1613 καταλιπεῖν
844 1560 977 1625 τοὺς
1023 1562 1282 1627 οἰκείους,
1314 1564 1408 1615 καὶ
1442 1560 1582 1630 μετά
1611 1561 1719 1615 τῶν

191 1646 310 1708 τέως
345 1648 907 1718 έναντίωνγενέσθαι,
938 1653 1245 1722 ἀμήχανονε
1304 1651 1402 1725 καὶ
1436 1650 1573 1722 μετά
1625 1649 1718 1704 τοῦ

1834 481 2075 536 cordiarn
2103 481 2441 552 moveri§non
2460 489 2686 550 possunt
2705 497 2721 543 ;
2743 480 2824 536 sic
2846 480 3156 550 ingentibus
3168 496 3385 551 premor

1831 572 2118 643 angustiis,
2139 573 2239 626 hos
2263 571 2401 626 inter
2415 580 2469 627 et
2494 570 2615 626 illos
2635 570 2799 625 veluti
2819 573 2872 626 in
2892 572 3199 643 procelloso
3211 573 3385 641 iactor

1832 662 1992 729 mari,
2028 662 2094 717 ad
2131 660 2304 717 solam
2348 661 2584 716 divinam
2625 661 2864 715 intentus
2894 662 3298 717 Providentiam
3332 674 3387 719 et

1832 753 2278 825 gubernationem
2310 766 2710 823 supernumque
2744 751 2990 806 humanii
3010 753 3203 808 consili
3230 753 3388 820 plane

1832 843 1989 913 inops
2030 851 2285 912 exspecto
2338 840 2623 897 auxilium.
2659 841 2921 912 Proprias
2962 843 3106 897 enim
3147 844 3387 899 derelin-

1830 948 2001 1004 quere
2045 941 2100 988 et
2148 934 2215 987 ad
2248 932 2590 988 adversarios
2635 935 2870 989 transire
2913 949 3019 989 non
3062 950 3380 1004 possumus;

1832 1024 1936 1079 etsi
1956 1037 2043 1078 res
2065 1022 2182 1078 fieri
2211 1031 2414 1093 posset.
2443 1023 2666 1077 omnino
2688 1033 2862 1078 tamen
2887 1025 3181 1080 absurdum
3213 1025 3382 1093 foret;

1832 1111 1911 1167 illi
1952 1109 2098 1167 enim
2127 1109 2331 1164 nostris
2366 1123 2471 1165 non
2504 1110 2725 1164 adorent
2754 1111 2955 1175 verbis,
3002 1121 3057 1166 et
3093 1127 3219 1167 cum
3260 1112 3382 1167 aliis

1829 1202 2145 1259 societatem
2168 1201 2303 1255 inire
2324 1210 2659 1256 recusarent.
2682 1199 2823 1267 Quid
2846 1201 3011 1271 igitur
3034 1202 3340 1258 faciendum
3358 1201 3384 1255 ῖ

1832 1290 2047 1346 Sanctis
2072 1288 2322 1360 precibus
2350 1290 2546 1346 vestris
2572 1287 2870 1344 ferventius
2916 1288 3179 1345 intentius
3231 1290 3379 1343 illum

1828 1380 2110 1444 adeamus.
2152 1379 2246 1449 qui
2274 1369 2568 1436 Ecelesiam
2596 1394 2697 1434 suo
2728 1380 2992 1451 sanguine
3020 1379 3282 1442 fundavit.
3322 1389 3381 1435 ut

1828 1470 2189 1541 investigabili
2231 1470 2471 1527 scientia
2511 1478 2567 1526 et
2614 1470 2894 1541 sapientiae
2950 1470 3036 1527 via
3091 1487 3278 1527 onmes
3322 1472 3378 1525 in

1826 1575 1989 1613 unum
2033 1558 2341 1629 compellat.
2376 1557 2523 1614 Idem
2574 1559 2724 1637 dare.
2746 1568 2925 1630 potest
2953 1558 3118 1613 tantis
3156 1572 3188 1613 e
3225 1557 3379 1611 malis

1826 1648 2232 1714 liberationem,
2295 1659 2486 1704 contra
2541 1666 2661 1721 qua:
2701 1658 2923 1719 propter
2968 1645 3266 1705 certamina
3326 1654 3382 1700 et

186 1736 472 1806 ἀμηχάνου,
506 1740 787 1804 παντελῶς
833 1741 1055 1796 ἄτοπον.
1098 1743 1171 1796 Τὸ
1209 1742 1266 1797 δι
1305 1742 1382 1813 μὴ
1436 1742 1718 1813 βούλεσθαι

1823 1738 1969 1796 rixas
2000 1738 2184 1795 omnia
2206 1739 2487 1795 hominum
2518 1740 2758 1794 remedia
2792 1753 2932 1793 vana
2967 1737 3143 1793 video.

185 1825 330 1879 πάλιν
364 1824 587 1890 τούτους
642 1828 722 1899 τῷ
765 1831 1016 1907 ἡμετέρῳ
1075 1832 1357 1886 πείθεσθαι
1399 1831 1564 1902 λόγῳ,
1610 1831 1725 1900 τῆς.
1750 1829 1886 1901 πρὸς
1949 1828 2192 1895 εκείνους
2249 1828 2504 1900 ἀπείργει
2547 1829 2641 1882 καὶ
2707 1828 2782 1899 μὴ
2818 1827 3173 1907 βουλομένους
3196 1826 3381 1898 ινότη-

181 1927 279 1978 τος.
307 1914 372 1969 Τί
418 1915 516 1971 οὖν
563 1916 646 1971 δεῖ
679 1922 852 1973 ποιεῖν
885 1936 903 1987 ς
937 1905 1011 1973 Ἦ
1044 1924 1425 1995 ικτενέστερον
1471 1922 1564 1978 διὰ
1634 1922 1743 1976 τῶν
1779 1922 1939 1976 ὁσίων
1997 1920 2155 1991 ὑμῶν
2206 1921 2382 1991 εὐχῶν
2466 1921 2788 1987 δυσωπῆσαι
2852 1905 2947 1975 τὸν
2993 1921 3087 1976 hri.
3129 1922 3211 1993 τῷ
3255 1922 3373 1992 ἰδίῳ

179 2006 355 2077 αἵματι
382 2007 487 2078 τὴν
507 2008 672 2062 αὑτοῦ
714 2010 1042 2081 Ἐκκλησίαν
1068 2012 1478 2083 θεμελιώσαντα
1544 2011 1876 2091 συμόιόάσαι
1940 2012 2146 2073 πάντας
2169 2013 2237 2081 τῇ
2281 2010 2678 2083 ἀνεξιχνιάστῳ
2733 2010 2899 2065 αὐτοῦ
2943 2011 3040 2066 καὶ
3072 2012 3365 2087 ὑπερσόφῳ

181 2097 531 2161 συνέσει,”καὶ
560 2100 637 2161 ὠς
679 2101 843 2164 αὐτὸς
913 2102 1204 2157 ἀπίσταται
1261 2102 1359 2157 τοῦ
1430 2094 1686 2157 τοσούτου
1746 2099 1920 2154 κακοῦ
1979 2101 2079 2170 τὴν
2127 2100 2284 2155 λύσιν
2312 2104 2639 2173 παρασχεῖν,
2690 2100 2765 2165 ὡς
2809 2102 2879 2156 τά
2932 2117 2998 2171 γε
3052 2101 3376 2175 ἀνθρώπινα

178 2187 342 2239 πάντα
382 2185 501 2257 όρῶ
543 2185 827 2259 ἡττώμενα
872 2189 972 2260 τῆς
1008 2190 1190 2243 αὐτῶν
1232 2189 1561 2259 φιλονεικίας
1615 2188 1712 2242 καὶ⁸
1748 2187 2142 2258 προαιρέσεως.
2540 2205 2546 2210 ·

237 2303 406 2360 ΡκΖο.
446 2298 659 2355 Λέοντι
696 2303 1010 2426 σπαθαίῖίῳ
1057 2303 1155 2358 καί
1201 2302 1373 2373 κριτῇ
1408 2304 1725 2372 Παφλαγο-

535 2406 538 2411 ι
884 2390 922 2426 ν
948 2390 1043 2426 ac.

535 2406 538 2411 ι
884 2390 1043 2440 νίας.

243 2468 411 2524 Οὐδέν
466 2466 614 2523 οὕτω
659 2466 833 2537 δῶρον
861 2466 962 2536 ἡδὺ
992 2468 1106 2531 τοῖς
1138 2465 1440 2536 ήνωμένοις
1476 2467 1543 2536 τῇ
1579 2464 1722 2519 κατά

180 2559 303 2613 Θεὸν
332 2547 548 2630 ἀγάπη,
577 2560 761 2611 ὁποῖον
792 2557 854 2610 τὸ
885 2556 1012 2619 τοὺς
1044 2555 1377 2625 ἀγαπῶντας
1413 2554 1717 2624 ἀναμαθεῖν

170 2651 269 2704 τῶν
310 2649 715 2721 ἀγαπωμένων
764 2646 863 2720 τὴν
919 2647 1223 2720 εὐετηρίαν.
1278 2646 1466 2715 Τούτῳ
1520 2645 1585 2717 δὴ
1638 2643 1716 2714 τῷ

170 2742 432 2813 καλλίστῳ
492 2742 651 2813 δώρῳ
703 2739 797 2794 καὶ
834 2737 1104 2810 ήδυτάτῳ,
1138 2739 1235 2794 καὶ
1273 2737 1578 2809 ἡδύνθημεν
1620 2737 1716 2791 καὶ

168 2832 497 2903 ἠδυνάμεθα,
539 2835 632 2886 καὶ
694 2831 928 2902 δεόμεθα
954 2830 1052 2885 τοῦ
1098 2830 1235 2884 Θεοῦ
1293 2831 1563 2903 μηδέποτε
1616 2829 1716 2899 τὴν

168 2926 415 2996 τοιαύτην
446 2925 663 2995 οὴδονὴν
716 2922 1015 2993 ἐπιλείψειν
1064 2924 1233 2994 ἡμᾶς.
1274 2922 1437 2977 Ἥδέα
1484 2922 1540 2975 δὲ
1585 2922 1715 2991 ἡμῖν

167 3017 251 3068 καὶ
279 3016 315 3070 ἀ
351 3016 696 3070 πλεονεκτῶν
731 3013 800 3068 τὰ
858 3012 1130 3085 προόάτια
1186 3013 1337 3085 δῶρα
1368 3012 1711 3074 ἀπέστειλας,

1821 2298 2086 2357 CXXVII.
2140 2298 2302 2357 Leoni
2352 2302 2624 2371 spathario
2668 2312 2717 2356 et
2763 2301 3147 2373 Paphlagonia
3183 2302 3379 2373 iudici.

1887 2464 2273 2521 Dulcissimum
2318 2464 2371 2519 id
2419 2465 2636 2520 videtur
2676 2480 2879 2521 munus
2928 2465 3036 2520 illis
3065 2465 3382 2539 qui-divino

1816 2552 2103 2609 charitatis
2135 2551 2355 2608 vinculo
2374 2552 2701 2624 junguntur,
2746 2554 2906 2624 cujus
2933 2555 3091 2610 venia
3132 2565 3383 2610 amantes

1812 2655 2114 2701 amatorum
2150 2644 2461 2699 felicitatem
2502 2646 2708 2716 experti
2755 2654 2885 2701 sunt
2927 2646 3076 2703 :boc
3112 2648 3256 2702 enim
3300 2648 3383 2701 lo-

1812 2736 2063 2806 cupletati
2122 2752 2347 2792 munere
2389 2736 2756 2807 jucundamur
2812 2739 3046 2794 invicem
3106 2747 3162 2794 et
3212 2739 3378 2794 Deum

1812 2828 2190 2897 deprecamur,
2227 2844 2295 2883 ne
2322 2844 2559 2898 unquam
2618 2831 2706 2885 illa
2753 2846 2781 2885 a
2830 2830 2990 2885 nobis
3030 2830 3249 2885 recedat
3287 2829 3379 2898 ju-

1814 2918 2085 2975 cunditas.
2126 2919 2255 2986 Quae
2283 2935 2443 2989 porro
2477 2921 2848 2977 munificentia
2880 2920 3040 2975 nobis
3078 2920 3226 2974 misit
3258 2936 3380 2977 inu-

1816 3026 1945 3065 nera
1976 3011 2156 3074 ovilla,
2189 3009 2409 3065 fuerunt
2438 3027 2590 3079 teque
2618 3010 2818 3066 dulcia.
2850 3011 3045 3065 Annon
3076 3011 3243 3065 nimia
3278 3011 3376 3067 tibi

165 3108 255 3161 καὶ
291 3106 472 3163 ταῦτα
505 3106 699 3178 κριτὴς
729 3104 806 3158 ὣν
862 3082 958 3159 καὶ
985 3104 1084 3173 τὴν
1139 3082 1454 3169 πλεονεξίαν
1487 3103 1717 3171 ὀφείλων

1823 3102 2033 3158 videtur
2081 3102 2383 3173 benignitas
2429 3117 2559 3157 oves
2605 3102 2717 3158 fetu
2772 3102 2990 3168 orbari,
3040 3110 3101 3157 ut
3154 3117 3262 3157 non
3321 3112 3379 3155 tu

162 3197 397 3253 διώκειν.
442 3198 518 3251 Ἢ
541 3198 602 3250 ού
626 3196 775 3251 δοκεῖ
809 3211 893 3277 σοι
926 3195 1273 3249 πλεονεκτεῖν
1300 3195 1362 3249 τὸ
1388 3194 1516 3258 τοὺς
1547 3194 1717 3264 ἄρνας

162 3294 361 3361 τροφῆς
388 3289 746 3359 ἀποστερεῖν,
793 3287 881 3341 ῖνα
911 3286 985 3357 μὴ
1028 3286 1191 3357 μόνον
1229 3286 1294 3340 σὺ
1325 3288 1558 3358 τρυφᾷς,
1584 3285 1721 3339 ἀλλὰ

163 3382 250 3433 καὶ
300 3384 416 3444 τοῖς
472 3379 648 3449 φίλοις
692 3378 940 3448 παρέχῃς
978 3377 1289 3449 συντρυφᾷν
1324 3393 1339 3442 ;
1380 3376 1533 3445 Πλὴν
1585 3375 1722 3429 ἀλλὰ

165 3473 253 3526 σοῦ
272 3489 335 3541 γε
358 3474 555 3526 ινεκεν
586 3471 758 3541 ἡδέως
781 3468 1102 3539 ἑδεξοὶμεθα·
1139 3470 1203 3523 σὺ
1234 3469 1293 3522 δὲ
1316 3470 1418 3539 ὅρα
1451 3468 1600 3531 ὅπως
1622 3467 1718 3521 καὶ

162 3564 256 3633 τὴν
288 3565 526 3618 ἐκείνων
566 3562 881 3626 πλεονεξίαν
911 3562 1307 3631 παραμυθήσῃ,
1354 3561 1445 3615 καὶ
1473 3560 1599 3623 τοὺς
1631 3558 1720 3627 φί-

159 3654 280 3717 λους
306 3658 425 3720 τοῖς
454 3654 721 3718 τοιούτοις
756 3652 951 3725 δώροις
985 3651 1064 3725 μὴ
1091 3652 1375 3724 διαλείπῃς
1403 3649 1719 3723 φιλοτιμού-

162 3762 342 3815 μενος.

510 3836 691 3891 Ριιηι.
723 3833 1018 3901 Buculeio)
1055 3833 1334 3899 mam.

224 3952 339 4006 Καὶ
363 3951 475 4022 τῆς
505 3949 643 4020 πρὸς
675 3950 823 4020 ἡμᾶς
866 3948 1235 4019 συμπαθείας,
1275 3947 1344 4019 ἢν
1391 3944 1530 4000 ὥστε
1584 3945 1719 4016 μηδι

1822 3198 1973 3251 solus
2010 3195 2219 3250 deliciis
2237 3194 2444 3259 aﬂInas,
2482 3196 2576 3250 sed
2607 3203 2662 3251 et
2704 3196 3006 3249 amicorum
3045 3193 3257 3249 deliciis
3299 3192 3381 3245 in-

1821 3288 2061 3342 servias?
2110 3286 2254 3357 quod
2292 3294 2471 3341 tamen
2517 3302 2625 3341 non
2662 3285 2873 3342 obstitit
2912 3284 3042 3354 quin
3082 3284 3161 3339 tui
3213 3298 3378 3338 causa

1820 3393 1942 3433 eum
1973 3381 2201 3433 maxima
2230 3378 2504 3449 voluptate
2531 3378 2936 3448 acceperimus;
2961 3375 3057 3430 tibi
3078 3382 3261 3429 autem
3297 3375 3382 3427 in-

1820 3469 2118 3537 quirendus
2170 3478 2254 3524 est
2306 3469 2536 3532 modus.
2604 3483 2713 3541 quo
2773 3467 3058 3523 avaritiam
3114 3475 3377 3533 conlegas

1821 3569 1875 3625 et
1902 3560 2108 3618 amicos
2148 3560 2421 3618 similibus
2452 3560 2611 3618 donis
2656 3574 2934 3630 nunquam
2965 3556 3238 3629 percolere
3276 3554 3376 3611 de-

1820 3666 1995 3709 SIlIaS.
3382 3666 3385 3669 ν

2143 3855 2430 3914 CXXVIII.
2468 3857 2670 3912 Basilio
2702 3854 3030 3941 Chaldiensi.

1890 3965 2049 4033 Quod
2106 3964 2339 4034 benigne
2378 3963 2555 4030 nobis,
2633 3953 2687 4019 et
2752 3962 3067 4033 priusquam
3136 3954 3373 4013 infausta

156 4044 454 4099 θλίσουσαν
491 4041 829 4110 ἀπαγγελίαν
858 4044 937 4105 είς
962 4041 1133 4104 ἀκοὰς
1160 4040 1322 4111 ἡμῶν
1366 4039 1542 4094 ἐλθεῖν
1592 4039 1717 4092 ῑθου

1823 4058 2011 4112 nuntia
2040 4055 2108 4110 ad
2148 4070 2310 4111 aures
2352 4062 2569 4111 nostras
2597 4063 2977 4124 pervenerant,
3012 4047 3373 4104 manifestnsti

156 4136 243 4189 διὰ
276 4134 566 4207 προνοίας,
598 4137 657 4188 ὲν
701 4134 922 4204 μεγάλῳ
970 4134 1124 4204 μέρει
1172 4132 1441 4201 ἀποδοχῆς
1490 4132 1720 4201 πεποιή-

1826 4146 2082 4203 ειηίοἰιίτε
2132 4146 2328 4201 indicia
2354 4160 2613 4216 perquam
2648 4152 2861 4215 gratum
2901 4142 3059 4197 nobis
3088 4138 3209 4195 fuit.
3236 4136 3372 4194 Cum

160 4225 324 4293 μεθα,
368 4225 471 4280 καὶ
497 4224 596 4288 τὰς
634 4224 902 4295 ὑμετέρας
932 4225 990 4278 δι
1036 4224 1355 4293 ἀλγηδόνας,
1404 4224 1472 4288 ἃς
1512 4218 1664 4288 οὗτος
1691 4224 1720 4277 ό

1823 4248 2001 4294 autem
2038 4247 2159 4292 tuos
2194 4236 2552 4291 adversitates
2597 4235 2908 4299 didicimus,
2940 4244 3081 4302 quos
3120 4230 3373 4285 acerbum

156 4315 356 4384 πικρὸς
416 4316 615 4385 καιρὸς
662 4315 757 4368 καὶ
823 4313 1042 4385 πλήρης
1098 4314 1237 4376 ὅλως
1304 4313 1413 4367 τῶν
1491 4312 1718 4383 θλίψεων

1823 4330 1926 4385 hoc
1944 4338 1998 4384 et
2018 4328 2195 4384 omnis
2225 4326 2438 4400 generis
2475 4324 2919 4380 tribulationibus
2947 4320 3204 4378 refertum
3239 4328 3345 4374 tem
3372 4355 3376 4360 -

152 4406 287 4474 ἡμῖν
344 4407 653 4477 ἐπεγείρει,
706 4407 765 4459 έν
817 4403 976 4476 ὀδύνῃ
1039 4404 1266 4474 καρδίας
1338 4403 1719 4474 μεμαθηκότες

1823 4437 1922 4491 pus
1937 4420 2205 4492 producit.
2222 4422 2275 4475 in
2292 4418 2471 4474 cordis
2489 4420 2799 4474 maestitiam
2821 4416 3125 4471 incidimus.
3141 4411 3229 4468 Uti
3247 4425 3378 4466 vero

154 4496 508 4567 ὑπέστημεν.
546 4497 655 4550 Καὶ
690 4496 857 4565 πολλῇ
915 4494 1272 4565 συσχεθέντες
1302 4494 1605 4566 ἀμηχανίᾳ,
1641 4495 1718 4558 ὡς

151 4592 210 4641 έν
254 4588 516 4659 ἀπόροις,
551 4588 767 4659 πρῶτον
796 4588 894 4657 μὲν
929 4587 1007 4655 τῷ
1048 4585 1307 4657 κηδεμόνι
1364 4587 1459 4639 καὶ
1509 4587 1719 4656 Σωτῆρι

156 4679 255 4747 τὴν
285 4679 483 4750 κοινὴν
510 4679 891 4746 ἀνηνέγκαμεν
926 4676 1175 4747 συνοχὴν,
1204 4676 1296 4729 καὶ
1329 4676 1489 4730 αὑτὸν
1524 4676 1717 4746 ἑξῃτη-

156 4771 405 4841 σάμεθα,
437 4770 470 4840 ἢ
511 4769 694 4822 δοῦναι
744 4768 855 4821 τῶν
900 4768 1233 4838 συνεχόντων
1268 4766 1368 4839 τὴν
1400 4765 1573 4831 λύσιν,
1606 4764 1638 4835 ἢ
1670 4766 1720 4817 εί

156 4866 231 4932 μὴ
266 4862 435 4916 τοῦτο
468 4856 728 4930 βούλοιτο,
756 4855 838 4922 οἷς
860 4858 1146 4912 ἐπίσταται
1171 4857 1524 4927 δικαιεῦμασι,
1546 4874 1720 4928 παραο

154 4956 308 5024 σχεῖν
362 4952 651 5023 ὑπομονὴν
687 4953 872 5021 φέρειν
902 4951 1264 5021 εὐχαρίστως,
1297 4949 1438 5003 ὥστε
1473 4950 1548 5019 μὴ
1582 4949 1721 5017 μετά

152 5045 249 5099 τοῦ
288 5045 533 5115 πάσχειν
563 5039 651 5097 οἷα
680 5045 984 5112 πάσχομεν.
1011 5043 1107 5097 καὶ
1145 5043 1254 5095 τῶν
1302 5042 1400 5111 τῆς
1442 5041 1721 5111 ὑπομονῆς

150 5138 422 5190 ἐκπεσεῖν
479 5135 824 5190 ἀντιδόσεων.
871 5132 1035 5187 Ἀλλά
1064 5132 1242 5186 ταῦτα
1288 5134 1387 5202 μὲν
1434 5134 1571 5203 πρὸς
1628 5132 1717 5187 τὸν

149 5228 549 5296 φιλάνθρωπον
598 5224 897 5292 Δεσπότηνο
954 5224 1148 5277 ἔπειτα
1182 5224 1365 5277 δὲκαὶ
1414 5225 1536 5277 ὅσον
1589 5225 1720 5294 ἡμῖν

146 5318 385 5372 δυνατὸν
429 5318 494 5371 ἐκ
532 5318 630 5386 τῆς
663 5319 720 5369 ὲν
748 5316 940 5385 κόσμῳ
982 5315 1232 5384 βοηθείας
1266 5317 1449 5369 ἄνεσιν
1504 5299 1720 5385 ἐπινοή-

148 5411 353 5464 σασοαι
403 5410 554 5476 ὑμῖν,
608 5407 726 5460 οὐδὲ
774 5406 914 5475 αὕτη
959 5407 1017 5457 ὲν
1056 5406 1313 5477 ὀλιγωρίᾳ
1364 5407 1718 5477 ἀπέρριπται,

149 5502 267 5555 ἀλλ’
296 5500 629 5572 ᾐτησάμεθα
670 5500 746 5562 τῷ
774 5499 1062 5569 στρατηγῷ
1087 5500 1362 5568 γραφῆναι
1396 5500 1521 5561 τοὺς
1543 5500 1719 5551 ἐπιτι-

151 5593 428 5658 θεμένους
472 5596 590 5652 ταῖς
645 5592 737 5643 τοῦ
772 5590 905 5643 Θεοῦ
962 5589 1307 5659 Ἐκκλησὶαις
1374 5590 1719 5641 ἀναστέλλειν

158 5685 256 5753 τῆς
292 5682 615 5747 ἐπιθέσεως,
645 5685 695 5735 αἱ
727 5682 778 5735 δὲ
801 5680 929 5749 τῶν,
952 5679 1027 5743 ὡς
1055 5681 1207 5752 ἔφης,
1229 5681 1516 5751 αἱρετικῶν
1548 5683 1723 5747 γλωσ-

1820 4511 2057 4566 solemus
2108 4508 2286 4563 facere
2312 4508 2365 4561 in
2404 4506 2689 4575 angustiis,
2714 4516 3057 4560 communem
3078 4513 3375 4556 arumnam

1820 4602 1996 4672 primo
2052 4599 2341 4655 retulimus
2386 4596 2456 4651 ad
2508 4604 2872 4666 protectorem
2926 4600 2983 4649 et
3044 4590 3374 4645 Salvatoretn

1819 4693 2085 4755 omnium,
2132 4691 2314 4761 ipsum
2344 4688 2698 4759 deprecantes
2742 4693 2801 4742 ut
2834 4700 2934 4740 nos
2987 4685 3032 4750 ε]
3059 4682 3216 4737 malis
3243 4679 3377 4734 libe-

1823 4792 1927 4849 ret,
1966 4783 2073 4845 vel.
2106 4783 2151 4838 si
2175 4781 2359 4843 nollet,
2380 4780 2534 4850 juxta
2564 4778 2899 4849 beneplacita
2932 4784 2986 4831 et
3006 4772 3213 4843 judicia
3244 4786 3369 4835 sua,

1821 4873 2268 4945 patientiam,.ad
2307 4872 2446 4926 mala
2499 4887 2623 4925 cum
2669 4870 2964 4939 gratiarum
3016 4865 3227 4919 actione
3264 4852 3409 4931 per?

1821 4967 2062 5028 ferenda.
2101 4966 2260 5021 nobis
2299 4965 2603 5031 tribueret;
2630 4978 2696 5017 ne
2720 4962 2903 5016 forsan
2953 4960 3079 5013 dum
3118 4957 3393 5039 patimur,

1821 5057 2091 5128 patientia:
2147 5056 2644 5111 remunerationem
2712 5052 3111 5106 amitteremus.
3177 5046 3379 5101 Deinde

1822 5157 1984 5219 prout
2013 5152 2293 5219 potuimus
2320 5147 2697 5201 remissionem
2728 5141 3017 5213 quamdam
3058 5155 3123 5193 ex
3154 5137 3378 5193 saecula-

1823 5240 1975 5293 ribus
2021 5238 2241 5293 auxiliis
2284 5250 2602 5304 comparare
2646 5234 2997 5295 intendimus,
3035 5227 3179 5284 haud
3226 5241 3376 5294 sper-

1824 5332 2057 5386 nendam
2084 5370 2099 5396 ,
2149 5331 2240 5384 sed
2287 5330 2518 5384 militum
2557 5326 2751 5382 ducem
2804 5322 3110 5396 rogavimus
3153 5329 3213 5375 ut
3258 5320 3376 5375 suis

1824 5424 2083 5476 scriberet
2142 5422 2402 5490 subjectis
2473 5430 2525 5475 ct
2588 5418 2924 5491 superposita
2980 5413 3072 5469 Dei
3124 5412 3377 5468 ECCIt’SiIS

1824 5508 2080 5563 auferret.
2112 5509 2184 5563 De
2219 5510 2488 5578 perversis
2518 5520 2695 5562 autem
2727 5507 3105 5561 haereticorum
3131 5504 3375 5571 Linguis.

1826 5601 1904 5655 uti
1956 5602 2205 5663 mandas,
2239 5616 2341 5654 non
2380 5608 2461 5653 est
2490 5599 2801 5660 dolendum,
2833 5597 2959 5666 quia
3005 5598 3163 5650 homo
3197 5592 3284 5645 Dei
3315 5606 3376 5648 es

1826 5700 1877 5745 ct
1910 5688 1975 5743 ab
2011 5688 2162 5744 initio
2209 5688 2414 5759 legibus
2456 5688 2621 5757 ipsius
2671 5685 2859 5742 scdulo
2890 5684 3155 5742 obcdiisti.
3197 5683 3373 5750 Quare
