4038 6354
650 277 750 339 351

1755 297 2063 358 NICOLAI
2101 301 2211 362 ΟΡ.
2250 303 2763 366 ΡΑΤΒΙΛΒΟΠΛΞ

3771 310 3871 372 352

649 400 826 457 ignem
910 389 1243 448 incedentes.
1306 395 1431 452 Iltec
1484 399 1610 453 dum
1677 412 1914 460 mentem
1964 409 2220 476 subeunt,

2325 412 2418 466 καὶ
2440 413 2734 483 ,στομάτων
2789 413 2994 484 θηρίων
3023 414 3155 468 Θεοῦ
3208 416 3474 486 ῥυομένου
3518 417 3874 488 θεράποντας.

651 493 849 546 magno
883 482 1011 535 mihi
1040 492 1165 538 sunt
1213 485 1410 542 solatio
1433 496 1486 544 et
1515 492 1756 548 animum
1787 497 2040 554 reddunt.
2091 498 2214 557 "me

647 583 742 622 vos
770 585 1010 640 quoque,
1060 572 1154 626 ﬁlii
1189 577 1315 637 mei.
1346 579 1621 654 vobiscum
1656 595 1906 650 reputate
1945 605 1959 641 :
2017 588 2061 642 si
2091 605 2215 661 gra-

648 675 738 716 ves
781 664 917 718 forte
944 666 1234 723 inciderint
1262 673 1611 740 tentationes,
1645 677 1710 730 ad
1743 693 1891 748 spem
1931 682 2211 737 meliorem

645 752 809 807 corda
852 754 1072 824 erigite,
1133 760 1291 813 sicuti
1323 766 1643 820 sacerdotaii
1677 770 1975 824 conditioni
2019 781 2210 827 vestrae

646 843 940 911 convenit;
993 847 1064 900 ita
1121 849 1338 905 fortiter
1412 854 1536 910 illas
1584 859 1934 925 superabitis.
2011 860 2206 919 Multas

643 934 790 987 enim
834 951 900 989 ex
946 936 1052 991 Deo
1083 937 1346 998 habemus
1373 947 1844 1014 reprontissienes,
1893 950 1985 1019 qui
2011 953 2216 1018 .oeulos

643 1039 796 1088 suos,
859 1027 933 1079 uti
985 1029 1223 1096 conﬁdo,
1271 1022 1489 1088 avertet
1538 1048 1566 1088 a
1618 1038 1855 1104 peccatis
1906 1038 2087 1105 meis,
2149 1041 2216 1096 ad

645 1114 806 1170 ﬁnem
848 1132 1023 1187 usque
1069 1134 1128 1175 se
1178 1122 1478 1191 benignum
1531 1136 1868 1182 servatorem
1919 1131 2216 1198 praestabit,

643 1220 744 1260 nee
805 1223 1045 1278 unquam
1120 1211 1370 1267 auxiliari
1452 1215 1709 1270 cessabit.
1807 1217 1902 1272 Sin
1981 1221 2218 1288 peccatis

642 1296 781 1352 meis
851 1300 1204 1357 contristatus
1290 1306 1561 1375 paulisper
1664 1309 1929 1380 castigat,
2021 1312 2220 1366 nihilo-

642 1390 822 1444 minus
875 1405 1088 1448 summa
1159 1395 1386 1465 recipiet
1430 1385 1808 1468 benignitate;
1877 1417 1974 1458 eos
2034 1412 2215 1457 autem

643 1479 737 1548 qui
781 1476 985 1538 malitia
1040 1500 1137 1539 sua
1187 1486 1314 1542 elati
1353 1498 1500 1554 sunt,
1550 1491 1722 1545 multo
1775 1493 1984 1561 majore
2026 1495 2221 1564 plectet

641 1570 829 1624 dolore
856 1583 911 1626 et
932 1575 1175 1638 tristitia,
1209 1592 1372 1648 quam
1411 1577 1703 1640 Itodicdum
1737 1583 2042 1650 gloriantur
2080 1586 2220 1640 laeti-

642 1661 738 1720 tia.
769 1659 958 1718 Saluto
989 1680 1084 1721 vos
1107 1664 1160 1719 in
1192 1663 1423 1733 Domino
1452 1678 1507 1725 et
1536 1672 1690 1740 quasi
1711 1687 1952 1742 praesens
1985 1674 2221 1742 comple-

2312 505 2404 558 καὶ
2433 507 2663 575 καμίνου
2696 507 2864 576 πυρὸς
2923 506 3172 572 ἀδλαϐεῑς
3217 510 3554 579 τηρουμένου
3617 509 3745 573 τοὺς
3785 511 3878 579 τὴν

2313 594 2519 673 ξαυτῶν
2555 596 2826 666 σωτηρίαν
2863 599 2930 666 τῇ
2972 596 3180 667 ὑψίστῳ
3227 597 3597 668 ἀναθεμένους
3625 603 3874 669 προνοίᾳ.

2314 684 2495 740 Ταῦτά
2530 703 2618 756 μοι
2649 686 2869 739 ἐπιόντα
2899 688 2977 751 είς
3000 686 3145 753 νοῦν,
3169 689 3378 758 μεγάλη
3402 690 3770 760 παράκλησις,
3792 693 3877 742 καὶ

2311 779 2410 847 τῆς
2442 779 2681 849 ἀθυμίας
2719 779 3019 849 ἀνάκτησις
3058 781 3290 848 γίνεται.
3323 781 3508 835 Ταῦτα
3549 785 3645 834 καὶ
3699 781 3878 849 ὑμεῖς,

2311 869 2476 921 τέκνα
2507 867 2636 938 ὲμά,
2659 868 2779 921 καθ’
2811 869 3038 931 ἑαυτοὺς
3067 867 3425 938 λογιζόμενοι,
3468 870 3517 920 εί
3548 867 3642 921 καὶ
3692 866 3881 936 βαρεῖς

2314 961 2362 1013 οί
2401 959 2741 1028 ἐπικείμενοι
2770 959 3066 1030 πειρασμοὶ
3098 959 3236 1029 μετά
3282 957 3380 1028 τῆς
3413 957 3700 1027 ἀμείνονος
3733 955 3882 1010 έλπῐο

2314 1050 2402 1112 δος
2447 1048 2773 1119 ὑψηλότερον
2827 1049 2888 1102 τὸ
2925 1049 3182 1120 φρόνημα
3206 1049 3301 1103 καὶ
3349 1051 3557 1119 πρέπον
3622 1050 3690 1118 τῇ
3724 1049 3881 1118 ὑμῶν

2315 1139 2672 1209 ἀρχιερατικῇ
2731 1137 3049 1208 τελειότητιο
3074 1137 3253 1208 πάσης
3291 1139 3653 1209 στενοχωρίας
3677 1138 3879 1210 φέρον-

2317 1247 2406 1290 τες
2431 1229 2722 1283 διατελεῖτε
2753 1246 2768 1261 ο
2815 1228 3069 1291 πλείστας
3102 1229 3297 1298 ἔχομεν
3357 1229 3728 1300 πληροφορίας
3785 1230 3882 1297 τῆς

2319 1316 2508 1386 θεῖκῆς
2531 1315 2890 1386 ἀντιλήψεως,
2923 1317 3017 1372 καὶ
3057 1316 3293 1371 πέποιθα
3336 1316 3412 1380 ὡς
3438 1317 3747 1386 παρόψεται
3784 1315 3880 1387 μὲν

2317 1403 2418 1465 τὰς
2464 1402 2604 1472 ἐμὰς
2643 1403 2939 1473 ἁμαρτίας,
2999 1404 3276 1476 διαρκέσει
3322 1405 3380 1458 δὲ
3432 1405 3596 1476 μέχρι
3642 1406 3882 1467 τέλουςό

2317 1491 2520 1561 ἀγαθὸς
2551 1493 3100 1564 ἀντιλαμϐανόμενος,
3137 1497 3232 1549 καὶ
3264 1497 3325 1550 ού
3369 1497 3616 1567 διατεμεί
3637 1496 3735 1567 τὴν
3765 1496 3882 1566 βοήο

2321 1583 2492 1639 θειαν.
2535 1585 2597 1637 El
2627 1585 2682 1637 δ’
2710 1586 2817 1655 ἄρα
2853 1587 3188 1658 δυσχεράνας
3214 1589 3336 1652 ταῖς
3375 1589 3536 1658 έμαῐς
3583 1587 3881 1657 ἁμαρτίαις

2325 1671 2524 1744 μικρὸν
2555 1671 2874 1739 ύπενδώσει,
2905 1675 3067 1744 τυχὸν
3113 1675 3239 1746 ἐμοὶ
3288 1675 3349 1729 τὺ
3382 1674 3627 1729 δκποδὼν
3669 1677 3878 1727 οίκονοο

641 1761 760 1807 ctor
805 1751 1040 1824 spiritu,
1097 1768 1456 1829 nostramque
1511 1762 1761 1830 precibus
1817 1765 2015 1820 vestris
2060 1779 2214 1818 com-

2322 1764 2486 1832 μήσει
2515 1763 2788 1831 γενέσθαι,
2820 1764 2974 1834 ὑμῶν
3010 1765 3068 1819 δὲ
3104 1766 3318 1826 πάντως
3345 1764 3699 1832 ἀντιλήψεται
3753 1780 3880 1815 σύνει

643 1843 840 1900 mendo
865 1847 1248 1905 humilitatem.

2319 1854 2486 1924 ήθως,
2519 1856 2614 1910 καὶ
2661 1855 2824 1920 δείξει
2855 1854 2981 1918 τοὺς
3003 1855 3096 1908 ἐπὶ
3125 1855 3429 1924 κακουργίᾳ
3475 1853 3880 1924 ὠφρυωμένους

643 1937 824 2010 πολλῷ
855 1939 1015 1996 πλέον
1047 1943 1081 2013 ἢ
1120 1943 1243 1996 ὅσον
1282 1944 1375 1996 ἐπὶ
1403 1944 1577 2022 ταύτῃ
1639 1945 1826 2010 ἔδοξαν
1851 1946 2107 2017 ἡσθῆναι,
2149 1947 2244 2001 καὶ
2278 1948 2648 2018 λυπουμένους
2712 1945 3330 2018 καὶσκυθρωπάζοντας.
3374 1945 3718 2015 Ἀσπέιζομαι
3739 1945 3880 2015 ὑμᾶς

643 2027 702 2078 ἐν
735 2026 946 2098 Κυρίῳ,
985 2031 1082 2083 καὶ
1105 2031 1178 2095 ὡς
1210 2033 1400 2105 παρὼν
1427 2035 1528 2106 ήδη
1551 2035 1628 2107 τῷ
1650 2037 1931 2108 πνεύματι
1969 2037 2330 2108 περιφύομαι,
2371 2041 2465 2093 καὶ
2490 2039 2594 2111 τῆς
2627 2040 2782 2110 ήμῶν
2820 2039 3054 2094 δυσωπῶ
3109 2037 3510 2110 ύπερεύχεσθαι
3564 2038 3882 2106 sensimq-

649 2135 762 2182 τος.

807 2255 1096 2314 CXXXIII.
1129 2259 1290 2316 Petro
1320 2262 1612 2318 Alanorum
1643 2268 2052 2338 archiepiscopo.

713 2389 962 2448 Miserias
1010 2397 1147 2462 quas
1178 2410 1245 2450 ex
1279 2397 1475 2454 litteris
1507 2395 1615 2454 tuis
1651 2400 1942 2457 didicimus
1967 2412 2022 2458 et
2042 2420 2222 2460 rerum

646 2494 822 2541 status
860 2486 954 2557 qui
1010 2503 1155 2544 nunc
1196 2499 1298 2562 est,
1333 2489 1522 2565 dolore
1556 2494 1801 2550 animum
1852 2504 2100 2553 nostrum
2139 2501 2223 2554 af-

647 2573 913 2642 fecerunt,
963 2592 1069 2631 non
1125 2587 1306 2635 autem
1331 2582 1526 2640 solatio
1558 2585 1784 2640 omnino
1832 2588 2066 2656 rejecto;
2110 2600 2225 2646 ete-

646 2667 758 2720 nim
812 2666 1194 2726 aﬂlictionibus
1259 2679 1314 2728 et
1377 2674 1820 2733 tribulationibus
1883 2694 2008 2749 spes
2059 2682 2228 2736 inter-

647 2756 816 2822 cedit,
854 2757 922 2814 ad
977 2759 1223 2816 intimam
1253 2762 1489 2818 animam
1539 2777 1788 2836 penetrat
1814 2776 1868 2822 et
1895 2769 2074 2826 verbis
2102 2786 2230 2826 sua-

650 2847 845 2902 silihus
897 2849 1252 2905 acerbitatem
1305 2851 1518 2907 adimit.
1577 2852 1776 2910 Rerum
1843 2872 1946 2912 nos
2001 2859 2223 2928 quidem

2488 2271 2633 2325 PAI"
2687 2269 2885 2338 Πέτρῳ
2916 2269 3378 2338 ἀρχιεπισκόπῳ.
3409 2269 3705 2354 ᾍλανίας.

2391 2405 2472 2458 Τά
2505 2405 2603 2474 μὲν
2651 2403 2784 2458 ἀλλα
2815 2405 2910 2457 τοῦ
2955 2404 3297 2475 γράμματος,
3349 2403 3432 2458 δι’
3472 2399 3548 2458 ὦν
3584 2403 3713 2466 τοὺς
3763 2403 3879 2465 σοὺς

2320 2497 2411 2550 ἀνε
2421 2497 2760 2565 μανθάνομεν
2786 2496 2977 2558 πόνους
2991 2496 3083 2548 καὶ
3095 2495 3193 2563 τὴν
3205 2493 3310 2546 τῶν
3333 2495 3674 2563 πραγμάτων
3696 2510 3771 2546 πε
3779 2494 3858 2564 ρίσ
3868 2522 3882 2532 -

2319 2602 2496 2651 τασιν,
2543 2584 2718 2654 λύπην
2775 2586 2874 2654 μὲν
2913 2587 3024 2647 τοῖς
3070 2584 3202 2638 ὠσὶν
3244 2584 3400 2654 ἡμῶν
3445 2585 3680 2637 ἐνεποίει
3714 2600 3881 2653 προσι

2320 2677 2604 2741 πίπτοντα,
2650 2675 2788 2745 πλὴν
2820 2675 2918 2744 οὐχ
2952 2672 3094 2728 οὕτω
3126 2673 3374 2745 δριμεῖαν
3403 2675 3525 2727 ούδὶ
3555 2673 3876 2745 παρακλήσ-

2318 2783 2421 2828 εως
2475 2765 2806 2841 ἀποροῦσαν,
2855 2766 2988 2818 διότι
3029 2764 3209 2841 πάσης
3267 2764 3360 2819 καὶ
3413 2763 3743 2834 δυσχερείας
3795 2765 3880 2816 καὶ

2324 2858 2555 2926 θλίψεως
2576 2857 2732 2918 ἐλπὶς
2775 2838 3140 2927 προλαϐοῦσα,
3199 2857 3292 2908 καὶ
3330 2849 3444 2908 οἷον
3491 2855 3880 2924 ὲγγυμνάσασα

649 2939 1022 2995 conditionem
1086 2941 1152 2996 ad
1207 2958 1369 3011 quam
1406 2961 1438 2998 a
1478 2945 1683 3013 Spiritu
1718 2959 1909 3004 sancto
1936 2959 2222 3020 provectus

2325 2950 2426 3018 τὴν
2453 2947 2640 3023 ψυχὴν⁹
2659 2951 2728 3019 τῇ
2755 2945 2959 3015 ἑαυτῆς
2985 2944 3172 3016 ὁμιλίᾳ
3207 2947 3633 3016 πρωφαιρεῖται
3662 2945 3730 2999 τδ
3757 2946 3880 2999 πολὺ

648 3046 730 3095 es.
765 3046 827 3084 ex
859 3031 1023 3102 longo
1057 3041 1304 3103 tempore
1342 3044 1526 3090 notam
1568 3037 1851 3106 habentes,
1875 3056 1980 3096 nec
2014 3042 2222 3096 facilem

2327 3039 2424 3110 τῆς
2455 3035 3013 3109 βαρύτητος,ὲπειδὰν
3063 3034 3344 3106 καταλάϐῃ
3382 3034 3453 3088 τά
3494 3034 3758 3106 δυσχερῆ.
3784 3034 3884 3089 Καὶ

645 3123 958 3193 iudicamus
994 3140 1096 3180 nec
1141 3125 1422 3182 laboribus
1455 3127 1701 3183 liberam.
1747 3131 1820 3186 Ex
1855 3126 2054 3198 litteris
2090 3133 2227 3188 vidi-

650 3231 774 3270 mus
805 3216 917 3271 tuis
944 3232 1068 3287 qua:
1101 3217 1198 3274 tibi
1231 3219 1567 3284 acciderunt,
1608 3221 1792 3292 ibique
1833 3223 1969 3278 nihil
2000 3240 2224 3295 perspe-

649 3305 830 3361 ximus
886 3308 1270 3376 improvisum,
1317 3309 1418 3364 etsi
1473 3310 1655 3365 tristes
1706 3315 1817 3366 sint
1858 3327 1979 3374 res;
2023 3315 2224 3368 malum

649 3408 829 3454 tamen
883 3399 1045 3454 nobis
1093 3399 1310 3455 videtur
1356 3400 1725 3470 tolerandum,
1776 3403 1904 3472 quia
1942 3402 2227 3460 habiturus
2264 3470 2266 3474 τ

649 3506 712 3545 es
741 3491 1182 3546 retributionem.
1218 3490 1334 3545 Hoc
1367 3502 1548 3548 autem
1579 3492 1811 3546 dicimus
1843 3505 1950 3548 non
1999 3495 2065 3549 ad
2095 3509 2227 3563 prae-

652 3590 838 3637 sentes
874 3581 1157 3636 molestias
1183 3582 1554 3650 denegandas.
1584 3581 1721 3636 Illud
1751 3598 1878 3638 vero
1903 3585 2060 3640 nobis
2087 3587 2228 3640 vide-

654 3683 742 3727 tur
775 3672 1197 3742 haudquaquam
1235 3674 1577 3728 tolerandum
1611 3682 1667 3728 et
1722 3673 1977 3728 letbalem
2015 3675 2225 3746 plagam

654 3763 870 3826 inﬂixit,
903 3764 1047 3833 quod
1079 3762 1408 3833 suspicaris.
1448 3775 1506 3818 ut
1550 3779 1647 3834 per
1679 3765 1884 3820 litteras
1905 3775 2026 3822 tuas
2072 3781 2226 3821 corn-

655 3863 867 3924 pertum
894 3855 1183 3922 habemus,
1221 3865 1272 3910 te
1299 3855 1455 3924 quasi
1487 3870 1550 3909 ex
1583 3856 1746 3910 corde
1778 3865 1964 3910 nostro
1990 3857 2220 3925 ejectum

654 3960 800 4000 esse.
845 3943 978 3999 Illud
1024 3961 1302 4016 nunquam
1339 3961 1405 3999 ne
1463 3945 1532 4000 ab
1580 3944 1815 4001 inimicis
1860 3945 2077 4015 quidem
2123 3962 2224 4001 nos

658 4037 943 4091 audituros
985 4052 1106 4091 esse
1159 4036 1569 4091 conﬁdebamus
1620 4036 1819 4090 nedum
1891 4052 1920 4090 a
1962 4036 2086 4092 ﬁliis
2130 4045 2224 4091 aut

658 4130 876 4184 amicis!
945 4128 1232 4196 Quomodo
1272 4128 1417 4184 enim
1481 4128 1586 4183 nisi
1639 4129 1791 4196 prius
1840 4127 1938 4183 Dei
2024 4137 2078 4183 et
2124 4145 2222 4199 po-

658 4218 766 4288 puli
792 4219 984 4274 salutis
1010 4219 1236 4285 oblitus,
1271 4217 1430 4288 cujus
1473 4225 1531 4272 tu
1555 4212 1885 4274 constitutus
1909 4233 1969 4273 es
2015 4221 2126 4274 dux
2163 4227 2219 4274 et

2327 3129 2488 3199 ἡμεῖς
2536 3125 2630 3182 οὖν
2665 3126 2975 3197 προειδότες
3018 3123 3118 3196 τὴν
3155 3125 3263 3178 τῶν
3315 3125 3658 3195 πραγμάτων
3723 3123 3884 3178 κατά-

2327 3226 2537 3286 στασιν,
2565 3219 2649 3286 ἐφ’
2675 3218 2742 3288 ήν
2771 3217 2875 3271 ὺπδ
2898 3216 2992 3270 τοῦ
3014 3215 3278 3284 παναγίου
3301 3215 3617 3285 Πνεύματος
3639 3231 3885 3286 προεχει-

2329 3313 2537 3383 ρίσθης,
2557 3311 2634 3374 ῶς
2651 3310 2754 3369 οὐκ
2778 3308 3019 3376 εὔλογος,
3072 3306 3212 3360 ούδὶ.
3239 3307 3414 3383 πόνων
3471 3304 3882 3376 ἀπηὶλαγμένη,

2325 3403 2422 3456 νῦν
2479 3398 2575 3454 τοῦ
2641 3399 2738 3453 σοῦ
2796 3401 3124 3468 γράμματος
3176 3396 3600 3464 ἀναγγέλλοντος
3652 3394 3723 3449 τὰ
3770 3397 3883 3465 ὑμῖν

2327 3492 2692 3553 συναντῶντα,
2751 3489 2811 3554 ἐξ
2843 3484 2918 3543 ὦν
2969 3477 3089 3542 οὐδὲ
3125 3489 3256 3557 πρὶν
3312 3485 3638 3556 ἠγνοοῦμεν,
3699 3489 3754 3540 εί
3803 3487 3884 3540 καὶ

2324 3581 2625 3653 ἀνιώμεθα,
2650 3581 2791 3653 πλὴν
2826 3579 2888 3634 τὸ
2909 3580 3079 3643 πάθος
3101 3577 3337 3649 φορητὸν
3364 3577 3598 3652 μάλιστα
3622 3576 3719 3630 καὶ
3753 3578 3879 3647 πρὸς

2323 3675 2419 3738 τὰς
2456 3673 2772 3736 ἀντιδόσεις,
2799 3671 2875 3740 τῷ
2904 3668 3152 3739 λογισμῷ
3182 3667 3632 3737 ὑπερκύπτοντες
3666 3671 3769 3723 καὶ
3799 3669 3883 3738 τὴν

2321 3765 2528 3818 ἐκεῖθεν
2557 3764 2880 3826 ἀπόλαυσιν,
2910 3761 3032 3814 οὐδ’
3056 3762 3181 3814 ὅσον
3230 3761 3407 3814 είπεῐν
3440 3764 3568 3824 τοὺς
3615 3764 3884 3831 παρόντας

2322 3854 2784 3926 ἀποκρυπτούσας
2835 3853 3050 3915 πόνους.
3069 3853 3274 3910 Ἐκεῖνο
3301 3851 3355 3904 ὃδ
3386 3851 3657 3922 ἀφόρητον
3693 3852 3883 3926 ἐδόκει¹

2323 3949 2416 4000 καὶ
2447 3947 2546 4014 τὴν
2577 3947 2792 4016 πληγὴν
2828 3944 3051 4014 καιρίαν
3081 3942 3247 3997 ἔδωκε
3277 3943 3338 3996 τὸ
3365 3943 3592 3998 τοιαῦτα
3641 3944 3885 4012 ύπολαμ-
3987 3991 3994 3994 ..

2323 4038 2629 4101 6ἀνειν,καὶ
2653 4038 2728 4108 μὴ
2764 4037 2924 4106 μόνον
2941 4035 3390 4102 ὑπολαϐεῖν,ἀλλά
3407 4035 3502 4088 καὶ
3525 4036 3776 4106 φανερὰν
3800 4035 3884 4103 τὴν

2319 4129 2584 4197 ὑπόληψιν
2614 4129 2971 4196 καταστῆσαι,
2997 4127 3062 4179 δι’
3078 4121 3152 4179 ὧν
3179 4126 3442 4196 ἔγραψας,
3471 4125 3547 4190 ὡς
3574 4125 3886 4196 ἐκσέσλησαι

2318 4221 2414 4290 τῆς
2445 4218 2605 4290 ήμῶν
2637 4218 2882 4286 καρδίας,
2909 4219 3003 4271 καὶ
3032 4219 3065 4288 ή
3099 4217 3166 4288 σῆ
3200 4218 3444 4271 ἀπόλωλε
3482 4219 3691 4289 μνήμη.
3729 4217 3885 4272 Τοῦτο

656 4309 928 4376 salvator,
960 4309 1229 4364 secundus
1259 4317 1434 4362 tamen
1463 4323 1492 4362 a
1511 4308 1688 4378 primo
1723 4316 1911 4364 nostro
1936 4307 2218 4364 Salvatore

2326 4311 2445 4365 ούδέ
2495 4311 2601 4364 τῶν
2639 4308 2850 4378 ἐχθρῶν
2889 4308 3150 4376 λεγόντων
3194 4308 3424 4362 ἀκοῦσαι
3454 4309 3784 4392 ἠλπίσαμεν,
3827 4298 3886 4378 μὴ

657 4405 712 4452 et
747 4397 874 4461 Deo,
900 4399 951 4452 in
984 4398 1141 4455 istius
1161 4400 1304 4455 modi
1344 4399 1710 4469 suspicionem
1746 4400 2039 4455 inciderit?
2089 4399 2222 4465 Quid

2335 4403 2416 4454 ὅτι
2454 4417 2516 4468 γε
2563 4400 2670 4454 τῶν
2712 4399 2917 4452 τέκνων
2965 4398 2997 4467 ἢ
3040 4398 3148 4451 τῶν
3193 4399 3366 4462 ἄλλως
3405 4399 3724 4466 φιλούντων.
3778 4398 3885 4458 Πῶς

629 4483 802 4540 ‘enim
855 4488 1108 4544 miserius
1149 4490 1373 4559 cogitari
1407 4501 1582 4560 potest
1602 4507 1765 4560 quam
1803 4491 2017 4546 oblivisi
2057 4491 2147 4545 Dei
2181 4502 2222 4544 el

2337 4490 2448 4560 γάρ
2473 4491 2521 4542 εί
2570 4489 2644 4556 μὴ
2673 4488 2939 4558 πρότερον
2975 4485 3110 4539 Θεοῦ
3147 4488 3368 4557 μνήμης
3413 4487 3632 4558 ἔρημοι,
3674 4487 3773 4541 καὶ
3803 4486 3886 4554 τῆς

662 4578 942 4632 hominum
991 4580 1361 4635 conversionis
1389 4582 1453 4635 ad
1503 4581 1652 4636 illum
1715 4583 1809 4652 qui
1849 4596 1951 4637 nos
1984 4597 2013 4636 a
2049 4591 2222 4653 tyran-

2339 4581 2426 4634 τοῦ
2459 4579 2588 4633 λαοῦ
2628 4580 2922 4650 σωτηρίας,
2973 4572 3032 4632 οὗ
3081 4579 3144 4630 σὺ
3201 4579 3393 4646 ὁδηγδς
3436 4579 3750 4649 ἀπεστάλης
3807 4579 3885 4629 καί

665 4669 782 4723 nica
819 4679 1084 4737 potestate
1100 4671 1297 4724 diaboli
1332 4671 1570 4726 liberat?

2342 4672 2545 4742 σωτὴρ,
2583 4671 2720 4740 μετά
2741 4686 2803 4738 γε
2829 4670 2920 4722 τὸν
2950 4669 3165 4739 πρῶτον
3188 4670 3344 4739 ήμῶν
3368 4669 3593 4740 Σωτῆρα
3619 4671 3722 4723 καὶ
3743 4669 3881 4730 Θεὸν,
3917 4743 3921 4747 _

659 4759 817 4812 τοῦτο
881 4760 1068 4814 παθεῖν
1125 4762 1271 4826 είκὸς
1329 4764 1420 4816 τὸν
1479 4761 1850 4828 ύπονοοῦντα,.
1911 4763 1970 4826 ὅς
2017 4780 2102 4824 τις
2139 4760 2363 4834 δ’ἂνῇ
2418 4765 2447 4816 ό
2479 4761 2916 4830 ὑπολαμϐάνωνς
2982 4761 3106 4824 Πῶς
3155 4763 3302 4832 ἡμᾶς
3351 4763 3450 4816 οὐκ
3505 4765 3586 4824 είς
3659 4763 3882 4834 ἐσχάτην

662 4848 866 4916 ἀπάγει
892 4853 1254 4922 κατηγορίαν,
1333 4855 1427 4908 καὶ
1480 4849 1546 4928 ἧς
1599 4857 1698 4909 οὐκ
1726 4857 1790 4910 ἂν
1838 4874 1923 4921 τις
1953 4857 2130 4928 ε’ύροι
2196 4859 2540 4930 βαρυτέραν;
2583 4857 2648 4909 Τί
2693 4856 2800 4926 γὰρ
2860 4855 3157 4928 βαρύτερον
3221 4853 3316 4908 τοῦ
3363 4855 3719 4926 ἀμνημονεῖν.
3764 4852 3880 4909 Θεού

666 4946 757 4998 καὶ
786 4945 882 5012 τῆς
946 4946 1248 5017 ἀνθρώπων
1318 4936 1651 5022 ἐπιστροφῆς
1672 4953 1808 5025 πρὸς
1855 4953 2040 5020 αὐτὸν,
2075 4955 2285 5024 καὶτῆς
2325 4957 2388 5008 εκ
2421 4955 2511 5008 τοῦ
2540 4953 2786 5006 διαϐόλου
2823 4949 3160 5021 τυραννικῆς
3193 4951 3374 5020 χειρὸς
3413 4951 3786 5021 ἀνακλήσεως.

741 5039 921 5103 Vides,
969 5039 1040 5093 mi
1088 5041 1184 5106 ﬁli,
1234 5034 1440 5110 quanto
1482 5058 1717 5098 mo:rore
1751 5053 1859 5098 tua:
1899 5047 2090 5101 littera:
2117 5046 2222 5100 alii.

2423 5047 2606 5115 Ὁρᾷς,
2641 5047 2854 5106 τέκνον,
2883 5039 2970 5095 οἷα
3000 5041 3416 5111 κεκακωμένους
3444 5043 3591 5111 ἡμᾶς
3641 5041 3738 5095 ἐπὶ
3765 5037 3880 5096 πᾶσ⁸

667 5131 812 5184 ciant
849 5145 960 5200 prae
1005 5132 1261 5186 omnibus
1305 5134 1463 5188 malis
1498 5135 1720 5202 quibus,
1757 5147 2103 5204 peccatorum
2139 5153 2222 5190 no-

2339 5138 2450 5198 τοῖς
2481 5135 2566 5187 διὰ
2618 5134 2718 5196 τὰς
2752 5131 3026 5201 ἀμαρτίας
3066 5132 3222 5202 ἡμῶν
3251 5131 3535 5202 συνέχουσι
3562 5129 3624 5184 τὺ
3673 5131 3762 5184 σὺν
3792 5129 3880 5182 διέ⁴

669 5231 904 5278 strorum
955 5237 1142 5288 causa,
1186 5225 1624 5280 circumdamur?
1657 5227 1911 5281 Attamen
1945 5227 1992 5282 si
2023 5237 2222 5297 tempus

2343 5228 2477 5296 οηκε
2499 5223 2775 5296 γράμμα;
2818 5222 2927 5276 Καί
2962 5239 3046 5275 τοι
3101 5224 3238 5292 πρὸς
3274 5222 3374 5291 τὴν
3412 5222 3636 5291 πορείαν
3687 5219 3879 5274 στελλό-

670 5313 973 5368 recordaris
1022 5315 1166 5383 quod
1209 5315 1491 5372 nobiscum
1539 5325 1666 5372 ante
1711 5318 1812 5373 iter
1844 5329 1995 5373 tuum
2027 5329 2222 5374 transe-

2345 5335 2528 5387 μενος,
2557 5318 2614 5368 ὲν
2642 5310 2722 5377 οἷς
2750 5305 3044 5376 κατέλιπες
3079 5313 3225 5382 ἡμᾶς
3269 5313 3367 5364 οὐκ
3397 5315 3514 5365 ἐστι
3557 5311 3876 5381 διανοηθῆναι

672 5407 819 5475 gisti,
851 5417 901 5461 te
937 5406 1194 5462 oblivioni
1247 5411 1434 5463 datum
1483 5425 1603 5464 esse
1654 5427 1930 5478 nunquam
1973 5406 2216 5464 invenies

2345 5409 2419 5472 ὡς
2445 5407 2780 5476 ἐπιλέλησαι.
2835 5403 2966 5458 Εἶτα
3025 5404 3337 5459 καταλιπὼν
3364 5407 3462 5457 ὅσα
3493 5421 3556 5470 γε
3581 5403 3651 5456 τά
3691 5399 3878 5471 ἀνθρώ·

675 5497 871 5553 relictis
947 5499 1184 5553 humano
1261 5516 1410 5555 more
1484 5501 1710 5556 infernis
1777 5513 1829 5557 et
1885 5502 1963 5556 eis
2015 5503 2105 5571 qui
2171 5502 2222 5554 ib

2349 5514 2475 5550 πινα
2525 5495 2923 5564 παροικοῦντας
2953 5497 3011 5548 ὲν
3059 5495 3134 5565 τῷ
3169 5496 3290 5568 ᾄδῃ,
3353 5496 3552 5564 μᾶλλον
3589 5494 3642 5546 δὲ
3674 5495 3766 5546 καὶ
3788 5492 3877 5543 τῶν

681 5587 917 5658 peiorem
971 5591 1336 5649 conditionem
1408 5595 1628 5650 habent.
1687 5595 1765 5647 Ab
1839 5595 1923 5648 bis
1999 5608 2210 5648 τοι-οδω

2349 5591 2466 5642 ἐκεῖ
2514 5586 2924 5657 ’παροικούντων
2982 5587 3356 5656 χαλεπώτερον
3412 5583 3781 5653 διακειμένους
3826 5583 3874 5632 οὐ

680 5689 800 5734 runt
837 5682 1057 5751 invidia,
1091 5685 1287 5742 bellum
1352 5697 1400 5741 et
1443 5687 1649 5743 insidix
1688 5685 1884 5751 quibus
1935 5703 2032 5741 nos
2093 5685 2211 5739 inde

2356 5684 2462 5750 γὰρ
2503 5680 2615 5732 ἓττι
2646 5676 2761 5730 κη’
2794 5675 2970 5731 αύιῶν
2999 5678 3025 5728 ὁ
3057 5677 3261 5745 eli-dvo;
3298 5677 3353 5729 οὔ
3377 5677 3628 5746 πόλεμος,
3654 5674 3748 5728 οὐκ
3775 5675 3873 5725 sm-
