  <div class='ocr_page' id='page_1' title='image "/cluster/home/n/w/nwhite01/storage/ocr_20150623/100/hvd.32044010574994/107.png"; bbox 0 0 4086 6344; ppageno 0'>
   <div class='ocr_carea' id='block_1_1' title="bbox 434 356 545 422">
    <p class='ocr_par' dir='ltr' id='par_1_1' title="bbox 434 356 545 422">
     <span class='ocr_line' id='line_1_1' title="bbox 434 356 545 422; baseline -0.018 0"><span class='ocrx_word' id='word_1_1' title='bbox 434 356 545 422; x_wconf 75' lang='grc'><strong>153</strong></span> 
     </span>
    </p>
   </div>
   <div class='ocr_carea' id='block_1_2' title="bbox 449 559 2002 633">
    <p class='ocr_par' dir='ltr' id='par_1_2' title="bbox 449 559 2002 633">
     <span class='ocr_line' id='line_1_2' title="bbox 449 559 2002 633; baseline -0.008 -13"><span class='ocrx_word' id='word_1_2' title='bbox 449 566 519 620; x_wconf 82' lang='lat' dir='ltr'><strong>ab</strong></span> <span class='ocrx_word' id='word_1_3' title='bbox 545 566 794 623; x_wconf 88' lang='lat' dir='ltr'><strong>omnibus</strong></span> <span class='ocrx_word' id='word_1_4' title='bbox 821 563 1229 633; x_wconf 84' lang='lat' dir='ltr'><strong>aspectabilibus</strong></span> <span class='ocrx_word' id='word_1_5' title='bbox 1257 559 1826 630; x_wconf 83' lang='lat' dir='ltr'><strong>inaspectabilibusque</strong></span> <span class='ocrx_word' id='word_1_6' title='bbox 1853 570 2002 609; x_wconf 87' lang='lat' dir='ltr'><strong>crea-</strong></span> 
     </span>
    </p>
   </div>
   <div class='ocr_carea' id='block_1_3' title="bbox 449 653 1214 708">
    <p class='ocr_par' dir='ltr' id='par_1_3' title="bbox 449 653 1214 708">
     <span class='ocr_line' id='line_1_3' title="bbox 449 653 1214 708; baseline -0.007 0"><span class='ocrx_word' id='word_1_7' title='bbox 449 655 588 708; x_wconf 86' lang='lat' dir='ltr'><strong>turis</strong></span> <span class='ocrx_word' id='word_1_8' title='bbox 615 653 815 708; x_wconf 86' lang='lat' dir='ltr'><strong>cultam</strong></span> <span class='ocrx_word' id='word_1_9' title='bbox 840 659 897 705; x_wconf 93' lang='lat' dir='ltr'><strong>et</strong></span> <span class='ocrx_word' id='word_1_10' title='bbox 919 653 1214 705; x_wconf 87' lang='lat' dir='ltr'><strong>adoratam.</strong></span> 
     </span>
    </p>
   </div>
   <div class='ocr_carea' id='block_1_4' title="bbox 522 733 2009 810">
    <p class='ocr_par' dir='ltr' id='par_1_4' title="bbox 522 733 2009 810">
     <span class='ocr_line' id='line_1_4' title="bbox 522 733 2009 810; baseline -0.009 -12"><span class='ocrx_word' id='word_1_11' title='bbox 522 743 708 798; x_wconf 83' lang='lat' dir='ltr'><strong>Trium</strong></span> <span class='ocrx_word' id='word_1_12' title='bbox 738 751 915 796; x_wconf 86' lang='lat' dir='ltr'><strong>autem</strong></span> <span class='ocrx_word' id='word_1_13' title='bbox 949 743 1303 810; x_wconf 83' lang='lat' dir='ltr'><strong>hypostaseon</strong></span> <span class='ocrx_word' id='word_1_14' title='bbox 1325 753 1458 807; x_wconf 87' lang='lat' dir='ltr'><strong>quas</strong></span> <span class='ocrx_word' id='word_1_15' title='bbox 1490 736 1544 790; x_wconf 93' lang='lat' dir='ltr'><strong>in</strong></span> <span class='ocrx_word' id='word_1_16' title='bbox 1586 733 1850 789; x_wconf 87' lang='lat' dir='ltr'><strong>Trinitate</strong></span> <span class='ocrx_word' id='word_1_17' title='bbox 1882 746 2009 785; x_wconf 90' lang='lat' dir='ltr'><strong>con—</strong></span> 
     </span>
    </p>
   </div>
   <div class='ocr_carea' id='block_1_5' title="bbox 450 821 2009 896">
    <p class='ocr_par' dir='ltr' id='par_1_5' title="bbox 450 821 2009 896">
     <span class='ocr_line' id='line_1_5' title="bbox 450 821 2009 896; baseline -0.008 -8"><span class='ocrx_word' id='word_1_18' title='bbox 450 831 770 895; x_wconf 79' lang='lat' dir='ltr'><strong>sideramus,</strong></span> <span class='ocrx_word' id='word_1_19' title='bbox 802 829 905 884; x_wconf 86' lang='lat' dir='ltr'><strong>alia</strong></span> <span class='ocrx_word' id='word_1_20' title='bbox 931 836 1013 883; x_wconf 90' lang='lat' dir='ltr'><strong>est</strong></span> <span class='ocrx_word' id='word_1_21' title='bbox 1042 828 1221 891; x_wconf 88' lang='lat' dir='ltr'><strong>Pater,</strong></span> <span class='ocrx_word' id='word_1_22' title='bbox 1256 826 1521 896; x_wconf 89' lang='lat' dir='ltr'><strong>principio</strong></span> <span class='ocrx_word' id='word_1_23' title='bbox 1553 838 1766 887; x_wconf 82' lang='lat' dir='ltr'><strong>carens,</strong></span> <span class='ocrx_word' id='word_1_24' title='bbox 1810 821 2009 875; x_wconf 89' lang='lat' dir='ltr'><strong>nullam</strong></span> 
     </span>
    </p>
   </div>
   <div class='ocr_carea' id='block_1_6' title="bbox 449 910 2012 982">
    <p class='ocr_par' dir='ltr' id='par_1_6' title="bbox 449 910 2012 982">
     <span class='ocr_line' id='line_1_6' title="bbox 449 910 2012 982; baseline -0.009 -5"><span class='ocrx_word' id='word_1_25' title='bbox 449 938 562 978; x_wconf 73' lang='lat' dir='ltr'><strong>sua:</strong></span> <span class='ocrx_word' id='word_1_26' title='bbox 586 920 881 976; x_wconf 66' lang='lat' dir='ltr'><strong>existentiie</strong></span> <span class='ocrx_word' id='word_1_27' title='bbox 909 932 1125 973; x_wconf 80' lang='lat' dir='ltr'><strong>causam</strong></span> <span class='ocrx_word' id='word_1_28' title='bbox 1155 916 1389 979; x_wconf 81' lang='lat' dir='ltr'><strong>habens,</strong></span> <span class='ocrx_word' id='word_1_29' title='bbox 1421 929 1597 982; x_wconf 89' lang='lat' dir='ltr'><strong>neque</strong></span> <span class='ocrx_word' id='word_1_30' title='bbox 1625 913 1771 967; x_wconf 89' lang='lat' dir='ltr'><strong>enim</strong></span> <span class='ocrx_word' id='word_1_31' title='bbox 1799 910 2012 965; x_wconf 84' lang='lat' dir='ltr'><strong>aliunde</strong></span> 
     </span>
    </p>
   </div>
   <div class='ocr_carea' id='block_1_7' title="bbox 445 1000 2014 1081">
    <p class='ocr_par' dir='ltr' id='par_1_7' title="bbox 445 1000 2014 1081">
     <span class='ocr_line' id='line_1_7' title="bbox 445 1000 2014 1081; baseline -0.008 -16"><span class='ocrx_word' id='word_1_32' title='bbox 445 1019 549 1075; x_wconf 86' lang='lat' dir='ltr'><strong>est,</strong></span> <span class='ocrx_word' id='word_1_33' title='bbox 578 1011 672 1065; x_wconf 83' lang='lat' dir='ltr'><strong>sed</strong></span> <span class='ocrx_word' id='word_1_34' title='bbox 697 1025 727 1062; x_wconf 90' lang='lat' dir='ltr'><strong>a</strong></span> <span class='ocrx_word' id='word_1_35' title='bbox 757 1009 953 1078; x_wconf 89' lang='lat' dir='ltr'><strong>seipso,</strong></span> <span class='ocrx_word' id='word_1_36' title='bbox 985 1016 1037 1061; x_wconf 88' lang='lat' dir='ltr'><strong>et</strong></span> <span class='ocrx_word' id='word_1_37' title='bbox 1072 1006 1125 1060; x_wconf 89' lang='lat' dir='ltr'><strong>in</strong></span> <span class='ocrx_word' id='word_1_38' title='bbox 1165 1007 1341 1073; x_wconf 82' lang='lat' dir='ltr'><strong>seipse</strong></span> <span class='ocrx_word' id='word_1_39' title='bbox 1370 1004 1534 1059; x_wconf 89' lang='lat' dir='ltr'><strong>habet</strong></span> <span class='ocrx_word' id='word_1_40' title='bbox 1570 1016 1709 1081; x_wconf 88' lang='lat' dir='ltr'><strong>esse.</strong></span> <span class='ocrx_word' id='word_1_41' title='bbox 1749 1000 1865 1053; x_wconf 82' lang='lat' dir='ltr'><strong>Alia</strong></span> <span class='ocrx_word' id='word_1_42' title='bbox 1894 1015 2014 1057; x_wconf 90' lang='lat' dir='ltr'><strong>rur—</strong></span> 
     </span>
    </p>
   </div>
   <div class='ocr_carea' id='block_1_8' title="bbox 443 1089 2015 1167">
    <p class='ocr_par' dir='ltr' id='par_1_8' title="bbox 443 1089 2015 1167">
     <span class='ocr_line' id='line_1_8' title="bbox 443 1089 2015 1167; baseline -0.008 -13"><span class='ocrx_word' id='word_1_43' title='bbox 443 1115 560 1154; x_wconf 85' lang='lat' dir='ltr'><strong>sum</strong></span> <span class='ocrx_word' id='word_1_44' title='bbox 573 1098 853 1162; x_wconf 82' lang='lat' dir='ltr'><strong>estFilius,</strong></span> <span class='ocrx_word' id='word_1_45' title='bbox 879 1098 971 1167; x_wconf 86' lang='lat' dir='ltr'><strong>qui</strong></span> <span class='ocrx_word' id='word_1_46' title='bbox 998 1096 1245 1166; x_wconf 75' lang='lat' dir='ltr'><strong>principii</strong></span> <span class='ocrx_word' id='word_1_47' title='bbox 1275 1107 1468 1162; x_wconf 81' lang='lat' dir='ltr'><strong>expers</strong></span> <span class='ocrx_word' id='word_1_48' title='bbox 1500 1108 1605 1146; x_wconf 91' lang='lat' dir='ltr'><strong>non</strong></span> <span class='ocrx_word' id='word_1_49' title='bbox 1628 1101 1732 1155; x_wconf 90' lang='lat' dir='ltr'><strong>est,</strong></span> <span class='ocrx_word' id='word_1_50' title='bbox 1761 1106 1826 1143; x_wconf 79' lang='lat' dir='ltr'><strong>ex</strong></span> <span class='ocrx_word' id='word_1_51' title='bbox 1856 1089 2015 1142; x_wconf 80' lang='lat' dir='ltr'><strong>Patre</strong></span> 
     </span>
    </p>
   </div>
   <div class='ocr_carea' id='block_1_9' title="bbox 390 1178 2015 1254">
    <p class='ocr_par' dir='ltr' id='par_1_9' title="bbox 390 1178 2015 1254">
     <span class='ocr_line' id='line_1_9' title="bbox 390 1178 2015 1254; baseline -0.008 -10"><span class='ocrx_word' id='word_1_52' title='bbox 390 1210 396 1223; x_wconf 69' lang='grc' dir='ltr'>ι</span> <span class='ocrx_word' id='word_1_53' title='bbox 444 1190 586 1244; x_wconf 90' lang='lat' dir='ltr'><strong>enim</strong></span> <span class='ocrx_word' id='word_1_54' title='bbox 620 1199 702 1243; x_wconf 81' lang='lat' dir='ltr'><strong>est</strong></span> <span class='ocrx_word' id='word_1_55' title='bbox 738 1207 752 1242; x_wconf 88' lang='lat'>:</span> <span class='ocrx_word' id='word_1_56' title='bbox 794 1188 956 1241; x_wconf 86' lang='lat' dir='ltr'><strong>Pater</strong></span> <span class='ocrx_word' id='word_1_57' title='bbox 994 1200 1227 1254; x_wconf 82' lang='lat' dir='ltr'><strong>namque</strong></span> <span class='ocrx_word' id='word_1_58' title='bbox 1267 1183 1389 1238; x_wconf 88' lang='lat' dir='ltr'><strong>Filii</strong></span> <span class='ocrx_word' id='word_1_59' title='bbox 1427 1182 1754 1254; x_wconf 88' lang='lat' dir='ltr'><strong>principium</strong></span> <span class='ocrx_word' id='word_1_60' title='bbox 1782 1188 1835 1233; x_wconf 91' lang='lat' dir='ltr'><strong>et</strong></span> <span class='ocrx_word' id='word_1_61' title='bbox 1865 1178 2015 1247; x_wconf 82' lang='lat' dir='ltr'><strong>origo</strong></span> 
     </span>
    </p>
   </div>
   <div class='ocr_carea' id='block_1_10' title="bbox 440 1267 2017 1347">
    <p class='ocr_par' dir='ltr' id='par_1_10' title="bbox 440 1267 2017 1347">
     <span class='ocr_line' id='line_1_10' title="bbox 440 1267 2017 1347; baseline -0.008 -15"><span class='ocrx_word' id='word_1_62' title='bbox 440 1279 658 1344; x_wconf 84' lang='lat' dir='ltr'><strong>existit;</strong></span> <span class='ocrx_word' id='word_1_63' title='bbox 690 1278 835 1347; x_wconf 92' lang='lat' dir='ltr'><strong>quod</strong></span> <span class='ocrx_word' id='word_1_64' title='bbox 869 1279 913 1332; x_wconf 90' lang='lat' dir='ltr'><strong>si</strong></span> <span class='ocrx_word' id='word_1_65' title='bbox 947 1276 1203 1345; x_wconf 88' lang='lat' dir='ltr'><strong>temporis</strong></span> <span class='ocrx_word' id='word_1_66' title='bbox 1243 1274 1449 1328; x_wconf 89' lang='lat' dir='ltr'><strong>initium</strong></span> <span class='ocrx_word' id='word_1_67' title='bbox 1480 1278 1725 1341; x_wconf 82' lang='lat' dir='ltr'><strong>spectes,</strong></span> <span class='ocrx_word' id='word_1_68' title='bbox 1751 1284 1901 1339; x_wconf 68' lang='lat' dir='ltr'><strong>teque</strong></span> <span class='ocrx_word' id='word_1_69' title='bbox 1926 1267 2017 1319; x_wconf 88' lang='lat' dir='ltr'><strong>Fi-</strong></span> 
     </span>
    </p>
   </div>
   <div class='ocr_carea' id='block_1_11' title="bbox 440 1362 2013 1437">
    <p class='ocr_par' dir='ltr' id='par_1_11' title="bbox 440 1362 2013 1437">
     <span class='ocr_line' id='line_1_11' title="bbox 440 1362 2013 1437; baseline -0.008 -15"><span class='ocrx_word' id='word_1_70' title='bbox 440 1366 549 1423; x_wconf 89' lang='lat' dir='ltr'><strong>lius</strong></span> <span class='ocrx_word' id='word_1_71' title='bbox 578 1368 840 1437; x_wconf 88' lang='lat' dir='ltr'><strong>principio</strong></span> <span class='ocrx_word' id='word_1_72' title='bbox 874 1375 1022 1421; x_wconf 89' lang='lat' dir='ltr'><strong>caret</strong></span> <span class='ocrx_word' id='word_1_73' title='bbox 1058 1381 1121 1420; x_wconf 88' lang='lat' dir='ltr'><strong>ac</strong></span> <span class='ocrx_word' id='word_1_74' title='bbox 1168 1365 1331 1419; x_wconf 81' lang='lat' dir='ltr'><strong>Pater</strong></span> <span class='ocrx_word' id='word_1_75' title='bbox 1362 1383 1375 1416; x_wconf 88' lang='lat'><strong>:</strong></span> <span class='ocrx_word' id='word_1_76' title='bbox 1409 1370 1493 1417; x_wconf 89' lang='lat' dir='ltr'><strong>est</strong></span> <span class='ocrx_word' id='word_1_77' title='bbox 1526 1362 1670 1415; x_wconf 89' lang='lat' dir='ltr'><strong>enim</strong></span> <span class='ocrx_word' id='word_1_78' title='bbox 1713 1368 2013 1427; x_wconf 88' lang='lat' dir='ltr'><strong>temporum</strong></span> 
     </span>
    </p>
   </div>
   <div class='ocr_carea' id='block_1_12' title="bbox 442 1446 2016 1523">
    <p class='ocr_par' dir='ltr' id='par_1_12' title="bbox 442 1446 2016 1523">
     <span class='ocr_line' id='line_1_12' title="bbox 442 1446 2016 1523; baseline -0.007 -11"><span class='ocrx_word' id='word_1_79' title='bbox 442 1457 712 1521; x_wconf 86' lang='lat' dir='ltr'><strong>conditor,</strong></span> <span class='ocrx_word' id='word_1_80' title='bbox 745 1446 850 1510; x_wconf 87' lang='lat' dir='ltr'><strong>non</strong></span> <span class='ocrx_word' id='word_1_81' title='bbox 882 1454 1153 1523; x_wconf 78' lang='lat' dir='ltr'><strong>subjectus</strong></span> <span class='ocrx_word' id='word_1_82' title='bbox 1174 1453 1441 1522; x_wconf 89' lang='lat' dir='ltr'><strong>tempori;</strong></span> <span class='ocrx_word' id='word_1_83' title='bbox 1475 1450 1812 1520; x_wconf 83' lang='lat' dir='ltr'><strong>inseparabili</strong></span> <span class='ocrx_word' id='word_1_84' title='bbox 1838 1455 2016 1503; x_wconf 86' lang='lat' dir='ltr'><strong>autem</strong></span> 
     </span>
    </p>
   </div>
   <div class='ocr_carea' id='block_1_13' title="bbox 430 1538 2017 1616">
    <p class='ocr_par' dir='ltr' id='par_1_13' title="bbox 430 1538 2017 1616">
     <span class='ocr_line' id='line_1_13' title="bbox 430 1538 2017 1616; baseline -0.006 -17"><span class='ocrx_word' id='word_1_85' title='bbox 430 1538 755 1614; x_wconf 56' lang='lat' dir='ltr'><strong>aeternaque</strong></span> <span class='ocrx_word' id='word_1_86' title='bbox 808 1545 1153 1616; x_wconf 69' lang='lat' dir='ltr'><strong>generatione</strong></span> <span class='ocrx_word' id='word_1_87' title='bbox 1202 1558 1268 1596; x_wconf 85' lang='lat' dir='ltr'><strong>ex</strong></span> <span class='ocrx_word' id='word_1_88' title='bbox 1320 1543 1480 1597; x_wconf 82' lang='lat' dir='ltr'><strong>Patre</strong></span> <span class='ocrx_word' id='word_1_89' title='bbox 1525 1542 1720 1605; x_wconf 87' lang='lat' dir='ltr'><strong>elucet,</strong></span> <span class='ocrx_word' id='word_1_90' title='bbox 1764 1548 2017 1608; x_wconf 87' lang='lat' dir='ltr'><strong>tanquam</strong></span> 
     </span>
    </p>
   </div>
   <div class='ocr_carea' id='block_1_14' title="bbox 443 1626 2019 1705">
    <p class='ocr_par' dir='ltr' id='par_1_14' title="bbox 443 1626 2019 1705">
     <span class='ocr_line' id='line_1_14' title="bbox 443 1626 2019 1705; baseline -0.005 -19"><span class='ocrx_word' id='word_1_91' title='bbox 443 1634 630 1705; x_wconf 61' lang='lat' dir='ltr'><strong>gloria:</strong></span> <span class='ocrx_word' id='word_1_92' title='bbox 669 1634 812 1688; x_wconf 91' lang='lat' dir='ltr'><strong>illius</strong></span> <span class='ocrx_word' id='word_1_93' title='bbox 859 1633 1109 1702; x_wconf 85' lang='lat' dir='ltr'><strong>splendor</strong></span> <span class='ocrx_word' id='word_1_94' title='bbox 1152 1639 1496 1702; x_wconf 72' lang='lat' dir='ltr'><strong>paternzeque</strong></span> <span class='ocrx_word' id='word_1_95' title='bbox 1532 1628 1843 1684; x_wconf 68' lang='lat' dir='ltr'><strong>substantize</strong></span> <span class='ocrx_word' id='word_1_96' title='bbox 1891 1626 2019 1680; x_wconf 87' lang='lat' dir='ltr'><strong>cha-</strong></span> 
     </span>
    </p>
   </div>
   <div class='ocr_carea' id='block_1_15' title="bbox 441 1716 2018 1790">
    <p class='ocr_par' dir='ltr' id='par_1_15' title="bbox 441 1716 2018 1790">
     <span class='ocr_line' id='line_1_15' title="bbox 441 1716 2018 1790; baseline -0.008 -9"><span class='ocrx_word' id='word_1_97' title='bbox 441 1732 647 1787; x_wconf 78' lang='lat' dir='ltr'><strong>racter.</strong></span> <span class='ocrx_word' id='word_1_98' title='bbox 682 1724 805 1777; x_wconf 84' lang='lat' dir='ltr'><strong>Alia</strong></span> <span class='ocrx_word' id='word_1_99' title='bbox 856 1724 1069 1777; x_wconf 85' lang='lat' dir='ltr'><strong>tandem</strong></span> <span class='ocrx_word' id='word_1_100' title='bbox 1100 1729 1181 1777; x_wconf 91' lang='lat' dir='ltr'><strong>est</strong></span> <span class='ocrx_word' id='word_1_101' title='bbox 1225 1721 1453 1790; x_wconf 85' lang='lat' dir='ltr'><strong>Spiritus</strong></span> <span class='ocrx_word' id='word_1_102' title='bbox 1487 1727 1728 1782; x_wconf 87' lang='lat' dir='ltr'><strong>sanctus,</strong></span> <span class='ocrx_word' id='word_1_103' title='bbox 1757 1733 1822 1771; x_wconf 82' lang='lat' dir='ltr'><strong>ex</strong></span> <span class='ocrx_word' id='word_1_104' title='bbox 1858 1716 2018 1771; x_wconf 87' lang='lat' dir='ltr'><strong>Patre</strong></span> 
     </span>
    </p>
   </div>
   <div class='ocr_carea' id='block_1_16' title="bbox 1424 340 2645 405">
    <p class='ocr_par' dir='ltr' id='par_1_16' title="bbox 1424 340 2645 405">
     <span class='ocr_line' id='line_1_16' title="bbox 1424 340 2645 405; baseline -0.002 0"><span class='ocrx_word' id='word_1_105' title='bbox 1424 342 1488 405; x_wconf 86' lang='lat' dir='ltr'><strong>S.</strong></span> <span class='ocrx_word' id='word_1_106' title='bbox 1528 341 1948 405; x_wconf 81' lang='lat' dir='ltr'><strong>NICEPHORI</strong></span> <span class='ocrx_word' id='word_1_107' title='bbox 1985 340 2495 402; x_wconf 78' lang='lat' dir='ltr'><strong>PATRIARCH/E</strong></span> <span class='ocrx_word' id='word_1_108' title='bbox 2529 341 2645 402; x_wconf 76' lang='grc' dir='ltr'><strong>(ΖΡ.</strong></span> 
     </span>
    </p>
   </div>
   <div class='ocr_carea' id='block_1_17' title="bbox 432 434 2609 548">
    <p class='ocr_par' dir='ltr' id='par_1_17' title="bbox 432 434 2609 548">
     <span class='ocr_line' id='line_1_17' title="bbox 432 434 2609 548; baseline -0.006 -17"><span class='ocrx_word' id='word_1_109' title='bbox 432 478 569 548; x_wconf 80' lang='lat' dir='ltr'><strong>.pari</strong></span> <span class='ocrx_word' id='word_1_110' title='bbox 598 476 864 547; x_wconf 80' lang='lat' dir='ltr'><strong>potentia,</strong></span> <span class='ocrx_word' id='word_1_111' title='bbox 886 475 1075 544; x_wconf 80' lang='lat' dir='ltr'><strong>aequali</strong></span> <span class='ocrx_word' id='word_1_112' title='bbox 1114 475 1261 545; x_wconf 81' lang='lat' dir='ltr'><strong>regni</strong></span> <span class='ocrx_word' id='word_1_113' title='bbox 1296 470 1575 541; x_wconf 76' lang='lat' dir='ltr'><strong>majestate</strong></span> <span class='ocrx_word' id='word_1_114' title='bbox 1611 469 1963 540; x_wconf 84' lang='lat' dir='ltr'><strong>gloriﬁcatam</strong></span> <span class='ocrx_word' id='word_1_115' title='bbox 1989 483 2004 529; x_wconf 87' lang='lat'><strong>;</strong></span> <span class='ocrx_word' id='word_1_116' title='bbox 2034 467 2086 526; x_wconf 77' lang='grc' dir='ltr'><strong>Α</strong></span> <span class='ocrx_word' id='word_1_117' title='bbox 2595 434 2609 447; x_wconf 61' lang='grc'><em>’</em></span> 
     </span>
    </p>
   </div>
   <div class='ocr_carea' id='block_1_18' title="bbox 3558 336 3656 398">
    <p class='ocr_par' dir='ltr' id='par_1_18' title="bbox 3558 336 3656 398">
     <span class='ocr_line' id='line_1_18' title="bbox 3558 336 3656 398; baseline 0.01 -1"><span class='ocrx_word' id='word_1_118' title='bbox 3558 336 3656 398; x_wconf 59' lang='lat'><strong>184</strong></span> 
     </span>
    </p>
   </div>
   <div class='ocr_carea' id='block_1_19' title="bbox 2176 724 3665 802">
    <p class='ocr_par' dir='ltr' id='par_1_19' title="bbox 2176 724 3665 802">
     <span class='ocr_line' id='line_1_19' title="bbox 2176 724 3665 802; baseline 0.003 -22"><span class='ocrx_word' id='word_1_119' title='bbox 2176 734 2283 780; x_wconf 78' lang='grc' dir='ltr'><strong>τῶν</strong></span> <span class='ocrx_word' id='word_1_120' title='bbox 2321 728 2372 781; x_wconf 73' lang='grc' dir='ltr'><strong>ἕν</strong></span> <span class='ocrx_word' id='word_1_121' title='bbox 2407 724 2585 799; x_wconf 79' lang='grc' dir='ltr'><strong>Τριὰδι</strong></span> <span class='ocrx_word' id='word_1_122' title='bbox 2618 729 2983 799; x_wconf 76' lang='grc' dir='ltr'><strong>θεωρουμένων,</strong></span> <span class='ocrx_word' id='word_1_123' title='bbox 3022 729 3079 781; x_wconf 89' lang='grc' dir='ltr'>τὸ</span> <span class='ocrx_word' id='word_1_124' title='bbox 3113 728 3202 796; x_wconf 72' lang='grc' dir='ltr'><strong>μὲν</strong></span> <span class='ocrx_word' id='word_1_125' title='bbox 3230 733 3399 802; x_wconf 69' lang='grc' dir='ltr'>Πατὴρ</span> <span class='ocrx_word' id='word_1_126' title='bbox 3431 726 3665 800; x_wconf 75' lang='grc' dir='ltr'><strong>ἄναρχος</strong></span> 
     </span>
    </p>
   </div>
   <div class='ocr_carea' id='block_1_20' title="bbox 2110 812 3665 895">
    <p class='ocr_par' dir='ltr' id='par_1_20' title="bbox 2110 812 3665 895">
     <span class='ocr_line' id='line_1_20' title="bbox 2110 812 3665 895; baseline 0.004 -26"><span class='ocrx_word' id='word_1_127' title='bbox 2110 818 2191 869; x_wconf 73' lang='grc' dir='ltr'><strong>καὶ</strong></span> <span class='ocrx_word' id='word_1_128' title='bbox 2234 818 2464 874; x_wconf 76' lang='grc' dir='ltr'><strong>ἀναιτίως</strong></span> <span class='ocrx_word' id='word_1_129' title='bbox 2502 816 2775 889; x_wconf 76' lang='grc' dir='ltr'><strong>ὑπάρχων·</strong></span> <span class='ocrx_word' id='word_1_130' title='bbox 2802 818 2861 868; x_wconf 76' lang='grc' dir='ltr'><strong>οὐ</strong></span> <span class='ocrx_word' id='word_1_131' title='bbox 2889 818 2987 888; x_wconf 73' lang='grc' dir='ltr'><strong>γὰρ</strong></span> <span class='ocrx_word' id='word_1_132' title='bbox 3027 812 3084 869; x_wconf 78' lang='grc' dir='ltr'><strong><em>ἔκ</em></strong></span> <span class='ocrx_word' id='word_1_133' title='bbox 3105 837 3257 881; x_wconf 88' lang='grc' dir='ltr'>τινος,</span> <span class='ocrx_word' id='word_1_134' title='bbox 3286 819 3336 870; x_wconf 70' lang='grc' dir='ltr'><strong>ἓν</strong></span> <span class='ocrx_word' id='word_1_135' title='bbox 3364 819 3530 892; x_wconf 77' lang='grc' dir='ltr'><strong>ἐαυτῷ</strong></span> <span class='ocrx_word' id='word_1_136' title='bbox 3566 823 3665 895; x_wconf 72' lang='grc' dir='ltr'><strong>γὰρ</strong></span> 
     </span>
    </p>
   </div>
   <div class='ocr_carea' id='block_1_21' title="bbox 2110 904 3667 985">
    <p class='ocr_par' dir='ltr' id='par_1_21' title="bbox 2110 904 3667 985">
     <span class='ocr_line' id='line_1_21' title="bbox 2110 904 3667 985; baseline 0.003 -24"><span class='ocrx_word' id='word_1_137' title='bbox 2110 907 2170 961; x_wconf 78' lang='grc' dir='ltr'>τὸ</span> <span class='ocrx_word' id='word_1_138' title='bbox 2216 904 2339 962; x_wconf 74' lang='grc' dir='ltr'><strong>εἶναι</strong></span> <span class='ocrx_word' id='word_1_139' title='bbox 2384 907 2541 977; x_wconf 71' lang='grc' dir='ltr'><strong>ἔχων.</strong></span> <span class='ocrx_word' id='word_1_140' title='bbox 2580 912 2647 962; x_wconf 81' lang='grc' dir='ltr'>τὸ</span> <span class='ocrx_word' id='word_1_141' title='bbox 2687 907 2741 963; x_wconf 65' lang='grc' dir='ltr'><strong><em>δέ</em></strong></span> <span class='ocrx_word' id='word_1_142' title='bbox 2789 910 2904 967; x_wconf 82' lang='grc' dir='ltr'><strong>Υἱὸς</strong></span> <span class='ocrx_word' id='word_1_143' title='bbox 2956 911 3038 962; x_wconf 75' lang='grc' dir='ltr'><strong>καὶ</strong></span> <span class='ocrx_word' id='word_1_144' title='bbox 3080 910 3163 962; x_wconf 73' lang='grc' dir='ltr'><strong>οὐκ</strong></span> <span class='ocrx_word' id='word_1_145' title='bbox 3207 907 3456 985; x_wconf 77' lang='grc' dir='ltr'><strong>ἄναρχος,</strong></span> <span class='ocrx_word' id='word_1_146' title='bbox 3487 913 3540 965; x_wconf 70' lang='grc' dir='ltr'><strong>εκ</strong></span> <span class='ocrx_word' id='word_1_147' title='bbox 3577 919 3667 968; x_wconf 84' lang='grc' dir='ltr'><strong>τοῦ</strong></span> 
     </span>
    </p>
   </div>
   <div class='ocr_carea' id='block_1_22' title="bbox 2111 994 3670 1077">
    <p class='ocr_par' dir='ltr' id='par_1_22' title="bbox 2111 994 3670 1077">
     <span class='ocr_line' id='line_1_22' title="bbox 2111 994 3670 1077; baseline 0.004 -27"><span class='ocrx_word' id='word_1_148' title='bbox 2111 998 2303 1071; x_wconf 77' lang='grc' dir='ltr'>Πατρός</span> <span class='ocrx_word' id='word_1_149' title='bbox 2344 999 2464 1068; x_wconf 73' lang='grc' dir='ltr'><strong>γὰρ,</strong></span> <span class='ocrx_word' id='word_1_150' title='bbox 2505 1000 2647 1077; x_wconf 76' lang='grc' dir='ltr'><strong>ἀρχὴ</strong></span> <span class='ocrx_word' id='word_1_151' title='bbox 2686 1000 2786 1071; x_wconf 75' lang='grc' dir='ltr'><strong>γὰρ</strong></span> <span class='ocrx_word' id='word_1_152' title='bbox 2831 998 2945 1052; x_wconf 82' lang='grc' dir='ltr'><strong>Υἶοῦ</strong></span> <span class='ocrx_word' id='word_1_153' title='bbox 2987 1003 3174 1072; x_wconf 74' lang='grc' dir='ltr'><strong>Πατήρ,</strong></span> <span class='ocrx_word' id='word_1_154' title='bbox 3218 1001 3285 1059; x_wconf 80' lang='grc' dir='ltr'>ὡς</span> <span class='ocrx_word' id='word_1_155' title='bbox 3322 994 3500 1053; x_wconf 79' lang='grc' dir='ltr'><strong>αἴτιον·</strong></span> <span class='ocrx_word' id='word_1_156' title='bbox 3533 1003 3575 1055; x_wconf 71' lang='lat' dir='ltr'><strong>si</strong></span> <span class='ocrx_word' id='word_1_157' title='bbox 3619 1000 3670 1056; x_wconf 69' lang='grc' dir='ltr'><strong>δέ</strong></span> 
     </span>
    </p>
   </div>
   <div class='ocr_carea' id='block_1_23' title="bbox 2113 1086 3674 1163">
    <p class='ocr_par' dir='ltr' id='par_1_23' title="bbox 2113 1086 3674 1163">
     <span class='ocr_line' id='line_1_23' title="bbox 2113 1086 3674 1163; baseline 0.003 -24"><span class='ocrx_word' id='word_1_158' title='bbox 2113 1092 2202 1145; x_wconf 75' lang='grc' dir='ltr'><strong>τὴν</strong></span> <span class='ocrx_word' id='word_1_159' title='bbox 2247 1088 2348 1141; x_wconf 87' lang='grc' dir='ltr'><strong>ἀπό</strong></span> <span class='ocrx_word' id='word_1_160' title='bbox 2392 1088 2584 1160; x_wconf 84' lang='grc' dir='ltr'><strong>χρόνου</strong></span> <span class='ocrx_word' id='word_1_161' title='bbox 2625 1088 2892 1157; x_wconf 79' lang='grc' dir='ltr'>λαμϐάνοις</span> <span class='ocrx_word' id='word_1_162' title='bbox 2926 1089 3114 1161; x_wconf 77' lang='grc' dir='ltr'><strong>ἀρχὴν,</strong></span> <span class='ocrx_word' id='word_1_163' title='bbox 3141 1091 3223 1143; x_wconf 78' lang='grc' dir='ltr'><strong>καὶ</strong></span> <span class='ocrx_word' id='word_1_164' title='bbox 3258 1086 3503 1163; x_wconf 78' lang='grc' dir='ltr'><strong>ἅναρχος’</strong></span> <span class='ocrx_word' id='word_1_165' title='bbox 3531 1112 3674 1152; x_wconf 72' lang='grc' dir='ltr'><strong>ποιη-</strong></span> 
     </span>
    </p>
   </div>
   <div class='ocr_carea' id='block_1_24' title="bbox 2114 1178 3672 1252">
    <p class='ocr_par' dir='ltr' id='par_1_24' title="bbox 2114 1178 3672 1252">
     <span class='ocr_line' id='line_1_24' title="bbox 2114 1178 3672 1252; baseline 0.003 -22"><span class='ocrx_word' id='word_1_166' title='bbox 2114 1183 2205 1237; x_wconf 76' lang='grc' dir='ltr'>τής</span> <span class='ocrx_word' id='word_1_167' title='bbox 2246 1180 2345 1251; x_wconf 69' lang='grc' dir='ltr'><strong>γὰρ</strong></span> <span class='ocrx_word' id='word_1_168' title='bbox 2397 1178 2593 1251; x_wconf 77' lang='grc' dir='ltr'><strong>χρόνων</strong></span> <span class='ocrx_word' id='word_1_169' title='bbox 2656 1180 2763 1247; x_wconf 75' lang='grc' dir='ltr'><strong>οὐχ</strong></span> <span class='ocrx_word' id='word_1_170' title='bbox 2811 1179 2913 1233; x_wconf 75' lang='grc' dir='ltr'><strong>ὑπὸ</strong></span> <span class='ocrx_word' id='word_1_171' title='bbox 2977 1179 3202 1249; x_wconf 81' lang='grc' dir='ltr'><strong>χρόνον’</strong></span> <span class='ocrx_word' id='word_1_172' title='bbox 3250 1189 3496 1252; x_wconf 76' lang='grc' dir='ltr'><strong>γεννητῶς</strong></span> <span class='ocrx_word' id='word_1_173' title='bbox 3553 1185 3672 1252; x_wconf 69' lang='grc' dir='ltr'><strong>μὶν,</strong></span> 
     </span>
    </p>
   </div>
   <div class='ocr_carea' id='block_1_25' title="bbox 2115 1267 3677 1345">
    <p class='ocr_par' dir='ltr' id='par_1_25' title="bbox 2115 1267 3677 1345">
     <span class='ocr_line' id='line_1_25' title="bbox 2115 1267 3677 1345; baseline 0.003 -23"><span class='ocrx_word' id='word_1_174' title='bbox 2115 1268 2288 1329; x_wconf 79' lang='grc' dir='ltr'><strong>ἀϊδίως</strong></span> <span class='ocrx_word' id='word_1_175' title='bbox 2350 1267 2402 1322; x_wconf 70' lang='grc' dir='ltr'><strong>δὲ</strong></span> <span class='ocrx_word' id='word_1_176' title='bbox 2453 1271 2534 1322; x_wconf 78' lang='grc' dir='ltr'><strong>καὶ</strong></span> <span class='ocrx_word' id='word_1_177' title='bbox 2583 1267 2901 1329; x_wconf 84' lang='grc' dir='ltr'><strong>ἀδιαστάτως</strong></span> <span class='ocrx_word' id='word_1_178' title='bbox 2956 1270 3218 1340; x_wconf 62' lang='grc' dir='ltr'><strong>ὶκλάμειιας</strong></span> <span class='ocrx_word' id='word_1_179' title='bbox 3268 1279 3340 1340; x_wconf 84' lang='grc' dir='ltr'>τῷ</span> <span class='ocrx_word' id='word_1_180' title='bbox 3392 1276 3565 1345; x_wconf 72' lang='grc' dir='ltr'><strong>Πατρὶ.</strong></span> <span class='ocrx_word' id='word_1_181' title='bbox 3611 1276 3677 1334; x_wconf 72' lang='grc' dir='ltr'><strong>ὥς</strong></span> 
     </span>
    </p>
   </div>
   <div class='ocr_carea' id='block_1_26' title="bbox 2116 1356 3680 1437">
    <p class='ocr_par' dir='ltr' id='par_1_26' title="bbox 2116 1356 3680 1437">
     <span class='ocr_line' id='line_1_26' title="bbox 2116 1356 3680 1437; baseline 0.004 -24"><span class='ocrx_word' id='word_1_182' title='bbox 2116 1361 2437 1431; x_wconf 74' lang='grc' dir='ltr'><strong>ἀπαύγασμα</strong></span> <span class='ocrx_word' id='word_1_183' title='bbox 2465 1357 2824 1431; x_wconf 72' lang='grc' dir='ltr'><strong>[ἀπαύγασμα]</strong></span> <span class='ocrx_word' id='word_1_184' title='bbox 2867 1370 2959 1421; x_wconf 80' lang='grc' dir='ltr'>τῆς</span> <span class='ocrx_word' id='word_1_185' title='bbox 3002 1356 3145 1426; x_wconf 76' lang='grc' dir='ltr'>δόξης</span> <span class='ocrx_word' id='word_1_186' title='bbox 3188 1365 3267 1417; x_wconf 73' lang='grc' dir='ltr'><strong>καὶ</strong></span> <span class='ocrx_word' id='word_1_187' title='bbox 3296 1372 3388 1434; x_wconf 77' lang='grc' dir='ltr'><strong>τῆς</strong></span> <span class='ocrx_word' id='word_1_188' title='bbox 3435 1375 3680 1437; x_wconf 75' lang='grc' dir='ltr'><strong>πατρικῆς</strong></span> 
     </span>
    </p>
   </div>
   <div class='ocr_carea' id='block_1_27' title="bbox 2119 1448 3681 1523">
    <p class='ocr_par' dir='ltr' id='par_1_27' title="bbox 2119 1448 3681 1523">
     <span class='ocr_line' id='line_1_27' title="bbox 2119 1448 3681 1523; baseline 0.006 -23"><span class='ocrx_word' id='word_1_189' title='bbox 2119 1454 2391 1523; x_wconf 73' lang='grc' dir='ltr'><strong>χαρακτὴρ</strong></span> <span class='ocrx_word' id='word_1_190' title='bbox 2435 1448 2787 1509; x_wconf 70' lang='grc' dir='ltr'><strong>ὑποστάσεως.</strong></span> <span class='ocrx_word' id='word_1_191' title='bbox 2847 1452 2913 1504; x_wconf 85' lang='grc' dir='ltr'><strong>Τὸ</strong></span> <span class='ocrx_word' id='word_1_192' title='bbox 2965 1448 3020 1505; x_wconf 66' lang='grc' dir='ltr'><strong>δὲ</strong></span> <span class='ocrx_word' id='word_1_193' title='bbox 3068 1458 3265 1521; x_wconf 71' lang='grc' dir='ltr'><strong>Πνεῦμα</strong></span> <span class='ocrx_word' id='word_1_194' title='bbox 3301 1452 3444 1522; x_wconf 69' lang='grc' dir='ltr'><strong>ἅγιον</strong></span> <span class='ocrx_word' id='word_1_195' title='bbox 3471 1454 3543 1506; x_wconf 66' lang='grc' dir='ltr'><strong>’ἐκ</strong></span> <span class='ocrx_word' id='word_1_196' title='bbox 3590 1460 3681 1510; x_wconf 82' lang='grc' dir='ltr'>τοῦ</span> 
     </span>
    </p>
   </div>
   <div class='ocr_carea' id='block_1_28' title="bbox 2117 1533 3681 1613">
    <p class='ocr_par' dir='ltr' id='par_1_28' title="bbox 2117 1533 3681 1613">
     <span class='ocr_line' id='line_1_28' title="bbox 2117 1533 3681 1613; baseline 0.005 -23"><span class='ocrx_word' id='word_1_197' title='bbox 2117 1537 2309 1612; x_wconf 82' lang='grc' dir='ltr'><strong>Πατρὸς</strong></span> <span class='ocrx_word' id='word_1_198' title='bbox 2336 1541 2425 1607; x_wconf 72' lang='grc' dir='ltr'><strong>τήν</strong></span> <span class='ocrx_word' id='word_1_199' title='bbox 2472 1534 2686 1610; x_wconf 80' lang='grc' dir='ltr'><strong>ὕπαρξιν</strong></span> <span class='ocrx_word' id='word_1_200' title='bbox 2718 1533 2866 1608; x_wconf 71' lang='grc' dir='ltr'><strong>ἕχον,</strong></span> <span class='ocrx_word' id='word_1_201' title='bbox 2899 1539 2958 1591; x_wconf 79' lang='grc' dir='ltr'><strong>οὐ</strong></span> <span class='ocrx_word' id='word_1_202' title='bbox 2985 1548 3226 1609; x_wconf 71' lang='grc' dir='ltr'><strong>γιννητῶς</strong></span> <span class='ocrx_word' id='word_1_203' title='bbox 3253 1543 3365 1613; x_wconf 82' lang='grc' dir='ltr'><strong>μὶν,</strong></span> <span class='ocrx_word' id='word_1_204' title='bbox 3405 1538 3509 1596; x_wconf 77' lang='grc' dir='ltr'><strong>ἀλλ’</strong></span> <span class='ocrx_word' id='word_1_205' title='bbox 3529 1543 3681 1606; x_wconf 70' lang='grc' dir='ltr'><strong>ἐκπο-</strong></span> 
     </span>
    </p>
   </div>
   <div class='ocr_carea' id='block_1_29' title="bbox 2116 1623 3681 1705">
    <p class='ocr_par' dir='ltr' id='par_1_29' title="bbox 2116 1623 3681 1705">
     <span class='ocr_line' id='line_1_29' title="bbox 2116 1623 3681 1705; baseline 0.007 -29"><span class='ocrx_word' id='word_1_206' title='bbox 2116 1630 2330 1697; x_wconf 79' lang='grc' dir='ltr'><strong>ριυτῶς,</strong></span> <span class='ocrx_word' id='word_1_207' title='bbox 2377 1623 2551 1685; x_wconf 81' lang='grc' dir='ltr'><strong>ἀϊδίως</strong></span> <span class='ocrx_word' id='word_1_208' title='bbox 2588 1628 2757 1705; x_wconf 36' lang='grc' dir='ltr'><strong>Πατρὶ.</strong></span> <span class='ocrx_word' id='word_1_209' title='bbox 2798 1628 2879 1681; x_wconf 69' lang='grc' dir='ltr'><strong>καὶ</strong></span> <span class='ocrx_word' id='word_1_210' title='bbox 2923 1628 3028 1699; x_wconf 79' lang='grc' dir='ltr'><strong>Ϊὶῷ</strong></span> <span class='ocrx_word' id='word_1_211' title='bbox 3077 1632 3525 1700; x_wconf 77' lang='grc' dir='ltr'><strong>συνθιωρούμινον,</strong></span> <span class='ocrx_word' id='word_1_212' title='bbox 3592 1633 3681 1696; x_wconf 62' lang='grc' dir='ltr'><strong>οὐκ</strong></span> 
     </span>
    </p>
   </div>
   <div class='ocr_carea' id='block_1_30' title="bbox 2121 1712 3680 1797">
    <p class='ocr_par' dir='ltr' id='par_1_30' title="bbox 2121 1712 3680 1797">
     <span class='ocr_line' id='line_1_30' title="bbox 2121 1712 3680 1797; baseline 0.007 -30"><span class='ocrx_word' id='word_1_213' title='bbox 2121 1712 2351 1790; x_wconf 77' lang='grc' dir='ltr'><strong>ἄναρχον</strong></span> <span class='ocrx_word' id='word_1_214' title='bbox 2495 1715 2596 1770; x_wconf 73' lang='grc' dir='ltr'><strong>’διὰ</strong></span> <span class='ocrx_word' id='word_1_215' title='bbox 2638 1723 2728 1774; x_wconf 64' lang='grc' dir='ltr'><strong>τήν</strong></span> <span class='ocrx_word' id='word_1_216' title='bbox 2776 1718 2830 1770; x_wconf 66' lang='grc' dir='ltr'><strong><em>ἐκ</em></strong></span> <span class='ocrx_word' id='word_1_217' title='bbox 2862 1723 2951 1772; x_wconf 81' lang='grc' dir='ltr'><strong>τοῦ</strong></span> <span class='ocrx_word' id='word_1_218' title='bbox 2982 1722 3172 1793; x_wconf 81' lang='grc' dir='ltr'>Πατρός</span> <span class='ocrx_word' id='word_1_219' title='bbox 3194 1722 3510 1793; x_wconf 70' lang='grc' dir='ltr'><strong>ἕκπόριυσιν·</strong></span> <span class='ocrx_word' id='word_1_220' title='bbox 3541 1725 3680 1797; x_wconf 75' lang='grc' dir='ltr'><strong>ἀρχή</strong></span> 
     </span>
    </p>
   </div>
   <div class='ocr_carea' id='block_1_31' title="bbox 445 1789 2028 1887">
    <p class='ocr_par' dir='ltr' id='par_1_31' title="bbox 445 1808 2013 1883">
     <span class='ocr_line' id='line_1_31' title="bbox 445 1808 2013 1883; baseline -0.008 -11"><span class='ocrx_word' id='word_1_221' title='bbox 445 1816 864 1879; x_wconf 89' lang='lat' dir='ltr'><strong>nonnativitate,</strong></span> <span class='ocrx_word' id='word_1_222' title='bbox 904 1814 995 1869; x_wconf 89' lang='lat' dir='ltr'><strong>sed</strong></span> <span class='ocrx_word' id='word_1_223' title='bbox 1035 1814 1378 1883; x_wconf 90' lang='lat' dir='ltr'><strong>processione</strong></span> <span class='ocrx_word' id='word_1_224' title='bbox 1399 1811 1755 1866; x_wconf 87' lang='lat' dir='ltr'><strong>substantiam</strong></span> <span class='ocrx_word' id='word_1_225' title='bbox 1791 1808 2013 1869; x_wconf 85' lang='lat' dir='ltr'><strong>habens,</strong></span> 
     </span>
    </p>
   </div>
   <div class='ocr_carea' id='block_1_32' title="bbox 2126 1789 3682 1887">
    <p class='ocr_par' dir='ltr' id='par_1_32' title="bbox 2126 1789 3682 1887">
     <span class='ocr_line' id='line_1_32' title="bbox 2126 1789 3682 1887; baseline 0.008 -27"><span class='ocrx_word' id='word_1_226' title='bbox 2126 1789 2229 1881; x_wconf 16' lang='lat'><strong>7&amp;9,</strong></span> <span class='ocrx_word' id='word_1_227' title='bbox 2263 1811 2345 1863; x_wconf 69' lang='lat' dir='ltr'><strong>mi</strong></span> <span class='ocrx_word' id='word_1_228' title='bbox 2378 1810 2531 1864; x_wconf 80' lang='grc' dir='ltr'>αὐτοῦ</span> <span class='ocrx_word' id='word_1_229' title='bbox 2571 1808 2597 1863; x_wconf 86' lang='grc' dir='ltr'>ὁ</span> <span class='ocrx_word' id='word_1_230' title='bbox 2646 1814 2812 1884; x_wconf 71' lang='grc' dir='ltr'><strong>Πατήρ</strong></span> <span class='ocrx_word' id='word_1_231' title='bbox 2857 1813 2993 1865; x_wconf 79' lang='grc' dir='ltr'><strong>κατά</strong></span> <span class='ocrx_word' id='word_1_232' title='bbox 3040 1789 3123 1867; x_wconf 51' lang='grc' dir='ltr'><strong>τάν</strong></span> <span class='ocrx_word' id='word_1_233' title='bbox 3172 1820 3260 1869; x_wconf 82' lang='grc' dir='ltr'><strong>τοῦ</strong></span> <span class='ocrx_word' id='word_1_234' title='bbox 3301 1789 3470 1870; x_wconf 61' lang='grc' dir='ltr'><strong>αἰτίου</strong></span> <span class='ocrx_word' id='word_1_235' title='bbox 3516 1789 3682 1887; x_wconf 53' lang='grc' dir='ltr'><strong>λὸᾖνω,</strong></span> 
     </span>
    </p>
   </div>
   <div class='ocr_carea' id='block_1_33' title="bbox 446 1903 2016 1978">
    <p class='ocr_par' dir='ltr' id='par_1_33' title="bbox 446 1903 2016 1978">
     <span class='ocr_line' id='line_1_33' title="bbox 446 1903 2016 1978; baseline -0.005 -15"><span class='ocrx_word' id='word_1_236' title='bbox 446 1910 801 1978; x_wconf 82' lang='lat' dir='ltr'><strong>eamdemque</strong></span> <span class='ocrx_word' id='word_1_237' title='bbox 824 1925 946 1964; x_wconf 92' lang='lat' dir='ltr'><strong>cum</strong></span> <span class='ocrx_word' id='word_1_238' title='bbox 967 1908 1127 1962; x_wconf 87' lang='lat' dir='ltr'><strong>Patre</strong></span> <span class='ocrx_word' id='word_1_239' title='bbox 1152 1916 1205 1961; x_wconf 90' lang='lat' dir='ltr'><strong>et</strong></span> <span class='ocrx_word' id='word_1_240' title='bbox 1222 1907 1358 1961; x_wconf 86' lang='lat' dir='ltr'><strong>Filio</strong></span> <span class='ocrx_word' id='word_1_241' title='bbox 1377 1907 1735 1962; x_wconf 67' lang='lat' dir='ltr'><strong>aeternitatem</strong></span> <span class='ocrx_word' id='word_1_242' title='bbox 1763 1903 2016 1967; x_wconf 86' lang='lat' dir='ltr'><strong>sortitus;</strong></span> 
     </span>
    </p>
   </div>
   <div class='ocr_carea' id='block_1_34' title="bbox 445 1995 2020 2067">
    <p class='ocr_par' dir='ltr' id='par_1_34' title="bbox 445 1995 2020 2067">
     <span class='ocr_line' id='line_1_34' title="bbox 445 1995 2020 2067; baseline -0.003 -14"><span class='ocrx_word' id='word_1_243' title='bbox 445 2005 681 2054; x_wconf 62' lang='lat' dir='ltr'><strong>aeternus</strong></span> <span class='ocrx_word' id='word_1_244' title='bbox 705 1998 939 2067; x_wconf 83' lang='lat' dir='ltr'><strong>quidem,</strong></span> <span class='ocrx_word' id='word_1_245' title='bbox 959 2012 1065 2051; x_wconf 89' lang='lat' dir='ltr'><strong>non</strong></span> <span class='ocrx_word' id='word_1_246' title='bbox 1097 2004 1273 2051; x_wconf 86' lang='lat' dir='ltr'><strong>tamen</strong></span> <span class='ocrx_word' id='word_1_247' title='bbox 1299 1997 1501 2066; x_wconf 87' lang='lat' dir='ltr'><strong>absque</strong></span> <span class='ocrx_word' id='word_1_248' title='bbox 1528 1995 1816 2067; x_wconf 91' lang='lat' dir='ltr'><strong>principio,</strong></span> <span class='ocrx_word' id='word_1_249' title='bbox 1844 2002 1905 2048; x_wconf 91' lang='lat' dir='ltr'><strong>ut</strong></span> <span class='ocrx_word' id='word_1_250' title='bbox 1924 1996 2020 2064; x_wconf 89' lang='lat' dir='ltr'><strong>qui</strong></span> 
     </span>
    </p>
   </div>
   <div class='ocr_carea' id='block_1_35' title="bbox 446 2068 2020 2155">
    <p class='ocr_par' dir='ltr' id='par_1_35' title="bbox 446 2068 2020 2155">
     <span class='ocr_line' id='line_1_35' title="bbox 446 2068 2020 2155; baseline -0.001 -16"><span class='ocrx_word' id='word_1_251' title='bbox 446 2099 478 2139; x_wconf 87' lang='lat' dir='ltr'><strong>a</strong></span> <span class='ocrx_word' id='word_1_252' title='bbox 509 2085 668 2141; x_wconf 87' lang='lat' dir='ltr'><strong>Patre</strong></span> <span class='ocrx_word' id='word_1_253' title='bbox 700 2086 955 2155; x_wconf 87' lang='lat' dir='ltr'><strong>procedat</strong></span> <span class='ocrx_word' id='word_1_254' title='bbox 989 2100 1004 2138; x_wconf 91' lang='lat'><strong>:</strong></span> <span class='ocrx_word' id='word_1_255' title='bbox 1051 2093 1134 2139; x_wconf 91' lang='lat' dir='ltr'><strong>est</strong></span> <span class='ocrx_word' id='word_1_256' title='bbox 1164 2068 1306 2139; x_wconf 81' lang='lat' dir='ltr'><strong>enim</strong></span> <span class='ocrx_word' id='word_1_257' title='bbox 1346 2083 1506 2139; x_wconf 89' lang='lat' dir='ltr'><strong>Pater</strong></span> <span class='ocrx_word' id='word_1_258' title='bbox 1550 2085 1763 2138; x_wconf 84' lang='lat' dir='ltr'><strong>ratione</strong></span> <span class='ocrx_word' id='word_1_259' title='bbox 1794 2084 2020 2154; x_wconf 79' lang='lat' dir='ltr'><strong>originis</strong></span> 
     </span>
    </p>
   </div>
   <div class='ocr_carea' id='block_1_36' title="bbox 444 2176 2024 2247">
    <p class='ocr_par' dir='ltr' id='par_1_36' title="bbox 444 2176 2024 2247">
     <span class='ocr_line' id='line_1_36' title="bbox 444 2176 2024 2247; baseline -0.003 -13"><span class='ocrx_word' id='word_1_260' title='bbox 444 2187 503 2234; x_wconf 90' lang='lat' dir='ltr'><strong>et</strong></span> <span class='ocrx_word' id='word_1_261' title='bbox 550 2178 689 2234; x_wconf 91' lang='lat' dir='ltr'><strong>illius</strong></span> <span class='ocrx_word' id='word_1_262' title='bbox 736 2193 947 2247; x_wconf 90' lang='lat' dir='ltr'><strong>quoque</strong></span> <span class='ocrx_word' id='word_1_263' title='bbox 1009 2177 1331 2246; x_wconf 87' lang='lat' dir='ltr'><strong>principium</strong></span> <span class='ocrx_word' id='word_1_264' title='bbox 1386 2191 1401 2231; x_wconf 89' lang='lat'><strong>:</strong></span> <span class='ocrx_word' id='word_1_265' title='bbox 1447 2192 1634 2231; x_wconf 79' lang='lat' dir='ltr'><strong>verum</strong></span> <span class='ocrx_word' id='word_1_266' title='bbox 1693 2176 1762 2230; x_wconf 85' lang='lat' dir='ltr'><strong>ad</strong></span> <span class='ocrx_word' id='word_1_267' title='bbox 1814 2183 2024 2245; x_wconf 87' lang='lat' dir='ltr'><strong>tempus</strong></span> 
     </span>
    </p>
   </div>
   <div class='ocr_carea' id='block_1_37' title="bbox 444 2264 1926 2339">
    <p class='ocr_par' dir='ltr' id='par_1_37' title="bbox 444 2264 1926 2339">
     <span class='ocr_line' id='line_1_37' title="bbox 444 2264 1926 2339; baseline -0.003 -17"><span class='ocrx_word' id='word_1_268' title='bbox 444 2268 590 2339; x_wconf 83' lang='lat' dir='ltr'><strong>quod</strong></span> <span class='ocrx_word' id='word_1_269' title='bbox 625 2269 837 2331; x_wconf 80' lang='lat' dir='ltr'><strong>attinet,</strong></span> <span class='ocrx_word' id='word_1_270' title='bbox 863 2275 917 2321; x_wconf 90' lang='lat' dir='ltr'><strong>et</strong></span> <span class='ocrx_word' id='word_1_271' title='bbox 943 2267 1059 2336; x_wconf 91' lang='lat' dir='ltr'><strong>ipse</strong></span> <span class='ocrx_word' id='word_1_272' title='bbox 1083 2281 1299 2334; x_wconf 88' lang='lat' dir='ltr'><strong>quoque</strong></span> <span class='ocrx_word' id='word_1_273' title='bbox 1322 2264 1574 2334; x_wconf 89' lang='lat' dir='ltr'><strong>principii</strong></span> <span class='ocrx_word' id='word_1_274' title='bbox 1604 2279 1800 2332; x_wconf 79' lang='lat' dir='ltr'><strong>expers</strong></span> <span class='ocrx_word' id='word_1_275' title='bbox 1821 2272 1926 2318; x_wconf 83' lang='lat' dir='ltr'><strong>est.</strong></span> 
     </span>
    </p>
   </div>
   <div class='ocr_carea' id='block_1_38' title="bbox 520 2352 2023 2423">
    <p class='ocr_par' dir='ltr' id='par_1_38' title="bbox 520 2352 2023 2423">
     <span class='ocr_line' id='line_1_38' title="bbox 520 2352 2023 2423; baseline -0.003 -13"><span class='ocrx_word' id='word_1_276' title='bbox 520 2355 673 2411; x_wconf 84' lang='lat' dir='ltr'><strong>Unus</strong></span> <span class='ocrx_word' id='word_1_277' title='bbox 700 2356 864 2423; x_wconf 84' lang='lat' dir='ltr'><strong>igitur</strong></span> <span class='ocrx_word' id='word_1_278' title='bbox 887 2362 971 2408; x_wconf 89' lang='lat' dir='ltr'><strong>est</strong></span> <span class='ocrx_word' id='word_1_279' title='bbox 1006 2353 1149 2411; x_wconf 86' lang='lat' dir='ltr'><strong>Deus</strong></span> <span class='ocrx_word' id='word_1_280' title='bbox 1172 2352 1334 2407; x_wconf 89' lang='lat' dir='ltr'><strong>Pater</strong></span> <span class='ocrx_word' id='word_1_281' title='bbox 1358 2368 1425 2406; x_wconf 77' lang='lat' dir='ltr'><strong>ex</strong></span> <span class='ocrx_word' id='word_1_282' title='bbox 1449 2367 1556 2421; x_wconf 90' lang='lat' dir='ltr'><strong>quo</strong></span> <span class='ocrx_word' id='word_1_283' title='bbox 1578 2353 1781 2417; x_wconf 87' lang='lat' dir='ltr'><strong>omnia,</strong></span> <span class='ocrx_word' id='word_1_284' title='bbox 1811 2360 1867 2405; x_wconf 89' lang='lat' dir='ltr'><strong>et</strong></span> <span class='ocrx_word' id='word_1_285' title='bbox 1884 2368 2023 2407; x_wconf 91' lang='lat' dir='ltr'><strong>unus</strong></span> 
     </span>
    </p>
   </div>
   <div class='ocr_carea' id='block_1_39' title="bbox 340 2440 2024 2511">
    <p class='ocr_par' dir='ltr' id='par_1_39' title="bbox 340 2440 2024 2511">
     <span class='ocr_line' id='line_1_39' title="bbox 340 2440 2024 2511; baseline -0.002 -11"><span class='ocrx_word' id='word_1_286' title='bbox 340 2466 359 2485; x_wconf 63' lang='grc' dir='ltr'><strong>κ</strong></span> <span class='ocrx_word' id='word_1_287' title='bbox 444 2443 710 2500; x_wconf 87' lang='lat' dir='ltr'><strong>Dominus</strong></span> <span class='ocrx_word' id='word_1_288' title='bbox 758 2440 915 2498; x_wconf 72' lang='lat' dir='ltr'><strong>Iesus</strong></span> <span class='ocrx_word' id='word_1_289' title='bbox 945 2442 1194 2497; x_wconf 86' lang='lat' dir='ltr'><strong>Christus</strong></span> <span class='ocrx_word' id='word_1_290' title='bbox 1222 2457 1319 2511; x_wconf 90' lang='lat' dir='ltr'><strong>per</strong></span> <span class='ocrx_word' id='word_1_291' title='bbox 1362 2457 1520 2511; x_wconf 89' lang='lat' dir='ltr'><strong>quem</strong></span> <span class='ocrx_word' id='word_1_292' title='bbox 1553 2442 1765 2505; x_wconf 89' lang='lat' dir='ltr'><strong>omnia,</strong></span> <span class='ocrx_word' id='word_1_293' title='bbox 1806 2450 1861 2495; x_wconf 92' lang='lat' dir='ltr'><strong>et</strong></span> <span class='ocrx_word' id='word_1_294' title='bbox 1887 2457 2024 2496; x_wconf 87' lang='lat' dir='ltr'><strong>unus</strong></span> 
     </span>
    </p>
   </div>
   <div class='ocr_carea' id='block_1_40' title="bbox 449 2529 2024 2603">
    <p class='ocr_par' dir='ltr' id='par_1_40' title="bbox 449 2529 2024 2603">
     <span class='ocr_line' id='line_1_40' title="bbox 449 2529 2024 2603; baseline -0.001 -16"><span class='ocrx_word' id='word_1_295' title='bbox 449 2529 688 2603; x_wconf 87' lang='lat' dir='ltr'><strong>Spiritus</strong></span> <span class='ocrx_word' id='word_1_296' title='bbox 722 2539 939 2586; x_wconf 85' lang='lat' dir='ltr'><strong>sanctus</strong></span> <span class='ocrx_word' id='word_1_297' title='bbox 968 2532 1024 2585; x_wconf 92' lang='lat' dir='ltr'><strong>in</strong></span> <span class='ocrx_word' id='word_1_298' title='bbox 1053 2546 1213 2599; x_wconf 85' lang='lat' dir='ltr'><strong>quem</strong></span> <span class='ocrx_word' id='word_1_299' title='bbox 1242 2531 1444 2585; x_wconf 88' lang='lat' dir='ltr'><strong>omnia.</strong></span> <span class='ocrx_word' id='word_1_300' title='bbox 1475 2531 1554 2583; x_wconf 83' lang='lat' dir='ltr'><strong>Ex</strong></span> <span class='ocrx_word' id='word_1_301' title='bbox 1586 2531 1680 2585; x_wconf 87' lang='lat' dir='ltr'><strong>his</strong></span> <span class='ocrx_word' id='word_1_302' title='bbox 1700 2530 1877 2585; x_wconf 88' lang='lat' dir='ltr'><strong>tribus</strong></span> <span class='ocrx_word' id='word_1_303' title='bbox 1902 2547 2024 2600; x_wconf 89' lang='lat' dir='ltr'><strong>per-</strong></span> 
     </span>
    </p>
   </div>
   <div class='ocr_carea' id='block_1_41' title="bbox 445 2620 2025 2692">
    <p class='ocr_par' dir='ltr' id='par_1_41' title="bbox 445 2620 2025 2692">
     <span class='ocr_line' id='line_1_41' title="bbox 445 2620 2025 2692; baseline -0.001 -14"><span class='ocrx_word' id='word_1_304' title='bbox 445 2620 609 2678; x_wconf 85' lang='lat' dir='ltr'><strong>fectis</strong></span> <span class='ocrx_word' id='word_1_305' title='bbox 643 2639 757 2679; x_wconf 77' lang='lat' dir='ltr'><strong>una,</strong></span> <span class='ocrx_word' id='word_1_306' title='bbox 787 2621 1211 2692; x_wconf 83' lang='lat' dir='ltr'><strong>perfectissima,</strong></span> <span class='ocrx_word' id='word_1_307' title='bbox 1254 2622 1363 2676; x_wconf 91' lang='lat' dir='ltr'><strong>imo</strong></span> <span class='ocrx_word' id='word_1_308' title='bbox 1394 2622 1685 2679; x_wconf 84' lang='lat' dir='ltr'><strong>secundum</strong></span> <span class='ocrx_word' id='word_1_309' title='bbox 1712 2638 1775 2677; x_wconf 89' lang='lat' dir='ltr'><strong>se</strong></span> <span class='ocrx_word' id='word_1_310' title='bbox 1812 2624 2025 2678; x_wconf 82' lang='lat' dir='ltr'><strong>absolu-</strong></span> 
     </span>
    </p>
   </div>
   <div class='ocr_carea' id='block_1_42' title="bbox 446 2710 2024 2780">
    <p class='ocr_par' dir='ltr' id='par_1_42' title="bbox 446 2710 2024 2780">
     <span class='ocr_line' id='line_1_42' title="bbox 446 2710 2024 2780; baseline 0 -13"><span class='ocrx_word' id='word_1_311' title='bbox 446 2711 659 2768; x_wconf 84' lang='lat' dir='ltr'><strong>tissima</strong></span> <span class='ocrx_word' id='word_1_312' title='bbox 672 2719 886 2766; x_wconf 88' lang='lat' dir='ltr'><strong>constat</strong></span> <span class='ocrx_word' id='word_1_313' title='bbox 912 2712 1105 2780; x_wconf 85' lang='lat' dir='ltr'><strong>deitas;</strong></span> <span class='ocrx_word' id='word_1_314' title='bbox 1117 2710 1539 2780; x_wconf 86' lang='lat' dir='ltr'><strong>proprietatibus</strong></span> <span class='ocrx_word' id='word_1_315' title='bbox 1558 2726 1689 2765; x_wconf 89' lang='lat' dir='ltr'><strong>sane</strong></span> <span class='ocrx_word' id='word_1_316' title='bbox 1702 2711 2024 2767; x_wconf 81' lang='lat' dir='ltr'><strong>distinctivis</strong></span> 
     </span>
    </p>
   </div>
   <div class='ocr_carea' id='block_1_43' title="bbox 448 2800 2023 2873">
    <p class='ocr_par' dir='ltr' id='par_1_43' title="bbox 448 2800 2023 2873">
     <span class='ocr_line' id='line_1_43' title="bbox 448 2800 2023 2873; baseline -0.001 -15"><span class='ocrx_word' id='word_1_317' title='bbox 448 2817 517 2858; x_wconf 86' lang='lat' dir='ltr'><strong>ac</strong></span> <span class='ocrx_word' id='word_1_318' title='bbox 560 2802 932 2873; x_wconf 87' lang='lat' dir='ltr'><strong>personalibus</strong></span> <span class='ocrx_word' id='word_1_319' title='bbox 960 2802 1279 2871; x_wconf 85' lang='lat' dir='ltr'><strong>hypostases</strong></span> <span class='ocrx_word' id='word_1_320' title='bbox 1321 2800 1462 2855; x_wconf 91' lang='lat' dir='ltr'><strong>inter</strong></span> <span class='ocrx_word' id='word_1_321' title='bbox 1494 2816 1551 2856; x_wconf 89' lang='lat' dir='ltr'><strong>se</strong></span> <span class='ocrx_word' id='word_1_322' title='bbox 1590 2809 1713 2856; x_wconf 89' lang='lat' dir='ltr'><strong>sunt</strong></span> <span class='ocrx_word' id='word_1_323' title='bbox 1759 2801 2023 2856; x_wconf 73' lang='lat' dir='ltr'><strong>distincta:</strong></span> 
     </span>
    </p>
   </div>
   <div class='ocr_carea' id='block_1_44' title="bbox 374 2890 2023 2962">
    <p class='ocr_par' dir='ltr' id='par_1_44' title="bbox 374 2890 2023 2962">
     <span class='ocr_line' id='line_1_44' title="bbox 374 2890 2023 2962; baseline 0.001 -18"><span class='ocrx_word' id='word_1_324' title='bbox 374 2902 383 2922; x_wconf 54' lang='grc' dir='ltr'><strong><em>κ</em></strong></span> <span class='ocrx_word' id='word_1_325' title='bbox 450 2890 727 2962; x_wconf 56' lang='lat' dir='ltr'><strong>(qualibet</strong></span> <span class='ocrx_word' id='word_1_326' title='bbox 756 2905 985 2959; x_wconf 89' lang='lat' dir='ltr'><strong>namque</strong></span> <span class='ocrx_word' id='word_1_327' title='bbox 1013 2904 1399 2959; x_wconf 85' lang='lat' dir='ltr'><strong>personarum,</strong></span> <span class='ocrx_word' id='word_1_328' title='bbox 1430 2891 1588 2945; x_wconf 88' lang='lat' dir='ltr'><strong>etiam</strong></span> <span class='ocrx_word' id='word_1_329' title='bbox 1621 2891 1664 2944; x_wconf 88' lang='lat' dir='ltr'><strong>si</strong></span> <span class='ocrx_word' id='word_1_330' title='bbox 1693 2900 1914 2961; x_wconf 90' lang='lat' dir='ltr'><strong>propter</strong></span> <span class='ocrx_word' id='word_1_331' title='bbox 1938 2907 2023 2947; x_wconf 89' lang='lat' dir='ltr'><strong>es-</strong></span> 
     </span>
    </p>
   </div>
   <div class='ocr_carea' id='block_1_45' title="bbox 448 2974 2020 3051">
    <p class='ocr_par' dir='ltr' id='par_1_45' title="bbox 448 2974 2020 3051">
     <span class='ocr_line' id='line_1_45' title="bbox 448 2974 2020 3051; baseline -0.002 -14"><span class='ocrx_word' id='word_1_332' title='bbox 448 2980 640 3037; x_wconf 75' lang='lat' dir='ltr'><strong>sentia:</strong></span> <span class='ocrx_word' id='word_1_333' title='bbox 669 2978 1100 3047; x_wconf 87' lang='lat' dir='ltr'><strong>conjunctionem</strong></span> <span class='ocrx_word' id='word_1_334' title='bbox 1148 2978 1214 3031; x_wconf 88' lang='lat' dir='ltr'><strong>ab</strong></span> <span class='ocrx_word' id='word_1_335' title='bbox 1250 2974 1417 3033; x_wconf 87' lang='lat' dir='ltr'><strong>altera</strong></span> <span class='ocrx_word' id='word_1_336' title='bbox 1447 2980 1651 3033; x_wconf 90' lang='lat' dir='ltr'><strong>secerni</strong></span> <span class='ocrx_word' id='word_1_337' title='bbox 1692 2996 1798 3036; x_wconf 93' lang='lat' dir='ltr'><strong>non</strong></span> <span class='ocrx_word' id='word_1_338' title='bbox 1836 2989 2020 3051; x_wconf 88' lang='lat' dir='ltr'><strong>queat,</strong></span> 
     </span>
    </p>
   </div>
   <div class='ocr_carea' id='block_1_46' title="bbox 448 3067 2024 3139">
    <p class='ocr_par' dir='ltr' id='par_1_46' title="bbox 448 3067 2024 3139">
     <span class='ocr_line' id='line_1_46' title="bbox 448 3067 2024 3139; baseline 0.002 -17"><span class='ocrx_word' id='word_1_339' title='bbox 448 3068 780 3139; x_wconf 85' lang='lat' dir='ltr'><strong>proprietate</strong></span> <span class='ocrx_word' id='word_1_340' title='bbox 817 3074 996 3121; x_wconf 89' lang='lat' dir='ltr'><strong>tamen</strong></span> <span class='ocrx_word' id='word_1_341' title='bbox 1030 3067 1296 3135; x_wconf 89' lang='lat' dir='ltr'><strong>personali</strong></span> <span class='ocrx_word' id='word_1_342' title='bbox 1330 3068 1633 3139; x_wconf 89' lang='lat' dir='ltr'><strong>mentisque</strong></span> <span class='ocrx_word' id='word_1_343' title='bbox 1668 3078 1926 3139; x_wconf 87' lang='lat' dir='ltr'><strong>conceptu</strong></span> <span class='ocrx_word' id='word_1_344' title='bbox 1956 3072 2024 3125; x_wconf 89' lang='lat' dir='ltr'><strong>ab</strong></span> 
     </span>
    </p>
   </div>
   <div class='ocr_carea' id='block_1_47' title="bbox 451 3120 2095 3228">
    <p class='ocr_par' dir='ltr' id='par_1_47' title="bbox 451 3120 2095 3228">
     <span class='ocr_line' id='line_1_47' title="bbox 451 3120 2095 3228; baseline 0.002 -17"><span class='ocrx_word' id='word_1_345' title='bbox 451 3120 626 3213; x_wconf 49' lang='lat' dir='ltr'><strong>altera</strong></span> <span class='ocrx_word' id='word_1_346' title='bbox 655 3158 1025 3228; x_wconf 82' lang='lat' dir='ltr'><strong>distinguitur,</strong></span> <span class='ocrx_word' id='word_1_347' title='bbox 1053 3156 1299 3226; x_wconf 89' lang='lat' dir='ltr'><strong>Deusque</strong></span> <span class='ocrx_word' id='word_1_348' title='bbox 1340 3120 1627 3228; x_wconf 68' lang='lat' dir='ltr'><strong>perfectus,</strong></span> <span class='ocrx_word' id='word_1_349' title='bbox 1658 3162 1762 3217; x_wconf 87' lang='lat' dir='ltr'><strong>hoc</strong></span> <span class='ocrx_word' id='word_1_350' title='bbox 1790 3120 1873 3215; x_wconf 55' lang='lat' dir='ltr'><strong>esrt</strong></span> <span class='ocrx_word' id='word_1_351' title='bbox 1902 3177 2021 3215; x_wconf 92' lang='lat' dir='ltr'><strong>om-</strong></span> <span class='ocrx_word' id='word_1_352' title='bbox 2052 3120 2095 3182; x_wconf 68' lang='grc' dir='ltr'>Ο</span> 
     </span>
    </p>
   </div>
   <div class='ocr_carea' id='block_1_48' title="bbox 449 3247 2026 3315">
    <p class='ocr_par' dir='ltr' id='par_1_48' title="bbox 449 3247 2026 3315">
     <span class='ocr_line' id='line_1_48' title="bbox 449 3247 2026 3315; baseline 0 -12"><span class='ocrx_word' id='word_1_353' title='bbox 449 3248 614 3303; x_wconf 86' lang='lat' dir='ltr'><strong>nibus</strong></span> <span class='ocrx_word' id='word_1_354' title='bbox 642 3248 859 3302; x_wconf 87' lang='lat' dir='ltr'><strong>deitatis</strong></span> <span class='ocrx_word' id='word_1_355' title='bbox 886 3247 1302 3315; x_wconf 87' lang='lat' dir='ltr'><strong>proprietatibus</strong></span> <span class='ocrx_word' id='word_1_356' title='bbox 1325 3257 1513 3307; x_wconf 89' lang='lat' dir='ltr'><strong>ornata</strong></span> <span class='ocrx_word' id='word_1_357' title='bbox 1546 3265 1663 3304; x_wconf 89' lang='lat' dir='ltr'><strong>esse</strong></span> <span class='ocrx_word' id='word_1_358' title='bbox 1693 3251 1939 3304; x_wconf 89' lang='lat' dir='ltr'><strong>noscitur</strong></span> <span class='ocrx_word' id='word_1_359' title='bbox 1972 3258 2026 3305; x_wconf 92' lang='lat' dir='ltr'><strong>et</strong></span> 
     </span>
    </p>
   </div>
   <div class='ocr_carea' id='block_1_49' title="bbox 451 3337 2023 3408">
    <p class='ocr_par' dir='ltr' id='par_1_49' title="bbox 451 3337 2023 3408">
     <span class='ocr_line' id='line_1_49' title="bbox 451 3337 2023 3408; baseline 0 -15"><span class='ocrx_word' id='word_1_360' title='bbox 451 3338 739 3408; x_wconf 89' lang='lat' dir='ltr'><strong>creditur),</strong></span> <span class='ocrx_word' id='word_1_361' title='bbox 765 3345 820 3392; x_wconf 90' lang='lat' dir='ltr'><strong>at</strong></span> <span class='ocrx_word' id='word_1_362' title='bbox 862 3354 1027 3392; x_wconf 92' lang='lat' dir='ltr'><strong>unum</strong></span> <span class='ocrx_word' id='word_1_363' title='bbox 1055 3337 1267 3396; x_wconf 90' lang='lat' dir='ltr'><strong>interim</strong></span> <span class='ocrx_word' id='word_1_364' title='bbox 1317 3340 1595 3394; x_wconf 82' lang='lat' dir='ltr'><strong>divinitate</strong></span> <span class='ocrx_word' id='word_1_365' title='bbox 1645 3347 1770 3394; x_wconf 86' lang='lat' dir='ltr'><strong>sunt</strong></span> <span class='ocrx_word' id='word_1_366' title='bbox 1814 3354 2023 3393; x_wconf 87' lang='lat' dir='ltr'><strong>omnes.</strong></span> 
     </span>
    </p>
   </div>
   <div class='ocr_carea' id='block_1_50' title="bbox 449 3427 2025 3497">
    <p class='ocr_par' dir='ltr' id='par_1_50' title="bbox 449 3427 2025 3497">
     <span class='ocr_line' id='line_1_50' title="bbox 449 3427 2025 3497; baseline -0.001 -13"><span class='ocrx_word' id='word_1_367' title='bbox 449 3427 662 3485; x_wconf 83' lang='lat' dir='ltr'><strong>Rursus</strong></span> <span class='ocrx_word' id='word_1_368' title='bbox 682 3429 811 3484; x_wconf 83' lang='lat' dir='ltr'><strong>licet</strong></span> <span class='ocrx_word' id='word_1_369' title='bbox 834 3429 991 3483; x_wconf 90' lang='lat' dir='ltr'><strong>simul</strong></span> <span class='ocrx_word' id='word_1_370' title='bbox 1019 3428 1319 3497; x_wconf 65' lang='lat' dir='ltr'><strong>conjuncta:</strong></span> <span class='ocrx_word' id='word_1_371' title='bbox 1349 3438 1460 3485; x_wconf 87' lang='lat' dir='ltr'><strong>tres</strong></span> <span class='ocrx_word' id='word_1_372' title='bbox 1489 3431 1617 3494; x_wconf 88' lang='lat' dir='ltr'><strong>sint,</strong></span> <span class='ocrx_word' id='word_1_373' title='bbox 1662 3445 1800 3483; x_wconf 91' lang='lat' dir='ltr'><strong>unus</strong></span> <span class='ocrx_word' id='word_1_374' title='bbox 1830 3429 2025 3483; x_wconf 85' lang='lat' dir='ltr'><strong>nihilo-</strong></span> 
     </span>
    </p>
   </div>
   <div class='ocr_carea' id='block_1_51' title="bbox 450 3518 2029 3575">
    <p class='ocr_par' dir='ltr' id='par_1_51' title="bbox 450 3518 2029 3575">
     <span class='ocr_line' id='line_1_51' title="bbox 450 3518 2029 3575; baseline -0.002 0"><span class='ocrx_word' id='word_1_375' title='bbox 450 3519 635 3575; x_wconf 88' lang='lat' dir='ltr'><strong>minus</strong></span> <span class='ocrx_word' id='word_1_376' title='bbox 681 3519 933 3574; x_wconf 79' lang='lat' dir='ltr'><strong>adorator</strong></span> <span class='ocrx_word' id='word_1_377' title='bbox 982 3518 1121 3574; x_wconf 89' lang='lat' dir='ltr'><strong>Deus</strong></span> <span class='ocrx_word' id='word_1_378' title='bbox 1161 3536 1175 3573; x_wconf 90' lang='lat'><strong>:</strong></span> <span class='ocrx_word' id='word_1_379' title='bbox 1229 3520 1436 3575; x_wconf 81' lang='lat' dir='ltr'><strong>obtinet</strong></span> <span class='ocrx_word' id='word_1_380' title='bbox 1488 3520 1578 3573; x_wconf 90' lang='lat' dir='ltr'><strong>hic</strong></span> <span class='ocrx_word' id='word_1_381' title='bbox 1618 3519 1762 3572; x_wconf 89' lang='lat' dir='ltr'><strong>enim</strong></span> <span class='ocrx_word' id='word_1_382' title='bbox 1811 3518 2029 3572; x_wconf 89' lang='lat' dir='ltr'><strong>trinitas</strong></span> 
     </span>
    </p>
   </div>
   <div class='ocr_carea' id='block_1_52' title="bbox 450 3607 2030 3672">
    <p class='ocr_par' dir='ltr' id='par_1_52' title="bbox 450 3607 2030 3672">
     <span class='ocr_line' id='line_1_52' title="bbox 450 3607 2030 3672; baseline -0.001 -9"><span class='ocrx_word' id='word_1_383' title='bbox 450 3608 749 3663; x_wconf 81' lang='lat' dir='ltr'><strong>secundum</strong></span> <span class='ocrx_word' id='word_1_384' title='bbox 781 3608 1133 3661; x_wconf 86' lang='lat' dir='ltr'><strong>substantiam</strong></span> <span class='ocrx_word' id='word_1_385' title='bbox 1152 3616 1171 3672; x_wconf 84' lang='lat'><strong>‘,</strong></span> <span class='ocrx_word' id='word_1_386' title='bbox 1216 3608 1395 3662; x_wconf 90' lang='lat' dir='ltr'><strong>unitas</strong></span> <span class='ocrx_word' id='word_1_387' title='bbox 1422 3608 1587 3661; x_wconf 89' lang='lat' dir='ltr'><strong>etiam</strong></span> <span class='ocrx_word' id='word_1_388' title='bbox 1622 3607 1917 3660; x_wconf 88' lang='lat' dir='ltr'><strong>secundum</strong></span> <span class='ocrx_word' id='word_1_389' title='bbox 1946 3622 2030 3662; x_wconf 87' lang='lat' dir='ltr'><strong>es-</strong></span> 
     </span>
    </p>
   </div>
   <div class='ocr_carea' id='block_1_53' title="bbox 453 3695 2027 3766">
    <p class='ocr_par' dir='ltr' id='par_1_53' title="bbox 453 3695 2027 3766">
     <span class='ocr_line' id='line_1_53' title="bbox 453 3695 2027 3766; baseline -0.001 -14"><span class='ocrx_word' id='word_1_390' title='bbox 453 3698 714 3763; x_wconf 83' lang='lat' dir='ltr'><strong>sentiam;</strong></span> <span class='ocrx_word' id='word_1_391' title='bbox 757 3705 914 3766; x_wconf 86' lang='lat' dir='ltr'><strong>atque</strong></span> <span class='ocrx_word' id='word_1_392' title='bbox 941 3698 1015 3751; x_wconf 87' lang='lat' dir='ltr'><strong>ita</strong></span> <span class='ocrx_word' id='word_1_393' title='bbox 1049 3706 1236 3752; x_wconf 88' lang='lat' dir='ltr'><strong>contra</strong></span> <span class='ocrx_word' id='word_1_394' title='bbox 1274 3696 1521 3750; x_wconf 88' lang='lat' dir='ltr'><strong>insanam</strong></span> <span class='ocrx_word' id='word_1_395' title='bbox 1555 3695 2027 3765; x_wconf 86' lang='lat' dir='ltr'><strong>inordinatamque</strong></span> 
     </span>
    </p>
   </div>
   <div class='ocr_carea' id='block_1_54' title="bbox 451 3772 2031 3856">
    <p class='ocr_par' dir='ltr' id='par_1_54' title="bbox 451 3772 2031 3856">
     <span class='ocr_line' id='line_1_54' title="bbox 451 3772 2031 3856; baseline 0.001 -18"><span class='ocrx_word' id='word_1_396' title='bbox 451 3786 728 3856; x_wconf 69' lang='lat' dir='ltr'><strong>paganica:</strong></span> <span class='ocrx_word' id='word_1_397' title='bbox 779 3787 1010 3841; x_wconf 73' lang='lat' dir='ltr'><strong>vesaniae</strong></span> <span class='ocrx_word' id='word_1_398' title='bbox 1062 3772 1501 3854; x_wconf 79' lang='lat' dir='ltr'><strong>confusionisque</strong></span> <span class='ocrx_word' id='word_1_399' title='bbox 1552 3785 1868 3839; x_wconf 87' lang='lat' dir='ltr'><strong>seditionem</strong></span> <span class='ocrx_word' id='word_1_400' title='bbox 1924 3801 2031 3840; x_wconf 89' lang='lat' dir='ltr'><strong>non</strong></span> 
     </span>
    </p>
   </div>
   <div class='ocr_carea' id='block_1_55' title="bbox 452 3866 2034 3946">
    <p class='ocr_par' dir='ltr' id='par_1_55' title="bbox 452 3866 2034 3946">
     <span class='ocr_line' id='line_1_55' title="bbox 452 3866 2034 3946; baseline 0.002 -19"><span class='ocrx_word' id='word_1_401' title='bbox 452 3875 766 3946; x_wconf 85' lang='lat' dir='ltr'><strong>polyarchia</strong></span> <span class='ocrx_word' id='word_1_402' title='bbox 799 3892 830 3930; x_wconf 91' lang='lat' dir='ltr'><strong>a</strong></span> <span class='ocrx_word' id='word_1_403' title='bbox 868 3875 1021 3930; x_wconf 87' lang='lat' dir='ltr'><strong>nobis</strong></span> <span class='ocrx_word' id='word_1_404' title='bbox 1064 3866 1280 3941; x_wconf 87' lang='lat' dir='ltr'><strong>colitur,</strong></span> <span class='ocrx_word' id='word_1_405' title='bbox 1317 3876 1412 3929; x_wconf 92' lang='lat' dir='ltr'><strong>sed</strong></span> <span class='ocrx_word' id='word_1_406' title='bbox 1448 3876 1792 3941; x_wconf 87' lang='lat' dir='ltr'><strong>monarcbia;</strong></span> <span class='ocrx_word' id='word_1_407' title='bbox 1819 3891 2034 3930; x_wconf 87' lang='lat' dir='ltr'><strong>monar-</strong></span> 
     </span>
    </p>
   </div>
   <div class='ocr_carea' id='block_1_56' title="bbox 456 3964 2028 4034">
    <p class='ocr_par' dir='ltr' id='par_1_56' title="bbox 456 3964 2028 4034">
     <span class='ocr_line' id='line_1_56' title="bbox 456 3964 2028 4034; baseline -0.001 -15"><span class='ocrx_word' id='word_1_408' title='bbox 456 3964 580 4019; x_wconf 89' lang='lat' dir='ltr'><strong>cbia</strong></span> <span class='ocrx_word' id='word_1_409' title='bbox 628 3974 806 4020; x_wconf 89' lang='lat' dir='ltr'><strong>autem</strong></span> <span class='ocrx_word' id='word_1_410' title='bbox 853 3981 959 4021; x_wconf 91' lang='lat' dir='ltr'><strong>non</strong></span> <span class='ocrx_word' id='word_1_411' title='bbox 1002 3966 1162 4020; x_wconf 88' lang='lat' dir='ltr'><strong>unius</strong></span> <span class='ocrx_word' id='word_1_412' title='bbox 1214 3980 1461 4034; x_wconf 68' lang='lat' dir='ltr'><strong>persona:</strong></span> <span class='ocrx_word' id='word_1_413' title='bbox 1514 3964 1939 4033; x_wconf 83' lang='lat' dir='ltr'><strong>circumscriptio</strong></span> <span class='ocrx_word' id='word_1_414' title='bbox 2011 4006 2028 4031; x_wconf 92' lang='lat'><strong>,</strong></span> 
     </span>
    </p>
   </div>
   <div class='ocr_carea' id='block_1_57' title="bbox 454 4051 2032 4122">
    <p class='ocr_par' dir='ltr' id='par_1_57' title="bbox 454 4051 2032 4122">
     <span class='ocr_line' id='line_1_57' title="bbox 454 4051 2032 4122; baseline -0.002 -13"><span class='ocrx_word' id='word_1_415' title='bbox 454 4068 525 4110; x_wconf 90' lang='lat' dir='ltr'><strong>ne</strong></span> <span class='ocrx_word' id='word_1_416' title='bbox 568 4052 804 4110; x_wconf 73' lang='lat' dir='ltr'><strong>Iudaicae</strong></span> <span class='ocrx_word' id='word_1_417' title='bbox 858 4055 1138 4110; x_wconf 86' lang='lat' dir='ltr'><strong>tenuitatis</strong></span> <span class='ocrx_word' id='word_1_418' title='bbox 1182 4053 1529 4121; x_wconf 69' lang='lat' dir='ltr'><strong>infamiaeque</strong></span> <span class='ocrx_word' id='word_1_419' title='bbox 1576 4051 2032 4122; x_wconf 79' lang='lat' dir='ltr'><strong>imperiectionem</strong></span> 
     </span>
    </p>
   </div>
   <div class='ocr_carea' id='block_1_58' title="bbox 454 4142 2036 4214">
    <p class='ocr_par' dir='ltr' id='par_1_58' title="bbox 454 4142 2036 4214">
     <span class='ocr_line' id='line_1_58' title="bbox 454 4142 2036 4214; baseline -0.001 -17"><span class='ocrx_word' id='word_1_420' title='bbox 454 4143 853 4214; x_wconf 80' lang='lat' dir='ltr'><strong>ruditatemque</strong></span> <span class='ocrx_word' id='word_1_421' title='bbox 882 4144 1225 4207; x_wconf 89' lang='lat' dir='ltr'><strong>inducamus,</strong></span> <span class='ocrx_word' id='word_1_422' title='bbox 1266 4142 1361 4197; x_wconf 87' lang='lat' dir='ltr'><strong>sed</strong></span> <span class='ocrx_word' id='word_1_423' title='bbox 1400 4157 1559 4210; x_wconf 90' lang='lat' dir='ltr'><strong>quam</strong></span> <span class='ocrx_word' id='word_1_424' title='bbox 1590 4153 1798 4195; x_wconf 60' lang='lat' dir='ltr'><strong>natura}</strong></span> <span class='ocrx_word' id='word_1_425' title='bbox 1819 4142 2036 4210; x_wconf 62' lang='lat' dir='ltr'><strong>aequali-</strong></span> 
     </span>
    </p>
   </div>
   <div class='ocr_carea' id='block_1_59' title="bbox 456 4232 2035 4300">
    <p class='ocr_par' dir='ltr' id='par_1_59' title="bbox 456 4232 2035 4300">
     <span class='ocr_line' id='line_1_59' title="bbox 456 4232 2035 4300; baseline 0.002 -14"><span class='ocrx_word' id='word_1_426' title='bbox 456 4238 567 4300; x_wconf 88' lang='lat' dir='ltr'><strong>tas,</strong></span> <span class='ocrx_word' id='word_1_427' title='bbox 596 4234 876 4288; x_wconf 80' lang='lat' dir='ltr'><strong>sententiae</strong></span> <span class='ocrx_word' id='word_1_428' title='bbox 903 4233 1213 4298; x_wconf 87' lang='lat' dir='ltr'><strong>concordia,</strong></span> <span class='ocrx_word' id='word_1_429' title='bbox 1262 4232 1517 4286; x_wconf 88' lang='lat' dir='ltr'><strong>motionis</strong></span> <span class='ocrx_word' id='word_1_430' title='bbox 1554 4233 1827 4298; x_wconf 89' lang='lat' dir='ltr'><strong>identitas,</strong></span> <span class='ocrx_word' id='word_1_431' title='bbox 1868 4234 2035 4289; x_wconf 89' lang='lat' dir='ltr'><strong>idem-</strong></span> 
     </span>
    </p>
   </div>
   <div class='ocr_carea' id='block_1_60' title="bbox 457 4323 2030 4395">
    <p class='ocr_par' dir='ltr' id='par_1_60' title="bbox 457 4323 2030 4395">
     <span class='ocr_line' id='line_1_60' title="bbox 457 4323 2030 4395; baseline 0.003 -18"><span class='ocrx_word' id='word_1_432' title='bbox 457 4336 565 4393; x_wconf 91' lang='lat' dir='ltr'><strong>que</strong></span> <span class='ocrx_word' id='word_1_433' title='bbox 593 4325 923 4395; x_wconf 89' lang='lat' dir='ltr'><strong>siugulorum</strong></span> <span class='ocrx_word' id='word_1_434' title='bbox 946 4332 1108 4378; x_wconf 92' lang='lat' dir='ltr'><strong>nutus</strong></span> <span class='ocrx_word' id='word_1_435' title='bbox 1135 4323 1201 4377; x_wconf 91' lang='lat' dir='ltr'><strong>ad</strong></span> <span class='ocrx_word' id='word_1_436' title='bbox 1224 4338 1387 4376; x_wconf 90' lang='lat' dir='ltr'><strong>unum</strong></span> <span class='ocrx_word' id='word_1_437' title='bbox 1412 4323 1667 4378; x_wconf 90' lang='lat' dir='ltr'><strong>declarat.</strong></span> <span class='ocrx_word' id='word_1_438' title='bbox 1697 4323 1809 4380; x_wconf 84' lang='lat' dir='ltr'><strong>Hoc</strong></span> <span class='ocrx_word' id='word_1_439' title='bbox 1832 4335 2030 4393; x_wconf 86' lang='lat' dir='ltr'><strong>autem,</strong></span> 
     </span>
    </p>
   </div>
   <div class='ocr_carea' id='block_1_61' title="bbox 462 4411 2111 4511">
    <p class='ocr_par' dir='ltr' id='par_1_61' title="bbox 462 4411 2111 4511">
     <span class='ocr_line' id='line_1_61' title="bbox 462 4411 2111 4511; baseline 0.001 -42"><span class='ocrx_word' id='word_1_440' title='bbox 462 4414 762 4469; x_wconf 83' lang='lat' dir='ltr'><strong>secundum</strong></span> <span class='ocrx_word' id='word_1_441' title='bbox 803 4428 1080 4468; x_wconf 88' lang='lat' dir='ltr'><strong>summum</strong></span> <span class='ocrx_word' id='word_1_442' title='bbox 1110 4411 1260 4464; x_wconf 89' lang='lat' dir='ltr'><strong>illum</strong></span> <span class='ocrx_word' id='word_1_443' title='bbox 1286 4411 1589 4483; x_wconf 88' lang='lat' dir='ltr'><strong>theologum</strong></span> <span class='ocrx_word' id='word_1_444' title='bbox 1613 4411 1946 4483; x_wconf 86' lang='lat' dir='ltr'><strong>Gregorium,</strong></span> <span class='ocrx_word' id='word_1_445' title='bbox 1977 4417 2031 4471; x_wconf 92' lang='lat' dir='ltr'><strong>in</strong></span> <span class='ocrx_word' id='word_1_446' title='bbox 2057 4451 2111 4511; x_wconf 73' lang='grc' dir='ltr'>Β</span> 
     </span>
    </p>
   </div>
   <div class='ocr_carea' id='block_1_62' title="bbox 459 4502 2032 4576">
    <p class='ocr_par' dir='ltr' id='par_1_62' title="bbox 459 4502 2032 4576">
     <span class='ocr_line' id='line_1_62' title="bbox 459 4502 2032 4576; baseline 0.004 -17"><span class='ocrx_word' id='word_1_447' title='bbox 459 4504 754 4576; x_wconf 85' lang='lat' dir='ltr'><strong>generabili</strong></span> <span class='ocrx_word' id='word_1_448' title='bbox 790 4511 986 4557; x_wconf 88' lang='lat' dir='ltr'><strong>natura</strong></span> <span class='ocrx_word' id='word_1_449' title='bbox 1029 4502 1207 4556; x_wconf 91' lang='lat' dir='ltr'><strong>locum</strong></span> <span class='ocrx_word' id='word_1_450' title='bbox 1239 4503 1438 4563; x_wconf 86' lang='lat' dir='ltr'><strong>habere</strong></span> <span class='ocrx_word' id='word_1_451' title='bbox 1468 4521 1573 4560; x_wconf 92' lang='lat' dir='ltr'><strong>non</strong></span> <span class='ocrx_word' id='word_1_452' title='bbox 1599 4516 1774 4576; x_wconf 86' lang='lat' dir='ltr'><strong>potest</strong></span> <span class='ocrx_word' id='word_1_453' title='bbox 1801 4525 1814 4562; x_wconf 89' lang='lat'><strong>:</strong></span> <span class='ocrx_word' id='word_1_454' title='bbox 1852 4509 2032 4565; x_wconf 87' lang='lat' dir='ltr'><strong>unitas</strong></span> 
     </span>
    </p>
   </div>
   <div class='ocr_carea' id='block_1_63' title="bbox 458 4592 2033 4662">
    <p class='ocr_par' dir='ltr' id='par_1_63' title="bbox 458 4592 2033 4662">
     <span class='ocr_line' id='line_1_63' title="bbox 458 4592 2033 4662; baseline 0.003 -13"><span class='ocrx_word' id='word_1_455' title='bbox 458 4596 606 4649; x_wconf 91' lang='lat' dir='ltr'><strong>enim</strong></span> <span class='ocrx_word' id='word_1_456' title='bbox 633 4603 688 4649; x_wconf 87' lang='lat' dir='ltr'><strong>et</strong></span> <span class='ocrx_word' id='word_1_457' title='bbox 712 4592 958 4662; x_wconf 77' lang='lat' dir='ltr'><strong>cognatio</strong></span> <span class='ocrx_word' id='word_1_458' title='bbox 986 4593 1201 4648; x_wconf 88' lang='lat' dir='ltr'><strong>deitatis</strong></span> <span class='ocrx_word' id='word_1_459' title='bbox 1220 4594 1273 4648; x_wconf 91' lang='lat' dir='ltr'><strong>in</strong></span> <span class='ocrx_word' id='word_1_460' title='bbox 1300 4595 1537 4652; x_wconf 87' lang='lat' dir='ltr'><strong>trinitate</strong></span> <span class='ocrx_word' id='word_1_461' title='bbox 1558 4597 1910 4654; x_wconf 63' lang='lat' dir='ltr'><strong>considerata</strong></span> <span class='ocrx_word' id='word_1_462' title='bbox 1938 4614 2033 4654; x_wconf 80' lang='lat' dir='ltr'><strong>ne-</strong></span> 
     </span>
    </p>
   </div>
   <div class='ocr_carea' id='block_1_64' title="bbox 459 4682 2034 4757">
    <p class='ocr_par' dir='ltr' id='par_1_64' title="bbox 459 4682 2034 4757">
     <span class='ocr_line' id='line_1_64' title="bbox 459 4682 2034 4757; baseline 0.003 -18"><span class='ocrx_word' id='word_1_463' title='bbox 459 4700 736 4757; x_wconf 86' lang='lat' dir='ltr'><strong>quaquam</strong></span> <span class='ocrx_word' id='word_1_464' title='bbox 768 4682 1106 4749; x_wconf 79' lang='lat' dir='ltr'><strong>distrahitur,</strong></span> <span class='ocrx_word' id='word_1_465' title='bbox 1146 4692 1246 4739; x_wconf 83' lang='lat' dir='ltr'><strong>aut</strong></span> <span class='ocrx_word' id='word_1_466' title='bbox 1294 4685 1349 4740; x_wconf 93' lang='lat' dir='ltr'><strong>in</strong></span> <span class='ocrx_word' id='word_1_467' title='bbox 1377 4695 1561 4756; x_wconf 88' lang='lat' dir='ltr'><strong>partes</strong></span> <span class='ocrx_word' id='word_1_468' title='bbox 1597 4696 1835 4754; x_wconf 88' lang='lat' dir='ltr'><strong>secatur,</strong></span> <span class='ocrx_word' id='word_1_469' title='bbox 1873 4695 1931 4742; x_wconf 86' lang='lat' dir='ltr'><strong>ut</strong></span> <span class='ocrx_word' id='word_1_470' title='bbox 1967 4688 2034 4744; x_wconf 82' lang='lat' dir='ltr'><strong>Iit</strong></span> 
     </span>
    </p>
   </div>
   <div class='ocr_carea' id='block_1_65' title="bbox 459 4772 2034 4847">
    <p class='ocr_par' dir='ltr' id='par_1_65' title="bbox 459 4772 2034 4847">
     <span class='ocr_line' id='line_1_65' title="bbox 459 4772 2034 4847; baseline 0.001 -17"><span class='ocrx_word' id='word_1_471' title='bbox 459 4774 520 4847; x_wconf 84' lang='lat' dir='ltr'><strong>in</strong></span> <span class='ocrx_word' id='word_1_472' title='bbox 542 4775 704 4828; x_wconf 85' lang='lat' dir='ltr'><strong>rebus</strong></span> <span class='ocrx_word' id='word_1_473' title='bbox 732 4772 949 4836; x_wconf 89' lang='lat' dir='ltr'><strong>creatis,</strong></span> <span class='ocrx_word' id='word_1_474' title='bbox 978 4773 1100 4827; x_wconf 89' lang='lat' dir='ltr'><strong>dum</strong></span> <span class='ocrx_word' id='word_1_475' title='bbox 1128 4775 1397 4845; x_wconf 88' lang='lat' dir='ltr'><strong>supposita</strong></span> <span class='ocrx_word' id='word_1_476' title='bbox 1428 4777 1869 4847; x_wconf 88' lang='lat' dir='ltr'><strong>multiplicantur.</strong></span> <span class='ocrx_word' id='word_1_477' title='bbox 1896 4775 2034 4831; x_wconf 81' lang='lat' dir='ltr'><strong>Pro-</strong></span> 
     </span>
    </p>
   </div>
   <div class='ocr_carea' id='block_1_66' title="bbox 463 4861 2033 4938">
    <p class='ocr_par' dir='ltr' id='par_1_66' title="bbox 463 4861 2033 4938">
     <span class='ocr_line' id='line_1_66' title="bbox 463 4861 2033 4938; baseline 0.001 -20"><span class='ocrx_word' id='word_1_478' title='bbox 463 4863 555 4918; x_wconf 91' lang='lat' dir='ltr'><strong>cul</strong></span> <span class='ocrx_word' id='word_1_479' title='bbox 599 4862 746 4918; x_wconf 89' lang='lat' dir='ltr'><strong>enim</strong></span> <span class='ocrx_word' id='word_1_480' title='bbox 783 4861 968 4920; x_wconf 90' lang='lat' dir='ltr'><strong>insana</strong></span> <span class='ocrx_word' id='word_1_481' title='bbox 996 4870 1049 4917; x_wconf 87' lang='lat' dir='ltr'><strong>et</strong></span> <span class='ocrx_word' id='word_1_482' title='bbox 1090 4862 1291 4921; x_wconf 85' lang='lat' dir='ltr'><strong>furiosa</strong></span> <span class='ocrx_word' id='word_1_483' title='bbox 1332 4866 1446 4921; x_wconf 84' lang='lat' dir='ltr'><strong>Arii</strong></span> <span class='ocrx_word' id='word_1_484' title='bbox 1485 4867 1666 4938; x_wconf 84' lang='lat' dir='ltr'><strong>opinio</strong></span> <span class='ocrx_word' id='word_1_485' title='bbox 1696 4874 1753 4922; x_wconf 90' lang='lat' dir='ltr'><strong>et</strong></span> <span class='ocrx_word' id='word_1_486' title='bbox 1795 4866 2033 4921; x_wconf 82' lang='lat' dir='ltr'><strong>rabiesa</strong></span> 
     </span>
    </p>
   </div>
   <div class='ocr_carea' id='block_1_67' title="bbox 460 4950 2034 5025">
    <p class='ocr_par' dir='ltr' id='par_1_67' title="bbox 460 4950 2034 5025">
     <span class='ocr_line' id='line_1_67' title="bbox 460 4950 2034 5025; baseline 0.001 -20"><span class='ocrx_word' id='word_1_487' title='bbox 460 4951 627 5006; x_wconf 85' lang='lat' dir='ltr'><strong>nobis</strong></span> <span class='ocrx_word' id='word_1_488' title='bbox 654 4950 880 5007; x_wconf 80' lang='lat' dir='ltr'><strong>facessat</strong></span> <span class='ocrx_word' id='word_1_489' title='bbox 905 4971 919 5008; x_wconf 88' lang='lat'>:</span> <span class='ocrx_word' id='word_1_490' title='bbox 950 4961 1034 5009; x_wconf 89' lang='lat' dir='ltr'><strong>est</strong></span> <span class='ocrx_word' id='word_1_491' title='bbox 1055 4955 1195 5009; x_wconf 89' lang='lat' dir='ltr'><strong>enim</strong></span> <span class='ocrx_word' id='word_1_492' title='bbox 1223 4954 1459 5011; x_wconf 89' lang='lat' dir='ltr'><strong>Trinitas</strong></span> <span class='ocrx_word' id='word_1_493' title='bbox 1483 4956 1776 5011; x_wconf 89' lang='lat' dir='ltr'><strong>secundum</strong></span> <span class='ocrx_word' id='word_1_494' title='bbox 1807 4953 2034 5025; x_wconf 84' lang='lat' dir='ltr'><strong>gloriam</strong></span> 
     </span>
    </p>
   </div>
   <div class='ocr_carea' id='block_1_68' title="bbox 469 5032 2035 5113">
    <p class='ocr_par' dir='ltr' id='par_1_68' title="bbox 469 5032 2035 5113">
     <span class='ocr_line' id='line_1_68' title="bbox 469 5032 2035 5113; baseline 0.001 -18"><span class='ocrx_word' id='word_1_495' title='bbox 469 5050 526 5095; x_wconf 86' lang='lat' dir='ltr'><strong>et</strong></span> <span class='ocrx_word' id='word_1_496' title='bbox 552 5043 903 5111; x_wconf 79' lang='lat' dir='ltr'><strong>aeternitatem</strong></span> <span class='ocrx_word' id='word_1_497' title='bbox 934 5045 1102 5101; x_wconf 91' lang='lat' dir='ltr'><strong>modis</strong></span> <span class='ocrx_word' id='word_1_498' title='bbox 1126 5032 1376 5101; x_wconf 85' lang='lat' dir='ltr'><strong>omnibus</strong></span> <span class='ocrx_word' id='word_1_499' title='bbox 1406 5047 1654 5111; x_wconf 85' lang='lat' dir='ltr'><strong>indivisa,</strong></span> <span class='ocrx_word' id='word_1_500' title='bbox 1685 5044 1939 5113; x_wconf 87' lang='lat' dir='ltr'><strong>nullaque</strong></span> <span class='ocrx_word' id='word_1_501' title='bbox 1967 5057 2035 5097; x_wconf 73' lang='lat' dir='ltr'><strong>ex</strong></span> 
     </span>
    </p>
   </div>
   <div class='ocr_carea' id='block_1_69' title="bbox 463 5132 2039 5208">
    <p class='ocr_par' dir='ltr' id='par_1_69' title="bbox 463 5132 2039 5208">
     <span class='ocr_line' id='line_1_69' title="bbox 463 5132 2039 5208; baseline 0.002 -25"><span class='ocrx_word' id='word_1_502' title='bbox 463 5139 623 5199; x_wconf 87' lang='lat' dir='ltr'><strong>parte</strong></span> <span class='ocrx_word' id='word_1_503' title='bbox 647 5132 744 5186; x_wconf 90' lang='lat' dir='ltr'><strong>abs</strong></span> <span class='ocrx_word' id='word_1_504' title='bbox 771 5147 887 5188; x_wconf 90' lang='lat' dir='ltr'><strong>sese</strong></span> <span class='ocrx_word' id='word_1_505' title='bbox 920 5134 1178 5201; x_wconf 84' lang='lat' dir='ltr'><strong>alienata;</strong></span> <span class='ocrx_word' id='word_1_506' title='bbox 1222 5151 1396 5208; x_wconf 85' lang='lat' dir='ltr'><strong>neque</strong></span> <span class='ocrx_word' id='word_1_507' title='bbox 1422 5137 1492 5191; x_wconf 91' lang='lat' dir='ltr'><strong>ob</strong></span> <span class='ocrx_word' id='word_1_508' title='bbox 1538 5136 1593 5190; x_wconf 90' lang='lat' dir='ltr'><strong>id</strong></span> <span class='ocrx_word' id='word_1_509' title='bbox 1631 5142 1812 5188; x_wconf 84' lang='lat' dir='ltr'><strong>tamen</strong></span> <span class='ocrx_word' id='word_1_510' title='bbox 1843 5132 2039 5187; x_wconf 71' lang='lat' dir='ltr'><strong>divina:</strong></span> 
     </span>
    </p>
   </div>
   <div class='ocr_carea' id='block_1_70' title="bbox 466 5224 2039 5297">
    <p class='ocr_par' dir='ltr' id='par_1_70' title="bbox 466 5224 2039 5297">
     <span class='ocr_line' id='line_1_70' title="bbox 466 5224 2039 5297; baseline 0 -21"><span class='ocrx_word' id='word_1_511' title='bbox 466 5236 714 5290; x_wconf 67' lang='lat' dir='ltr'><strong>persona:</strong></span> <span class='ocrx_word' id='word_1_512' title='bbox 739 5239 797 5279; x_wconf 89' lang='lat' dir='ltr'><strong>se</strong></span> <span class='ocrx_word' id='word_1_513' title='bbox 822 5235 1009 5282; x_wconf 88' lang='lat' dir='ltr'><strong>mutuo</strong></span> <span class='ocrx_word' id='word_1_514' title='bbox 1031 5236 1343 5297; x_wconf 84' lang='lat' dir='ltr'><strong>permeant,</strong></span> <span class='ocrx_word' id='word_1_515' title='bbox 1373 5227 1477 5281; x_wconf 88' lang='lat' dir='ltr'><strong>hoc</strong></span> <span class='ocrx_word' id='word_1_516' title='bbox 1498 5234 1610 5289; x_wconf 89' lang='lat' dir='ltr'><strong>est,</strong></span> <span class='ocrx_word' id='word_1_517' title='bbox 1643 5226 1697 5278; x_wconf 90' lang='lat' dir='ltr'><strong>in</strong></span> <span class='ocrx_word' id='word_1_518' title='bbox 1729 5239 1788 5279; x_wconf 88' lang='lat' dir='ltr'><strong>se</strong></span> <span class='ocrx_word' id='word_1_519' title='bbox 1811 5224 2039 5278; x_wconf 81' lang='lat' dir='ltr'><strong>invicem</strong></span> 
     </span>
    </p>
   </div>
   <div class='ocr_carea' id='block_1_71' title="bbox 468 5304 2041 5385">
    <p class='ocr_par' dir='ltr' id='par_1_71' title="bbox 468 5304 2041 5385">
     <span class='ocr_line' id='line_1_71' title="bbox 468 5304 2041 5385; baseline 0 -21"><span class='ocrx_word' id='word_1_520' title='bbox 468 5320 894 5370; x_wconf 87' lang='lat' dir='ltr'><strong>transmutantur</strong></span> <span class='ocrx_word' id='word_1_521' title='bbox 916 5356 932 5383; x_wconf 89' lang='lat'><strong>,</strong></span> <span class='ocrx_word' id='word_1_522' title='bbox 976 5316 1071 5372; x_wconf 85' lang='lat' dir='ltr'><strong>sed</strong></span> <span class='ocrx_word' id='word_1_523' title='bbox 1111 5317 1307 5371; x_wconf 91' lang='lat' dir='ltr'><strong>harum</strong></span> <span class='ocrx_word' id='word_1_524' title='bbox 1356 5304 1611 5385; x_wconf 72' lang='lat' dir='ltr'><strong>quaelibet</strong></span> <span class='ocrx_word' id='word_1_525' title='bbox 1641 5310 2041 5367; x_wconf 80' lang='lat' dir='ltr'><strong>indemutabilis</strong></span> 
     </span>
    </p>
   </div>
   <div class='ocr_carea' id='block_1_72' title="bbox 464 5403 2044 5474">
    <p class='ocr_par' dir='ltr' id='par_1_72' title="bbox 464 5403 2044 5474">
     <span class='ocr_line' id='line_1_72' title="bbox 464 5403 2044 5474; baseline 0.001 -18"><span class='ocrx_word' id='word_1_526' title='bbox 464 5412 651 5459; x_wconf 86' lang='lat' dir='ltr'><strong>manet</strong></span> <span class='ocrx_word' id='word_1_527' title='bbox 676 5412 731 5460; x_wconf 90' lang='lat' dir='ltr'><strong>et</strong></span> <span class='ocrx_word' id='word_1_528' title='bbox 750 5405 1035 5460; x_wconf 74' lang='lat' dir='ltr'><strong>incontusa</strong></span> <span class='ocrx_word' id='word_1_529' title='bbox 1066 5413 1121 5462; x_wconf 92' lang='lat' dir='ltr'><strong>et</strong></span> <span class='ocrx_word' id='word_1_530' title='bbox 1148 5415 1383 5470; x_wconf 69' lang='lat' dir='ltr'><strong>aeterna;</strong></span> <span class='ocrx_word' id='word_1_531' title='bbox 1422 5404 1579 5474; x_wconf 82' lang='lat' dir='ltr'><strong>longe</strong></span> <span class='ocrx_word' id='word_1_532' title='bbox 1610 5404 1751 5458; x_wconf 91' lang='lat' dir='ltr'><strong>enim</strong></span> <span class='ocrx_word' id='word_1_533' title='bbox 1792 5403 2044 5457; x_wconf 86' lang='lat' dir='ltr'><strong>amande-</strong></span> 
     </span>
    </p>
   </div>
   <div class='ocr_carea' id='block_1_73' title="bbox 465 5493 2038 5567">
    <p class='ocr_par' dir='ltr' id='par_1_73' title="bbox 465 5493 2038 5567">
     <span class='ocr_line' id='line_1_73' title="bbox 465 5493 2038 5567; baseline -0.001 -19"><span class='ocrx_word' id='word_1_534' title='bbox 465 5501 557 5549; x_wconf 87' lang='lat' dir='ltr'><strong>tur</strong></span> <span class='ocrx_word' id='word_1_535' title='bbox 583 5495 919 5567; x_wconf 88' lang='lat' dir='ltr'><strong>pellaturque</strong></span> <span class='ocrx_word' id='word_1_536' title='bbox 950 5496 1128 5552; x_wconf 89' lang='lat' dir='ltr'><strong>insani</strong></span> <span class='ocrx_word' id='word_1_537' title='bbox 1166 5494 1450 5564; x_wconf 85' lang='lat' dir='ltr'><strong>stolidique</strong></span> <span class='ocrx_word' id='word_1_538' title='bbox 1481 5493 1699 5549; x_wconf 88' lang='lat' dir='ltr'><strong>Sabellii</strong></span> <span class='ocrx_word' id='word_1_539' title='bbox 1740 5494 2038 5562; x_wconf 82' lang='lat' dir='ltr'><strong>deceptoria</strong></span> 
     </span>
    </p>
   </div>
   <div class='ocr_carea' id='block_1_74' title="bbox 468 5582 733 5640">
    <p class='ocr_par' dir='ltr' id='par_1_74' title="bbox 468 5582 733 5640">
     <span class='ocr_line' id='line_1_74' title="bbox 468 5582 733 5640; baseline -0.004 -1"><span class='ocrx_word' id='word_1_540' title='bbox 468 5582 733 5640; x_wconf 81' lang='lat' dir='ltr'><strong>confusio.</strong></span> 
     </span>
    </p>
   </div>
   <div class='ocr_carea' id='block_1_75' title="bbox 543 5671 2034 5746">
    <p class='ocr_par' dir='ltr' id='par_1_75' title="bbox 543 5671 2034 5746">
     <span class='ocr_line' id='line_1_75' title="bbox 543 5671 2034 5746; baseline 0.003 -21"><span class='ocrx_word' id='word_1_541' title='bbox 543 5671 781 5727; x_wconf 72' lang='lat' dir='ltr'><strong>Veneror</strong></span> <span class='ocrx_word' id='word_1_542' title='bbox 802 5689 1016 5743; x_wconf 87' lang='lat' dir='ltr'><strong>quoque</strong></span> <span class='ocrx_word' id='word_1_543' title='bbox 1035 5682 1088 5729; x_wconf 84' lang='lat' dir='ltr'><strong>et</strong></span> <span class='ocrx_word' id='word_1_544' title='bbox 1109 5674 1273 5729; x_wconf 84' lang='lat' dir='ltr'><strong>adoro</strong></span> <span class='ocrx_word' id='word_1_545' title='bbox 1294 5675 1677 5730; x_wconf 86' lang='lat' dir='ltr'><strong>incarnationis</strong></span> <span class='ocrx_word' id='word_1_546' title='bbox 1699 5682 1892 5746; x_wconf 53' lang='lat' dir='ltr'><strong>mystea</strong></span> <span class='ocrx_word' id='word_1_547' title='bbox 1905 5675 2034 5742; x_wconf 83' lang='lat' dir='ltr'><strong>ium,</strong></span> 
     </span>
    </p>
   </div>
   <div class='ocr_carea' id='block_1_76' title="bbox 2123 1896 3070 1974">
    <p class='ocr_par' dir='ltr' id='par_1_76' title="bbox 2123 1896 3070 1974">
     <span class='ocr_line' id='line_1_76' title="bbox 2123 1896 3070 1974; baseline 0.001 -20"><span class='ocrx_word' id='word_1_548' title='bbox 2123 1896 2352 1971; x_wconf 79' lang='grc' dir='ltr'><strong>ἄναρχον</strong></span> <span class='ocrx_word' id='word_1_549' title='bbox 2377 1898 2430 1955; x_wconf 76' lang='grc' dir='ltr'><strong><em>δὲ</em></strong></span> <span class='ocrx_word' id='word_1_550' title='bbox 2459 1902 2549 1956; x_wconf 77' lang='grc' dir='ltr'><strong>καὶ</strong></span> <span class='ocrx_word' id='word_1_551' title='bbox 2568 1901 2688 1956; x_wconf 80' lang='grc' dir='ltr'><strong>αὐτὸ</strong></span> <span class='ocrx_word' id='word_1_552' title='bbox 2717 1901 2841 1959; x_wconf 69' lang='grc' dir='ltr'><strong>κατά</strong></span> <span class='ocrx_word' id='word_1_553' title='bbox 2861 1902 3070 1974; x_wconf 78' lang='grc' dir='ltr'><strong>χρόνον.</strong></span> 
     </span>
    </p>
   </div>
   <div class='ocr_carea' id='block_1_77' title="bbox 2191 2339 3683 2423">
    <p class='ocr_par' dir='ltr' id='par_1_77' title="bbox 2191 2339 3683 2423">
     <span class='ocr_line' id='line_1_77' title="bbox 2191 2339 3683 2423; baseline 0.003 -24"><span class='ocrx_word' id='word_1_554' title='bbox 2191 2342 2273 2405; x_wconf 82' lang='grc' dir='ltr'><strong>Εἷς</strong></span> <span class='ocrx_word' id='word_1_555' title='bbox 2305 2339 2399 2400; x_wconf 77' lang='grc' dir='ltr'><strong>οὖν</strong></span> <span class='ocrx_word' id='word_1_556' title='bbox 2424 2344 2544 2406; x_wconf 86' lang='grc' dir='ltr'><strong>Θιὸς</strong></span> <span class='ocrx_word' id='word_1_557' title='bbox 2567 2344 2594 2398; x_wconf 83' lang='grc' dir='ltr'>ὁ</span> <span class='ocrx_word' id='word_1_558' title='bbox 2622 2349 2787 2421; x_wconf 71' lang='grc' dir='ltr'><strong>Πατὴρ</strong></span> <span class='ocrx_word' id='word_1_559' title='bbox 2821 2345 2870 2409; x_wconf 72' lang='grc' dir='ltr'><strong>ἕξ</strong></span> <span class='ocrx_word' id='word_1_560' title='bbox 2900 2342 2959 2411; x_wconf 75' lang='grc' dir='ltr'><strong>οὗ</strong></span> <span class='ocrx_word' id='word_1_561' title='bbox 3000 2344 3065 2401; x_wconf 80' lang='grc' dir='ltr'><strong>τᾶι</strong></span> <span class='ocrx_word' id='word_1_562' title='bbox 3093 2345 3282 2410; x_wconf 80' lang='grc' dir='ltr'><strong>πάντα,</strong></span> <span class='ocrx_word' id='word_1_563' title='bbox 3310 2348 3396 2401; x_wconf 75' lang='grc' dir='ltr'><strong>καὶ</strong></span> <span class='ocrx_word' id='word_1_564' title='bbox 3423 2342 3494 2408; x_wconf 74' lang='grc' dir='ltr'><strong>εἷς</strong></span> <span class='ocrx_word' id='word_1_565' title='bbox 3524 2350 3683 2423; x_wconf 70' lang='grc' dir='ltr'><strong>κύριος</strong></span> 
     </span>
    </p>
   </div>
   <div class='ocr_carea' id='block_1_78' title="bbox 2122 2433 3687 2515">
    <p class='ocr_par' dir='ltr' id='par_1_78' title="bbox 2122 2433 3687 2515">
     <span class='ocr_line' id='line_1_78' title="bbox 2122 2433 3687 2515; baseline 0.004 -25"><span class='ocrx_word' id='word_1_566' title='bbox 2122 2436 2319 2496; x_wconf 82' lang='grc' dir='ltr'><strong>Ἰησοῦς</strong></span> <span class='ocrx_word' id='word_1_567' title='bbox 2349 2439 2566 2511; x_wconf 78' lang='grc' dir='ltr'><strong>Χριστὸς</strong></span> <span class='ocrx_word' id='word_1_568' title='bbox 2594 2433 2734 2492; x_wconf 80' lang='grc' dir='ltr'>διὀὖ</span> <span class='ocrx_word' id='word_1_569' title='bbox 2772 2438 2837 2491; x_wconf 80' lang='grc' dir='ltr'>τὰ</span> <span class='ocrx_word' id='word_1_570' title='bbox 2879 2434 3069 2503; x_wconf 80' lang='grc' dir='ltr'><strong>πάντα,</strong></span> <span class='ocrx_word' id='word_1_571' title='bbox 3102 2439 3189 2491; x_wconf 79' lang='grc' dir='ltr'><strong>καὶ</strong></span> <span class='ocrx_word' id='word_1_572' title='bbox 3233 2435 3284 2491; x_wconf 72' lang='grc' dir='ltr'><strong>ἓν</strong></span> <span class='ocrx_word' id='word_1_573' title='bbox 3324 2445 3521 2507; x_wconf 71' lang='grc' dir='ltr'><strong>Πνεῦμα</strong></span> <span class='ocrx_word' id='word_1_574' title='bbox 3559 2441 3687 2515; x_wconf 72' lang='grc' dir='ltr'><strong>ἅγιον</strong></span> 
     </span>
    </p>
   </div>
   <div class='ocr_carea' id='block_1_79' title="bbox 2122 2524 3693 2605">
    <p class='ocr_par' dir='ltr' id='par_1_79' title="bbox 2122 2524 3693 2605">
     <span class='ocr_line' id='line_1_79' title="bbox 2122 2524 3693 2605; baseline 0.003 -24"><span class='ocrx_word' id='word_1_575' title='bbox 2122 2528 2176 2583; x_wconf 70' lang='grc' dir='ltr'><strong>ἐν</strong></span> <span class='ocrx_word' id='word_1_576' title='bbox 2196 2524 2235 2599; x_wconf 80' lang='grc' dir='ltr'><strong><em>ᾦ</em></strong></span> <span class='ocrx_word' id='word_1_577' title='bbox 2272 2530 2336 2581; x_wconf 80' lang='grc' dir='ltr'>τὰ</span> <span class='ocrx_word' id='word_1_578' title='bbox 2366 2530 2553 2582; x_wconf 77' lang='grc' dir='ltr'><strong>πάντα.</strong></span> <span class='ocrx_word' id='word_1_579' title='bbox 2586 2527 2679 2580; x_wconf 75' lang='grc' dir='ltr'><strong>Ἕκ</strong></span> <span class='ocrx_word' id='word_1_580' title='bbox 2712 2535 2813 2583; x_wconf 85' lang='grc' dir='ltr'><strong>τῶν</strong></span> <span class='ocrx_word' id='word_1_581' title='bbox 2839 2535 2992 2599; x_wconf 85' lang='grc' dir='ltr'><strong>τριῶν</strong></span> <span class='ocrx_word' id='word_1_582' title='bbox 3026 2528 3219 2583; x_wconf 74' lang='grc' dir='ltr'><strong>τελείων</strong></span> <span class='ocrx_word' id='word_1_583' title='bbox 3245 2524 3294 2582; x_wconf 83' lang='grc' dir='ltr'><strong>ἓν</strong></span> <span class='ocrx_word' id='word_1_584' title='bbox 3318 2531 3589 2605; x_wconf 79' lang='grc' dir='ltr'><strong>ὖπιρτιλὶς</strong></span> <span class='ocrx_word' id='word_1_585' title='bbox 3611 2542 3693 2589; x_wconf 73' lang='grc' dir='ltr'><strong>καὶ</strong></span> 
     </span>
    </p>
   </div>
   <div class='ocr_carea' id='block_1_80' title="bbox 2122 2618 3693 2697">
    <p class='ocr_par' dir='ltr' id='par_1_80' title="bbox 2122 2618 3693 2697">
     <span class='ocr_line' id='line_1_80' title="bbox 2122 2618 3693 2697; baseline 0.004 -26"><span class='ocrx_word' id='word_1_586' title='bbox 2122 2618 2408 2691; x_wconf 73' lang='grc' dir='ltr'><strong>προτέλιιον</strong></span> <span class='ocrx_word' id='word_1_587' title='bbox 2439 2619 2469 2675; x_wconf 76' lang='grc' dir='ltr'><strong><em>ἠ</em></strong></span> <span class='ocrx_word' id='word_1_588' title='bbox 2493 2618 2666 2677; x_wconf 81' lang='grc' dir='ltr'>θεὸτης</span> <span class='ocrx_word' id='word_1_589' title='bbox 2686 2633 2697 2647; x_wconf 83' lang='grc'><strong><em>⁸</em></strong></span> <span class='ocrx_word' id='word_1_590' title='bbox 2738 2624 2845 2677; x_wconf 86' lang='grc' dir='ltr'>τοῖς</span> <span class='ocrx_word' id='word_1_591' title='bbox 2884 2621 2973 2688; x_wconf 73' lang='grc' dir='ltr'><strong>μὲν</strong></span> <span class='ocrx_word' id='word_1_592' title='bbox 2996 2620 3338 2693; x_wconf 68' lang='grc' dir='ltr'><strong>ἀφοριστικοῖς</strong></span> <span class='ocrx_word' id='word_1_593' title='bbox 3372 2624 3453 2674; x_wconf 76' lang='grc' dir='ltr'><strong>καὶ</strong></span> <span class='ocrx_word' id='word_1_594' title='bbox 3478 2640 3693 2697; x_wconf 76' lang='grc' dir='ltr'><strong>προσω-</strong></span> 
     </span>
    </p>
   </div>
   <div class='ocr_carea' id='block_1_81' title="bbox 2124 2704 3694 2785">
    <p class='ocr_par' dir='ltr' id='par_1_81' title="bbox 2124 2704 3694 2785">
     <span class='ocr_line' id='line_1_81' title="bbox 2124 2704 3694 2785; baseline 0.001 -24"><span class='ocrx_word' id='word_1_595' title='bbox 2124 2715 2293 2766; x_wconf 84' lang='grc' dir='ltr'><strong>πικοῖς</strong></span> <span class='ocrx_word' id='word_1_596' title='bbox 2339 2704 2579 2777; x_wconf 80' lang='grc' dir='ltr'><strong>ἱδιὼμασι</strong></span> <span class='ocrx_word' id='word_1_597' title='bbox 2613 2710 2692 2759; x_wconf 73' lang='grc' dir='ltr'><strong>καὶ</strong></span> <span class='ocrx_word' id='word_1_598' title='bbox 2724 2706 2947 2767; x_wconf 65' lang='grc' dir='ltr'><strong>ἀὶλήλοις</strong></span> <span class='ocrx_word' id='word_1_599' title='bbox 2976 2706 3270 2782; x_wconf 67' lang='grc' dir='ltr'><strong>διαφέροντα</strong></span> <span class='ocrx_word' id='word_1_600' title='bbox 3295 2724 3309 2739; x_wconf 84' lang='grc'><strong><em>⁸</em></strong></span> <span class='ocrx_word' id='word_1_601' title='bbox 3345 2711 3556 2765; x_wconf 81' lang='grc' dir='ltr'><strong>ἕκαστον</strong></span> <span class='ocrx_word' id='word_1_602' title='bbox 3596 2714 3694 2785; x_wconf 69' lang='grc' dir='ltr'><strong>γὰρ</strong></span> 
     </span>
    </p>
   </div>
   <div class='ocr_carea' id='block_1_82' title="bbox 2124 2793 3694 2869">
    <p class='ocr_par' dir='ltr' id='par_1_82' title="bbox 2124 2793 3694 2869">
     <span class='ocr_line' id='line_1_82' title="bbox 2124 2793 3694 2869; baseline 0.002 -21"><span class='ocrx_word' id='word_1_603' title='bbox 2124 2794 2448 2861; x_wconf 78' lang='grc' dir='ltr'><strong>τούτων,τῶν</strong></span> <span class='ocrx_word' id='word_1_604' title='bbox 2475 2796 2625 2865; x_wconf 74' lang='grc' dir='ltr'><strong>φύσει</strong></span> <span class='ocrx_word' id='word_1_605' title='bbox 2646 2796 2959 2868; x_wconf 80' lang='grc' dir='ltr'><strong>ἀχωρίστων</strong></span> <span class='ocrx_word' id='word_1_606' title='bbox 2982 2793 3064 2849; x_wconf 81' lang='grc' dir='ltr'><strong>διὰ</strong></span> <span class='ocrx_word' id='word_1_607' title='bbox 3079 2798 3136 2850; x_wconf 87' lang='grc' dir='ltr'>τὸ</span> <span class='ocrx_word' id='word_1_608' title='bbox 3159 2799 3372 2869; x_wconf 70' lang='grc' dir='ltr'><strong>συναφὲς</strong></span> <span class='ocrx_word' id='word_1_609' title='bbox 3391 2805 3479 2856; x_wconf 78' lang='grc' dir='ltr'>τῆς</span> <span class='ocrx_word' id='word_1_610' title='bbox 3501 2800 3694 2866; x_wconf 75' lang='grc' dir='ltr'><strong>οὐσίας,</strong></span> 
     </span>
    </p>
   </div>
   <div class='ocr_carea' id='block_1_83' title="bbox 2121 2887 3694 2964">
    <p class='ocr_par' dir='ltr' id='par_1_83' title="bbox 2121 2887 3694 2964">
     <span class='ocr_line' id='line_1_83' title="bbox 2121 2887 3694 2964; baseline 0.006 -27"><span class='ocrx_word' id='word_1_611' title='bbox 2121 2888 2269 2947; x_wconf 72' lang='grc' dir='ltr'><strong>ἡνίκα</strong></span> <span class='ocrx_word' id='word_1_612' title='bbox 2310 2893 2421 2946; x_wconf 83' lang='grc' dir='ltr'>ταῖς</span> <span class='ocrx_word' id='word_1_613' title='bbox 2450 2891 2542 2941; x_wconf 84' lang='grc' dir='ltr'><strong>τοῦ</strong></span> <span class='ocrx_word' id='word_1_614' title='bbox 2571 2893 2657 2941; x_wconf 85' lang='grc' dir='ltr'><strong>νοῦ</strong></span> <span class='ocrx_word' id='word_1_615' title='bbox 2700 2887 2953 2946; x_wconf 76' lang='grc' dir='ltr'><strong>ἐπιϐολαῖς</strong></span> <span class='ocrx_word' id='word_1_616' title='bbox 2982 2889 3266 2962; x_wconf 64' lang='grc' dir='ltr'><strong>μιρῖζιταιν</strong></span> <span class='ocrx_word' id='word_1_617' title='bbox 3287 2890 3412 2948; x_wconf 75' lang='grc' dir='ltr'><strong>Θιὸς</strong></span> <span class='ocrx_word' id='word_1_618' title='bbox 3447 2890 3694 2964; x_wconf 68' lang='grc' dir='ltr'><strong>ὁμολογεῖ·</strong></span> 
     </span>
    </p>
   </div>
   <div class='ocr_carea' id='block_1_84' title="bbox 2125 2973 3693 3053">
    <p class='ocr_par' dir='ltr' id='par_1_84' title="bbox 2125 2973 3693 3053">
     <span class='ocr_line' id='line_1_84' title="bbox 2125 2973 3693 3053; baseline 0.003 -23"><span class='ocrx_word' id='word_1_619' title='bbox 2125 2997 2212 3030; x_wconf 90' lang='grc' dir='ltr'><strong>ται</strong></span> <span class='ocrx_word' id='word_1_620' title='bbox 2257 2976 2372 3050; x_wconf 80' lang='grc' dir='ltr'><strong>παρ’</strong></span> <span class='ocrx_word' id='word_1_621' title='bbox 2390 2973 2547 3046; x_wconf 72' lang='grc' dir='ltr'><strong>ἡμῶν,</strong></span> <span class='ocrx_word' id='word_1_622' title='bbox 2601 2977 2684 3030; x_wconf 72' lang='grc' dir='ltr'><strong>καί</strong></span> <span class='ocrx_word' id='word_1_623' title='bbox 2730 2975 3049 3041; x_wconf 73' lang='grc' dir='ltr'><strong>πιστεύεται,</strong></span> <span class='ocrx_word' id='word_1_624' title='bbox 3101 2981 3301 3033; x_wconf 79' lang='grc' dir='ltr'><strong>πάντων</strong></span> <span class='ocrx_word' id='word_1_625' title='bbox 3348 2981 3693 3053; x_wconf 72' lang='grc' dir='ltr'><strong>πὶηρέστατον</strong></span> 
     </span>
    </p>
   </div>
   <div class='ocr_carea' id='block_1_85' title="bbox 2126 3068 3693 3145">
    <p class='ocr_par' dir='ltr' id='par_1_85' title="bbox 2126 3068 3693 3145">
     <span class='ocr_line' id='line_1_85' title="bbox 2126 3068 3693 3145; baseline 0.001 -24"><span class='ocrx_word' id='word_1_626' title='bbox 2126 3068 2371 3139; x_wconf 79' lang='grc' dir='ltr'><strong>ὑπάρχον</strong></span> <span class='ocrx_word' id='word_1_627' title='bbox 2413 3075 2512 3122; x_wconf 88' lang='grc' dir='ltr'><strong>τῶν</strong></span> <span class='ocrx_word' id='word_1_628' title='bbox 2560 3075 2650 3128; x_wconf 77' lang='grc' dir='ltr'><strong>τῆς</strong></span> <span class='ocrx_word' id='word_1_629' title='bbox 2697 3068 2929 3128; x_wconf 74' lang='grc' dir='ltr'><strong>θεότητος</strong></span> <span class='ocrx_word' id='word_1_630' title='bbox 2982 3068 3281 3139; x_wconf 78' lang='grc' dir='ltr'><strong>ἰδιωμάτων.</strong></span> <span class='ocrx_word' id='word_1_631' title='bbox 3341 3072 3428 3125; x_wconf 78' lang='grc' dir='ltr'><strong>Καὶ</strong></span> <span class='ocrx_word' id='word_1_632' title='bbox 3477 3075 3543 3126; x_wconf 83' lang='grc' dir='ltr'>τὰ</span> <span class='ocrx_word' id='word_1_633' title='bbox 3584 3074 3693 3145; x_wconf 76' lang='grc' dir='ltr'><strong>τρία</strong></span> 
     </span>
    </p>
   </div>
   <div class='ocr_carea' id='block_1_86' title="bbox 2130 3153 3692 3231">
    <p class='ocr_par' dir='ltr' id='par_1_86' title="bbox 2130 3153 3692 3231">
     <span class='ocr_line' id='line_1_86' title="bbox 2130 3153 3692 3231; baseline 0.001 -18"><span class='ocrx_word' id='word_1_634' title='bbox 2130 3160 2353 3219; x_wconf 79' lang='grc' dir='ltr'>ἀλλήλοις</span> <span class='ocrx_word' id='word_1_635' title='bbox 2400 3161 2778 3230; x_wconf 71' lang='grc' dir='ltr'><strong>συναπτόμενα,</strong></span> <span class='ocrx_word' id='word_1_636' title='bbox 2802 3153 2871 3217; x_wconf 76' lang='grc' dir='ltr'><strong>εἷς</strong></span> <span class='ocrx_word' id='word_1_637' title='bbox 2916 3158 3037 3218; x_wconf 80' lang='grc' dir='ltr'><strong>Θεὸς</strong></span> <span class='ocrx_word' id='word_1_638' title='bbox 3086 3158 3206 3231; x_wconf 85' lang='grc' dir='ltr'><strong>παρ’</strong></span> <span class='ocrx_word' id='word_1_639' title='bbox 3246 3162 3360 3229; x_wconf 74' lang='grc' dir='ltr'><strong>ἡμῖν</strong></span> <span class='ocrx_word' id='word_1_640' title='bbox 3390 3168 3692 3231; x_wconf 72' lang='grc' dir='ltr'><strong>προσκυνεῖ-</strong></span> 
     </span>
    </p>
   </div>
   <div class='ocr_carea' id='block_1_87' title="bbox 2130 3243 3693 3320">
    <p class='ocr_par' dir='ltr' id='par_1_87' title="bbox 2130 3243 3693 3320">
     <span class='ocr_line' id='line_1_87' title="bbox 2130 3243 3693 3320; baseline 0.003 -18"><span class='ocrx_word' id='word_1_641' title='bbox 2130 3268 2232 3312; x_wconf 83' lang='grc' dir='ltr'>ται,</span> <span class='ocrx_word' id='word_1_642' title='bbox 2272 3246 2543 3320; x_wconf 84' lang='grc' dir='ltr'><strong>τριαδικῶς</strong></span> <span class='ocrx_word' id='word_1_643' title='bbox 2576 3249 2663 3316; x_wconf 78' lang='grc' dir='ltr'><strong>μὲν</strong></span> <span class='ocrx_word' id='word_1_644' title='bbox 2692 3243 2826 3301; x_wconf 81' lang='grc' dir='ltr'><strong>κατά</strong></span> <span class='ocrx_word' id='word_1_645' title='bbox 2857 3252 2947 3305; x_wconf 71' lang='grc' dir='ltr'><strong>τήν</strong></span> <span class='ocrx_word' id='word_1_646' title='bbox 2985 3249 3294 3314; x_wconf 73' lang='grc' dir='ltr'><strong>ὑπόστασιν,</strong></span> <span class='ocrx_word' id='word_1_647' title='bbox 3340 3250 3615 3320; x_wconf 72' lang='grc' dir='ltr'><strong>μοναδικῶς</strong></span> <span class='ocrx_word' id='word_1_648' title='bbox 3643 3250 3693 3306; x_wconf 69' lang='grc' dir='ltr'><strong>δέ</strong></span> 
     </span>
    </p>
   </div>
   <div class='ocr_carea' id='block_1_88' title="bbox 2128 3334 3692 3413">
    <p class='ocr_par' dir='ltr' id='par_1_88' title="bbox 2128 3334 3692 3413">
     <span class='ocr_line' id='line_1_88' title="bbox 2128 3334 3692 3413; baseline 0.004 -24"><span class='ocrx_word' id='word_1_649' title='bbox 2128 3337 2262 3391; x_wconf 81' lang='grc' dir='ltr'><strong>κατά</strong></span> <span class='ocrx_word' id='word_1_650' title='bbox 2318 3340 2408 3394; x_wconf 77' lang='grc' dir='ltr'>την</span> <span class='ocrx_word' id='word_1_651' title='bbox 2453 3334 2651 3404; x_wconf 68' lang='grc' dir='ltr'><strong>οὖσιαν,</strong></span> <span class='ocrx_word' id='word_1_652' title='bbox 2694 3340 2781 3391; x_wconf 83' lang='grc' dir='ltr'><strong>καὶ</strong></span> <span class='ocrx_word' id='word_1_653' title='bbox 2829 3340 3095 3410; x_wconf 81' lang='grc' dir='ltr'><strong>μοναρχία</strong></span> <span class='ocrx_word' id='word_1_654' title='bbox 3142 3338 3264 3412; x_wconf 86' lang='grc' dir='ltr'><strong>παρ’</strong></span> <span class='ocrx_word' id='word_1_655' title='bbox 3293 3341 3412 3407; x_wconf 77' lang='grc' dir='ltr'><strong>ἡμῖν</strong></span> <span class='ocrx_word' id='word_1_656' title='bbox 3449 3342 3504 3394; x_wconf 82' lang='grc' dir='ltr'>τὸ</span> <span class='ocrx_word' id='word_1_657' title='bbox 3540 3345 3692 3413; x_wconf 72' lang='grc' dir='ltr'><strong>τιμῶο</strong></span> 
     </span>
    </p>
   </div>
   <div class='ocr_carea' id='block_1_89' title="bbox 2129 3426 3696 3502">
    <p class='ocr_par' dir='ltr' id='par_1_89' title="bbox 2129 3426 3696 3502">
     <span class='ocr_line' id='line_1_89' title="bbox 2129 3426 3696 3502; baseline 0.003 -20"><span class='ocrx_word' id='word_1_658' title='bbox 2129 3450 2306 3501; x_wconf 68' lang='grc' dir='ltr'><strong>ριενον²</strong></span> <span class='ocrx_word' id='word_1_659' title='bbox 2373 3430 2431 3482; x_wconf 79' lang='grc' dir='ltr'><strong>οὐ</strong></span> <span class='ocrx_word' id='word_1_660' title='bbox 2495 3430 2790 3502; x_wconf 78' lang='grc' dir='ltr'><strong>πολυαρχία</strong></span> <span class='ocrx_word' id='word_1_661' title='bbox 2834 3427 2918 3483; x_wconf 78' lang='grc' dir='ltr'><strong>διὰ</strong></span> <span class='ocrx_word' id='word_1_662' title='bbox 2966 3430 3022 3484; x_wconf 87' lang='grc' dir='ltr'>τὸ</span> <span class='ocrx_word' id='word_1_663' title='bbox 3073 3426 3285 3484; x_wconf 75' lang='grc' dir='ltr'><strong>ἄτακτον</strong></span> <span class='ocrx_word' id='word_1_664' title='bbox 3339 3435 3419 3484; x_wconf 80' lang='grc' dir='ltr'><strong>καὶ</strong></span> <span class='ocrx_word' id='word_1_665' title='bbox 3480 3439 3696 3487; x_wconf 83' lang='grc' dir='ltr'><strong>στασιῶ-</strong></span> 
     </span>
    </p>
   </div>
   <div class='ocr_carea' id='block_1_90' title="bbox 2129 3517 3694 3594">
    <p class='ocr_par' dir='ltr' id='par_1_90' title="bbox 2129 3517 3694 3594">
     <span class='ocr_line' id='line_1_90' title="bbox 2129 3517 3694 3594; baseline -0.003 -14"><span class='ocrx_word' id='word_1_666' title='bbox 2129 3519 2214 3580; x_wconf 76' lang='grc' dir='ltr'>δες</span> <span class='ocrx_word' id='word_1_667' title='bbox 2244 3527 2333 3580; x_wconf 70' lang='grc' dir='ltr'>τῆς</span> <span class='ocrx_word' id='word_1_668' title='bbox 2364 3517 2641 3579; x_wconf 67' lang='grc' dir='ltr'><strong>Ἑλληνικῆς</strong></span> <span class='ocrx_word' id='word_1_669' title='bbox 2692 3520 3053 3593; x_wconf 75' lang='grc' dir='ltr'><strong>ἐμϐροντησίας</strong></span> <span class='ocrx_word' id='word_1_670' title='bbox 3086 3523 3168 3575; x_wconf 79' lang='grc' dir='ltr'><strong>καὶ</strong></span> <span class='ocrx_word' id='word_1_671' title='bbox 3214 3525 3557 3593; x_wconf 72' lang='grc' dir='ltr'><strong>συγχύσεως’</strong></span> <span class='ocrx_word' id='word_1_672' title='bbox 3605 3544 3694 3594; x_wconf 81' lang='grc' dir='ltr'><strong>μο-</strong></span> 
     </span>
    </p>
   </div>
   <div class='ocr_carea' id='block_1_91' title="bbox 2129 3611 3697 3688">
    <p class='ocr_par' dir='ltr' id='par_1_91' title="bbox 2129 3611 3697 3688">
     <span class='ocr_line' id='line_1_91' title="bbox 2129 3611 3697 3688; baseline 0.003 -22"><span class='ocrx_word' id='word_1_673' title='bbox 2129 3616 2327 3687; x_wconf 81' lang='grc' dir='ltr'><strong>ναρχία</strong></span> <span class='ocrx_word' id='word_1_674' title='bbox 2376 3611 2452 3678; x_wconf 79' lang='grc' dir='ltr'><strong>δέ,</strong></span> <span class='ocrx_word' id='word_1_675' title='bbox 2490 3615 2594 3682; x_wconf 82' lang='grc' dir='ltr'><strong>οὐχ</strong></span> <span class='ocrx_word' id='word_1_676' title='bbox 2640 3614 2670 3669; x_wconf 77' lang='grc' dir='ltr'><em>ἠ</em></span> <span class='ocrx_word' id='word_1_677' title='bbox 2708 3613 2813 3671; x_wconf 83' lang='grc' dir='ltr'><strong>ἐνὸς</strong></span> <span class='ocrx_word' id='word_1_678' title='bbox 2867 3616 3145 3686; x_wconf 81' lang='grc' dir='ltr'><strong>προσώπου</strong></span> <span class='ocrx_word' id='word_1_679' title='bbox 3196 3620 3480 3688; x_wconf 64' lang='grc' dir='ltr'><strong>περιγραφή</strong></span> <span class='ocrx_word' id='word_1_680' title='bbox 3528 3614 3611 3685; x_wconf 55' lang='lat' dir='ltr'><strong>[iv</strong></span> <span class='ocrx_word' id='word_1_681' title='bbox 3647 3618 3697 3671; x_wconf 76' lang='grc' dir='ltr'><strong>ἕν</strong></span> 
     </span>
    </p>
   </div>
   <div class='ocr_carea' id='block_1_92' title="bbox 2131 3699 3693 3777">
    <p class='ocr_par' dir='ltr' id='par_1_92' title="bbox 2131 3699 3693 3777">
     <span class='ocr_line' id='line_1_92' title="bbox 2131 3699 3693 3777; baseline 0.003 -22"><span class='ocrx_word' id='word_1_682' title='bbox 2131 3704 2421 3773; x_wconf 59' lang='grc' dir='ltr'><strong>προσώπων</strong></span> <span class='ocrx_word' id='word_1_683' title='bbox 2457 3699 2785 3777; x_wconf 56' lang='grc' dir='ltr'><strong>περιγραφῇ,</strong></span> <span class='ocrx_word' id='word_1_684' title='bbox 2815 3699 2899 3757; x_wconf 79' lang='grc' dir='ltr'><strong>διὰ</strong></span> <span class='ocrx_word' id='word_1_685' title='bbox 2935 3702 2994 3756; x_wconf 86' lang='grc' dir='ltr'>τὸ</span> <span class='ocrx_word' id='word_1_686' title='bbox 3042 3702 3212 3761; x_wconf 76' lang='grc' dir='ltr'>ἀτελὲς</span> <span class='ocrx_word' id='word_1_687' title='bbox 3259 3707 3343 3757; x_wconf 82' lang='grc' dir='ltr'><strong>καὶ</strong></span> <span class='ocrx_word' id='word_1_688' title='bbox 3371 3703 3693 3773; x_wconf 72' lang='grc' dir='ltr'><strong>στοιχειῶδες</strong></span> 
     </span>
    </p>
   </div>
   <div class='ocr_carea' id='block_1_93' title="bbox 2130 3792 3697 3870">
    <p class='ocr_par' dir='ltr' id='par_1_93' title="bbox 2130 3792 3697 3870">
     <span class='ocr_line' id='line_1_93' title="bbox 2130 3792 3697 3870; baseline 0.003 -23"><span class='ocrx_word' id='word_1_689' title='bbox 2130 3802 2222 3854; x_wconf 78' lang='grc' dir='ltr'>τῆς</span> <span class='ocrx_word' id='word_1_690' title='bbox 2270 3792 2550 3851; x_wconf 76' lang='grc' dir='ltr'><strong>Ἰουδαϊκῆς</strong></span> <span class='ocrx_word' id='word_1_691' title='bbox 2585 3796 2758 3853; x_wconf 81' lang='grc' dir='ltr'><strong>πενίας</strong></span> <span class='ocrx_word' id='word_1_692' title='bbox 2806 3797 2886 3847; x_wconf 81' lang='grc' dir='ltr'><strong>καὶ</strong></span> <span class='ocrx_word' id='word_1_693' title='bbox 2935 3794 3250 3858; x_wconf 79' lang='grc' dir='ltr'><strong>νηπιότητος,</strong></span> <span class='ocrx_word' id='word_1_694' title='bbox 3291 3796 3395 3850; x_wconf 83' lang='grc' dir='ltr'>ἀλλ’</span> <span class='ocrx_word' id='word_1_695' title='bbox 3420 3798 3475 3854; x_wconf 76' lang='grc' dir='ltr'><strong>ἣν</strong></span> <span class='ocrx_word' id='word_1_696' title='bbox 3505 3802 3697 3870; x_wconf 72' lang='grc' dir='ltr'><strong>φύσεως</strong></span> 
     </span>
    </p>
   </div>
   <div class='ocr_carea' id='block_1_94' title="bbox 2133 3882 3698 3956">
    <p class='ocr_par' dir='ltr' id='par_1_94' title="bbox 2133 3882 3698 3956">
     <span class='ocr_line' id='line_1_94' title="bbox 2133 3882 3698 3956; baseline 0.004 -20"><span class='ocrx_word' id='word_1_697' title='bbox 2133 3882 2391 3952; x_wconf 75' lang='grc' dir='ltr'><strong>ὁμοτιμία,</strong></span> <span class='ocrx_word' id='word_1_698' title='bbox 2420 3887 2502 3937; x_wconf 81' lang='grc' dir='ltr'><strong>καὶ</strong></span> <span class='ocrx_word' id='word_1_699' title='bbox 2534 3887 2734 3956; x_wconf 77' lang='grc' dir='ltr'><strong>γνώμης</strong></span> <span class='ocrx_word' id='word_1_700' title='bbox 2760 3885 3035 3955; x_wconf 83' lang='grc' dir='ltr'><strong>σύμπνοια,</strong></span> <span class='ocrx_word' id='word_1_701' title='bbox 3071 3887 3154 3939; x_wconf 71' lang='grc' dir='ltr'><strong>καὶ</strong></span> <span class='ocrx_word' id='word_1_702' title='bbox 3188 3885 3434 3945; x_wconf 82' lang='grc' dir='ltr'>ταυτότης</span> <span class='ocrx_word' id='word_1_703' title='bbox 3464 3893 3698 3947; x_wconf 69' lang='grc' dir='ltr'><strong>κινήσεως</strong></span> 
     </span>
    </p>
   </div>
   <div class='ocr_carea' id='block_1_95' title="bbox 2134 3971 3692 4047">
    <p class='ocr_par' dir='ltr' id='par_1_95' title="bbox 2134 3971 3692 4047">
     <span class='ocr_line' id='line_1_95' title="bbox 2134 3971 3692 4047; baseline 0.004 -20"><span class='ocrx_word' id='word_1_704' title='bbox 2134 3971 2401 4040; x_wconf 78' lang='grc' dir='ltr'><strong>δείκνυσιν,</strong></span> <span class='ocrx_word' id='word_1_705' title='bbox 2426 3976 2506 4028; x_wconf 77' lang='grc' dir='ltr'><strong>καὶ</strong></span> <span class='ocrx_word' id='word_1_706' title='bbox 2552 3976 2683 4047; x_wconf 85' lang='grc' dir='ltr'><strong>πρὸς</strong></span> <span class='ocrx_word' id='word_1_707' title='bbox 2727 3976 2785 4029; x_wconf 86' lang='grc' dir='ltr'>τὸ</span> <span class='ocrx_word' id='word_1_708' title='bbox 2831 3973 2883 4028; x_wconf 77' lang='grc' dir='ltr'><strong>ἓν</strong></span> <span class='ocrx_word' id='word_1_709' title='bbox 2928 3976 2958 4034; x_wconf 76' lang='grc' dir='ltr'>ἡ</span> <span class='ocrx_word' id='word_1_710' title='bbox 3001 3982 3098 4030; x_wconf 86' lang='grc' dir='ltr'><strong>τῶν</strong></span> <span class='ocrx_word' id='word_1_711' title='bbox 3140 3977 3189 4038; x_wconf 80' lang='grc' dir='ltr'><strong>ἐξ</strong></span> <span class='ocrx_word' id='word_1_712' title='bbox 3219 3979 3378 4031; x_wconf 72' lang='grc' dir='ltr'>αὐτοῦ</span> <span class='ocrx_word' id='word_1_713' title='bbox 3403 3977 3692 4040; x_wconf 72' lang='grc' dir='ltr'><strong>σύννουσις.</strong></span> 
     </span>
    </p>
   </div>
   <div class='ocr_carea' id='block_1_96' title="bbox 2138 4052 3694 4143">
    <p class='ocr_par' dir='ltr' id='par_1_96' title="bbox 2138 4052 3694 4143">
     <span class='ocr_line' id='line_1_96' title="bbox 2138 4052 3694 4143; baseline 0.003 -25"><span class='ocrx_word' id='word_1_714' title='bbox 2138 4062 2265 4138; x_wconf 74' lang='grc' dir='ltr'><strong>ὅπερ</strong></span> <span class='ocrx_word' id='word_1_715' title='bbox 2318 4066 2400 4119; x_wconf 77' lang='grc' dir='ltr'><strong>ἐπὶ</strong></span> <span class='ocrx_word' id='word_1_716' title='bbox 2429 4052 2520 4125; x_wconf 62' lang='grc' dir='ltr'><strong>της</strong></span> <span class='ocrx_word' id='word_1_717' title='bbox 2564 4073 2799 4135; x_wconf 75' lang='grc' dir='ltr'><strong>γεννητῆς</strong></span> <span class='ocrx_word' id='word_1_718' title='bbox 2844 4064 3043 4136; x_wconf 77' lang='grc' dir='ltr'><strong>φύσιως</strong></span> <span class='ocrx_word' id='word_1_719' title='bbox 3072 4067 3372 4135; x_wconf 72' lang='grc' dir='ltr'><strong>ἀμήχανον,</strong></span> <span class='ocrx_word' id='word_1_720' title='bbox 3431 4067 3462 4143; x_wconf 76' lang='grc' dir='ltr'><em>ᾖ</em></span> <span class='ocrx_word' id='word_1_721' title='bbox 3503 4068 3694 4139; x_wconf 77' lang='grc' dir='ltr'>φησινὸ</span> 
     </span>
    </p>
   </div>
   <div class='ocr_carea' id='block_1_97' title="bbox 2136 4155 3697 4229">
    <p class='ocr_par' dir='ltr' id='par_1_97' title="bbox 2136 4155 3697 4229">
     <span class='ocr_line' id='line_1_97' title="bbox 2136 4155 3697 4229; baseline 0.003 -20"><span class='ocrx_word' id='word_1_722' title='bbox 2136 4157 2291 4227; x_wconf 66' lang='grc' dir='ltr'>μέγας</span> <span class='ocrx_word' id='word_1_723' title='bbox 2330 4157 2379 4209; x_wconf 71' lang='grc' dir='ltr'><strong>ἄν</strong></span> <span class='ocrx_word' id='word_1_724' title='bbox 2430 4155 2676 4225; x_wconf 73' lang='grc' dir='ltr'>θεολόγοις</span> <span class='ocrx_word' id='word_1_725' title='bbox 2711 4156 3003 4229; x_wconf 70' lang='grc' dir='ltr'><strong>Γρηγόριος,</strong></span> <span class='ocrx_word' id='word_1_726' title='bbox 3032 4158 3117 4210; x_wconf 78' lang='grc' dir='ltr'><strong>καὶ</strong></span> <span class='ocrx_word' id='word_1_727' title='bbox 3138 4155 3278 4212; x_wconf 66' lang='grc' dir='ltr'><strong>οὐδὲν</strong></span> <span class='ocrx_word' id='word_1_728' title='bbox 3304 4160 3362 4213; x_wconf 84' lang='grc' dir='ltr'>τὸ</span> <span class='ocrx_word' id='word_1_729' title='bbox 3391 4161 3697 4229; x_wconf 70' lang='grc' dir='ltr'><strong>συνημμένον</strong></span> 
     </span>
    </p>
   </div>
   <div class='ocr_carea' id='block_1_98' title="bbox 2134 4244 3699 4321">
    <p class='ocr_par' dir='ltr' id='par_1_98' title="bbox 2134 4244 3699 4321">
     <span class='ocr_line' id='line_1_98' title="bbox 2134 4244 3699 4321; baseline 0.002 -22"><span class='ocrx_word' id='word_1_730' title='bbox 2134 4248 2218 4299; x_wconf 71' lang='grc' dir='ltr'><strong>καὶ</strong></span> <span class='ocrx_word' id='word_1_731' title='bbox 2254 4245 2483 4317; x_wconf 68' lang='grc' dir='ltr'><strong>συμφυές</strong></span> <span class='ocrx_word' id='word_1_732' title='bbox 2510 4253 2601 4304; x_wconf 82' lang='grc' dir='ltr'>τῆς</span> <span class='ocrx_word' id='word_1_733' title='bbox 2648 4246 2699 4298; x_wconf 79' lang='grc' dir='ltr'><strong>ἐν</strong></span> <span class='ocrx_word' id='word_1_734' title='bbox 2732 4244 2903 4318; x_wconf 77' lang='grc' dir='ltr'>τριάδι</span> <span class='ocrx_word' id='word_1_735' title='bbox 2932 4247 3272 4321; x_wconf 75' lang='grc' dir='ltr'><strong>θεωρουμένης</strong></span> <span class='ocrx_word' id='word_1_736' title='bbox 3316 4249 3549 4309; x_wconf 74' lang='grc' dir='ltr'>θεότητος</span> <span class='ocrx_word' id='word_1_737' title='bbox 3591 4246 3699 4303; x_wconf 77' lang='grc' dir='ltr'><strong>δια-</strong></span> 
     </span>
    </p>
   </div>
   <div class='ocr_carea' id='block_1_99' title="bbox 2134 4334 3693 4408">
    <p class='ocr_par' dir='ltr' id='par_1_99' title="bbox 2134 4334 3693 4408">
     <span class='ocr_line' id='line_1_99' title="bbox 2134 4334 3693 4408; baseline 0.004 -19"><span class='ocrx_word' id='word_1_738' title='bbox 2134 4336 2384 4407; x_wconf 73' lang='grc' dir='ltr'>τέμνιται.</span> <span class='ocrx_word' id='word_1_739' title='bbox 2416 4334 2805 4408; x_wconf 77' lang='grc' dir='ltr'><strong>’Δλλοτριούσθω</strong></span> <span class='ocrx_word' id='word_1_740' title='bbox 2846 4336 2946 4407; x_wconf 70' lang='grc' dir='ltr'><strong>γὰρ</strong></span> <span class='ocrx_word' id='word_1_741' title='bbox 2977 4337 3135 4404; x_wconf 72' lang='grc' dir='ltr'><strong>ἡμῶν,</strong></span> <span class='ocrx_word' id='word_1_742' title='bbox 3166 4340 3252 4390; x_wconf 77' lang='grc' dir='ltr'><strong>καὶ</strong></span> <span class='ocrx_word' id='word_1_743' title='bbox 3289 4339 3646 4407; x_wconf 80' lang='grc' dir='ltr'><strong>ἀποτεμνὲσθω</strong></span> <span class='ocrx_word' id='word_1_744' title='bbox 3664 4338 3693 4395; x_wconf 76' lang='grc' dir='ltr'>ἡ</span> 
     </span>
    </p>
   </div>
   <div class='ocr_carea' id='block_1_100' title="bbox 2136 4421 3698 4504">
    <p class='ocr_par' dir='ltr' id='par_1_100' title="bbox 2136 4421 3698 4504">
     <span class='ocr_line' id='line_1_100' title="bbox 2136 4421 3698 4504; baseline 0.004 -25"><span class='ocrx_word' id='word_1_745' title='bbox 2136 4429 2225 4479; x_wconf 82' lang='grc' dir='ltr'>τοῦ</span> <span class='ocrx_word' id='word_1_746' title='bbox 2249 4421 2532 4492; x_wconf 78' lang='grc' dir='ltr'><strong>μανιώδους</strong></span> <span class='ocrx_word' id='word_1_747' title='bbox 2556 4427 2745 4497; x_wconf 79' lang='grc' dir='ltr'><strong>’Δριίου</strong></span> <span class='ocrx_word' id='word_1_748' title='bbox 2776 4422 3039 4488; x_wconf 78' lang='grc' dir='ltr'><strong>κακοδοξία</strong></span> <span class='ocrx_word' id='word_1_749' title='bbox 3068 4427 3156 4478; x_wconf 69' lang='grc' dir='ltr'><strong>καὶ</strong></span> <span class='ocrx_word' id='word_1_750' title='bbox 3196 4425 3388 4480; x_wconf 81' lang='grc' dir='ltr'><strong>λύσσα⁶</strong></span> <span class='ocrx_word' id='word_1_751' title='bbox 3421 4426 3698 4504; x_wconf 72' lang='grc' dir='ltr'><strong>ἀδιαίρετος</strong></span> 
     </span>
    </p>
   </div>
   <div class='ocr_carea' id='block_1_101' title="bbox 2135 4512 3699 4591">
    <p class='ocr_par' dir='ltr' id='par_1_101' title="bbox 2135 4512 3699 4591">
     <span class='ocr_line' id='line_1_101' title="bbox 2135 4512 3699 4591; baseline 0.001 -24"><span class='ocrx_word' id='word_1_752' title='bbox 2135 4514 2235 4585; x_wconf 70' lang='grc' dir='ltr'><strong>γὰρ</strong></span> <span class='ocrx_word' id='word_1_753' title='bbox 2261 4515 2291 4570; x_wconf 76' lang='grc' dir='ltr'>ἡ</span> <span class='ocrx_word' id='word_1_754' title='bbox 2320 4513 2448 4571; x_wconf 66' lang='grc' dir='ltr'><strong>αἰδτή</strong></span> <span class='ocrx_word' id='word_1_755' title='bbox 2485 4514 2659 4586; x_wconf 85' lang='grc' dir='ltr'><strong>Τριάς,</strong></span> <span class='ocrx_word' id='word_1_756' title='bbox 2708 4512 2825 4584; x_wconf 72' lang='grc' dir='ltr'><strong>δόξῃ</strong></span> <span class='ocrx_word' id='word_1_757' title='bbox 2873 4515 2958 4566; x_wconf 76' lang='grc' dir='ltr'><strong>καὶ</strong></span> <span class='ocrx_word' id='word_1_758' title='bbox 3003 4512 3253 4572; x_wconf 82' lang='grc' dir='ltr'>ἀίδιότητι</span> <span class='ocrx_word' id='word_1_759' title='bbox 3297 4520 3367 4584; x_wconf 74' lang='grc' dir='ltr'><strong>μή</strong></span> <span class='ocrx_word' id='word_1_760' title='bbox 3411 4518 3699 4591; x_wconf 76' lang='grc' dir='ltr'><strong>μεριζομᾶνη</strong></span> 
     </span>
    </p>
   </div>
   <div class='ocr_carea' id='block_1_102' title="bbox 2137 4597 3697 4677">
    <p class='ocr_par' dir='ltr' id='par_1_102' title="bbox 2137 4597 3697 4677">
     <span class='ocr_line' id='line_1_102' title="bbox 2137 4597 3697 4677; baseline 0.003 -21"><span class='ocrx_word' id='word_1_761' title='bbox 2137 4601 2262 4675; x_wconf 69' lang='grc' dir='ltr'>μηδὲ</span> <span class='ocrx_word' id='word_1_762' title='bbox 2295 4602 2777 4676; x_wconf 57' lang='grc' dir='ltr'><strong>ἀπαλλοτριουμῇη,</strong></span> <span class='ocrx_word' id='word_1_763' title='bbox 2803 4597 2919 4656; x_wconf 74' lang='grc' dir='ltr'>οὔτι</span> <span class='ocrx_word' id='word_1_764' title='bbox 2942 4610 3041 4658; x_wconf 87' lang='grc' dir='ltr'><strong>τῶν</strong></span> <span class='ocrx_word' id='word_1_765' title='bbox 3060 4605 3342 4677; x_wconf 84' lang='grc' dir='ltr'><strong>θιαρχικῶν</strong></span> <span class='ocrx_word' id='word_1_766' title='bbox 3368 4605 3697 4660; x_wconf 72' lang='grc' dir='ltr'><strong>ὑποστάσεων</strong></span> 
     </span>
    </p>
   </div>
   <div class='ocr_carea' id='block_1_103' title="bbox 2138 4695 3701 4765">
    <p class='ocr_par' dir='ltr' id='par_1_103' title="bbox 2138 4695 3701 4765">
     <span class='ocr_line' id='line_1_103' title="bbox 2138 4695 3701 4765; baseline 0.001 -19"><span class='ocrx_word' id='word_1_767' title='bbox 2138 4699 2564 4765; x_wconf 74' lang='grc' dir='ltr'><strong>μσταπιπτουσῶν</strong></span> <span class='ocrx_word' id='word_1_768' title='bbox 2615 4695 2699 4747; x_wconf 75' lang='grc' dir='ltr'><strong>καὶ</strong></span> <span class='ocrx_word' id='word_1_769' title='bbox 2746 4700 3151 4765; x_wconf 81' lang='grc' dir='ltr'><strong>περιχωρουσῶν</strong></span> <span class='ocrx_word' id='word_1_770' title='bbox 3197 4697 3272 4753; x_wconf 78' lang='grc' dir='ltr'><strong>εἰς</strong></span> <span class='ocrx_word' id='word_1_771' title='bbox 3322 4695 3553 4758; x_wconf 69' lang='grc' dir='ltr'>ἀλλήλας.</span> <span class='ocrx_word' id='word_1_772' title='bbox 3598 4695 3701 4749; x_wconf 75' lang='grc' dir='ltr'><strong>ἀλλ’</strong></span> 
     </span>
    </p>
   </div>
   <div class='ocr_carea' id='block_1_104' title="bbox 2138 4784 3701 4858">
    <p class='ocr_par' dir='ltr' id='par_1_104' title="bbox 2138 4784 3701 4858">
     <span class='ocr_line' id='line_1_104' title="bbox 2138 4784 3701 4858; baseline 0 -20"><span class='ocrx_word' id='word_1_773' title='bbox 2138 4784 2211 4857; x_wconf 54' lang='grc' dir='ltr'><em>δᾴ</em></span> <span class='ocrx_word' id='word_1_774' title='bbox 2227 4784 2444 4844; x_wconf 77' lang='grc' dir='ltr'>ἑκάστης</span> <span class='ocrx_word' id='word_1_775' title='bbox 2492 4786 2683 4839; x_wconf 79' lang='grc' dir='ltr'>τούτων</span> <span class='ocrx_word' id='word_1_776' title='bbox 2720 4786 3089 4852; x_wconf 77' lang='grc' dir='ltr'><strong>ἀμιταπτώτου</strong></span> <span class='ocrx_word' id='word_1_777' title='bbox 3139 4788 3222 4841; x_wconf 76' lang='grc' dir='ltr'><strong>καὶ</strong></span> <span class='ocrx_word' id='word_1_778' title='bbox 3262 4788 3567 4858; x_wconf 75' lang='grc' dir='ltr'><strong>ἀσυγχύτου</strong></span> <span class='ocrx_word' id='word_1_779' title='bbox 3612 4810 3701 4857; x_wconf 82' lang='grc' dir='ltr'><strong>φυ-</strong></span> 
     </span>
    </p>
   </div>
   <div class='ocr_carea' id='block_1_105' title="bbox 2138 4872 3699 4948">
    <p class='ocr_par' dir='ltr' id='par_1_105' title="bbox 2138 4872 3699 4948">
     <span class='ocr_line' id='line_1_105' title="bbox 2138 4872 3699 4948; baseline -0.001 -19"><span class='ocrx_word' id='word_1_780' title='bbox 2138 4875 2439 4944; x_wconf 78' lang='grc' dir='ltr'>λαττομένης</span> <span class='ocrx_word' id='word_1_781' title='bbox 2485 4883 2575 4933; x_wconf 81' lang='grc' dir='ltr'><strong>τῆς</strong></span> <span class='ocrx_word' id='word_1_782' title='bbox 2610 4872 2915 4940; x_wconf 83' lang='grc' dir='ltr'>ἀίδιὸτητος,</span> <span class='ocrx_word' id='word_1_783' title='bbox 2966 4876 3139 4945; x_wconf 82' lang='grc' dir='ltr'><strong>πόῥρω</strong></span> <span class='ocrx_word' id='word_1_784' title='bbox 3186 4876 3290 4948; x_wconf 70' lang='grc' dir='ltr'><strong>γὰρ</strong></span> <span class='ocrx_word' id='word_1_785' title='bbox 3326 4874 3699 4945; x_wconf 69' lang='grc' dir='ltr'><strong>ἀποπιμπίσθω</strong></span> 
     </span>
    </p>
   </div>
   <div class='ocr_carea' id='block_1_106' title="bbox 2134 4951 3696 5027">
    <p class='ocr_par' dir='ltr' id='par_1_106' title="bbox 2134 4951 3696 5027">
     <span class='ocr_line' id='line_1_106' title="bbox 2134 4951 3696 5027; baseline 0.003 -23"><span class='ocrx_word' id='word_1_786' title='bbox 2134 4954 2221 5006; x_wconf 71' lang='grc' dir='ltr'><strong>καὶ</strong></span> <span class='ocrx_word' id='word_1_787' title='bbox 2250 4951 2608 5008; x_wconf 73' lang='grc' dir='ltr'><strong>ἀπιλαυνέσθω</strong></span> <span class='ocrx_word' id='word_1_788' title='bbox 2631 4955 2661 5012; x_wconf 75' lang='grc' dir='ltr'><strong><em>ἠ</em></strong></span> <span class='ocrx_word' id='word_1_789' title='bbox 2688 4960 2777 5008; x_wconf 83' lang='grc' dir='ltr'>τοῦ</span> <span class='ocrx_word' id='word_1_790' title='bbox 2800 4954 3179 5027; x_wconf 73' lang='grc' dir='ltr'><strong>ματαιὸφρονος</strong></span> <span class='ocrx_word' id='word_1_791' title='bbox 3202 4955 3464 5010; x_wconf 75' lang='grc' dir='ltr'><strong>Σαϐιλλίου</strong></span> <span class='ocrx_word' id='word_1_792' title='bbox 3494 4958 3696 5014; x_wconf 79' lang='grc' dir='ltr'><strong>ἀπατη-</strong></span> 
     </span>
    </p>
   </div>
   <div class='ocr_carea' id='block_1_107' title="bbox 2138 5044 2571 5116">
    <p class='ocr_par' dir='ltr' id='par_1_107' title="bbox 2138 5044 2571 5116">
     <span class='ocr_line' id='line_1_107' title="bbox 2138 5044 2571 5116; baseline -0.005 -18"><span class='ocrx_word' id='word_1_793' title='bbox 2138 5047 2249 5102; x_wconf 67' lang='grc' dir='ltr'>τικύ</span> <span class='ocrx_word' id='word_1_794' title='bbox 2284 5044 2571 5116; x_wconf 76' lang='grc' dir='ltr'><strong>σύγχυσις.</strong></span> 
     </span>
    </p>
   </div>
   <div class='ocr_carea' id='block_1_108' title="bbox 2197 5687 3681 5765">
    <p class='ocr_par' dir='ltr' id='par_1_108' title="bbox 2197 5687 3681 5765">
     <span class='ocr_line' id='line_1_108' title="bbox 2197 5687 3681 5765; baseline 0.008 -26"><span class='ocrx_word' id='word_1_795' title='bbox 2197 5687 2325 5740; x_wconf 57' lang='lat' dir='ltr'><strong>seem</strong></span> <span class='ocrx_word' id='word_1_796' title='bbox 2363 5688 2415 5744; x_wconf 69' lang='grc' dir='ltr'><strong>δὲ</strong></span> <span class='ocrx_word' id='word_1_797' title='bbox 2459 5688 2541 5741; x_wconf 69' lang='grc' dir='ltr'><strong>καὶ</strong></span> <span class='ocrx_word' id='word_1_798' title='bbox 2587 5694 2859 5759; x_wconf 82' lang='grc' dir='ltr'><strong>προσκυνῶ</strong></span> <span class='ocrx_word' id='word_1_799' title='bbox 2894 5688 2954 5747; x_wconf 76' lang='grc' dir='ltr'>τό</span> <span class='ocrx_word' id='word_1_800' title='bbox 2984 5693 3083 5765; x_wconf 75' lang='grc' dir='ltr'><strong>πρὸ</strong></span> <span class='ocrx_word' id='word_1_801' title='bbox 3128 5694 3324 5750; x_wconf 72' lang='grc' dir='ltr'><strong>πάντων</strong></span> <span class='ocrx_word' id='word_1_802' title='bbox 3361 5699 3456 5749; x_wconf 78' lang='grc' dir='ltr'><strong>τῶν</strong></span> <span class='ocrx_word' id='word_1_803' title='bbox 3489 5690 3681 5746; x_wconf 67' lang='grc' dir='ltr'><strong>αἰώνων</strong></span> 
     </span>
    </p>
   </div>
  </div>
