  <div class='ocr_page' id='page_1' title='image "/cluster/home/n/w/nwhite01/storage/ocr_20150623/100/hvd.32044010574994/1070.png"; bbox 0 0 4038 6354; ppageno 0'>
   <div class='ocr_carea' id='block_1_1' title="bbox 154 271 248 332">
    <p class='ocr_par' dir='ltr' id='par_1_1' title="bbox 154 271 248 332">
     <span class='ocr_line' id='line_1_1' title="bbox 154 271 248 332; baseline 0.011 -1"><span class='ocrx_word' id='word_1_1' title='bbox 154 271 248 332; x_wconf 78' lang='grc'><strong>353</strong></span> 
     </span>
    </p>
   </div>
   <div class='ocr_carea' id='block_1_2' title="bbox 1554 245 1957 308">
    <p class='ocr_par' dir='ltr' id='par_1_2' title="bbox 1554 245 1957 308">
     <span class='ocr_line' id='line_1_2' title="bbox 1554 245 1957 308; baseline 0.002 -2"><span class='ocrx_word' id='word_1_2' title='bbox 1554 245 1957 308; x_wconf 62' lang='lat' dir='ltr'><strong>EPISTOLzﬁ.</strong></span> 
     </span>
    </p>
   </div>
   <div class='ocr_carea' id='block_1_3' title="bbox 3222 253 3328 314">
    <p class='ocr_par' dir='ltr' id='par_1_3' title="bbox 3222 253 3328 314">
     <span class='ocr_line' id='line_1_3' title="bbox 3222 253 3328 314; baseline -0.038 1"><span class='ocrx_word' id='word_1_3' title='bbox 3222 253 3328 314; x_wconf 70' lang='grc'><strong>354</strong></span> 
     </span>
    </p>
   </div>
   <div class='ocr_carea' id='block_1_4' title="bbox 141 355 1677 448">
    <p class='ocr_par' dir='ltr' id='par_1_4' title="bbox 141 357 1661 448">
     <span class='ocr_line' id='line_1_4' title="bbox 141 357 1661 448; baseline -0.014 -18"><span class='ocrx_word' id='word_1_4' title='bbox 141 379 282 448; x_wconf 77' lang='grc' dir='ltr'><strong>ϐουλή</strong></span> <span class='ocrx_word' id='word_1_5' title='bbox 314 391 392 438; x_wconf 86' lang='grc' dir='ltr'><strong>τις</strong></span> <span class='ocrx_word' id='word_1_6' title='bbox 422 374 758 435; x_wconf 76' lang='grc' dir='ltr'><strong>συνίσταται,</strong></span> <span class='ocrx_word' id='word_1_7' title='bbox 797 371 934 430; x_wconf 68' lang='grc' dir='ltr'><strong>ἡμᾶς</strong></span> <span class='ocrx_word' id='word_1_8' title='bbox 984 359 1040 429; x_wconf 71' lang='grc' dir='ltr'><strong>δὲ</strong></span> <span class='ocrx_word' id='word_1_9' title='bbox 1078 358 1239 448; x_wconf 78' lang='grc' dir='ltr'><strong>μέχρι</strong></span> <span class='ocrx_word' id='word_1_10' title='bbox 1261 357 1353 414; x_wconf 78' lang='grc' dir='ltr'><strong>τοῦ</strong></span> <span class='ocrx_word' id='word_1_11' title='bbox 1387 357 1481 411; x_wconf 80' lang='grc' dir='ltr'><strong>νῦν</strong></span> <span class='ocrx_word' id='word_1_12' title='bbox 1513 357 1661 411; x_wconf 83' lang='grc' dir='ltr'><strong>ἀδια-</strong></span> 
     </span>
    </p>
   </div>
   <div class='ocr_carea' id='block_1_5' title="bbox 1775 355 3332 448">
    <p class='ocr_par' dir='ltr' id='par_1_5' title="bbox 1775 355 3332 429">
     <span class='ocr_line' id='line_1_5' title="bbox 1775 355 3332 429; baseline 0.003 -17"><span class='ocrx_word' id='word_1_13' title='bbox 1775 359 2004 413; x_wconf 81' lang='lat' dir='ltr'><strong>tinenter</strong></span> <span class='ocrx_word' id='word_1_14' title='bbox 2065 355 2372 426; x_wconf 76' lang='lat' dir='ltr'><strong>aﬂligimur.</strong></span> <span class='ocrx_word' id='word_1_15' title='bbox 2437 355 2596 412; x_wconf 80' lang='lat' dir='ltr'><strong>Tales</strong></span> <span class='ocrx_word' id='word_1_16' title='bbox 2668 368 2724 413; x_wconf 92' lang='lat' dir='ltr'><strong>tu</strong></span> <span class='ocrx_word' id='word_1_17' title='bbox 2782 367 3033 429; x_wconf 86' lang='lat' dir='ltr'><strong>tanquam</strong></span> <span class='ocrx_word' id='word_1_18' title='bbox 3078 363 3183 417; x_wconf 74' lang='lat' dir='ltr'><strong>vita</strong></span> <span class='ocrx_word' id='word_1_19' title='bbox 3238 365 3332 416; x_wconf 83' lang='lat' dir='ltr'><strong>de-</strong></span> 
     </span>
    </p>
   </div>
   <div class='ocr_carea' id='block_1_6' title="bbox 143 447 1657 527">
    <p class='ocr_par' dir='ltr' id='par_1_6' title="bbox 143 447 1657 527">
     <span class='ocr_line' id='line_1_6' title="bbox 143 447 1657 527; baseline -0.016 -4"><span class='ocrx_word' id='word_1_20' title='bbox 143 447 348 527; x_wconf 79' lang='grc' dir='ltr'><strong>λείπτως</strong></span> <span class='ocrx_word' id='word_1_21' title='bbox 403 461 570 516; x_wconf 81' lang='grc' dir='ltr'><strong>ταῦτα</strong></span> <span class='ocrx_word' id='word_1_22' title='bbox 624 449 1014 521; x_wconf 67' lang='grc' dir='ltr'><strong>περιστοιχίζει</strong></span> <span class='ocrx_word' id='word_1_23' title='bbox 1051 447 1263 512; x_wconf 57' lang='grc' dir='ltr'><strong>γούτως</strong></span> <span class='ocrx_word' id='word_1_24' title='bbox 1294 448 1387 502; x_wconf 81' lang='grc' dir='ltr'><strong>οὐν</strong></span> <span class='ocrx_word' id='word_1_25' title='bbox 1437 449 1657 518; x_wconf 77' lang='grc' dir='ltr'><strong>ἔχοντας</strong></span> 
     </span>
    </p>
   </div>
   <div class='ocr_carea' id='block_1_7' title="bbox 144 535 1718 618">
    <p class='ocr_par' dir='ltr' id='par_1_7' title="bbox 144 535 1718 618">
     <span class='ocr_line' id='line_1_7' title="bbox 144 535 1718 618; baseline -0.009 -17"><span class='ocrx_word' id='word_1_26' title='bbox 144 558 271 618; x_wconf 51' lang='lat' dir='ltr'><strong>nisi;</strong></span> <span class='ocrx_word' id='word_1_27' title='bbox 304 555 376 612; x_wconf 82' lang='grc' dir='ltr'><strong>ὡς</strong></span> <span class='ocrx_word' id='word_1_28' title='bbox 411 553 509 613; x_wconf 74' lang='grc' dir='ltr'><strong>τῆς</strong></span> <span class='ocrx_word' id='word_1_29' title='bbox 531 539 704 611; x_wconf 60' lang='grc' dir='ltr'><strong>φυχῆς</strong></span> <span class='ocrx_word' id='word_1_30' title='bbox 739 538 1158 607; x_wconf 84' lang='grc' dir='ltr'><strong>ἀπολείψαντας.</strong></span> <span class='ocrx_word' id='word_1_31' title='bbox 1186 540 1296 592; x_wconf 79' lang='grc' dir='ltr'><strong>Καὶ</strong></span> <span class='ocrx_word' id='word_1_32' title='bbox 1322 538 1440 599; x_wconf 85' lang='grc' dir='ltr'><strong>πῶς</strong></span> <span class='ocrx_word' id='word_1_33' title='bbox 1468 536 1565 588; x_wconf 88' lang='grc' dir='ltr'><strong>οὐκ</strong></span> <span class='ocrx_word' id='word_1_34' title='bbox 1592 535 1657 589; x_wconf 79' lang='grc' dir='ltr'><strong>ἄν</strong></span> <span class='ocrx_word' id='word_1_35' title='bbox 1709 587 1718 597; x_wconf 80' lang='grc'><strong>,</strong></span> 
     </span>
    </p>
   </div>
   <div class='ocr_carea' id='block_1_8' title="bbox 140 625 1662 702">
    <p class='ocr_par' dir='ltr' id='par_1_8' title="bbox 140 625 1662 702">
     <span class='ocr_line' id='line_1_8' title="bbox 140 625 1662 702; baseline -0.008 -10"><span class='ocrx_word' id='word_1_36' title='bbox 140 656 211 700; x_wconf 83' lang='grc' dir='ltr'><strong>τις</strong></span> <span class='ocrx_word' id='word_1_37' title='bbox 250 638 306 690; x_wconf 77' lang='grc' dir='ltr'><strong>σὲ</strong></span> <span class='ocrx_word' id='word_1_38' title='bbox 348 625 542 702; x_wconf 74' lang='grc' dir='ltr'><strong>μᾶλλον</strong></span> <span class='ocrx_word' id='word_1_39' title='bbox 571 631 876 686; x_wconf 76' lang='grc' dir='ltr'><strong>αἰτιάσεται</strong></span> <span class='ocrx_word' id='word_1_40' title='bbox 933 631 1266 700; x_wconf 83' lang='grc' dir='ltr'><strong>δικαιότερον</strong></span> <span class='ocrx_word' id='word_1_41' title='bbox 1296 629 1390 681; x_wconf 76' lang='grc' dir='ltr'><strong>καὶ</strong></span> <span class='ocrx_word' id='word_1_42' title='bbox 1437 625 1662 681; x_wconf 82' lang='grc' dir='ltr'><strong>τοιαῦτα</strong></span> 
     </span>
    </p>
   </div>
   <div class='ocr_carea' id='block_1_9' title="bbox 140 716 1676 793">
    <p class='ocr_par' dir='ltr' id='par_1_9' title="bbox 140 716 1676 793">
     <span class='ocr_line' id='line_1_9' title="bbox 140 716 1676 793; baseline -0.005 -14"><span class='ocrx_word' id='word_1_43' title='bbox 140 724 416 793; x_wconf 70' lang='grc' dir='ltr'><strong>ἐγκαλέσει,</strong></span> <span class='ocrx_word' id='word_1_44' title='bbox 470 721 503 791; x_wconf 79' lang='grc' dir='ltr'><strong>ἢ</strong></span> <span class='ocrx_word' id='word_1_45' title='bbox 574 723 634 774; x_wconf 82' lang='grc' dir='ltr'><strong>τὺ</strong></span> <span class='ocrx_word' id='word_1_46' title='bbox 701 717 794 785; x_wconf 78' lang='grc' dir='ltr'><strong>οὖς</strong></span> <span class='ocrx_word' id='word_1_47' title='bbox 859 721 1115 790; x_wconf 86' lang='grc' dir='ltr'><strong>ὐποσχεῖν</strong></span> <span class='ocrx_word' id='word_1_48' title='bbox 1167 716 1451 792; x_wconf 74' lang='grc' dir='ltr'><strong>ἀξιώσειεν</strong></span> <span class='ocrx_word' id='word_1_49' title='bbox 1496 719 1676 785; x_wconf 50' lang='grc' dir='ltr'><strong>ἐγκαο,</strong></span> 
     </span>
    </p>
   </div>
   <div class='ocr_carea' id='block_1_10' title="bbox 138 808 1660 882">
    <p class='ocr_par' dir='ltr' id='par_1_10' title="bbox 138 808 1660 882">
     <span class='ocr_line' id='line_1_10' title="bbox 138 808 1660 882; baseline -0.005 -14"><span class='ocrx_word' id='word_1_50' title='bbox 138 815 343 880; x_wconf 58' lang='lat' dir='ltr'><strong>hinc;</strong></span> <span class='ocrx_word' id='word_1_51' title='bbox 396 811 556 866; x_wconf 79' lang='grc' dir='ltr'><strong>Ἀλλά</strong></span> <span class='ocrx_word' id='word_1_52' title='bbox 585 812 758 867; x_wconf 83' lang='grc' dir='ltr'><strong>ταῦτα</strong></span> <span class='ocrx_word' id='word_1_53' title='bbox 807 813 906 882; x_wconf 84' lang='grc' dir='ltr'><strong>μέν</strong></span> <span class='ocrx_word' id='word_1_54' title='bbox 926 812 1046 867; x_wconf 84' lang='grc' dir='ltr'><strong>οὐδέ</strong></span> <span class='ocrx_word' id='word_1_55' title='bbox 1087 810 1185 880; x_wconf 81' lang='grc' dir='ltr'><strong>τὴν</strong></span> <span class='ocrx_word' id='word_1_56' title='bbox 1211 809 1387 882; x_wconf 78' lang='grc' dir='ltr'><strong>ἀρχὴν</strong></span> <span class='ocrx_word' id='word_1_57' title='bbox 1418 808 1660 878; x_wconf 82' lang='grc' dir='ltr'><strong>ὑπολαμ-</strong></span> 
     </span>
    </p>
   </div>
   <div class='ocr_carea' id='block_1_11' title="bbox 139 886 1660 979">
    <p class='ocr_par' dir='ltr' id='par_1_11' title="bbox 139 886 1660 979">
     <span class='ocr_line' id='line_1_11' title="bbox 139 886 1660 979; baseline -0.003 -23"><span class='ocrx_word' id='word_1_58' title='bbox 139 905 298 958; x_wconf 82' lang='grc' dir='ltr'><strong>6άνειν</strong></span> <span class='ocrx_word' id='word_1_59' title='bbox 327 902 506 973; x_wconf 81' lang='grc' dir='ltr'><strong>ἐχρῆν,</strong></span> <span class='ocrx_word' id='word_1_60' title='bbox 539 901 574 972; x_wconf 80' lang='grc' dir='ltr'>ἢ</span> <span class='ocrx_word' id='word_1_61' title='bbox 603 903 944 979; x_wconf 79' lang='grc' dir='ltr'><strong>καταστάντα</strong></span> <span class='ocrx_word' id='word_1_62' title='bbox 973 905 1053 964; x_wconf 73' lang='grc' dir='ltr'><strong>εἰς</strong></span> <span class='ocrx_word' id='word_1_63' title='bbox 1076 886 1343 971; x_wconf 74' lang='grc' dir='ltr'><strong>ὑπόληψιν</strong></span> <span class='ocrx_word' id='word_1_64' title='bbox 1371 899 1660 968; x_wconf 82' lang='grc' dir='ltr'><strong>ἐπιστῆσαι</strong></span> 
     </span>
    </p>
   </div>
   <div class='ocr_carea' id='block_1_12' title="bbox 135 989 1662 1064">
    <p class='ocr_par' dir='ltr' id='par_1_12' title="bbox 135 989 1662 1064">
     <span class='ocr_line' id='line_1_12' title="bbox 135 989 1662 1064; baseline -0.003 -17"><span class='ocrx_word' id='word_1_65' title='bbox 135 995 262 1064; x_wconf 80' lang='grc' dir='ltr'><strong>ὀρθῷ</strong></span> <span class='ocrx_word' id='word_1_66' title='bbox 283 992 512 1056; x_wconf 79' lang='grc' dir='ltr'><strong>διανοίας</strong></span> <span class='ocrx_word' id='word_1_67' title='bbox 529 993 792 1064; x_wconf 81' lang='grc' dir='ltr'><strong>κριτηρίῳ</strong></span> <span class='ocrx_word' id='word_1_68' title='bbox 816 993 907 1045; x_wconf 78' lang='grc' dir='ltr'><strong>καὶ</strong></span> <span class='ocrx_word' id='word_1_69' title='bbox 931 991 1004 1054; x_wconf 83' lang='grc' dir='ltr'><strong>ὡς</strong></span> <span class='ocrx_word' id='word_1_70' title='bbox 1031 992 1365 1062; x_wconf 78' lang='grc' dir='ltr'><strong>ψευδομένην</strong></span> <span class='ocrx_word' id='word_1_71' title='bbox 1393 989 1662 1044; x_wconf 77' lang='grc' dir='ltr'><strong>ἀπελάσαι</strong></span> 
     </span>
    </p>
   </div>
   <div class='ocr_carea' id='block_1_13' title="bbox 137 1079 1664 1155">
    <p class='ocr_par' dir='ltr' id='par_1_13' title="bbox 137 1079 1664 1155">
     <span class='ocr_line' id='line_1_13' title="bbox 137 1079 1664 1155; baseline -0.006 -14"><span class='ocrx_word' id='word_1_72' title='bbox 137 1088 230 1141; x_wconf 83' lang='grc' dir='ltr'><strong>τῶν</strong></span> <span class='ocrx_word' id='word_1_73' title='bbox 289 1084 592 1155; x_wconf 78' lang='grc' dir='ltr'><strong>λογισμῶν,</strong></span> <span class='ocrx_word' id='word_1_74' title='bbox 660 1083 798 1139; x_wconf 84' lang='grc' dir='ltr'><strong>ἀλλά</strong></span> <span class='ocrx_word' id='word_1_75' title='bbox 852 1081 930 1154; x_wconf 84' lang='grc' dir='ltr'><strong>μὴ</strong></span> <span class='ocrx_word' id='word_1_76' title='bbox 971 1083 1158 1154; x_wconf 80' lang='grc' dir='ltr'><strong>μέχρις</strong></span> <span class='ocrx_word' id='word_1_77' title='bbox 1217 1084 1373 1154; x_wconf 76' lang='grc' dir='ltr'><strong>ἡμῶν</strong></span> <span class='ocrx_word' id='word_1_78' title='bbox 1432 1081 1522 1135; x_wconf 84' lang='grc' dir='ltr'><strong>διά</strong></span> <span class='ocrx_word' id='word_1_79' title='bbox 1555 1079 1664 1133; x_wconf 84' lang='grc' dir='ltr'><strong>τῶν</strong></span> 
     </span>
    </p>
   </div>
   <div class='ocr_carea' id='block_1_14' title="bbox 135 1165 1664 1249">
    <p class='ocr_par' dir='ltr' id='par_1_14' title="bbox 135 1165 1664 1249">
     <span class='ocr_line' id='line_1_14' title="bbox 135 1165 1664 1249; baseline -0.005 -18"><span class='ocrx_word' id='word_1_80' title='bbox 135 1177 449 1249; x_wconf 75' lang='grc' dir='ltr'><strong>γραμμάτων</strong></span> <span class='ocrx_word' id='word_1_81' title='bbox 479 1175 662 1229; x_wconf 82' lang='grc' dir='ltr'><strong>δοῦναι</strong></span> <span class='ocrx_word' id='word_1_82' title='bbox 691 1174 1034 1238; x_wconf 77' lang='grc' dir='ltr'><strong>καταλαϐεῖν,</strong></span> <span class='ocrx_word' id='word_1_83' title='bbox 1061 1175 1156 1228; x_wconf 74' lang='grc' dir='ltr'><strong>καὶ</strong></span> <span class='ocrx_word' id='word_1_84' title='bbox 1186 1173 1302 1226; x_wconf 79' lang='grc' dir='ltr'><strong>ἀνθ’</strong></span> <span class='ocrx_word' id='word_1_85' title='bbox 1335 1165 1404 1243; x_wconf 83' lang='grc' dir='ltr'><strong>ἦς</strong></span> <span class='ocrx_word' id='word_1_86' title='bbox 1439 1171 1664 1240; x_wconf 78' lang='grc' dir='ltr'><strong>ἐμέλλο-</strong></span> 
     </span>
    </p>
   </div>
   <div class='ocr_carea' id='block_1_15' title="bbox 139 1258 1663 1338">
    <p class='ocr_par' dir='ltr' id='par_1_15' title="bbox 139 1258 1663 1338">
     <span class='ocr_line' id='line_1_15' title="bbox 139 1258 1663 1338; baseline -0.005 -17"><span class='ocrx_word' id='word_1_87' title='bbox 139 1286 226 1338; x_wconf 86' lang='grc' dir='ltr'><strong>μεν</strong></span> <span class='ocrx_word' id='word_1_88' title='bbox 283 1258 578 1323; x_wconf 70' lang='grc' dir='ltr'><strong>ἀπολαύειν</strong></span> <span class='ocrx_word' id='word_1_89' title='bbox 625 1264 818 1337; x_wconf 75' lang='grc' dir='ltr'><strong>ἡδονῆς</strong></span> <span class='ocrx_word' id='word_1_90' title='bbox 876 1265 1314 1334; x_wconf 81' lang='grc' dir='ltr'><strong>ἐντυγχάνοντας</strong></span> <span class='ocrx_word' id='word_1_91' title='bbox 1366 1263 1547 1324; x_wconf 80' lang='grc' dir='ltr'><strong>αὐτοῖς</strong></span> <span class='ocrx_word' id='word_1_92' title='bbox 1602 1262 1663 1314; x_wconf 90' lang='grc' dir='ltr'><strong>οὐ</strong></span> 
     </span>
    </p>
   </div>
   <div class='ocr_carea' id='block_1_16' title="bbox 1760 449 3332 522">
    <p class='ocr_par' dir='ltr' id='par_1_16' title="bbox 1760 449 3332 522">
     <span class='ocr_line' id='line_1_16' title="bbox 1760 449 3332 522; baseline 0.005 -20"><span class='ocrx_word' id='word_1_93' title='bbox 1760 449 1980 503; x_wconf 84' lang='lat' dir='ltr'><strong>l‘unctos</strong></span> <span class='ocrx_word' id='word_1_94' title='bbox 2053 463 2302 504; x_wconf 81' lang='lat' dir='ltr'><strong>accusas.</strong></span> <span class='ocrx_word' id='word_1_95' title='bbox 2363 451 2466 505; x_wconf 84' lang='lat' dir='ltr'><strong>Sed</strong></span> <span class='ocrx_word' id='word_1_96' title='bbox 2507 461 2582 505; x_wconf 49' lang='lat' dir='ltr'><strong>&#39;tu</strong></span> <span class='ocrx_word' id='word_1_97' title='bbox 2639 452 2822 522; x_wconf 88' lang='lat' dir='ltr'><strong>potius</strong></span> <span class='ocrx_word' id='word_1_98' title='bbox 2878 455 3213 508; x_wconf 84' lang='lat' dir='ltr'><strong>accusandus</strong></span> <span class='ocrx_word' id='word_1_99' title='bbox 3278 467 3332 509; x_wconf 91' lang='lat' dir='ltr'><strong>ct</strong></span> 
     </span>
    </p>
   </div>
   <div class='ocr_carea' id='block_1_17' title="bbox 1762 534 3304 613">
    <p class='ocr_par' dir='ltr' id='par_1_17' title="bbox 1762 534 3304 613">
     <span class='ocr_line' id='line_1_17' title="bbox 1762 534 3304 613; baseline 0.004 -21"><span class='ocrx_word' id='word_1_100' title='bbox 1762 553 1869 592; x_wconf 88' lang='lat' dir='ltr'><strong>non</strong></span> <span class='ocrx_word' id='word_1_101' title='bbox 1915 534 2217 613; x_wconf 71' lang='lat' dir='ltr'><strong>audiendus</strong></span> <span class='ocrx_word' id='word_1_102' title='bbox 2262 553 2322 594; x_wconf 75' lang='lat' dir='ltr'><strong>es</strong></span> <span class='ocrx_word' id='word_1_103' title='bbox 2357 540 2665 597; x_wconf 83' lang='lat' dir='ltr'><strong>hominibus</strong></span> <span class='ocrx_word' id='word_1_104' title='bbox 2696 544 2789 612; x_wconf 86' lang='lat' dir='ltr'><strong>qui</strong></span> <span class='ocrx_word' id='word_1_105' title='bbox 2840 552 2890 606; x_wconf 79' lang='lat' dir='ltr'><strong>te</strong></span> <span class='ocrx_word' id='word_1_106' title='bbox 2948 543 3168 596; x_wconf 90' lang='lat' dir='ltr'><strong>minimc</strong></span> <span class='ocrx_word' id='word_1_107' title='bbox 3207 560 3304 613; x_wconf 90' lang='lat' dir='ltr'><strong>pro</strong></span> 
     </span>
    </p>
   </div>
   <div class='ocr_carea' id='block_1_18' title="bbox 1758 614 3330 700">
    <p class='ocr_par' dir='ltr' id='par_1_18' title="bbox 1758 614 3330 700">
     <span class='ocr_line' id='line_1_18' title="bbox 1758 614 3330 700; baseline 0.003 -19"><span class='ocrx_word' id='word_1_108' title='bbox 1758 627 1984 682; x_wconf 89' lang='lat' dir='ltr'><strong>habunt.</strong></span> <span class='ocrx_word' id='word_1_109' title='bbox 2042 626 2385 698; x_wconf 86' lang='lat' dir='ltr'><strong>Principatus</strong></span> <span class='ocrx_word' id='word_1_110' title='bbox 2427 631 2523 684; x_wconf 92' lang='lat' dir='ltr'><strong>tibi</strong></span> <span class='ocrx_word' id='word_1_111' title='bbox 2591 647 2698 684; x_wconf 90' lang='lat' dir='ltr'><strong>non</strong></span> <span class='ocrx_word' id='word_1_112' title='bbox 2755 614 2873 687; x_wconf 57' lang='lat' dir='ltr'><strong>eiat</strong></span> <span class='ocrx_word' id='word_1_113' title='bbox 2928 633 3330 700; x_wconf 73' lang='lat' dir='ltr'><strong>suscipiendus,</strong></span> 
     </span>
    </p>
   </div>
   <div class='ocr_carea' id='block_1_19' title="bbox 1759 719 3335 790">
    <p class='ocr_par' dir='ltr' id='par_1_19' title="bbox 1759 719 3335 790">
     <span class='ocr_line' id='line_1_19' title="bbox 1759 719 3335 790; baseline 0.003 -19"><span class='ocrx_word' id='word_1_114' title='bbox 1759 725 1854 771; x_wconf 91' lang='lat' dir='ltr'><strong>aut</strong></span> <span class='ocrx_word' id='word_1_115' title='bbox 1937 719 2317 790; x_wconf 87' lang='lat' dir='ltr'><strong>suscipiendus</strong></span> <span class='ocrx_word' id='word_1_116' title='bbox 2390 735 2514 775; x_wconf 90' lang='lat' dir='ltr'><strong>cum</strong></span> <span class='ocrx_word' id='word_1_117' title='bbox 2586 731 2732 776; x_wconf 83' lang='lat' dir='ltr'><strong>recto</strong></span> <span class='ocrx_word' id='word_1_118' title='bbox 2789 723 3035 790; x_wconf 84' lang='lat' dir='ltr'><strong>judicio,</strong></span> <span class='ocrx_word' id='word_1_119' title='bbox 3103 723 3335 778; x_wconf 65' lang='lat' dir='ltr'><strong>debebas</strong></span> 
     </span>
    </p>
   </div>
   <div class='ocr_carea' id='block_1_20' title="bbox 1758 797 3338 883">
    <p class='ocr_par' dir='ltr' id='par_1_20' title="bbox 1758 797 3338 883">
     <span class='ocr_line' id='line_1_20' title="bbox 1758 797 3338 883; baseline 0.002 -20"><span class='ocrx_word' id='word_1_120' title='bbox 1758 807 1925 864; x_wconf 81' lang='lat' dir='ltr'><strong>falsas</strong></span> <span class='ocrx_word' id='word_1_121' title='bbox 1969 810 2166 864; x_wconf 87' lang='lat' dir='ltr'><strong>mentis</strong></span> <span class='ocrx_word' id='word_1_122' title='bbox 2226 797 2566 880; x_wconf 79' lang='lat' dir='ltr'><strong>suspiciones</strong></span> <span class='ocrx_word' id='word_1_123' title='bbox 2621 821 2677 865; x_wconf 87' lang='lat' dir='ltr'><strong>et</strong></span> <span class='ocrx_word' id='word_1_124' title='bbox 2746 814 3080 878; x_wconf 82' lang='lat' dir='ltr'><strong>sOpbismata</strong></span> <span class='ocrx_word' id='word_1_125' title='bbox 3152 814 3338 883; x_wconf 90' lang='lat' dir='ltr'><strong>repel-</strong></span> 
     </span>
    </p>
   </div>
   <div class='ocr_carea' id='block_1_21' title="bbox 1761 898 3331 967">
    <p class='ocr_par' dir='ltr' id='par_1_21' title="bbox 1761 898 3331 967">
     <span class='ocr_line' id='line_1_21' title="bbox 1761 898 3331 967; baseline 0.003 -14"><span class='ocrx_word' id='word_1_126' title='bbox 1761 898 1904 963; x_wconf 86' lang='lat' dir='ltr'><strong>lere;</strong></span> <span class='ocrx_word' id='word_1_127' title='bbox 1965 899 2208 967; x_wconf 77' lang='lat' dir='ltr'><strong>profecto</strong></span> <span class='ocrx_word' id='word_1_128' title='bbox 2255 901 2538 956; x_wconf 87' lang='lat' dir='ltr'><strong>scribenda</strong></span> <span class='ocrx_word' id='word_1_129' title='bbox 2583 901 2706 957; x_wconf 80' lang='lat' dir='ltr'><strong>talia</strong></span> <span class='ocrx_word' id='word_1_130' title='bbox 2757 901 2913 957; x_wconf 83' lang='lat' dir='ltr'><strong>nobis</strong></span> <span class='ocrx_word' id='word_1_131' title='bbox 2971 920 3078 959; x_wconf 87' lang='lat' dir='ltr'><strong>non</strong></span> <span class='ocrx_word' id='word_1_132' title='bbox 3144 914 3331 959; x_wconf 86' lang='lat' dir='ltr'><strong>erant:</strong></span> 
     </span>
    </p>
   </div>
   <div class='ocr_carea' id='block_1_22' title="bbox 1761 989 3333 1062">
    <p class='ocr_par' dir='ltr' id='par_1_22' title="bbox 1761 989 3333 1062">
     <span class='ocr_line' id='line_1_22' title="bbox 1761 989 3333 1062; baseline 0.005 -20"><span class='ocrx_word' id='word_1_133' title='bbox 1761 989 2027 1058; x_wconf 84' lang='lat' dir='ltr'><strong>quasdam</strong></span> <span class='ocrx_word' id='word_1_134' title='bbox 2040 1006 2106 1045; x_wconf 79' lang='lat' dir='ltr'><strong>ex</strong></span> <span class='ocrx_word' id='word_1_135' title='bbox 2123 999 2174 1044; x_wconf 81' lang='lat' dir='ltr'><strong>te</strong></span> <span class='ocrx_word' id='word_1_136' title='bbox 2193 991 2565 1062; x_wconf 82' lang='lat' dir='ltr'><strong>percipiendas</strong></span> <span class='ocrx_word' id='word_1_137' title='bbox 2585 992 2703 1048; x_wconf 75' lang='lat' dir='ltr'><strong>fore</strong></span> <span class='ocrx_word' id='word_1_138' title='bbox 2717 993 3102 1049; x_wconf 72' lang='lat' dir='ltr'><strong>delectationes</strong></span> <span class='ocrx_word' id='word_1_139' title='bbox 3118 997 3333 1062; x_wconf 75' lang='lat' dir='ltr'><strong>putavi-</strong></span> 
     </span>
    </p>
   </div>
   <div class='ocr_carea' id='block_1_23' title="bbox 1761 1080 3336 1148">
    <p class='ocr_par' dir='ltr' id='par_1_23' title="bbox 1761 1080 3336 1148">
     <span class='ocr_line' id='line_1_23' title="bbox 1761 1080 3336 1148; baseline 0.004 -14"><span class='ocrx_word' id='word_1_140' title='bbox 1761 1095 1884 1135; x_wconf 89' lang='lat' dir='ltr'><strong>mus</strong></span> <span class='ocrx_word' id='word_1_141' title='bbox 1905 1088 1958 1135; x_wconf 92' lang='lat' dir='ltr'><strong>et</strong></span> <span class='ocrx_word' id='word_1_142' title='bbox 1979 1096 2086 1135; x_wconf 82' lang='lat' dir='ltr'><strong>non</strong></span> <span class='ocrx_word' id='word_1_143' title='bbox 2105 1080 2277 1135; x_wconf 88' lang='lat' dir='ltr'><strong>solum</strong></span> <span class='ocrx_word' id='word_1_144' title='bbox 2298 1082 2685 1138; x_wconf 76' lang='lat' dir='ltr'><strong>delectationes</strong></span> <span class='ocrx_word' id='word_1_145' title='bbox 2701 1081 3016 1139; x_wconf 81' lang='lat' dir='ltr'><strong>defecerunt</strong></span> <span class='ocrx_word' id='word_1_146' title='bbox 3029 1122 3046 1148; x_wconf 92' lang='lat'><strong>,</strong></span> <span class='ocrx_word' id='word_1_147' title='bbox 3068 1085 3160 1138; x_wconf 86' lang='lat' dir='ltr'><strong>sed</strong></span> <span class='ocrx_word' id='word_1_148' title='bbox 3174 1092 3226 1138; x_wconf 80' lang='lat' dir='ltr'><strong>et</strong></span> <span class='ocrx_word' id='word_1_149' title='bbox 3239 1091 3336 1139; x_wconf 80' lang='lat' dir='ltr'><strong>tuc-</strong></span> 
     </span>
    </p>
   </div>
   <div class='ocr_carea' id='block_1_24' title="bbox 1762 1169 3336 1247">
    <p class='ocr_par' dir='ltr' id='par_1_24' title="bbox 1762 1169 3336 1247">
     <span class='ocr_line' id='line_1_24' title="bbox 1762 1169 3336 1247; baseline 0.003 -23"><span class='ocrx_word' id='word_1_150' title='bbox 1762 1169 1912 1224; x_wconf 90' lang='lat' dir='ltr'><strong>dium</strong></span> <span class='ocrx_word' id='word_1_151' title='bbox 1942 1172 2404 1239; x_wconf 83' lang='lat' dir='ltr'><strong>supervenit.ﬂac</strong></span> <span class='ocrx_word' id='word_1_152' title='bbox 2425 1182 2616 1228; x_wconf 87' lang='lat' dir='ltr'><strong>contra</strong></span> <span class='ocrx_word' id='word_1_153' title='bbox 2648 1181 2700 1228; x_wconf 89' lang='lat' dir='ltr'><strong>te</strong></span> <span class='ocrx_word' id='word_1_154' title='bbox 2731 1175 3082 1247; x_wconf 58' lang='lat' dir='ltr'><strong>accusatione</strong></span> <span class='ocrx_word' id='word_1_155' title='bbox 3129 1178 3336 1239; x_wconf 74' lang='lat' dir='ltr'><strong>audita,</strong></span> 
     </span>
    </p>
   </div>
   <div class='ocr_carea' id='block_1_25' title="bbox 1763 1261 3339 1332">
    <p class='ocr_par' dir='ltr' id='par_1_25' title="bbox 1763 1261 3339 1332">
     <span class='ocr_line' id='line_1_25' title="bbox 1763 1261 3339 1332; baseline 0.003 -18"><span class='ocrx_word' id='word_1_156' title='bbox 1763 1275 1869 1329; x_wconf 88' lang='lat' dir='ltr'><strong>qua</strong></span> <span class='ocrx_word' id='word_1_157' title='bbox 1905 1261 2115 1329; x_wconf 70' lang='lat' dir='ltr'><strong>gravior</strong></span> <span class='ocrx_word' id='word_1_158' title='bbox 2164 1261 2311 1315; x_wconf 85' lang='lat' dir='ltr'><strong>nulla</strong></span> <span class='ocrx_word' id='word_1_159' title='bbox 2334 1277 2454 1318; x_wconf 87' lang='lat' dir='ltr'><strong>esse</strong></span> <span class='ocrx_word' id='word_1_160' title='bbox 2476 1271 2672 1332; x_wconf 87' lang='lat' dir='ltr'><strong>potest,</strong></span> <span class='ocrx_word' id='word_1_161' title='bbox 2713 1263 3076 1330; x_wconf 75' lang='lat' dir='ltr'><strong>nosmetipsos</strong></span> <span class='ocrx_word' id='word_1_162' title='bbox 3115 1280 3144 1318; x_wconf 91' lang='lat' dir='ltr'><strong>a</strong></span> <span class='ocrx_word' id='word_1_163' title='bbox 3177 1265 3339 1319; x_wconf 85' lang='lat' dir='ltr'><strong>taedio</strong></span> 
     </span>
    </p>
   </div>
   <div class='ocr_carea' id='block_1_26' title="bbox 138 1351 1677 1428">
    <p class='ocr_par' dir='ltr' id='par_1_26' title="bbox 138 1352 1664 1428">
     <span class='ocr_line' id='line_1_26' title="bbox 138 1352 1664 1428; baseline -0.005 -17"><span class='ocrx_word' id='word_1_164' title='bbox 138 1359 281 1428; x_wconf 85' lang='grc' dir='ltr'><strong>μόνον</strong></span> <span class='ocrx_word' id='word_1_165' title='bbox 310 1356 752 1425; x_wconf 77' lang='grc' dir='ltr'><strong>ἀποστερεῖσθαι,</strong></span> <span class='ocrx_word' id='word_1_166' title='bbox 779 1355 913 1409; x_wconf 84' lang='grc' dir='ltr'><strong>ἀλλά</strong></span> <span class='ocrx_word' id='word_1_167' title='bbox 959 1354 1058 1408; x_wconf 81' lang='grc' dir='ltr'><strong>καὶ</strong></span> <span class='ocrx_word' id='word_1_168' title='bbox 1085 1354 1213 1407; x_wconf 85' lang='grc' dir='ltr'><strong>ἀντ’</strong></span> <span class='ocrx_word' id='word_1_169' title='bbox 1247 1352 1464 1422; x_wconf 87' lang='grc' dir='ltr'><strong>ἐκείνης</strong></span> <span class='ocrx_word' id='word_1_170' title='bbox 1511 1354 1664 1406; x_wconf 85' lang='grc' dir='ltr'><strong>ἀνια-</strong></span> 
     </span>
    </p>
   </div>
   <div class='ocr_carea' id='block_1_27' title="bbox 1775 1351 3334 1428">
    <p class='ocr_par' dir='ltr' id='par_1_27' title="bbox 1775 1351 3334 1420">
     <span class='ocr_line' id='line_1_27' title="bbox 1775 1351 3334 1420; baseline 0.003 -16"><span class='ocrx_word' id='word_1_171' title='bbox 1775 1351 2021 1404; x_wconf 85' lang='lat' dir='ltr'><strong>cohibere</strong></span> <span class='ocrx_word' id='word_1_172' title='bbox 2069 1365 2179 1405; x_wconf 88' lang='lat' dir='ltr'><strong>non</strong></span> <span class='ocrx_word' id='word_1_173' title='bbox 2221 1354 2519 1420; x_wconf 85' lang='lat' dir='ltr'><strong>potuimus.</strong></span> <span class='ocrx_word' id='word_1_174' title='bbox 2553 1353 2659 1409; x_wconf 86' lang='lat' dir='ltr'><strong>Sed</strong></span> <span class='ocrx_word' id='word_1_175' title='bbox 2689 1356 2803 1408; x_wconf 64' lang='lat' dir='ltr'><strong>hac</strong></span> <span class='ocrx_word' id='word_1_176' title='bbox 2838 1353 3044 1409; x_wconf 78' lang='lat' dir='ltr'><strong>dixisse</strong></span> <span class='ocrx_word' id='word_1_177' title='bbox 3077 1354 3334 1409; x_wconf 77' lang='lat' dir='ltr'><strong>sufﬁciat.</strong></span> 
     </span>
    </p>
   </div>
   <div class='ocr_carea' id='block_1_28' title="bbox 136 1440 1677 1518">
    <p class='ocr_par' dir='ltr' id='par_1_28' title="bbox 136 1441 1667 1518">
     <span class='ocr_line' id='line_1_28' title="bbox 136 1441 1667 1518; baseline -0.004 -18"><span class='ocrx_word' id='word_1_178' title='bbox 136 1448 292 1518; x_wconf 81' lang='grc' dir='ltr'><strong>θῆναι.</strong></span> <span class='ocrx_word' id='word_1_179' title='bbox 342 1448 520 1515; x_wconf 82' lang='grc' dir='ltr'><strong>Ὀπερ</strong></span> <span class='ocrx_word' id='word_1_180' title='bbox 550 1447 657 1516; x_wconf 81' lang='grc' dir='ltr'><strong>γὰρ</strong></span> <span class='ocrx_word' id='word_1_181' title='bbox 683 1441 835 1498; x_wconf 75' lang='grc' dir='ltr'><strong>εἷπον</strong></span> <span class='ocrx_word' id='word_1_182' title='bbox 869 1447 928 1499; x_wconf 75' lang='grc' dir='ltr'><strong>ἐν</strong></span> <span class='ocrx_word' id='word_1_183' title='bbox 953 1444 1032 1515; x_wconf 80' lang='grc' dir='ltr'><strong>τῷ</strong></span> <span class='ocrx_word' id='word_1_184' title='bbox 1053 1444 1129 1514; x_wconf 83' lang='grc' dir='ltr'><strong>σῷ</strong></span> <span class='ocrx_word' id='word_1_185' title='bbox 1154 1444 1429 1515; x_wconf 84' lang='grc' dir='ltr'><strong>προσώπῳ</strong></span> <span class='ocrx_word' id='word_1_186' title='bbox 1451 1458 1667 1495; x_wconf 83' lang='grc' dir='ltr'><strong>συνεισ-</strong></span> 
     </span>
    </p>
   </div>
   <div class='ocr_carea' id='block_1_29' title="bbox 1775 1440 3336 1518">
    <p class='ocr_par' dir='ltr' id='par_1_29' title="bbox 1775 1440 3336 1513">
     <span class='ocr_line' id='line_1_29' title="bbox 1775 1440 3336 1513; baseline 0.003 -20"><span class='ocrx_word' id='word_1_187' title='bbox 1775 1440 1825 1494; x_wconf 88' lang='lat' dir='ltr'><strong>Si</strong></span> <span class='ocrx_word' id='word_1_188' title='bbox 1847 1441 2004 1508; x_wconf 85' lang='lat' dir='ltr'><strong>cujus</strong></span> <span class='ocrx_word' id='word_1_189' title='bbox 2031 1441 2175 1495; x_wconf 86' lang='lat' dir='ltr'><strong>enim</strong></span> <span class='ocrx_word' id='word_1_190' title='bbox 2205 1445 2549 1509; x_wconf 85' lang='lat' dir='ltr'><strong>memoriam,</strong></span> <span class='ocrx_word' id='word_1_191' title='bbox 2584 1446 3004 1513; x_wconf 81' lang='lat' dir='ltr'><strong>haudquaquam</strong></span> <span class='ocrx_word' id='word_1_192' title='bbox 3071 1453 3236 1506; x_wconf 88' lang='lat' dir='ltr'><strong>tuam,</strong></span> <span class='ocrx_word' id='word_1_193' title='bbox 3270 1460 3336 1498; x_wconf 79' lang='lat' dir='ltr'><strong>ex</strong></span> 
     </span>
    </p>
   </div>
   <div class='ocr_carea' id='block_1_30' title="bbox 134 1532 1677 1607">
    <p class='ocr_par' dir='ltr' id='par_1_30' title="bbox 134 1533 1671 1607">
     <span class='ocr_line' id='line_1_30' title="bbox 134 1533 1671 1607; baseline -0.003 -18"><span class='ocrx_word' id='word_1_194' title='bbox 134 1537 412 1607; x_wconf 83' lang='grc' dir='ltr'><strong>ιρχομένης</strong></span> <span class='ocrx_word' id='word_1_195' title='bbox 461 1535 557 1594; x_wconf 79' lang='grc' dir='ltr'><strong>καὶ</strong></span> <span class='ocrx_word' id='word_1_196' title='bbox 597 1536 762 1606; x_wconf 72' lang='grc' dir='ltr'><strong>ἄλλης</strong></span> <span class='ocrx_word' id='word_1_197' title='bbox 793 1535 1094 1606; x_wconf 78' lang='grc' dir='ltr'><strong>βαρυτέρας</strong></span> <span class='ocrx_word' id='word_1_198' title='bbox 1143 1533 1495 1606; x_wconf 79' lang='grc' dir='ltr'><strong>κατηγορίας,</strong></span> <span class='ocrx_word' id='word_1_199' title='bbox 1526 1533 1671 1601; x_wconf 82' lang='grc' dir='ltr'><strong>ἀμή-</strong></span> 
     </span>
    </p>
   </div>
   <div class='ocr_carea' id='block_1_31' title="bbox 1775 1532 3339 1607">
    <p class='ocr_par' dir='ltr' id='par_1_31' title="bbox 1775 1532 3339 1604">
     <span class='ocr_line' id='line_1_31' title="bbox 1775 1532 3339 1604; baseline 0.003 -21"><span class='ocrx_word' id='word_1_200' title='bbox 1775 1532 1949 1585; x_wconf 82' lang='lat' dir='ltr'><strong>anima</strong></span> <span class='ocrx_word' id='word_1_201' title='bbox 1978 1533 2246 1600; x_wconf 79' lang='lat' dir='ltr'><strong>expellere</strong></span> <span class='ocrx_word' id='word_1_202' title='bbox 2283 1533 2548 1600; x_wconf 81' lang='lat' dir='ltr'><strong>valemus,</strong></span> <span class='ocrx_word' id='word_1_203' title='bbox 2582 1536 2710 1603; x_wconf 87' lang='lat' dir='ltr'><strong>quia</strong></span> <span class='ocrx_word' id='word_1_204' title='bbox 2731 1537 2796 1590; x_wconf 91' lang='lat' dir='ltr'><strong>ad</strong></span> <span class='ocrx_word' id='word_1_205' title='bbox 2828 1549 3022 1589; x_wconf 81' lang='lat' dir='ltr'><strong>novam</strong></span> <span class='ocrx_word' id='word_1_206' title='bbox 3055 1536 3108 1588; x_wconf 90' lang='lat' dir='ltr'><strong>in</strong></span> <span class='ocrx_word' id='word_1_207' title='bbox 3139 1535 3339 1604; x_wconf 81' lang='lat' dir='ltr'><strong>pietate</strong></span> 
     </span>
    </p>
   </div>
   <div class='ocr_carea' id='block_1_32' title="bbox 139 1612 1677 1698">
    <p class='ocr_par' dir='ltr' id='par_1_32' title="bbox 139 1612 1671 1698">
     <span class='ocr_line' id='line_1_32' title="bbox 139 1612 1671 1698; baseline -0.002 -21"><span class='ocrx_word' id='word_1_208' title='bbox 139 1643 277 1696; x_wconf 80' lang='grc' dir='ltr'><strong>χανον</strong></span> <span class='ocrx_word' id='word_1_209' title='bbox 335 1627 411 1698; x_wconf 73' lang='grc' dir='ltr'><strong>μὴ</strong></span> <span class='ocrx_word' id='word_1_210' title='bbox 441 1626 565 1696; x_wconf 75' lang='grc' dir='ltr'><strong>οὐχὶ</strong></span> <span class='ocrx_word' id='word_1_211' title='bbox 591 1626 714 1679; x_wconf 82' lang='grc' dir='ltr'><strong>λίαν</strong></span> <span class='ocrx_word' id='word_1_212' title='bbox 768 1627 917 1697; x_wconf 79' lang='grc' dir='ltr'><strong>ἡμᾶς</strong></span> <span class='ocrx_word' id='word_1_213' title='bbox 981 1612 1257 1680; x_wconf 73' lang='grc' dir='ltr'><strong>ἀνιᾶσθαιο</strong></span> <span class='ocrx_word' id='word_1_214' title='bbox 1328 1623 1461 1676; x_wconf 86' lang='grc' dir='ltr'><strong>ἀλλά</strong></span> <span class='ocrx_word' id='word_1_215' title='bbox 1513 1622 1671 1676; x_wconf 82' lang='grc' dir='ltr'><strong>τοῦτο</strong></span> 
     </span>
    </p>
   </div>
   <div class='ocr_carea' id='block_1_33' title="bbox 1775 1612 3334 1698">
    <p class='ocr_par' dir='ltr' id='par_1_33' title="bbox 1775 1623 3334 1698">
     <span class='ocr_line' id='line_1_33' title="bbox 1775 1623 3334 1698; baseline 0.001 -21"><span class='ocrx_word' id='word_1_216' title='bbox 1775 1623 2160 1679; x_wconf 80' lang='lat' dir='ltr'><strong>instituendam</strong></span> <span class='ocrx_word' id='word_1_217' title='bbox 2199 1635 2411 1694; x_wconf 70' lang='lat' dir='ltr'><strong>gentem</strong></span> <span class='ocrx_word' id='word_1_218' title='bbox 2442 1628 2643 1682; x_wconf 80' lang='lat' dir='ltr'><strong>missus</strong></span> <span class='ocrx_word' id='word_1_219' title='bbox 2669 1643 2726 1683; x_wconf 85' lang='lat' dir='ltr'><strong>es</strong></span> <span class='ocrx_word' id='word_1_220' title='bbox 2752 1637 2806 1683; x_wconf 89' lang='lat' dir='ltr'><strong>et</strong></span> <span class='ocrx_word' id='word_1_221' title='bbox 2837 1629 2891 1682; x_wconf 91' lang='lat' dir='ltr'><strong>in</strong></span> <span class='ocrx_word' id='word_1_222' title='bbox 2922 1628 3080 1698; x_wconf 87' lang='lat' dir='ltr'><strong>cujus</strong></span> <span class='ocrx_word' id='word_1_223' title='bbox 3106 1629 3334 1698; x_wconf 77' lang='lat' dir='ltr'><strong>gratiam</strong></span> 
     </span>
    </p>
   </div>
   <div class='ocr_carea' id='block_1_34' title="bbox 141 1699 1677 1786">
    <p class='ocr_par' dir='ltr' id='par_1_34' title="bbox 141 1699 1668 1786">
     <span class='ocr_line' id='line_1_34' title="bbox 141 1699 1668 1786; baseline -0.001 -19"><span class='ocrx_word' id='word_1_224' title='bbox 141 1716 311 1785; x_wconf 77' lang='grc' dir='ltr'><strong>μηκέτι</strong></span> <span class='ocrx_word' id='word_1_225' title='bbox 344 1716 480 1786; x_wconf 77' lang='grc' dir='ltr'><strong>μήθ’</strong></span> <span class='ocrx_word' id='word_1_226' title='bbox 532 1715 904 1786; x_wconf 74' lang='grc' dir='ltr'><strong>ὑπολάμϐανε,</strong></span> <span class='ocrx_word' id='word_1_227' title='bbox 969 1715 1104 1786; x_wconf 83' lang='grc' dir='ltr'><strong>μήτε</strong></span> <span class='ocrx_word' id='word_1_228' title='bbox 1169 1713 1369 1786; x_wconf 73' lang='grc' dir='ltr'><strong>γράφε.</strong></span> <span class='ocrx_word' id='word_1_229' title='bbox 1405 1713 1516 1783; x_wconf 82' lang='grc' dir='ltr'><strong>Τὴν</strong></span> <span class='ocrx_word' id='word_1_230' title='bbox 1561 1699 1668 1779; x_wconf 81' lang='grc' dir='ltr'><strong>γάῥ</strong></span> 
     </span>
    </p>
   </div>
   <div class='ocr_carea' id='block_1_35' title="bbox 1775 1699 3337 1786">
    <p class='ocr_par' dir='ltr' id='par_1_35' title="bbox 1775 1711 3337 1783">
     <span class='ocr_line' id='line_1_35' title="bbox 1775 1711 3337 1783; baseline 0.002 -16"><span class='ocrx_word' id='word_1_231' title='bbox 1775 1711 2055 1768; x_wconf 78' lang='lat' dir='ltr'><strong>confectus</strong></span> <span class='ocrx_word' id='word_1_232' title='bbox 2086 1727 2146 1768; x_wconf 85' lang='lat' dir='ltr'><strong>es</strong></span> <span class='ocrx_word' id='word_1_233' title='bbox 2178 1714 2679 1783; x_wconf 83' lang='lat' dir='ltr'><strong>sollicitudinibus;</strong></span> <span class='ocrx_word' id='word_1_234' title='bbox 2732 1733 2832 1773; x_wconf 88' lang='lat' dir='ltr'><strong>nos</strong></span> <span class='ocrx_word' id='word_1_235' title='bbox 2873 1728 3056 1772; x_wconf 87' lang='lat' dir='ltr'><strong>autem</strong></span> <span class='ocrx_word' id='word_1_236' title='bbox 3100 1719 3154 1771; x_wconf 91' lang='lat' dir='ltr'><strong>in</strong></span> <span class='ocrx_word' id='word_1_237' title='bbox 3192 1719 3337 1772; x_wconf 81' lang='lat' dir='ltr'><strong>votis</strong></span> 
     </span>
    </p>
   </div>
   <div class='ocr_carea' id='block_1_36' title="bbox 139 1800 1677 1878">
    <p class='ocr_par' dir='ltr' id='par_1_36' title="bbox 139 1800 1672 1878">
     <span class='ocr_line' id='line_1_36' title="bbox 139 1800 1672 1878; baseline 0.003 -21"><span class='ocrx_word' id='word_1_238' title='bbox 139 1807 248 1877; x_wconf 76' lang='grc' dir='ltr'><strong>περὶ</strong></span> <span class='ocrx_word' id='word_1_239' title='bbox 281 1807 372 1858; x_wconf 82' lang='grc' dir='ltr'><strong>σοῦ</strong></span> <span class='ocrx_word' id='word_1_240' title='bbox 408 1807 634 1878; x_wconf 82' lang='grc' dir='ltr'><strong>μνήμην</strong></span> <span class='ocrx_word' id='word_1_241' title='bbox 664 1806 823 1877; x_wconf 82' lang='grc' dir='ltr'><strong>εἴπερ</strong></span> <span class='ocrx_word' id='word_1_242' title='bbox 871 1805 1013 1869; x_wconf 79' lang='grc' dir='ltr'><strong>τινὸς</strong></span> <span class='ocrx_word' id='word_1_243' title='bbox 1049 1806 1151 1859; x_wconf 85' lang='grc' dir='ltr'><strong>οὐκ</strong></span> <span class='ocrx_word' id='word_1_244' title='bbox 1191 1806 1338 1858; x_wconf 79' lang='grc' dir='ltr'><strong>ἐστιν</strong></span> <span class='ocrx_word' id='word_1_245' title='bbox 1366 1805 1516 1864; x_wconf 78' lang='grc' dir='ltr'><strong>ὅπως</strong></span> <span class='ocrx_word' id='word_1_246' title='bbox 1571 1800 1672 1870; x_wconf 81' lang='grc' dir='ltr'><strong>τῆς</strong></span> 
     </span>
    </p>
   </div>
   <div class='ocr_carea' id='block_1_37' title="bbox 1775 1800 3340 1878">
    <p class='ocr_par' dir='ltr' id='par_1_37' title="bbox 1775 1803 3340 1878">
     <span class='ocr_line' id='line_1_37' title="bbox 1775 1803 3340 1878; baseline 0.003 -21"><span class='ocrx_word' id='word_1_247' title='bbox 1775 1803 2038 1858; x_wconf 83' lang='lat' dir='ltr'><strong>habemus</strong></span> <span class='ocrx_word' id='word_1_248' title='bbox 2068 1812 2126 1858; x_wconf 91' lang='lat' dir='ltr'><strong>ut</strong></span> <span class='ocrx_word' id='word_1_249' title='bbox 2159 1818 2299 1874; x_wconf 86' lang='lat' dir='ltr'><strong>opus</strong></span> <span class='ocrx_word' id='word_1_250' title='bbox 2330 1815 2482 1860; x_wconf 87' lang='lat' dir='ltr'><strong>tuum</strong></span> <span class='ocrx_word' id='word_1_251' title='bbox 2511 1806 2842 1875; x_wconf 81' lang='lat' dir='ltr'><strong>perﬁciatur,</strong></span> <span class='ocrx_word' id='word_1_252' title='bbox 2883 1807 3180 1878; x_wconf 81' lang='lat' dir='ltr'><strong>divinaque</strong></span> <span class='ocrx_word' id='word_1_253' title='bbox 3214 1823 3340 1877; x_wconf 91' lang='lat' dir='ltr'><strong>per-</strong></span> 
     </span>
    </p>
   </div>
   <div class='ocr_carea' id='block_1_38' title="bbox 133 1888 1677 1967">
    <p class='ocr_par' dir='ltr' id='par_1_38' title="bbox 133 1888 1672 1964">
     <span class='ocr_line' id='line_1_38' title="bbox 133 1888 1672 1964; baseline -0.01 -10"><span class='ocrx_word' id='word_1_254' title='bbox 133 1893 290 1964; x_wconf 79' lang='grc' dir='ltr'><strong>ψυχῆς</strong></span> <span class='ocrx_word' id='word_1_255' title='bbox 338 1893 713 1964; x_wconf 75' lang='grc' dir='ltr'><strong>ἐξωθήσομεν,</strong></span> <span class='ocrx_word' id='word_1_256' title='bbox 756 1893 852 1946; x_wconf 78' lang='grc' dir='ltr'><strong>καὶ</strong></span> <span class='ocrx_word' id='word_1_257' title='bbox 895 1892 943 1945; x_wconf 83' lang='grc' dir='ltr'><strong>εί</strong></span> <span class='ocrx_word' id='word_1_258' title='bbox 989 1892 1063 1962; x_wconf 80' lang='grc' dir='ltr'><strong>μὴ</strong></span> <span class='ocrx_word' id='word_1_259' title='bbox 1122 1890 1189 1944; x_wconf 83' lang='grc' dir='ltr'><strong>δι’</strong></span> <span class='ocrx_word' id='word_1_260' title='bbox 1227 1890 1434 1960; x_wconf 72' lang='grc' dir='ltr'><strong>ἕτερον,</strong></span> <span class='ocrx_word' id='word_1_261' title='bbox 1482 1888 1568 1959; x_wconf 80' lang='grc' dir='ltr'><strong>διά</strong></span> <span class='ocrx_word' id='word_1_262' title='bbox 1609 1901 1672 1954; x_wconf 90' lang='grc' dir='ltr'><strong>γε</strong></span> 
     </span>
    </p>
   </div>
   <div class='ocr_carea' id='block_1_39' title="bbox 1775 1888 3340 1967">
    <p class='ocr_par' dir='ltr' id='par_1_39' title="bbox 1775 1891 3340 1967">
     <span class='ocr_line' id='line_1_39' title="bbox 1775 1891 3340 1967; baseline 0.003 -21"><span class='ocrx_word' id='word_1_263' title='bbox 1775 1892 1990 1948; x_wconf 79' lang='lat' dir='ltr'><strong>fruatnr&#39;</strong></span> <span class='ocrx_word' id='word_1_264' title='bbox 2031 1891 2229 1949; x_wconf 24' lang='lat' dir='ltr'><strong>favore.</strong></span> <span class='ocrx_word' id='word_1_265' title='bbox 2258 1903 2314 1949; x_wconf 90' lang='lat' dir='ltr'><strong>et</strong></span> <span class='ocrx_word' id='word_1_266' title='bbox 2359 1896 2584 1951; x_wconf 82' lang='lat' dir='ltr'><strong>auxilio.</strong></span> <span class='ocrx_word' id='word_1_267' title='bbox 2635 1897 2691 1952; x_wconf 64' lang='lat' dir='ltr'><strong>Si</strong></span> <span class='ocrx_word' id='word_1_268' title='bbox 2734 1911 2898 1967; x_wconf 84' lang='lat' dir='ltr'><strong>porro</strong></span> <span class='ocrx_word' id='word_1_269' title='bbox 2930 1895 3092 1952; x_wconf 68' lang='lat' dir='ltr'><strong>nulla:</strong></span> <span class='ocrx_word' id='word_1_270' title='bbox 3123 1913 3151 1950; x_wconf 91' lang='lat' dir='ltr'><strong>a</strong></span> <span class='ocrx_word' id='word_1_271' title='bbox 3182 1898 3340 1951; x_wconf 88' lang='lat' dir='ltr'><strong>nobis</strong></span> 
     </span>
    </p>
   </div>
   <div class='ocr_carea' id='block_1_40' title="bbox 131 1978 1677 2056">
    <p class='ocr_par' dir='ltr' id='par_1_40' title="bbox 131 1978 1674 2054">
     <span class='ocr_line' id='line_1_40' title="bbox 131 1978 1674 2054; baseline -0.005 -18"><span class='ocrx_word' id='word_1_272' title='bbox 131 1985 215 2053; x_wconf 80' lang='grc' dir='ltr'><strong>τὴν</strong></span> <span class='ocrx_word' id='word_1_273' title='bbox 251 1983 343 2036; x_wconf 84' lang='grc' dir='ltr'><strong>τοῦ</strong></span> <span class='ocrx_word' id='word_1_274' title='bbox 387 1984 683 2054; x_wconf 80' lang='grc' dir='ltr'><strong>νεοκλήτου</strong></span> <span class='ocrx_word' id='word_1_275' title='bbox 731 1985 869 2054; x_wconf 83' lang='grc' dir='ltr'><strong>πρὸς</strong></span> <span class='ocrx_word' id='word_1_276' title='bbox 899 1982 998 2052; x_wconf 81' lang='grc' dir='ltr'><strong>τὴν</strong></span> <span class='ocrx_word' id='word_1_277' title='bbox 1024 1981 1312 2036; x_wconf 81' lang='grc' dir='ltr'><strong>εὐσέϐειαν</strong></span> <span class='ocrx_word' id='word_1_278' title='bbox 1344 1980 1552 2043; x_wconf 83' lang='grc' dir='ltr'><strong>ἐθνους,</strong></span> <span class='ocrx_word' id='word_1_279' title='bbox 1580 1978 1674 2031; x_wconf 78' lang='grc' dir='ltr'><strong>καὶ</strong></span> 
     </span>
    </p>
   </div>
   <div class='ocr_carea' id='block_1_41' title="bbox 1775 1978 3340 2056">
    <p class='ocr_par' dir='ltr' id='par_1_41' title="bbox 1775 1983 3340 2056">
     <span class='ocr_line' id='line_1_41' title="bbox 1775 1983 3340 2056; baseline 0.003 -20"><span class='ocrx_word' id='word_1_280' title='bbox 1775 1983 1837 2036; x_wconf 88' lang='lat' dir='ltr'><strong>ad</strong></span> <span class='ocrx_word' id='word_1_281' title='bbox 1881 1993 1934 2038; x_wconf 92' lang='lat' dir='ltr'><strong>te</strong></span> <span class='ocrx_word' id='word_1_282' title='bbox 1963 1985 2249 2040; x_wconf 86' lang='lat' dir='ltr'><strong>mittentur</strong></span> <span class='ocrx_word' id='word_1_283' title='bbox 2279 1986 2493 2052; x_wconf 64' lang='lat' dir='ltr'><strong>littera,</strong></span> <span class='ocrx_word' id='word_1_284' title='bbox 2539 1987 2678 2042; x_wconf 86' lang='lat' dir='ltr'><strong>scito</strong></span> <span class='ocrx_word' id='word_1_285' title='bbox 2719 1989 2956 2056; x_wconf 85' lang='lat' dir='ltr'><strong>primum</strong></span> <span class='ocrx_word' id='word_1_286' title='bbox 2985 2003 3088 2043; x_wconf 87' lang='lat' dir='ltr'><strong>nos</strong></span> <span class='ocrx_word' id='word_1_287' title='bbox 3113 1988 3340 2042; x_wconf 39' lang='lat' dir='ltr'><strong>tabellas</strong></span> 
     </span>
    </p>
   </div>
   <div class='ocr_carea' id='block_1_42' title="bbox 130 2068 1677 2144">
    <p class='ocr_par' dir='ltr' id='par_1_42' title="bbox 130 2070 1674 2144">
     <span class='ocr_line' id='line_1_42' title="bbox 130 2070 1674 2144; baseline -0.001 -19"><span class='ocrx_word' id='word_1_288' title='bbox 130 2071 218 2142; x_wconf 78' lang='grc' dir='ltr'><strong>τὴν</strong></span> <span class='ocrx_word' id='word_1_289' title='bbox 245 2074 369 2143; x_wconf 73' lang='grc' dir='ltr'><strong>περὶ</strong></span> <span class='ocrx_word' id='word_1_290' title='bbox 422 2071 618 2126; x_wconf 90' lang='grc' dir='ltr'><strong>τούτου</strong></span> <span class='ocrx_word' id='word_1_291' title='bbox 654 2075 980 2144; x_wconf 86' lang='grc' dir='ltr'><strong>συνέχουσαν</strong></span> <span class='ocrx_word' id='word_1_292' title='bbox 1014 2073 1304 2144; x_wconf 88' lang='grc' dir='ltr'><strong>μέριμναν,</strong></span> <span class='ocrx_word' id='word_1_293' title='bbox 1342 2072 1439 2125; x_wconf 77' lang='grc' dir='ltr'><strong>καὶ</strong></span> <span class='ocrx_word' id='word_1_294' title='bbox 1470 2070 1566 2142; x_wconf 77' lang='grc' dir='ltr'><strong>τὴν</strong></span> <span class='ocrx_word' id='word_1_295' title='bbox 1595 2071 1674 2132; x_wconf 86' lang='grc' dir='ltr'><strong>είς</strong></span> 
     </span>
    </p>
   </div>
   <div class='ocr_carea' id='block_1_43' title="bbox 1775 2068 3340 2144">
    <p class='ocr_par' dir='ltr' id='par_1_43' title="bbox 1775 2068 3340 2131">
     <span class='ocr_line' id='line_1_43' title="bbox 1775 2068 3340 2131; baseline 0.004 -9"><span class='ocrx_word' id='word_1_296' title='bbox 1775 2068 1867 2122; x_wconf 89' lang='lat' dir='ltr'><strong>riis</strong></span> <span class='ocrx_word' id='word_1_297' title='bbox 1911 2084 2016 2123; x_wconf 91' lang='lat' dir='ltr'><strong>non</strong></span> <span class='ocrx_word' id='word_1_298' title='bbox 2065 2070 2362 2125; x_wconf 82' lang='lat' dir='ltr'><strong>abundare.</strong></span> <span class='ocrx_word' id='word_1_299' title='bbox 2413 2070 2473 2126; x_wconf 93' lang='lat' dir='ltr'><strong>In</strong></span> <span class='ocrx_word' id='word_1_300' title='bbox 2525 2074 2612 2129; x_wconf 88' lang='lat' dir='ltr'><strong>bis</strong></span> <span class='ocrx_word' id='word_1_301' title='bbox 2664 2077 2813 2130; x_wconf 87' lang='lat' dir='ltr'><strong>enim</strong></span> <span class='ocrx_word' id='word_1_302' title='bbox 2861 2076 3098 2131; x_wconf 74' lang='lat' dir='ltr'><strong>vivimus</strong></span> <span class='ocrx_word' id='word_1_303' title='bbox 3154 2090 3340 2130; x_wconf 88' lang='lat' dir='ltr'><strong>rerum</strong></span> 
     </span>
    </p>
   </div>
   <div class='ocr_carea' id='block_1_44' title="bbox 126 2158 1677 2234">
    <p class='ocr_par' dir='ltr' id='par_1_44' title="bbox 126 2159 1672 2234">
     <span class='ocr_line' id='line_1_44' title="bbox 126 2159 1672 2234; baseline 0.001 -22"><span class='ocrx_word' id='word_1_304' title='bbox 126 2163 391 2215; x_wconf 79' lang='grc' dir='ltr'><strong>τελείωσιν</strong></span> <span class='ocrx_word' id='word_1_305' title='bbox 436 2163 644 2228; x_wconf 76' lang='grc' dir='ltr'><strong>ἐξιέναι</strong></span> <span class='ocrx_word' id='word_1_306' title='bbox 677 2163 737 2216; x_wconf 79' lang='grc' dir='ltr'><strong>τὸ</strong></span> <span class='ocrx_word' id='word_1_307' title='bbox 771 2163 862 2215; x_wconf 77' lang='grc' dir='ltr'><strong>σὺν</strong></span> <span class='ocrx_word' id='word_1_308' title='bbox 907 2162 1070 2234; x_wconf 81' lang='grc' dir='ltr'><strong>εργον</strong></span> <span class='ocrx_word' id='word_1_309' title='bbox 1096 2161 1387 2230; x_wconf 73' lang='grc' dir='ltr'><strong>ἐπιθυμίαν</strong></span> <span class='ocrx_word' id='word_1_310' title='bbox 1424 2159 1548 2213; x_wconf 83' lang='grc' dir='ltr'><strong>ἰδεῖν</strong></span> <span class='ocrx_word' id='word_1_311' title='bbox 1575 2159 1672 2228; x_wconf 84' lang='grc' dir='ltr'><strong>τῆς</strong></span> 
     </span>
    </p>
   </div>
   <div class='ocr_carea' id='block_1_45' title="bbox 1775 2158 3459 2234">
    <p class='ocr_par' dir='ltr' id='par_1_45' title="bbox 1775 2158 3459 2231">
     <span class='ocr_line' id='line_1_45' title="bbox 1775 2158 3459 2231; baseline 0.003 -18"><span class='ocrx_word' id='word_1_312' title='bbox 1775 2158 2066 2229; x_wconf 73' lang='lat' dir='ltr'><strong>angusti-is,</strong></span> <span class='ocrx_word' id='word_1_313' title='bbox 2118 2169 2180 2215; x_wconf 91' lang='lat' dir='ltr'><strong>ut</strong></span> <span class='ocrx_word' id='word_1_314' title='bbox 2227 2162 2448 2231; x_wconf 87' lang='lat' dir='ltr'><strong>plurimi</strong></span> <span class='ocrx_word' id='word_1_315' title='bbox 2499 2163 2644 2217; x_wconf 85' lang='lat' dir='ltr'><strong>inter</strong></span> <span class='ocrx_word' id='word_1_316' title='bbox 2685 2164 2937 2220; x_wconf 79' lang='lat' dir='ltr'><strong>homines</strong></span> <span class='ocrx_word' id='word_1_317' title='bbox 2983 2174 3226 2220; x_wconf 85' lang='lat' dir='ltr'><strong>metuant</strong></span> <span class='ocrx_word' id='word_1_318' title='bbox 3271 2180 3342 2218; x_wconf 91' lang='lat' dir='ltr'><strong>ne</strong></span> <span class='ocrx_word' id='word_1_319' title='bbox 3445 2181 3459 2191; x_wconf 55' lang='grc' dir='ltr'><strong><em>λ</em></strong></span> 
     </span>
    </p>
   </div>
   <div class='ocr_carea' id='block_1_46' title="bbox 1779 2245 3374 2318">
    <p class='ocr_par' dir='ltr' id='par_1_46' title="bbox 1779 2245 3374 2318">
     <span class='ocr_line' id='line_1_46' title="bbox 1779 2245 3374 2318; baseline 0.002 -16"><span class='ocrx_word' id='word_1_320' title='bbox 1779 2264 1881 2303; x_wconf 90' lang='lat' dir='ltr'><strong>nos</strong></span> <span class='ocrx_word' id='word_1_321' title='bbox 1933 2249 2124 2304; x_wconf 81' lang='lat' dir='ltr'><strong>obvios</strong></span> <span class='ocrx_word' id='word_1_322' title='bbox 2180 2249 2434 2307; x_wconf 82' lang='lat' dir='ltr'><strong>habeant.</strong></span> <span class='ocrx_word' id='word_1_323' title='bbox 2505 2252 2710 2309; x_wconf 88' lang='lat' dir='ltr'><strong>Deinde</strong></span> <span class='ocrx_word' id='word_1_324' title='bbox 2761 2264 2818 2309; x_wconf 90' lang='lat' dir='ltr'><strong>et</strong></span> <span class='ocrx_word' id='word_1_325' title='bbox 2843 2254 2976 2310; x_wconf 89' lang='lat' dir='ltr'><strong>illud</strong></span> <span class='ocrx_word' id='word_1_326' title='bbox 3026 2245 3374 2318; x_wconf 63' lang='lat' dir='ltr'><strong>considera,</strong></span> 
     </span>
    </p>
   </div>
   <div class='ocr_carea' id='block_1_47' title="bbox 129 2339 1677 2414">
    <p class='ocr_par' dir='ltr' id='par_1_47' title="bbox 129 2339 1677 2414">
     <span class='ocr_line' id='line_1_47' title="bbox 129 2339 1677 2414; baseline -0.001 -20"><span class='ocrx_word' id='word_1_327' title='bbox 129 2343 266 2407; x_wconf 81' lang='grc' dir='ltr'><strong>ξέως.</strong></span> <span class='ocrx_word' id='word_1_328' title='bbox 320 2343 384 2396; x_wconf 76' lang='lat' dir='ltr'><strong>El</strong></span> <span class='ocrx_word' id='word_1_329' title='bbox 431 2343 496 2396; x_wconf 86' lang='grc' dir='ltr'><strong>δ’</strong></span> <span class='ocrx_word' id='word_1_330' title='bbox 522 2345 604 2397; x_wconf 82' lang='grc' dir='ltr'><strong>ὅτι</strong></span> <span class='ocrx_word' id='word_1_331' title='bbox 655 2344 730 2414; x_wconf 74' lang='grc' dir='ltr'><strong>μὴ</strong></span> <span class='ocrx_word' id='word_1_332' title='bbox 771 2344 1076 2414; x_wconf 88' lang='grc' dir='ltr'><strong>γράμματα</strong></span> <span class='ocrx_word' id='word_1_333' title='bbox 1104 2343 1229 2412; x_wconf 74' lang='grc' dir='ltr'><strong>ἥκει</strong></span> <span class='ocrx_word' id='word_1_334' title='bbox 1258 2340 1393 2412; x_wconf 76' lang='grc' dir='ltr'><strong>πρὸς</strong></span> <span class='ocrx_word' id='word_1_335' title='bbox 1445 2342 1504 2394; x_wconf 73' lang='grc' dir='ltr'><strong>σὲ</strong></span> <span class='ocrx_word' id='word_1_336' title='bbox 1534 2339 1677 2410; x_wconf 84' lang='grc' dir='ltr'><strong>παρ’</strong></span> 
     </span>
    </p>
   </div>
   <div class='ocr_carea' id='block_1_48' title="bbox 1775 2339 3341 2414">
    <p class='ocr_par' dir='ltr' id='par_1_48' title="bbox 1778 2339 3341 2414">
     <span class='ocr_line' id='line_1_48' title="bbox 1778 2339 3341 2414; baseline 0.001 -22"><span class='ocrx_word' id='word_1_337' title='bbox 1778 2339 1916 2408; x_wconf 88' lang='lat' dir='ltr'><strong>quod</strong></span> <span class='ocrx_word' id='word_1_338' title='bbox 1933 2339 1977 2393; x_wconf 88' lang='lat' dir='ltr'><strong>si</strong></span> <span class='ocrx_word' id='word_1_339' title='bbox 2006 2340 2298 2396; x_wconf 85' lang='lat' dir='ltr'><strong>scribimus</strong></span> <span class='ocrx_word' id='word_1_340' title='bbox 2319 2341 2373 2396; x_wconf 86' lang='lat' dir='ltr'><strong>id</strong></span> <span class='ocrx_word' id='word_1_341' title='bbox 2399 2342 2604 2411; x_wconf 67' lang='lat' dir='ltr'><strong>nonlest</strong></span> <span class='ocrx_word' id='word_1_342' title='bbox 2624 2344 2741 2399; x_wconf 85' lang='lat' dir='ltr'><strong>sine</strong></span> <span class='ocrx_word' id='word_1_343' title='bbox 2762 2345 3032 2414; x_wconf 84' lang='lat' dir='ltr'><strong>periculo,</strong></span> <span class='ocrx_word' id='word_1_344' title='bbox 3065 2360 3132 2399; x_wconf 91' lang='lat' dir='ltr'><strong>ne</strong></span> <span class='ocrx_word' id='word_1_345' title='bbox 3155 2343 3341 2398; x_wconf 80' lang='lat' dir='ltr'><strong>forsan</strong></span> 
     </span>
    </p>
   </div>
   <div class='ocr_carea' id='block_1_49' title="bbox 129 2425 1677 2512">
    <p class='ocr_par' dir='ltr' id='par_1_49' title="bbox 129 2425 1677 2505">
     <span class='ocr_line' id='line_1_49' title="bbox 129 2425 1677 2505; baseline -0.002 -19"><span class='ocrx_word' id='word_1_346' title='bbox 129 2432 287 2501; x_wconf 70' lang='grc' dir='ltr'><strong>ἡμῶν,</strong></span> <span class='ocrx_word' id='word_1_347' title='bbox 319 2433 574 2498; x_wconf 82' lang='grc' dir='ltr'><strong>τοιοῦτος</strong></span> <span class='ocrx_word' id='word_1_348' title='bbox 594 2435 849 2504; x_wconf 81' lang='grc' dir='ltr'><strong>λογισμὸς</strong></span> <span class='ocrx_word' id='word_1_349' title='bbox 875 2425 1274 2505; x_wconf 60' lang='grc' dir='ltr'><strong>ἐπεισέρχεταιζ</strong></span> <span class='ocrx_word' id='word_1_350' title='bbox 1303 2431 1518 2494; x_wconf 84' lang='grc' dir='ltr'><strong>πρῶτον</strong></span> <span class='ocrx_word' id='word_1_351' title='bbox 1535 2432 1677 2484; x_wconf 79' lang='grc' dir='ltr'><strong>ἐκεῖ·</strong></span> 
     </span>
    </p>
   </div>
   <div class='ocr_carea' id='block_1_50' title="bbox 1775 2425 3344 2512">
    <p class='ocr_par' dir='ltr' id='par_1_50' title="bbox 1780 2430 3344 2512">
     <span class='ocr_line' id='line_1_50' title="bbox 1780 2430 3344 2512; baseline 0.001 -27"><span class='ocrx_word' id='word_1_352' title='bbox 1780 2430 1917 2485; x_wconf 85' lang='lat' dir='ltr'><strong>alios</strong></span> <span class='ocrx_word' id='word_1_353' title='bbox 1950 2433 2015 2485; x_wconf 91' lang='lat' dir='ltr'><strong>ad</strong></span> <span class='ocrx_word' id='word_1_354' title='bbox 2068 2447 2303 2502; x_wconf 76' lang='lat' dir='ltr'><strong>pugnam</strong></span> <span class='ocrx_word' id='word_1_355' title='bbox 2384 2434 2676 2491; x_wconf 89' lang='lat' dir='ltr'><strong>incitantes</strong></span> <span class='ocrx_word' id='word_1_356' title='bbox 2738 2446 2956 2512; x_wconf 70' lang='lat' dir='ltr'><strong>~nostr§e</strong></span> <span class='ocrx_word' id='word_1_357' title='bbox 2992 2450 3086 2491; x_wconf 88' lang='lat' dir='ltr'><strong>eos</strong></span> <span class='ocrx_word' id='word_1_358' title='bbox 3151 2435 3344 2503; x_wconf 73' lang='lat' dir='ltr'><strong>culpar-</strong></span> 
     </span>
    </p>
   </div>
   <div class='ocr_carea' id='block_1_51' title="bbox 131 2517 1677 2590">
    <p class='ocr_par' dir='ltr' id='par_1_51' title="bbox 131 2517 1677 2589">
     <span class='ocr_line' id='line_1_51' title="bbox 131 2517 1677 2589; baseline 0 -19"><span class='ocrx_word' id='word_1_359' title='bbox 131 2522 178 2570; x_wconf 67' lang='grc' dir='ltr'><strong>νά</strong></span> <span class='ocrx_word' id='word_1_360' title='bbox 225 2535 282 2572; x_wconf 86' lang='grc' dir='ltr'><strong>σε</strong></span> <span class='ocrx_word' id='word_1_361' title='bbox 331 2522 664 2575; x_wconf 86' lang='grc' dir='ltr'><strong>διανοεῖσθαι</strong></span> <span class='ocrx_word' id='word_1_362' title='bbox 711 2522 851 2587; x_wconf 79' lang='grc' dir='ltr'><strong>δέον,</strong></span> <span class='ocrx_word' id='word_1_363' title='bbox 903 2523 982 2573; x_wconf 79' lang='grc' dir='ltr'><strong>ὅτι</strong></span> <span class='ocrx_word' id='word_1_364' title='bbox 1032 2522 1142 2574; x_wconf 82' lang='grc' dir='ltr'><strong>τῶν</strong></span> <span class='ocrx_word' id='word_1_365' title='bbox 1197 2518 1526 2589; x_wconf 76' lang='grc' dir='ltr'><strong>κομιζόντων</strong></span> <span class='ocrx_word' id='word_1_366' title='bbox 1580 2517 1677 2571; x_wconf 87' lang='grc' dir='ltr'><strong>οὐκ</strong></span> 
     </span>
    </p>
   </div>
   <div class='ocr_carea' id='block_1_52' title="bbox 1775 2517 2405 2590">
    <p class='ocr_par' dir='ltr' id='par_1_52' title="bbox 1783 2521 2405 2590">
     <span class='ocr_line' id='line_1_52' title="bbox 1783 2521 2405 2590; baseline 0.003 -16"><span class='ocrx_word' id='word_1_367' title='bbox 1783 2521 2072 2590; x_wconf 86' lang='lat' dir='ltr'><strong>participes</strong></span> <span class='ocrx_word' id='word_1_368' title='bbox 2097 2523 2405 2579; x_wconf 86' lang='lat' dir='ltr'><strong>reddamus.</strong></span> 
     </span>
    </p>
   </div>
   <div class='ocr_carea' id='block_1_53' title="bbox 132 2610 3334 2690">
    <p class='ocr_par' dir='ltr' id='par_1_53' title="bbox 132 2610 3334 2690">
     <span class='ocr_line' id='line_1_53' title="bbox 132 2610 3334 2690; baseline 0.001 -26"><span class='ocrx_word' id='word_1_369' title='bbox 132 2612 473 2685; x_wconf 75' lang='grc' dir='ltr'><strong>ιῠποροῦμεν.</strong></span> <span class='ocrx_word' id='word_1_370' title='bbox 503 2613 596 2667; x_wconf 85' lang='grc' dir='ltr'><strong>Ἐν</strong></span> <span class='ocrx_word' id='word_1_371' title='bbox 657 2613 883 2686; x_wconf 84' lang='grc' dir='ltr'><strong>τοιαύτῃ</strong></span> <span class='ocrx_word' id='word_1_372' title='bbox 945 2615 1055 2684; x_wconf 89' lang='grc' dir='ltr'><strong>γάρ</strong></span> <span class='ocrx_word' id='word_1_373' title='bbox 1080 2615 1247 2682; x_wconf 85' lang='grc' dir='ltr'><strong>ἐσμεν</strong></span> <span class='ocrx_word' id='word_1_374' title='bbox 1309 2610 1660 2678; x_wconf 79' lang='grc' dir='ltr'><strong>καταστάσει,</strong></span> <span class='ocrx_word' id='word_1_375' title='bbox 1706 2613 1847 2668; x_wconf 82' lang='grc' dir='ltr'><strong>ὥστε</strong></span> <span class='ocrx_word' id='word_1_376' title='bbox 1909 2618 2037 2679; x_wconf 76' lang='grc' dir='ltr'><strong>τοὺς</strong></span> <span class='ocrx_word' id='word_1_377' title='bbox 2085 2616 2369 2681; x_wconf 81' lang='grc' dir='ltr'><strong>πλείστους</strong></span> <span class='ocrx_word' id='word_1_378' title='bbox 2427 2618 2522 2672; x_wconf 79' lang='grc' dir='ltr'><strong>καὶ</strong></span> <span class='ocrx_word' id='word_1_379' title='bbox 2580 2619 2809 2673; x_wconf 80' lang='grc' dir='ltr'><strong>δεδιέναι</strong></span> <span class='ocrx_word' id='word_1_380' title='bbox 2864 2621 2996 2690; x_wconf 76' lang='grc' dir='ltr'><strong>ἡμῖν</strong></span> <span class='ocrx_word' id='word_1_381' title='bbox 3055 2621 3334 2686; x_wconf 80' lang='grc' dir='ltr'><strong>συναντᾷν.</strong></span> 
     </span>
    </p>
   </div>
   <div class='ocr_carea' id='block_1_54' title="bbox 133 2704 3339 2782">
    <p class='ocr_par' dir='ltr' id='par_1_54' title="bbox 133 2704 3339 2782">
     <span class='ocr_line' id='line_1_54' title="bbox 133 2704 3339 2782; baseline 0.003 -26"><span class='ocrx_word' id='word_1_382' title='bbox 133 2705 342 2760; x_wconf 84' lang='grc' dir='ltr'><strong>Ἔπειτα</strong></span> <span class='ocrx_word' id='word_1_383' title='bbox 379 2704 789 2777; x_wconf 82' lang='grc' dir='ltr'><strong>προσενθυμοῢ,</strong></span> <span class='ocrx_word' id='word_1_384' title='bbox 852 2707 946 2758; x_wconf 75' lang='grc' dir='ltr'><strong>καὶ</strong></span> <span class='ocrx_word' id='word_1_385' title='bbox 973 2706 1055 2758; x_wconf 86' lang='grc' dir='ltr'><strong>ὅτι</strong></span> <span class='ocrx_word' id='word_1_386' title='bbox 1091 2705 1200 2758; x_wconf 78' lang='grc' dir='ltr'><strong>οὐδ’</strong></span> <span class='ocrx_word' id='word_1_387' title='bbox 1229 2705 1362 2776; x_wconf 71' lang='grc' dir='ltr'><strong>ἡμῖν</strong></span> <span class='ocrx_word' id='word_1_388' title='bbox 1415 2704 1568 2770; x_wconf 85' lang='grc' dir='ltr'><strong>ἀδεές</strong></span> <span class='ocrx_word' id='word_1_389' title='bbox 1615 2705 1676 2758; x_wconf 85' lang='grc' dir='ltr'><strong>τδ</strong></span> <span class='ocrx_word' id='word_1_390' title='bbox 1731 2708 1980 2776; x_wconf 85' lang='grc' dir='ltr'><strong>γράφειν,</strong></span> <span class='ocrx_word' id='word_1_391' title='bbox 2023 2708 2233 2779; x_wconf 82' lang='grc' dir='ltr'><strong>μήποτε</strong></span> <span class='ocrx_word' id='word_1_392' title='bbox 2273 2709 2361 2763; x_wconf 86' lang='grc' dir='ltr'><strong>διά</strong></span> <span class='ocrx_word' id='word_1_393' title='bbox 2391 2710 2491 2775; x_wconf 82' lang='grc' dir='ltr'><strong>τὰς</strong></span> <span class='ocrx_word' id='word_1_394' title='bbox 2525 2712 2798 2782; x_wconf 77' lang='grc' dir='ltr'><strong>ἁμαρτίας</strong></span> <span class='ocrx_word' id='word_1_395' title='bbox 2819 2713 2975 2781; x_wconf 71' lang='grc' dir='ltr'><strong>ἡμῶν</strong></span> <span class='ocrx_word' id='word_1_396' title='bbox 3000 2714 3048 2765; x_wconf 76' lang='grc' dir='ltr'><strong>οἱ</strong></span> <span class='ocrx_word' id='word_1_397' title='bbox 3079 2707 3339 2766; x_wconf 76' lang='grc' dir='ltr'><strong>συσκειά·</strong></span> 
     </span>
    </p>
   </div>
   <div class='ocr_carea' id='block_1_55' title="bbox 127 2794 3337 2872">
    <p class='ocr_par' dir='ltr' id='par_1_55' title="bbox 127 2794 3337 2872">
     <span class='ocr_line' id='line_1_55' title="bbox 127 2794 3337 2872; baseline 0.002 -24"><span class='ocrx_word' id='word_1_398' title='bbox 127 2796 226 2857; x_wconf 71' lang='grc' dir='ltr'><strong>ζειν</strong></span> <span class='ocrx_word' id='word_1_399' title='bbox 275 2798 675 2868; x_wconf 75' lang='grc' dir='ltr'><strong>ἀγωνιζόμενοι</strong></span> <span class='ocrx_word' id='word_1_400' title='bbox 699 2795 1139 2866; x_wconf 81' lang='grc' dir='ltr'><strong>προσλήψωνται,</strong></span> <span class='ocrx_word' id='word_1_401' title='bbox 1204 2795 1280 2858; x_wconf 84' lang='grc' dir='ltr'><strong>ὡς</strong></span> <span class='ocrx_word' id='word_1_402' title='bbox 1315 2794 1416 2848; x_wconf 89' lang='grc' dir='ltr'><strong>οὐκ</strong></span> <span class='ocrx_word' id='word_1_403' title='bbox 1451 2795 1517 2848; x_wconf 79' lang='grc' dir='ltr'><strong>ἂν</strong></span> <span class='ocrx_word' id='word_1_404' title='bbox 1579 2795 1740 2866; x_wconf 73' lang='grc' dir='ltr'><strong>ἡμεῖς</strong></span> <span class='ocrx_word' id='word_1_405' title='bbox 1760 2797 2033 2867; x_wconf 78' lang='grc' dir='ltr'><strong>οίηθῶμεν</strong></span> <span class='ocrx_word' id='word_1_406' title='bbox 2073 2798 2362 2852; x_wconf 76' lang='grc' dir='ltr'><strong>κάντεῦθεν</strong></span> <span class='ocrx_word' id='word_1_407' title='bbox 2389 2801 2467 2864; x_wconf 84' lang='grc' dir='ltr'><strong>είς</strong></span> <span class='ocrx_word' id='word_1_408' title='bbox 2517 2801 2579 2854; x_wconf 89' lang='grc' dir='ltr'><strong>τό</strong></span> <span class='ocrx_word' id='word_1_409' title='bbox 2598 2818 2651 2856; x_wconf 88' lang='grc' dir='ltr'><strong>τι</strong></span> <span class='ocrx_word' id='word_1_410' title='bbox 2677 2799 3116 2870; x_wconf 85' lang='grc' dir='ltr'><strong>κατεργάσασθαι</strong></span> <span class='ocrx_word' id='word_1_411' title='bbox 3147 2798 3337 2872; x_wconf 65' lang='grc' dir='ltr'><strong>ῥιπήν.</strong></span> 
     </span>
    </p>
   </div>
   <div class='ocr_carea' id='block_1_56' title="bbox 188 2887 1677 2965">
    <p class='ocr_par' dir='ltr' id='par_1_56' title="bbox 188 2887 1677 2960">
     <span class='ocr_line' id='line_1_56' title="bbox 188 2887 1677 2960; baseline 0 -19"><span class='ocrx_word' id='word_1_412' title='bbox 188 2888 380 2960; x_wconf 67' lang='grc' dir='ltr'><strong>ξΔρκεῖ</strong></span> <span class='ocrx_word' id='word_1_413' title='bbox 409 2888 613 2941; x_wconf 83' lang='grc' dir='ltr'><strong>ταῦτα·</strong></span> <span class='ocrx_word' id='word_1_414' title='bbox 641 2888 800 2942; x_wconf 85' lang='grc' dir='ltr'><strong>τοῦτο</strong></span> <span class='ocrx_word' id='word_1_415' title='bbox 847 2892 904 2941; x_wconf 78' lang='grc' dir='ltr'><strong>δέ</strong></span> <span class='ocrx_word' id='word_1_416' title='bbox 965 2894 1125 2958; x_wconf 85' lang='grc' dir='ltr'><strong>μόνον</strong></span> <span class='ocrx_word' id='word_1_417' title='bbox 1181 2887 1539 2958; x_wconf 75' lang='grc' dir='ltr'><strong>προστίθημιο</strong></span> <span class='ocrx_word' id='word_1_418' title='bbox 1587 2888 1677 2941; x_wconf 83' lang='grc' dir='ltr'><strong>τὸν</strong></span> 
     </span>
    </p>
   </div>
   <div class='ocr_carea' id='block_1_57' title="bbox 1775 2887 3340 2965">
    <p class='ocr_par' dir='ltr' id='par_1_57' title="bbox 1857 2889 3340 2965">
     <span class='ocr_line' id='line_1_57' title="bbox 1857 2889 3340 2965; baseline 0.001 -21"><span class='ocrx_word' id='word_1_419' title='bbox 1857 2889 1984 2946; x_wconf 74' lang='lat' dir='ltr'><strong>llarc</strong></span> <span class='ocrx_word' id='word_1_420' title='bbox 2028 2891 2322 2946; x_wconf 71' lang='lat' dir='ltr'><strong>sufficiunt.</strong></span> <span class='ocrx_word' id='word_1_421' title='bbox 2380 2891 2438 2946; x_wconf 90' lang='lat' dir='ltr'><strong>ld</strong></span> <span class='ocrx_word' id='word_1_422' title='bbox 2499 2894 2675 2948; x_wconf 86' lang='lat' dir='ltr'><strong>solum</strong></span> <span class='ocrx_word' id='word_1_423' title='bbox 2721 2895 2915 2950; x_wconf 87' lang='lat' dir='ltr'><strong>addam</strong></span> <span class='ocrx_word' id='word_1_424' title='bbox 2961 2913 2977 2948; x_wconf 91' lang='lat'><strong>:</strong></span> <span class='ocrx_word' id='word_1_425' title='bbox 3023 2897 3160 2965; x_wconf 76' lang='lat' dir='ltr'><strong>quod</strong></span> <span class='ocrx_word' id='word_1_426' title='bbox 3219 2892 3340 2959; x_wconf 86' lang='lat' dir='ltr'><strong>pul-</strong></span> 
     </span>
    </p>
   </div>
   <div class='ocr_carea' id='block_1_58' title="bbox 124 2977 1677 3057">
    <p class='ocr_par' dir='ltr' id='par_1_58' title="bbox 124 2978 1677 3057">
     <span class='ocr_line' id='line_1_58' title="bbox 124 2978 1677 3057; baseline -0.001 -26"><span class='ocrx_word' id='word_1_427' title='bbox 124 2980 274 3032; x_wconf 77' lang='grc' dir='ltr'><strong>καλὸν</strong></span> <span class='ocrx_word' id='word_1_428' title='bbox 302 2981 502 3050; x_wconf 79' lang='grc' dir='ltr'><strong>ἀγῶνα</strong></span> <span class='ocrx_word' id='word_1_429' title='bbox 534 2981 630 3032; x_wconf 73' lang='grc' dir='ltr'><strong>καὶ</strong></span> <span class='ocrx_word' id='word_1_430' title='bbox 669 2980 816 3032; x_wconf 87' lang='grc' dir='ltr'><strong>θείαν</strong></span> <span class='ocrx_word' id='word_1_431' title='bbox 838 2978 1140 3048; x_wconf 78' lang='grc' dir='ltr'><strong>ὑπηρεσίαν</strong></span> <span class='ocrx_word' id='word_1_432' title='bbox 1190 2979 1270 3039; x_wconf 80' lang='grc' dir='ltr'><strong>είς</strong></span> <span class='ocrx_word' id='word_1_433' title='bbox 1301 2980 1367 3046; x_wconf 71' lang='grc' dir='ltr'><strong>ἢν</strong></span> <span class='ocrx_word' id='word_1_434' title='bbox 1396 2980 1490 3032; x_wconf 79' lang='grc' dir='ltr'><strong>καὶ</strong></span> <span class='ocrx_word' id='word_1_435' title='bbox 1517 2979 1677 3057; x_wconf 77' lang='grc' dir='ltr'><strong>ἐκλῄ-</strong></span> 
     </span>
    </p>
   </div>
   <div class='ocr_carea' id='block_1_59' title="bbox 1775 2977 3342 3057">
    <p class='ocr_par' dir='ltr' id='par_1_59' title="bbox 1786 2977 3342 3048">
     <span class='ocr_line' id='line_1_59' title="bbox 1786 2977 3342 3048; baseline 0.002 -18"><span class='ocrx_word' id='word_1_436' title='bbox 1786 2977 1976 3031; x_wconf 90' lang='lat' dir='ltr'><strong>cbrum</strong></span> <span class='ocrx_word' id='word_1_437' title='bbox 2026 2979 2316 3048; x_wconf 85' lang='lat' dir='ltr'><strong>suscepisti</strong></span> <span class='ocrx_word' id='word_1_438' title='bbox 2385 2989 2657 3036; x_wconf 88' lang='lat' dir='ltr'><strong>certamen</strong></span> <span class='ocrx_word' id='word_1_439' title='bbox 2728 2994 2781 3037; x_wconf 89' lang='lat' dir='ltr'><strong>ct</strong></span> <span class='ocrx_word' id='word_1_440' title='bbox 2848 2983 3084 3040; x_wconf 74' lang='lat' dir='ltr'><strong>divinum</strong></span> <span class='ocrx_word' id='word_1_441' title='bbox 3169 2981 3342 3034; x_wconf 67' lang='lat' dir='ltr'><strong>serii-</strong></span> 
     </span>
    </p>
   </div>
   <div class='ocr_carea' id='block_1_60' title="bbox 122 3066 1677 3154">
    <p class='ocr_par' dir='ltr' id='par_1_60' title="bbox 122 3066 1675 3142">
     <span class='ocr_line' id='line_1_60' title="bbox 122 3066 1675 3142; baseline -0.003 -18"><span class='ocrx_word' id='word_1_442' title='bbox 122 3071 211 3141; x_wconf 88' lang='grc' dir='ltr'><strong>θης</strong></span> <span class='ocrx_word' id='word_1_443' title='bbox 230 3072 332 3124; x_wconf 84' lang='grc' dir='ltr'><strong>ὐπδ</strong></span> <span class='ocrx_word' id='word_1_444' title='bbox 351 3073 458 3142; x_wconf 81' lang='grc' dir='ltr'><strong>τῆς</strong></span> <span class='ocrx_word' id='word_1_445' title='bbox 493 3073 718 3142; x_wconf 84' lang='grc' dir='ltr'><strong>χάριτος</strong></span> <span class='ocrx_word' id='word_1_446' title='bbox 743 3070 951 3139; x_wconf 89' lang='grc' dir='ltr'><strong>ταύτην</strong></span> <span class='ocrx_word' id='word_1_447' title='bbox 971 3070 1375 3137; x_wconf 82' lang='grc' dir='ltr'><strong>δυναμούμενος</strong></span> <span class='ocrx_word' id='word_1_448' title='bbox 1395 3067 1499 3120; x_wconf 79' lang='grc' dir='ltr'><strong>ὑπὸ</strong></span> <span class='ocrx_word' id='word_1_449' title='bbox 1519 3066 1675 3133; x_wconf 80' lang='grc' dir='ltr'><strong>Θεοῦ,</strong></span> 
     </span>
    </p>
   </div>
   <div class='ocr_carea' id='block_1_61' title="bbox 1775 3066 3339 3154">
    <p class='ocr_par' dir='ltr' id='par_1_61' title="bbox 1781 3067 3339 3143">
     <span class='ocr_line' id='line_1_61' title="bbox 1781 3067 3339 3143; baseline 0.006 -23"><span class='ocrx_word' id='word_1_450' title='bbox 1781 3069 1916 3122; x_wconf 90' lang='lat' dir='ltr'><strong>tium</strong></span> <span class='ocrx_word' id='word_1_451' title='bbox 1964 3067 2233 3136; x_wconf 81' lang='lat' dir='ltr'><strong>perﬁcias,</strong></span> <span class='ocrx_word' id='word_1_452' title='bbox 2263 3067 2332 3120; x_wconf 84' lang='lat' dir='ltr'><strong>ini</strong></span> <span class='ocrx_word' id='word_1_453' title='bbox 2368 3069 2464 3134; x_wconf 83' lang='lat' dir='ltr'><strong>(ili,</strong></span> <span class='ocrx_word' id='word_1_454' title='bbox 2517 3073 2688 3141; x_wconf 75' lang='lat' dir='ltr'><strong>gratia</strong></span> <span class='ocrx_word' id='word_1_455' title='bbox 2745 3073 2839 3128; x_wconf 87' lang='lat' dir='ltr'><strong>Dei</strong></span> <span class='ocrx_word' id='word_1_456' title='bbox 2867 3091 2974 3143; x_wconf 90' lang='lat' dir='ltr'><strong>qua</strong></span> <span class='ocrx_word' id='word_1_457' title='bbox 3025 3080 3246 3124; x_wconf 67' lang='lat' dir='ltr'><strong>vocatus</strong></span> <span class='ocrx_word' id='word_1_458' title='bbox 3285 3081 3339 3124; x_wconf 74' lang='lat' dir='ltr'><strong>ct</strong></span> 
     </span>
    </p>
   </div>
   <div class='ocr_carea' id='block_1_62' title="bbox 130 2250 1669 2323">
    <p class='ocr_par' dir='ltr' id='par_1_62' title="bbox 130 2250 1669 2323">
     <span class='ocr_line' id='line_1_62' title="bbox 130 2250 1669 2323; baseline 0.001 -21"><span class='ocrx_word' id='word_1_459' title='bbox 130 2251 297 2322; x_wconf 84' lang='grc' dir='ltr'><strong>θεῖκῆς</strong></span> <span class='ocrx_word' id='word_1_460' title='bbox 343 2251 954 2323; x_wconf 79' lang='grc' dir='ltr'><strong>συνεπιλαμσανομένης</strong></span> <span class='ocrx_word' id='word_1_461' title='bbox 983 2252 1230 2314; x_wconf 74' lang='grc' dir='ltr'><strong>εὐδοκίας</strong></span> <span class='ocrx_word' id='word_1_462' title='bbox 1276 2250 1371 2304; x_wconf 62' lang='grc' dir='ltr'><strong>καὶ⁵</strong></span> <span class='ocrx_word' id='word_1_463' title='bbox 1415 2250 1669 2320; x_wconf 57' lang='grc' dir='ltr'><strong>συμπρὼ</strong></span> 
     </span>
    </p>
   </div>
   <div class='ocr_carea' id='block_1_63' title="bbox 119 3158 1683 3232">
    <p class='ocr_par' dir='ltr' id='par_1_63' title="bbox 119 3158 1683 3232">
     <span class='ocr_line' id='line_1_63' title="bbox 119 3158 1683 3232; baseline -0.001 -19"><span class='ocrx_word' id='word_1_464' title='bbox 119 3163 300 3216; x_wconf 83' lang='grc' dir='ltr'><strong>τέκνον</strong></span> <span class='ocrx_word' id='word_1_465' title='bbox 349 3179 457 3232; x_wconf 87' lang='grc' dir='ltr'><strong>μου</strong></span> <span class='ocrx_word' id='word_1_466' title='bbox 539 3163 703 3230; x_wconf 81' lang='grc' dir='ltr'><strong>ἱερὸν,</strong></span> <span class='ocrx_word' id='word_1_467' title='bbox 757 3158 1027 3228; x_wconf 74' lang='grc' dir='ltr'><strong>ἀγωνίζου</strong></span> <span class='ocrx_word' id='word_1_468' title='bbox 1089 3159 1526 3229; x_wconf 74' lang='grc' dir='ltr'><strong>πληροφορῆσαι,</strong></span> <span class='ocrx_word' id='word_1_469' title='bbox 1587 3159 1683 3212; x_wconf 81' lang='grc' dir='ltr'><strong>καὶ</strong></span> 
     </span>
    </p>
   </div>
   <div class='ocr_carea' id='block_1_64' title="bbox 119 3248 1678 3325">
    <p class='ocr_par' dir='ltr' id='par_1_64' title="bbox 119 3248 1678 3325">
     <span class='ocr_line' id='line_1_64' title="bbox 119 3248 1678 3325; baseline -0.004 -18"><span class='ocrx_word' id='word_1_470' title='bbox 119 3255 240 3324; x_wconf 74' lang='grc' dir='ltr'><strong>περὶ</strong></span> <span class='ocrx_word' id='word_1_471' title='bbox 285 3253 451 3325; x_wconf 76' lang='grc' dir='ltr'><strong>ἡμῶν</strong></span> <span class='ocrx_word' id='word_1_472' title='bbox 484 3251 554 3305; x_wconf 76' lang='grc' dir='ltr'><strong>ἄν</strong></span> <span class='ocrx_word' id='word_1_473' title='bbox 615 3267 677 3302; x_wconf 83' lang='grc' dir='ltr'><strong>τε</strong></span> <span class='ocrx_word' id='word_1_474' title='bbox 706 3251 832 3318; x_wconf 74' lang='grc' dir='ltr'><strong>ἥκει</strong></span> <span class='ocrx_word' id='word_1_475' title='bbox 860 3250 1182 3320; x_wconf 86' lang='grc' dir='ltr'><strong>γράμματα,</strong></span> <span class='ocrx_word' id='word_1_476' title='bbox 1213 3248 1281 3302; x_wconf 79' lang='grc' dir='ltr'><strong>ἀν</strong></span> <span class='ocrx_word' id='word_1_477' title='bbox 1336 3264 1396 3302; x_wconf 88' lang='grc' dir='ltr'><strong>τε</strong></span> <span class='ocrx_word' id='word_1_478' title='bbox 1453 3250 1546 3302; x_wconf 74' lang='grc' dir='ltr'><strong>καὶ</strong></span> <span class='ocrx_word' id='word_1_479' title='bbox 1583 3249 1678 3320; x_wconf 81' lang='grc' dir='ltr'><strong>μὴ,</strong></span> 
     </span>
    </p>
   </div>
   <div class='ocr_carea' id='block_1_65' title="bbox 123 3339 1682 3413">
    <p class='ocr_par' dir='ltr' id='par_1_65' title="bbox 123 3339 1682 3413">
     <span class='ocr_line' id='line_1_65' title="bbox 123 3339 1682 3413; baseline -0.004 -15"><span class='ocrx_word' id='word_1_480' title='bbox 123 3346 280 3413; x_wconf 79' lang='grc' dir='ltr'><strong>μηδὲν</strong></span> <span class='ocrx_word' id='word_1_481' title='bbox 344 3341 723 3411; x_wconf 80' lang='grc' dir='ltr'><strong>ὑποπτεύσῃς·</strong></span> <span class='ocrx_word' id='word_1_482' title='bbox 782 3340 908 3392; x_wconf 83' lang='grc' dir='ltr'><strong>ἀλλ’</strong></span> <span class='ocrx_word' id='word_1_483' title='bbox 960 3340 1052 3391; x_wconf 80' lang='grc' dir='ltr'><strong>ἔσο</strong></span> <span class='ocrx_word' id='word_1_484' title='bbox 1124 3339 1219 3393; x_wconf 83' lang='grc' dir='ltr'><strong>τοῦ</strong></span> <span class='ocrx_word' id='word_1_485' title='bbox 1259 3342 1476 3408; x_wconf 75' lang='grc' dir='ltr'><strong>φρονεῖν</strong></span> <span class='ocrx_word' id='word_1_486' title='bbox 1510 3340 1682 3402; x_wconf 80' lang='grc' dir='ltr'><strong>οὕτως</strong></span> 
     </span>
    </p>
   </div>
   <div class='ocr_carea' id='block_1_66' title="bbox 117 3429 1683 3504">
    <p class='ocr_par' dir='ltr' id='par_1_66' title="bbox 117 3429 1683 3504">
     <span class='ocr_line' id='line_1_66' title="bbox 117 3429 1683 3504; baseline -0.004 -15"><span class='ocrx_word' id='word_1_487' title='bbox 117 3436 541 3504; x_wconf 87' lang='grc' dir='ltr'><strong>ἀμετάπτωτος,</strong></span> <span class='ocrx_word' id='word_1_488' title='bbox 583 3433 667 3486; x_wconf 82' lang='grc' dir='ltr'><strong>ὅτι</strong></span> <span class='ocrx_word' id='word_1_489' title='bbox 702 3430 862 3484; x_wconf 84' lang='grc' dir='ltr'><strong>πλέον</strong></span> <span class='ocrx_word' id='word_1_490' title='bbox 914 3430 1023 3483; x_wconf 81' lang='grc' dir='ltr'><strong>τῶν</strong></span> <span class='ocrx_word' id='word_1_491' title='bbox 1061 3430 1355 3500; x_wconf 78' lang='grc' dir='ltr'><strong>ὁρωμένων</strong></span> <span class='ocrx_word' id='word_1_492' title='bbox 1395 3432 1452 3482; x_wconf 90' lang='grc' dir='ltr'><strong>ἐν</strong></span> <span class='ocrx_word' id='word_1_493' title='bbox 1485 3429 1683 3497; x_wconf 72' lang='grc' dir='ltr'><strong>ὀφθαλ-</strong></span> 
     </span>
    </p>
   </div>
   <div class='ocr_carea' id='block_1_67' title="bbox 121 3517 1682 3596">
    <p class='ocr_par' dir='ltr' id='par_1_67' title="bbox 121 3517 1682 3596">
     <span class='ocr_line' id='line_1_67' title="bbox 121 3517 1682 3596; baseline -0.008 -16"><span class='ocrx_word' id='word_1_494' title='bbox 121 3528 232 3596; x_wconf 76' lang='grc' dir='ltr'><strong>μοῖς</strong></span> <span class='ocrx_word' id='word_1_495' title='bbox 266 3525 434 3596; x_wconf 75' lang='grc' dir='ltr'><strong>ἡμῶν</strong></span> <span class='ocrx_word' id='word_1_496' title='bbox 469 3523 571 3576; x_wconf 75' lang='grc' dir='ltr'><strong>καὶ</strong></span> <span class='ocrx_word' id='word_1_497' title='bbox 605 3522 962 3592; x_wconf 86' lang='grc' dir='ltr'><strong>μεριμνῶμεν</strong></span> <span class='ocrx_word' id='word_1_498' title='bbox 998 3521 1130 3590; x_wconf 85' lang='grc' dir='ltr'><strong>περὶ</strong></span> <span class='ocrx_word' id='word_1_499' title='bbox 1161 3518 1252 3572; x_wconf 83' lang='grc' dir='ltr'><strong>σοῦ</strong></span> <span class='ocrx_word' id='word_1_500' title='bbox 1296 3520 1390 3572; x_wconf 76' lang='grc' dir='ltr'><strong>καὶ</strong></span> <span class='ocrx_word' id='word_1_501' title='bbox 1412 3517 1682 3588; x_wconf 82' lang='grc' dir='ltr'><strong>εὐχόμεθα</strong></span> 
     </span>
    </p>
   </div>
   <div class='ocr_carea' id='block_1_68' title="bbox 117 3607 1681 3686">
    <p class='ocr_par' dir='ltr' id='par_1_68' title="bbox 117 3607 1681 3686">
     <span class='ocr_line' id='line_1_68' title="bbox 117 3607 1681 3686; baseline -0.006 -18"><span class='ocrx_word' id='word_1_502' title='bbox 117 3615 188 3686; x_wconf 76' lang='grc' dir='ltr'><strong>μὴ</strong></span> <span class='ocrx_word' id='word_1_503' title='bbox 233 3615 554 3669; x_wconf 68' lang='grc' dir='ltr'><strong>ἐπιλείπειν</strong></span> <span class='ocrx_word' id='word_1_504' title='bbox 590 3631 651 3667; x_wconf 86' lang='grc' dir='ltr'><strong>σε</strong></span> <span class='ocrx_word' id='word_1_505' title='bbox 699 3615 800 3683; x_wconf 80' lang='grc' dir='ltr'><strong>τὴν</strong></span> <span class='ocrx_word' id='word_1_506' title='bbox 834 3611 1146 3679; x_wconf 87' lang='grc' dir='ltr'><strong>ἀγαθοδότιν</strong></span> <span class='ocrx_word' id='word_1_507' title='bbox 1173 3610 1478 3678; x_wconf 87' lang='grc' dir='ltr'><strong>εὐμένειαν,</strong></span> <span class='ocrx_word' id='word_1_508' title='bbox 1547 3607 1681 3678; x_wconf 82' lang='grc' dir='ltr'><strong>μηδὲ</strong></span> 
     </span>
    </p>
   </div>
   <div class='ocr_carea' id='block_1_69' title="bbox 115 3697 1680 3776">
    <p class='ocr_par' dir='ltr' id='par_1_69' title="bbox 115 3697 1680 3776">
     <span class='ocr_line' id='line_1_69' title="bbox 115 3697 1680 3776; baseline -0.004 -21"><span class='ocrx_word' id='word_1_509' title='bbox 115 3707 207 3776; x_wconf 79' lang='grc' dir='ltr'><strong>τὴν</strong></span> <span class='ocrx_word' id='word_1_510' title='bbox 239 3708 342 3774; x_wconf 78' lang='grc' dir='ltr'><strong>σὴν</strong></span> <span class='ocrx_word' id='word_1_511' title='bbox 374 3706 572 3775; x_wconf 81' lang='grc' dir='ltr'><strong>βιοτὴν</strong></span> <span class='ocrx_word' id='word_1_512' title='bbox 603 3704 698 3756; x_wconf 77' lang='grc' dir='ltr'><strong>καὶ</strong></span> <span class='ocrx_word' id='word_1_513' title='bbox 736 3704 803 3754; x_wconf 85' lang='grc' dir='ltr'><strong>τὰ</strong></span> <span class='ocrx_word' id='word_1_514' title='bbox 835 3705 1161 3770; x_wconf 54' lang='grc' dir='ltr'><strong>πράγματα,</strong></span> <span class='ocrx_word' id='word_1_515' title='bbox 1185 3698 1320 3769; x_wconf 80' lang='grc' dir='ltr'><strong>Περὶ</strong></span> <span class='ocrx_word' id='word_1_516' title='bbox 1347 3699 1402 3751; x_wconf 86' lang='grc' dir='ltr'><strong>δέ</strong></span> <span class='ocrx_word' id='word_1_517' title='bbox 1435 3697 1528 3750; x_wconf 81' lang='grc' dir='ltr'><strong>τοῦ</strong></span> <span class='ocrx_word' id='word_1_518' title='bbox 1550 3699 1680 3767; x_wconf 72' lang='grc' dir='ltr'><strong>ἀθέο</strong></span> 
     </span>
    </p>
   </div>
   <div class='ocr_carea' id='block_1_70' title="bbox 116 3788 1683 3868">
    <p class='ocr_par' dir='ltr' id='par_1_70' title="bbox 116 3788 1683 3868">
     <span class='ocr_line' id='line_1_70' title="bbox 116 3788 1683 3868; baseline -0.006 -18"><span class='ocrx_word' id='word_1_519' title='bbox 116 3815 250 3866; x_wconf 86' lang='grc' dir='ltr'><strong>σμου</strong></span> <span class='ocrx_word' id='word_1_520' title='bbox 283 3799 505 3868; x_wconf 87' lang='grc' dir='ltr'><strong>γάμου,</strong></span> <span class='ocrx_word' id='word_1_521' title='bbox 545 3797 592 3848; x_wconf 86' lang='grc' dir='ltr'><strong>εί</strong></span> <span class='ocrx_word' id='word_1_522' title='bbox 628 3796 728 3866; x_wconf 80' lang='grc' dir='ltr'><strong>μὲν</strong></span> <span class='ocrx_word' id='word_1_523' title='bbox 760 3788 874 3847; x_wconf 76' lang='grc' dir='ltr'><strong>οἷόν</strong></span> <span class='ocrx_word' id='word_1_524' title='bbox 919 3810 1001 3856; x_wconf 88' lang='grc' dir='ltr'><strong>τε,</strong></span> <span class='ocrx_word' id='word_1_525' title='bbox 1057 3791 1373 3862; x_wconf 78' lang='grc' dir='ltr'><strong>παραινέσει</strong></span> <span class='ocrx_word' id='word_1_526' title='bbox 1409 3791 1502 3843; x_wconf 77' lang='grc' dir='ltr'><strong>καὶ</strong></span> <span class='ocrx_word' id='word_1_527' title='bbox 1538 3789 1683 3842; x_wconf 74' lang='grc' dir='ltr'><strong>διδαο</strong></span> 
     </span>
    </p>
   </div>
   <div class='ocr_carea' id='block_1_71' title="bbox 115 3884 1685 3963">
    <p class='ocr_par' dir='ltr' id='par_1_71' title="bbox 115 3884 1685 3963">
     <span class='ocr_line' id='line_1_71' title="bbox 115 3884 1685 3963; baseline -0.003 -23"><span class='ocrx_word' id='word_1_528' title='bbox 115 3892 305 3963; x_wconf 79' lang='grc' dir='ltr'><strong>οκαλίᾳ</strong></span> <span class='ocrx_word' id='word_1_529' title='bbox 333 3892 505 3945; x_wconf 80' lang='grc' dir='ltr'><strong>λῦσαι</strong></span> <span class='ocrx_word' id='word_1_530' title='bbox 536 3890 633 3960; x_wconf 77' lang='grc' dir='ltr'><strong>τὴν</strong></span> <span class='ocrx_word' id='word_1_531' title='bbox 664 3889 948 3955; x_wconf 78' lang='grc' dir='ltr'><strong>συζυγίαν,</strong></span> <span class='ocrx_word' id='word_1_532' title='bbox 994 3887 1138 3938; x_wconf 81' lang='grc' dir='ltr'><strong>πᾶσα</strong></span> <span class='ocrx_word' id='word_1_533' title='bbox 1175 3884 1294 3955; x_wconf 85' lang='grc' dir='ltr'><strong>Θεῷ</strong></span> <span class='ocrx_word' id='word_1_534' title='bbox 1317 3886 1497 3954; x_wconf 86' lang='grc' dir='ltr'><strong>χάρις.</strong></span> <span class='ocrx_word' id='word_1_535' title='bbox 1531 3885 1593 3937; x_wconf 78' lang='lat' dir='ltr'><strong>Ei</strong></span> <span class='ocrx_word' id='word_1_536' title='bbox 1626 3884 1685 3936; x_wconf 85' lang='grc' dir='ltr'><strong>δ’</strong></span> 
     </span>
    </p>
   </div>
   <div class='ocr_carea' id='block_1_72' title="bbox 114 3976 1680 4052">
    <p class='ocr_par' dir='ltr' id='par_1_72' title="bbox 114 3976 1680 4052">
     <span class='ocr_line' id='line_1_72' title="bbox 114 3976 1680 4052; baseline -0.006 -16"><span class='ocrx_word' id='word_1_537' title='bbox 114 3986 416 4037; x_wconf 78' lang='grc' dir='ltr'><strong>αντισαίνοι</strong></span> <span class='ocrx_word' id='word_1_538' title='bbox 450 3983 555 4035; x_wconf 83' lang='grc' dir='ltr'><strong>τοῦ</strong></span> <span class='ocrx_word' id='word_1_539' title='bbox 596 3983 915 4052; x_wconf 81' lang='grc' dir='ltr'><strong>πράγματος</strong></span> <span class='ocrx_word' id='word_1_540' title='bbox 956 3978 989 4046; x_wconf 80' lang='grc' dir='ltr'>ἠ</span> <span class='ocrx_word' id='word_1_541' title='bbox 1023 3977 1268 4045; x_wconf 83' lang='grc' dir='ltr'><strong>δύναμις,</strong></span> <span class='ocrx_word' id='word_1_542' title='bbox 1311 3978 1446 4037; x_wconf 85' lang='grc' dir='ltr'><strong>τέως</strong></span> <span class='ocrx_word' id='word_1_543' title='bbox 1482 3976 1680 4045; x_wconf 85' lang='grc' dir='ltr'><strong>μηκέτι</strong></span> 
     </span>
    </p>
   </div>
   <div class='ocr_carea' id='block_1_73' title="bbox 115 4064 1678 4144">
    <p class='ocr_par' dir='ltr' id='par_1_73' title="bbox 115 4064 1678 4144">
     <span class='ocr_line' id='line_1_73' title="bbox 115 4064 1678 4144; baseline -0.006 -19"><span class='ocrx_word' id='word_1_544' title='bbox 115 4079 450 4144; x_wconf 85' lang='grc' dir='ltr'><strong>προκόπτειν</strong></span> <span class='ocrx_word' id='word_1_545' title='bbox 481 4074 544 4126; x_wconf 86' lang='grc' dir='ltr'><strong>τὸ</strong></span> <span class='ocrx_word' id='word_1_546' title='bbox 583 4073 774 4134; x_wconf 78' lang='grc' dir='ltr'><strong>κακὸν,</strong></span> <span class='ocrx_word' id='word_1_547' title='bbox 803 4069 943 4138; x_wconf 83' lang='grc' dir='ltr'><strong>μηδ’</strong></span> <span class='ocrx_word' id='word_1_548' title='bbox 978 4068 1084 4119; x_wconf 84' lang='grc' dir='ltr'><strong>ἀπὸ</strong></span> <span class='ocrx_word' id='word_1_549' title='bbox 1118 4066 1214 4117; x_wconf 83' lang='grc' dir='ltr'><strong>τοῦ</strong></span> <span class='ocrx_word' id='word_1_550' title='bbox 1248 4064 1342 4118; x_wconf 83' lang='grc' dir='ltr'><strong>νῦν</strong></span> <span class='ocrx_word' id='word_1_551' title='bbox 1370 4066 1678 4134; x_wconf 69' lang='grc' dir='ltr'><strong>ἐπιτρέψειν</strong></span> 
     </span>
    </p>
   </div>
   <div class='ocr_carea' id='block_1_74' title="bbox 113 4153 1683 4235">
    <p class='ocr_par' dir='ltr' id='par_1_74' title="bbox 113 4153 1683 4235">
     <span class='ocr_line' id='line_1_74' title="bbox 113 4153 1683 4235; baseline -0.007 -18"><span class='ocrx_word' id='word_1_552' title='bbox 113 4168 379 4229; x_wconf 81' lang='grc' dir='ltr'><strong>τοιούτοις</strong></span> <span class='ocrx_word' id='word_1_553' title='bbox 429 4167 637 4232; x_wconf 82' lang='grc' dir='ltr'><strong>γάμοις</strong></span> <span class='ocrx_word' id='word_1_554' title='bbox 677 4155 1146 4235; x_wconf 76' lang='grc' dir='ltr'><strong>καταμολύνεσθαι</strong></span> <span class='ocrx_word' id='word_1_555' title='bbox 1179 4155 1240 4206; x_wconf 83' lang='grc' dir='ltr'><strong>τὸ</strong></span> <span class='ocrx_word' id='word_1_556' title='bbox 1293 4155 1470 4221; x_wconf 88' lang='grc' dir='ltr'><strong>γένος.</strong></span> <span class='ocrx_word' id='word_1_557' title='bbox 1516 4153 1683 4206; x_wconf 83' lang='grc' dir='ltr'><strong>Τοῦτο</strong></span> 
     </span>
    </p>
   </div>
   <div class='ocr_carea' id='block_1_75' title="bbox 112 4246 1684 4329">
    <p class='ocr_par' dir='ltr' id='par_1_75' title="bbox 112 4246 1684 4329">
     <span class='ocr_line' id='line_1_75' title="bbox 112 4246 1684 4329; baseline -0.008 -19"><span class='ocrx_word' id='word_1_558' title='bbox 112 4260 162 4310; x_wconf 79' lang='grc' dir='ltr'><strong>δέ</strong></span> <span class='ocrx_word' id='word_1_559' title='bbox 195 4260 435 4329; x_wconf 82' lang='grc' dir='ltr'><strong>πράξεις</strong></span> <span class='ocrx_word' id='word_1_560' title='bbox 474 4255 718 4321; x_wconf 77' lang='grc' dir='ltr'><strong>συνήθως</strong></span> <span class='ocrx_word' id='word_1_561' title='bbox 761 4250 838 4319; x_wconf 81' lang='grc' dir='ltr'><strong>τῷ</strong></span> <span class='ocrx_word' id='word_1_562' title='bbox 872 4267 931 4302; x_wconf 87' lang='grc' dir='ltr'><strong>τε</strong></span> <span class='ocrx_word' id='word_1_563' title='bbox 956 4249 1180 4319; x_wconf 78' lang='grc' dir='ltr'><strong>ἡγεμόνι</strong></span> <span class='ocrx_word' id='word_1_564' title='bbox 1209 4246 1304 4298; x_wconf 80' lang='grc' dir='ltr'><strong>τοῦ</strong></span> <span class='ocrx_word' id='word_1_565' title='bbox 1330 4246 1516 4309; x_wconf 81' lang='grc' dir='ltr'><strong>ἔθνους</strong></span> <span class='ocrx_word' id='word_1_566' title='bbox 1549 4246 1684 4299; x_wconf 83' lang='grc' dir='ltr'><strong>ὐπο-</strong></span> 
     </span>
    </p>
   </div>
   <div class='ocr_carea' id='block_1_76' title="bbox 112 4332 1682 4417">
    <p class='ocr_par' dir='ltr' id='par_1_76' title="bbox 112 4332 1682 4417">
     <span class='ocr_line' id='line_1_76' title="bbox 112 4332 1682 4417; baseline -0.008 -19"><span class='ocrx_word' id='word_1_567' title='bbox 112 4348 393 4417; x_wconf 82' lang='grc' dir='ltr'><strong>τιθέμενος</strong></span> <span class='ocrx_word' id='word_1_568' title='bbox 441 4339 634 4410; x_wconf 81' lang='grc' dir='ltr'><strong>καὶτῷ</strong></span> <span class='ocrx_word' id='word_1_569' title='bbox 661 4339 836 4408; x_wconf 74' lang='grc' dir='ltr'><strong>ἀνδρὶ,</strong></span> <span class='ocrx_word' id='word_1_570' title='bbox 869 4332 911 4404; x_wconf 77' lang='grc' dir='ltr'>ᾧ</span> <span class='ocrx_word' id='word_1_571' title='bbox 932 4335 1290 4404; x_wconf 76' lang='grc' dir='ltr'><strong>συγχωρεῖται</strong></span> <span class='ocrx_word' id='word_1_572' title='bbox 1337 4332 1395 4384; x_wconf 85' lang='grc' dir='ltr'><strong>τὸ</strong></span> <span class='ocrx_word' id='word_1_573' title='bbox 1417 4339 1682 4386; x_wconf 87' lang='grc' dir='ltr'><strong>συνοικεῖν</strong></span> 
     </span>
    </p>
   </div>
   <div class='ocr_carea' id='block_1_77' title="bbox 1782 3158 3338 3225">
    <p class='ocr_par' dir='ltr' id='par_1_77' title="bbox 1782 3158 3338 3225">
     <span class='ocr_line' id='line_1_77' title="bbox 1782 3158 3338 3225; baseline 0.002 -13"><span class='ocrx_word' id='word_1_574' title='bbox 1782 3158 2167 3213; x_wconf 79' lang='lat' dir='ltr'><strong>confortaudus</strong></span> <span class='ocrx_word' id='word_1_575' title='bbox 2181 3172 2239 3212; x_wconf 88' lang='lat' dir='ltr'><strong>es</strong></span> <span class='ocrx_word' id='word_1_576' title='bbox 2260 3174 2277 3225; x_wconf 91' lang='lat'><strong>;</strong></span> <span class='ocrx_word' id='word_1_577' title='bbox 2299 3160 2364 3212; x_wconf 85' lang='lat' dir='ltr'><strong>de</strong></span> <span class='ocrx_word' id='word_1_578' title='bbox 2390 3162 2548 3216; x_wconf 88' lang='lat' dir='ltr'><strong>nobis</strong></span> <span class='ocrx_word' id='word_1_579' title='bbox 2579 3171 2759 3215; x_wconf 91' lang='lat' dir='ltr'><strong>autem</strong></span> <span class='ocrx_word' id='word_1_580' title='bbox 2784 3173 2877 3218; x_wconf 88' lang='lat' dir='ltr'><strong>aut</strong></span> <span class='ocrx_word' id='word_1_581' title='bbox 2894 3161 3219 3218; x_wconf 69' lang='lat' dir='ltr'><strong>mittentibus</strong></span> <span class='ocrx_word' id='word_1_582' title='bbox 3248 3162 3338 3216; x_wconf 90' lang='lat' dir='ltr'><strong>lit-</strong></span> 
     </span>
    </p>
   </div>
   <div class='ocr_carea' id='block_1_78' title="bbox 1781 3250 3338 3319">
    <p class='ocr_par' dir='ltr' id='par_1_78' title="bbox 1781 3250 3338 3319">
     <span class='ocr_line' id='line_1_78' title="bbox 1781 3250 3338 3319; baseline 0.001 -17"><span class='ocrx_word' id='word_1_583' title='bbox 1781 3259 1923 3303; x_wconf 86' lang='lat' dir='ltr'><strong>teras</strong></span> <span class='ocrx_word' id='word_1_584' title='bbox 1969 3262 2062 3303; x_wconf 79' lang='lat' dir='ltr'><strong>aut</strong></span> <span class='ocrx_word' id='word_1_585' title='bbox 2099 3263 2210 3302; x_wconf 91' lang='lat' dir='ltr'><strong>non</strong></span> <span class='ocrx_word' id='word_1_586' title='bbox 2280 3250 2622 3305; x_wconf 85' lang='lat' dir='ltr'><strong>mittentibus</strong></span> <span class='ocrx_word' id='word_1_587' title='bbox 2682 3252 2815 3307; x_wconf 86' lang='lat' dir='ltr'><strong>nibi-l</strong></span> <span class='ocrx_word' id='word_1_588' title='bbox 2851 3264 3040 3315; x_wconf 85' lang='lat' dir='ltr'><strong>cures;</strong></span> <span class='ocrx_word' id='word_1_589' title='bbox 3088 3251 3181 3304; x_wconf 89' lang='lat' dir='ltr'><strong>sed</strong></span> <span class='ocrx_word' id='word_1_590' title='bbox 3219 3267 3338 3319; x_wconf 85' lang='lat' dir='ltr'><strong>pcr-</strong></span> 
     </span>
    </p>
   </div>
   <div class='ocr_carea' id='block_1_79' title="bbox 1781 3339 3334 3409">
    <p class='ocr_par' dir='ltr' id='par_1_79' title="bbox 1781 3339 3334 3409">
     <span class='ocr_line' id='line_1_79' title="bbox 1781 3339 3334 3409; baseline 0.001 -16"><span class='ocrx_word' id='word_1_591' title='bbox 1781 3354 2004 3394; x_wconf 90' lang='lat' dir='ltr'><strong>suasum</strong></span> <span class='ocrx_word' id='word_1_592' title='bbox 2047 3340 2246 3395; x_wconf 83' lang='lat' dir='ltr'><strong>habeas</strong></span> <span class='ocrx_word' id='word_1_593' title='bbox 2304 3350 2354 3393; x_wconf 90' lang='lat' dir='ltr'><strong>te</strong></span> <span class='ocrx_word' id='word_1_594' title='bbox 2397 3340 2812 3409; x_wconf 72' lang='lat' dir='ltr'><strong>cogitationibus</strong></span> <span class='ocrx_word' id='word_1_595' title='bbox 2848 3339 2984 3394; x_wconf 87' lang='lat' dir='ltr'><strong>meis</strong></span> <span class='ocrx_word' id='word_1_596' title='bbox 3013 3352 3334 3409; x_wconf 69' lang='lat' dir='ltr'><strong>praesentem</strong></span> 
     </span>
    </p>
   </div>
   <div class='ocr_carea' id='block_1_80' title="bbox 1781 3429 3337 3498">
    <p class='ocr_par' dir='ltr' id='par_1_80' title="bbox 1781 3429 3337 3498">
     <span class='ocr_line' id='line_1_80' title="bbox 1781 3429 3337 3498; baseline 0.002 -14"><span class='ocrx_word' id='word_1_597' title='bbox 1781 3445 1920 3484; x_wconf 84' lang='lat' dir='ltr'><strong>esse.</strong></span> <span class='ocrx_word' id='word_1_598' title='bbox 1953 3429 2198 3498; x_wconf 75' lang='lat' dir='ltr'><strong>Magnam</strong></span> <span class='ocrx_word' id='word_1_599' title='bbox 2245 3445 2375 3484; x_wconf 86' lang='lat' dir='ltr'><strong>sane</strong></span> <span class='ocrx_word' id='word_1_600' title='bbox 2418 3431 2486 3485; x_wconf 88' lang='lat' dir='ltr'><strong>de</strong></span> <span class='ocrx_word' id='word_1_601' title='bbox 2529 3439 2580 3482; x_wconf 75' lang='lat' dir='ltr'><strong>te</strong></span> <span class='ocrx_word' id='word_1_602' title='bbox 2612 3429 3032 3484; x_wconf 85' lang='lat' dir='ltr'><strong>sollicitudinem</strong></span> <span class='ocrx_word' id='word_1_603' title='bbox 3069 3432 3337 3488; x_wconf 75' lang='lat' dir='ltr'><strong>habemus</strong></span> 
     </span>
    </p>
   </div>
   <div class='ocr_carea' id='block_1_81' title="bbox 1779 3518 3336 3589">
    <p class='ocr_par' dir='ltr' id='par_1_81' title="bbox 1779 3518 3336 3589">
     <span class='ocr_line' id='line_1_81' title="bbox 1779 3518 3336 3589; baseline 0.001 -16"><span class='ocrx_word' id='word_1_604' title='bbox 1779 3529 1836 3573; x_wconf 89' lang='lat' dir='ltr'><strong>et</strong></span> <span class='ocrx_word' id='word_1_605' title='bbox 1868 3535 2155 3589; x_wconf 86' lang='lat' dir='ltr'><strong>precamur</strong></span> <span class='ocrx_word' id='word_1_606' title='bbox 2181 3537 2248 3573; x_wconf 89' lang='lat' dir='ltr'><strong>ne</strong></span> <span class='ocrx_word' id='word_1_607' title='bbox 2278 3534 2553 3589; x_wconf 83' lang='lat' dir='ltr'><strong>unquama</strong></span> <span class='ocrx_word' id='word_1_608' title='bbox 2591 3519 2824 3573; x_wconf 79' lang='lat' dir='ltr'><strong>Numine</strong></span> <span class='ocrx_word' id='word_1_609' title='bbox 2846 3518 3336 3576; x_wconf 78' lang='lat' dir='ltr'><strong>beneﬁcentissimo</strong></span> 
     </span>
    </p>
   </div>
   <div class='ocr_carea' id='block_1_82' title="bbox 1779 3605 3334 3678">
    <p class='ocr_par' dir='ltr' id='par_1_82' title="bbox 1779 3605 3334 3678">
     <span class='ocr_line' id='line_1_82' title="bbox 1779 3605 3334 3678; baseline 0.001 -17"><span class='ocrx_word' id='word_1_610' title='bbox 1779 3608 2116 3672; x_wconf 85' lang='lat' dir='ltr'><strong>destituaris,</strong></span> <span class='ocrx_word' id='word_1_611' title='bbox 2168 3610 2222 3662; x_wconf 90' lang='lat' dir='ltr'><strong>in</strong></span> <span class='ocrx_word' id='word_1_612' title='bbox 2278 3609 2400 3662; x_wconf 73' lang='lat' dir='ltr'><strong>vita:</strong></span> <span class='ocrx_word' id='word_1_613' title='bbox 2439 3605 2690 3676; x_wconf 71' lang='lat' dir='ltr'><strong>negoriis.</strong></span> <span class='ocrx_word' id='word_1_614' title='bbox 2739 3605 2895 3672; x_wconf 76' lang='lat' dir='ltr'><strong>Quod</strong></span> <span class='ocrx_word' id='word_1_615' title='bbox 2942 3610 3008 3661; x_wconf 79' lang='lat' dir='ltr'><strong>ad</strong></span> <span class='ocrx_word' id='word_1_616' title='bbox 3053 3609 3334 3678; x_wconf 76' lang='lat' dir='ltr'><strong>illegitima</strong></span> 
     </span>
    </p>
   </div>
   <div class='ocr_carea' id='block_1_83' title="bbox 1781 3696 3333 3768">
    <p class='ocr_par' dir='ltr' id='par_1_83' title="bbox 1781 3696 3333 3768">
     <span class='ocr_line' id='line_1_83' title="bbox 1781 3696 3333 3768; baseline -0.001 -14"><span class='ocrx_word' id='word_1_617' title='bbox 1781 3699 2050 3754; x_wconf 89' lang='lat' dir='ltr'><strong>connubia</strong></span> <span class='ocrx_word' id='word_1_618' title='bbox 2101 3700 2357 3767; x_wconf 89' lang='lat' dir='ltr'><strong>pertinet,</strong></span> <span class='ocrx_word' id='word_1_619' title='bbox 2402 3696 2446 3751; x_wconf 87' lang='lat' dir='ltr'><strong>si</strong></span> <span class='ocrx_word' id='word_1_620' title='bbox 2498 3697 2896 3752; x_wconf 85' lang='lat' dir='ltr'><strong>liortatiouibus</strong></span> <span class='ocrx_word' id='word_1_621' title='bbox 2949 3707 3001 3753; x_wconf 92' lang='lat' dir='ltr'><strong>et</strong></span> <span class='ocrx_word' id='word_1_622' title='bbox 3052 3702 3333 3768; x_wconf 69' lang='lat' dir='ltr'><strong>praeceptis</strong></span> 
     </span>
    </p>
   </div>
   <div class='ocr_carea' id='block_1_84' title="bbox 1783 3787 3333 3858">
    <p class='ocr_par' dir='ltr' id='par_1_84' title="bbox 1783 3787 3333 3858">
     <span class='ocr_line' id='line_1_84' title="bbox 1783 3787 3333 3858; baseline 0.001 -16"><span class='ocrx_word' id='word_1_623' title='bbox 1783 3790 2119 3843; x_wconf 85' lang='lat' dir='ltr'><strong>cobabitatio</strong></span> <span class='ocrx_word' id='word_1_624' title='bbox 2158 3791 2296 3844; x_wconf 77' lang='lat' dir='ltr'><strong>solvi</strong></span> <span class='ocrx_word' id='word_1_625' title='bbox 2328 3796 2527 3856; x_wconf 84' lang='lat' dir='ltr'><strong>potest,</strong></span> <span class='ocrx_word' id='word_1_626' title='bbox 2572 3787 2680 3841; x_wconf 87' lang='lat' dir='ltr'><strong>Deo</strong></span> <span class='ocrx_word' id='word_1_627' title='bbox 2714 3788 3006 3843; x_wconf 73' lang='lat' dir='ltr'><strong>referenda:</strong></span> <span class='ocrx_word' id='word_1_628' title='bbox 3037 3791 3252 3858; x_wconf 71' lang='lat' dir='ltr'><strong>gratiae;</strong></span> <span class='ocrx_word' id='word_1_629' title='bbox 3285 3791 3333 3844; x_wconf 88' lang='lat' dir='ltr'><strong>si</strong></span> 
     </span>
    </p>
   </div>
   <div class='ocr_carea' id='block_1_85' title="bbox 1781 3877 3330 3943">
    <p class='ocr_par' dir='ltr' id='par_1_85' title="bbox 1781 3877 3330 3943">
     <span class='ocr_line' id='line_1_85' title="bbox 1781 3877 3330 3943; baseline -0.002 -8"><span class='ocrx_word' id='word_1_630' title='bbox 1781 3882 2065 3936; x_wconf 82' lang='lat' dir='ltr'><strong>dillicultas</strong></span> <span class='ocrx_word' id='word_1_631' title='bbox 2101 3877 2393 3943; x_wconf 83' lang='lat' dir='ltr'><strong>obstiterit,</strong></span> <span class='ocrx_word' id='word_1_632' title='bbox 2433 3879 2537 3933; x_wconf 88' lang='lat' dir='ltr'><strong>hoc</strong></span> <span class='ocrx_word' id='word_1_633' title='bbox 2578 3879 2768 3933; x_wconf 86' lang='lat' dir='ltr'><strong>saltem</strong></span> <span class='ocrx_word' id='word_1_634' title='bbox 2800 3879 3000 3934; x_wconf 78' lang='lat' dir='ltr'><strong>eliicias</strong></span> <span class='ocrx_word' id='word_1_635' title='bbox 3033 3893 3101 3933; x_wconf 90' lang='lat' dir='ltr'><strong>ne</strong></span> <span class='ocrx_word' id='word_1_636' title='bbox 3129 3881 3330 3932; x_wconf 84' lang='lat' dir='ltr'><strong>malum</strong></span> 
     </span>
    </p>
   </div>
   <div class='ocr_carea' id='block_1_86' title="bbox 1779 3970 3330 4039">
    <p class='ocr_par' dir='ltr' id='par_1_86' title="bbox 1779 3970 3330 4039">
     <span class='ocr_line' id='line_1_86' title="bbox 1779 3970 3330 4039; baseline 0.001 -17"><span class='ocrx_word' id='word_1_637' title='bbox 1779 3973 2157 4038; x_wconf 74' lang='lat' dir='ltr'><strong>progrediatur</strong></span> <span class='ocrx_word' id='word_1_638' title='bbox 2203 3979 2257 4022; x_wconf 89' lang='lat' dir='ltr'><strong>et</strong></span> <span class='ocrx_word' id='word_1_639' title='bbox 2301 3971 2354 4023; x_wconf 90' lang='lat' dir='ltr'><strong>in</strong></span> <span class='ocrx_word' id='word_1_640' title='bbox 2408 3980 2686 4038; x_wconf 90' lang='lat' dir='ltr'><strong>posterum</strong></span> <span class='ocrx_word' id='word_1_641' title='bbox 2745 3970 3012 4039; x_wconf 85' lang='lat' dir='ltr'><strong>ejusmodi</strong></span> <span class='ocrx_word' id='word_1_642' title='bbox 3063 3972 3330 4038; x_wconf 78' lang='lat' dir='ltr'><strong>comugiis</strong></span> 
     </span>
    </p>
   </div>
   <div class='ocr_carea' id='block_1_87' title="bbox 1782 4058 3332 4128">
    <p class='ocr_par' dir='ltr' id='par_1_87' title="bbox 1782 4058 3332 4128">
     <span class='ocr_line' id='line_1_87' title="bbox 1782 4058 3332 4128; baseline 0.001 -15"><span class='ocrx_word' id='word_1_643' title='bbox 1782 4060 2033 4114; x_wconf 88' lang='lat' dir='ltr'><strong>homines</strong></span> <span class='ocrx_word' id='word_1_644' title='bbox 2080 4058 2371 4128; x_wconf 84' lang='lat' dir='ltr'><strong>procedere</strong></span> <span class='ocrx_word' id='word_1_645' title='bbox 2432 4075 2497 4112; x_wconf 90' lang='lat' dir='ltr'><strong>ne</strong></span> <span class='ocrx_word' id='word_1_646' title='bbox 2548 4058 2837 4114; x_wconf 87' lang='lat' dir='ltr'><strong>concedas.</strong></span> <span class='ocrx_word' id='word_1_647' title='bbox 2885 4058 2959 4112; x_wconf 88' lang='lat' dir='ltr'><strong>Ita</strong></span> <span class='ocrx_word' id='word_1_648' title='bbox 3011 4062 3332 4114; x_wconf 83' lang='lat' dir='ltr'><strong>assentieris</strong></span> 
     </span>
    </p>
   </div>
   <div class='ocr_carea' id='block_1_88' title="bbox 1781 4151 3332 4220">
    <p class='ocr_par' dir='ltr' id='par_1_88' title="bbox 1781 4151 3332 4220">
     <span class='ocr_line' id='line_1_88' title="bbox 1781 4151 3332 4220; baseline -0.003 -15"><span class='ocrx_word' id='word_1_649' title='bbox 1781 4153 1904 4207; x_wconf 91' lang='lat' dir='ltr'><strong>duci</strong></span> <span class='ocrx_word' id='word_1_650' title='bbox 1959 4152 2132 4220; x_wconf 80' lang='lat' dir='ltr'><strong>gentis</strong></span> <span class='ocrx_word' id='word_1_651' title='bbox 2183 4162 2237 4205; x_wconf 90' lang='lat' dir='ltr'><strong>et</strong></span> <span class='ocrx_word' id='word_1_652' title='bbox 2285 4153 2402 4203; x_wconf 80' lang='lat' dir='ltr'><strong>viro</strong></span> <span class='ocrx_word' id='word_1_653' title='bbox 2453 4151 2540 4204; x_wconf 93' lang='lat' dir='ltr'><strong>cui</strong></span> <span class='ocrx_word' id='word_1_654' title='bbox 2591 4152 2716 4206; x_wconf 92' lang='lat' dir='ltr'><strong>licet</strong></span> <span class='ocrx_word' id='word_1_655' title='bbox 2774 4152 2964 4204; x_wconf 87' lang='lat' dir='ltr'><strong>initum</strong></span> <span class='ocrx_word' id='word_1_656' title='bbox 3013 4152 3332 4206; x_wconf 61' lang='lat' dir='ltr'><strong>continuare</strong></span> 
     </span>
    </p>
   </div>
   <div class='ocr_carea' id='block_1_89' title="bbox 1779 4243 3335 4310">
    <p class='ocr_par' dir='ltr' id='par_1_89' title="bbox 1779 4243 3335 4310">
     <span class='ocr_line' id='line_1_89' title="bbox 1779 4243 3335 4310; baseline -0.001 -12"><span class='ocrx_word' id='word_1_657' title='bbox 1779 4246 2164 4298; x_wconf 84' lang='lat' dir='ltr'><strong>commercium</strong></span> <span class='ocrx_word' id='word_1_658' title='bbox 2212 4257 2318 4296; x_wconf 90' lang='lat' dir='ltr'><strong>non</strong></span> <span class='ocrx_word' id='word_1_659' title='bbox 2372 4244 2689 4298; x_wconf 89' lang='lat' dir='ltr'><strong>contraibis.</strong></span> <span class='ocrx_word' id='word_1_660' title='bbox 2740 4243 2864 4296; x_wconf 77' lang='lat' dir='ltr'><strong>Vale</strong></span> <span class='ocrx_word' id='word_1_661' title='bbox 2901 4244 2954 4296; x_wconf 91' lang='lat' dir='ltr'><strong>iu</strong></span> <span class='ocrx_word' id='word_1_662' title='bbox 2981 4243 3227 4310; x_wconf 88' lang='lat' dir='ltr'><strong>Domino,</strong></span> <span class='ocrx_word' id='word_1_663' title='bbox 3280 4251 3335 4297; x_wconf 84' lang='lat' dir='ltr'><strong>et</strong></span> 
     </span>
    </p>
   </div>
   <div class='ocr_carea' id='block_1_90' title="bbox 1781 4333 2651 4388">
    <p class='ocr_par' dir='ltr' id='par_1_90' title="bbox 1781 4333 2651 4388">
     <span class='ocr_line' id='line_1_90' title="bbox 1781 4333 2651 4388; baseline -0.003 0"><span class='ocrx_word' id='word_1_664' title='bbox 1781 4345 1978 4388; x_wconf 61' lang='lat' dir='ltr'><strong>nostra:</strong></span> <span class='ocrx_word' id='word_1_665' title='bbox 2005 4333 2326 4386; x_wconf 86' lang='lat' dir='ltr'><strong>humilitatis</strong></span> <span class='ocrx_word' id='word_1_666' title='bbox 2359 4343 2651 4385; x_wconf 73' lang='lat' dir='ltr'><strong>memento.</strong></span> 
     </span>
    </p>
   </div>
   <div class='ocr_carea' id='block_1_91' title="bbox 111 4427 2837 4511">
    <p class='ocr_par' dir='ltr' id='par_1_91' title="bbox 111 4427 2837 4511">
     <span class='ocr_line' id='line_1_91' title="bbox 111 4427 2837 4511; baseline -0.003 -20"><span class='ocrx_word' id='word_1_667' title='bbox 111 4441 190 4494; x_wconf 68' lang='grc' dir='ltr'><strong>διὰ</strong></span> <span class='ocrx_word' id='word_1_668' title='bbox 223 4442 327 4511; x_wconf 80' lang='grc' dir='ltr'><strong>τὴν</strong></span> <span class='ocrx_word' id='word_1_669' title='bbox 357 4438 465 4506; x_wconf 73' lang='grc' dir='ltr'><strong>ήδη</strong></span> <span class='ocrx_word' id='word_1_670' title='bbox 541 4434 820 4502; x_wconf 48' lang='grc' dir='ltr'><strong>φθάσασαι)</strong></span> <span class='ocrx_word' id='word_1_671' title='bbox 891 4431 1130 4500; x_wconf 63' lang='grc' dir='ltr'><strong>σύναψιν.</strong></span> <span class='ocrx_word' id='word_1_672' title='bbox 1165 4431 1411 4502; x_wconf 73' lang='grc' dir='ltr'><strong>Ἕῤῥωσο</strong></span> <span class='ocrx_word' id='word_1_673' title='bbox 1436 4435 1490 4484; x_wconf 79' lang='grc' dir='ltr'><strong>ἐν</strong></span> <span class='ocrx_word' id='word_1_674' title='bbox 1513 4433 1720 4503; x_wconf 75' lang='grc' dir='ltr'><strong>Κυρίῳ,</strong></span> <span class='ocrx_word' id='word_1_675' title='bbox 1758 4430 1857 4500; x_wconf 76' lang='grc' dir='ltr'><strong>τῆς</strong></span> <span class='ocrx_word' id='word_1_676' title='bbox 1883 4431 2038 4500; x_wconf 80' lang='grc' dir='ltr'><strong>ἡμῶν</strong></span> <span class='ocrx_word' id='word_1_677' title='bbox 2072 4428 2416 4499; x_wconf 79' lang='grc' dir='ltr'><strong>μεμνημένος</strong></span> <span class='ocrx_word' id='word_1_678' title='bbox 2457 4427 2837 4498; x_wconf 82' lang='grc' dir='ltr'><strong>μετριότητος.</strong></span> 
     </span>
    </p>
   </div>
   <div class='ocr_carea' id='block_1_92' title="bbox 668 4633 1164 4699">
    <p class='ocr_par' dir='ltr' id='par_1_92' title="bbox 668 4633 1164 4699">
     <span class='ocr_line' id='line_1_92' title="bbox 668 4633 1164 4699; baseline 0 -11"><span class='ocrx_word' id='word_1_679' title='bbox 668 4634 828 4690; x_wconf 78' lang='lat' dir='ltr'><strong>PAA&#39;.</strong></span> <span class='ocrx_word' id='word_1_680' title='bbox 870 4633 951 4698; x_wconf 85' lang='grc' dir='ltr'><em>Τῷ</em></span> <span class='ocrx_word' id='word_1_681' title='bbox 988 4633 1164 4699; x_wconf 81' lang='grc' dir='ltr'><strong>αὐτῷ.</strong></span> 
     </span>
    </p>
   </div>
   <div class='ocr_carea' id='block_1_93' title="bbox 184 4792 1680 4866">
    <p class='ocr_par' dir='ltr' id='par_1_93' title="bbox 184 4792 1680 4866">
     <span class='ocr_line' id='line_1_93' title="bbox 184 4792 1680 4866; baseline -0.004 -17"><span class='ocrx_word' id='word_1_682' title='bbox 184 4793 248 4849; x_wconf 81' lang='grc' dir='ltr'><strong>Ἱι</strong></span> <span class='ocrx_word' id='word_1_683' title='bbox 286 4793 596 4866; x_wconf 76' lang='grc' dir='ltr'><strong>σωματικὴ</strong></span> <span class='ocrx_word' id='word_1_684' title='bbox 618 4792 894 4859; x_wconf 73' lang='grc' dir='ltr'><strong>διάστασις</strong></span> <span class='ocrx_word' id='word_1_685' title='bbox 939 4793 1047 4845; x_wconf 83' lang='grc' dir='ltr'><strong>τῶν</strong></span> <span class='ocrx_word' id='word_1_686' title='bbox 1102 4792 1392 4862; x_wconf 83' lang='grc' dir='ltr'><strong>ἡνωμένων</strong></span> <span class='ocrx_word' id='word_1_687' title='bbox 1442 4792 1580 4844; x_wconf 76' lang='grc' dir='ltr'><strong>κατὰ</strong></span> <span class='ocrx_word' id='word_1_688' title='bbox 1621 4792 1680 4844; x_wconf 81' lang='grc' dir='ltr'><strong>τὸ</strong></span> 
     </span>
    </p>
   </div>
   <div class='ocr_carea' id='block_1_94' title="bbox 110 4882 1679 4958">
    <p class='ocr_par' dir='ltr' id='par_1_94' title="bbox 110 4882 1679 4958">
     <span class='ocr_line' id='line_1_94' title="bbox 110 4882 1679 4958; baseline -0.002 -21"><span class='ocrx_word' id='word_1_689' title='bbox 110 4887 328 4958; x_wconf 81' lang='grc' dir='ltr'><strong>πνεῦμα</strong></span> <span class='ocrx_word' id='word_1_690' title='bbox 363 4886 531 4939; x_wconf 83' lang='grc' dir='ltr'><strong>οὐδὲν</strong></span> <span class='ocrx_word' id='word_1_691' title='bbox 570 4886 1042 4953; x_wconf 77' lang='grc' dir='ltr'><strong>ὐποτέμνεταιτήν</strong></span> <span class='ocrx_word' id='word_1_692' title='bbox 1078 4883 1367 4950; x_wconf 82' lang='grc' dir='ltr'><strong>ἐγγύτητα.</strong></span> <span class='ocrx_word' id='word_1_693' title='bbox 1416 4884 1565 4934; x_wconf 81' lang='grc' dir='ltr'><strong>Ἐπεὶ</strong></span> <span class='ocrx_word' id='word_1_694' title='bbox 1589 4882 1679 4934; x_wconf 75' lang='grc' dir='ltr'><strong>οὖν</strong></span> 
     </span>
    </p>
   </div>
   <div class='ocr_carea' id='block_1_95' title="bbox 103 4975 1680 5051">
    <p class='ocr_par' dir='ltr' id='par_1_95' title="bbox 103 4975 1680 5051">
     <span class='ocr_line' id='line_1_95' title="bbox 103 4975 1680 5051; baseline -0.004 -19"><span class='ocrx_word' id='word_1_695' title='bbox 103 4981 275 5044; x_wconf 80' lang='grc' dir='ltr'><strong>οὕτως</strong></span> <span class='ocrx_word' id='word_1_696' title='bbox 300 4982 453 5051; x_wconf 73' lang='grc' dir='ltr'><strong>ἔχει,</strong></span> <span class='ocrx_word' id='word_1_697' title='bbox 491 4978 684 5030; x_wconf 85' lang='grc' dir='ltr'><strong>τέκνον</strong></span> <span class='ocrx_word' id='word_1_698' title='bbox 714 4978 887 5046; x_wconf 72' lang='grc' dir='ltr'><strong>ἡμῶν,</strong></span> <span class='ocrx_word' id='word_1_699' title='bbox 923 4979 1084 5045; x_wconf 75' lang='grc' dir='ltr'><strong>μηδὲν</strong></span> <span class='ocrx_word' id='word_1_700' title='bbox 1109 4976 1265 5040; x_wconf 78' lang='grc' dir='ltr'><strong>άνιώ,</strong></span> <span class='ocrx_word' id='word_1_701' title='bbox 1289 4975 1421 5027; x_wconf 78' lang='grc' dir='ltr'><strong>διότι</strong></span> <span class='ocrx_word' id='word_1_702' title='bbox 1460 4977 1531 5044; x_wconf 80' lang='grc' dir='ltr'><strong>μὴ</strong></span> <span class='ocrx_word' id='word_1_703' title='bbox 1570 4979 1680 5037; x_wconf 82' lang='grc' dir='ltr'><strong>τοῖς</strong></span> 
     </span>
    </p>
   </div>
   <div class='ocr_carea' id='block_1_96' title="bbox 108 5065 1679 5142">
    <p class='ocr_par' dir='ltr' id='par_1_96' title="bbox 108 5065 1679 5142">
     <span class='ocr_line' id='line_1_96' title="bbox 108 5065 1679 5142; baseline -0.004 -19"><span class='ocrx_word' id='word_1_704' title='bbox 108 5075 457 5142; x_wconf 85' lang='grc' dir='ltr'><strong>σωματικοῖς</strong></span> <span class='ocrx_word' id='word_1_705' title='bbox 489 5069 788 5136; x_wconf 80' lang='grc' dir='ltr'><strong>ὀφθαλμοῖς</strong></span> <span class='ocrx_word' id='word_1_706' title='bbox 821 5069 907 5118; x_wconf 67' lang='grc' dir='ltr'><strong>τὸν</strong></span> <span class='ocrx_word' id='word_1_707' title='bbox 942 5069 1154 5136; x_wconf 77' lang='grc' dir='ltr'><strong>Πατέρα</strong></span> <span class='ocrx_word' id='word_1_708' title='bbox 1182 5070 1332 5136; x_wconf 57' lang='lat' dir='ltr'><strong>ops];</strong></span> <span class='ocrx_word' id='word_1_709' title='bbox 1363 5068 1489 5118; x_wconf 82' lang='grc' dir='ltr'><strong>ἀλλ’</strong></span> <span class='ocrx_word' id='word_1_710' title='bbox 1523 5065 1679 5125; x_wconf 76' lang='grc' dir='ltr'><strong>εἰδὼς</strong></span> 
     </span>
    </p>
   </div>
   <div class='ocr_carea' id='block_1_97' title="bbox 107 5157 1675 5235">
    <p class='ocr_par' dir='ltr' id='par_1_97' title="bbox 107 5157 1675 5235">
     <span class='ocr_line' id='line_1_97' title="bbox 107 5157 1675 5235; baseline -0.008 -16"><span class='ocrx_word' id='word_1_711' title='bbox 107 5168 306 5235; x_wconf 57' lang='grc' dir='ltr'><strong>μηδενὶ,</strong></span> <span class='ocrx_word' id='word_1_712' title='bbox 338 5167 508 5234; x_wconf 85' lang='grc' dir='ltr'><strong>μέσῳ</strong></span> <span class='ocrx_word' id='word_1_713' title='bbox 537 5159 996 5229; x_wconf 76' lang='grc' dir='ltr'><strong>διατειχιζομένην</strong></span> <span class='ocrx_word' id='word_1_714' title='bbox 1024 5161 1120 5225; x_wconf 80' lang='grc' dir='ltr'><strong>τὴν</strong></span> <span class='ocrx_word' id='word_1_715' title='bbox 1163 5159 1352 5209; x_wconf 75' lang='grc' dir='ltr'><strong>ἕνωσιν</strong></span> <span class='ocrx_word' id='word_1_716' title='bbox 1401 5157 1510 5208; x_wconf 83' lang='grc' dir='ltr'><strong>τῶν</strong></span> <span class='ocrx_word' id='word_1_717' title='bbox 1539 5159 1675 5226; x_wconf 74' lang='grc' dir='ltr'><strong>ἡνω-</strong></span> 
     </span>
    </p>
   </div>
   <div class='ocr_carea' id='block_1_98' title="bbox 108 5250 1678 5327">
    <p class='ocr_par' dir='ltr' id='par_1_98' title="bbox 108 5250 1678 5327">
     <span class='ocr_line' id='line_1_98' title="bbox 108 5250 1678 5327; baseline -0.006 -18"><span class='ocrx_word' id='word_1_718' title='bbox 108 5262 288 5327; x_wconf 80' lang='grc' dir='ltr'><strong>μένων</strong></span> <span class='ocrx_word' id='word_1_719' title='bbox 312 5257 398 5325; x_wconf 82' lang='grc' dir='ltr'><strong>τῷ</strong></span> <span class='ocrx_word' id='word_1_720' title='bbox 429 5254 579 5307; x_wconf 81' lang='grc' dir='ltr'><strong>κατά</strong></span> <span class='ocrx_word' id='word_1_721' title='bbox 605 5253 839 5320; x_wconf 84' lang='grc' dir='ltr'><strong>Χριστὸν</strong></span> <span class='ocrx_word' id='word_1_722' title='bbox 869 5252 1190 5319; x_wconf 83' lang='grc' dir='ltr'><strong>φρονήματι,</strong></span> <span class='ocrx_word' id='word_1_723' title='bbox 1215 5250 1273 5300; x_wconf 80' lang='grc' dir='ltr'><strong>τὺ</strong></span> <span class='ocrx_word' id='word_1_724' title='bbox 1311 5254 1406 5317; x_wconf 78' lang='grc' dir='ltr'><strong>μὲν</strong></span> <span class='ocrx_word' id='word_1_725' title='bbox 1429 5251 1678 5316; x_wconf 80' lang='grc' dir='ltr'><strong>ἀθυμεῖν,</strong></span> 
     </span>
    </p>
   </div>
   <div class='ocr_carea' id='block_1_99' title="bbox 104 5341 1679 5422">
    <p class='ocr_par' dir='ltr' id='par_1_99' title="bbox 104 5341 1679 5422">
     <span class='ocr_line' id='line_1_99' title="bbox 104 5341 1679 5422; baseline -0.015 -16"><span class='ocrx_word' id='word_1_726' title='bbox 104 5355 202 5422; x_wconf 77' lang='grc' dir='ltr'><strong>τῆς</strong></span> <span class='ocrx_word' id='word_1_727' title='bbox 242 5352 304 5406; x_wconf 83' lang='grc' dir='ltr'><strong>δὲ</strong></span> <span class='ocrx_word' id='word_1_728' title='bbox 342 5352 448 5422; x_wconf 82' lang='grc' dir='ltr'><strong>σῆς</strong></span> <span class='ocrx_word' id='word_1_729' title='bbox 493 5349 853 5416; x_wconf 68' lang='grc' dir='ltr'><strong>εὐθυμὸτερον</strong></span> <span class='ocrx_word' id='word_1_730' title='bbox 906 5345 1039 5414; x_wconf 80' lang='grc' dir='ltr'><strong>μετὰ</strong></span> <span class='ocrx_word' id='word_1_731' title='bbox 1071 5344 1166 5410; x_wconf 72' lang='grc' dir='ltr'><strong>τῆς</strong></span> <span class='ocrx_word' id='word_1_732' title='bbox 1215 5344 1478 5408; x_wconf 73' lang='grc' dir='ltr'><strong>παναγίου</strong></span> <span class='ocrx_word' id='word_1_733' title='bbox 1513 5341 1679 5393; x_wconf 58' lang='grc' dir='ltr'><strong>Πνειῤ..</strong></span> 
     </span>
    </p>
   </div>
   <div class='ocr_carea' id='block_1_100' title="bbox 111 5429 1682 5512">
    <p class='ocr_par' dir='ltr' id='par_1_100' title="bbox 111 5429 1682 5512">
     <span class='ocr_line' id='line_1_100' title="bbox 111 5429 1682 5512; baseline -0.008 -18"><span class='ocrx_word' id='word_1_734' title='bbox 111 5463 278 5512; x_wconf 83' lang='grc' dir='ltr'><strong>ματος</strong></span> <span class='ocrx_word' id='word_1_735' title='bbox 332 5440 639 5509; x_wconf 79' lang='grc' dir='ltr'><strong>συνεργίας</strong></span> <span class='ocrx_word' id='word_1_736' title='bbox 709 5438 928 5504; x_wconf 75' lang='grc' dir='ltr'><strong>ἀντέχου</strong></span> <span class='ocrx_word' id='word_1_737' title='bbox 984 5435 1272 5497; x_wconf 71' lang='grc' dir='ltr'><strong>διακονίας,</strong></span> <span class='ocrx_word' id='word_1_738' title='bbox 1336 5435 1400 5484; x_wconf 80' lang='grc' dir='ltr'><strong>δι’</strong></span> <span class='ocrx_word' id='word_1_739' title='bbox 1468 5429 1534 5502; x_wconf 78' lang='grc' dir='ltr'><strong>ἧς</strong></span> <span class='ocrx_word' id='word_1_740' title='bbox 1592 5434 1682 5483; x_wconf 73' lang='grc' dir='ltr'><strong>καὶ</strong></span> 
     </span>
    </p>
   </div>
   <div class='ocr_carea' id='block_1_101' title="bbox 107 5525 1683 5605">
    <p class='ocr_par' dir='ltr' id='par_1_101' title="bbox 107 5525 1683 5605">
     <span class='ocr_line' id='line_1_101' title="bbox 107 5525 1683 5605; baseline -0.01 -18"><span class='ocrx_word' id='word_1_741' title='bbox 107 5535 324 5605; x_wconf 76' lang='grc' dir='ltr'><strong>σεαυτῷ</strong></span> <span class='ocrx_word' id='word_1_742' title='bbox 368 5535 475 5585; x_wconf 76' lang='grc' dir='ltr'><strong>καὶ</strong></span> <span class='ocrx_word' id='word_1_743' title='bbox 515 5533 644 5596; x_wconf 71' lang='grc' dir='ltr'><strong>ἡμῖν</strong></span> <span class='ocrx_word' id='word_1_744' title='bbox 668 5533 776 5589; x_wconf 78' lang='grc' dir='ltr'><strong>τοῖς</strong></span> <span class='ocrx_word' id='word_1_745' title='bbox 811 5529 1076 5586; x_wconf 74' lang='grc' dir='ltr'><strong>ταπεινοῖς</strong></span> <span class='ocrx_word' id='word_1_746' title='bbox 1107 5525 1345 5592; x_wconf 76' lang='grc' dir='ltr'><strong>μεγάλην</strong></span> <span class='ocrx_word' id='word_1_747' title='bbox 1367 5525 1683 5592; x_wconf 72' lang='grc' dir='ltr'><strong>ἐμποιήσεις</strong></span> 
     </span>
    </p>
   </div>
   <div class='ocr_carea' id='block_1_102' title="bbox 105 5616 1681 5698">
    <p class='ocr_par' dir='ltr' id='par_1_102' title="bbox 105 5616 1681 5698">
     <span class='ocr_line' id='line_1_102' title="bbox 105 5616 1681 5698; baseline -0.01 -18"><span class='ocrx_word' id='word_1_748' title='bbox 105 5632 202 5698; x_wconf 74' lang='grc' dir='ltr'><strong>τὴν</strong></span> <span class='ocrx_word' id='word_1_749' title='bbox 229 5626 466 5696; x_wconf 74' lang='grc' dir='ltr'><strong>ἡδονὴν,</strong></span> <span class='ocrx_word' id='word_1_750' title='bbox 504 5625 595 5672; x_wconf 73' lang='grc' dir='ltr'><strong>καὶ</strong></span> <span class='ocrx_word' id='word_1_751' title='bbox 622 5624 677 5672; x_wconf 59' lang='grc' dir='ltr'><strong>οι</strong></span> <span class='ocrx_word' id='word_1_752' title='bbox 716 5622 868 5686; x_wconf 63' lang='grc' dir='ltr'><strong>μόνον</strong></span> <span class='ocrx_word' id='word_1_753' title='bbox 905 5619 1004 5667; x_wconf 76' lang='grc' dir='ltr'><strong>τῶν</strong></span> <span class='ocrx_word' id='word_1_754' title='bbox 1053 5616 1681 5683; x_wconf 64' lang='grc' dir='ltr'><strong>συμπαρόντωνἔλαττον</strong></span> 
     </span>
    </p>
   </div>
   <div class='ocr_carea' id='block_1_103' title="bbox 108 5705 1683 5793">
    <p class='ocr_par' dir='ltr' id='par_1_103' title="bbox 108 5705 1683 5793">
     <span class='ocr_line' id='line_1_103' title="bbox 108 5705 1683 5793; baseline -0.011 -18"><span class='ocrx_word' id='word_1_755' title='bbox 108 5724 245 5793; x_wconf 60' lang='grc' dir='ltr'><strong>ἔχων</strong></span> <span class='ocrx_word' id='word_1_756' title='bbox 278 5718 640 5787; x_wconf 62' lang='grc' dir='ltr'><strong>ἀναφανήσῃ,</strong></span> <span class='ocrx_word' id='word_1_757' title='bbox 677 5716 808 5768; x_wconf 59' lang='grc' dir='ltr'><strong>ἀλλὰ</strong></span> <span class='ocrx_word' id='word_1_758' title='bbox 845 5713 934 5765; x_wconf 68' lang='grc' dir='ltr'><strong>καὶ</strong></span> <span class='ocrx_word' id='word_1_759' title='bbox 963 5710 1135 5777; x_wconf 63' lang='grc' dir='ltr'><strong>πολλῷ</strong></span> <span class='ocrx_word' id='word_1_760' title='bbox 1168 5709 1322 5759; x_wconf 68' lang='grc' dir='ltr'><strong>πλέον</strong></span> <span class='ocrx_word' id='word_1_761' title='bbox 1345 5705 1683 5775; x_wconf 55' lang='grc' dir='ltr'><strong>ψυχαγωγῶν</strong></span> 
     </span>
    </p>
   </div>
   <div class='ocr_carea' id='block_1_104' title="bbox 1710 4553 1755 4607">
    <p class='ocr_par' dir='ltr' id='par_1_104' title="bbox 1710 4553 1755 4607">
     <span class='ocr_line' id='line_1_104' title="bbox 1710 4553 1755 4607; baseline 0 0"><span class='ocrx_word' id='word_1_762' title='bbox 1710 4553 1755 4607; x_wconf 86' lang='lat' dir='ltr'><strong>D</strong></span> 
     </span>
    </p>
   </div>
   <div class='ocr_carea' id='block_1_105' title="bbox 2292 4627 2810 4684">
    <p class='ocr_par' dir='ltr' id='par_1_105' title="bbox 2292 4627 2810 4684">
     <span class='ocr_line' id='line_1_105' title="bbox 2292 4627 2810 4684; baseline -0.004 0"><span class='ocrx_word' id='word_1_763' title='bbox 2292 4627 2572 4684; x_wconf 73' lang='lat' dir='ltr'><strong>CXXXIV.</strong></span> <span class='ocrx_word' id='word_1_764' title='bbox 2605 4627 2810 4682; x_wconf 79' lang='lat' dir='ltr'><strong>Eidem.</strong></span> 
     </span>
    </p>
   </div>
   <div class='ocr_carea' id='block_1_106' title="bbox 1849 4789 3327 4858">
    <p class='ocr_par' dir='ltr' id='par_1_106' title="bbox 1849 4789 3327 4858">
     <span class='ocr_line' id='line_1_106' title="bbox 1849 4789 3327 4858; baseline -0.005 -14"><span class='ocrx_word' id='word_1_765' title='bbox 1849 4792 1994 4856; x_wconf 90' lang='lat' dir='ltr'><strong>Quos</strong></span> <span class='ocrx_word' id='word_1_766' title='bbox 2033 4789 2312 4858; x_wconf 77' lang='lat' dir='ltr'><strong>conjungit</strong></span> <span class='ocrx_word' id='word_1_767' title='bbox 2343 4789 2586 4857; x_wconf 80' lang='lat' dir='ltr'><strong>spiritus,</strong></span> <span class='ocrx_word' id='word_1_768' title='bbox 2639 4802 2742 4838; x_wconf 88' lang='lat' dir='ltr'><strong>non</strong></span> <span class='ocrx_word' id='word_1_769' title='bbox 2797 4793 3008 4852; x_wconf 77' lang='lat' dir='ltr'><strong>separat</strong></span> <span class='ocrx_word' id='word_1_770' title='bbox 3047 4800 3327 4853; x_wconf 78' lang='lat' dir='ltr'><strong>corporum</strong></span> 
     </span>
    </p>
   </div>
   <div class='ocr_carea' id='block_1_107' title="bbox 1779 4877 3324 4944">
    <p class='ocr_par' dir='ltr' id='par_1_107' title="bbox 1779 4877 3324 4944">
     <span class='ocr_line' id='line_1_107' title="bbox 1779 4877 3324 4944; baseline -0.005 -7"><span class='ocrx_word' id='word_1_771' title='bbox 1779 4882 2050 4937; x_wconf 78' lang='lat' dir='ltr'><strong>distantia.</strong></span> <span class='ocrx_word' id='word_1_772' title='bbox 2093 4880 2216 4934; x_wconf 64' lang='grc' dir='ltr'><strong>ιιξεο</strong></span> <span class='ocrx_word' id='word_1_773' title='bbox 2256 4896 2379 4932; x_wconf 84' lang='lat' dir='ltr'><strong>cum</strong></span> <span class='ocrx_word' id='word_1_774' title='bbox 2432 4881 2502 4931; x_wconf 90' lang='lat' dir='ltr'><strong>ita</strong></span> <span class='ocrx_word' id='word_1_775' title='bbox 2553 4878 2682 4942; x_wconf 89' lang='lat' dir='ltr'><strong>sint,</strong></span> <span class='ocrx_word' id='word_1_776' title='bbox 2729 4891 2794 4930; x_wconf 88' lang='lat' dir='ltr'><strong>ne</strong></span> <span class='ocrx_word' id='word_1_777' title='bbox 2846 4892 2982 4944; x_wconf 80' lang='lat' dir='ltr'><strong>aegre</strong></span> <span class='ocrx_word' id='word_1_778' title='bbox 3033 4877 3195 4937; x_wconf 71' lang='lat' dir='ltr'><strong>ferus,</strong></span> <span class='ocrx_word' id='word_1_779' title='bbox 3251 4878 3324 4929; x_wconf 81' lang='lat' dir='ltr'><strong>iiIi</strong></span> 
     </span>
    </p>
   </div>
   <div class='ocr_carea' id='block_1_108' title="bbox 1778 4965 3328 5042">
    <p class='ocr_par' dir='ltr' id='par_1_108' title="bbox 1778 4965 3328 5042">
     <span class='ocr_line' id='line_1_108' title="bbox 1778 4965 3328 5042; baseline -0.006 -14"><span class='ocrx_word' id='word_1_780' title='bbox 1778 4976 1873 5037; x_wconf 88' lang='lat' dir='ltr'><strong>mi,</strong></span> <span class='ocrx_word' id='word_1_781' title='bbox 1927 4974 2070 5042; x_wconf 89' lang='lat' dir='ltr'><strong>quod</strong></span> <span class='ocrx_word' id='word_1_782' title='bbox 2121 4972 2498 5040; x_wconf 87' lang='lat' dir='ltr'><strong>corporalibus</strong></span> <span class='ocrx_word' id='word_1_783' title='bbox 2532 4971 2704 5023; x_wconf 90' lang='lat' dir='ltr'><strong>oculis</strong></span> <span class='ocrx_word' id='word_1_784' title='bbox 2736 4985 2840 5022; x_wconf 87' lang='lat' dir='ltr'><strong>non</strong></span> <span class='ocrx_word' id='word_1_785' title='bbox 2874 4969 3054 5020; x_wconf 73' lang='lat' dir='ltr'><strong>videas</strong></span> <span class='ocrx_word' id='word_1_786' title='bbox 3087 4965 3328 5026; x_wconf 76' lang='lat' dir='ltr'><strong>Patrem;</strong></span> 
     </span>
    </p>
   </div>
   <div class='ocr_carea' id='block_1_109' title="bbox 1779 5058 3323 5118">
    <p class='ocr_par' dir='ltr' id='par_1_109' title="bbox 1779 5058 3323 5118">
     <span class='ocr_line' id='line_1_109' title="bbox 1779 5058 3323 5118; baseline -0.007 0"><span class='ocrx_word' id='word_1_787' title='bbox 1779 5065 1869 5118; x_wconf 86' lang='lat' dir='ltr'><strong>sed</strong></span> <span class='ocrx_word' id='word_1_788' title='bbox 1903 5064 2040 5118; x_wconf 80' lang='lat' dir='ltr'><strong>scito</strong></span> <span class='ocrx_word' id='word_1_789' title='bbox 2075 5063 2238 5117; x_wconf 88' lang='lat' dir='ltr'><strong>nullis</strong></span> <span class='ocrx_word' id='word_1_790' title='bbox 2271 5061 2609 5115; x_wconf 85' lang='lat' dir='ltr'><strong>intermediis</strong></span> <span class='ocrx_word' id='word_1_791' title='bbox 2656 5058 2924 5112; x_wconf 73' lang='lat' dir='ltr'><strong>montibus</strong></span> <span class='ocrx_word' id='word_1_792' title='bbox 2969 5058 3227 5110; x_wconf 84' lang='lat' dir='ltr'><strong>unitatem</strong></span> <span class='ocrx_word' id='word_1_793' title='bbox 3267 5059 3323 5107; x_wconf 56' lang='lat' dir='ltr'><strong>il.</strong></span> 
     </span>
    </p>
   </div>
   <div class='ocr_carea' id='block_1_110' title="bbox 1782 5147 3326 5221">
    <p class='ocr_par' dir='ltr' id='par_1_110' title="bbox 1782 5147 3326 5221">
     <span class='ocr_line' id='line_1_110' title="bbox 1782 5147 3326 5221; baseline -0.008 -12"><span class='ocrx_word' id='word_1_794' title='bbox 1782 5158 1956 5209; x_wconf 87' lang='lat' dir='ltr'><strong>lorum</strong></span> <span class='ocrx_word' id='word_1_795' title='bbox 2007 5154 2337 5221; x_wconf 84' lang='lat' dir='ltr'><strong>disjnnctum</strong></span> <span class='ocrx_word' id='word_1_796' title='bbox 2399 5152 2461 5203; x_wconf 86' lang='lat' dir='ltr'><strong>iri</strong></span> <span class='ocrx_word' id='word_1_797' title='bbox 2513 5164 2649 5217; x_wconf 89' lang='lat' dir='ltr'><strong>quos</strong></span> <span class='ocrx_word' id='word_1_798' title='bbox 2699 5147 2996 5201; x_wconf 87' lang='lat' dir='ltr'><strong>secundum</strong></span> <span class='ocrx_word' id='word_1_799' title='bbox 3054 5147 3326 5198; x_wconf 76' lang='lat' dir='ltr'><strong>Christum</strong></span> 
     </span>
    </p>
   </div>
   <div class='ocr_carea' id='block_1_111' title="bbox 1786 5239 3330 5307">
    <p class='ocr_par' dir='ltr' id='par_1_111' title="bbox 1786 5239 3330 5307">
     <span class='ocr_line' id='line_1_111' title="bbox 1786 5239 3330 5307; baseline -0.008 -6"><span class='ocrx_word' id='word_1_800' title='bbox 1786 5248 1994 5301; x_wconf 74' lang='lat' dir='ltr'><strong>ai&#39;fcctio</strong></span> <span class='ocrx_word' id='word_1_801' title='bbox 2021 5249 2156 5300; x_wconf 89' lang='lat' dir='ltr'><strong>unit.</strong></span> <span class='ocrx_word' id='word_1_802' title='bbox 2195 5244 2301 5298; x_wconf 81' lang='lat' dir='ltr'><strong>Nec</strong></span> <span class='ocrx_word' id='word_1_803' title='bbox 2334 5255 2507 5298; x_wconf 83' lang='lat' dir='ltr'><strong>tamen</strong></span> <span class='ocrx_word' id='word_1_804' title='bbox 2541 5243 2779 5295; x_wconf 88' lang='lat' dir='ltr'><strong>animum</strong></span> <span class='ocrx_word' id='word_1_805' title='bbox 2820 5240 3174 5307; x_wconf 82' lang='lat' dir='ltr'><strong>despondeas,</strong></span> <span class='ocrx_word' id='word_1_806' title='bbox 3220 5239 3330 5290; x_wconf 85' lang='lat' dir='ltr'><strong>imo</strong></span> 
     </span>
    </p>
   </div>
   <div class='ocr_carea' id='block_1_112' title="bbox 1786 5334 3326 5404">
    <p class='ocr_par' dir='ltr' id='par_1_112' title="bbox 1786 5334 3326 5404">
     <span class='ocr_line' id='line_1_112' title="bbox 1786 5334 3326 5404; baseline -0.008 -12"><span class='ocrx_word' id='word_1_807' title='bbox 1786 5339 2097 5399; x_wconf 67' lang='lat' dir='ltr'><strong>ferventius,</strong></span> <span class='ocrx_word' id='word_1_808' title='bbox 2119 5337 2350 5404; x_wconf 87' lang='lat' dir='ltr'><strong>Spiritus</strong></span> <span class='ocrx_word' id='word_1_809' title='bbox 2389 5337 2560 5388; x_wconf 79' lang='lat' dir='ltr'><strong>sancti</strong></span> <span class='ocrx_word' id='word_1_810' title='bbox 2599 5334 2770 5400; x_wconf 71' lang='lat' dir='ltr'><strong>gratia</strong></span> <span class='ocrx_word' id='word_1_811' title='bbox 2805 5339 3148 5397; x_wconf 72' lang='lat' dir='ltr'><strong>cooperante,</strong></span> <span class='ocrx_word' id='word_1_812' title='bbox 3179 5342 3326 5380; x_wconf 87' lang='lat' dir='ltr'><strong>tuum</strong></span> 
     </span>
    </p>
   </div>
   <div class='ocr_carea' id='block_1_113' title="bbox 1781 5421 3328 5495">
    <p class='ocr_par' dir='ltr' id='par_1_113' title="bbox 1781 5421 3328 5495">
     <span class='ocr_line' id='line_1_113' title="bbox 1781 5421 3328 5495; baseline -0.008 -13"><span class='ocrx_word' id='word_1_813' title='bbox 1781 5431 2074 5495; x_wconf 68' lang='lat' dir='ltr'><strong>adimplras</strong></span> <span class='ocrx_word' id='word_1_814' title='bbox 2138 5427 2520 5479; x_wconf 75' lang='lat' dir='ltr'><strong>ministerium.</strong></span> <span class='ocrx_word' id='word_1_815' title='bbox 2577 5423 2647 5475; x_wconf 87' lang='lat' dir='ltr'><strong>Ita</strong></span> <span class='ocrx_word' id='word_1_816' title='bbox 2701 5423 3011 5485; x_wconf 66' lang='lat' dir='ltr'><strong>tibimctipsi</strong></span> <span class='ocrx_word' id='word_1_817' title='bbox 3068 5429 3120 5473; x_wconf 85' lang='lat' dir='ltr'><strong>et</strong></span> <span class='ocrx_word' id='word_1_818' title='bbox 3176 5421 3328 5472; x_wconf 49' lang='lat' dir='ltr'><strong>nobis</strong></span> 
     </span>
    </p>
   </div>
   <div class='ocr_carea' id='block_1_114' title="bbox 1784 5513 3325 5586">
    <p class='ocr_par' dir='ltr' id='par_1_114' title="bbox 1784 5513 3325 5586">
     <span class='ocr_line' id='line_1_114' title="bbox 1784 5513 3325 5586; baseline -0.008 -14"><span class='ocrx_word' id='word_1_819' title='bbox 1784 5522 2074 5572; x_wconf 83' lang='lat' dir='ltr'><strong>humilibus</strong></span> <span class='ocrx_word' id='word_1_820' title='bbox 2106 5534 2359 5586; x_wconf 79' lang='lat' dir='ltr'><strong>magnum</strong></span> <span class='ocrx_word' id='word_1_821' title='bbox 2393 5516 2732 5584; x_wconf 79' lang='lat' dir='ltr'><strong>comparabis</strong></span> <span class='ocrx_word' id='word_1_822' title='bbox 2779 5514 3053 5581; x_wconf 79' lang='lat' dir='ltr'><strong>gaudium,</strong></span> <span class='ocrx_word' id='word_1_823' title='bbox 3107 5527 3200 5562; x_wconf 90' lang='lat' dir='ltr'><strong>ncc</strong></span> <span class='ocrx_word' id='word_1_824' title='bbox 3244 5513 3325 5560; x_wconf 89' lang='lat' dir='ltr'><strong>vi-</strong></span> 
     </span>
    </p>
   </div>
   <div class='ocr_carea' id='block_1_115' title="bbox 1783 5612 3325 5674">
    <p class='ocr_par' dir='ltr' id='par_1_115' title="bbox 1783 5612 3325 5674">
     <span class='ocr_line' id='line_1_115' title="bbox 1783 5612 3325 5674; baseline -0.008 -11"><span class='ocrx_word' id='word_1_825' title='bbox 1783 5612 1993 5663; x_wconf 66' lang='lat' dir='ltr'><strong>deberis</strong></span> <span class='ocrx_word' id='word_1_826' title='bbox 2037 5612 2296 5662; x_wconf 77' lang='lat' dir='ltr'><strong>minorem</strong></span> <span class='ocrx_word' id='word_1_827' title='bbox 2341 5619 2524 5660; x_wconf 75' lang='lat' dir='ltr'><strong>tenere</strong></span> <span class='ocrx_word' id='word_1_828' title='bbox 2591 5615 2794 5674; x_wconf 62' lang='lat' dir='ltr'><strong>partem</strong></span> <span class='ocrx_word' id='word_1_829' title='bbox 2848 5619 3007 5671; x_wconf 81' lang='lat' dir='ltr'><strong>quam</strong></span> <span class='ocrx_word' id='word_1_830' title='bbox 3064 5612 3325 5662; x_wconf 50' lang='lat' dir='ltr'><strong>astantes,</strong></span> 
     </span>
    </p>
   </div>
   <div class='ocr_carea' id='block_1_116' title="bbox 1786 5697 3328 5769">
    <p class='ocr_par' dir='ltr' id='par_1_116' title="bbox 1786 5697 3328 5769">
     <span class='ocr_line' id='line_1_116' title="bbox 1786 5697 3328 5769; baseline -0.007 -13"><span class='ocrx_word' id='word_1_831' title='bbox 1786 5705 1890 5757; x_wconf 85' lang='lat' dir='ltr'><strong>imo</strong></span> <span class='ocrx_word' id='word_1_832' title='bbox 1926 5705 2091 5757; x_wconf 79' lang='lat' dir='ltr'><strong>multo</strong></span> <span class='ocrx_word' id='word_1_833' title='bbox 2127 5701 2406 5769; x_wconf 82' lang='lat' dir='ltr'><strong>majorem,</strong></span> <span class='ocrx_word' id='word_1_834' title='bbox 2430 5701 2625 5766; x_wconf 60' lang='lat' dir='ltr'><strong>quippe</strong></span> <span class='ocrx_word' id='word_1_835' title='bbox 2650 5697 2740 5765; x_wconf 71' lang='lat' dir='ltr'><strong>qui</strong></span> <span class='ocrx_word' id='word_1_836' title='bbox 2783 5708 3016 5749; x_wconf 76' lang='lat' dir='ltr'><strong>nostram</strong></span> <span class='ocrx_word' id='word_1_837' title='bbox 3048 5706 3328 5749; x_wconf 68' lang='lat' dir='ltr'><strong>Pretium:-</strong></span> 
     </span>
    </p>
   </div>
  </div>
