4038 6354
657 273 758 336 351

1762 294 2069 356 NICOLAI
2107 297 2217 358 CP.
2255 300 2770 363 PATRIARCIM!

3778 307 3874 370 352

657 397 833 455 ignem
917 386 1250 446 incedentes.
1313 390 1438 448 Haec
1490 395 1617 450 dum
1684 409 1920 457 mentem
1971 406 2224 472 subeunt,

2331 409 2425 463 καὶ
2446 411 2740 481 ,στομάτων
2797 410 3001 481 θηρίων
3030 411 3162 464 Θεοῦ
3215 413 3481 484 ῥυομένου
3525 414 3876 486 θεράποντας.

658 491 856 544 magno
890 479 1019 533 mihi
1047 490 1172 535 sunt
1220 483 1417 539 solatio
1440 493 1492 541 et
1521 489 1762 545 animum
1792 494 2046 551 reddunt.
2097 495 2221 553 llaec

655 580 748 619 vos
777 582 1018 637 quoque,
1067 570 1160 624 filii
1195 574 1322 635 mei.
1353 575 1628 651 vobiscum
1662 591 1913 648 reputate
1951 603 1966 638 :
2023 585 2067 639 si
2097 601 2220 658 gra-

655 673 745 714 ves
788 661 924 716 forte
952 663 1241 720 inciderint
1269 670 1618 736 tcntationes,
1651 675 1715 727 ad
1750 690 1898 744 spem
1938 679 2218 734 meliorem

652 750 816 805 corda
859 752 1078 822 erigite,
1140 757 1298 811 sicuti
1329 763 1650 818 sacerdotali
1684 767 1981 821 conditioni
2026 779 2217 825 vestrae

653 840 946 908 convenit;
999 845 1070 898 ita
1127 847 1345 903 fortiter
1418 851 1542 907 illas
1591 856 1941 922 superabitis.
2017 857 2214 916 Multas

649 932 797 985 enim
841 949 906 986 ex
953 933 1059 989 Deo
1089 935 1353 995 habemus
1381 944 1850 1011 repromissiones,
1900 946 1992 1016 qui
2018 949 2222 1014 _oculos

651 1037 802 1086 suos,
865 1025 940 1078 uti
993 1027 1229 1093 confido,
1287 1039 1495 1086 avertet
1544 1046 1572 1084 a
1624 1035 1861 1102 peccatis
1913 1035 2094 1102 meis,
2155 1039 2223 1094 ad

653 1112 814 1167 fliiem
856 1129 1030 1184 usque
1075 1132 1136 1173 se
1185 1119 1484 1189 benignum
1537 1134 1875 1179 servatorem
1925 1128 2222 1194 praestabit,

651 1218 751 1258 nec
812 1220 1052 1276 unquam
1127 1209 1376 1264 auxiliari
1459 1212 1716 1267 cessabit.
1813 1215 1908 1270 Sin
1988 1219 2226 1285 peccatis

649 1294 788 1350 meis
858 1298 1212 1354 contristatus
1297 1303 1568 1372 paulisper
1670 1306 1936 1377 castigat,
2028 1309 2227 1363 nihilo-

649 1388 828 1442 minus
881 1403 1095 1445 summa
1166 1393 1393 1462 recipiet
1437 1383 1814 1466 benignitate;
1883 1414 1981 1455 eos
2040 1409 2221 1454 autem

649 1477 744 1546 qui
788 1472 992 1535 malitia
1047 1497 1144 1537 sua
1194 1483 1320 1538 elati
1360 1496 1507 1551 sunt,
1557 1488 1729 1542 multo
1781 1491 1991 1558 majore
2032 1492 2227 1562 plectet

649 1567 836 1621 dolore
863 1579 917 1623 ct
939 1571 1182 1636 tristitia,
1216 1589 1379 1645 quam
1417 1574 1709 1632 hodicdum
1744 1580 2049 1647 gloriantur
2087 1583 2227 1637 laeti-

649 1659 745 1717 tia.
776 1657 965 1715 Saluto
996 1677 1091 1718 vos
1114 1662 1166 1716 in
1199 1659 1430 1722 Domino
1459 1675 1513 1723 et
1542 1669 1696 1738 quasi
1717 1684 1958 1739 praesens
1992 1671 2228 1740 comple-

2319 503 2410 556 καὶ
2440 503 2670 572 καμίνου
2703 504 2872 573 πυρὸς
2930 504 3179 569 ἀϐλαϐεῖς
3224 507 3560 576 τηρουμένου
3624 507 3752 570 τοὺς
3791 509 3879 577 τὴν

2319 591 2526 667 ξαυτῶν
2562 593 2832 663 σωτηρίαν
2871 595 2937 664 τῇ
2979 594 3187 664 ὑψίστῳ
3234 595 3604 666 ἀναθεμένους
3633 601 3876 667 προνοίᾳ.

2320 661 2502 737 ’Ῠαῦτά
2537 701 2625 754 μοι
2655 661 2876 736 ἐπιόντα
2907 661 2984 748 είς
3007 661 3384 756 νοῦνίμεγάλη
3409 661 3776 757 παράκλησις,
3796 661 3879 740 καὶ

2318 776 2417 844 τῆς
2448 777 2688 847 ἀθυμίας
2727 777 3026 846 ἀνάκτησις
3065 777 3297 845 γίνεται.
3330 778 3515 832 Ταῦτα
3555 782 3652 831 καὶ
3706 779 3880 846 ὑμεῖς,

2318 866 2483 919 τέκνα
2514 865 2644 936 ἐμὰ,
2666 865 2786 919 καθ’
2819 866 3045 928 ἑαυτοὺς
3074 864 3432 935 λογιζόμενοι,
3475 867 3524 918 εί
3555 864 3649 918 καὶ
3699 863 3883 933 βαρεῖς

2321 958 2368 1010 οί
2407 957 2747 1025 ἐπικείμενοι
2777 956 3072 1027 πειρασμοὶ
3105 957 3242 1026 μετά
3289 955 3387 1026 τῆς
3419 954 3707 1024 ἀμείνονος
3740 952 3883 1007 ὲλπί.

2321 1047 2409 1109 δος
2454 1044 2780 1116 ὑψηλότερον
2834 1045 2895 1099 τὸ
2933 1046 3189 1117 φρόνημα
3212 1047 3308 1100 καὶ
3355 1048 3564 1116 πρέπον
3629 1048 3696 1115 τῇ
3732 1046 3882 1115 ὑμῶν

2323 1137 2679 1206 ἀρχιερατικῇ
2737 1135 3055 1205 τελειότητιο
3081 1135 3260 1205 πάσης
3297 1136 3660 1206 στενοχωρίας
3684 1135 3880 1207 φέρον-

2324 1244 2413 1288 τες
2438 1226 2729 1280 διατελεῖτε
2759 1243 2774 1258 ·
2821 1225 3075 1286 πλείστας
3108 1226 3304 1296 έχομεν
3364 1226 3737 1297 πληροφορίας
3790 1227 3883 1294 τῆς

2325 1313 2515 1382 θεῖκῆς
2539 1312 2896 1384 ἀντιλήψεως,
2929 1313 3024 1369 καὶ
3063 1313 3299 1367 πέποιθα
3343 1313 3418 1376 ῶς
3445 1314 3755 1384 παρόψεται
3790 1313 3882 1384 μὲν

2324 1400 2424 1462 τὰς
2471 1399 2611 1468 ὲμάς
2649 1400 2946 1470 ἁμαρτίας,
3006 1401 3283 1473 διαρκέσει
3329 1402 3387 1456 δὲ
3438 1403 3602 1473 μέχρι
3649 1403 3884 1464 τέλουςὸ

2324 1488 2526 1558 ἀγαθὸς
2557 1490 3107 1561 ἀντιλαμϐανόμενος,
3145 1494 3238 1546 καὶ
3271 1493 3331 1547 οὑ
3376 1493 3623 1564 διατεμεῖ
3643 1493 3743 1564 τὴν
3773 1493 3884 1563 βοήο

2327 1581 2499 1636 θειαν.
2542 1581 2604 1634 Εί
2633 1582 2690 1634 δ’
2717 1583 2823 1652 ἄρα
2861 1583 3195 1656 δυσχεράνας
3221 1586 3342 1649 ταῖς
3383 1586 3542 1654 εμαῖς
3590 1585 3882 1654 ἁμαρτίαις

2332 1669 2530 1741 μικρὸν
2561 1668 2880 1735 ὑπενδὼσει,
2911 1672 3074 1742 τυχὸν
3121 1672 3245 1742 ἐμοὶ
3295 1673 3356 1726 τὸ
3389 1671 3634 1726 δκποδὼν
3677 1673 3879 1724 οἰκονο-

648 1758 767 1804 ctor
811 1748 1046 1820 spiritu,
1104 1765 1462 1826 nostramque
1518 1760 1768 1827 precibus
1823 1763 2022 1816 vestris
2067 1776 2221 1815 com-

2329 1761 2492 1830 μήσει
2521 1760 2794 1828 γενέσθαι,
2827 1761 2982 1832 ὑμῶν
3017 1763 3074 1816 δὲ
3111 1763 3324 1823 πάντως
3351 1761 3707 1829 ἀντιλήψεται
3761 1777 3883 1812 συν-ι

649 1841 847 1897 mendo
872 1845 1254 1902 humilitatem.

2272 1908 2279 1923 ,
2326 1851 2492 1921 ήθως,
2526 1853 2621 1908 καὶ
2668 1852 2831 1917 δείξει
2862 1852 2987 1915 sub;
3009 1851 3102 1904 ἐπὶ
3131 1852 3436 1922 κακουργίᾳ
3482 1850 3882 1922 ὠφρυωμένους

649 1935 830 2006 πολλῷ
861 1936 1022 1992 πλέον
1054 1940 1088 2010 ἢ
1127 1941 1250 1993 ὅσον
1288 1941 1381 1994 ἐπὶ
1409 1941 1583 2016 ταύτῃ
1647 1941 1832 2008 ἔδοξαν
1857 1943 2114 2014 ἡσθῆναι,
2156 1944 2250 1998 καὶ
2285 1945 2656 2016 λυπουμένους
2719 1943 3336 2015 καὶσκυθρωπάζοντας.
3380 1943 3726 2012 Ἀσπάζομαι
3747 1943 3881 2012 ὑμᾶς

650 2023 709 2075 ἐν
741 2023 953 2095 Κυρίῳ,
992 2027 1088 2080 καὶ
1111 2028 1186 2092 ὡς
1217 2031 1406 2102 παρὼν
1434 2010 1534 2103 ἢδη
1558 2010 1634 2104 τῷ
1656 2010 1938 2105 πνεύματι
1975 2010 2336 2106 περιφύομαι,
2377 2010 2476 2090 καί
2497 2036 2600 2108 τῆς
2633 2037 2790 2108 ήμῶν
2826 2010 3062 2091 δυσωπῶ
3115 2034 3516 2107 ὑπερεύχεσθαι
3571 2010 3883 2103 ταπεινὺτη·

655 2131 770 2179 τις.

814 2252 1103 2311 CXXXlll.
1135 2257 1296 2312 Petro
1328 2259 1618 2324 Alanorum
1650 2265 2059 2336 archiepiscopo.

720 2386 970 2445 lliserias
1017 2392 1154 2458 quds
1185 2407 1250 2448 ex
1286 2393 1482 2450 litteris
1514 2396 1621 2451 tuis
1657 2366 1948 2454 didicimus
1973 2409 2028 2455 et
2049 2417 2228 2457 rerum

2495 2267 2640 2322 PAF'
2694 2267 2892 2336 Πέτρῳ
2923 2267 3384 2335 ἁρχιεπισκόπῳ-
3416 2266 3715 2351 ᾎλανίας.

2398 2401 2478 2455 Τά
2511 2403 2610 2471 μὲν
2658 2401 2791 2455 ἄλλα
2821 2401 2916 2454 τοῦ
2961 2401 3304 2472 γράμματος,
3335 2401 3438 2454 δι’
3479 2396 3556 2454 ῶν
3591 2400 3722 2463 τοὺς
3769 2388 3880 2462 σοὺς

653 2491 829 2537 status
867 2483 961 2554 qui
1017 2500 1162 2542 nunc
1202 2481 1290 2542 εει
1339 2486 1530 2561 dolore
1563 2491 1807 2552 animum
1858 2501 2107 2550 nostrum
2145 2498 2224 2551 af-

2327 2494 2417 2547 ἀνε
2428 2494 2767 2562 μανθάνομεν
2792 2493 2984 2554 πόνους
2998 2493 3090 2545 καὶ
3101 2491 3200 2560 τὴν
3212 2491 3316 2544 τῶν
3339 2491 3684 2560 πραγμάτων
3707 2507 3776 2544 πε
3784 2491 3883 2561 ρίσ-

655 2570 920 2639 fccerunt,
969 2589 1076 2628 non
1129 2584 1312 2632 autem
1337 2579 1532 2636 solatio
1565 2583 1790 2638 omnino
1839 2585 2072 2653 rejecto;
2117 2597 2232 2642 ete-

653 2663 765 2718 nim
819 2663 1201 2723 afllictionibus
1266 2677 1321 2725 et
1383 2663 1826 2730 tribulationibus
1889 2691 2015 2746 spes
2065 2679 2235 2733 inter-

654 2753 822 2819 cedit,
861 2755 928 2810 ad
983 2755 1229 2814 intimam
1259 2759 1495 2815 animam
1546 2773 1794 2832 penetrat
1821 2774 1874 2820 et
1901 2767 2081 2823 verbis
2108 2783 2237 2824 sua-

2325 2599 2503 2648 τασιν,
2549 2582 2725 2651 λύπην
2782 2583 2880 2651 μὲν
2920 2583 3031 2644 τοῖς
3077 2581 3209 2635 ὠσὶν
3251 2581 3406 2651 ήμῶν
3452 2581 3690 2634 ἐνεποίει
3724 2597 3883 2650 προσ-

2326 2675 2610 2738 πίπτοντα,
2657 2672 2795 2742 πλὴν
2827 2673 2924 2742 οὑχ
2958 2669 3100 2725 οὕτω
3133 2671 3382 2742 δριμεῖαν
3410 2671 3532 2724 οὐδὲ
3561 2671 3878 2742 παρακλήσ-

2325 2781 2427 2825 εως
2482 2762 2812 2839 ἀποροῦσαν,
2862 2763 2994 2816 διότι
3035 2761 3216 2838 πάσης
3274 2761 3367 2816 καὶ
3420 2761 3749 2832 δυσχερείας
3801 2761 3881 2813 καὶ

657 2843 852 2898 silibus
905 2846 1258 2906 acerbitatem
1311 2849 1524 2904 adimit.
1583 2849 1783 2907 Rerum
1849 2869 1953 2908 nos
2009 2856 2224 2925 quidem

2331 2855 2561 2924 θλίψεως
2583 2855 2738 2915 ἐλπὶς
2781 2851 3146 2924 προλαϐοῦσα,
3205 2854 3299 2906 καὶ
3337 2847 3450 2906 οἷον
3498 2851 3881 2921 ἐγγυμνάσασε

657 2936 1029 2992 conditionem
1093 2939 1159 2994 ad
1214 2955 1376 3008 quam
1413 2958 1444 2995 a
1484 2942 1690 3010 Spiritu
1725 2955 1916 3000 sancto
1944 2956 2224 3020 provectus

2331 2947 2432 3015 τὴν
2460 2944 2647 3021 ψυχὴν.
2666 2948 2735 3016 τῇ
2763 2942 2964 3013 ἑαυτῆς
2992 2941 3178 3013 ὁμιλίᾳ
3214 2945 3639 3013 προαφαιρεῖται
3671 2943 3738 2996 τδ
3763 2943 3881 2996 πολὺ

655 3043 737 3092 es,
772 3043 834 3082 ex
865 3028 1030 3100 longo
1065 3038 1311 3100 tempore
1349 3041 1532 3087 notam
1575 3035 1858 3103 habentes,
1883 2995 1986 3093 nere
2021 3039 2224 3093 facilem

2462 2995 3040 3107 ῥάζιίιιηστὲς,θἰιιειδὰν⁵
3069 2995 3350 3103 καταλάϐῃ
3373 2995 3478 3085 ’τί
3501 3031 3884 3104 δυσχερῆ.Καὶ

651 3120 965 3189 jadicamus
1001 3137 1102 3178 nec
1149 3122 1428 3180 laboribus
1462 3125 1708 3180 liberam.
1753 3128 1826 3183 Ex
1861 3122 2060 3185 litteris
2097 3131 2224 3184 vidi-

2333 3127 2496 3196 ἡμεῖς
2543 3121 2637 3178 οὖν
2673 3123 2981 3194 προειδότες
3025 3119 3124 3193 τὴν
3162 3121 3270 3175 τῶν
3322 3122 3667 3192 πραγμάτων
3734 3120 3884 3174 κατά-

658 3228 780 3267 ιιιυε
811 3214 924 3268 tuis
951 3229 1074 3284 qua:
1107 3215 1205 3271 tibi
1238 3216 1574 3281 acciderunt,
1615 3219 1799 3289 ibique
1839 3220 1976 3276 nihil
2007 3238 2224 3292 perspe-

2335 3225 2544 3283 στασιν,
2572 3216 2656 3284 ἐφ’
2682 3215 2749 3285 ἢν
2778 3214 2882 3268 ὑπὸ
2904 3213 2998 3267 τοῦ
3019 3212 3284 3281 παναγίου
3308 3212 3623 3282 Πνεὺματος
3645 3227 3885 3283 προεχεισ

657 3302 837 3358 ximus
893 3305 1277 3372 improvisum,
1324 3307 1425 3362 etsi
1479 3307 1662 3362 tristes
1712 3313 1824 3363 sint
1864 3324 1986 3372 res;
2029 3312 2224 3365 malum

2335 3310 2543 3380 ρίσθης,
2564 3308 2640 3371 ὡς
2658 3307 2760 3366 οὑκ
2785 3305 3025 3374 εὔλογος,
3078 3303 3218 3358 οὑδὲ.
3245 3303 3420 3380 πόνων
3479 3302 3615 3374 ἀπηλ
3626 3301 3884 3372 λαγμένη,

655 3405 836 3451 tamen
891 3396 1052 3452 nobis
1100 3395 1316 3453 videtur
1364 3397 1731 3468 tolerandum,
1783 3400 1911 3469 quia
1948 3399 2224 3457 habiturus

2332 3400 2428 3453 νῦν
2485 3395 2581 3451 τοῦ
2647 3396 2745 3450 σοῦ
2802 3397 3131 3476 γράμματος
3182 3393 3606 3461 ἀναγγέλλοντος
3660 3392 3735 3447 τὰ
3774 3394 3883 3462 ὑμῖν

655 3503 719 3542 es
748 3488 1188 3542 retributionem.
1226 3487 1340 3542 Hoc
1375 3499 1555 3544 autem
1585 3490 1818 3543 dicimus
1850 3503 1957 3545 non
2005 3492 2072 3546 ad
2101 3507 2224 3560 pra:-

2333 3489 2698 3551 συναντῶντα,
2758 3487 2818 3551 ἐξ
2849 3481 2924 3540 ὧν
2975 3486 3095 3539 οὐδὲ
3131 3485 3262 3554 πρὶν
3319 3483 3644 3552 ἠγνοοῦμεν,
3710 3486 3759 3537 εί
3807 3483 3884 3536 καὶ

659 3587 846 3633 sentes
881 3577 1164 3634 molestias
1190 3579 1561 3648 denegandas.
1591 3578 1728 3634 Illud
1757 3595 1885 3635 vero
1909 3582 2066 3636 nobis
2093 3584 2224 3636 vide

2331 3578 2632 3650 ἀνιώμεθα,
2657 3578 2797 3650 πλὴν
2833 3577 2894 3631 τδ
2916 3577 3085 3640 πάθος
3107 3574 3343 3646 φορητὸν
3371 3574 3605 3646 μάλιστα
3629 3574 3731 3628 καὶ
3759 3575 3879 3644 πρὸς

661 3679 749 3724 tur
781 3669 1205 3740 haudquaquam
1241 3671 1584 3726 tolerandum
1617 3679 1674 3726 et
1729 3671 1984 3726 lethalem
2022 3673 2224 3742 plagam

2330 3672 2426 3735 τὰς
2463 3670 2780 3733 ἀντιδόσεις,
2806 3669 2882 3738 τῷ
2910 3665 3158 3736 λογισμῷ
3188 3665 3638 3734 ὑπερκύπτοντες
3674 3667 3773 3720 καὶ
3802 3666 3884 3735 τὴν

661 3759 877 3824 inflixit,
910 3761 1054 3830 quod
1086 3759 1414 3830 suspicaris,
1454 3772 1513 3816 ut
1557 3777 1654 3831 per
1685 3762 1891 3817 litteras
1912 3772 2033 3819 tuas
2079 3779 2224 3818 com-

2329 3763 2534 3815 ἐκεῖθεν
2564 3761 2886 3824 ἀπόλαυσιν,
2916 3759 3039 3812 οὐδ’
3063 3759 3188 3811 ὅσον
3237 3759 3414 3811 είπεῖν
3447 3761 3575 3822 τοὺς
3621 3761 3885 3829 παρόντας

663 3859 874 3921 pertum
901 3852 1190 3919 habemus,
1227 3861 1279 3907 te
1306 3853 1461 3922 quasi
1494 3867 1557 3906 ex
1590 3853 1753 3907 corde
1785 3862 1970 3907 nostro
1997 3854 2224 3922 ejectum

2329 3851 2790 3923 άποκρυπτούσας
2841 3849 3281 3912 πόνους.Ἐκεῖνο
3307 3849 3362 3901 ὃδ
3392 3849 3663 3920 ἀφόρητον
3703 3850 3884 3922 ἐδόκει,

661 3957 808 3997 esse.
852 3941 986 3996 lllud
1031 3958 1309 4014 nunquam
1345 3957 1412 3996 ne
1470 3942 1539 3997 ab
1587 3941 1822 3998 inimicis
1867 3943 2084 4012 quidem
2130 3959 2224 3998 nos

2329 3946 2423 3997 καὶ
2454 3944 2552 4012 τὴν
2585 3945 2798 4013 πληγὴν
2835 3942 3057 4012 καιρίαν
3088 3940 3254 3994 ἔδωκε
3283 3941 3344 3993 τὸ
3371 3940 3599 3996 τοιαῦτα
3648 3941 3885 4009 ὑπολαμ-

665 4034 950 4088 audituros
991 4049 1113 4088 csse
1166 4033 1575 4088 confidebamus
1627 4033 1825 4087 nedum
1897 4049 1926 4086 a
1969 4033 2092 4089 ﬁliis
2137 4043 2224 4088 aut

2329 4036 2636 4098 6ἀνειν,καὶ
2659 4035 2735 4105 μὴ
2770 4035 2930 4104 μόνον
2948 4032 3396 4099 ὑπολαϐεῖν,ἀλλά
3413 4033 3508 4086 καὶ
3532 4034 3780 4103 φανερὰν
3803 4032 3884 4099 τὴν

591 4166 593 4168 -
665 4127 883 4181 amicis!
952 4125 1238 4196 Quomodo
1279 4126 1424 4182 enim
1489 4125 1592 4180 nisi
1646 4125 1797 4193 prius
1846 4125 1944 4180 Dei
2030 4135 2084 4180 et
2131 4142 2224 4196 po-

2327 4125 2590 4194 ὑπόληψιν
2621 4126 2978 4194 καταστῆσαι,
3003 4125 3068 4176 δι’
3085 4119 3159 4176 ῶν
3185 4123 3448 4194 ἔγραψας,
3477 4123 3552 4188 ὡς
3580 4123 3886 4192 ὲκδέδλησαι

665 4215 773 4284 puli
800 4217 990 4272 salutis
1017 4194 1242 4282 oblitus,
1278 4213 1436 4285 cujus
1480 4223 1538 4269 tu
1562 4209 1892 4271 constitutus
1916 4231 1976 4270 es
2022 4194 2148 4270 dus
2170 4224 2224 4271 ct

2325 4218 2422 4287 τῆς
2452 4215 2612 4287 ἡμῶν
2643 4215 2889 4284 καρδίας,
2916 4217 3010 4268 καὶ
3039 4217 3072 4285 ἡ
3105 4214 3173 4285 σῆ
3207 4214 3450 4268 ἀπόλωλε
3489 4216 3699 4286 μνήμη.
3739 4213 3886 4308 Τοῦτξ)

663 4306 934 4372 salvator,
967 4306 1236 4361 secundus
1266 4314 1441 4359 tamen
1469 4305 1695 4374 aprimo
1729 4312 1917 4360 nostro
1943 4305 2224 4361 Salvatore

2333 4308 2452 4362 οὑδὲ
2502 4308 2608 4360 τῶν
2646 4305 2856 4375 ἐχθρῶν
2895 4305 3157 4372 λεγόντων
3201 4305 3430 4359 ἀκοῦσαι
3461 4306 3788 4376 ἠλπίσαμεν,
3829 4305 3887 4374 μη

664 4403 719 4448 et
753 4394 882 4458 Deo,
907 4396 958 4449 in
991 4395 1148 4452 istius
1168 4397 1310 4452 modi
1350 4396 1716 4466 suspicionem
1752 4397 2046 4452 inciderit?
2097 4396 2224 4463 Quid

2343 4401 2424 4452 ὅτι
2461 4414 2524 4465 γε
2571 4397 2676 4451 τῶν
2719 4397 2924 4450 τέκνων
2971 4396 3004 4464 ἢ
3047 4395 3154 4448 τῶν
3200 4395 3373 4459 ἄλλως
3411 4395 3731 4463 φιλούντων.
3783 4395 3885 4453 Πῶς

636 4480 809 4537 "cnim
862 4485 1114 4542 miserius
1155 4487 1380 4557 cogitari
1413 4497 1588 4556 potest
1609 4504 1772 4558 quam
1809 4488 2024 4544 oblivisi
2064 4489 2154 4543 Dci
2188 4504 2224 4541 ei

2345 4487 2454 4558 γὰρ
2480 4487 2528 4539 εἱ
2577 4487 2651 4554 μὴ
2680 4485 2945 4554 πρότερον
2982 4483 3117 4536 Θεοῦ
3153 4485 3375 4554 μνήμης
3419 4484 3638 4554 ἔρημοι,
3680 4482 3886 4549 καὶτῆς

668 4575 949 4630 hominum
997 4577 1368 4632 conversionis
1395 4579 1460 4632 ad
1510 4578 1659 4633 illum
1721 4580 1815 4650 qui
1856 4593 1958 4634 nos
1991 4595 2020 4633 a
2056 4588 2224 4650 tyran-

2345 4579 2433 4630 τοῦ
2466 4576 2595 4630 λαοῦ
2635 4578 2929 4646 σωτηρίας,
2979 4569 3039 4630 οὗ
3087 4577 3150 4628 σὺ
3207 4576 3399 4644 ὁδηγὺς
3443 4576 3755 4646 ἀπεστάλης
3810 4574 3885 4625 καὶ

671 4666 789 4720 nica
827 4675 1091 4735 potestate
1107 4668 1304 4722 diaboli
1338 4668 1576 4723 liberat?
1817 4712 1819 4714 .

2349 4669 2552 4739 σωτὴρ,
2590 4668 2728 4737 μετά
2747 4683 2809 4734 γε
2836 4667 2927 4719 τὸν
2956 4666 3172 4736 πρῶτον
3195 4667 3351 4736 ἡμῶν
3375 4667 3599 4736 Σωτῆρα
3625 4668 3728 4720 ’καὶ
3749 4663 3882 4725 Θεὸν,
3916 4737 3920 4743 ι

666 4757 824 4809 τοῦτο
888 4757 1076 4811 παθεῖν
1132 4759 1278 4823 είκὺς
1336 4761 1428 4813 τὸν
1487 4758 1857 4825 ὑπονοοῦντα,.
1917 4761 1977 4823 ὅς
2025 4777 2109 4822 τις
2146 4757 2370 4832 δ’ἆνῂ
2426 4762 2454 4814 δ
2486 4759 2923 4828 ὑπολαμϐάνων;
2989 4759 3113 4820 Πῶς
3163 4760 3309 4829 ἡμᾶς
3357 4760 3456 4813 οὑκ
3512 4761 3592 4821 είς
3666 4759 3882 4830 ἐσχάτην

668 4845 873 4913 ἀπάγει
899 4850 1260 4920 κατηγορίαν,
1339 4852 1434 4905 καὶ
1487 4846 1553 4926 ἧς
1606 4854 1706 4906 οὑκ
1732 4854 1798 4907 ἂν
1845 4871 1930 4918 τις
1986 4854 2136 4925 εὖροι
2203 4856 2546 4928 βαρυτέραν;
2590 4855 2654 4907 Τί
2700 4854 2808 4923 γὰρ
2867 4851 3163 4925 βαρύτερον
3228 4850 3322 4905 τοῦ
3369 4852 3726 4922 ἀμνημονεῖν.
3769 4848 3880 4905 Θεοῦ

672 4943 764 4996 καὶ
792 4942 890 5010 τῆς
953 4943 1256 5014 ἀνθρώπων
1325 4932 1659 5020 ἐπιστροφῆς
1679 4950 1815 5021 πρὸς
1862 4950 2046 5018 αὑτὸν,
2081 4953 2292 5021 καὶτῆς
2332 4953 2394 5006 ἐκ
2427 4953 2517 5005 τοῦ
2547 4950 2793 5004 διαὸόλου
2829 4947 3166 5018 τυραννικῆς
3199 4948 3380 5017 χειρὸς
3420 4947 3789 5018 ἀνακλήσεως-

747 5036 928 5101 Vides,
975 5036 1047 5090 mi
1095 5038 1191 5103 fili,
1241 5033 1447 5108 quanto
1489 5055 1724 5096 mmrore
1758 5050 1866 5096 tua:
1905 5044 2098 5099 littera:
2125 5044 2224 5097 alii.

2429 5045 2613 5112 Ὁρᾷς,
2647 5045 2861 5104 τέκνον,
2890 5037 2977 5093 οἷα
3007 5038 3422 5108 κεκακωμένους
3450 5039 3598 5108 ἡμᾶς
3647 5039 3742 5092 ἐπὶ
3770 5032 3880 5091 πᾶσ⁸

673 5129 819 5182 ciant
856 5143 966 5197 prae
1011 5129 1268 5183 omnibus
1312 5131 1470 5185 malis
1505 5132 1726 5199 quibus,
1763 5145 2110 5201 peccatorum
2146 5150 2224 5188 nn-

2345 5135 2457 5195 τοῖς
2489 5133 2574 5184 διὰ
2625 5131 2724 5193 τὰς
2758 5129 3032 5198 ἁμαρτίας
3072 5129 3229 5199 ἡμῶν
3257 5128 3541 5198 συνέχουσι
3568 5126 3630 5181 τὸ
3679 5127 3766 5180 σδν
3794 5124 3880 5177 διέ-

676 5229 911 5275 strorum
962 5234 1150 5285 causa,
1193 5222 1632 5277 circumdamur?
1664 5224 1918 5278 Attamen
1951 5225 1998 5279 si
2029 5235 2224 5294 tempus

2351 5225 2483 5293 θηκε
2505 5221 2781 5293 γράμμα;
2824 5219 2933 5273 Καί
2968 5236 3052 5272 τοι
3108 5221 3244 5289 πρὸς
3281 5219 3380 5288 τὴν
3419 5219 3642 5288 πορείαν
3693 5215 3880 5271 στελλό-

678 5311 980 5365 recordaris
1029 5311 1173 5380 quod
1215 5312 1499 5369 nobiscum
1548 5325 1673 5369 ante
1717 5316 1819 5370 iter
1851 5327 2002 5370 tuum
2033 5325 2224 5370 transc'

2352 5332 2534 5385 μενος,
2564 5315 2622 5366 ἐν
2649 5307 2728 5374 οἷς
2757 5309 3050 5373 κατέλιπες
3085 5310 3231 5378 ἡμᾶς
3275 5310 3374 5361 οὑκ
3404 5312 3520 5363 ἔστι
3563 5307 3876 5377 διανοηθῆναι

678 5404 825 5472 gisti,
859 5414 907 5458 te
945 5403 1201 5459 oblivioni
1255 5407 1441 5460 datum
1490 5422 1610 5461 esse
1661 5424 1936 5475 nunquam
1980 5403 2222 5461 invenies

2352 5406 2426 5468 ὡς
2453 5404 2787 5473 ἐπιλέλησαι.
2841 5400 2972 5455 Εἶτα
3031 5401 3344 5456 καταλιπὼν
3371 5404 3468 5454 ὅσα
3500 5419 3564 5467 γε
3588 5401 3657 5454 τὰ
3698 5399 3878 5466 ἀνθρώ·

682 5495 878 5551 relictis
954 5497 1191 5550 humano
1269 5513 1416 5552 more
1490 5497 1716 5552 infernis
1784 5509 1835 5552 et
1891 5499 1970 5552 cis
2022 5500 2112 5568 qui
2178 5499 2224 5552 ib

2357 5511 2483 5547 πινα
2532 5492 2929 5562 παροικοῦντας
2959 5494 3017 5545 ὲν
3065 5492 3140 5562 τῷ
3175 5493 3296 5564 ᾅδῃ,
3360 5493 3558 5561 μᾶλλον
3595 5491 3648 5543 δὲ
3681 5492 3769 5543 καὶ
3791 5491 3876 5539 τιῖιν

687 5585 924 5655 priorem
979 5588 1344 5645 conditionem
1415 5591 1636 5646 habent.
1693 5591 1772 5643 Ab
1845 5591 1929 5644 his
2006 5605 2217 5645 τοι-(ιεεο

2356 5587 2473 5638 ἐκεῖ
2522 5583 2929 5654 ’παροικούντων
2988 5583 3362 5652 χαλεπώτερον
3419 5581 3783 5650 διακειμένους
3827 5581 3874 5627 οὐ

2410 5679 2420 5694 ι
2513 5677 2532 5692 ιι
2577 5691 2617 5694 κ-
2671 5673 2855 5694 μ.-“-.·
2909 5672 3024 5694 1,:
3103 5675 3248 5694 ἡκ.-
3309 5673 3614 5694 -”-1·.ᾉ.λ--
3663 5670 3870 5694 μ’..ιοημ

687 5687 806 5732 runt
844 5679 1064 5748 invidia,
1097 5681 1294 5738 bellum
1359 5692 1406 5738 ct
1451 5683 1656 5738 ilhltlliC
1695 5682 1891 5748 quibus
1943 5699 2039 5738 nos
2099 5681 2219 5736 inde

2363 5679 2468 5747 γάρ
2511 5677 2622 5728 Ξττι
2653 5673 2767 5727 κη’
2801 5672 2976 5728 συλῶν
3005 5675 3032 5726 ὁ
3063 5675 3269 5742 glow;
3305 5674 3359 5726 οὐ
3384 5673 3633 5743 πόλεμος,
3661 5672 3751 5725 οὑκ
3778 5672 3872 5720 ἐπι·
