4038 6354
176 293 267 353 35,7
420 235 507 245 ﬂ
745 297 749 301 ~
1381 272 1384 274 ‘
1576 279 1771 344 EPIS’]

1739 278 1977 343 iTOL.E.
2681 350 2685 355 ,
3230 292 3334 357 358

232 403 335 458 Οὐκ
363 397 427 474 ἦν
454 399 594 462 size;
612 399 779 455 ταῦτα
809 398 1038 472 γρὰςρειν
1057 400 1356 473 ήμᾶςοθείᾳ
1385 401 1495 472 γὰρ
1511 400 1693 470 χάριτι
1717 405 1765 464 Α

1733 405 1765 464 Α
1862 396 1981 453 Νοη
2023 397 2244 453 decebat
2278 416 2375 458 nos
2414 403 2525 457 haec
2551 400 2812 468 scribere,
2850 406 2992 474 quod
3023 407 3193 476 gratia
3240 408 3328 465 υτ

169 496 421 552 διδάσκειν
464 495 819 557 κατασταθεὶς
872 494 1111 564 ἑτέρους,
1140 493 1235 547 καὶ
1276 493 1508 563 μάλιστα
1566 509 1690 547 παι-

1791 491 1997 557 positus
2052 490 2125 545 sis
2170 492 2236 546 ad
2282 494 2416 547 alios
2447 494 2772 558 edocendos,
2802 504 2859 550 et
2888 501 3030 565 quod
3076 502 3144 553 ab
3179 501 3331 557 ineu-

165 591 301 642 δόθεν
327 589 582 647 τοιούτοις
628 586 946 655 διδάγμασιν
997 585 1445 654 ἐντεθραμμένος,
1473 585 1573 638 οὐκ
1629 585 1686 637 ὲν

1790 577 1986 634 nabilis
2032 578 2269 633 nutritus
2325 582 2402 635 sis
2433 583 2693 649 ejusmodi
2714 586 3003 649 doctrinis,
3045 603 3179 655 opus
3230 589 3324 642 tibi

162 679 303 748 χρείᾳ
330 676 525 731 τούτων
551 674 889 743 καθέστηκας
915 676 1177 745 ἑτέρωθεν
1199 674 1504 735 ἐπακούειν.
1534 674 1655 727 Ἀλλ
1672 674 1687 693 ⁹

1788 683 1893 722 non
1934 670 2037 725 fuit
2064 670 2258 726 alienis
2291 670 2649 727 documentis.
2680 673 3061 732 Verumtamen
3093 692 3159 733 ne
3189 681 3325 733 tardi

161 769 235 822 ίνσ
262 768 331 837 μὴ
370 767 607 832 δόξωμεν
639 765 825 835 ὥσπερ
852 766 1095 835 ἀκίνητοι
1126 763 1261 833 πρὸς
1293 764 1359 816 τὰ
1385 764 1680 833 γραφέντα,

1784 762 2062 817 videamur
2122 764 2187 817 ad
2262 749 2607 818 scribendum
2671 771 2949 834 praesentia
3007 773 3324 840 scripsimus

158 860 435 912 καὶταῦτα
479 857 801 927 γέγραπται,
850 858 942 910 καὶ
979 856 1133 924 ὀλίγα
1189 856 1268 908 ἔτι
1318 857 1681 925 προστεθήσε-

1782 855 2053 908 modicum
2100 856 2227 921 quid
2265 856 2521 909 addituri.
2546 858 2625 911 Ad
2667 857 3007 915 beatissimos
3047 860 3323 931 Evangelii

155 972 250 1006 ται.
268 949 585 1019 Ἀπόόλειξον
607 950 737 1020 πρὸς
764 950 886 1009 τοὺς
920 948 1220 1016 μακαρίους
1240 947 1331 999 τοῦ
1352 946 1679 1013 Εὑαγγελίου

1780 961 2057 1014 praecones
2082 948 2362 1017 respicias,
2386 962 2614 1018 quorum
2636 950 2881 1019 catalogo
2900 953 3238 1008 adnumerari
3265 967 3321 1009 tu

156 1048 401 1114 κήρυκας,
438 1040 511 1098 ὦν
543 1044 605 1095 σὺ
644 1040 982 1111 κατηξιώθης
1008 1041 1084 1109 τῷ
1116 1040 1400 1108 καταλόγῳ
1428 1039 1680 1109 συναριθ-

1778 1038 2030 1106 dignatus
2050 1054 2108 1092 es
2137 1056 2149 1091 :
2185 1040 2399 1093 illorum
2437 1042 2693 1110 martyria
2725 1052 2778 1094 et
2812 1053 3013 1097 mortes
3050 1050 3319 1106 quotidia—

61 1156 77 1186 ι
155 1139 387 1208 μηθῆναι,
458 1138 555 1188 καὶ
602 1136 669 1187 τὰ
735 1133 952 1185 ἐκείνων
1008 1133 1152 1202 πάθη
1214 1132 1308 1185 καὶ
1369 1133 1495 1193 τοὺς
1541 1132 1643 1184 καθ

1775 1142 1874 1182 nas
1903 1131 2220 1183 consideres
2242 1138 2294 1182 ct
2332 1131 2587 1199 gaudium
2631 1146 2738 1199 quo
2773 1132 2909 1186 inter
2943 1135 3158 1189 dolores
3187 1140 3313 1195 elati

148 1233 340 1298 ἡμέραν
383 1228 641 1287 θανάτους
692 1226 781 1277 καὶ
847 1225 942 1293 τὴν
1003 1225 1176 1293 χαρὰν
1218 1223 1285 1293 ἣν
1332 1222 1426 1275 ἐπὶ
1465 1223 1675 1285 τούτοις

1773 1224 1933 1279 sunt;
1962 1217 2154 1269 deinde
2204 1233 2233 1270 a
2267 1218 2747 1298 lamentationibus
2796 1233 2850 1274 et
2881 1223 2948 1275 ab
2987 1224 3172 1276 animo
3217 1228 3310 1279 de-

149 1327 363 1393 ἔχαιρον,
396 1322 490 1373 καὶ
514 1320 776 1373 κατάλιπε
815 1319 877 1370 τὸ
908 1319 1130 1386 θρηνεῖν
1181 1316 1275 1367 καὶ
1324 1314 1384 1367 τὸ
1422 1315 1667 1381 ἀθυμεῖν,

1772 1316 2021 1375 sperante
2070 1323 2355 1378 assurgas.
2410 1312 2454 1364 si
2500 1311 2636 1365 forte
2667 1297 2896 1366 humana
2949 1316 3159 1384 negotia
3206 1330 3311 1368 non
3360 1326 3364 1331 ‘

145 1418 259 1469 διότι
281 1414 351 1484 μὴ
366 1414 432 1466 τὰ
468 1412 779 1483 ἀνθρώπινα
805 1410 1098 1479 πράγματα
1118 1407 1256 1460 κατὰ
1278 1406 1402 1474 ῥοῦν
1422 1407 1551 1476 ἡμῖν
1576 1403 1671 1471 φέ-

1768 1401 2008 1452 secundo
2046 1398 2265 1453 ﬂumine
2328 1405 2637 1470 procedant.
2688 1404 2885 1458 Tecum
2922 1418 3156 1473 reputes,
3212 1422 3306 1461 seu

147 1524 297 1577 ρεται.
345 1505 727 1574 Ἐνθυμήθητι,
756 1501 951 1571 μᾶλλον
998 1501 1054 1553 δὲ
1084 1500 1168 1552 ἀεὶ
1198 1499 1356 1550 τοῦτο
1391 1497 1551 1566 φέρον
1583 1498 1669 1546 ὲν-

1768 1490 1948 1556 potius
1975 1490 2027 1541 in
2064 1492 2228 1544 corde
2262 1501 2354 1544 tuo
2405 1508 2617 1560 semper
2650 1496 2893 1551 revolvas
2927 1498 3155 1564 gratiam
3186 1512 3305 1551 esse

134 1597 329 1665 θύμιον,
363 1595 436 1657 ὡς
461 1595 621 1665 χάρις
647 1593 762 1648 ἐστὶ
798 1581 891 1645 καὶ
914 1592 1035 1659 φιλο
1057 1589 1210 1658 τιμία
1236 1586 1439 1642 ἄνωθεν
1475 1587 1535 1637 τὸ
1560 1584 1665 1637 πᾶς

1764 1588 1817 1630 et
1846 1594 2139 1647 supernum
2176 1581 2410 1634 favorem
2448 1584 2491 1637 si
2519 1587 2640 1652 quis
2674 1602 2769 1654 pro
2797 1587 3017 1639 Christo
3049 1590 3302 1652 patiatur.

149 1663 267 1758 σχειν
280 1685 414 1755 ὑπὲρ
430 1663 687 1754 Χριστοῦ.
713 1682 983 1751 Σεμνύνου
1006 1681 1143 1746 μετὰ
1158 1679 1249 1731 τοῦ
1265 1666 1504 1737 εἰπόντος
1519 1675 1661 1728 θείου
1692 1742 1734 1758 ἢ

1789 1665 1897 1718 llud
1924 1668 2030 1718 divi
2062 1667 2299 1735 Apostuli
2336 1686 2443 1737 prae
2484 1673 2655 1726 oculis
2690 1674 2890 1727 habeas
2917 1691 2929 1725 ;
2958 1675 3059 1727 hoc
3088 1690 3303 1757 quoque
3378 1694 3384 1698 τ

145 1742 430 1842 ἀποστόλου,
468 1742 562 1830 καὶ
578 1776 730 1830 τοῦτο
746 1742 1141 1844 ἠμίνὲχαρίσθη
1160 1770 1265 1823 ἀπὸ
1285 1769 1418 1821 Θεοῦ
1448 1768 1507 1821 τὸ
1524 1768 1662 1835 ὑπὲρ
1690 1742 1735 1800 Β

1708 1743 1918 1808 3nobis
1966 1758 2136 1810 a‘Dco
2177 1775 2493 1813 concessum
2524 1773 2603 1815 est
2653 1773 2711 1815 ut
2746 1779 2841 1831 pro
2875 1764 3090 1818 Christo
3135 1742 3303 1831 pat'ia-

140 1869 345 1937 Χριστοῦ
378 1867 626 1935 πάσχειν,
651 1866 843 1919 Πολλοὶ
863 1865 969 1917 τῶν
988 1865 1093 1916 σῶν
1113 1862 1300 1915 παθῶν
1314 1859 1475 1912 πόθον
1503 1860 1658 1927 ἔχουσι
1758 1862 1897 1901 mur-
1936 1847 2084 1901 Mum
2114 1853 2334 1918 ειψίυιιι
2358 1854 2465 1919 P3“
2491 1855 2632 1921 Ψιοά
2665 1864 2719 1907 ιιι
2754 1855 2972 1920 ναιοτίεο
3034 1863 3088 1907 ει
3110 1864 3302 1909 οοηιυ·

139 1973 180 2008 σι
210 1958 439 2010 κοινωνοὶ
488 1956 739 2023 γενέσθαι
780 1956 872 2007 καὶ
895 1954 990 2021 τῆς
1015 1953 1306 2011 κακώσεως
1322 1949 1526 2016 καὶτῆς
1549 1962 1658 1998 ore.

1756 1940 2037 1994 meliarum
2084 1958 2140 1995 et
2174 1948 2433 2011 angustia:
2456 1946 2569 1998 tieri
2611 1946 2899 2014 participes
2929 1962 2942 1998 :
2978 1945 3080 1999 hoc
3118 1959 3296 1999 autem

136 2047 391 2116 νοχωρίας,
417 2046 552 2099 ἀλλά
568 2048 651 2098 σο)⁵
670 2045 824 2097 τοῦτο
848 2043 1103 2113 ἐχαρίσθη
1128 2040 1341 2109 εὐδοκίᾳ
1364 2038 1457 2090 τοῦ
1481 2038 1654 2089 πάντα

1757 2032 1846 2085 tibi
1879 2034 2062 2087 datum
2099 2035 2203 2088 fuit
2235 2036 2569 2105 bencplacito
2622 2038 2789 2100 illius,
2826 2039 2916 2105 qui
2950 2039 3135 2092 omnia
3173 2046 3297 2091 ante

134 2138 211 2187 καὶ
270 2137 370 2204 πρὸ
413 2140 667 2201 γνώσεως
721 2135 1090 2203 ἀφορίσαντος.
1146 2130 1288 2199 Πρός
1345 2129 1444 2197 τὴν
1497 2129 1652 2196 χάριν

1752 2127 2024 2181 notionem
2056 2128 2315 2183 decrevit.
2346 2132 2424 2183 Ad
2451 2131 2676 2199 gratiam
2706 2132 2964 2199 respicias
2999 2141 3052 2189 et
3086 2145 3190 2184 non
3225 2129 3293 2183 ad
3335 2140 3338 2143 '

130 2228 300 2296 ἁφόρα,
348 2228 440 2280 καὶ
464 2228 539 2296 μὴ
570 2226 703 2296 πρὸς
722 2226 818 2290 τὴν
847 2226 1105 2294 ἐπήρειαν
1123 2224 1228 2274 τῶν
1255 2222 1507 2290 τῇχάριτι
1533 2219 1649 2272 δια-

1749 2215 2128 2271 detrimentum
2160 2221 2301 2286 quod
2338 2230 2522 2287 gratia:
2552 2222 2844 2275 adversarii
2881 2222 3137 2284 inierunt,
3177 2222 3291 2274 sivo

131 2319 498 2387 φθονουμένων.
548 2317 655 2370 εἴτε
707 2317 952 2378 δαίμονες
1003 2316 1132 2379 εἶεν,
1193 2315 1299 2366 εἴτε
1378 2313 1648 2379 ἄνθρωποι

1750 2306 2018 2361 daemones
2041 2308 2155 2362 sive
2174 2309 2423 2363 homines
2458 2312 2568 2363 sint
2591 2311 2683 2379 qui
2729 2311 2965 2378 speciem
2998 2310 3291 2363 daemonio-

130 2410 366 2477 δαιμόνων
422 2410 710 2478 πρόσωπον
771 2407 1077 2474 ἐνδυόμενοι
1130 2410 1232 2481 καὶ
1274 2406 1370 2471 τῆς
1422 2401 1645 2453 ἐκείνων

1746 2409 1864 2447 rum
1886 2396 2168 2451 induentes
2213 2399 2471 2451 malitiam
2491 2414 2706 2467 quoque
2727 2402 3025 2453 imitantur.
3041 2400 3180 2463 Quid
3196 2400 3218 2450 ‘2'
3235 2398 3281 2453 si

132 2500 299 2557 κακίας
344 2498 698 2565 τυγχάνοντες
728 2494 979 2561 μιμηταί.
1026 2491 1092 2545 Τί
1139 2493 1245 2559 γὰρ
1274 2492 1325 2542 εί
1374 2506 1455 2550 τις
1497 2488 1644 2555 παρὰ

1745 2485 1915 2552 quisa
1955 2501 2076 2555 rege
2126 2489 2485 2554 praeﬁceretur
2524 2492 2721 2557 e0piis.
2774 2502 2827 2545 et
2873 2491 3091 2558 quidam
3150 2490 3286 2544 forte

133 2584 362 2653 βασιλέως
386 2586 687 2654 στρατηγὸς
715 2582 981 2652 προόεὸλη
990 2581 1167 2649 μένος,
1187 2577 1301 2632 εἶτα
1329 2578 1644 2647 διαφθονού-

1746 2576 1993 2630 invidiosi
2056 2578 2333 2633 obSLarent
2378 2592 2430 2634 et
2487 2582 2761 2635 molestias
2807 2595 3056 2635 crearent
3109 2598 3276 2634 num-

129 2674 251 2741 μενοί
298 2692 440 2736 τινες
490 2676 636 2743 αὐτῷ
692 2675 1072 2726 ἐπανίστανται
1124 2672 1217 2724 καὶ
1256 2670 1426 2732 λύπας
1494 2670 1641 2739 αὐτῷ

1742 2666 1866 2733 quid
1886 2676 2102 2734 propter
2129 2683 2295 2721 unum
2321 2670 2455 2722 illud
2486 2671 2753 2725 obliturus
2796 2673 2899 2725 erit
2941 2672 3162 2725 honoris
3190 2671 3286 2724 tri-

126 2766 393 2833 προσάγειν
413 2766 804 2833 διανενόηνται,
838 2766 927 2818 διὰ
957 2767 1110 2819 τοῦτο
1137 2766 1235 2834 τῆς
1262 2765 1425 2832 τιμῆς
1453 2763 1639 2831 ὥσπερ

1739 2755 1878 2819 buti,
1895 2767 1947 2809 et
1974 2757 2038 2810 ad
2064 2760 2209 2812 solos
2232 2759 2525 2828 respiciens
2548 2765 2906 2829 importunos,
2930 2763 3165 2815 animum
3187 2764 3282 2814 de-

122 2858 432 2925 ἐπιλήσεται,
469 2854 537 2930 ἧς
569 2857 793 2927 ἠξιώθη,
829 2864 925 2923 ita}
953 2859 1087 2928 πρὸς
1124 2859 1316 2927 μόνους
1354 2859 1479 2919 τοὺς
1505 2859 1641 2926 ἔπη-

1734 2845 1884 2911 jiciet
1917 2856 1968 2898 et
1992 2862 2223 2903 maerore
2243 2852 2592 2904 eonlicietur?
2627 2852 2812 2906 Nonne
2852 2855 3028 2920 potius
3049 2868 3278 2922 genero-

120 2949 324 3014 ρεαστάς
347 2949 695 3012 ἀποϐλέπων,
718 2948 941 3018 ἀθυμῶν
968 2949 1119 3002 ἔσται
1145 2949 1237 3001 καὶ
1280 2948 1633 3018 ὀδυνώμενος,

1737 2950 1828 2990 sos
1860 2941 2108 2992 evocabit
2133 2956 2344 3005 sensus,
2382 2944 2658 2996 molestias
2690 2946 2987 3011 despiciet,
3021 2947 3084 2996 ad
3117 2958 3277 3011 quam

120 3040 177 3090 Ἦ
199 3039 384 3107 μᾶλλον
411 3042 663 3108 φρόνημα
719 3040 897 3108 φέρων
944 3040 1178 3106 εὐγενὲς,
1207 3040 1312 3092 τῶν
1365 3039 1464 3107 μὲν
1518 3041 1632 3092 ἀντ’
1660 3058 1705 3119 C

1686 3058 1705 3119 ζ
1738 3038 1952 3081 evectus
1987 3029 2405 3097 estdignitatem
2447 3034 2814 3087 considerabit
2851 3044 2904 3087 et
2931 3049 3145 3089 omnem
3180 3036 3281 3088 iut-

78 3190 83 3201 _
117 3130 303 3191 οὐδενὸς
342 3133 610 3201 ἡγήσεται
649 3132 747 3200 τὴν
776 3132 1055 3199 ἐπήρειαν,
1084 3130 1182 3199 τὴν
1222 3132 1278 3184 δὲ
1318 3131 1468 3195 τάξιν
1492 3132 1632 3184 ἑννο-

1737 3120 1930 3185 pendet
1953 3120 2367 3176 sollicitudinem
2403 3133 2460 3177 ut
2498 3125 2663 3178 altius
2711 3127 2942 3180 emineat
2972 3142 3156 3195 ’quam
3181 3127 3276 3193 qui

114 3217 336 3285 ούμενος,
367 3222 445 3283 είς
472 3221 540 3289 ἣν
570 3220 836 3287 ἀνηνέχθη
864 3221 1014 3289 παρὰ
1041 3219 1135 3272 τοῦ
1163 3220 1443 3285 τάξαντος,
1472 3226 1631 3275 παντὶ

1738 3210 1953 3263 obstant
1970 3211 2210 3265 inimici?
2227 3214 2328 3266 Sed
2344 3214 2454 3281 jam
2477 3224 2559 3270 sat
2579 3217 2745 3269 multa
2769 3215 3072 3281 huiusmodi
3092 3231 3275 3270 exem-

112 3311 274 3379 τρόπῳ
303 3311 536 3379 σπουδὴν
570 3310 894 3373 ἐπιδείξεται
940 3313 1038 3380 τῆς
1082 3312 1190 3364 τῶν
1241 3313 1628 3382 ἀντικειμένων

1736 3302 1842 3368 pla.
1878 3301 2036 3355 Vides
2088 3318 2206 3370 quae
2234 3307 2468 3358 futuram
2496 3322 2752 3361 eoroiinm
2775 3321 2828 3361 et
2854 3308 3090 3360 divinam
3118 3307 3273 3360 retri-

112 3402 309 3471 όρᾶσθαι
360 3402 691 3472 ὑψηλότερος
745 3402 1049 3471 ὲπηρείας;
1106 3402 1266 3457 Ἀλλά
1334 3405 1444 3457 τῶν
1530 3406 1628 3473 μὲν

1733 3390 2008 3447 butionem
2037 3397 2363 3463 praecedunt,
2402 3396 2519 3449 vide
2546 3409 2745 3464 quanta
2780 3406 2828 3450 te
2859 3398 2943 3449 hic
2984 3404 3271 3449 maneant:

110 3491 334 3544 τοιούτων
386 3492 842 3561 παραδειγμάτων
888 3492 1025 3553 ἅλις.
1076 3493 1236 3562 Ὁρᾷς
1268 3490 1357 3546 οἷα
1378 3494 1470 3547 καὶ
1522 3496 1628 3565 πρὸ

1732 3483 1877 3539 Laus
1908 3486 1976 3539 ab
2002 3500 2096 3540 ore
2152 3487 2392 3539 omnium
2437 3488 2528 3554 qui
2564 3499 2614 3541 te
2664 3488 2931 3553 noverint,
2964 3488 3102 3540 bona
3129 3486 3270 3540 fama

108 3580 203 3633 τῶν
227 3583 425 3636 ἐκεῖθεν
454 3585 733 3651 στεφάνων
765 3583 856 3635 καὶ
878 3584 974 3648 τῆς
1005 3582 1189 3651 θεῖκῆς
1214 3584 1531 3646 ἀντιδόσεως
1558 3584 1628 3637 τὰ

1730 3576 1872 3644 apud
1923 3577 2111 3630 omnes
2146 3579 2237 3643 qui
2268 3588 2317 3631 te
2339 3593 2447 3631 non
2478 3578 2703 3631 viderint
2734 3587 2787 3632 et
2822 3588 2968 3631 tuam
3003 3578 3145 3632 bona
3169 3577 3270 3630 lida

110 3672 314 3726 ἰνταῦθά
342 3691 422 3735 σοι
450 3675 685 3743 ἀπαντᾷ,
717 3675 745 3725 ὁ
772 3673 918 3741 παρὰ
942 3674 1049 3725 τῶν
1078 3674 1367 3743 γνωρίμων
1385 3674 1625 3737 ἔπαινος,

1726 3666 1937 3719 aurium
1966 3666 2149 3720 mirati
2167 3669 2278 3726 sint
2309 3668 2558 3721 virtutem
2582 3684 2597 3731 ;
2634 3677 2691 3721 ut
2749 3682 2857 3721 uno
2885 3668 3044 3725 verbo
3068 3666 3267 3729 dicam,

107 3760 284 3832 ἠπαρὰ
301 3764 408 3817 τῶν
421 3765 522 3816 οὐκ
541 3764 776 3828 εἰδότων,
796 3763 928 3815 ἀλλὰ
961 3763 1095 3833 μόνῃ
1124 3764 1257 3831 ἀκοῇ
1280 3764 1377 3832 τὴν
1394 3766 1493 3834 σὴν
1507 3768 1628 3832 αρσ-

1726 3756 1795 3809 ab
1840 3756 2095 3809 omnibus
2128 3756 2308 3823 magni
2358 3758 2659 3810 astimaris.
2680 3771 2900 3827 propter
2938 3756 3265 3824 apostolicos

107 3852 188 3921 τὴν
210 3853 586 3924 θαυμαζόντων
611 3852 878 3922 εὐφημία,
934 3855 1031 3905 καὶ
1082 3853 1398 3917 συνελόντως
1426 3856 1622 3918 εἰπεῖν,

1731 3862 1944 3910 cursus,
1983 3848 2270 3915 pra'conia,
2318 3858 2373 3901 et
2404 3848 2617 3902 tandem
2660 3850 3011 3918 apostolicam
3039 3859 3260 3903 sortem.

106 3948 128 3995 ὁ
158 3947 297 4017 παρά
333 3949 546 4019 πάντων
585 3947 928 4016 μακαρισμὸς
990 3945 1172 3999 ἕνεκεν
1212 3948 1305 4021 τοῖς
1325 3947 1683 4003 ἀποστολικοῦ
1721 3947 1920 4015 δρόμου
1944 3944 2041 4001 καὶ
2071 3941 2166 4015 τού
2203 3942 2551 4012 κηρύγματος
2584 3944 2678 3997 καὶ
2709 3947 2807 4015 τῆς
2838 3946 3079 4014 ίσοτίμου
3116 3947 3266 3999 ὲκεί-

113 4052 206 4099 νοις
245 4036 467 4104 λήξεως.
1298 4020 1302 4021 ί
1349 4090 1357 4098 ,
1434 4070 1445 4078 κ
2575 4083 2581 4090 .
3084 4020 3087 4023 Δ
3163 4042 3167 4046 ’

171 4126 318 4179 Ἀλλὰ
365 4129 433 4180 τὰ
467 4128 565 4193 μὲν
595 4126 826 4179 ενταῦθα
874 4129 1117 4182 τοιαῦτα.
1168 4129 1398 4196 Λογίζου
1442 4130 1499 4183 δέ
1532 4147 1621 4199 μοι

1790 4123 1915 4182 Haec
1939 4127 2002 4181 ad
2028 4126 2353 4195 praeteritam
2378 4125 2541 4177 vitam
2564 4136 2837 4193 spectant;
2873 4127 3103 4179 futuram
3135 4140 3257 4179 vero

106 4217 182 4266 καὶ
206 4216 269 4269 τὰ
298 4216 526 4278 ἐκεῖθεν,
554 4215 714 4267 ὁπότε
732 4215 1044 4281 ἀγαλλίασις
1072 4217 1349 4281 ἀδιάλυτος
1369 4219 1491 4271 ἀντὶ
1509 4220 1619 4271 τῶν
1678 4254 1689 4263 κ

1678 4254 1689 4263 κ
1722 4232 1868 4273 nunc
1925 4224 2117 4286 reputa
2174 4216 2262 4270 tibi
2325 4216 2637 4269 indesineus
2660 4218 2765 4270 erit
2789 4217 3080 4271 exsultatio
3113 4233 3129 4269 :
3159 4231 3255 4286 pro

104 4305 181 4358 νῦν
205 4322 257 4361 σε
283 4308 673 4378 περιστήσεται
698 4307 950 4377 θλίψεων,
978 4308 1099 4362 ἀντὶ⁵
1134 4309 1234 4377 τῆς
1255 4326 1322 4378 γυ
1331 4310 1614 4380 μνότητος,

1727 4308 2205 4368 tribulationibus.
2257 4321 2355 4375 pro
2407 4309 2648 4361 nuditate
2714 4316 2768 4361 et
2817 4309 3090 4370 miseriis,
3154 4310 3258 4361 im-
3320 4364 3322 4369 τ

104 4396 205 4450 ἀντὶ
223 4400 317 4468 τῆς
369 4400 533 4471 ἄλλης
587 4400 819 4469 ἀπορίας
872 4400 1101 4462 πλοῦτος
1145 4402 1206 4452 οὗ
1258 4380 1693 4470 προσιέμενοςῘ)

1737 4413 1938 4453 nensas
1983 4397 2282 4465 possidebis
2326 4398 2561 4454 divitias.
2599 4397 2738 4462 Quid
2777 4398 2890 4454 Mc
2931 4397 3254 4453 dicoICum
3330 4449 3332 4454 .

105 4485 235 4552 λόγον
262 4490 337 4551 είς
379 4490 668 4559 ἐκφρασιν.
717 4489 824 4542 Καὶ
878 4490 931 4542 τί
960 4488 1132 4542 ταῦτα
1178 4490 1350 4560 λέγως
1395 4492 1454 4544 ’0
1482 4495 1617 4560 μετὰ

1714 4487 1901 4542 mundi
1926 4487 2238 4547 luminibus
2282 4489 2449 4543 stabis
2474 4489 2655 4543 divina
2701 4491 2821 4545 luce
2860 4491 3093 4558 repletus
3124 4506 3137 4541 :
3171 4491 3252 4543 his

102 4574 192 4627 τῶν
211 4579 499 4649 φωστήρων
522 4576 619 4629 τοῦ
645 4578 846 4645 κόσμου
877 4576 969 4628 τοῦ
999 4577 1141 4629 θείου
1172 4578 1346 4645 φωτὸς
1375 4577 1613 4631 ἐπιπλώσ-

1711 4575 1861 4630 cnim
1904 4577 2321 4630 transformatus
2363 4577 2736 4645 .passionibus,
2783 4578 2964 4631 divina
3014 4578 3246 4646 refulge-

107 4681 240 4732 μενος
265 4670 472 4740 σταίης,
506 4670 598 4722 καὶ
625 4667 719 4722 ἁτε
749 4669 811 4739 δὴ
843 4670 954 4730 τοῖς
983 4669 1201 4722 ἐκείνων
1217 4686 1617 4740 συμμεμορφω-

1710 4665 1796 4721 bis
1842 4666 2031 4734 gloria.
2082 4666 2223 4731 Quid
2275 4671 2599 4736 respondes?
2631 4668 2769 4722 Num
2799 4670 3100 4739 lugebimus
3150 4671 3245 4722 ad-

108 4754 244 4820 μένος
278 4759 636 4830 παθήμασιτῇ
658 4758 779 4829 θείᾳ
801 4759 923 4828 δόξῃ
942 4760 1347 4827 ἀπαστράπτων
1368 4760 1605 4831 όφθείης.

1710 4756 1816 4810 huc
1845 4766 1921 4827 et‘
1956 4768 2155 4811 sortem
2196 4758 2409 4813 illorum
2450 4760 2768 4815 habebimus
2820 4763 2911 4830 qui
2948 4761 3247 4828 desponde-

104 4843 156 4896 'l'l
175 4838 374 4915 λίγειςζ
403 4852 763 4920 Πενθήσωμεν
793 4849 873 4901 ἔτι
902 4848 998 4902 καὶ
1016 4850 1085 4903 τὰ
1112 4850 1221 4903 τῶν
1256 4851 1611 4920 ἀθυμούντων

1708 4855 1834 4901 runt
1864 4847 2143 4901 animum?
2190 4847 2379 4902 Nonne
2413 4851 2596 4918 potius
2626 4866 2840 4904 omnem
2873 4842 3021 4905 anini
3052 4852 3242 4918 despe-

102 4934 403 5002 πεισόμεθας
459 4935 527 5001 ᾚ
586 4935 832 5005 ῥίψωμεν
867 4937 1046 4988 πᾶσαν
1090 4938 1354 5006 ἀθυμίαν,
1387 4938 1482 4990 καὶ
1513 4942 1609 4992 σὺν

1707 4937 1972 4990 rationem
2001 4936 2347 5005 abjicietnus,
2372 4949 2425 4992 et
2454 4939 2633 4993 divina
2655 4922 2877 5009 iuvante
2912 4940 3242 5002 constantia.

100 5021 153 5089 τῇ
178 5024 371 5078 ἀνωθεν
395 5026 653 5097 εύμενείᾳ
684 5030 900 5080 πάντων
919 5026 1175 5096 ὑπεράνω
1219 5028 1327 5080 τῶν
1380 5029 1606 5082 λυπούν·

1704 5040 1894 5081 omnes
1955 5028 2327 5096 superabimus
2388 5024 2643 5083 dolores?
2692 5029 2831 5096 Quid
2898 5029 3042 5083 aliud
3108 5030 3240 5082 mihi

98 5124 189 5163 των
215 5116 705 5185 καταστησώμεθας
735 5118 843 5171 Καὶ
868 5118 981 5179 πῶς
1008 5118 1181 5180 άλλως
1221 5118 1322 5187 ἐμὲ
1368 5119 1484 5172 δέον
1515 5120 1605 5173 ἔλ-

1705 5116 2027 5185 sperandum
2062 5116 2234 5172 foret?
2265 5120 2347 5172 An
2379 5133 2442 5173 ea
2481 5135 2600 5188 qua:
2631 5120 2867 5173 diximus
2896 5118 3047 5173 ﬂocci
3077 5121 3239 5172 facies

98 5200 286 5268 πεζεινς
356 5207 415 5259 El
473 5210 545 5277 μὴ
602 5207 763 5279 λῆρον
813 5209 1013 5277 ἡγήσῃ,
1070 5209 1203 5277 ὅπερ
1262 5211 1478 5273 ἀνάξιον
1506 5212 1604 5282 τῆς

1702 5216 1755 5261 et
1807 5208 2026 5263 minime
2064 5211 2243 5264 studio
2269 5220 2323 5265 et
2366 5211 2578 5279 ingenio
2615 5222 2705 5265 tuo
2750 5213 2912 5281 digna
2954 5211 3236 5267 censebis?

99 5292 181 5362 τῆς
229 5297 486 5361 συνέσεως
523 5298 591 5351 τὰ
643 5298 824 5369 μικρῷ
872 5299 1103 5368 πρόσθεν
1152 5302 1285 5369 ἡμῖν
1311 5303 1595 5372 είρημένα.
2702 5318 2705 5321 ’

154 5382 240 5435 Διά
265 5386 414 5439 τοῦτο
444 5389 625 5443 λοιπὸν
654 5389 754 5458 ήδη
776 5389 1019 5457 παύομαι
1046 5388 1140 5443 τοῦ
1166 5390 1326 5444 πλέον
1344 5410 1395 5445 τι
1422 5393 1599 5461 λέγειν

1769 5394 1875 5448 Sed
1899 5395 2011 5463 jam
2049 5395 2263 5451 dicendi
2308 5397 2462 5450 ﬁnem
2506 5397 2766 5453 faciemus
2792 5400 2857 5451 de
2886 5399 2989 5462 bis,
3022 5408 3076 5451 et
3111 5399 3231 5469 ani-

97 5470 174 5522 τοῦ
206 5474 259 5526 σὲ
314 5479 412 5547 τῆς
478 5480 811 5549 κατεχούσης
845 5480 1072 5549 ἀκηδίας
1131 5482 1437 5539 ἀναλαϐεῖν.
1483 5484 1598 5539 Ἐπ’

1696 5502 1842 5541 mum
1888 5496 2037 5542 tuutn
2069 5491 2361 5544 recreaturi
2401 5492 2466 5544 ad
2512 5495 2671 5545 aliam
2714 5492 2994 5545 materiam
3034 5494 3232 5545 transi-

98 5558 241 5657 ἄλλην
264 5566 316 5618 δὲ
341 5569 614 5639 τρέπομεν
638 5564 734 5621 *τὸν
766 5569 921 5635 λόγον
967 5570 1240 5636 ὑπόθεσιν,
1280 5578 1369 5625 κσιί
1394 5590 1595 5643 παραι-

1696 5593 1835 5632 mus.
1897 5579 2135 5634 lunatam
2188 5581 2281 5635 tibi
2344 5583 2625 5636 hortamur
2671 5592 2728 5636 ut
2781 5583 3117 5638 dulcedinem
3176 5591 3226 5634 ct

96 5662 282 5718 νουντες
308 5662 728 5730 προτρεπόμενοι
760 5660 857 5730 τῆς
908 5659 1212 5732 προσούσης
1244 5680 1326 5717 σοι
1352 5666 1590 5734 πραότην

1692 5670 2073 5739 benignitatem
2118 5681 2171 5728 ct
2218 5688 2312 5743 per
2360 5673 2634 5731 Christum
2676 5676 3035 5732 humilitatem
3084 5692 3225 5731 nunc
