4008 6342
163 327 168 332 “
219 312 309 373 3ιὶ1

1628 310 2034 369 ΕΙῚὸἸὈΙυἸί.

3298 319 3397 379 3ύὲ

217 404 277 456 τὰ
297 401 387 467 τῆς
412 402 628 470 καρδίας
660 401 815 471 ήμῶν
846 402 1240 470 πεφανέρωται.
1289 400 1363 464 ὡς
1392 400 1625 469 τοσαύτη
1659 418 1718 467 με

1857 416 1978 452 meo
2053 399 2382 461 satislicret,
2454 401 2656 453 ultimis
2701 416 2786 454 me
2859 418 3172 469 exponerem
3221 410 3394 461 titulis.

216 492 382 561 ἔφεσις
397 490 485 542 τοῦ
508 493 605 561 τὴν
619 488 940 561 Ἐκκλησίαν
967 488 1280 561 είρηνεῦσαι
1308 490 1435 543 ίδεῖν
1460 489 1554 542 τοῦ
1581 489 1736 552 Θεοῦ,

213 582 280 644 ὡς
301 584 347 634 εί
364 581 514 634 τοῦτο
529 580 832 648 ἠκολούθει,
869 581 1005 650 μηδὲ
1025 580 1125 648 τὴν
1161 583 1239 643 είς
1266 581 1493 648 γέενναν
1516 578 1608 631 τοῦ
1636 596 1736 630 πυ-

215 673 298 739 ρδς
337 670 774 740 παραιτήσασθαι
833 671 1002 741 ρίψιν.
1032 671 1145 725 Νῦν
1187 671 1243 723 δὲ
1272 672 1340 742 ἢν
1366 671 1416 724 οἱ
1442 669 1738 739 ἀπερισκέ-

211 776 349 821 πτως
380 758 722 829 ἐπιζητοῦσιν
779 761 1022 829 εἰρήνην,
1082 760 1235 814 οὐδὲν
1264 759 1453 830 ἔτερόν
1506 761 1673 817 ἐστιν,
1702 760 1736 828 ἢ

210 847 495 918 πρόσληψις
526 851 632 902 τῶν
664 852 738 918 μὴ
769 852 1057 913 συνόντων,
1094 851 1185 904 καὶ
1213 849 1452 920 ἀποϐολὴ
1480 849 1589 902 τῶν
1620 866 1744 901 συν·

207 938 380 988 όντων.
413 935 578 989 Τοῦτο
607 937 649 989 δ’
681 937 746 989 ἄν
782 955 863 999 τις
892 939 1033 992 είποι
1056 937 1249 990 ἕνωσιν
1283 938 1379 989 καὶ
1401 934 1740 1005 εὐφροσύνην

169 1054 181 1088 ,-
203 1025 298 1091 τῆς
316 1026 405 1078 τοῦ
435 1025 568 1079 Θεοῦ
631 1028 978 1097 Ἐκκλησίας,
1007 1027 1124 1081 ἀλλ’
1157 1028 1219 1081 ού
1253 1027 1409 1098 ῥῆξιν
1437 1024 1621 1095 πολλῷ
1653 1025 1741 1079 ά).-

202 1117 498 1187 γεινοτέραν
529 1117 624 1172 καὶ
646 1118 1090 1189 σκυθρωπότητα,
1114 1119 1217 1173 οὐκ
1244 1113 1360 1172 οἶδα
1389 1118 1544 1181 ποίας
1576 1118 1738 1186 ὲσχα-

1849 490 2023 554 Qnam
2063 498 2241 542 autem
2281 489 2357 541 illi
2399 504 2587 557 pacein
2625 492 3025 546 inconsiderate
3060 500 3392 564 perquirunt.

1849 580 1981 633 nihil
2002 580 2148 631 aliud
2177 588 2261 632 est
2281 594 2443 646 quam
2464 585 2761 649 assumptio
2777 583 3079 637 absentiqu
3105 595 3156 638 et
3180 589 3393 650 reiectio

1847 668 2221 735 przescntiutn.
2278 665 2413 732 Quis
2448 681 2576 719 vero
2622 668 2928 723 istiusmodi
2958 686 3068 726 rem
3114 684 3394 730 \‘oraturus

1845 758 1917 809 sit
1947 758 2201 809 unionem
2239 765 2292 809 et
2323 756 2741 824 prosperitatem
2786 757 3037 813 Ecelesim
3069 763 3198 816 Dei?
3234 762 3394 832 Equi-

1840 846 1961 899 dem
2009 846 2215 899 nullam’
2260 847 2418 900 video
2464 856 2743 916 rupturam
2793 849 2881 901 illa
2924 854 3391 919 perniciosiorem,

1839 937 2040 991 nullam
2080 937 2237 1007 cujus
2279 937 2402 992 linis
2432 939 2501 991 sit
2545 940 2934 994 miserabilior.
2966 930 3130 996 Vobis
3164 948 3391 1013 ptuden-

1840 1028 1986 1081 tibus
2019 1044 2126 1082 non
2177 1030 2353 1084 solmn
2405 1032 2743 1096 apparentia,
2786 1031 2865 1084 uti
2891 1030 2972 1097 ﬁt,
3005 1035 3392 1090 consideranda

1838 1128 1988 1184 sunt,
2021 1122 2116 1175 sed
2146 1130 2198 1174 ct
2228 1122 2316 1175 illa
2356 1136 2476 1190 qua:
2502 1136 2565 1173 ex
2600 1125 2983 1188 apparentibus
3014 1138 3285 1180 emanant.

198 1211 305 1271 τιᾶς
356 1211 453 1262 ούκ
492 1204 654 1264 οὖσαν
697 1210 1103 1280 ισχατωτέρανς
1148 1211 1266 1281 Χρὴ
1319 1211 1376 1264 δὲ
1434 1210 1727 1281 φρονίμους
1792 1211 1948 1274 δντας
1998 1212 2144 1279 ὑμᾶς
2180 1215 2253 1281 μὴ
2312 1214 2471 1281 μόνον
2523 1214 2583 1266 τὸ
2626 1212 2686 1277 ἐξ
2728 1216 2988 1285 ἐπιπολῆς
3027 1220 3155 1288 ὁρᾷν
3218 1224 3393 1289 φαινό-

203 1319 367 1377 μενον,
414 1302 547 1355 ἀλλὰ
588 1303 679 1355 καὶ
709 1304 809 1356 ὅσα
836 1306 947 1366 τοῖς
979 1305 1321 1374 φαινομένοις
1360 1303 1718 1369 ἐξακολουθεῖ.

355 1418 518 1474 ΡΛΖ’.
571 1418 832 1489 ’Ῑγνατίῳ
866 1421 1267 1488 μητροπολίτῃ
1303 1417 1572 1478 Κυζῖκου.

266 1533 630 1605 Ἐπιστάμεθα
661 1533 760 1604 τὴν
796 1534 1068 1604 ὑμετέραν
1112 1534 1461 1604 τελειοτάτην
1491 1533 1727 1598 σύνεσιν,

136 1652 139 1657 -
192 1623 277 1675 καὶ
305 1626 469 1694 χωρὶς
491 1625 589 1693 τῆς
633 1624 906 1695 ήμετέρας
936 1624 1272 1694 προτροπῆς,
1304 1623 1515 1676 οἴκοθεν
1545 1639 1725 1675 κινου-

1939 1414 2246 1470 CXXXVII.
2280 1420 2494 1486 Ignatio
2526 1417 2901 1487 Cyzicenorum
2939 1426 3304 1489 mctropolilu'.

1906 1526 2185 1580 Summam
2206 1538 2436 1582 vestram
2462 1529 2861 1597 intelligentiam
2890 1534 3136 1584 novimus
3175 1553 3291 1601 qn;e
3321 1553 3387 1589 ex

1830 1618 2087 1686 ipsamet,
2127 1620 2282 1674 nobis
2335 1620 2449 1673 non"
2492 1620 2854 1685 hortantibus,
2886 1625 3015 1677 bene
3065 1629 3237 1680 vultei
3299 1632 3388 1693 qui

192 1712 349 1781 μένην
377 1712 674 1781 συμπαθῶς
701 1712 843 1781 ἔχειν
867 1713 1003 1781 πρὸς
1048 1713 1139 1764 τὸν
1165 1713 1508 1781 κατασχόντα
1540 1712 1637 1783 τὴν
1672 1714 1718 1765 ὲν

1830 1717 1969 1775 ante,
2002 1723 2099 1763 vos
2170 1710 2890 1779 CyzicenormnEcclesium
2952 1715 3121 1778 rexit;
3194 1717 3391 1768 nihiln-

187 1798 397 1870 Κυζίκῳ
436 1800 759 1870 Ἐκκλησίαν
790 1801 891 1870 πρὸ
923 1801 1020 1868 τῆς
1055 1800 1154 1869 σῆς
1194 1802 1491 1870 ὁσιότητος.
1536 1800 1726 1869 Ὀμως

184 1887 237 1939 δὲ
256 1888 333 1940 ὅτι
355 1888 452 1940 καὶ
473 1890 622 1958 ἡμᾶς
650 1885 880 1952 ἀξιῶσαι
909 1888 937 1940 ὁ
965 1886 1250 1955 ἄνθρωπος
1269 1884 1517 1955 διενοήθη
1540 1886 1726 1937 ἕνεκεν

182 1979 267 2034 τοῦ
290 1980 493 2052 γράψαι
515 1980 652 2052 πρὸς
674 1980 732 2035 σε
777 1970 917 2033 ὥστε
979 1978 1388 2050 ἀνεπηρέαστον
1432 1976 1581 2046 αύτῷ
1624 1976 1724 2045 τὴν

186 2068 320 2136 ζωὴν
346 2066 487 2123 εἶναι
510 2072 572 2122 ὲκ
603 2070 709 2123 τῶν
755 2068 1052 2138 φιλούντων
1081 2068 1433 2135 ἐπεμϐαίνειν
1466 2069 1587 2129 ταῖς
1633 2068 1725 2119 ιὲιλ⁸

181 2161 409 2231 λοτρίαις
432 2160 665 2232 θλίψεσι,
701 2162 801 2231 φεῦ
833 2161 933 2231 τῆς
957 2160 1540 2230 καταδυναστευσάσης
1563 2163 1621 2211 ὲν
1646 2158 1722 2226 τῷ

179 2232 495 2320 ἀνθρωπίνῴ
538 2250 683 2318 γένει
717 2250 912 2312 κακίας
939 2252 952 2302 ί
980 2248 1040 2302 τὸ
1078 2249 1255 2317 παρόν
1293 2264 1375 2301 σοι
1413 2246 1720 2315 διεπέμψα-

179 2359 272 2411 μεν
314 2344 582 2413 γράμμα,
640 2344 823 2395 ἐκεῖνα
876 2342 944 2395 δι’
1001 2340 1166 2395 αὑτοῦ
1227 2339 1655 2409 προτρεπόμενοι
1686 2337 1721 2391 ἃ

176 2431 535 2503 προλαϐόντες
565 2432 793 2501 εἴπομεν
825 2433 920 2485 καὶ
946 2432 1162 2500 φρονεῖς
1202 2430 1297 2483 καὶ
1331 2430 1526 2489 ποιεῖς,
1556 2430 1619 2495 τῇ
1653 2429 1718 2495 σῇ

172 2521 532 2593 φιλανθρώπῳ
562 2522 876 2591 κινούμενος
904 2521 1158 2574 διαθέσει.
1193 2519 1469 2590 Ἐστιδὶή
1495 2518 1717 2582 ἀξίωσις

175 2612 236 2680 ἢν
265 2611 552 2681 ὴξιὼμεθα
571 2612 664 2664 τοῦ
712 2611 931 2666 καθίσαι
963 2612 1126 2664 αὑτὸν
1176 2612 1235 2664 ὲν
1268 2610 1343 2680 τῷ
1376 2609 1719 2680 μοναστηρίῳ

169 2698 222 2753 οὗ
244 2696 311 2771 ῆν
335 2704 424 2756 ὅτε
462 2703 559 2771 τῆς
591 2703 975 2773 μητροπόλεως
1002 2701 1369 2771 ἀπεκεκίνητο
1399 2700 1709 2769 καθεζόμε-

170 2808 281 2852 νος·
335 2793 433 2845 καὶ
484 2788 623 2846 εἶναι
664 2792 811 2860 αὐτῷ
841 2792 1080 2854 καὶτοὺς
1109 2794 1228 2844 ἐκεῖ
1252 2790 1715 2862 προσεδρεύοντας

168 2885 227 2951 τῇ
249 2883 464 2936 ἐκείνου
497 2884 885 2952 ἀνακειμένους
912 2883 1205 2954 θεραπείᾳ,
1244 2884 1336 2935 καὶ
1366 2882 1509 2934 κατά
1547 2880 1716 2951 μηδεο

171 2974 289 3039 μίαν
320 2974 508 3028 αἰτίαν
533 2973 681 3044 αύτῷ
712 2973 966 3044 θλίψεως,
995 2973 1028 3044 ἢ
1064 2973 1427 3042 στενοχωρίας
1460 2972 1715 3040 ἀφορμὴν

166 3067 590 3136 παρεχομένους,
617 3064 850 3136 μάλιστα
876 3062 1342 3133 ἐπαγγελλομένου
1363 3061 1550 3127 αὐτοῦ,
1582 3061 1721 3131 ὅπερ

165 3156 252 3207 καὶ
291 3156 663 3228 πεπείσμεθα,
702 3157 764 3210 τδ
789 3154 1031 3218 επιεικὲς
1074 3152 1170 3207 τοῦ
1212 3151 1502 3226 ἀνθρώπου
1535 3153 1719 3219 ἐπιγι-

164 3245 483 3313 νώσκοντες,
507 3248 583 3312 ὡς
619 3248 769 3301 οὐδὲν
799 3245 922 3301 οὔτε
955 3247 1083 3316 ύμῖν
1125 3246 1360 3314 ἐπαχθὲς
1396 3246 1527 3313 παρ’
1552 3243 1717 3297 αὐτοῦ

1748 3034 1796 3091 C

1831 1800 2011 1851 minus
2064 1800 2114 1851 id
2156 1798 2317 1853 ltonto
2348 1810 2602 1869 precatus
2644 1813 2726 1855 est
2771 1814 2828 1855 ut
2865 1803 3072 1857 litteras
3123 1806 3187 1857 ad
3218 1816 3268 1857 te
3298 1810 3389 1859 da-

1829 1905 2010 1943 remus
2038 1900 2096 1943 nt
2143 1890 2306 1944 vitam
2349 1892 2452 1944 sibi
2496 1892 2674 1945 vivere
2704 1895 2872 1961 possit
2922 1910 3165 1948 securam
3213 1897 3279 1949 ab
3325 1897 3389 1949 iis

1825 1983 1941 2047 qui,
2000 1988 2220 2050 propter
2269 1982 2609 2048 congenitam
2669 1982 2946 2037 hominum
3000 1985 3278 2048 malitiam,
3333 1990 3386 2040 in

1829 2070 2020 2123 alienis
2079 2070 2416 2125 oll‘endendis
2467 2072 2821 2126 delectantur.
2879 2074 3173 2129 Ριιιιδριιιεε
3228 2079 3389 2145 igitur

1824 2159 2017 2214 damus
2070 2160 2275 2214 litteras
2316 2162 2459 2227 licet,
2520 2172 2577 2215 ut
2639 2180 2803 2232 supra
2860 2165 3116 2231 diximus,
3168 2172 3387 2238 proprio

1823 2251 2115 2304 voluntatis
2180 2261 2325 2304 motu
2388 2267 2508 2304 eum
2542 2253 2653 2321 jam
2712 2256 3045 2309 humanitate
3120 2268 3210 2312 tua
3274 2276 3387 2313 ain-

1824 2340 2093 2407 plectaris.
2133 2339 2392 2395 Precatur
2419 2358 2633 2412 quoque
2685 2354 2741 2397 ut
2803 2361 2897 2413 per
2955 2364 3037 2399 me
3089 2349 3188 2417 ipsi
3228 2352 3384 2419 c0pia

1822 2431 1913 2484 tiat
1955 2431 2007 2483 in
2042 2431 2429 2485 monasterium
2468 2432 2725 2486 redeundi
2773 2451 2878 2503 quo
2931 2437 3164 2500 vivebat,
3194 2454 3314 2492 cum
3355 2458 3383 2491 ιι

1822 2518 2104 2587 metropoli
2172 2530 2569 2587 amoveretur;
2638 2523 2767 2591 petit
2850 2535 2907 2578 ut
2974 2527 3063 2593 qui
3124 2542 3387 2581 tuonastr'

1817 2610 1902 2663 rio
1939 2620 1992 2664 et
2023 2607 2246 2663 servitio
2280 2619 2540 2678 praisunt,
2586 2611 2638 2664 in
2700 2614 2842 2666 nulla
2885 2630 2941 2668 re
2983 2619 3153 2684 ipsum
3214 2621 3383 2671 Ιιιιϊε-

1817 2712 1940 2757 sant
1992 2710 2088 2755 aut
2152 2700 2604 2756 oﬂ'cntliculorum
2670 2707 3011 2760 occasiOnetu
3072 2713 3382 2775 suseitent;

1818 2793 2085 2862 promittit
2140 2794 2237 2858 (et
2285 2793 2613 2847 conﬁdimus
2664 2798 2751 2862 qui
2811 2797 3093 2866 benignam
3152 2801 3382 2853 hominis

1818 2892 2067 2937 naturam
2102 2883 2398 2952 novimus),
2449 2900 2549 2939 uec
2588 2886 2764 2949 vobis,
2804 2904 2899 2941 nec
2949 2891 2999 2941 in
3056 2895 3381 2944 ιιιιιιιειειιτιιι

1823 2973 2144 3042 degentibus
2201 2975 2529 3029 incommodi
2556 2980 2683 3047 quid
2714 2996 2809 3034 sua
2847 2984 3000 3051 culpa
3028 2995 3342 3039 eventurum
3368 3006 3379 3048 ,

1828 3065 1939 3118 imo
1997 3064 2231 3134 majores
2281 3066 2476 3121 animae
2539 3076 2592 3122 et
2639 3071 2882 3137 corporis
2944 3077 3378 3133 (ξυιιιιιιυειίιειιυς.

1817 3168 1978 3222 quam
2036 3155 2233 3222 quibus
2294 3157 2351 3210 in
2416 3158 2666 3226 praesenti
2722 3159 2989 3224 fruamur,
3066 3180 3379 3219 uchSsttras

1816 3259 1964 3300 €580.

160 3338 486 3407 ἀπαντήσει,
518 3337 641 3391 οὔτε
669 3340 781 3401 τοῖς
811 3340 869 3391 ὲν
907 3334 985 3407 τῷ
1029 3338 1373 3407 μοναστηρίῳ
1403 3336 1463 3389 τὸ
1491 3337 1703 3403 διάγειν
1741 3335 1998 3405 λαχοῦσιν
2022 3354 2036 3368 ο
2072 3338 2211 3391 ἀλλὰ
2270 3340 2469 3408 μᾶλλον
2496 3342 2679 3405 αὐτοῖς
2746 3348 3164 3415 περιγενήσεται
3203 3350 3379 3418 πλέον,

162 3432 190 3497 ἦ
242 3431 365 3483 ὅσον
416 3430 516 3483 νῦν
564 3430 894 3484 ἀπολαύουσι
941 3428 1183 3499 ψυχικῆς
1234 3428 1329 3482 καὶ
1380 3431 1701 3497 σωματικῆς
1738 3428 2006 3497 ὡφελείας
2038 3430 2069 3497 ή
2100 3432 2467 3500 περιποίησις.

196 3604 203 3607 _
248 3537 259 3544 '
679 3542 855 3594 PAH'.
897 3537 981 3604 τῷ
1019 3537 1199 3603 αὐτῷ.

238 3655 542 3726 ’Δνηνέχθη
572 3654 651 3724 τῷ
693 3653 831 3723 ἁγίῳ
859 3651 978 3721 Θεῷ
1004 3620 1324 3721 εύχαριστία
1348 3652 1500 3721 ήμῖν,
1529 3650 1715 3719 ὥσπερ

160 3740 302 3809 εθος,
327 3746 510 3817 eniti)
537 3744 690 3814 ὑμῶν
729 3742 973 3814 σωτηρίᾳ
1014 3744 1109 3796 καὶ
1145 3741 1496 3811 συντηρήσει,
1526 3741 1716 3794 τέκνον

155 3836 310 3906 ήμῶν
337 3836 510 3907 ἱερὸν,
546 3836 641 3888 καὶ
670 3834 942 3905 εὐχόμεθα
971 3832 1065 3887 καὶ
1098 3832 1180 3889 ἔτι
1225 3848 1284 3884 σε
1333 3831 1714 3902 διατηρεῖσθαι

154 3926 257 3979 ύπδ
280 3929 405 3991 ταῖς
437 3913 615 3988 θείαις
642 3924 867 3994 πτέρυξι
896 3923 1293 3990 φυλαττόμενον
1319 3922 1490 3974 κακοῦ
1510 3922 1709 3983 παντὸς

155 4015 364 4086 ἀπαθῆ.
394 4015 482 4069 Τὰ
504 4014 560 4067 δὲ
596 4014 839 4084 ἡμέτερα
866 4015 916 4065 τί
950 4014 1013 4066 ἂν
1042 4015 1215 4078 sint»;
1265 4012 1409 4082 Πλὴν
1441 4011 1596 4065 τοῦτό
1632 4028 1741 4072 σοι,

152 4106 406 4175 γνωρίζω
432 4106 572 4175 πρὸς
606 4102 772 4175 μόνην
798 4105 895 4173 τὴν
923 4104 1036 4159 ἀνω
1063 4103 1467 4171 ἀποσαλεύομεν
1506 4102 1710 4169 ἀγαθό-

151 4212 312 4267 τητα,
345 4195 618 4267 κρύπτειν
652 4195 956 4265 δυναμένην
978 4196 1048 4248 τὰ
1079 4195 1258 4266 πλήθη
1286 4194 1394 4247 τῶν
1418 4194 1707 4267 ἁμαρτιῶν

150 4285 326 4354 ήμῶν,
359 4286 423 4349 ἐξ
452 4278 528 4337 ὧν
562 4284 654 4336 καὶ
683 4285 813 4353 ήμῖν
841 4284 936 4336 καὶ
960 4284 1121 4336 παντὶ
1156 4282 1235 4353 τῷ
1262 4284 1426 4353 κοινῷ
1460 4283 1700 4353 ἐπεχύθη

2317 3539 2649 3595 CXXXVIII.
2714 3544 2919 3599 Eidem.

1889 3647 1994 3701 Pro
2039 3651 2211 3705 salute
2257 3661 2313 3705 et
2355 3654 2765 3708 conservatione
2813 3669 3009 3719 vestra,
3044 3662 3111 3710 ini
3164 3662 3260 3727 lili,
3300 3668 3375 3717 uti

1816 3741 2077 3805 solemus,
2128 3742 2239 3797 Deo
2282 3756 2470 3798 sancto
2500 3746 2702 3815 gratias
2732 3748 2944 3815 egimus
2980 3764 3029 3801 et
3066 3754 3239 3819 ipsum
3277 3758 3371 3807 ad—

1815 3848 2099 3901 precamur
2138 3844 2195 3886 nt
2230 3835 2334 3888 sub
2382 3836 2582 3891 divinis
2616 3839 2715 3891 alis
2764 3848 3061 3905 protectum
3118 3856 3166 3894 te
3194 3855 3375 3897 (τιιειιιο

1818 3923 1928 3976 diat
1960 3925 2031 3977 ab
2067 3923 2216 3977 omni
2252 3925 2394 3978 malo
2454 3925 2808 3981 incolumem.
2870 3932 3005 3995 Quid
3057 3936 3121 3987 de
3160 3940 3371 3989 nostris

1813 4012 2034 4066 dicam?
2068 4012 2183 4069 Hoc
2213 4030 2379 4069 unum
2411 4014 2505 4070 tibi
2547 4027 2730 4072 notum
2756 4022 2898 4085 volo,
2921 4037 3019 4075 nos
3053 4024 3102 4075 in
3143 4042 3371 4093 stqwrna

1811 4102 2048 4157 bonitate
2097 4105 2388 4169 conlidere,
2420 4122 2541 4174 qua:
2574 4109 2686 4162 sola
2743 4113 3138 4167 multitudnnrm
3175 4132 3364 4183 peren—

1809 4199 1987 4245 torum
2011 4193 2327 4253 nostrorum
2358 4196 2527 4264 possit
2551 4197 2824 4266 obtegere,
2857 4204 2994 4255 unde
3016 4206 3169 4256 uultis
3201 4217 3251 4258 ('I
3286 4219 3367 4259 to-

1804 4281 1841 4334 ti
1872 4283 2115 4338 societati
2177 4293 2324 4338 tanta
2384 4286 2789 4342 tribulationum
2848 4296 3082 4361 procella
3133 4297 3369 4351 itttutissu

148 4374 176 4425 ὁ
204 4374 467 4436 τοσοῦτος
515 4373 676 4442 ζόφος
706 4374 813 4426 τῶν
838 4372 1071 4442 θλίψεων
1092 4392 1105 4406 ο
1150 4376 1284 4443 πρὸς
1306 4375 1368 4427 ὃν
1394 4372 1710 4443 ἀπαγορεύ-

1822 4382 1915 4435 est,
1949 4374 2001 4426 in
2052 4389 2156 4443 qua
2198 4374 2430 4430 vivimus
2492 4378 2653 4431 vita’tn
2703 4397 2809 4433 non
2868 4386 3118 4451 vitalem;
3166 4395 3369 4455 grandi

148 4483 342 4529 σαντες
389 4465 575 4534 ζῶμεν
604 4464 663 4517 ού
712 4465 931 4529 ζῶντες,
963 4465 1058 4517 καὶ
1101 4464 1447 4535 βαρυνόμεθα
1481 4468 1575 4527 τάς
1610 4464 1705 4517 τοῦ

149 4558 301 4627 ήλίου
368 4556 607 4626 ὁρῶντες
653 4557 897 4620 ἀκτῖνας,
953 4557 1046 4607 καὶ
1106 4555 1244 4624 μετά
1291 4558 1400 4607 τῶν
1436 4559 1493 4608 ὲν
1516 4558 1707 4624 τάφοις

147 4647 463 4716 ἀγαπῶμεν
525 4644 730 4715 μᾷλὶρν
792 4644 1200 4709 συντάττεσθαι,
1247 4645 1278 4714 ἦ
1320 4641 1426 4697 τῶν
1475 4646 1576 4698 ὑπὸ
1631 4645 1709 4713 τῷ

150 4739 283 4807 ήλίῳ
314 4737 638 4803 διαγόντων.
690 4736 772 4788 Τὰ
813 4734 911 4805 μὲν
942 4735 1186 4805 ήμέτερα
1205 4734 1448 4787 τοιαῦτα.
1485 4736 1549 4786 Σὲ
1568 4735 1647 4796 δὲ,
1680 4734 1708 4786 ὃ

146 4832 241 4884 καὶ
286 4830 509 4897 φθάσας
560 4823 733 4887 εἷπον,
785 4826 871 4893 εἴη
912 4826 1091 4894 πάσης
1152 4825 1444 4887 κακώσεως
1486 4826 1552 4892 τῇ
1588 4824 1708 4891 θείᾳ

147 4920 557 4990 φρουρούμενον
584 4917 835 4987 εὐμενείᾳ
858 4917 1111 4986 ὑπεράνω
1141 4916 1420 4968 διατελεῖν.

394 5057 561 5111 Ι“ΛΘ’.
597 5055 683 5120 Τῷ
721 5056 958 5124 ἄρχοντι
1005 5056 1121 5107 τῶν
1149 5055 1471 5123 ἀρχόντων.

216 5195 390 5248 Ούδέν
444 5192 721 5254 εὐσεϐείας
778 5192 1390 5263 περισπούδαστότερον,
1445 5191 1566 5244 οὐδὲ
1618 5192 1696 5257 τῷ

143 5286 310 5338 παντὶ
344 5285 451 5355 βίῳ
476 5283 584 5336 τῶν
604 5281 904 5351 ἀνθρώπων
930 5283 1430 5351 σωτηριωδὲστερον
1449 5298 1465 5313 ⁸
1504 5284 1705 5351 ταύτης

143 5377 251 5446 γὰρ
294 5373 822 5445 ὲμπολιτευομένης,
857 5372 957 5425 οὐκ
1007 5370 1199 5439 ἄδηλον
1227 5370 1303 5431 ὡς
1339 5369 1701 5438 θεραπεύεται

142 5468 300 5527 θείς.
334 5462 476 5515 Θεοῦ
508 5463 561 5515 δὲ
592 5462 857 5531 θεραπεία
886 5463 1061 5515 πάντα
1096 5462 1191 5529 μὲν
1221 5464 1444 5530 χορηγεῖ
1468 5462 1534 5513 τὰ
1564 5461 1704 5512 καλά

143 5560 238 5610 καὶ
273 5552 656 5623 συμφέροντα,
693 5551 908 5603 πάντων
944 5550 999 5602 δὲ
1032 5550 1139 5601 τῶν
1197 5550 1527 5618 ἀσυμφόρων
1571 5552 1701 5602 ἀπε-

141 5648 330 5700 λαύνει
371 5644 473 5711 τὴν
514 5644 834 5711 παρουσῖαν.
860 5643 1044 5703 Οῦτως
1072 5644 1163 5694 καὶ
1199 5642 1304 5711 ίὸίᾳ
1337 5642 1569 5704 ἕκαστος
1598 5659 1702 5709 μα.

470 5740 727 5798 Panos.
771 5740 882 5795 Gn.
921 5738 1065 5799 CXI.

1813 4463 2056 4516 videmus
2080 4464 2261 4517 radios
2286 4466 2416 4519 solis
2436 4477 2487 4518 et
2516 4469 2687 4523 satius
2712 4473 2958 4527 ducimus
2993 4478 3043 4529 in
3107 4483 3369 4545 Septtlvt‘is

1815 4552 2133 4621 degentibus
2183 4560 2531 4612 annumerari
2569 4576 2726 4628 quam
2765 4569 2865 4616 sub
2902 4568 3014 4620 sole
3048 4571 3366 4621 viventibus.

1815 4645 1887 4696 En
1921 4657 2102 4699 nostra
2150 4649 2306 4701 sieuti
2357 4662 2521 4714 sunt;
2567 4664 2617 4704 te
2655 4666 2834 4709 autem
2878 4660 2943 4711 ab
2974 4662 3117 4712 nnmi
3165 4667 3365 4720 malitia

1814 4734 2125 4796 liberatum.
2158 4742 2613 4805 quentadmmlum
2651 4746 2754 4810 iam
2787 4748 2927 4809 dixi,
2963 4752 3141 4811 divina
3186 4756 3365 4809 Provi-

1810 4825 1986 4878 dentia
2020 4828 2295 4881 custodiat
2322 4840 2375 4883 et
2408 4838 2687 4901 protegat!

2123 5057 2207 5111 CX
2219 5057 2304 5109 ΧΧ
2318 5059 2331 5109 Ι
2344 5059 2405 5113 Χ.
2444 5059 2677 5127 I’rincipi
2704 5067 3018 5131 principum.

1878 5187 1961 5242 Nil
2014 5192 2208 5258 pietate
2261 5194 2503 5247 sedulius
2540 5196 2956 5263 exquirendum,
2998 5204 3066 5252 nil
3123 5208 3367 5263 humanm

1807 5279 1929 5332 vita:
1955 5282 2265 5335 salutarius.
2321 5282 2389 5335 Ea
2429 5285 2478 5335 itt
2534 5286 2803 5353 repultlira
2838 5303 3102 5350 vmsaote,
3137 5298 3356 5348 mantic-

1806 5381 1946 5423 stum
1984 5374 2042 5424 iit
2071 5374 2210 5441 quod
2245 5372 2382 5426 Deus
2404 5376 2636 5428 colitur:
2671 5380 2816 5445 atqui
2853 5379 2936 5429 llu-i
2978 5382 3153 5439 (‘ullus
3186 5392 3369 5441 omnia

1806 5463 2023 5514 adducit
2062 5464 2197 5515 bona
2227 5466 2636 5533 eomnnodaqne,
2696 5485 2878 5519 οιιιιιιις
2931 5484 3105 5524 autem
3157 5491 3363 5533 amovet

1809 5556 2143 5610 enlatnitatrs
2167 5574 2177 5606 :
2200 5559 2322 5609 him:
2353 5560 2573 5611 feliciter
2599 5562 2733 5612 \itt3l
2756 5573 2801 5611 ot
2830 5565 3066 5629 quisque
3092 5570 3361 5632 privatrm,

1805 5655 1853 5696 et
1901 5645 2116 5713 domus,
2177 5658 2225 5700 et
2268 5649 2476 5711 unitas,
2518 5653 2699 5716 tttique
2729 5660 2779 5701 rt
2811 5668 2937 5721 gens
2971 5672 3180 5734 quoque
3228 5657 3365 5713 rehni

2909 5741 2977 5809 l2
