4086 6344
448 452 551 517 185

1428 460 1796 523 EPISTOLA
1836 463 1937 523 AD
1972 463 2280 525 LEONEM
2324 466 2419 527 III
2448 469 2718 532 ΡΑΡΑΜ.
2774 518 2783 521 -

3567 471 3666 534 1:36

444 570 729 645 ὧρισμένον
762 574 1055 647 μυστήριον,
1087 571 1425 640 ἔπ’ίσχάτων
1452 573 1506 629 δέ
1529 581 1627 629 τῶν
1652 575 1850 649 χρόνων
1878 580 1978 633 ἀπο

2074 624 2084 639 ι
2108 588 2233 635 ante
2249 584 2428 637 omnia
2449 583 2641 638 saecula
2667 580 3080 653 pmdeﬁnitttm,
3125 582 3181 637 in
3203 585 3511 642 novissimis
3536 604 3662 645 vero

440 656 674 725 καλυφθᾶν
718 655 801 709 ἐπί
848 662 1081 732 σωτηρίᾳ
1117 662 1310 722 παντὸς
1353 668 1444 715 τοῦ
1491 665 1662 734 γένους
1711 666 1849 731 ἡμῶν
1871 704 1887 728 ,
1917 670 2001 721 καί

439 743 750 797 ίπιτελεσθὶν
776 743 860 799 διὰ
900 754 989 805 τῆς
1015 748 1229 818 μεγάλης
1256 751 1711 820 συγκαταϐάσεως,
1736 773 1817 806 και
1841 754 2001 821 διρὁ-

439 855 527 891 του
571 838 853 896 οἰκονομίας
880 844 971 892 τοῦ
1013 840 1122 898 ίνὸς
1145 848 1236 900 τῆς
1265 841 1435 913 ἁγίας,
1466 846 1552 896 καί
1580 847 1830 905 ζωοποιοῦ
1849 846 1997 918 Τριά-

436 923 525 984 doc
550 932 777 998 Χριστοῦ
801 932 891 981 τοῦ
931 929 1161 986 ἀληθινοῦ
1187 937 1312 985 Θεοῦ
1352 933 1520 1000 ’ὑμῶν’
1546 933 1629 986 ἶνα
1661 932 1771 987 ὅθεν
1797 935 1914 1003 ἡμῖν
1939 934 1995 987 τό

434 1011 556 1071 εἶναι
581 1018 772 1090 ὑπῆρξε
797 1015 883 1072 διά
915 1024 1003 1076 τήν
1026 1017 1215 1090 ἄφαὲον
1242 1023 1395 1075 αὐτοῦ
1434 1023 1740 1092 ἀναθότητα,
1783 1024 1996 1077 ίντεῦθεν

432 1108 517 1161 καί
541 1107 599 1161 τὸ
624 1101 833 1159 εἶθ-εἷναι
861 1110 983 1177 ἡμῖν
1025 1112 1320 1185 χαρισθείη.
1365 1113 1615 1184 Ὁμολογῶ
1657 1108 1743 1166 οὖν
1785 1117 1869 1168 καί
1902 1134 1989 1169 πι-

429 1199 629 1263 στεῦω,
673 1196 823 1253 αὐτόν
875 1201 959 1254 τόν
1004 1201 1092 1255 ἕνα
1140 1211 1231 1262 τῆς
1275 1208 1569 1277 ζωαρχικῆς
1609 1207 1696 1258 καί
1744 1209 1993 1280 μακαρίας

428 1283 640 1360 τριάδος
666 1286 754 1340 τόν
778 1293 869 1342 τοῦ
897 1295 1022 1342 Θεοῦ
1051 1290 1167 1344 Ϊίόν
1201 1294 1282 1345 καί
1313 1290 1470 1364 Λόγον
1503 1294 1591 1346 τόν
1626 1299 1700 1365 τῷ
1727 1297 1881 1369 [lat-pi
1907 1298 1991 1349 atati

428 1381 504 1448 τῷ
563 1374 688 1447 ἁγίῳ
745 1379 991 1450 Πνεύμειτι
1064 1378 1238 1440 ἁϊδίως
1300 1386 1843 1457 συμπροσκυνούμενον
1902 1387 1989 1438 καί

424 1460 862 1533 σννδοξαζόμενον,
908 1468 976 1526 ὦς
1022 1465 1287 1536 όμοούσιον
1340 1473 1426 1523 καί
1471 1472 1744 1545 σύνθρονον
1792 1474 1987 1546 ἀπείρῳ

424 1549 762 1626 φιλανθρωπίᾳ
805 1551 1088 1625 κινούμενον
1133 1558 1265 1629 πρὸς
1294 1553 1456 1614 οἶκτον
1496 1555 1590 1614 τοῦ
1631 1563 1815 1615 οἰκείου
1861 1562 1988 1616 πλά-

422 1660 654 1709 σματος,
709 1641 913 1717 εὐδοκία
960 1654 1184 1720 πατρικῇ
1223 1650 1302 1701 καί
1357 1653 1650 1720 οίκτιρμοίς,
1701 1653 1889 1726 χάριτί
1927 1671 1985 1707 τε

422 1734 507 1785 καί
549 1735 789 1808 συνεργίᾳ
829 1740 920 1789 τοῦ
951 1738 1198 1808 παναγίου
1244 1740 1548 1810 Πνεύματος,
1588 1742 1886 1797 κατελθόντα
1929 1744 1985 1797 is

425 1828 516 1874 τῶν
557 1823 781 1898 οὐρανῶν
828 1832 943 1884 τοῖς
1003 1825 1277 1899 ἀνθρώποις
1340 1838 1817 1905 συναναστραφῆναι
1838 1870 1854 1896 ,
1898 1833 1982 1888 ἵνα

2100 673 2429 741 temporibus
2457 675 2523 728 ad
2554 673 2717 729 totius
2743 673 2962 727 humani
3001 674 3210 742 generis
3250 674 3479 730 salutem
3508 688 3661 747 pate-

2098 756 2318 823 factum,
2340 769 2397 815 et
2418 777 2515 830 per
2534 777 2782 831 magnum
2806 762 2955 827 illum
2977 763 3452 834 admirabilemque
3478 770 3658 834 unius,

2097 854 2296 901 sanctae
2319 849 2649 918 viviﬁczeque
2676 851 2956 905 Trinitatis
2981 866 3244 920 personat,
3270 853 3472 911 Christi
3500 859 3661 913 nimio

2096 950 2215 990 mm
2269 938 2382 992 veri
2437 940 2531 992 Dei
2572 941 2762 1005 nostri,
2819 941 3173 1007 descensum,
3230 943 3660 1015 ineﬂ‘abilemque

2095 1022 2329 1088 ejusdem
2356 1028 2809 1096 dispensationem
2836 1041 3293 1098 consummatum;
3318 1044 3378 1088 ut
3395 1038 3535 1092 unde
3562 1053 3659 1107 per

2092 1114 2516 1183 inexplicabilem
2548 1118 2714 1186 ipsius
2749 1120 3042 1176 bonitatem
3071 1138 3190 1177 esse
3220 1140 3433 1180 eramus
3461 1129 3653 1189 sortiti,

2090 1204 2217 1260 inde
2250 1207 2413 1260 etiam
2440 1207 2613 1277 ipsum
2640 1209 2779 1264 bene
2805 1226 2923 1265 esse
2961 1213 3348 1281 acciperemus.
3387 1216 3658 1272 Conﬁteor

2090 1292 2270 1362 itaque
2311 1303 2367 1349 et
2409 1298 2572 1350 credo
2609 1298 2826 1352 unicum
2855 1301 3275 1369 cpulentissima:
3308 1304 3657 1360 beatissima:-

2087 1394 2191 1448 que
2217 1382 2500 1438 Trinitatis
2540 1386 2898 1454 suppositum,
2945 1389 3118 1457 ipsum
3160 1391 3407 1447 videlicet
3443 1394 3537 1449 Dei
3566 1395 3655 1449 Fi-

2084 1468 2219 1524 lium
2240 1477 2297 1525 et
2324 1469 2578 1536 Verbum,
2594 1474 2737 1542 quod
2765 1489 2887 1529 cum
2912 1475 3023 1530 Deo
3036 1476 3194 1531 Patre
3222 1487 3277 1532 et
3307 1478 3507 1549 Spiritu
3530 1497 3653 1537 san-

2084 1566 2172 1613 cto
2193 1559 2248 1612 in
2273 1574 2432 1614 omne
2452 1575 2625 1615 :evum
2648 1563 2806 1619 simul
2829 1564 3084 1617 adoratur
3099 1573 3155 1619 et
3191 1567 3651 1636 congloriticatur,

2082 1658 2143 1703 ut
2168 1658 2294 1720 pote
2315 1651 2506 1706 iisdem
2530 1653 2882 1707 coessentiale
2906 1662 2961 1708 et
2982 1656 3250 1723 coaequale
3274 1657 3535 1724 existens,
3566 1661 3651 1716 in-

2082 1740 2231 1794 ﬁnita
2295 1741 2623 1810 benignitate
2669 1750 2726 1796 et
2771 1743 3138 1798 misericordia
3194 1761 3322 1816 erga
3376 1750 3652 1818 proprium

2080 1827 2287 1897 plasma
2320 1837 2546 1895 motum,
2575 1830 2871 1887 accedente
2907 1833 3011 1887 huc
3038 1843 3263 1903 paterna
3291 1834 3564 1890 voluntate
3597 1846 3653 1891 et

424 1910 536 1969 τοὺς
582 1914 970 1984 κατακριθέντας
1014 1916 1148 1985 ἡμᾶς
1185 1917 1342 1972 πάλαι
1380 1927 1442 1989 τῇ
1497 1919 1723 1996 ἁμαρτίᾳ
1766 1924 1850 1975 καί
1889 1931 1978 1985 τῆς

2082 1916 2450 1984 miseratione,
2497 1928 2554 1973 et
2594 1922 2767 1974 sancti
2794 1936 3005 1990 quoque
3040 1920 3272 1991 Spiritus
3295 1925 3488 1993 gratia,
3512 1923 3653 1994 dus-

423 2008 607 2075 ερυφῆς
632 2002 1011 2065 ἐκπεπτωκότας
1040 2007 1372 2081 παραδείσου,
1412 2015 1491 2066 καί
1520 2020 1580 2086 τῇ
1614 2014 1770 2086 φθορᾷ
1795 2014 1981 2074 ὑπενη-

418 2092 691 2162 δεγμὲνους
738 2095 925 2169 χάριτι
989 2100 1338 2168 άνασώσηται,
1387 2107 1469 2156 καί
1524 2106 1661 2164 θείας
1718 2110 1981 2169 κοινωνοὺς

419 2180 775 2253 ἀπεργάσηται
828 2187 1045 2253 φύσεως.
1093 2189 1381 2250 Ἐνοικήσας
1428 2193 1524 2265 γάρ
1571 2196 1623 2247 ἐν
1676 2204 1737 2265 τῇ
1790 2198 1982 2271 ’γαστρί

423 2277 510 2329 τῆς
561 2273 826 2345 Παρθένου,
880 2279 967 2329 καί
1016 2280 1196 2350 κυρίως
1246 2283 1332 2333 καί
1388 2280 1578 2342 άληθῶς
1607 2286 1852 2339 Θεοτόκου
1900 2289 1983 2341 καί

415 2353 598 2443 ψυχὴν
641 2363 727 2414 καί
770 2362 937 2436 σάρκα
989 2366 1421 2439 προκαθαρθείσης
1464 2377 1536 2443 τῷ
1580 2374 1850 2443 Πνεύματι,
1897 2374 1983 2429 καί

420 2442 536 2502 ὅλον
586 2449 657 2507 εἰς
707 2449 885 2504 ἑαυτὸν
949 2453 1219 2526 ἀνειληφώς
1264 2458 1317 2520 ἐξ
1378 2442 1531 2519 αὐτῆς
1592 2463 1651 2515 τό
1709 2464 1979 2538 ἦμίτερον,

411 2535 679 2627 ὧσπεριέν
716 2541 862 2614 ἀρχῇ
900 2544 1308 2606 ζωοπλαστήσας
1343 2550 1427 2602 τὶν
1467 2548 1740 2624 ἄνθρωπον,
1763 2535 1978 2627 προῆλθε

408 2624 531 2683 θεὸς
558 2624 957 2701 σεσαρκωμίνος,
967 2633 1140 2702 μείνας
1169 2639 1322 2689 τοῦτο
1358 2633 1485 2711 ὅπερ
1513 2636 1570 2696 ἦν
1596 2641 1742 2700 Θεός.

474 2884 712 2956 Παρθένον
740 2887 825 2940 καί
851 2890 980 2957 μετά
1015 2891 1162 2945 τόκον
1196 2900 1285 2953 τήν
1314 2896 1579 2971 ὑπερφυῶς
1609 2905 1695 2955 καί
1732 2905 1970 2981 assam;

2081 2004 2310 2074 demque
2352 2009 2728 2078 c00peratione
2762 2009 2829 2063 de
2862 2010 3000 2064 coelo
3036 2012 3401 2077 descendisse,
3437 2022 3493 2068 et
3526 2030 3651 2070 cum

2080 2094 2387 2148 hominibus
2414 2103 2788 2149 conversatum
2815 2111 2956 2159 esse,
2986 2112 3091 2165 quo
3121 2113 3220 2152 nos
3246 2100 3447 2153 dudum
3483 2117 3651 2171 prop-

2081 2191 2166 2237 ter
2192 2193 2472 2252 peccatnm
2501 2186 2806 2251 damnatos,
2836 2194 2892 2239 et
2915 2201 2947 2240 e
2967 2186 3202 2254 paradisi
3237 2189 3442 2244 deliciis
3464 2192 3650 2260 expul-

2082 2288 2187 2337 sos,
2219 2275 2657 2343 corruptioniquc
2697 2277 2988 2339 obnoxios,
3018 2292 3114 2345 per
3134 2278 3361 2346 gratiam
3400 2280 3648 2341 salvaret,

2081 2371 2137 2417 et
2165 2363 2361 2418 divinae
2403 2372 2607 2418 natura:
2629 2365 2924 2433 participes
2949 2365 3203 2421 ediceret.
3243 2369 3299 2422 In
3329 2376 3482 2423 utero
3507 2370 3649 2427 enim

2080 2454 2319 2525 Virginis
2338 2468 2465 2509 vere
2494 2456 2818 2525 proprieque
2844 2456 3088 2525 Deipara:
3116 2458 3444 2521 inhabitans,
3464 2468 3519 2514 et
3550 2475 3648 2529 per

2081 2544 2339 2614 Spiritum
2366 2553 2611 2600 sanctum
2642 2548 2876 2601 animam
2901 2557 2955 2600 et
2976 2563 3196 2602 carnem
3226 2550 3327 2604 sibi
3359 2551 3645 2621 adaptans,

2077 2643 2352 2703 totamque
2368 2644 2605 2689 nostram
2624 2644 2894 2699 naturam,
2909 2640 3356 2704 quemadmodum
3375 2642 3645 2697 hominem

2074 2726 2127 2779 in
2156 2725 2421 2794 principio
2447 2725 2695 2790 ﬁnxerat,
2725 2726 2827 2780 sibi
2850 2727 3142 2792 asciscens,
3168 2729 3367 2797 prodiit
3394 2729 3536 2785 Deus
3571 2731 3645 2786 in-

2073 2820 2347 2868 carn‘atus.

2142 2903 2415 2975 Virginem
2443 2920 2676 2974 quoque,
2713 2921 2831 2975 quae
2857 2910 3342 2976 supernaturaliter
3365 2918 3420 2964 et
3448 2909 3639 2965 inela-

404 2978 652 3027 τεκοῦσαν
687 2983 1036 3049 συντηρήσας,
1068 2982 1311 3053 μηδαμῶς
1350 2994 1441 3047 τῆς
1486 2992 1615 3045 κατά
1656 2978 1809 3063 φύσιν
1831 3015 1969 3069 παρ-

2074 2991 2249 3047 biliter
2272 3001 2573 3061 pepererat,
2601 3003 2722 3062 post
2753 3004 2967 3063 partum
2992 2997 3253 3066 virginem
3272 3001 3639 3067 conservavit,

399 3062 563 3119 θενίας
589 3067 871 3134 τραπείσης
891 3068 965 3128 εἰς
986 3066 1188 3134 ἔνδειξιν
1210 3073 1362 3132 ἀληθῆ
1382 3084 1472 3137 τῆς
1493 3080 1623 3133 κατά
1642 3086 1730 3139 τήν
1752 3062 1969 3157 πρόοδον

2074 3084 2378 3153 virginitate
2416 3085 2559 3139 illius
2586 3062 2879 3140 secundum
2906 3062 3155 3142 naturam
3194 3090 3337 3145 nulla
3380 3107 3448 3145 ex
3488 3062 3641 3161 parte

401 3148 561 3205 αὐτοῦ
600 3162 698 3212 ,τῆς
740 3161 1017 3225 γεννήσεως
1068 3161 1311 3236 ἀτριψίας
1354 3168 1437 3219 καί
1479 3148 1808 3225 ἀναλλοιιὶπου
1849 3172 1965 3227 δια-

2074 3148 2341 3226 demutata
2377 3180 2468 3224 aut
2508 3171 2861 3236 labefactata,
2895 3174 2962 3227 ad
2994 3174 3379 3242 designandum
3421 3148 3516 3246 per
3549 3194 3638 3232 se-

402 3249 575 3334 μονῆς.
624 3254 680 3297 ‘0
705 3243 778 3319 τῷ
825 3253 983 3323 Πατρί
1019 3246 1119 3322 ’γάρ
1166 3261 1420 3326 συμφυὴς,
1464 3257 1489 3312 ό
1532 3259 1802 3328 όμοούσιος
1849 3266 1965 3333 ἡμῖν

2074 3260 2257 3313 ουηᾱω
2276 3262 2571 3316 nativitatis
2594 3276 2926 3330 processum,
2955 3264 3152 3317 nullam
3183 3280 3405 3334 prorsus
3433 3276 3641 3323 natura:

400 3332 532 3386 κατά
578 3334 769 3399 πάντα,
819 3342 985 3413 χωρίς
1030 3341 1286 3414 ἁμαρτίας
1336 3348 1625 3416 γενόμενος,
1669 3332 1965 3424 σπέρματος

2074 3351 2213 3406 illius
2242 3354 2536 3407 accessisse
2565 3354 2949 3419 mutationem,
2991 3363 3083 3409 aut
3114 3355 3505 3410 alterationem.
3537 3357 3642 3424 Qui

400 3419 630 3492 ’Δϐραάμ
673 3424 1090 3496 ίπιλαμϐάνεται,
1136 3435 1511 3506 παραπλήσίως
1568 3441 1688 3510 ἡμῖν
1750 3419 1965 3497 κεκοινω-

2074 3455 2198 3511 ergo
2248 3442 2485 3511 ejusdem
2528 3450 2610 3496 est
2665 3458 2786 3497 cum
2842 3442 3003 3498 Patre
3055 3453 3300 3510 natura,
3345 3446 3500 3501 nobis
3545 3419 3641 3516 per

399 3512 558 3569 ηκὼς
598 3513 813 3581 αἵματος
857 3519 936 3569 καί
964 3520 1171 3593 σαρκός·
1212 3525 1379 3597 σάρκα
1453 3527 1796 3597 ίψυχωμίνην
1834 3532 1965 3586 dmi-

399 3596 716 3694 λεῖοι-ψυχῇ
763 3608 933 3681 λογικῇ
981 3614 1065 3664 καί
1102 3620 1248 3685 νοερᾷ
1282 3596 1522 3686 οὐδαμῶς
1561 3629 1963 3694 προϋποστᾶσαν

402 3696 492 3785 τῆς
524 3688 682 3764 ἄκρας
723 3696 969 3763 ίνὼσεως,
1016 3702 1139 3757 άλλά
1195 3710 1285 3773 μία
1327 3709 1456 3785 σάρξ
1508 3688 1754 3781 ἔμψυχος
1795 3714 1962 3785 λογική

404 3774 489 3830 επὶ
522 3787 612 3839 τῆς
643 3785 774 3837 κατά
820 3788 1031 3861 Χριστὸν
1073 3794 1331 3863 συμφυΐας
1375 3801 1697 3862 πιστεύεται,
1738 3803 1797 3853 οὔ
1845 3803 1970 3855 κατά

404 3869 560 3940 χάριν
594 3876 858 3936 σκηνώσας
903 3879 953 3930 ίν
990 3879 1128 3951 ἦμῖν,
1179 3881 1284 3936 ἀλλ’
1303 3883 1418 3945 ὅλος
1458 3886 1543 3958 ὅλῃ
1585 3898 1646 3963 τῇ
1689 3892 1970 3966 ἀνθρωπεία

399 3961 547 4030 φύσει
591 3967 939 4034 συμπλακείς⁸
992 3973 1349 4044 ἀσυγχύτως,
1394 3981 1474 4031 καί
1523 3961 1837 4053 ἀδιαιρέτως,
1882 3987 1970 4037 καί

400 4048 669 4123 ὑπερφυῶς
707 4059 796 4112 τὴν
824 4057 1009 4127 ἕνωσιν,
1047 4061 1407 4136 ἐργασάμενος,
1436 4068 1517 4121 ἶνα
1544 4069 1597 4122 αί
1635 4072 1965 4130 συνελθοῦσαι

398 4141 572 4195 οὐσίαι
626 4143 855 4230 θεότητός
904 4168 959 4203 τε
1005 4153 1091 4203 καὶ
1122 4153 1524 4225 άνθρωπότητος,
1554 4160 1604 4212 ἓν
1646 4158 1858 4219 ἰδιότητι
1900 4171 1963 4239 τῇ

397 4235 524 4286 κατὰ
550 4236 697 4305 φύσιν
723 4236 1038 4309 διαμείνωσι,
1068 4247 1150 4297 καί
1191 4243 1419 4317 οὐδαμῶς
1448 4252 1517 4309 εἰς
1547 4251 1761 4312 ἀλλήλας
1810 4235 1964 4323 μεταλ

399 4319 584 4376 ϐῶσιν*
623 4328 663 4379 εί
699 4331 784 4379 καί
827 4340 852 4367 ⁸
895 4333 1213 4393 κατακλίσεις
1259 4343 1329 4407 τῷ
1367 4336 1499 4409 λόγῳ
1551 4347 1644 4400 τῆς
1702 4319 1962 4415 supputa:

2068 3533 2247 3585 omnia
2267 3573 2280 3597 ,
2313 3541 2535 3602 peccato
2568 3542 2776 3587 tantum
2809 3536 3052 3601 secluso,
3084 3536 3259 3590 factus
3285 3545 3367 3591 est
3387 3552 3640 3594 coessen-

2069 3621 2244 3685 tialis;
2293 3622 2494 3675 etenim
2520 3624 2726 3677 semine
2755 3624 3027 3679 Abraham
3055 3636 3336 3697 suscepto,
3372 3630 3551 3684 carnis
3586 3638 3641 3684 et

2067 3713 2360 3780 sanguinis,
2390 3714 2612 3782 perinde
2637 3728 2699 3767 ac
2734 3731 2873 3768 unus
2899 3731 2963 3767 ex
2995 3719 3168 3782 nobis,
3198 3719 3373 3773 factus
3402 3729 3485 3774 est
3510 3736 3635 3789 par-

2064 3801 2249 3869 ticeps,
2275 3817 2600 3871 camemque
2626 3806 2805 3857 anima
2834 3805 3165 3874 intelligente
3195 3809 3527 3864 viviﬁcatam
3554 3828 3639 3865 as-

2065 3892 2311 3959 sumpsit,
2356 3892 2503 3947 nullo
2551 3894 2765 3961 quidem
2814 3904 2971 3963 pacto
3021 3906 3145 3950 ante
3182 3913 3446 3952 summam
3491 3902 3636 3955 illam

2064 3980 2314 4033 unionem
2343 3982 2774 4049 prmexistentem
2800 4023 2815 4047 ,
2857 3984 2951 4036 sed
2980 3984 3137 4038 simul
3176 4000 3395 4039 carnem
3422 4027 3436 4051 ,
3477 3990 3637 4045 simul

2066 4069 2244 4122 anima
2301 4070 2525 4124 rationis
2572 4081 2819 4139 compote
2861 4073 3152 4127 animatam
3181 4112 3196 4137 ,
3242 4076 3402 4129 simul
3459 4079 3634 4137 Verbo

2064 4160 2303 4226 unitam;
2352 4175 2454 4215 nec
2491 4178 2706 4216 rursum
2750 4164 3042 4217 secundum
3089 4164 3265 4220 solam
3300 4167 3529 4236 gratiam
3579 4171 3634 4225 in

2064 4256 2247 4303 nostra
2280 4257 2469 4302 natura
2497 4250 2797 4317 habitavit,
2837 4252 2930 4306 sed
2958 4259 3102 4307 totus
3128 4254 3227 4308 toti
3259 4255 3507 4311 humanae
3539 4273 3630 4313 na—

2062 4347 2198 4393 turae
2223 4338 2539 4408 conjunctus
2558 4380 2572 4405 ,
2600 4340 2961 4407 inconfusam,
2992 4342 3311 4399 indivulsam
3331 4387 3345 4411 ,
3372 4363 3621 4420 superna-

396 4422 730 4488 παραχωρεῖν
778 4418 996 4479 εὺσιϐὖς
1042 4430 1249 4495 νοοῦμεν
1294 4422 1377 4480 διὰ
1422 4433 1512 4485 τήν
1561 4435 1658 4482 τῶν
1706 4432 1960 4500 ὀνομάτων

2074 4429 2390 4497 :uralemque
2438 4430 2690 4483 unionem
2736 4439 2988 4499 operatus
3026 4439 3109 4486 est
3140 4446 3157 4486 :
3198 4434 3376 4487 divina
3407 4418 3548 4491 enim
3578 4448 3630 4493 et

400 4499 663 4569 ἔπίζευξιν,
703 4504 891 4577 ίπινοίᾳ
937 4512 1035 4585 γάρ
1073 4511 1197 4584 μόνῃ
1234 4518 1318 4568 καί
1357 4517 1411 4569 οὐ
1457 4515 1726 4591 πράγματι
1782 4499 1978 4581 διΐοταέ

2074 4535 2288 4573 tumana
2334 4528 2524 4574 natura
2571 4521 2712 4575 inter
2754 4536 2813 4575 80
2859 4531 3116 4579 coeuntes
3172 4524 3226 4578 in
3265 4527 3494 4580 naturali
3531 4543 3626 4582 Sllil

397 4591 515 4687 σθαι
562 4592 860 4670 δοξάζομεν,
910 4599 991 4657 διά
1038 4608 1130 4665 τήν
1182 4605 1417 4685 ὑπερφυᾶ
1466 4617 1564 4664 τῶν
1628 4613 1956 4671 συνελθόντων

2074 4610 2383 4678 πορτίεῑοιε
2422 4609 2771 4664 indemutatze
2826 4613 3121 4680 persistunt
3155 4624 3626 4687 persevcrantque,

397 4677 594 4736 Ῑνωσινι

467 5411 536 5468 τι
575 5413 842 5486 μοναδικόν
868 5413 921 5472 Si
949 5420 1034 5472 καί
1050 5423 1232 5475 ένιαῖον
1258 5427 1348 5482 τῆς
1372 5421 1733 5489 ὑποστάσεως,
1765 5422 1949 5496 φυλάτ-

398 5501 570 5555 τεσθαι
634 5503 934 5575 πιστεύομεν
1001 5503 1219 5577 ἄτμητον
1279 5512 1361 5563 καί
1424 5510 1642 5582 ἆρῥαγές
1702 5509 1948 5582 διαμενον’

2054 4715 2153 4754 nec
2190 4699 2298 4752 ulla
2339 4714 2404 4753 ex
2432 4708 2587 4767 parte
2612 4700 2667 4752 in
2704 4715 2762 4753 se
2785 4711 2974 4756 mutuo
3010 4703 3488 4759 transformamur.
3528 4708 3634 4761 Vc-

2054 4798 2359 4843 rumtamen
2400 4796 2620 4858 propter
2640 4790 2938 4844 naturalem
2965 4792 3109 4847 illam
3143 4795 3429 4848 coitionem
3456 4802 3511 4849 et
3531 4811 3596 4850 co

2052 4877 2253 4948 pulam,
2272 4877 2547 4930 nominum
2571 4888 2783 4945 Quoque
2805 4881 3344 4936 communicationem
3364 4891 3623 4938 mutuam-

2052 4981 2157 5036 que
2181 4966 2660 5036 reciprocationem
2680 4967 2768 5034 pie
2790 4970 3187 5023 concedendam
3223 4972 3620 5037 existimamus,

2053 5056 2480 5130 quandoquidem
2507 5063 2727 5126 pr0pter
2751 5058 3030 5127 physicam
3063 5059 3205 5113 illam
3228 5062 3596 5116 admirandam
3620 5094 3623 5098 λ

2052 5162 2156 5220 que
2184 5147 2492 5202 coeuntium
2520 5155 2834 5201 naturarum
2857 5149 2998 5203 inter
3018 5164 3076 5204 se
3101 5152 3377 5216 unionem,
3408 5166 3515 5206 non
3539 5168 3617 5216 re,

2052 5238 2147 5293 sed
2181 5237 2293 5291 sola
2333 5236 2730 5306 imaginatione,
2756 5237 2914 5293 unius
2956 5239 3303 5309 ejusdemque
3332 5241 3615 5307 quamdam
3650 5314 3657 5321 ἢ

2050 5331 2140 5384 hic
2171 5328 2566 5383 distinctionem
2595 5329 2900 5383 statuimus.

2122 5424 2291 5479 Porro
2330 5431 2507 5478 autem
2531 5463 2546 5488 ,
2592 5423 2735 5491 quod
2765 5438 2885 5478 cum
2922 5432 3240 5479 naturarum
3277 5425 3616 5483 distinctione

2050 5531 2294 5587 persona:
2318 5512 2661 5584 singularitas
2684 5513 3027 5587 ejusdemque
3046 5515 3227 5571 unitas
3251 5513 3511 5571 indivulsa
3536 5519 3614 5572 in-

400 5588 755 5647 καταϐαλέσθω
802 5595 899 5666 γάρ
928 5595 957 5653 ἦ
995 5594 1340 5667 φωτασιὼδης
1366 5601 1455 5651 τοῦ
1497 5600 1785 5661 ἀπατεῶνος
1850 5602 1951 5655 Βὺ-

2074 5609 2459 5673 nterruptaquc
2483 5620 2697 5676 semper
2725 5607 2987 5662 consistat
3012 5613 3434 5677 permaneatque
3466 5604 3609 5673 (nam

468 5716 744 5817 :ﬁYemPE
772 5725 899 5817 aest-6:
920 5726 1230 5817 κλὼειςῖίττ
1252 5731 1371 5801 περί
1402 5740 1599 5817 χωρεῖν
1623 5750 1635 5784 :
1662 5742 1720 5787 υι
1739 5733 1809 5817 sit
1833 5749 1946 5817 set:-

2074 5740 2437 5817 onjungtionis.
2466 5760 2555 5797 eas
2582 5746 2637 5799 in
2664 5762 2717 5800 se
2739 5746 2954 5799 invicem
2983 5746 3225 5800 exsistere
3243 5745 3324 5813 pie
3344 5742 3610 5817 intelliga-

402 5788 597 5855 tentia;
655 5793 935 5846 secundum
983 5788 1349 5865 appellationis
1379 5788 1647 5862 ,"rtitione
1699 5802 1955 5857 natura/is

2048 5827 2180 5864 mus.
2216 5811 2532 5868 HARDL‘INUS.
