4008 6342
204 247 296 312 385

204 357 389 414 ἀδικίαν
438 352 581 419 παρὰ
612 348 747 400 Θεοῦ
796 347 1052 411 ὑποστὰς,
1091 347 1232 401 οὕτω
1258 348 1446 416 φαίνου
1485 347 1729 414 κατηφὴς
1758 352 1801 406 Α

204 447 284 501 καὶ
312 431 728 508 σκυθρωπάζων.
785 438 894 490 Καὶ
925 438 1034 507 γάρ
1069 439 1118 489 οἱ
1145 438 1419 506 κατηφείᾳι
1449 435 1541 488 καὶ
1590 451 1724 486 σκυο

201 535 483 607 θρωπότητι
554 528 1046 597 συγκατεχόμενοι,
1107 527 1325 589 πάντως
1381 527 1470 580 διά
1522 524 1725 592 ζημίας

198 627 332 686 τινάς
363 622 452 674 καὶ
480 614 682 688 βλάϐας
728 617 796 670 τὰ
835 618 1056 669 τοιαῦτα
1085 617 1401 686 πάσχουσινζ
1436 617 1549 668 Οὐκ
1581 614 1725 667 ἔστιν

196 711 278 767 οὖν
301 711 539 780 φοϐερὸν,
579 710 814 762 δέσποτα
859 709 950 760 καὶ
995 707 1183 760 τέκνον
1217 725 1317 776 μου
1348 709 1721 776 ἠγαπημένον,

195 805 248 854 τὸ
269 801 495 870 νομίζειν
519 797 857 868 ἐζημιῶσθαι
909 799 1058 866 ἡμᾶς
1093 795 1195 848 ὐπὸ
1223 796 1357 850 Θεοῦ
1393 797 1486 852 καὶ
1521 796 1725 866 βλάϐην

193 893 301 946 τινά
332 893 453 959 παρ’
509 887 673 942 αὐτοῦ
721 888 1032 958 ὑπομεῖναι,
1067 887 1160 941 τοῦ
1185 887 1500 952 δοξάσαντός
1544 903 1603 940 σε
1636 889 1728 939 καὶ

195 983 314 1052 πρὸς
346 981 404 1031 τὸ
459 978 590 1046 ὕψος
632 978 732 1044 τῆς
783 977 1058 1047 βασιλείας
1109 978 1476 1046 ἀναγαγόντος
1503 976 1728 1045 καὶτῆς

193 1069 532 1141 κληρονομίας
558 1069 722 1121 αὐτοῦ
755 1069 854 1137 τῆς
881 1069 1042 1137 ἁγίας
1081 1067 1345 1138 δεσπότην
1413 1068 1508 1121 καὶ
1541 1067 1728 1136 κύριον

190 1161 608 1229 καταστήσαντος
636 1176 653 1226 ;
687 1158 799 1229 Μὴ,
831 1143 1388 1230 παρακαλῶ,’μηκέτι
1417 1157 1726 1228 θρηνῶμεν,

191 1249 258 1318 μὴ
293 1244 637 1316 ὀδυρώμεθα,
691 1246 766 1316 μὴ
823 1245 922 1315 τὴν
977 1246 1279 1315 κατήφειαν
1305 1231 1724 1314 περιφέρωμεν.

188 1339 310 1391 ἀλλὰ
354 1337 551 1406 μᾶλλον
603 1335 1016 1405 εὐχαριστῶμεν
1075 1337 1166 1387 καὶ
1218 1335 1529 1402 δοξάζωμεν
1556 1337 1629 1396 ὡς
1671 1337 1727 1386 ἐν

189 1432 287 1492 τοῖς
340 1428 518 1490 ἄλλοις
561 1429 734 1492 πᾶσι,
765 1429 857 1481 καὶ
906 1430 963 1481 ὲν
1011 1428 1183 1498 τούτῳ
1215 1429 1305 1481 τὸν
1335 1426 1394 1492 ἐξ
1422 1429 1595 1496 ἀρχῆς
1635 1429 1726 1482 καὶ

188 1521 337 1590 μέχρι
368 1519 457 1572 τοῦ
509 1521 796 1590 παρόντος,
826 1521 915 1573 τὸν
958 1520 1048 1573 σὸν
1084 1519 1451 1590 φαιδρύναντα
1496 1519 1610 1587 βίον
1633 1521 1727 1572 καὶ

185 1611 604 1679 εὐεργετήσαντα
629 1626 642 1640 ⁸
675 1613 769 1663 καὶ
798 1611 877 1663 ἔτι
905 1611 1241 1678 πεποίθαμεν
1285 1613 1352 1680 τῇ
1384 1609 1549 1663 αὐτοῦ
1585 1611 1725 1676 ἀγαο

184 1700 354 1770 θότητι
416 1701 516 1764 τὰς
571 1702 888 1772 εὐεργεσίας
957 1701 1372 1772 ὲπαυξήσοντα,
1417 1701 1510 1752 ἐὰν
1568 1702 1726 1769 ἡμεῖς

1631 236 1676 292 Ε
1687 237 1750 294 PI
1762 236 1864 293 S'I‘l
1877 238 1896 284 ὶ
1907 236 2035 294 LE.

3284 215 3384 280 386

1831 330 2024 397 stem‘:
2060 341 2258 396 etenim
2293 339 2386 408 qui
2437 337 2611 390 tristia
2645 344 2699 389 et
2733 333 2899 387 animi
2938 333 3240 402 dejectione
3264 346 3380 399 pre-

1828 441 2070 495 muntur,
2103 443 2316 496 semper
2337 425 2724 480 detrimentum
2755 432 2806 476 et
2843 423 3040 474 damna
3076 419 3380 487 patiuntur.

1827 523 2023 576 Nonne
2048 534 2133 574 res
2157 517 2521 578 formidanda,
2543 533 2574 568 o
2593 514 2812 567 domine
2827 521 2880 566 et
2903 511 2976 564 ﬁli
3007 508 3380 572 dilectissime.

1826 613 1870 666 si
1903 621 2118 680 putares
2153 617 2203 661 te
2230 610 2486 660 damnum
2517 601 2789 672 quoddam
2827 615 2892 652 ex
2927 598 3034 652 Deo
3062 597 3262 650 habere
3291 596 3382 664 qui

1829 713 1876 756 te
1915 699 2258 769 gloriﬁcavit,
2305 695 2372 750 ad
2413 693 2684 762 fastigium
2719 690 2867 758 regni
2907 689 3082 742 evexit
3109 696 3162 741 et
3191 687 3242 739 in
3277 687 3385 738 ha:-

1831 791 2056 844 reditate
2096 797 2282 842 sancta
2335 799 2434 839 sua
2473 783 2752 836 dominum
2818 789 2872 833 et
2934 778 3121 831 herum
3181 776 3385 830 consti-

1829 881 1973 936 tuit?
2021 878 2119 944 Ne,
2173 893 2359 947 quaeso
2410 874 2641 943 amplius
2677 872 3122 940 ingemiseamus,
3169 881 3269 920 nec
3314 866 3381 919 de

1827 981 1970 1027 sorte
1998 984 2314 1040 queramur,
2359 981 2536 1035 neque
2569 954 2844 1018 tristitiam
2889 959 3342 1016 circumferamus
3371 974 3384 1018 ;

1828 1065 1937 1117 imo
1960 1063 2159 1131 gratias
2191 1068 2244 1112 et
2276 1059 2502 1127 gloriam
2535 1055 2904 1108 retribuamus
2948 1053 3000 1104 in
3035 1053 3119 1104 his
3159 1051 3298 1103 sient
3335 1060 3389 1101 rt

1829 1155 1880 1208 in
1897 1153 2022 1208 aliis
2045 1153 2172 1214 Deo,
2203 1152 2294 1219 qui
2319 1151 2386 1203 ab
2411 1149 2562 1202 initio
2588 1159 2760 1216 usque
2788 1143 2853 1198 ad
2880 1144 3021 1196 hunc
3045 1141 3187 1195 diem
3220 1145 3383 1193 vitam

1833 1254 1976 1298 tuam
2013 1241 2303 1297 illustravit
2350 1251 2404 1293 et
2441 1237 2718 1292 benellciis
2751 1234 2994 1298 ornavit;
3045 1230 3386 1285 conﬁdamus

1827 1337 2004 1390 adhuc
2027 1334 2285 1389 beneﬁcia
2325 1333 2565 1386 bonitate
2598 1331 2765 1398 ipsius
2802 1328 2855 1380 in
2885 1341 2984 1380 nos
3014 1325 3266 1378 rellatum
3299 1322 3386 1382 iri.

1828 1429 1873 1481 si
1890 1427 2375 1494 complacuerimus
2394 1422 2494 1492 ipsi
2512 1430 2566 1476 et
2588 1435 2684 1489 pro
2703 1420 2900 1472 viribus
2923 1415 3392 1470 coluerimns.llti-

1828 1533 1950 1570 nam
1970 1515 2216 1569 Christus
2235 1513 2374 1568 Deus
2392 1510 2687 1580 noster,qui
2714 1511 3075 1578 supereminet
3095 1506 3220 1559 huic
3237 1503 3388 1558 dolo-

1830 1607 1872 1660 ri
1926 1605 2281 1673 omnibusque
2297 1603 2530 1656 luctibus
2550 1602 2687 1656 tristi
2709 1600 2831 1653 huic
2846 1601 2963 1652 vita:
2979 1595 3389 1655 inhzerentibus.

1832 1697 2195 1751 lnereditatcm
2228 1693 2408 1764 gaudii
2447 1703 2498 1747 et
2523 1692 2811 1746 hilaritatis
2846 1697 3058 1744 aeternae
3088 1702 3118 1741 c
3139 1685 3383 1738 incedat!

183 1793 484 1860 εὐαρεστεῖν
543 1791 709 1862 αὐτῷ,
773 1793 867 1845 καὶ
920 1793 1061 1846 κατὰ
1102 1791 1359 1860 ’δύναμιν
1395 1791 1460 1843 τά
1495 1795 1574 1853 εἰς
1648 1789 1941 1860 θεραπείαν
1963 1787 2221 1852 πράττειν
2288 1782 2706 1848 σπουδάσωμεν.
2742 1779 2838 1846 Είη
2863 1779 2918 1830 δὲ
2955 1776 3184 1846 Χριστος
3219 1775 3392 1836 ὁθεὸς

182 1884 326 1956 ἡμῶν
381 1885 472 1938 καὶ
520 1885 724 1954 ταύτης
775 1884 1030 1956 ὑπεράνω
1064 1884 1165 1954 τῆς
1205 1884 1382 1953 λύπης
1428 1885 1597 1947 τιθεὶς
1638 1886 1731 1937 καὶ
1769 1883 1987 1934 πάντων
2041 1878 2324 1948 λυπηρῶν,
2375 1878 2476 1930 ὅσα
2549 1878 2613 1945 τῇ
2679 1874 2916 1944 ὀδυνηρᾷ
2948 1871 3118 1940 ταύτῃ
3152 1886 3393 1937 παρακο·

181 1977 377 2045 λουθεῖν
407 1974 513 2030 οἶδε
548 1976 684 2057 ζωῇ,
720 1977 815 2030 καὶ
846 1976 945 2040 τῆς
997 1978 1218 2030 αἰωνίου
1273 1978 1444 2047 χαρᾶς
1473 1980 1565 2030 καὶ
1594 1977 1952 2046 φαιδρότητος
1983 1973 2356 2044 παρεχόμενος
2383 1971 2481 2042 τὴν
2512 1969 2897 2038 κληρονομίαν.

521 2087 689 2138 PNZ'.
745 2085 1048 2156 Δημητρίῳ
1110 2086 1384 2145 Κυζικοῦ.

245 2197 454 2265 Ὥσπερ
532 2192 597 2266 ἧν
659 2195 941 2264 προσῆκον
989 2194 1181 2247 τέκνου
1226 2197 1356 2265 ἡμῖν
1393 2195 1729 2262 ποθουμένου

165 2286 539 2354 ,ἀναμαθοῦσιν
561 2278 880 2354 εὐετηρίαν,¹
899 2286 931 2354 ἠ
947 2285 1270 2356 ὀφειλομένη
1299 2285 1375 2356 τῷ
1395 2286 1512 2356 Θεῷ
1543 2288 1735 2357 ἀνηνέ-

179 2379 270 2448 χθη
297 2377 637 2448 εὐχαριστία.
673 2375 955 2446 Εὶχόμεθα
983 2376 1037 2429 δὲ
1069 2379 1163 2429 καὶ
1189 2376 1269 2430 ἔτι
1302 2379 1506 2440 παντὸς
1545 2378 1732 2429 λυπεῖν

178 2473 366 2532 είδότος
430 2469 834 2538 ἐναντιώματος
888 2469 1159 2538 ἀνώτερον
1197 2470 1594 2542 διατηρεῑσθαι,
1637 2473 1731 2524 καὶ

180 2561 306 2614 κατὰ
399 2559 569 2630 μηδὲν
650 2558 750 2628 τὴν
835 2559 988 2627 ὐμῶν
1070 2558 1269 2629 ἀρετὴν
1383 2562 1463 2622 εἰς
1529 2562 1589 2611 τὸ
1665 2561 1734 2612 τά

177 2654 342 2704 οἰκεῖα
417 2651 682 2721 πράττειν
772 2648 1178 2718 ἀπείργεσθαι,
1256 2650 1370 2704 ἀλλ’
1457 2652 1726 2722 ὐπάρχειν

177 2744 254 2794 ἀεὶ
293 2741 430 2814 πρός
482 2757 542 2792 τε
570 2740 668 2811 τὴν
708 2740 856 2792 θείαν
890 2741 1274 2810 εὐαρέστησιν,
1325 2743 1580 2811 καὶπρὸς
1634 2741 1750 2810 τὴν,

177 2830 263 2885 τοῦ
320 2835 579 2904 ποιμνίου
631 2833 948 2901 κατάρτισιν
973 2833 1384 2901 ἀνεμπόδιστον.
1431 2835 1496 2885 Ἀ
1525 2834 1580 2886 δὲ
1608 2833 1734 2904 περὶ

175 2927 274 2977 τῶν
308 2923 592 2995 κληρικῶν
652 2921 917 2991 ἔγραψας,
953 2921 1059 2974 τῶν
1097 2923 1195 2975 οὐκ
1221 2915 1336 2975 οἶδα
1364 2923 1480 2986 πῶς
1506 2924 1643 2976 είπω
1673 2923 1732 2988 ἐξ

174 3011 516 3081 ἀσυνεσίαςῆ
547 3013 882 3081 κακουργίας
927 3013 1001 3082 μὴ
1031 3011 1400 3081 βουληθέντων
1428 3014 1734 3082 ἀπαντῆσαι

175 3103 228 3154 ἐν
257 3106 320 3172 τῇ
368 3101 657 3171 ὡρισμένῃ
712 3101 911 3170 κρίσει,
946 3099 1037 3155 διὰ
1081 3103 1139 3155 τὸ
1167 3103 1242 3172 μὴ
1266 3102 1414 3169 δόξαι
1444 3105 1589 3173 ἡμεῖς
1625 3098 1736 3157 οἷον

175 3192 364 3261 πικρία
396 3191 509 3244 τινὶ
574 3189 963 3258 ἀντιφέρεσθαι
1013 3191 1150 3261 πρὸς
1187 3194 1287 3261 τὴν
1313 3193 1516 3247 τούτων
1550 3196 1729 3264 πλημ-

176 3281 412 3349 μέλειαν,
469 3280 648 3344 καλῶς
693 3281 804 3350 ἔχει
865 3280 1036 3352 βραχύ
1087 3299 1139 3335 τι
1178 3265 1605 3354 προσυπομεῐναι
1641 3285 1732 3338 καὶ

173 3371 588 3442 προτρέψασθαι
646 3372 862 3435 αὐτοὺς,
914 3371 1094 3435 καθὼς
1124 3371 1220 3425 ἀπ’
1270 3375 1444 3444 ἀρχῆς
1485 3375 1729 3447 ὥρισται,

172 3465 258 3516 ἐπὶ
301 3463 400 3516 τοῦ
448 3465 615 3516 τόπου
664 3463 1096 3532 παραγενέσθαι,
1140 3462 1234 3517 καὶ
1266 3465 1340 3534 τῷ
1366 3464 1558 3534 δικαίῳ
1593 3467 1731 3535 λόγῳ

173 3555 527 3608 καταθέσθαι.
559 3554 618 3606 Ei
649 3554 705 3606 δὲ
737 3553 812 3622 μὴ
840 3551 1132 3622 βούλοιντο,
1165 3553 1377 3606 metu
1401 3557 1497 3624 τῆς
1527 3556 1731 3618 οἰκείας

171 3646 492 3714 ἀντέχονται
525 3645 916 3714 κακοτροπίας,
945 3647 1066 3696 τότε
1104 3645 1242 3714 ὅπερ
1269 3645 1527 3714 ⁴ἠξίωσας,
1559 3645 1730 3712 ἔσται,

171 3739 260 3786 καὶ
286 3735 532 3805 γράμμα
561 3737 691 3804 παρ’
738 3736 894 3806 ημῶν
944 3727 1410 3804 ὲκπέμφθήσεται,
1447 3737 1585 3789 ὥστε
1640 3741 1734 3790 καὶ

170 3828 418 3878 ἀπόντων
443 3825 621 3878 αὐτῶν
656 3825 830 3893 πέρας
880 3824 1196 3888 ἐπιτεθῆναι
1229 3827 1337 3888 τοῖς
1368 3829 1730 3896 κεκριμένοις.

171 3917 276 3970 Καὶ
303 3919 464 3987 ἡμῖν,
499 3915 694 3984 ἀδελφὲ
739 3917 832 3969 καὶ
864 3917 1054 3969 τέκνον
1084 3917 1144 3969 τὸ
1191 3918 1419 3986 μάλιστα
1448 3920 1732 3988 ἠγαπημέ-

172 4025 254 4061 νον
287 4009 384 4061 καὶ
413 4007 666 4075 ἀγαπῶν,
694 4008 762 4060 τά
799 4009 973 4076 μὲνὲκ
1002 4009 1093 4061 τοῦ
1120 4009 1302 4077 γήρως
1331 4011 1423 4061 καὶ
1452 4011 1548 4078 τῆς
1577 4011 1735 4062 ἀσθε-

169 4105 317 4164 νείας
362 4101 606 4171 ὀδυνηρά
655 4100 883 4169 ἐπέστη,
931 4100 1005 4160 ὡς
1062 4102 1214 4153 οὐδὲν
1267 4102 1508 4166 ἔλαττον,
1544 4103 1629 4154 ἵνα
1661 4104 1736 4174 μὴ

169 4193 311 4260 λέγω
379 4190 584 4261 μᾶλλον
645 4191 944 4243 ἐπίκειται.
985 4190 1048 4242 'II
1075 4191 1132 4243 δὲ
1173 4191 1279 4243 τῶν
1311 4191 1485 4245 ἄλλων
1519 4193 1618 4244 ὃσα
1650 4195 1738 4246 διὰ

169 4285 264 4348 τὰς
295 4284 578 4353 ἁμαρτίας
608 4284 765 4351 ἡμῶν
797 4284 1193 4353 προστιθέμενα
1241 4286 1341 4354 τὴν
1383 4286 1565 4338 ἄθλιον
1594 4284 1736 4354 ζωὴν

167 4369 410 4440 δαπανᾷ,
463 4370 578 4431 πῶς
624 4369 797 4432 ἄλλως
846 4370 984 4424 εἴπω
1029 4371 1060 4440 ἢ
1119 4371 1301 4424 θεόθεν
1352 4375 1613 4437 κάκωσις,
1641 4377 1739 4444 οὐκ

168 4456 284 4512 οἶδα
337 4463 390 4514 εἰ
445 4460 520 4530 μὴ
546 4452 879 4528 προστασίας
907 4457 987 4523 οἷς
1015 4457 1123 4514 οἶδε
1157 4461 1392 4532 κρίμασι
1416 4464 1682 4534 λαχούσης
1713 4467 1740 4518 ό

167 4549 335 4616 τάξας
380 4552 462 4613 εἰς
506 4549 680 4602 τοῦτο
729 4549 880 4612 Θεὸς,
927 4551 1060 4604 ἀλλά
1101 4552 1322 4620 καὶτῆς
1353 4555 1411 4605 ὲν
1439 4554 1573 4618 ζῶσι
1621 4534 1741 4608 συν-ί

168 4640 526 4709 ἀναστροφῆς
553 4639 920 4709 προτρέπεται
960 4643 1146 4712 φέρειν
1167 4644 1336 4712 ἡμᾶς.
1381 4635 1492 4698 Οὐκ
1523 4646 1740 4700 ἐϐουλόο

171 4747 278 4799 μην
308 4729 412 4783 οὖν
447 4728 724 4809 εἰσελθεῖν,
757 4729 888 4780 ἀλλά
913 4729 1108 4798 μᾶλλον
1134 4733 1462 4804 πορρωτέρω
1488 4737 1580 4788 καὶ
1610 4738 1741 4805 πρὶς

2235 2081 2439 2139 CLVII.
2479 2080 2740 2135 Demetrio
2775 2077 3052 2148 Cyziceno.

1905 2200 1992 2256 Uti
2046 2198 2296 2260 decebat,
2349 2196 2534 2250 audita
2566 2195 2659 2247 ﬁlii
2723 2190 3062 2246 dilectissimi
3103 2201 3395 2243 conserva-

1839 2290 2005 2353 tione,
2055 2287 2264 2342 debitas
2317 2285 2424 2340 Deo
2465 2285 2753 2338 retulimus
2782 2283 3002 2349 gratias,
3063 2288 3117 2333 et
3165 2278 3385 2346 insuper

1832 2393 2114 2450 precamur
2154 2386 2212 2430 ut
2272 2377 2340 2429 ab
2393 2374 2543 2429 omni
2592 2373 2882 2426 afﬂictione
2917 2366 3166 2424 servetur
3209 2370 3394 2420 salvus

1831 2483 1884 2524 et
1937 2470 2250 2530 incolumis,
2298 2481 2472 2534 neque
2502 2480 2740 2532 unquam
2777 2465 2944 2516 virtus
2976 2469 3150 2513 vestra
3181 2469 3400 2511 averta-

1836 2571 1922 2630 tur
1962 2561 2027 2613 ad
2063 2558 2280 2628 propria
2317 2555 2531 2624 negotia
2557 2593 2572 2619 ,
2606 2555 2699 2607 sed
2734 2563 2841 2606 tota
2873 2562 2918 2604 et
2952 2566 3165 2620 semper
3187 2550 3398 2602 adser-

1832 2652 2022 2706 vitium
2083 2650 2175 2704 Dei
2212 2658 2372 2718 atque
2413 2647 2478 2700 ad
2512 2648 2688 2716 gregis
2755 2645 2987 2698 salutem
3054 2643 3392 2695 intendatur.

1833 2744 1962 2811 Qua:
1995 2744 2060 2796 de
2088 2742 2304 2795 clericis
2343 2758 2370 2790 ιε
2397 2739 2587 2800 andas,
2623 2738 2808 2790 nescio
2846 2747 3024 2789 utrum
3085 2735 3393 2804 ignorantia

1832 2837 2091 2889 resistant
2121 2847 2186 2885 an
2229 2831 2430 2884 malitia
2501 2828 2708 2898 judicio
2761 2827 3034 2890 indicato;
3104 2840 3169 2878 ne
3214 2824 3397 2875 ridea-

1835 2941 1958 2978 mur
2011 2932 2192 2978 autem
2247 2923 2412 2976 nimis
2457 2920 2648 2973 acerbe
2679 2933 2864 2972 eorum
2907 2915 3126 2988 insequi
3159 2929 3395 2978 errores,

1833 3014 2036 3070 bonum
2105 3021 2191 3068 est
2232 3021 2292 3067 ut
2340 3011 2615 3064 modicum
2672 3009 2850 3061 adhuc
2907 3015 3301 3074 exspectemus,
3347 3015 3398 3055 et

1833 3105 1975 3159 sicut
2025 3119 2053 3156 a
2083 3101 2349 3170 principio
2379 3101 2656 3153 definitum
2719 3105 2822 3161 est,
2880 3097 3000 3152 illos
3050 3097 3396 3150 adliorteniur

1835 3209 1893 3248 ut
1919 3196 2036 3249 loco
2072 3208 2132 3248 se
2166 3202 2379 3246 teneant
2405 3201 2458 3244 et
2491 3190 2648 3260 justo
2681 3187 2890 3257 judicio
2941 3202 3000 3242 se
3047 3187 3394 3242 submittant.

1834 3284 1890 3339 Si
1924 3284 2196 3337 uoluerint
2225 3292 2278 3337 et
2300 3281 2530 3350 propriis
2559 3281 2903 3349 perstiteriut
2939 3278 3132 3349 agendi
3174 3278 3398 3330 rationi-

1835 3375 1956 3439 bus,
2000 3385 2128 3428 tunc
2183 3371 2276 3426 ﬁet
2319 3374 2463 3441 quod
2499 3373 2730 3440 requiris
2760 3372 3088 3424 :-mittentur
3133 3369 3321 3422 litterae
3368 3384 3397 3422 a

1808 3504 1810 3506 τ
1839 3467 1997 3520 nobis
2047 3466 2118 3517 ita
2156 3476 2216 3517 ttt
2244 3463 2566 3518 absentibus
2593 3464 2699 3516 illis
2733 3462 3005 3533 judicium
3038 3461 3198 3513 ﬁnem
3235 3476 3396 3514 smnn

1832 3556 2054 3609 habeat.
2085 3553 2255 3608 Nobis
2278 3564 2488 3618 autem,
2525 3552 2695 3606 frater
2725 3560 2778 3605 et
2809 3552 2878 3604 ﬁli
2919 3566 3176 3620 perquam
3203 3550 3400 3604 dilecte

1831 3658 1887 3705 It
1938 3647 2193 3715 diligens.
2263 3645 2561 3699 senectutis
2620 3653 2675 3698 et
2751 3642 3083 3696 inﬁrmitatis
3140 3641 3401 3695 moleStia:

1835 3754 1942 3792 non
1983 3736 2325 3791 mediocriter
2354 3735 2710 3799 incumbunt;
2749 3749 2868 3802 qua:
2891 3733 3085 3787 deinde
3111 3732 3332 3786 veniunt
3367 3745 3397 3784 a

1837 3829 2071 3898 peccatis
2095 3827 2708 3890 nostris,vex;itionibus
2735 3811 2897 3879 vitam
2931 3833 3172 3878 nostram
3204 3826 3398 3892 replet;

1837 3919 2019 3973 forsan
2055 3931 2273 3978 munus,
2312 3917 2456 3986 quod
2486 3917 2591 3970 sibi
2633 3915 3012 3984 notisjudiciis
3050 3915 3235 3970 tribuit
3261 3915 3402 3970 Deus

1837 4021 1892 4067 et
1931 4013 2070 4066 inter
2098 4011 2359 4064 homines
2398 4009 2742 4062 conversatio
2783 4007 2850 4061 ad
2887 4007 3051 4061 vitam
3079 4008 3402 4076 protrahen-

1837 4103 1960 4157 dam
1991 4101 2323 4155 conducunt.
2358 4098 2524 4168 Igitur
2573 4098 2748 4153 redire
2782 4099 3057 4162 uolumus,
3091 4098 3187 4152 sed
3229 4099 3401 4149 multo

1840 4194 2011 4261 magis
2043 4192 2332 4262 procedere
2365 4199 2418 4244 et
2481 4190 2549 4244 ad
2583 4189 2810 4244 insulam
2862 4189 3116 4260 navigare
3162 4193 3217 4242 in
3284 4189 3401 4240 ani-

1840 4298 1928 4338 mo
1960 4291 2079 4338 est:
2117 4293 2172 4337 et
2204 4284 2359 4336 nobis
2384 4283 2494 4350 jam
2529 4283 2763 4350 objicere
2789 4297 2893 4336 non
2927 4282 3126 4351 poteris
3148 4297 3233 4334 me
3263 4282 3403 4334 Cil'ta

1842 4373 2062 4428 fratrem
2083 4384 2136 4427 et
2166 4374 2332 4427 ﬁlium
2360 4373 2746 4427 charissimum
2779 4373 3105 4426 deeisionem
3138 4381 3400 4424 mutasse.

1845 4464 2141 4519 V'eniemus
2203 4465 2390 4534 igitur,
2465 4465 2922 4534 quemadmodqu
2965 4461 3406 4527 mandasti;Dco

1847 4555 2064 4608 volente
2125 4571 2226 4609 nos
2297 4557 2526 4609 invicem
2557 4555 2872 4614 ,videbimus
2927 4563 2982 4607 et
3028 4554 3082 4606 in
3126 4553 3403 4607 communi

1843 4647 2116 4715 colloquio
2159 4646 2584 4699 eouSolatiouem
2620 4647 2673 4698 itt
2705 4645 2964 4699 aerumnis
2998 4644 3336 4698 inveniemus
3371 4661 3386 4704 ;

1844 4748 1896 4792 et
1930 4739 2055 4792 side
2087 4755 2264 4792 rerum
2300 4738 2617 4792 difﬁcultate
2644 4737 3056 4792 deliberandum
3080 4746 3182 4800 est,
3225 4745 3402 4788 tet-um

168 4797 265 4889 την
289 4823 462 4890 νῆσον
484 4805 726 4874 ἀπιέναι.
751 4821 858 4890 Τῆς
881 4797 934 4873 δέ
963 4824 1137 4892 ὁρμῆς
1163 4797 1481 4894 ἐπεσχέθην,
1505 4826 1564 4877 οὐ
1583 4797 1733 4895 δυνη-

1845 4829 2181 4892 deliberabo,
2245 4829 2337 4896 qui
2403 4828 2537 4881 nihil
2595 4829 2820 4895 majoris
2883 4797 3177 4880 existimas
3217 4840 3405 4892 quam,

170 4913 282 4976 θεὶς
332 4912 562 4976 ἀξίωσιν
611 4913 839 4980 ἀδελφοῦ
897 4915 990 4965 καὶ
1025 4915 1217 4968 τέκνου
1270 4933 1360 4984 μοι
1405 4917 1742 4986 ποθουμένου

1853 4919 2078 4986 auspice
2104 4917 2235 4980 Deo,
2272 4919 2338 4971 de
2367 4919 2528 4971 rebus
2561 4917 2798 4972 honestis
2823 4917 3080 4985 cogitare.

169 5006 244 5062 εἰς
268 5003 460 5071 κρίσιν
489 5001 586 5069 τῆς
608 5001 746 5070 ἐμῆς
779 5004 1075 5072 ἀπορρίψαι
1097 5003 1352 5072 δευτέραν
1379 5005 1706 5076 βουλήσεως.
1731 5007 2162 5076 Εἱσελευσόμεθα
2193 5008 2284 5060 οὐν
2311 5009 2384 5071 ὡς
2408 5009 2745 5073 ἐπέστειλας,
2769 5007 2882 5076 ἃμα
2905 5006 3001 5060 καὶ
3039 5007 3286 5075 ὀψόμενοι
3313 5003 3406 5055 κ>ὶ

169 5093 306 5146 Θεοῦ
333 5092 592 5151 διδόντος,
625 5093 968 5162 παράκλησιν
999 5095 1091 5148 ἐπὶ
1115 5097 1228 5158 τοῖς
1267 5098 1554 5166 συνέχουσι
1590 5103 1654 5169 τῇ
1681 5103 1829 5169 κοινῇ
1860 5100 2140 5172 συνομιλίᾳ
2175 5101 2521 5170 εὑρήσοντες,
2550 5100 2644 5150 καὶ
2699 5099 2752 5150 εἷ
2784 5116 2846 5150 -τι
2878 5098 2960 5151 δεῖ
3012 5098 3135 5167 περὶ
3172 5096 3268 5166 τῆς
3300 5099 3406 5151 τῶν

169 5187 524 5260 πραγμάτων
577 5185 940 5257 χαλεπότητος
984 5189 1066 5240 σοὶ
1105 5188 1184 5260 τῷ
1216 5191 1400 5259 χάριτι
1437 5192 1572 5244 Θεοῦ
1633 5193 1797 5262 μηδὲν
1853 5194 2200 5262 προτιμῶντι,
2242 5191 2337 5244 τοῦ
2400 5196 2616 5263 φρονεῖν
2646 5190 2822 5262 ὀρθῶς
2867 5187 3406 5257 συνδιασκεψόμενοε.

171 5303 353 5358 I’NII'.
402 5304 832 5367 Kmvtarn'rq:
894 5308 1306 5374 μητροπολίτῃ
1374 5308 1743 5374 Λαοδικείας.

254 5416 645 5483 Ἐλυπήσαμεν
722 5416 820 5486 τὴν
873 5416 1026 5486 ὐμῶν
1105 5416 1362 5488 ὁσιότητά
1414 5420 1532 5489 οὐχὶ
1585 5423 1742 5475 τοῦτο

169 5500 397 5571 θέμενοι
463 5505 684 5566 σκοπὸν,
738 5505 812 5574 μὴ
871 5507 1101 5572 γένοιτο,
1155 5507 1262 5560 οὐδ’
1306 5508 1527 5560 ἄλλοθέν
1582 5511 1744 5563 ποθεν

173 5597 708 5664 παρακεκινημένοι,
741 5596 814 5664 μη
844 5597 999 5649 τοῦτο
1038 5596 1272 5665 λογίζου,
1324 5601 1509 5651 τέκνον
1559 5600 1739 5669 ἡμῶν,

1941 5306 2167 5362 CLVIII.
2220 5309 2568 5364 Constantino
2599 5305 2917 5363 Laodicensi
2949 5307 3313 5374 mctropolila’.

1915 5419 2296 5474 Reverentiam
2355 5430 2589 5474 vestram
2638 5418 3123 5481 eoutristarimus,
3180 5420 3400 5472 minime

1843 5515 2104 5574 volentes,
2161 5512 2301 5564 absit
2354 5527 2383 5563 a
2442 5511 2638 5564 nobis!
2679 5516 2807 5562 "nec
2843 5510 2933 5563 ‘ab
2987 5509 3094 5563 alio
3151 5524 3401 5578 quopiam

1843 5603 2074 5664 inritati,
2111 5603 2268 5656 crede
2305 5603 2457 5670 mihi,
2493 5604 2588 5672 iiIi,
2623 5603 2735 5657 imo
2763 5611 2813 5658 te
2847 5603 3024 5673 ipsum
3067 5612 3118 5655 rt
3161 5617 3259 5653 nos
3303 5599 3404 5653 do-
