4086 6344
444 357 547 423 183

451 567 521 621 ab
547 566 797 621 omnibus
823 564 1231 634 aspectabilibus
1259 560 1829 631 inaspectabilibusque
1856 571 2005 611 crea-

452 655 590 709 turis
617 654 817 708 cultam
842 660 899 707 et
921 653 1216 705 adoratam.

524 744 710 799 Trium
741 751 917 797 autem
952 743 1305 811 hypostaseon
1327 753 1460 807 quas
1491 737 1547 791 in
1589 734 1852 790 Trinitate
1884 746 2012 786 con-

452 832 772 895 sideramus,
804 831 907 885 alia
934 837 1016 884 est
1044 829 1224 892 Pater,
1259 826 1523 897 principio
1556 838 1768 885 carens,
1812 822 2011 875 nullam

451 938 564 978 sua
588 921 883 977 existentia
912 933 1127 973 causam
1157 916 1391 980 habens,
1424 930 1599 982 neque
1628 913 1773 968 enim
1802 910 2015 965 aliunde

447 1020 550 1075 est,
580 1012 673 1065 sed
699 1026 730 1063 a
759 1010 955 1079 seipse,
987 1016 1039 1062 et
1074 1008 1128 1061 in
1167 1007 1344 1074 seipse
1374 1005 1537 1059 habet
1573 1017 1711 1058 esse.
1751 1001 1867 1054 Alia
1897 1015 2017 1057 rur-

445 1098 709 1155 sumestF
714 1099 854 1162 ilius,
881 1098 972 1167 qui
1000 1097 1248 1166 principii
1277 1108 1471 1163 expers
1502 1108 1607 1147 non
1632 1100 1734 1155 est,
1763 1106 1828 1144 ex
1857 1088 2017 1142 Patre

392 1210 398 1225 ~
445 1191 588 1245 enim
622 1199 703 1244 est
739 1207 754 1243 :
796 1188 958 1242 Pater
996 1200 1229 1255 namque
1271 1185 1391 1238 Filii
1429 1182 1755 1255 principium
1784 1188 1837 1233 et
1868 1179 2018 1246 origo

442 1280 660 1344 existit;
692 1279 836 1348 quod
871 1279 915 1332 si
948 1277 1205 1345 temporis
1246 1274 1452 1328 initium
1482 1280 1727 1342 spectes,
1753 1284 1904 1340 aque
1930 1267 2020 1320 Fi-

442 1366 550 1423 lius
578 1368 842 1438 principio
875 1376 1025 1422 caret
1061 1381 1124 1421 ac
1171 1365 1333 1419 Pater
1366 1383 1378 1417 :
1412 1371 1495 1418 est
1528 1362 1672 1416 enim
1715 1368 2016 1428 temporum

444 1457 715 1522 conditor,
747 1473 853 1511 non
884 1454 1155 1523 subjectus
1176 1454 1404 1523 tempori
1429 1469 1444 1517 ;
1478 1450 1815 1520 inseparabili
1841 1456 2018 1503 autem

431 1538 757 1615 (aeternaque
810 1546 1155 1616 generatione
1204 1559 1271 1597 ex
1322 1544 1482 1597 Patre
1527 1542 1723 1605 elucet,
1766 1548 2020 1608 tanquam

445 1634 632 1706 gloria
672 1634 814 1689 illius
861 1633 1111 1704 splendor
1156 1640 1499 1703 paternaque
1534 1628 1847 1684 substantia
1894 1627 2021 1681 cha-

444 1733 649 1787 racter.
684 1724 808 1778 Alia
857 1724 1072 1778 tandem
1103 1732 1184 1778 est
1228 1721 1456 1790 Spiritus
1490 1729 1731 1783 sanctus,
1760 1733 1825 1772 ex
1862 1717 2021 1771 Patre

447 1817 867 1880 nonnativitate,
906 1815 998 1870 sed
1038 1789 1380 1884 processione
1402 1811 1757 1867 substantiam
1793 1809 2015 1869 habens,
2048 1789 2095 1849 Β

449 1911 803 1979 eamdemque
826 1925 948 1966 cum
969 1909 1131 1963 Patre
1155 1916 1208 1962 et
1226 1907 1361 1962 Filio
1381 1908 1738 1963 aternitatem
1766 1903 2019 1968 sortitus;

448 2006 683 2055 aternus
708 1999 941 2068 quidem,
962 2013 1068 2052 non
1100 2004 1276 2051 tamen
1300 1998 1504 2075 absque
1532 1995 1820 2067 principio,
1846 2003 1907 2049 ut
1926 1996 2023 2065 qui

448 2100 481 2141 a
512 2085 670 2143 Patre
702 2087 958 2156 procedat
992 2101 1006 2139 :
1054 2094 1137 2141 est
1166 2086 1309 2141 enim
1348 2084 1509 2139 Pater
1554 2085 1765 2139 ratione
1797 2084 2022 2154 originis

447 2188 506 2235 et
553 2179 692 2235 illius
738 2195 949 2248 quoque
1013 2178 1334 2247 principium
1388 2192 1404 2231 :
1449 2176 1638 2232 verum
1696 2176 1765 2231 ad
1817 2184 2027 2245 tempus

447 2270 593 2340 quod
628 2270 840 2332 attinet,
866 2276 920 2322 et
946 2267 1061 2336 ipse
1087 2282 1302 2335 quoque
1325 2265 1576 2335 principii
1607 2280 1803 2333 expers
1824 2272 1929 2319 est.

524 2356 676 2412 Unus
702 2357 867 2424 igitur
886 2350 974 2410 est
1009 2354 1152 2412 Deus
1176 2353 1338 2408 Pater
1361 2369 1428 2408 ex
1452 2368 1560 2422 quo
1581 2354 1783 2418 omnia,
1813 2360 1869 2406 et
1887 2369 2026 2407 unus

344 2466 363 2485 κ
446 2445 712 2501 Dominus
761 2442 918 2498 Jesus
947 2443 1198 2498 Christus
1225 2458 1323 2512 per
1366 2457 1524 2511 quem
1557 2443 1768 2507 omnia,
1809 2450 1864 2496 et
1890 2458 2027 2497 unus

452 2530 691 2603 Spiritus
724 2540 942 2587 sanctus
971 2532 1027 2586 in
1056 2546 1217 2600 quem
1246 2532 1447 2585 omnia.
1478 2531 1559 2584 Ex
1590 2532 1683 2585 his
1702 2531 1880 2586 tribus
1905 2547 2027 2601 per-

448 2621 612 2679 fectis
646 2639 761 2678 una.
790 2622 1215 2694 perfectissima,
1258 2622 1367 2676 imo
1398 2622 1688 2677 secundum
1714 2639 1777 2677 se
1816 2624 2027 2678 absolu-

450 2712 662 2769 tissima
675 2720 889 2767 constat
915 2711 1541 2780 deitas;proprietatibus
1562 2727 1692 2766 sane
1706 2712 2026 2767 distinctivis

451 2818 520 2859 ac
563 2803 936 2874 personalibus
963 2803 1283 2872 hypostases
1325 2801 1465 2855 inter
1497 2816 1555 2856 se
1594 2809 1717 2856 sunt
1762 2802 2026 2857 distincta

378 2902 387 2922 λ
453 2891 730 2962 (qualibet
759 2904 989 2959 namque
1016 2904 1403 2959 personarum,
1433 2891 1592 2944 etiam
1625 2891 1669 2945 si
1697 2900 1917 2961 propter
1942 2908 2026 2947 es-

450 2982 643 3037 sentia
672 2978 1103 3047 coniunctionem
1151 2979 1218 3032 ab
1253 2976 1422 3033 altera
1452 2980 1655 3034 secerni
1695 2996 1802 3036 non
1840 2990 2023 3051 queat,

451 3068 784 3140 proprietate
820 3074 1000 3121 tamen
1033 3067 1300 3135 personali
1334 3069 1636 3138 mentisque
1672 3078 1930 3140 conceptu
1959 3072 2028 3125 ab

454 3158 630 3213 altera
658 3158 1028 3228 distinguitur,
1056 3157 1303 3227 Deusque
1343 3159 1631 3228 perfectus,
1662 3162 1766 3218 hoc
1793 3170 1876 3216 est
1906 3177 2024 3215 om-

453 3248 617 3304 nibus
645 3249 863 3303 deitatis
889 3248 1306 3316 proprietatibus
1330 3257 1517 3307 ornata
1550 3265 1668 3305 esse
1697 3251 1942 3305 noscitur
1976 3259 2029 3306 et

454 3339 742 3408 creditur),
767 3346 823 3392 at
865 3355 1031 3392 unum
1059 3338 1271 3397 interim
1321 3340 1599 3395 divinitate
1649 3348 1774 3394 sunt
1818 3355 2026 3393 omnes.

452 3427 665 3485 Rursus
684 3429 814 3484 licet
838 3430 995 3483 simul
1023 3428 1323 3497 conjuncta
1353 3439 1464 3486 tres
1493 3431 1622 3493 sint,
1666 3445 1803 3483 unus
1833 3429 2029 3483 nihilo-

453 3519 638 3576 minus
685 3520 937 3574 adoratur
986 3519 1127 3575 Deus
1165 3536 1179 3573 :
1234 3520 1440 3575 obtinet
1492 3521 1582 3574 hic
1623 3519 1767 3573 enim
1814 3519 2032 3572 trinitas

454 3609 753 3664 secundum
785 3608 1137 3662 substantiam
1158 3618 1176 3673 ',
1221 3609 1399 3663 unitas
1427 3608 1591 3661 etiam
1626 3607 1920 3660 secundum
1950 3622 2034 3662 es-

456 3699 718 3764 sentiam;
760 3706 919 3767 atque
945 3698 1019 3752 ita
1053 3706 1240 3752 contra
1278 3697 1525 3751 insanam
1559 3695 2032 3765 inordinatamque

454 3788 732 3857 paganica
783 3788 1014 3842 vesania
1066 3774 1505 3854 confusionisque
1556 3785 1872 3839 seditionem
1929 3801 2034 3840 non

456 3875 770 3946 polyarchia
803 3893 834 3930 a
872 3875 1025 3931 nobis
1069 3866 1284 3941 colitur,
1322 3877 1415 3930 sed
1452 3875 1796 3940 monarchia;
1824 3891 2038 3930 monar-

460 3966 583 4020 chia
632 3975 811 4021 autem
857 3982 963 4021 non
1006 3966 1166 4021 unius
1218 3980 1465 4035 persona
1518 3964 1944 4033 circumscriptio
2015 4005 2032 4031 ,

457 4069 529 4110 ne
573 4053 809 4110 Iudaica
862 4055 1143 4110 tenuitatis
1187 4054 1534 4121 infantiaque
1581 4051 2037 4122 imperiectionem

457 4144 857 4214 ruditatemque
886 4144 1228 4207 inducamus,
1271 4143 1365 4197 sed
1404 4157 1564 4209 quam
1594 4152 1803 4195 natura
1824 4143 2040 4210 aquali-

459 4239 571 4301 tas,
600 4235 881 4309 sententia
907 4234 1218 4298 concordia,
1267 4232 1521 4286 motionis
1558 4232 1832 4298 identitas,
1872 4234 2040 4289 idem-

461 4338 569 4394 que
597 4325 927 4395 singulorum
950 4332 1113 4378 nutus
1140 4323 1206 4377 ad
1228 4338 1392 4375 unum
1417 4323 1672 4378 declarat.
1703 4323 1813 4380 Hoc
1836 4335 2035 4392 autem,

1427 342 1491 405 S.
1530 340 1951 405 NICEPHORI
1988 341 2497 402 PATRIABCH/E
2531 341 2645 402 (ΖΡ.

432 479 571 550 .pari
599 477 866 548 potentia,
888 476 1077 546 aqua“
1116 476 1262 547 regni
1298 471 1578 542 maiestate
1614 469 1965 541 gloriﬁcatam
1991 484 2006 531 ;
2036 468 2089 527 Α
2598 435 2612 448 ’

2179 734 2286 780 Τῶν
2324 728 2375 781 ἓν
2409 724 2587 799 Τριάδι
2620 729 2985 799 θεωρουμένων,
3024 729 3081 781 τὸ
3116 728 3204 796 μὲν
3233 733 3402 802 Πατὴρ
3434 725 3667 799 ἄναρχος

2112 818 2194 869 καὶ
2236 818 2467 875 ἀναιτίως
2505 816 2778 889 ὑπάρχωνο
2804 817 2864 869 οὐ
2892 818 2989 888 ’γὰρ
3029 811 3087 869 ἔκ
3108 837 3260 881 τινος,
3289 819 3339 869 ἐν
3366 818 3532 891 ἑαυτῷ
3568 823 3668 895 γὰρ

2113 908 2173 960 τὸ
2219 904 2342 961 εἶναι
2386 907 2544 978 ἔχων.
2583 912 2649 962 τό
2690 907 2743 963 δῦ
2792 910 2907 967 Υἱὸς
2958 912 3041 962 καὶ
3082 911 3165 962 οὐκ
3209 907 3459 985 ἄναρχος,
3490 913 3543 965 ἐκ
3580 919 3670 967 τοῦ

2113 998 2306 1071 Πατρός
2347 998 2467 1068 γὰρ,
2507 1000 2649 1079 ἀρχὴ
2688 1000 2788 1071 γὰρ
2834 998 2947 1052 Υἶοῡ
2989 1002 3177 1072 Πατήρ,
3221 1000 3287 1059 ὡς
3326 993 3503 1053 αἴτιον·
3536 1003 3578 1054 εἰ
3622 999 3673 1055 δί

2115 1092 2205 1145 τήν
2250 1088 2351 1141 ἀπὸ
2394 1089 2586 1160 χρόνου
2628 1088 2895 1157 λαμϐάνοις
2929 1089 3117 1161 ἀρχὴν,
3143 1091 3226 1143 καὶ
3260 1085 3506 1163 ἄναρχος*
3534 1112 3676 1151 ποιη-

2117 1182 2208 1236 τὴς
2248 1181 2347 1251 γὰρ
2400 1178 2596 1251 χρόνων
2658 1180 2765 1247 οὐχ
2814 1179 2916 1233 ὑπὸ
2980 1179 3165 1249 χρόνον
3191 1196 3205 1209 ’
3253 1188 3499 1252 γεννητῶς
3555 1185 3675 1251 μὲν,

2117 1267 2291 1328 ἀίδὶως
2352 1267 2405 1322 δέ
2455 1271 2537 1322 καὶ
2586 1267 2904 1329 ἀδιαστάτως
2959 1269 3221 1339 dulcia-{Jac
3271 1278 3342 1339 τῷ
3395 1276 3568 1345 Πατρε,
3614 1276 3679 1333 ὥς

2119 1361 2439 1431 ἀπαύγασμα
2468 1357 2827 1431 [ἀπαύγασμα]
2870 1369 2961 1421 τῆς
3005 1358 3148 1426 δόξης
3191 1364 3270 1417 καὶ
3299 1372 3391 1434 τῆς
3438 1375 3683 1437 πατρικῆς

2122 1454 2393 1523 χαρακτήρ
2438 1448 2790 1508 ὑποστάσεως.
2850 1452 2917 1504 Τό
2968 1448 3023 1504 δὲ
3071 1458 3268 1521 Πνιῦμα
3303 1451 3446 1522 ἅγιον
3474 1454 3546 1506 ’ἐκ
3593 1460 3683 1509 τοῦ

2119 1537 2311 1611 Πατρός
2476 1534 2689 1611 ὕπαρξιν
2721 1532 2869 1608 ἕχον,
2902 1539 2961 1591 οὐ
2988 1547 3229 1609 7εννητῶς
3255 1543 3368 1613 μὲν,
3408 1537 3512 1596 ἀλλ’
3531 1542 3685 1606 ἔκπο-

2118 1631 2333 1698 ριυτῶς,
2380 1623 2554 1685 ἀιδίως
2591 1629 2760 1705 Πατρὶ.
2801 1628 2882 1680 καὶ
2926 1628 3030 1699 Υἱῷ
3080 1632 3528 1700 συνθιωρούμινον,
3595 1632 3685 1696 οὐκ

2124 1712 2353 1791 ἄναρχον
2386 1719 2474 1786 μὲν
2498 1715 2600 1771 ’διὰ
2642 1723 2732 1774 τήν
2778 1717 2832 1771 ix
2865 1723 2954 1772 τοῦ
2985 1721 3175 1792 Πατρός
3198 1721 3514 1793 ὶκπόρευσιν·
3543 1725 3683 1797 ἀρχή

2122 1810 2223 1881 γὰρ
2266 1811 2348 1863 καὶ
2382 1810 2534 1864 αὐτοῦ
2574 1808 2600 1864 ό
2650 1814 2815 1884 Πατὴρ
2861 1813 2996 1865 κατά
3044 1813 3126 1867 τὸν
3175 1819 3263 1868 τοῦ
3303 1814 3474 1871 αιτὲου
3519 1815 3685 1887 λόγον,

2126 1896 2355 1971 ἄναρχον
2380 1898 2433 1955 δὲ
2462 1903 2551 1956 καὶ
2571 1901 2691 1956 αὐτὸ
2720 1902 2844 1959 κατά
2865 1901 3073 1973 χρόνον.

2194 2341 2255 2399 Er
2337 2340 2364 2362 τ
2500 2345 2512 2361 ι
2578 2345 2592 2363 ο
2746 2349 2755 2364 ι
2832 2345 2873 2381 u;
2938 2342 2962 2360 ν
3047 2345 3059 2357 ο
3149 2345 3161 2362 ο
3543 2363 3553 2373 .
3573 2349 3587 2367 ι
3665 2365 3687 2377 -

2233 2366 2277 2405 ις
2309 2366 2402 2400 ουν
2428 2354 2547 2405 Θεος
2570 2367 2597 2399 ο
2624 2355 2790 2422 Πατηρ
2824 2365 2871 2408 ε,
2903 2366 2961 2398 ου
3003 2365 3068 2401 τα
3096 2365 3285 2410 παντα,
3313 2348 3399 2401 καὶ
3426 2342 3497 2408 εἷς
3527 2364 3677 2422 ιιυριο.

2126 2436 2323 2496 Ἰησοῦς
2353 2439 2569 2511 Χριστὸς
2598 2435 2663 2492 δι’
2678 2434 2737 2491 οὗ
2774 2438 2840 2491 τὰ
2882 2434 3073 2503 πάντα,
3105 2439 3192 2491 καὶ
3236 2434 3287 2491 ἓν
3327 2445 3524 2507 Πνεῦμα
3562 2441 3690 2514 ἅγιον

2126 2528 2179 2583 ἐν
2199 2525 2238 2600 ᾦ
2276 2531 2340 2582 τὰ
2370 2530 2557 2583 πάντα.
2588 2528 2682 2581 Ἐκ
2715 2534 2816 2583 τῶν
2842 2535 2995 2599 τριῶν
3028 2528 3223 2583 τελείων
3248 2524 3297 2582 ἓν
3321 2530 3592 2604 ὐπερτιλὶς
3615 2541 3697 2588 καὶ

2125 2618 2411 2692 προτέλειον
2442 2620 2472 2675 ἡ
2496 2618 2669 2677 θεότης
2689 2633 2701 2646 ⁸
2741 2625 2848 2677 τοῖς
2887 2621 2976 2688 μὲν
2998 2620 3341 2693 ἀφοριστικοίς
3374 2623 3456 2674 καὶ
3481 2640 3697 2696 προσω-

2127 2715 2297 2766 πικοῖς
2343 2705 2582 2777 ἱδιὼμασι
2616 2710 2695 2760 καὶ
2727 2707 2950 2766 aurum
2979 2706 3273 2781 διαφέροντα
3298 2724 3312 2739 ⁸
3348 2710 3559 2764 ἕκαστον
3599 2714 3697 2784 γάρ

2128 2795 2451 2863 τούτῳν,τῶν
2478 2796 2628 2866 φύσει
2650 2796 2962 2868 ἀχωρίστων
2985 2793 3067 2849 διὰ
3082 2798 3139 2850 τό
3162 2798 3375 2868 συναφές
3394 2805 3481 2856 τῆς
3504 2799 3697 2865 οὐσίας,

2125 2889 2272 2947 ἡνίκα
2314 2893 2425 2947 ταῖς
2454 2892 2545 2941 τοῦ
2575 2892 2661 2941 νοῦ
2703 2886 2955 2946 ἐπιϐολαῖς
2985 2889 3270 2961 μερίζεται,
3290 2889 3415 2948 Θιός
3450 2889 3697 2963 ὁμολογιῖο

2129 2997 2215 3031 ται
2261 2976 2376 3050 παρ’
2393 2973 2550 3046 ἡμῶν,
2605 2977 2687 3030 καί
2733 2974 3053 3041 πιστεύεται,
3104 2980 3305 3033 πάντων
3352 2980 3696 3053 aluminum

2130 3069 2374 3139 ὑπάρχον
2417 3075 2516 3122 τῶν
2564 3075 2654 3128 τῆς
2700 3068 2931 3128 θεότητος
2984 3068 3284 3139 ἰδιωμάτων.
3344 3072 3431 3124 Καὶ
3480 3074 3546 3126 τὰ
3587 3074 3697 3145 τρια

2133 3160 2357 3219 ἀλλήλοις
2404 3160 2781 3230 συναπτόμενα,
2805 3153 2875 3217 εἷς
2919 3157 3041 3217 Θεὸς
3088 3158 3209 3230 παρ’
3250 3162 3364 3229 ἡμῖν
3394 3168 3695 3231 προσκυνεῖ-

2133 3268 2235 3312 ται,
2276 3246 2546 3321 τριαδικῶς
2578 3249 2666 3316 μὲν
2696 3243 2829 3301 κατά
2860 3252 2950 3305 τὴν
2988 3249 3298 3315 ὑπόστασιν,
3344 3249 3617 3320 μοναδικῶς
3647 3250 3695 3305 δέ

2132 3338 2266 3392 κατά
2322 3340 2413 3394 τήν
2457 3334 2655 3403 ουσίαν,
2698 3341 2785 3391 καὶ
2833 3339 3098 3410 μοναρχία
3146 3338 3267 3411 παρ’
3297 3341 3415 3407 ἡμῖν
3452 3342 3507 3394 τὸ
3544 3344 3695 3412 τιμώ-

2132 3450 2310 3502 μενον,
2377 3430 2435 3482 οὐ
2499 3430 2793 3502 πολυαρχία
2838 3427 2921 3483 διὰ
2969 3430 3026 3484 τό
3076 3426 3289 3484 ἄτακτον
3343 3435 3423 3483 καὶ
3484 3438 3699 3487 στασιῶ-

2132 3519 2218 3580 δες
2248 3526 2337 3580 τῆς
2367 3518 2644 3578 Ἑλληνικῆς
2696 3520 3056 3593 ἐμϐροντησίας
3090 3524 3171 3575 καὶ
3217 3525 3560 3593 συγχύσεωςσ
3608 3543 3698 3594 μου

2132 3616 2331 3687 ναρχία
2380 3611 2456 3678 δέ,
2493 3615 2597 3682 οὐχ
2643 3614 2673 3670 ἡ
2712 3613 2817 3671 ἐνὸς
2870 3616 3149 3685 προσώπου
3200 3621 3484 3688 περιγραφὴ
3533 3613 3614 3685 [ἦν
3651 3618 3701 3670 ἐν

2135 3704 2425 3774 προσώπων
2460 3699 2789 3776 περιγραφῇ,
2818 3699 2903 3757 διὰ
2939 3702 2998 3755 τὸ
3046 3702 3216 3761 ἀτελές
3263 3707 3346 3756 καὶ
3375 3703 3698 3773 στοιχειῶδες

2134 3802 2225 3853 τῆς
2274 3792 2554 3852 Ἰουδαϊκῆς
2588 3796 2761 3863 πενίας
2810 3797 2890 3847 καὶ
2939 3794 3254 3858 νηπιότητος,
3296 3796 3399 3849 ἀλλ’
3424 3798 3479 3854 ἣν
3510 3802 3702 3870 φύσεως

2137 3882 2394 3953 ὁμοτιμία,
2423 3887 2505 3938 καί
2538 3886 2737 3955 γνώμης
2764 3886 3038 3955 σύμπνοια,
3074 3886 3159 3938 καὶ
3192 3885 3439 3944 ταυτότης
3468 3892 3702 3946 κινήσεως

2137 3971 2405 4040 δείκνυσιν,
2430 3976 2510 4028 καὶ
2557 3976 2687 4047 πρὸς
2731 3976 2790 4029 τό
2835 3973 2887 4028 ἓν
2931 3976 2962 4034 ἡ
3004 3982 3102 4030 τῶν
3144 3976 3193 4038 ἐξ
3223 3979 3382 4030 αὑτοῦ
3408 3977 3696 4040 σύννευσις,

2142 4062 2269 4138 ὅπερ
2322 4067 2405 4118 ἐπὶ
2433 4050 2524 4125 της
2568 4072 2803 4135 γεννητῆς
2848 4064 3047 4136 φύσεως
3076 4067 3379 4135 ἀμήχανον,
3436 4067 3467 4143 ᾖ
3507 4068 3698 4139 φησινό

2140 4156 2295 4226 μέγας
2334 4157 2383 4208 εν
2434 4155 2680 4225 θεολόγοις
2715 4155 3008 4229 Γρηγόριος,
3036 4158 3121 4209 καὶ
3142 4155 3283 4212 οὐδέν
3308 4159 3367 4213 τὸ
3395 4161 3701 4229 συνημμένον

2139 4247 2223 4299 καὶ
2258 4245 2487 4317 cummi;
2514 4253 2605 4304 τῆς
2652 4246 2703 4298 ἐν
2736 4243 2907 4318 τριάδι
2936 4246 3276 4321 θεωρουμένης
3320 4248 3553 4308 θεότητος
3595 4246 3703 4303 δια-

2139 4336 2389 4407 τέμνεται.
2420 4334 2809 4408 ’Δλλοτριούσθω
2850 4337 2950 4407 γὰρ
2981 4337 3139 4404 ἡμῶν,
3170 4339 3256 4390 καὶ
3294 4339 3650 4407 ἆποτεμνὲσθω
3668 4338 3697 4393 ἡ

467 4414 767 4469 secundum
808 4428 1084 4468 summum
1115 4411 1265 4464 illum
1291 4411 1594 4482 theologum
1618 4411 1950 4483 Gregorium,
1981 4417 2030 4471 in

2140 4429 2229 4479 τοῦ
2254 4421 2537 4492 μανιώδους
2561 4427 2750 4497 ’Δρεὶου
2780 4422 3043 4488 κακοδοξίας
3072 4427 3161 4478 καὶ
3200 4425 3393 4480 Mea-ar
3426 4426 3702 4503 ἀδιαίρετος

464 4504 758 4577 generabili
795 4511 991 4557 natura
1034 4503 1212 4557 locum
1244 4502 1443 4565 habere
1473 4521 1577 4560 non
1603 4515 1778 4576 potest
1805 4525 1819 4561 :
1857 4508 2036 4564 unitas

463 4597 611 4649 enim
638 4604 692 4650 et
717 4593 963 4662 cognatio
991 4593 1205 4648 deitatis
1225 4594 1279 4648 in
1305 4594 1542 4651 trinitate
1563 4597 1915 4654 considerata
1943 4613 2037 4654 ne.

464 4700 741 4757 quaquam
773 4683 1110 4749 distrahitur,
1152 4692 1251 4739 aut
1300 4684 1353 4739 in
1382 4694 1566 4756 partes
1602 4695 1839 4754 secatur,
1877 4694 1936 4741 ut
1970 4688 2039 4743 ﬁt

464 4775 525 4847 in
546 4775 709 4828 rebus
736 4772 954 4837 creatis,
982 4772 1106 4827 dum
1132 4775 1403 4845 supposita
1433 4776 1874 4847 multiplicantur.
1900 4775 2039 4830 Pro-

467 4863 560 4919 cul
605 4862 751 4918 enim
788 4861 973 4920 insana
1000 4870 1053 4917 et
1095 4862 1295 4920 furiosa
1339 4866 1452 4921 Arii
1490 4867 1671 4938 opinio
1702 4874 1757 4922 et
1799 4866 2039 4921 rabiesa

464 4951 632 5006 nobis
658 4950 885 5007 facessat
910 4971 924 5008 :
955 4961 1039 5009 est
1059 4955 1199 5009 enim
1228 4953 1465 5010 Trinitas
1488 4955 1781 5011 secundum
1812 4953 2039 5024 gloriam

473 5050 532 5096 et
557 5044 907 5109 aeternitatem
938 5045 1107 5101 modis
1132 5030 1381 5100 omnibus
1411 5046 1659 5110 indivisa,
1690 5044 1944 5113 nullaque
1972 5057 2040 5097 et

468 5139 628 5200 parte
652 5132 749 5186 abs
775 5148 892 5189 sese
925 5134 1183 5202 alienata;
1226 5150 1401 5208 neque
1428 5137 1497 5190 ob
1544 5135 1599 5189 id
1636 5141 1817 5215 tamen
1848 5132 2044 5187 divina

471 5236 718 5291 persona
743 5240 802 5280 se
828 5234 1014 5282 mutuo
1037 5236 1349 5297 permeant,
1378 5227 1482 5281 hoc
1503 5233 1615 5289 est,
1648 5225 1701 5278 in
1734 5239 1793 5279 se
1816 5223 2043 5277 invicem

472 5321 937 5382 transmutantur,
981 5316 1075 5372 sed
1115 5317 1312 5371 harum
1362 5314 1615 5385 qualibet
1647 5309 2046 5368 indemutabilis

469 5412 656 5468 manet
681 5413 735 5460 et
755 5405 1040 5461 inoonfusa
1071 5414 1126 5462 et
1153 5415 1388 5470 aterna;
1427 5404 1584 5474 longe
1615 5404 1757 5458 enim
1796 5402 2049 5457 amande-

470 5501 562 5548 tur
588 5495 923 5567 pellaturque
956 5496 1132 5553 insani
1171 5494 1455 5564 stolidique
1486 5492 1703 5548 Sabellii
1746 5493 2044 5562 deceptoria

474 5582 738 5640 confusio.

549 5671 786 5728 Veneror
807 5690 1019 5744 quoque
1040 5683 1092 5729 et
1114 5674 1278 5729 adoro
1300 5675 1681 5730 incarnationis
1704 5675 2039 5746 mysterium,

2139 4514 2240 4585 γὰρ
2265 4514 2296 4569 ἡ
2325 4513 2453 4571 αὕτη
2490 4514 2664 4586 Τριάς,
2713 4511 2830 4584 δόξῃ
2878 4516 2962 4566 καὶ
3007 4511 3258 4571 ἀίδιότητι
3301 4520 3371 4584 μή
3415 4518 3703 4589 μεριζομένη

2141 4601 2267 4674 μηδὲ
2301 4601 2782 4676 ἀπαλλοτριουμένη,
2808 4597 2923 4656 οὗτε
2945 4610 3044 4657 τῶν
3064 4604 3347 4676 θεαρχικῶν
3373 4604 3701 4660 ὑποστάσεων

2143 4698 2568 4764 μεταπιπτουσῶν
2619 4694 2703 4746 καί
2751 4700 3155 4765 περιχωρουσῶν
3201 4697 3276 4753 εἰς
3326 4694 3558 4756 ἀλλήλας,
3603 4694 3704 4748 ἀλλ’

2143 4783 2448 4856 ἐφ’ἓκάστης
2497 4786 2688 4838 τούτων
2724 4786 3093 4852 ἀμιταπτὼτου
3143 4788 3227 4841 καὶ
3266 4788 3571 4858 ἅσυτχύτου
3616 4809 3705 4856 φυ-

2142 4874 2444 4943 λαττομένης
2490 4882 2579 4932 τῆς
2615 4872 2920 4938 ἁίδιότητος,
2970 4875 3143 4944 πόρῥω
3191 4876 3294 4948 γὰρ
3330 4873 3703 4945 ἀποπεμπίσθω

2140 4954 2226 5005 καὶ
2255 4951 2613 5007 ἀπελαυνέσθω
2636 4954 2666 5011 ἡ
2693 4960 2782 5007 τοῦ
2805 4954 3173 5024 ματαιόφρονος
3207 4954 3468 5010 Σαϐιλλίου
3498 4957 3700 5012 dinam-

2143 5047 2255 5101 τικῆ
2290 5043 2577 5116 σύγχυσις.

2202 5686 2330 5738 Σέϐω
2368 5687 2421 5742 δὲ
2464 5686 2546 5739 καὶ
2593 5694 2864 5758 προσκυνῶ
2898 5688 2959 5746 τό
2989 5692 3088 5763 πρό
3132 5693 3329 5749 πάντων
3365 5697 3460 5746 τῶν
3493 5689 3686 5744 αἰώνων
