4008 6342
195 309 278 372 397
1386 289 1484 348 DE
1527 285 1702 347 VITA
1740 280 1949 343 MONA
1959 280 2165 339 S'l‘ICA
2180 321 2192 336 .

3289 275 3393 336 398

253 413 462 481 ς’.,Τῶν
523 410 772 478 μοναχῶν
828 409 906 470 δὲ,
957 408 1028 469 ὡς
1073 404 1228 473 ἔφην,
1290 403 1446 464 ἄλλος
1493 401 1727 468 ὑπάρχει

1901 396 1953 448 6.
1990 392 2374 446 Mouachoruin
2405 405 2533 444 vero
2562 390 2698 444 sicut
2728 389 2859 452 dixi,
2894 389 3030 443 alius
3065 400 3143 443 cst
3181 382 3394 443 vivendi

193 511 312 580 βίος,
349 507 472 557 διότι
525 503 914 571 ἀπηρνήσαντο
955 500 1044 552 τὸν
1080 499 1254 550 πάντα
1311 496 1513 562 κόσμον
1556 486 1723 554 οῦτοι,

191 598 274 650 καὶ
307 594 511 663 ἔχουσιν
563 590 850 658 ἀκρίϐειαν
889 588 1128 657 φοϐεράν
1175 588 1268 638 καὶ
1312 582 1576 652 μεγάλην.
1620 582 1729 632 Καὶ

190 689 286 757 γὰρ
333 682 463 754 μετά
522 681 632 734 τῶν
691 680 898 733 ἀνωθεν
965 677 1286 748 γραφέντων
1379 673 1731 739 ὲνταλμάτων

191 778 394 831 πλείονα
419 775 515 842 τὴν
538 772 825 838 ἀκρίϐειαν
852 765 1354 839 προσαπαιτοῦνται
1376 759 1540 829 οὗτοι,
1571 763 1735 828 ἀκτηο

194 867 415 941 μοσύνην
445 864 702 931 παντελῆ,
734 861 1030 932 παρθενίαν
1075 862 1154 920 εἰς
1185 858 1374 924 ἄκρον,
1406 853 1731 922 ἐγκράτειαν

186 977 241 1011 τε
269 957 370 1010 τῶν
407 954 595 1008 παθῶν
641 952 774 1022 ὁμοῦ
808 951 900 1004 καὶ
932 951 1039 1003 τῶν
1077 948 1404 1018 βρωμάτων,
1447 944 1730 1012 αἰσθήσεις

187 1047 581 1120 χαλιναγωγεῖν,
616 1045 726 1096 τῶν
767 1042 954 1095 κακῶν
994 1058 1046 1093 τι
1079 1041 1153 1110 μὴ
1192 1038 1476 1107 πράττειν,
1514 1035 1728 1104 ὅρασιν,

181 1141 458 1206 ὅσφρησιν,
499 1134 667 1204 ἁφὴν,
710 1133 900 1202 ἀκοὴν,
943 1132 1039 1184 καὶ
1065 1129 1164 1200 τὴν
1203 1131 1390 1194 γεῦσιν
1415 1142 1431 1158 ·
1461 1125 1559 1194 τὴν
1595 1123 1734 1193 ψαλ-

189 1229 381 1300 μῳδίαν
405 1228 683 1280 ἄπαυστον
719 1224 815 1276 καὶ
845 1221 1045 1291 πολλὴν
1079 1216 1410 1288 ἀγρυπνίαν,
1445 1217 1734 1288 χαμευνεῖν

186 1319 272 1372 καὶ
314 1316 613 1386 ξηροσιτεῖν
660 1313 755 1366 καὶ
791 1313 1050 1366 ἀλουσίαν
1097 1309 1262 1378 ἔχειν.
1318 1307 1736 1361 Συνδιαιτᾶσθαι

185 1409 420 1477 γυναιξὶν
451 1407 484 1478 ἢ
528 1406 665 1467 ὅλως
697 1406 847 1473 σχεῖν
905 1402 1089 1470 φιλίαν
1127 1400 1462 1471 ἀπαγορεύει
1503 1403 1531 1453 ὀ
1559 1399 1736 1453 κανὼν

184 1503 288 1561 τοῖς
325 1488 575 1567 μοναχοῖῖς
619 1496 862 1558 τελείως,
909 1495 1114 1566 μᾶλλον
1145 1493 1201 1546 δὲ
1240 1493 1336 1544 καὶ
1384 1491 1737 1562 προσομιλεῖν

184 1592 214 1660 ἢ
238 1591 366 1652 ὅλως
391 1587 719 1654 συνοδεύειν,
752 1587 937 1641 παιδία
961 1603 1020 1638 τε
1067 1587 1142 1656 μὴ
1173 1584 1497 1655 προσίεσθαι
1541 1583 1574 1654 ἢ
1601 1585 1736 1646 ὅλως

187 1679 515 1743 συνδυάζειν,
563 1676 885 1731 καταλαλεῖν
948 1675 982 1744 ἢ
1026 1675 1307 1746 λοιδορεῖν,
1340 1674 1373 1744 ἢ
1409 1674 1545 1736 ὅλως
1573 1689 1740 1725 καταο

183 1770 398 1836 κρίνειν,
433 1771 569 1821 πᾶσι
605 1770 819 1830 πιστοῖς
857 1763 1195 1819 κεκώλυταιο
1234 1766 1385 1832 πόσῳ
1429 1781 1494 1833 γε
1541 1763 1741 1834 μᾶλλον

180 1865 377 1924 τούτοις
403 1879 418 1928 ;
456 1862 770 1932 Ὀμνὺναιῆ
797 1862 1112 1931 περιορκεῖν
1139 1860 1514 1927 ἀπηγόρευται
1543 1859 1741 1927 πάντη.

179 1951 573 2023 Φιλάργυρονῆ
627 1951 890 2020 φίλαυτον
937 1951 999 2010 οὐ
1031 1949 1112 2001 δεῖ
1163 1948 1397 2018 μοναχὸν
1448 1944 1614 1999 εἶναι·
1649 1947 1743 1998 καὶ

183 2045 265 2106 ἱνα
291 2044 340 2096 τί
370 2041 672 2112 φιλολογῶν
705 2041 797 2095 τὸν
821 2041 1010 2110 καιρὸν
1040 2041 1346 2105 ἀναλίσκως
1378 2040 1440 2092 El
1467 2037 1744 2108 βασιλείας

175 2128 418 2198 οὐρανῶν
476 2129 755 2198 ἐπιτυχεῖν
800 2129 1028 2191 ἐθέλοις,
1066 2128 1309 2196 ἀπόσχου
1362 2129 1582 2182 πάντων
1633 2127 1744 2180 τῶν

179 2220 382 2284 κακῶν,
420 2221 516 2274 καὶ
546 2219 653 2274 τῶν
690 2221 873 2274 καλῶν
903 2222 1132 2290 ἀντέχου
1159 2237 1173 2252 ·
1211 2221 1471 2274 ἀδύνατον
1505 2221 1613 2291 γάρ
1643 2220 1740 2272 πέ-

177 2327 310 2378 φυκε
340 2304 437 2364 καὶ
461 2311 725 2382 δυσχερὲς
757 2312 840 2374 είς
882 2312 1028 2375 ἅπαν
1055 2311 1338 2381 φιλήδονον
1369 2310 1680 2381 ὑπάρχοντα
1710 2311 1743 2382 ἦ

177 2402 448 2468 κενόδοξον
503 2403 642 2466 ὅλως
682 2403 959 2472 ἐπιτυχεῖν
1005 2401 1108 2471 τῆς
1158 2401 1393 2473 ἀληθοῦς
1443 2401 1589 2471 ζωῆς
1645 2401 1746 2470 τῆς

174 2491 414 2548 αἰωνίου.
769 2503 772 2505 λ

243 2581 308 2646 ζ’.
343 2583 455 2637 Καὶ
502 2582 676 2638 ταῦτα
731 2583 829 2656 μέν
885 2599 969 2639 σοι
1013 2581 1228 2656 ἔγραψα
1273 2583 1338 2636 ὲκ
1383 2584 1489 2638 τῶν
1533 2582 1743 2637 πολλῶν

174 2674 357 2747 ὀλίγα..
381 2676 456 2730 Σὺ
481 2677 591 2746 γὰρ
620 2676 913 2730 ἐπίστασαι
934 2677 1116 2739 καλῶς
1140 2678 1238 2746 τὴν
1264 2675 1400 2747 ἐμὴν
1431 2675 1740 2743 ἀγροικίαν.

176 2767 281 2820 Καὶ
307 2767 418 2837 γὰρ
457 2767 620 2820 πάλιν
669 2767 964 2838 ἐπείγομαι
1003 2770 1082 2831 είς
1123 2769 1380 2821 ὑπόθεσιν
1425 2768 1612 2836 ἀλλην,
1648 2767 1743 2835 δη-

175 2852 470 2923 λοποιῆσαι
491 2856 750 2926 ἀμυδρῶς
775 2857 893 2919 πῶς
924 2857 1164 2925 ὀφείλεις
1191 2857 1416 2924 διάγειν,
1443 2859 1524 2919 εἴς
1552 2856 1741 2924 εὐχὴν,

175 2945 248 3005 τίς
281 2947 618 3016 ἐγκράτειαν
637 2948 732 2999 καὶ
763 2946 940 3016 ἀληθῆ
983 2947 1260 3014 νηστείαν,
1308 2947 1387 2999 ἔτι
1419 2947 1475 2999 δὲ
1506 2947 1740 3012 δίαιταν,

173 3036 340 3105 φημὶ,
373 3037 568 3099 ἁπλῶς
596 3037 693 3090 τοῦ
726 3037 849 3095 ὅλου
872 3037 1087 3116 χρόνου,
1135 3038 1306 3108 ἀρχὴν
1331 3038 1425 3090 τοῦ
1463 3037 1621 3105 λόγου
1653 3036 1746 3089 θέο
1770 3065 1815 3126 C

175 3145 332 3197 μενος
379 3131 465 3191 είς
517 3129 693 3201 ἀρχὴν
733 3130 832 3199 τῆς
897 3128 1192 3182 ίνδείκτου⁶
1249 3129 1371 3182 ὅθεν
1429 3129 1524 3182 καὶ
1568 3128 1651 3180 δεῖ
1681 3144 1741 3180 σε

176 3217 420 3289 φυλακὴν
448 3219 596 3287 ἔχειν
624 3221 680 3272 ἐν
705 3221 773 3289 τῇ
817 3220 1058 3290 νηστείᾳ.
1091 3218 1182 3289 Μὴ
1214 3218 1471 3287 νηστείαν
1500 3218 1558 3292 δὲ
1587 3219 1745 3273 ποίαν

172 3311 312 3378 φημὶ
333 3310 449 3363 τῶν
472 3311 702 3379 ἡμερῶν
728 3310 836 3364 τῶν
853 3310 967 3375 δύο,
993 3311 1227 3380 τετράδα
1247 3312 1342 3363 καὶ
1368 3309 1748 3381 παρασκευὴν,

169 3398 244 3463 ὡς
264 3401 314 3452 oi
340 3401 595 3472 Πατέρες
612 3401 872 3470 ἔφασκον,
905 3401 1105 3472 ἰχθύων
1123 3418 1184 3454 τε
1205 3401 1533 3471 ἀπέχεσθαι,
1566 3400 1748 3454 ἐλαίου

137 3539 143 3550 ,
169 3507 229 3544 τι
261 3493 359 3544 καὶ
383 3491 560 3559 οῐνου,
585 3491 929 3565 ξηροφαγίαν
950 3493 1169 3556 λύοντες
1197 3492 1344 3559 ἀπαξ
1367 3494 1426 3547 ὲν
1452 3495 1516 3564 τῇ
1545 3492 1712 3564 ἐνάτη
1732 3507 1746 3522 ⁸

172 3581 309 3636 ἀλλά
347 3599 417 3652 γε
469 3584 538 3636 σὺ
569 3583 658 3656 ,ὡς
693 3583 927 3654 ἀσθενὴς
978 3583 1108 3654 οἴνῳ
1159 3583 1325 3654 ὀλίγῳ
1357 3585 1560 3656 χρήσῃ.
1595 3583 1658 3636 Ei
1693 3582 1751 3636 δὲ

169 3674 267 3728 καὶ
292 3675 502 3750 τούτου
529 3673 770 3745 δυνηθῇς
816 3674 1119 3745 ἀπέχεσθαι
1148 3674 1248 3750 τῂν
1269 3674 1487 3745 χρῆσιν,
1528 3673 1751 3726 πλείονα

172 3768 312 3837 σχῇς
335 3740 759 3834 ,λῶφέλειανῖτῆνν
789 3740 1008 3836 ἐντολὴν
1042 3740 1448 3836 πληρῶσαςίοί
1483 3764 1617 3843 θεῖοι
1641 3763 1751 3835 γάρ

168 3857 472 3911 ἀπόστολοι
511 3858 581 3930 ὲν,
600 3857 827 3918 ταύταις
865 3859 987 3920 ταῖς
1021 3857 1278 3928 ἡμέραις,
1307 3855 1444 3910 ἀλλά
1487 3871 1552 3924 γι
1586 3855 1680 3908 καὶ
1705 3855 1756 3907 o’.

169 3945 291 4016 μετ’
334 3947 547 4008 αὐτοὺς
597 3946 849 4014 θεοφόροι
893 3946 1136 4016 Πατέρες
1177 3945 1467 4016 ἀκρίϐειαν
1511 3940 1756 4013 ὁρίζουσι

169 4039 420 4110 φοϐεράν
470 4039 567 4090 καὶ
618 4039 882 4107 μεγάλην,
924 4039 1074 4108 ἄρτῳ
1103 4037 1216 4090 καὶ·
1248 4039 1395 4110 μόνῳ
1435 4036 1753 4109 τρέφεσθαι,

1833 487 2065 546 modus,
2119 485 2385 554 siquidem
2431 494 2596 536 totum
2651 483 2704 534 bi
2777 482 3031 535 mundum
3080 483 3393 550 repudiave~

1834 587 1981 639 runt,
2011 583 2064 627 et
2092 572 2384 625 vrrendam
2434 587 2495 625 ac
2543 584 2791 638 magnam
2842 571 3213 623 austrrilatvm
3246 586 3398 622 exere

1834 676 1976 720 cent.
2014 667 2215 717 Praiter
2239 663 2383 715 enim
2417 663 2669 714 mandata
2705 662 2933 728 desuper
2967 662 3188 729 scripta,
3228 662 3397 728 major

1835 760 1901 809 ab
1929 757 2058 824 ipsis
2090 753 2350 823 perfectio
2381 754 2706 822 requiretur,
2735 753 3052 806 umnimoda
3087 765 3398 822 paupertas.

1837 847 2118 914 virginitas
2151 846 2379 914 integra,
2415 843 2728 913 passionum
2764 828 3261 909 alimentorumque
3289 861 3402 894 niu-

1839 936 2066 999 del-alio,
2102 924 2362 989 sensuum
2398 933 2899 998 refrenatio,visus,
2929 932 3182 996 olfactus,
3205 941 3400 985 tactus.

1837 1029 2054 1082 auditus
2085 1038 2140 1080 et
2187 1038 2398 1096 gustus,
2445 1043 2474 1080 a
2513 1027 2672 1080 malis
2731 1029 3019 1090 custodia;
3064 1025 3404 1079 incessabilis

1836 1117 2160 1186 psalmodia,
2201 1118 2396 1186 vigiliae
2439 1119 2641 1183 multae,
2676 1119 2824 1171 humi
2856 1118 3098 1179 cubatio,
3138 1118 3405 1184 xerOpha-

1838 1207 1946 1278 gia,
1983 1223 2186 1278 corpus
2227 1209 2462 1272 illotum,
2490 1226 2610 1263 eum
2647 1211 2968 1264 mulieribus
3015 1197 3287 1264 convivari
3321 1209 3403 1261 vel

1839 1300 2060 1354 omnino
2093 1312 2273 1356 tenere
2312 1303 2606 1355 amicitiam
2649 1303 2829 1371 regula
2868 1301 3151 1355 monachis
3178 1315 3402 1369 prorsus

1839 1393 2134 1460 interdicit,
2197 1395 2396 1448 nedum
2455 1395 2821 1464 frequentare,
2856 1398 2939 1449 vel
3002 1395 3104 1448 iter
3157 1411 3278 1449 eum
3325 1395 3404 1447 eis

1840 1500 2023 1555 agere,
2065 1501 2372 1556 puerosque
2395 1487 2535 1555 apud
2572 1502 2631 1542 se
2667 1487 3013 1540 introducere
3054 1495 3149 1539 aut
3179 1485 3404 1540 omnino

1841 1578 2070 1646 singulis
2101 1593 2223 1631 cum
2258 1579 2489 1647 singulis
2537 1579 2770 1638 sociari,
2825 1578 3215 1640 contradicere,
3277 1593 3407 1629 con-

1845 1668 2028 1723 viciari
2062 1669 2141 1724 vel
2191 1670 2440 1723 censuris
2495 1653 2759 1724 lacessere
2794 1669 3122 1737 quibuslibet
3158 1670 3405 1722 ﬁdelibus

1847 1746 2062 1815 vetaiur
2095 1779 2109 1815 :
2153 1771 2362 1831 quanto
2398 1763 2570 1830 magis
2608 1759 2761 1816 illis?
2806 1762 3002 1816 Jurare
3043 1763 3128 1816 vel
3162 1763 3408 1837 pejerare

1845 1851 2005 1918 plane
2036 1853 2374 1920 prohibetur.
2439 1853 2662 1922 Argenti
2707 1845 2789 1907 vel
2833 1855 2915 1907 sui
2967 1864 3234 1907 amantem
3289 1868 3410 1907 esse

1845 1943 2170 1996 monachum
2233 1958 2339 1996 nou
2414 1944 2560 1995 licet.
2633 1944 2739 1999 Sed
2796 1945 2984 2013 utquid
3052 1944 3408 2000 discurrendo

1847 2042 2060 2103 tempus
2088 2035 2450 2088 consumam?
2481 2035 2538 2089 Si
2586 2051 2810 2105 regnum
2847 2038 3110 2091 ewlorum
3167 2036 3413 2091 obtinere

1845 2127 2027 2194 cupis,
2059 2125 2127 2179 ab
2147 2128 2402 2184 omnibus
2433 2129 2592 2183 malis
2621 2129 2853 2190 abstine,
2883 2139 2934 2183 et
2965 2130 3182 2183 cunctis
3211 2130 3412 2185 inhaere

1844 2214 2022 2270 bonis.
2074 2215 2309 2272 Prorsus
2370 2219 2512 2273 enim
2563 2227 2649 2273 est
2695 2218 2907 2273 diﬂicile
2948 2218 3030 2273 vel
3083 2220 3414 2288 impossibile

1846 2307 2138 2376 voluptatis
2169 2316 2261 2362 aut
2291 2310 2476 2380 gloria:
2522 2310 2779 2380 cupidum
2813 2327 2994 2365 veram
3031 2319 3414 2382 ,a'ternamque

1848 2394 2010 2447 vitam
2037 2396 2289 2466 adipisci.

1920 2559 2124 2635 7.11m
2184 2581 2399 2651 quidem
2432 2598 2494 2638 ex
2559 2585 2746 2640 multis
2797 2599 2970 2655 pauca
3028 2585 3122 2641 tibi
3171 2588 3414 2656 scripsi:

1818 2649 1828 2721 γ’
1854 2669 1966 2725 seis
1988 2671 2136 2726 enim
2174 2689 2347 2728 meam
2381 2677 2808 2745 simplicitatem.
2858 2679 3123 2733 Praeterea
3155 2683 3219 2733 ad
3269 2683 3416 2737 aliud

1859 2761 2109 2830 impellor
2144 2767 2526 2832 propositum,
2593 2767 2990 2838 aliquantisper
3043 2770 3419 2827 demonstrare
3501 2781 3512 2792 ‘

1849 2852 2122 2918 quomodo
2141 2855 2306 2908 vitam
2332 2855 2619 2912 instituere
2636 2858 2858 2923 debeas,
2884 2861 3062 2929 quoad
3093 2864 3415 2928 orationem,

1849 2943 2304 3010 temperantiam,
2344 2959 2644 3015 verumque
2697 2948 2988 3016 jejunium,
3048 2960 3209 3021 atque
3254 2954 3416 3008 etiam

1847 3031 2091 3099 quolibet
2149 3041 2392 3103 tempore
2425 3036 2855 3104 observantiam,
2887 3040 3106 3098 initium
3149 3047 3421 3099 sermonis

1849 3136 2012 3177 orsus
2043 3124 2111 3177 de
2140 3124 2417 3194 principio
2448 3129 2801 3198 obligationis
2829 3147 2844 3185 :
2871 3135 3016 3186 unde
3051 3143 3104 3188 te
3143 3151 3327 3189 curam
3365 3139 3421 3193 in

1846 3208 2284 3283 jejuniaponere
2325 3225 2560 3283 oportet,
2582 3233 2692 3272 non
2726 3220 2794 3273 de
2837 3213 2959 3275 hoc
2985 3221 3195 3290 jejunio
3227 3223 3422 3295 loquor

1852 3307 2084 3363 duarum
2137 3312 2374 3379 dierum,
2423 3325 2616 3385 quarta
2654 3329 2706 3371 et
2757 3334 3072 3388 parascevc,
3120 3333 3177 3376 ut
3229 3323 3424 3380 Patres

1851 3394 2127 3462 dicebant,
2189 3401 2433 3468 piscibus
2483 3403 2870 3460 abstinendum
2919 3424 3042 3464 esse
3080 3410 3311 3480 oleoque
3360 3429 3428 3466 ac

1853 3485 2002 3552 vino,
2031 3491 2416 3562 xemphagiam
2467 3495 2850 3562 permittentes
2880 3506 3049 3553 svmet
3102 3500 3167 3555 ad
3201 3518 3426 3559 nonam.
3464 3503 3468 3507 ’

1853 3577 1934 3632 Tu
1959 3588 2155 3646 tamen,
2187 3590 2243 3635 ut
2285 3584 2510 3650 debilis,
2547 3599 2720 3654 pauco
2771 3589 2899 3641 vino
2951 3592 3142 3645 uteris.
3193 3593 3248 3645 Si
3298 3610 3426 3648 vero

1853 3669 2012 3726 istius
2046 3673 2168 3726 usui
2231 3682 2383 3741 potes
2438 3677 2772 3741 renuntiare,
2807 3680 3065 3748 majorem
3117 3682 3424 3750 utilitatem,

1855 3771 2074 3816 servato
2111 3776 2419 3836 prmcepto,
2457 3770 2748 3840 percipies.
2787 3771 2904 3827 Divi
2937 3775 3079 3828 enim
3112 3779 3342 3846 apostoli
3375 3782 3426 3834 in

1857 3852 1977 3908 istis
2028 3853 2240 3920 diebus,
2276 3866 2484 3927 etpost
2538 3861 2686 3928 ipsos
2727 3863 3060 3919 sanctissimi
3098 3866 3311 3933 Patres,
3372 3870 3429 3924 in

1858 3945 1962 4001 hoc
2022 3963 2276 4018 magnam
2335 3953 2822 4026 venerandamque
2913 3958 3298 4026 perfectionem
3360 3969 3452 4033 si-_

1858 4044 2029 4102 stunt,
2063 4040 2180 4095 solo
2216 4056 2356 4112 pane
2397 4059 2522 4100 cum
2579 4045 2696 4102 sale
2755 4048 3231 4122 leguminibusque
3266 4059 3429 4118 vesci,

169 4133 258 4186 ἀλί
289 4149 353 4185 τε
391 4131 492 4186 καὶ
523 4131 800 4202 λαχάνοις,
830 4132 1009 4210 καὶτὸ
1043 4133 1193 4206 πόμα
1223 4147 1286 4200 γε
1317 4130 1579 4194 ὡσαύτως
1612 4128 1743 4201 ὕδωρ

1861 4128 2116 4186 simiaiter
2145 4148 2244 4202 pro
2273 4142 2400 4202 potu
2461 4137 2633 4192 solam
2682 4153 2881 4207 aquam
2917 4141 3140 4205 habere,
3174 4144 3276 4198 nisi
3309 4148 3434 4216 quis

167 4225 266 4278 καὶ
300 4225 476 4295 μόνον
507 4223 683 4290 ἔσται,
716 4224 765 4276 εἰ
794 4224 868 4293 μή
904 4240 1007 4277 που
1037 4221 1105 4275 δι’
1133 4223 1422 4278 ἀσθένειάν
1444 4241 1526 4288 τις
1561 4223 1743 4277 ἀδυνά-

1862 4230 2082 4290 propter
2120 4224 2450 4280 debilitatem
2502 4242 2612 4281 non
2657 4230 2863 4295 valeat;
2915 4231 3003 4285 hic
3056 4233 3202 4286 enim
3257 4246 3433 4302 pauco

166 4334 277 4382 τως
309 4318 458 4388 ἔχει,
488 4317 617 4385 οῐνῳ
646 4315 812 4386 ὀλίγῳ
857 4314 1142 4386 χρώμενος
1166 4317 1254 4368 διὰ
1279 4316 1379 4387 τὴν
1422 4316 1743 4386 ἀρρωστίαν.

1862 4309 1988 4364 vino
2029 4322 2249 4381 propter
2297 4313 2669 4369 inﬁrmitatem
2705 4326 2915 4372 utatur.
2968 4311 3196 4376 (lateris
3226 4330 3430 4386 autem,

169 4402 291 4458 Τῶν
321 4405 384 4458 δὲ
417 4403 646 4468 λοιπῶν,
673 4403 746 4466 ὡς
768 4403 1042 4473 γέγραφα,
1065 4404 1308 4476 ἀπόσχου
1332 4404 1563 4476 πάμπαν
1591 4405 1743 4470 ὅλως,

1858 4411 1917 4455 ιιι
1940 4405 2158 4473 scripsi,
2189 4422 2420 4476 prorsus
2450 4410 2756 4476 abstineas,
2789 4413 2891 4465 nisi
2928 4429 3036 4482 qua
3062 4414 3437 4470 debilitas-aut

168 4495 218 4546 εί
248 4495 328 4566 μή
369 4493 480 4547 πού
510 4511 596 4558 τις
637 4493 891 4549 ἀσθένεια
925 4495 1207 4568 ἢάφορμὴ
1245 4497 1486 4562 ἐπέλθοι,
1519 4495 1636 4553 ἀλλ’
1662 4496 1743 4551 οῦι

1857 4493 1961 4546 alia
1990 4509 2181 4562 causa,
2224 4513 2333 4551 non
2378 4511 2554 4553 autem
2591 4481 3010 4572 qualiscunque,
3065 4504 3158 4558 sed
3206 4508 3434 4558 omnino

167 4587 202 4656 ἠ
233 4587 336 4656 οὐχ
383 4585 464 4647 ὡς
496 4584 711 4656 ἔτυχεν,
758 4586 873 4639 ἀλλ’
924 4586 1198 4656 ἀναγκαία
1230 4588 1396 4642 πάνυ.
1441 4588 1554 4643 Καὶ
1580 4588 1743 4642 ταῦτα

1859 4588 2188 4653 necessaria,
2227 4592 2597 4659 superveniat.
2636 4591 2764 4648 Haec
2793 4603 2973 4647 autem
3015 4595 3173 4663 plane
3202 4595 3267 4649 dc
3298 4611 3436 4666 quo-

168 4679 440 4747 γέγραφα
469 4677 656 4740 ἁπλῶς
690 4678 820 4746 περὶ
852 4678 1048 4741 παντὸς
1080 4679 1176 4731 τοῦ
1207 4680 1422 4751 χρόνον.
1451 4680 1600 4752 Αὕτη
1632 4679 1688 4733 δὲ
1720 4681 1743 4744 'l

1860 4679 1991 4733 libet
2011 4689 2255 4749 tempore
2292 4683 2504 4753 scripsi.
2531 4683 2636 4738 lsta
2670 4701 2793 4740 vero
2813 4685 3146 4753 jejuniorum
3172 4688 3436 4756 perfectio

167 4768 448 4840 ἀκρίϐεια
478 4768 588 4822 τῶν
637 4770 902 4838 νηστειῶν
947 4771 1016 4840 ἢν
1061 4771 1281 4841 γράφω,
1311 4772 1370 4825 ού
1420 4773 1557 4844 πρὸς
1610 4774 1743 4844 mia,

1863 4771 1930 4824 de
1948 4768 2049 4842 qua
2072 4773 2286 4842 loquor,
2319 4790 2423 4827 non
2458 4775 2521 4828 ad
2542 4791 2640 4829 nos
2658 4786 2865 4830 tantum
2882 4778 3180 4831 monachos
3209 4778 3434 4839 directa,

168 4864 300 4926 τοὺς
357 4862 637 4933 μοναχοὺς
693 4864 1142 4934 ἐγράφησανκαὶ
1201 4865 1384 4936 μόνον,
1435 4865 1569 4918 ἀλλά
1623 4867 1743 4938 πρὸς

1865 4869 1952 4914 cst
1991 4861 2086 4916 sed
2112 4863 2180 4916 ad
2206 4878 2399 4917 omnes
2427 4864 2629 4918 Christi
2660 4865 2864 4941 ﬁdeles.
2894 4866 3002 4919 Nos
3034 4877 3212 4920 autem
3251 4883 3442 4922 mena-

171 4953 397 5028 πάντας
418 4955 550 5016 τοὺς
577 4954 805 5015 πιστοὺς
829 4956 921 5006 καὶ
954 4955 1193 5027 Χριστοῦ
1218 4956 1314 5027 τῆς
1346 4955 1585 5026 μερίδος.
1618 4956 1743 5022 Hebe

1870 4949 2007 5006 chos
2046 4951 2219 5006 sancti
2256 4953 2443 5006 Patres
2471 4953 2717 5008 scribunt
2775 4970 2939 5008 unam
2987 4955 3184 5010 habere
3228 4970 3440 5011 cumam

170 5047 328 5116 ἡμᾶς
358 5045 424 5098 δὲ
464 5046 591 5109 τοὺς
620 5050 889 5117 μοναχοὺς
923 5050 971 5102 oi
997 5051 1144 5116 ἀγιοι
1176 5049 1417 5116 Πατέρες
1451 5047 1743 5117 μονοσιτίαπ

1870 5043 2135 5110 quotidie,
2157 5058 2261 5098 non
2281 5043 2506 5100 Sautem
2537 5047 2747 5102 abbatis
2776 5056 2830 5102 et
2861 5045 3139 5102 Dominica
3165 5047 3436 5118 jejunarc.

170 5137 492 5206 γράφουσιν
531 5137 679 5207 ἔχειν
709 5139 767 5191 τὸ
803 5140 925 5192 καθ’
955 5141 1193 5210 ἡμέραν,
1232 5139 1486 5192 Σάϐϐατα
1519 5140 1616 5191 καὶ
1651 5119 1743 5191 Κυε

1869 5135 2073 5190 ϐαειοτα
2104 5151 2248 5190 nunc
2274 5136 2525 5207 incipiam
2556 5138 2830 5193 memoriae
2860 5139 3092 5194 tradere.

173 5233 348 5300 ριακῇ
375 5227 478 5282 τοῦ
507 5230 580 5300 μὴ
608 5231 890 5301 νηστεύειν
920 5233 1078 5297 ὅλως.
1109 5233 1224 5284 Νῦν
1257 5228 1352 5285 οὖν
1377 5232 1562 5285 λοιπὸν
1584 5231 1764 5301 ἀπάρ-

173 5320 346 5392 ξομαι
380 5322 482 5375 τοῦ
520 5324 754 5392 γράφειν
782 5319 884 5378 ὦδε
924 5325 1107 5380 πάλιν.

246 5413 324 5486 η’.
362 5415 483 5478 Τὰς
514 5415 708 5488 ἑορτάς
744 5417 810 5479 ἀς
843 5418 1074 5488 λέγομεν
1103 5416 1437 5481 Δεσποτικὰς
1483 5418 1532 5469 oi
1570 5416 1735 5470 πάντε

1943 5415 1994 5468 8.
2028 5413 2371 5469 Festivitates
2407 5428 2545 5483 quas
2594 5428 2852 5468 vocamus
2870 5414 3202 5478 Dominicas,
3231 5427 3445 5483 semper

174 5506 275 5555 atati.
308 5500 522 5574 λύομεν
555 5507 614 5558 ὲν
651 5486 822 5560 ἀπασι
859 5510 936 5571 είς
985 5507 1188 5578 βρῶσίν
1221 5525 1280 5561 τε
1316 5509 1410 5561 καὶ
1446 5508 1625 5561 πόσιν.
1660 5507 1743 5560 Κα

1875 5509 1939 5563 ad
1961 5523 2113 5563 esum
2181 5516 2234 5562 et
2271 5507 2772 5583 potum‘habemus
2817 5509 3047 5561 solutas.
3087 5505 3445 5575 Praeponatur

175 5596 538 5664 προτιθέσθω
591 5601 856 5670 πρότερον
903 5600 1160 5671 γέννησις
1207 5601 1305 5671 τῆς
1358 5600 1636 5670 Παρθένου
1676 5616 1743 5651 κα

1875 5601 2053 5672 primo
2086 5597 2353 5652 Nativitas
2384 5597 2625 5670 Virginis
2652 5607 2706 5652 et
2759 5614 2886 5652 vere
2921 5597 3185 5668 Deiparze,
3212 5601 3446 5652 sanctis-

173 5690 460 5742 θεοτόκου
491 5690 704 5760 ἀλληθῶς
732 5691 830 5761 τῆς
852 5693 1127 5760 πανάγνον
1152 5692 1446 5768 Δεσποίνης
1464 5708 1480 5723 ο
1513 5691 1743 5745 ὡσαύτω

1878 5693 2029 5750 sima:
2065 5689 2345 5758 Domina;
2379 5691 2626 5747 similiter
2657 5691 2803 5746 illius
2839 5691 2905 5746 ad
2938 5692 3198 5753 templum
3235 5691 3446 5745 Domini
