4008 6342
206 319 295 385 401
1206 334 1209 337 '
1412 318 1511 381 DE
1548 317 1728 383 VlTA
1764 311 2231 379 MONASTICA.

3323 307 3433 366 402

211 444 323 497 μου.
361 427 592 490 Ἐκεῖνος
622 426 731 497 γὰρ
760 425 1063 495 έφθέγξατο
1090 426 1168 491 εἰς
1194 427 1292 483 ἕνα
1315 426 1522 482 τούτων
1543 428 1719 491 οὕτως
1744 441 1759 459 ⁸

1866 428 1930 484 ad
1992 427 2224 484 istorum
2278 422 2449 481 unum
2509 420 2785 477 clamabat
2826 415 3183 476 :Venerandi
3237 414 3431 487 ieiunii

206 519 263 572 Ei
312 518 402 573 καὶ
431 516 710 588 παρῆλθεν
748 519 777 570 ό
818 518 1008 589 καιρὸς
1035 520 1137 587 τῆς
1181 518 1451 589 παντίμου
1480 519 1756 591 νηστείας,

201 606 309 662 ἀλλ’
334 608 366 675 ἡ
406 605 574 674 αὐτῆς
608 598 848 674 ὠφέλεια
878 607 938 658 έν
967 607 1101 676 ἡμῖν
1128 606 1217 660 ἀεὶ
1244 604 1419 660 ἔστω·
1442 604 1570 660 ὅθεν
1600 603 1759 675 κάγώ

204 715 277 750 σοι
308 695 586 768 παραινῶν
613 690 716 751 ὧδέ
759 715 877 761 πως
909 699 1126 769 γράφω’
1154 698 1218 750 Ei
1248 698 1389 767 τάχα
1421 699 1517 753 καὶ
1550 698 1760 768 παρῆλ-

202 787 285 840 θεν
313 789 340 841 ό
381 788 480 857 τῆς
511 787 768 858 νηστείας
802 787 1015 859 χρόνος,
1045 788 1184 842 ἀλλὰ
1208 789 1306 861 τῆς
1341 790 1668 861 ἐγκρατείας
1695 806 1760 858 γε

198 877 540 948 παρέδραμεν
578 876 688 930 οὐδ’
715 871 873 943 δλωξ,
920 876 1016 931 καὶ
1043 877 1127 930 δεῖ
1167 895 1227 931 σε
1264 877 1473 950 ταύτην
1500 878 1761 947 ἀσφαλῶς

195 965 495 1035 ὡςτιθηνδν
524 966 772 1037 κατέχειν
792 981 808 997 '
852 968 957 1021 κᾶν
985 968 1169 1042 διέλθῃ
1204 969 1237 1039 ἡ
1288 969 1529 1040 ἑϐδομὰς
1554 970 1655 1040 τῆς
1681 969 1755 1023 δι’

155 1057 540 1127 .ἀκινησίμου,
592 1059 1038 1129 μονοπροσώπως
1086 1061 1325 1129 φύλαττε
1372 1061 1608 1133 τετράδα
1662 1063 1759 1115 καὶ

198 1147 294 1219 τὴν
324 1147 509 1218 ἕκτην.
541 1148 723 1219 Τυροῦ
753 1149 964 1220 ἀπέχου
993 1152 1088 1205 καὶ
1119 1151 1257 1218 ώοῦ,
1288 1153 1385 1207 καὶ
1412 1153 1522 1205 τῶν
1552 1153 1759 1208 λοιπῶν

204 1239 415 1310 μηκέτι,
474 1237 591 1291 ἀλλ’
641 1238 734 1292 leo
788 1238 884 1293 νῦν
934 1240 1225 1312 ἐλεύθερος
1259 1244 1325 1296 έν
1365 1241 1594 1306 ταύταις
1636 1242 1758 1305 ταῖς

198 1332 454 1403 ἡμέραις·
485 1331 713 1400 νηστεία
740 1330 851 1400 γὰρ
881 1331 941 1416 0.6
988 1331 1299 1402 γέγραπται
1337 1331 1472 1408 οὐδὲ.
1506 1332 1760 1401 γονυκλι-

197 1424 308 1478 σίαο
347 1423 556 1485 ταύτας
589 1423 700 1493 γάρ
732 1424 831 1487 τὰς
866 1424 1208 1493 πεντήκοντα
1223 1426 1282 1487 ,οἱ
1329 1423 1478 1494 ἅγιοι
1513 1425 1761 1495 Πατέρες

194 1513 612 1579 ἀνακυκλοῦντες
675 1513 886 1583 ἔφησαν
948 1513 1163 1584 ἡμέραν
1222 1510 1363 1567 εἷναι
1424 1513 1572 1585 μίαν.
1621 1514 1759 1585 Περὶ

193 1606 390 1661 τούτων
431 1608 491 1662 δὲ
533 1607 722 1663 λοιπὸν
771 1607 1073 1677 ἀρκέσΘητι
1119 1605 1373 1662 ἐνταῦθα.
1430 1608 1607 1675 ’Δγὼν
1650 1609 1760 1679 γάρ

195 1715 281 1769 μοι
307 1696 581 1752 έπίκειται
615 1697 777 1752 πάλιν
820 1696 1071 1750 ἐντεῦθεν
1105 1696 1286 1765 ἀλλος,
1316 1700 1374 1753 al
1407 1699 1503 1751 δύο
1548 1699 1760 1751 Τεσσα-

194 1786 451 1855 ρακοσταὶ
482 1785 924 1855 κατελείφθησαν
976 1784 1150 1849 οὕτως
1171 1804 1185 1817 ο
1240 1787 1443 1855 μᾶλλον
1473 1786 1569 1842 καὶ
1599 1790 1633 1859 ἡ
1666 1786 1760 1841 τὸν

191 1874 480 1943 αὖγουστον
509 1873 810 1944 τελουμένη
834 1875 1081 1945 νηστεία,
1111 1877 1177 1946 ἢν
1206 1876 1391 1932 πολλοὶ
1424 1879 1757 1947 ἁϐροδίαιτοι

189 1965 530 2020 διαϐάλλουσι
552 1965 786 2035 πάμπαν
819 1982 832 1997 ·
869 1969 966 2020 καὶ
996 1969 1124 2037 περὶ
1150 1970 1361 2023 τούτων
1382 1970 1465 2023 δεῖ
1482 1973 1670 2025 εἰπεῖν’
1682 1973 1759 2037 ὡς

188 2059 404 2112 δυνατὸν
454 2058 728 2128 ὑπάρχειο
777 2058 872 2111 καὶ
927 2046 1193 2130 πρότερον
1236 2061 1573 2133 δηλώσωμεν
1627 2066 1758 2135 περὶ

188 2150 294 2204 τῶν
337 2150 578 2221 Χριστοῦ
622 2150 850 2220 γεννῶν.
884 2152 1194 2222 Παράδοσιν
1241 2152 1512 2225 ἐλάϐομεν
1557 2157 1623 2209 έκ
1650 2157 1758 2211 τῶν

188 2241 419 2297 ἔκπαλαι
485 2242 695 2313 χρόνων
734 2243 792 2294 έν
824 2243 996 2315 ταύτῃ
1044 2245 1108 2315 τῇ
1146 2249 1565 2318 τεσσαρακοστῇ
1601 2264 1760 2318 μονο-

187 2337 359 2392 σιτίαν
413 2336 584 2408 ἔχειν,
627 2338 743 2391 ἀλλ’
791 2338 901 2391 οὐδ’
956 2336 1153 2408 ίχθύων
1210 2340 1484 2395 ἀπτεσθάι
1530 2344 1588 2395 έν
1638 2345 1758 2407 ταῖς

184 2428 359 2500 τρισὶν
384 2428 649 2498 ἡμέραις,
684 2427 968 2495 δευτέραν,
1001 2417 1217 2498 τρίτην.
1251 2428 1412 2497 Λέγω
1431 2429 1495 2501 δὴ
1528 2430 1631 2484 ’σὺν
1661 2432 1760 2484 αὑ-

184 2525 296 2584 ταῖς
318 2521 413 2573 καὶ
439 2519 548 2589 ’τὴν
572 2524 633 2582 ε’,
660 2517 895 2585 τετράδα
918 2518 1011 2571 καὶ
1041 2518 1421 2588 παρασκευὴν,
1444 2520 1545 2573 οὐκ
1575 2519 1757 2575 ἔλαιον

186 2611 280 2667 τούκ
303 2625 447 2666 οινον
473 2610 741 2680 Σαϐϐάτῳ
771 2611 868 2664 καὶ
904 2609 1153 2680 κυριακῇ
1185 2609 1489 2680 λαμϐάνειν
1517 2595 1754 2676 πάντως.

187 2704 293 2758 Kal.
323 2702 443 2768 ἃλις
477 2701 578 2773 μιν
618 2704 748 2773 περὶ
788 2701 959 2772 αὐτῆς
986 2715 999 2731 ·
1031 2700 1092 2753 ού
1125 2700 1235 2773 γὰρ
1274 2701 1360 2756 δεῖ
1406 2701 1569 2756 πλέον
1618 2703 1759 2773 γρά-

187 2813 324 2867 φειν.

254 2886 344 2946 ια’.
394 2888 638 2959 ’Δνάγκη
667 2887 847 2942 τοίνυν
863 2886 1095 2940 διελθεῖν
1126 2886 1256 2958 περὶ
1278 2886 1388 2939 τῶν
1405 2885 1754 2941 τελευταίων.

188 2980 451 3053 Συνήθεια
495 2980 843 3051 κεκράτηκεν
874 2980 931 3030 έν
960 2980 1083 3041 ταῖς
1115 2967 1395 3048 νηστείαις
1424 2978 1653 3045 ταύταις
1675 2979 1758 3042 δὶς

186 3073 280 3142 τῆς
322 3072 543 3144 ἡμέρας
589 3070 813 3138 ἐσθίειν,
855 3071 957 3124 οὐκ
986 3067 1087 3124 οἷδ’
1120 3070 1243 3124 ὅθεν
1261 3069 1658 3141 λαμϐάνοντες,
1681 3066 1761 3124 οῖ-

192 3181 282 3233 μαι
300 3164 358 3218 δὲ
386 3163 477 3217 διὰ
496 3161 589 3217 τδν
620 3162 812 3232 καιρὸν
842 3161 973 3215 ὄντα
990 3160 1244 3233 καυσώδη
1264 3161 1407 3217 τότε.
1445 3160 1587 3216 Ἀλλ’
1603 3162 1667 3215 ού
1692 3164 1756 3233 τῇ

190 3257 448 3329 συνηθείᾳ
468 3256 871 3328 δεῖπροσέχειν
900 3255 1047 3325 ἡμᾶς
1075 3254 1233 3320 ὅλως,
1277 3255 1398 3309 οὐδὲ
1426 3255 1489 3309 τὸ
1520 3256 1635 3319 πῶς
1662 3255 1756 3310 καὶ

188 3350 269 3403 διὰ
293 3350 346 3403 τί
372 3351 679 3419 πράττεται
705 3349 825 3401 τόδε
848 3347 1050 3413 λέγειν,
1077 3346 1193 3407 ἀλλ’
1220 3347 1451 3418 ὲρευνᾷν
1478 3349 1575 3403 καὶ
1603 3350 1756 3421 ἀκρι.

145 3514 148 3519 γ
189 3440 311 3494 ϐοῦν
358 3440 486 3502 τοὺς
520 3439 711 3507 λόγους
765 3437 873 3492 τῶν
914 3438 1178 3508 Πατέρων
1216 3434 1313 3493 καὶ
1348 3440 1476 3503 τοὺς
1514 3444 1759 3505 ’κανόνας

188 3532 287 3585 τῶν
347 3531 533 3601 σοφῶν
569 3533 664 3585 καὶ
719 3529 881 3584 θείων
907 3528 1246 3595 ἀποστόλων,
1300 3530 1366 3583 δι’
1408 3525 1485 3583 ὧν
1526 3532 1621 3585 καλ⁵
1668 3532 1761 3585 τὸν

191 3622 455 3692 ἡμέτερον
482 3620 656 3683 οὕτως
689 3620 802 3690 βίον
832 3618 1140 3690 ῥυθμίζειν.
1170 3619 1361 3689 Ὅμως
1390 3620 1441 3673 ει
1468 3620 1568 3691 τὴν
1601 3621 1763 3691 ἀκρί-

188 3713 335 3767 ϐειαν
387 3713 482 3764 καὶ
537 3712 745 3764 τούτων
796 3710 943 3780 ἔχειν
992 3709 1187 3774 θέλεις,
1239 3710 1478 3781 ζήτησον
1533 3709 1763 3764 ὄπισθεν

194 3802 386 3871 μικρὸν
414 3802 473 3853 ἐν
503 3802 569 3870 τῇ
619 3800 730 3853 τῶν
766 3799 1005 3869 Χριστοῦ
1032 3799 1262 3869 γεννῶν,
1303 3801 1466 3855 κάκεῖ
1509 3800 1764 3872 εὑρήσεις

188 3892 215 3943 δ
246 3894 456 3964 ζητεῖς,
492 3891 587 3945 κὰὶ
623 3893 763 3962 ὅπερ
795 3891 997 3960 βούλει,
1029 3893 1264 3961 πρᾶττε.

188 4099 301 4150 γον,
333 4083 471 4137 ἀλλὰ
498 4081 589 4152 βία
625 4098 717 4151 μοι
749 4080 1015 4150 πρόσεστι
1049 4079 1224 4149 μικρά
1263 4096 1387 4133 τινα
1418 4077 1760 4149 προσθεῖναι.

187 4177 409 4229 Δέδοικα
443 4176 503 4229 δὲ
557 4174 633 4243 μὴ
668 4173 928 4243 φορτικὸς
978 4171 1238 4243 φανῶμαί
1285 4187 1370 4226 σοι
1406 4174 1465 4224 έν
1508 4171 1759 4233 τούτοιςο

189 4267 539 4337 γονυκλισίας
568 4267 648 4319 δεῖ
674 4268 853 4320 ποιεῖν
884 4265 1064 4320 πάντα
1097 4263 1189 4317 τὸν
1221 4264 1416 4335 χρόνον
1437 4263 1579 4329 ὅλον,
1613 4264 1662 4316 εί
1688 4264 1762 4335 μή

191 4377 289 4415 που
322 4361 481 4433 τύχοι
514 4361 675 4430 ἑορτὴ
707 4359 964 4429 νηστείας
992 4358 1068 4429 μὴ
1088 4349 1091 4355 ’
1115 4355 1402 4427 παρούσης
1435 4357 1494 4409 έν
1595 4357 1765 4425 ἀργία

1861 529 2073 587 tempus
2100 517 2202 573 etsi
2225 512 2508 588 praeteriit,
2540 512 2688 569 illius
2725 512 2932 568 utilitas
2952 510 3006 565 in
3029 509 3191 564 nobis
3213 522 3433 579 semper

1860 618 2099 679 maneat.
2126 608 2278 665 Unde
2294 616 2349 664 et
2367 622 2468 680 ego
2496 604 2750 684 similiter
2771 604 3067 659 adhortans
3088 600 3184 657 tibi
3198 603 3389 657 scribo
3415 620 3429 656 :

1860 704 1907 758 si
1964 700 2104 757 forte
2138 700 2404 770 praeteriit
2460 696 2664 770 ieiunii
2720 702 2997 765 tempus,
3030 703 3270 749 attamen
3322 697 3431 746 non

1860 792 2090 847 omnino
2115 789 2488 862 temperantia
2517 786 2737 844 transiit
2792 802 2807 841 :
2853 786 2996 841 hanc
3025 794 3077 840 te
3122 798 3337 853 semper
3376 791 3437 837 ut

1861 882 2127 938 nutricem
2186 887 2406 951 oportet
2452 891 2800 935 conservare.
2852 874 2969 931 Etsi
3052 874 3188 928 abiit
3222 872 3435 928 hebdo-

1861 972 2021 1028 niada
2061 972 2254 1043 ieiunii
2298 971 2352 1027 in
2390 968 2650 1027 absoluto
2702 968 2818 1024 otio
2862 964 3226 1021 nihilominus
3273 977 3435 1035 quar—

1863 1070 1971 1116 tam
2037 1070 2091 1116 et
2144 1069 2352 1116 sextam
2406 1060 2553 1117 diem
2598 1057 2813 1116 custodi
2860 1074 2875 1111 :
2946 1070 2977 1109 a
3032 1066 3193 1109 caseo
3233 1060 3439 1133 et'ovo

1862 1154 2094 1219 abstine,
2120 1167 2219 1208 nec
2251 1160 2433 1209 tamen
2480 1164 2511 1208 ε
2536 1151 2786 1219 ceteris;
2818 1163 2941 1203 nam
2999 1147 3054 1202 in
3080 1220 3088 1224 _
3111 1144 3199 1203 bis
3245 1142 3438 1199 diebus

1862 1245 1998 1301 liber
2051 1254 2193 1300 esto.
2249 1243 2366 1299 Non
2449 1243 2595 1299 enim
2654 1239 2924 1315 ieiunium
2981 1253 3078 1293 nec
3136 1234 3440 1307 genuﬂexio
3490 1252 3493 1253 '

1860 1337 2233 1408 praescribitur
2270 1353 2284 1391 :
2326 1335 2447 1391 illas
2509 1334 2655 1390 enim
2707 1327 3266 1402 quinquaginta'dies
3294 1365 3309 1391 ,
3384 1325 3462 1384 in.

1862 1430 2050 1485 orbem
2102 1427 2464 1491 reducentes,"
2496 1425 2674 1481 sancti
2728 1420 2918 1480 Patres
2968 1438 3133 1477 unam
3188 1418 3421 1475 dixerun

1860 1507 1985 1577 esse
2009 1520 2151 1577 diem
2191 1537 2206 1575 :
2242 1528 2501 1576 caeterum
2532 1520 2721 1589 super
2749 1516 2836 1572 his
2866 1516 3001 1571 satis
3017 1515 3130 1584 iam
3169 1512 3435 1568 diximus.

1863 1596 2023 1670 Aliud
2061 1614 2206 1669 enim
2232 1611 2573 1684 propositum
2618 1625 2706 1665 me
2737 1618 2940 1671 manet,
2977 1609 3099 1662 dua
3125 1605 3443 1678 Quadrage-

1864 1702 2017 1756 simae
2050 1717 2172 1770 quae
2222 1701 2304 1769 _sie
2342 1698 2475 1754 mihi
2507 1697 2851 1768 superfuere,
2889 1696 3196 1765 praesertim
3255 1703 3445 1747 autem

1866 1804 2248 1852 consecratum
2280 1795 2334 1848 in
2386 1790 2621 1865 augusto
2658 1790 2955 1860 jejunium,
2989 1788 3134 1855 quod
3166 1786 3321 1840 multi
3348 1783 3444 1839 de-

1867 1887 2029 1943 licate
2078 1887 2323 1942 viventes
2374 1899 2607 1956 prorsus
2681 1882 2961 1953 reiieiunt.
3018 1880 3091 1934 De
3142 1878 3228 1932 his
3276 1875 3442 1931 etiam

1864 1975 2094 2032 facultas
2174 1976 2522 2031 attribuenda
2574 1976 2733 2029 erit.‘
2790 1971 3035 2025 Primum
3116 1969 3184 2024 de
3239 1967 3442 2023 Christi

1863 2065 2148 2123 Natalibns
2174 2067 2703 2138 argumentabimur.
2743 2062 2821 2117 Ex
2859 2063 3055 2133 priscis
3099 2060 3443 2130 temporibus

1819 2142 1836 2155 ’
1864 2158 2206 2213 traditionem
2232 2157 2550 2227 accepimus
2581 2158 2641 2209 in’
2675 2156 2775 2209 hac
2798 2151 3238 2221 Quadragesima
3275 2164 3441 2203 unam

1867 2246 2068 2301 habere
2094 2260 2330 2310 coenam,
2388 2247 2635 2315 piscibus
2668 2259 2773 2297 non
2809 2242 2953 2296 vesci
2989 2240 3073 2295 his
3118 2239 3296 2293 tribus
3325 2238 3444 2293 die-

1865 2337 1967 2393 bus
1995 2375 2010 2401 ,
2040 2338 2279 2393 secunda
2304 2378 2318 2401 ,
2356 2338 2516 2392 tertia
2577 2345 2631 2390 et
2683 2334 2911 2405 quinta;
2948 2332 3151 2403 quibus
3205 2330 3445 2400 adiungo

1864 2437 2139 2498 quartam,
2184 2412 2506 2497 sextamqiie
2533 2428 2720 2492 diem;
2767 2425 2947 2481 oleum
2995 2431 3049 2479 et
3084 2423 3269 2479 vinum
3309 2420 3481 2477 Sab--

1864 2522 1993 2575 bato
2048 2519 2415 2584 etDominiqa
2461 2532 2690 2589 prorsus
2755 2534 2862 2571 non
2927 2531 3166 2572 sumere.
3222 2514 3299 2571 De
3339 2515 3446 2569 hac

1867 2619 2055 2666 autem
2084 2609 2220 2666 satis
2245 2625 2261 2664 :
2293 2609 2430 2664 nihil
2461 2608 2608 2663 enim
2633 2608 2747 2677 iam
2773 2606 3124 2663 scribendum
3178 2613 3368 2661 restat.

1939 2895 2029 2953 fl.
2079 2890 2319 2950 Necesse
2370 2892 2536 2964 igitur
2581 2900 2668 2947 est
2719 2890 2786 2946 ad
2827 2901 3127 2947 extremam
3191 2890 3446 2946 devenire

1876 2982 2387 3054 Quadragesimam.
2420 2982 2477 3038 In
2510 2982 2596 3037 his
2649 2980 2878 3050 ieiuniis
2914 2994 3035 3034 mos
3084 2979 3316 3034 invaluit
3360 2980 3445 3034 bis

1787 3103 1830 3161 ρ
1868 3076 1925 3133 in
1970 3076 2061 3132 die
2120 3075 2398 3141 vescendi,
2439 3090 2604 3144 quem
2642 3076 2786 3129 unde
2840 3074 3179 3145 sumpserint
3238 3075 3445 3140 nescio,

1868 3180 1999 3243 puto
2031 3170 2161 3242 quia
2207 3180 2339 3226 tunc
2386 3178 2601 3240 tempus
2650 3168 2933 3223 fervidum
2994 3178 3098 3223 est.
3131 3166 3237 3224 Sed
3287 3170 3446 3224 nobis

1870 3276 2097 3332 prorsus
2128 3276 2236 3315 non
2284 3269 2369 3316 est
2418 3258 2809 3314 consuetudini
2864 3256 3292 3323 attendendum,
3347 3274 3447 3311 nec

1867 3353 2144 3423 quomodo
2185 3362 2285 3407 aut-
2335 3366 2437 3405 cur
2491 3348 2635 3405 istud
2686 3356 2881 3417 agatur
2935 3346 3248 3411 dicendum,
3306 3346 3447 3403 bene

1868 3458 1999 3498 vero
2024 3442 2383 3498 scrutandum
2422 3456 2486 3496 ac
2513 3442 2931 3511 disquirendum
2985 3440 3311 3493 documenta
3344 3439 3449 3493 Pa-

1869 3545 2037 3599 trum,
2065 3549 2273 3590 necnon
2319 3533 3023 3603 sapientumdivorumque
3064 3530 3442 3599 apostolorum

1869 3622 2353 3693 eanones,quibus
2382 3623 2490 3677 vita
2537 3630 2726 3678 nostra
2768 3621 3104 3676 instituenda
3140 3631 3243 3678 est.
3292 3622 3448 3677 Atta-

1872 3733 1995 3774 men
2040 3718 2087 3773 si
2136 3718 2217 3772 vis
2264 3716 2480 3771 illorum
2531 3716 2729 3769 habere
2772 3725 3085 3770 accuratam
3144 3716 3447 3777 notionem,

1871 3809 2091 3878 require
2118 3808 2283 3877 paulo
2307 3807 2560 3877 superius
2592 3807 2646 3861 in
2680 3800 2893 3879 ieiunio
2930 3807 3132 3862 Christi
3158 3808 3459 3869 natalium,

546 3899 587 3983 F1
623 3899 763 3962 ὅπερ
795 3899 997 3960 βοωιειο
1029 3899 1264 3961 “Palm-
1402 3936 1421 3967 ,
1782 3916 1785 3917 ⁷
1871 3901 2055 3971 ibique
2076 3902 2222 3972 quod
2245 3902 2446 3970 quaeris
2472 3899 2737 3965 invenies,
2777 3911 2831 3955 et
2861 3902 3003 3971 quod
3040 3901 3119 3955 vis
3146 3916 3266 3971 age.

256 3991 343 4061 ιβ’.
388 3988 655 4043 Ἐνταῦθα
694 3988 1004 4058 ἐϐουλόμην
1035 3985 1132 4041 νῦν
1163 3984 1520 4041 καταπαῦσαι
1550 3987 1641 4040 τὸν
1673 3986 1761 4040 λό·
1819 4011 1832 4021 ·

1940 3994 2028 4048 12.
2063 3992 2161 4049 Hic
2190 3993 2436 4048 volebam
2473 3993 2630 4048 [inire
2660 3994 3003 4055 scrmonem,‘
3027 3994 3118 4047 sed
3148 3991 3449 4048 necessitas

1871 4100 1957 4139 me
1977 4086 2123 4154 cogit
2155 4100 2329 4155 pauca
2394 4084 2823 4155 superadiicere.
2855 4084 3047 4139 Timeo
3089 4099 3217 4138 vero
3252 4099 3319 4137 ne
3349 4084 3445 4139 tibi

1871 4175 2058 4231 videar
2086 4175 2139 4229 in
2166 4174 2286 4231 istis
2326 4189 2618 4230 onerosus.
2644 4174 2807 4229 Omni
2840 4162 3083 4243 tempor'c
3109 4172 3448 4242 genullexiu—

1859 4283 1969 4338 _nes
2025 4254 2239 4337 oportet
2295 4267 2494 4334 facere,
2557 4265 2659 4322 nisi
2696 4267 3073 4335 superveniat
3137 4264 3445 4328 festivitas,

1874 4366 2084 4415 semoto
2103 4358 2332 4429 ieiunio,
2365 4372 2472 4428 qua
2532 4361 2592 4413 ιιι
2636 4358 2904 4413 horarum
2942 4358 3233 4427 operisque
3263 4371 3449 4411 cessa-
3516 4370 3523 4386 ί

189 4452 394 4519 γίνεται
427 4453 549 4506 τῶν
575 4451 736 4524 ὡρῶν
772 4452 866 4505 καὶ
908 4450 998 4504 τοῦ
1048 4448 1234 4520 ἔργον.
1267 4449 1360 4520 Μὴ
1394 4448 1643 4519 φοϐηθῇς
1672 4451 1762 4502 τὸν

1875 4454 1973 4507 ιίο.
2006 4452 2304 4507 Nnmerum
2354 4466 2419 4504 ne
2479 4450 2764 4515 formides,
2815 4450 3180 4519 paucissimus
3227 4456 3353 4503 est:
3393 4447 3446 4501 in

150 4563 157 4575 κ
191 4542 443 4614 ἀριθμὸν,
490 4542 770 4608 ὀλιγοστὸς
804 4542 1066 4614 ὑπάρχει.
1097 4541 1319 4594 Δώδεκα
1350 4540 1565 4610 μέλλεις
1609 4540 1764 4612 ἀριθ-

194 4638 311 4705 μεῖν
347 4637 412 4690 tv
432 4638 552 4699 ταῖς
582 4635 760 4697 λιταῖς
799 4634 1035 4705 ἡμέραις
1054 4649 1071 4664 ο
1100 4633 1198 4696 τὰς
1232 4632 1289 4685 δέ
1335 4649 1400 4701 γε
1428 4622 1765 4702 τεσσαρακο·

195 4727 321 4802 στάς
352 4713 618 4798 ψηφίζειν
658 4726 960 4780 δεκαπέντε
1024 4727 1083 4778 ὲν
1111 4727 1178 4796 τῇ
1210 4724 1320 4778 τῶν
1360 4725 1602 4794 Χριστοῦ
1641 4741 1766 4793 γεν-

191 4816 294 4870 νῶν
325 4820 422 4871 καὶ
466 4819 576 4871 τῶν
610 4818 704 4871 δύο
740 4817 943 4870 λοιπῶν
991 4832 1095 4870 σοι.
1129 4816 1241 4884 Τὴν
1281 4815 1326 4867 δ’
1362 4815 1530 4885 ἀλλην
1562 4832 1763 4869 τεσσα-

196 4912 467 4980 ρακοστὴν
497 4906 565 4982 ἧς
590 4913 623 4981 ἡ
658 4909 850 4981 κλῆσις
892 4909 1103 4978 μεγάλη
1149 4906 1531 4972 διπλασιάζειν
1558 4894 1765 4971 ταύτας

194 5019 278 5069 γε,
311 5000 475 5072 εἰπερ
508 5004 603 5055 καὶ
622 5003 724 5055 οὐκ
745 5000 1022 5065 όκλάζεις.
1046 5002 1109 5053 El
1141 5001 1197 5053 δὲ
1227 4999 1367 5070 βαρύ
1397 5015 1481 5053 σοι
1510 4998 1765 5067 φαίνεται

194 5094 285 5145 τοῦ
334 5097 652 5164 ἔκμετρεῖν,
685 5094 787 5147 κᾶν
814 5093 913 5153 τὰς
958 5092 1131 5145 είκοσι
1178 5091 1451 5163 τέσσαρας
1479 5090 1765 5162 πλήρωσον

196 5184 316 5254 δίχα
358 5186 543 5253 λόγουι.
583 5187 659 5238 υὺ
709 5187 814 5255 μὴν
858 5184 1068 5255 ἄπο.ξῆ
1121 5185 1375 5255 δεύτερον
1412 5184 1513 5254 τῆς
1551 5184 1765 5254 ἡμέρας

196 5278 467 5340 τελέσεις’
506 5277 621 5331 ἀλλ’
657 5277 1008 5353 ώςέδίδαξεν
1037 5278 1185 5347 ἡμᾶς
1218 5276 1383 5329 Δαϐὶδ
1415 5279 1443 5350 ό
1478 5275 1766 5345 θεοπάτωρ

198 5367 329 5420 Θεὸν
365 5370 535 5421 αίνεῖν
565 5370 937 5439 προτρέπεται
987 5368 1217 5431 ἑπτάκις
1249 5369 1349 5439 τῆς
1378 5369 1609 5439 ἡμέραςι
1644 5368 1767 5436 Ῥιγ-

202 5458 358 5526 φίσας
387 5459 479 5512 οὖν
527 5460 891 5530 ώςηνουνεχὴς
937 5461 1191 5530 εὑρήσεις
1231 5461 1369 5530 ὅπερ
1419 5460 1583 5526 λέγω.
1634 5459 1766 5511 ’Λπὸ

203 5552 376 5619 φωτὸς
406 5552 743 5622 ἁπάρξομαι,
782 5556 877 5605 καὶ
908 5553 1051 5621 λήξω
1095 5556 1172 5615 εἰς
1200 5554 1260 5604 es
1306 5553 1496 5614 σκότος
1518 5568 1531 5581 ·
1568 5550 1765 5622 ὄρθρος

203 5644 295 5697 καὶ
322 5642 511 5714 πρώτη
538 5646 695 5713 τρίτη
723 5661 779 5696 τε
810 5646 957 5715 ἕκτη
978 5650 1072 5699 καὶ
1098 5647 1285 5718 ἐνάτη,
1316 5646 1604 5717 ἐσπερινδν
1634 5646 1767 5699 ἁπό-

202 5731 415 5789 δειπνον
446 5738 543 5792 σὺν
574 5738 649 5807 τῷ
683 5740 1042 5805 μεσονυκτίῳ.

1870 4545 2065 4600 diebus
2117 4531 2471 4613 simplicibus
2519 4542 2809 4597 duodecim
2870 4554 3163 4595 numerare
3239 4539 3449 4603 debes,

1869 4635 2187 4707 quindecim
2240 4644 2419 4689 autem
2488 4633 2543 4687 in
2587 4632 3060 4709 Quailragesimis,
3132 4632 3186 4685 in
3237 4631 3447 4701 ieiunio

1871 4727 2077 4783 Christi
2099 4726 2364 4783 natalium
2396 4735 2451 4779 et
2475 4725 2712 4780 duorum
2745 4738 2866 4796 qua:
2903 4723 3000 4778 tibi
3028 4731 3344 4793 supersunt.
3391 4725 3446 4776 In

1869 4821 1978 4875 hac
2021 4829 2204 4874 autem
2249 4818 2353 4871 alia
2403 4815 2856 4885 Quadragesima,
2913 4812 3077 4882 cuius
3124 4822 3207 4867 est
3252 4826 3445 4879 magna

1868 4911 2188 4979 destinatio,
2212 4911 2336 4967 illas
2356 4910 2639 4978 duplicare
2683 4905 2872 4972 d'ebes,
2924 4906 3026 4961 etsi
3065 4920 3169 4959 non
3212 4905 3444 4975 genibus

1869 5002 2022 5058 (lexis
2054 5018 2298 5057 maneas.
2340 5000 2407 5056 Et
2435 5001 2480 5055 si
2528 5000 2621 5053 tibi
2655 4999 2907 5053 videatur
2937 4997 3117 5069 gravis
3165 5006 3444 5065 computat-

1870 5095 1969 5159 tio,
2002 5109 2095 5150 eas
2144 5087 2336 5164 viginti
2370 5100 2606 5163 quatuor
2633 5090 2872 5160 azlimple
2924 5091 3040 5144 sine
3069 5090 3438 5153 haesitatione;

1869 5201 1976 5241 non
2043 5178 2229 5240 tamen
2258 5185 2424 5239 semel
2468 5191 2561 5235 aut
2611 5182 2697 5237 bis
2730 5183 2784 5236 in
2835 5182 2921 5235 die
2973 5180 3307 5250 complebis;
3344 5180 3439 5234 sed

1866 5280 2020 5349 juxta
2048 5278 2195 5348 quod
2248 5274 2568 5329 tios-dncuit
2609 5275 2864 5343 Deipiter
2899 5272 3065 5325 David
3120 5273 3211 5341 qui
3266 5271 3433 5325 Deum

1870 5370 2087 5423 laudare
2123 5368 2318 5437 septies
2346 5366 2397 5419 in
2434 5366 2577 5421 diem
2614 5366 2880 5419 hortatur.
2914 5362 3181 5418 Jutlicans
3221 5371 3277 5414 ut
3312 5376 3433 5428 pru-

1869 5461 2025 5523 dens,
2072 5458 2316 5512 invenies
2372 5456 2515 5526 quod
2556 5454 2677 5509 dico
2727 5473 2741 5509 ι
2788 5454 2831 5506 Α
2882 5454 3003 5507 luce
3058 5450 3337 5519 incipiam,
3385 5460 3439 5502 et

1871 5565 2169 5622 prosequar
2222 5566 2394 5619 usque
2452 5550 2516 5603 ad
2568 5549 2817 5602 tenebras
2856 5566 2867 5599 .
2904 5561 3098 5601 aurora
3129 5587 3143 5607 ,
3205 5558 3375 5610 prima
3419 5583 3432 5599 .

1874 5647 2052 5709 tertia,
2078 5657 2247 5709 sexta,
2292 5660 2455 5710 noua,
2484 5656 2706 5711 vespera
2744 5652 2865 5712 post
2904 5654 3113 5696 omnum
3161 5646 3212 5691 et
3260 5636 3429 5689 ment:

1873 5752 1996 5791 ΙΙΟΧ.
