  <div class='ocr_page' id='page_1' title='image "/cluster/home/n/w/nwhite01/storage/ocr_20150623/100/hvd.32044010574994/1097.png"; bbox 0 0 4008 6342; ppageno 0'>
   <div class='ocr_carea' id='block_1_1' title="bbox 586 280 690 345">
    <p class='ocr_par' dir='ltr' id='par_1_1' title="bbox 586 280 690 345">
     <span class='ocr_line' id='line_1_1' title="bbox 586 280 690 345; baseline 0.038 -4"><span class='ocrx_word' id='word_1_1' title='bbox 586 280 690 345; x_wconf 69' lang='grc'><strong>403</strong></span> 
     </span>
    </p>
   </div>
   <div class='ocr_carea' id='block_1_2' title="bbox 585 492 2144 562">
    <p class='ocr_par' dir='ltr' id='par_1_2' title="bbox 585 492 2144 562">
     <span class='ocr_line' id='line_1_2' title="bbox 585 492 2144 562; baseline 0.006 -19"><span class='ocrx_word' id='word_1_2' title='bbox 585 502 636 544; x_wconf 93' lang='lat' dir='ltr'><strong>et</strong></span> <span class='ocrx_word' id='word_1_3' title='bbox 701 492 799 544; x_wconf 90' lang='lat' dir='ltr'><strong>hoc</strong></span> <span class='ocrx_word' id='word_1_4' title='bbox 858 498 1129 562; x_wconf 82' lang='lat' dir='ltr'><strong>posterius</strong></span> <span class='ocrx_word' id='word_1_5' title='bbox 1181 498 1488 551; x_wconf 83' lang='lat' dir='ltr'><strong>elucidasse</strong></span> <span class='ocrx_word' id='word_1_6' title='bbox 1555 516 1638 553; x_wconf 92' lang='lat' dir='ltr'><strong>me</strong></span> <span class='ocrx_word' id='word_1_7' title='bbox 1709 517 1776 554; x_wconf 91' lang='lat' dir='ltr'><strong>ue</strong></span> <span class='ocrx_word' id='word_1_8' title='bbox 1817 501 2144 554; x_wconf 80' lang='lat' dir='ltr'><strong>crirnincris.</strong></span> 
     </span>
    </p>
   </div>
   <div class='ocr_carea' id='block_1_3' title="bbox 583 582 2146 643">
    <p class='ocr_par' dir='ltr' id='par_1_3' title="bbox 583 582 2146 643">
     <span class='ocr_line' id='line_1_3' title="bbox 583 582 2146 643; baseline 0.006 -11"><span class='ocrx_word' id='word_1_9' title='bbox 583 582 746 633; x_wconf 78' lang='lat' dir='ltr'><strong>Istam</strong></span> <span class='ocrx_word' id='word_1_10' title='bbox 784 582 1004 636; x_wconf 89' lang='lat' dir='ltr'><strong>intendo</strong></span> <span class='ocrx_word' id='word_1_11' title='bbox 1036 585 1425 640; x_wconf 88' lang='lat' dir='ltr'><strong>hebdomadam</strong></span> <span class='ocrx_word' id='word_1_12' title='bbox 1454 598 1578 642; x_wconf 90' lang='lat' dir='ltr'><strong>ante</strong></span> <span class='ocrx_word' id='word_1_13' title='bbox 1596 605 1813 643; x_wconf 87' lang='lat' dir='ltr'><strong>carnem</strong></span> <span class='ocrx_word' id='word_1_14' title='bbox 1856 590 2146 643; x_wconf 92' lang='lat' dir='ltr'><strong>tollendam</strong></span> 
     </span>
    </p>
   </div>
   <div class='ocr_carea' id='block_1_4' title="bbox 577 675 2144 741">
    <p class='ocr_par' dir='ltr' id='par_1_4' title="bbox 577 675 2144 741">
     <span class='ocr_line' id='line_1_4' title="bbox 577 675 2144 741; baseline 0.008 -22"><span class='ocrx_word' id='word_1_15' title='bbox 577 685 744 736; x_wconf 85' lang='lat' dir='ltr'><strong>quam</strong></span> <span class='ocrx_word' id='word_1_16' title='bbox 808 675 1260 741; x_wconf 76' lang='lat' dir='ltr'><strong>cognominamus</strong></span> <span class='ocrx_word' id='word_1_17' title='bbox 1334 678 1622 730; x_wconf 86' lang='lat' dir='ltr'><strong>Arteiborii</strong></span> <span class='ocrx_word' id='word_1_18' title='bbox 1701 679 2144 733; x_wconf 83' lang='lat' dir='ltr'><strong>hebdomadam:</strong></span> 
     </span>
    </p>
   </div>
   <div class='ocr_carea' id='block_1_5' title="bbox 584 762 2143 839">
    <p class='ocr_par' dir='ltr' id='par_1_5' title="bbox 584 762 2143 839">
     <span class='ocr_line' id='line_1_5' title="bbox 584 762 2143 839; baseline 0.01 -32"><span class='ocrx_word' id='word_1_19' title='bbox 584 762 826 830; x_wconf 85' lang='lat' dir='ltr'><strong>plerique</strong></span> <span class='ocrx_word' id='word_1_20' title='bbox 882 781 1089 818; x_wconf 89' lang='lat' dir='ltr'><strong>morem</strong></span> <span class='ocrx_word' id='word_1_21' title='bbox 1128 769 1366 835; x_wconf 82' lang='lat' dir='ltr'><strong>jucunde</strong></span> <span class='ocrx_word' id='word_1_22' title='bbox 1419 770 1677 839; x_wconf 78' lang='lat' dir='ltr'><strong>epulandi</strong></span> <span class='ocrx_word' id='word_1_23' title='bbox 1734 778 2143 834; x_wconf 81' lang='lat' dir='ltr'><strong>contraxerunt,</strong></span> 
     </span>
    </p>
   </div>
   <div class='ocr_carea' id='block_1_6' title="bbox 586 854 2149 925">
    <p class='ocr_par' dir='ltr' id='par_1_6' title="bbox 586 854 2149 925">
     <span class='ocr_line' id='line_1_6' title="bbox 586 854 2149 925; baseline 0.007 -22"><span class='ocrx_word' id='word_1_24' title='bbox 586 854 724 904; x_wconf 87' lang='lat' dir='ltr'><strong>male</strong></span> <span class='ocrx_word' id='word_1_25' title='bbox 754 863 1006 921; x_wconf 85' lang='lat' dir='ltr'><strong>putantes</strong></span> <span class='ocrx_word' id='word_1_26' title='bbox 1038 859 1178 925; x_wconf 90' lang='lat' dir='ltr'><strong>quod</strong></span> <span class='ocrx_word' id='word_1_27' title='bbox 1217 860 1476 914; x_wconf 87' lang='lat' dir='ltr'><strong>mundani</strong></span> <span class='ocrx_word' id='word_1_28' title='bbox 1505 876 1722 914; x_wconf 88' lang='lat' dir='ltr'><strong>carnem</strong></span> <span class='ocrx_word' id='word_1_29' title='bbox 1748 876 1982 922; x_wconf 86' lang='lat' dir='ltr'><strong>sumere,</strong></span> <span class='ocrx_word' id='word_1_30' title='bbox 2006 861 2149 914; x_wconf 91' lang='lat' dir='ltr'><strong>sicut</strong></span> 
     </span>
    </p>
   </div>
   <div class='ocr_carea' id='block_1_7' title="bbox 585 947 2149 1018">
    <p class='ocr_par' dir='ltr' id='par_1_7' title="bbox 585 947 2149 1018">
     <span class='ocr_line' id='line_1_7' title="bbox 585 947 2149 1018; baseline 0.008 -24"><span class='ocrx_word' id='word_1_31' title='bbox 585 947 837 998; x_wconf 79' lang='lat' dir='ltr'><strong>monachi</strong></span> <span class='ocrx_word' id='word_1_32' title='bbox 877 964 1114 1012; x_wconf 86' lang='lat' dir='ltr'><strong>caseum,</strong></span> <span class='ocrx_word' id='word_1_33' title='bbox 1151 962 1403 1018; x_wconf 87' lang='lat' dir='ltr'><strong>possunt,</strong></span> <span class='ocrx_word' id='word_1_34' title='bbox 1454 963 1507 1006; x_wconf 88' lang='lat' dir='ltr'><strong>et</strong></span> <span class='ocrx_word' id='word_1_35' title='bbox 1555 953 1626 1006; x_wconf 85' lang='lat' dir='ltr'><strong>ita</strong></span> <span class='ocrx_word' id='word_1_36' title='bbox 1657 952 1938 1006; x_wconf 79' lang='lat' dir='ltr'><strong>facientes.</strong></span> <span class='ocrx_word' id='word_1_37' title='bbox 1990 952 2045 1006; x_wconf 89' lang='lat' dir='ltr'><strong>Si</strong></span> <span class='ocrx_word' id='word_1_38' title='bbox 2084 954 2149 1007; x_wconf 85' lang='lat' dir='ltr'><strong>de</strong></span> 
     </span>
    </p>
   </div>
   <div class='ocr_carea' id='block_1_8' title="bbox 584 1037 2150 1103">
    <p class='ocr_par' dir='ltr' id='par_1_8' title="bbox 584 1037 2150 1103">
     <span class='ocr_line' id='line_1_8' title="bbox 584 1037 2150 1103; baseline 0.006 -16"><span class='ocrx_word' id='word_1_39' title='bbox 584 1037 726 1089; x_wconf 89' lang='lat' dir='ltr'><strong>tribu</strong></span> <span class='ocrx_word' id='word_1_40' title='bbox 763 1040 978 1103; x_wconf 88' lang='lat' dir='ltr'><strong>quidem</strong></span> <span class='ocrx_word' id='word_1_41' title='bbox 1013 1037 1396 1096; x_wconf 76' lang='lat' dir='ltr'><strong>Armeniorum</strong></span> <span class='ocrx_word' id='word_1_42' title='bbox 1445 1044 1834 1097; x_wconf 72' lang='lat' dir='ltr'><strong>descenderent</strong></span> <span class='ocrx_word' id='word_1_43' title='bbox 1872 1044 2150 1098; x_wconf 75' lang='lat' dir='ltr'><strong>haeresim-</strong></span> 
     </span>
    </p>
   </div>
   <div class='ocr_carea' id='block_1_9' title="bbox 581 1128 2144 1198">
    <p class='ocr_par' dir='ltr' id='par_1_9' title="bbox 581 1128 2144 1198">
     <span class='ocr_line' id='line_1_9' title="bbox 581 1128 2144 1198; baseline 0.006 -20"><span class='ocrx_word' id='word_1_44' title='bbox 581 1143 686 1191; x_wconf 81' lang='lat' dir='ltr'><strong>que</strong></span> <span class='ocrx_word' id='word_1_45' title='bbox 733 1128 1022 1184; x_wconf 82' lang='lat' dir='ltr'><strong>Arteiborii</strong></span> <span class='ocrx_word' id='word_1_46' title='bbox 1078 1141 1368 1198; x_wconf 86' lang='lat' dir='ltr'><strong>tenerent,</strong></span> <span class='ocrx_word' id='word_1_47' title='bbox 1423 1135 1558 1189; x_wconf 87' lang='lat' dir='ltr'><strong>bene</strong></span> <span class='ocrx_word' id='word_1_48' title='bbox 1615 1135 1854 1189; x_wconf 86' lang='lat' dir='ltr'><strong>facerent</strong></span> <span class='ocrx_word' id='word_1_49' title='bbox 1928 1150 2144 1189; x_wconf 88' lang='lat' dir='ltr'><strong>omnem</strong></span> 
     </span>
    </p>
   </div>
   <div class='ocr_carea' id='block_1_10' title="bbox 580 1218 2148 1294">
    <p class='ocr_par' dir='ltr' id='par_1_10' title="bbox 580 1218 2148 1294">
     <span class='ocr_line' id='line_1_10' title="bbox 580 1218 2148 1294; baseline 0.008 -26"><span class='ocrx_word' id='word_1_50' title='bbox 580 1218 850 1274; x_wconf 86' lang='lat' dir='ltr'><strong>solventes</strong></span> <span class='ocrx_word' id='word_1_51' title='bbox 911 1224 1270 1289; x_wconf 67' lang='lat' dir='ltr'><strong>suspicionem</strong></span> <span class='ocrx_word' id='word_1_52' title='bbox 1316 1226 1457 1294; x_wconf 90' lang='lat' dir='ltr'><strong>;qui</strong></span> <span class='ocrx_word' id='word_1_53' title='bbox 1512 1237 1692 1280; x_wconf 88' lang='lat' dir='ltr'><strong>autem</strong></span> <span class='ocrx_word' id='word_1_54' title='bbox 1746 1228 1812 1280; x_wconf 88' lang='lat' dir='ltr'><strong>ab</strong></span> <span class='ocrx_word' id='word_1_55' title='bbox 1869 1228 1985 1281; x_wconf 82' lang='lat' dir='ltr'><strong>avis</strong></span> <span class='ocrx_word' id='word_1_56' title='bbox 2021 1236 2148 1281; x_wconf 91' lang='lat' dir='ltr'><strong>sunt</strong></span> 
     </span>
    </p>
   </div>
   <div class='ocr_carea' id='block_1_11' title="bbox 582 1309 2146 1386">
    <p class='ocr_par' dir='ltr' id='par_1_11' title="bbox 582 1309 2146 1386">
     <span class='ocr_line' id='line_1_11' title="bbox 582 1309 2146 1386; baseline 0.009 -28"><span class='ocrx_word' id='word_1_57' title='bbox 582 1309 764 1364; x_wconf 86' lang='lat' dir='ltr'><strong>tideles</strong></span> <span class='ocrx_word' id='word_1_58' title='bbox 797 1312 1105 1376; x_wconf 81' lang='lat' dir='ltr'><strong>orthodoxi,</strong></span> <span class='ocrx_word' id='word_1_59' title='bbox 1132 1314 1329 1369; x_wconf 72' lang='lat' dir='ltr'><strong>frustra</strong></span> <span class='ocrx_word' id='word_1_60' title='bbox 1362 1317 1487 1385; x_wconf 89' lang='lat' dir='ltr'><strong>quid</strong></span> <span class='ocrx_word' id='word_1_61' title='bbox 1521 1328 1821 1386; x_wconf 71' lang='lat' dir='ltr'><strong>prmtexunt</strong></span> <span class='ocrx_word' id='word_1_62' title='bbox 1871 1320 2146 1373; x_wconf 83' lang='lat' dir='ltr'><strong>solventes</strong></span> 
     </span>
    </p>
   </div>
   <div class='ocr_carea' id='block_1_12' title="bbox 576 1402 2147 1481">
    <p class='ocr_par' dir='ltr' id='par_1_12' title="bbox 576 1402 2147 1481">
     <span class='ocr_line' id='line_1_12' title="bbox 576 1402 2147 1481; baseline 0.006 -28"><span class='ocrx_word' id='word_1_63' title='bbox 576 1402 867 1470; x_wconf 72' lang='lat' dir='ltr'><strong>jejunium.</strong></span> <span class='ocrx_word' id='word_1_64' title='bbox 895 1403 972 1457; x_wconf 89' lang='lat' dir='ltr'><strong>Illi</strong></span> <span class='ocrx_word' id='word_1_65' title='bbox 1012 1407 1157 1459; x_wconf 86' lang='lat' dir='ltr'><strong>enim</strong></span> <span class='ocrx_word' id='word_1_66' title='bbox 1208 1417 1314 1460; x_wconf 92' lang='lat' dir='ltr'><strong>tota</strong></span> <span class='ocrx_word' id='word_1_67' title='bbox 1345 1409 1679 1464; x_wconf 90' lang='lat' dir='ltr'><strong>hebdomada</strong></span> <span class='ocrx_word' id='word_1_68' title='bbox 1718 1411 1987 1481; x_wconf 77' lang='lat' dir='ltr'><strong>jejunant,</strong></span> <span class='ocrx_word' id='word_1_69' title='bbox 2031 1412 2147 1467; x_wconf 92' lang='lat' dir='ltr'><strong>solo</strong></span> 
     </span>
    </p>
   </div>
   <div class='ocr_carea' id='block_1_13' title="bbox 580 1496 2147 1564">
    <p class='ocr_par' dir='ltr' id='par_1_13' title="bbox 580 1496 2147 1564">
     <span class='ocr_line' id='line_1_13' title="bbox 580 1496 2147 1564; baseline 0.004 -18"><span class='ocrx_word' id='word_1_70' title='bbox 580 1507 718 1559; x_wconf 84' lang='lat' dir='ltr'><strong>pane</strong></span> <span class='ocrx_word' id='word_1_71' title='bbox 748 1510 871 1545; x_wconf 91' lang='lat' dir='ltr'><strong>cum</strong></span> <span class='ocrx_word' id='word_1_72' title='bbox 915 1509 1051 1563; x_wconf 88' lang='lat' dir='ltr'><strong>aqua</strong></span> <span class='ocrx_word' id='word_1_73' title='bbox 1083 1496 1305 1564; x_wconf 85' lang='lat' dir='ltr'><strong>saieque</strong></span> <span class='ocrx_word' id='word_1_74' title='bbox 1341 1509 1625 1553; x_wconf 84' lang='lat' dir='ltr'><strong>vescentes</strong></span> <span class='ocrx_word' id='word_1_75' title='bbox 1662 1516 1677 1552; x_wconf 89' lang='lat'><strong>:</strong></span> <span class='ocrx_word' id='word_1_76' title='bbox 1715 1517 1814 1555; x_wconf 90' lang='lat' dir='ltr'><strong>nos</strong></span> <span class='ocrx_word' id='word_1_77' title='bbox 1856 1511 2035 1555; x_wconf 90' lang='lat' dir='ltr'><strong>autem</strong></span> <span class='ocrx_word' id='word_1_78' title='bbox 2079 1502 2147 1554; x_wconf 87' lang='lat' dir='ltr'><strong>ab</strong></span> 
     </span>
    </p>
   </div>
   <div class='ocr_carea' id='block_1_14' title="bbox 586 1585 2146 1658">
    <p class='ocr_par' dir='ltr' id='par_1_14' title="bbox 586 1585 2146 1658">
     <span class='ocr_line' id='line_1_14' title="bbox 586 1585 2146 1658; baseline 0.008 -26"><span class='ocrx_word' id='word_1_79' title='bbox 586 1585 700 1649; x_wconf 89' lang='lat' dir='ltr'><strong>ipsa</strong></span> <span class='ocrx_word' id='word_1_80' title='bbox 751 1585 993 1638; x_wconf 89' lang='lat' dir='ltr'><strong>secunda</strong></span> <span class='ocrx_word' id='word_1_81' title='bbox 1025 1586 1112 1640; x_wconf 91' lang='lat' dir='ltr'><strong>die</strong></span> <span class='ocrx_word' id='word_1_82' title='bbox 1145 1587 1427 1642; x_wconf 81' lang='lat' dir='ltr'><strong>solvimus.</strong></span> <span class='ocrx_word' id='word_1_83' title='bbox 1462 1588 1576 1644; x_wconf 86' lang='lat' dir='ltr'><strong>[loc</strong></span> <span class='ocrx_word' id='word_1_84' title='bbox 1616 1591 1732 1658; x_wconf 91' lang='lat' dir='ltr'><strong>ipso</strong></span> <span class='ocrx_word' id='word_1_85' title='bbox 1759 1602 2011 1646; x_wconf 74' lang='lat' dir='ltr'><strong>caeterum</strong></span> <span class='ocrx_word' id='word_1_86' title='bbox 2049 1607 2146 1645; x_wconf 91' lang='lat' dir='ltr'><strong>nos</strong></span> 
     </span>
    </p>
   </div>
   <div class='ocr_carea' id='block_1_15' title="bbox 1317 289 3123 354">
    <p class='ocr_par' dir='ltr' id='par_1_15' title="bbox 1317 289 3123 354">
     <span class='ocr_line' id='line_1_15' title="bbox 1317 289 3123 354; baseline 0.002 -6"><span class='ocrx_word' id='word_1_87' title='bbox 1317 291 1620 350; x_wconf 70' lang='lat' dir='ltr'><strong>NICOLAI</strong></span> <span class='ocrx_word' id='word_1_88' title='bbox 1661 294 1767 352; x_wconf 82' lang='lat' dir='ltr'><strong>Cl’.</strong></span> <span class='ocrx_word' id='word_1_89' title='bbox 1806 289 2316 351; x_wconf 67' lang='lat' dir='ltr'><strong>I‘ATRIARCII/E</strong></span> <span class='ocrx_word' id='word_1_90' title='bbox 2339 292 2435 351; x_wconf 88' lang='lat' dir='ltr'><strong>DE</strong></span> <span class='ocrx_word' id='word_1_91' title='bbox 2467 291 2642 351; x_wconf 82' lang='lat' dir='ltr'><strong>VITA</strong></span> <span class='ocrx_word' id='word_1_92' title='bbox 2673 293 3123 354; x_wconf 79' lang='lat' dir='ltr'><strong>MONASTICA.</strong></span> 
     </span>
    </p>
   </div>
   <div class='ocr_carea' id='block_1_16' title="bbox 656 402 2226 479">
    <p class='ocr_par' dir='ltr' id='par_1_16' title="bbox 656 402 2226 479">
     <span class='ocr_line' id='line_1_16' title="bbox 656 402 2226 479; baseline 0.008 -24"><span class='ocrx_word' id='word_1_93' title='bbox 656 404 740 456; x_wconf 82' lang='grc'><strong>15.</strong></span> <span class='ocrx_word' id='word_1_94' title='bbox 774 402 950 458; x_wconf 90' lang='lat' dir='ltr'><strong>Unum</strong></span> <span class='ocrx_word' id='word_1_95' title='bbox 983 420 1145 474; x_wconf 87' lang='lat' dir='ltr'><strong>porro</strong></span> <span class='ocrx_word' id='word_1_96' title='bbox 1199 409 1414 462; x_wconf 83' lang='lat' dir='ltr'><strong>tandem</strong></span> <span class='ocrx_word' id='word_1_97' title='bbox 1459 412 1709 479; x_wconf 85' lang='lat' dir='ltr'><strong>adjiciam</strong></span> <span class='ocrx_word' id='word_1_98' title='bbox 1751 411 2144 474; x_wconf 84' lang='lat' dir='ltr'><strong>necessarium,</strong></span> <span class='ocrx_word' id='word_1_99' title='bbox 2173 407 2226 467; x_wconf 83' lang='grc' dir='ltr'>Α</span> 
     </span>
    </p>
   </div>
   <div class='ocr_carea' id='block_1_17' title="bbox 2325 406 3808 481">
    <p class='ocr_par' dir='ltr' id='par_1_17' title="bbox 2325 406 3808 481">
     <span class='ocr_line' id='line_1_17' title="bbox 2325 406 3808 481; baseline 0.001 -19"><span class='ocrx_word' id='word_1_100' title='bbox 2325 409 2413 476; x_wconf 78' lang='grc' dir='ltr'>ιγ’.</span> <span class='ocrx_word' id='word_1_101' title='bbox 2453 412 2573 464; x_wconf 84' lang='grc' dir='ltr'>Ἔτι</span> <span class='ocrx_word' id='word_1_102' title='bbox 2625 411 2916 481; x_wconf 77' lang='grc' dir='ltr'><strong>προσθήσω</strong></span> <span class='ocrx_word' id='word_1_103' title='bbox 2947 406 3039 463; x_wconf 73' lang='grc' dir='ltr'><strong>οῦν</strong></span> <span class='ocrx_word' id='word_1_104' title='bbox 3069 407 3253 462; x_wconf 84' lang='grc' dir='ltr'>λοιπὸν</span> <span class='ocrx_word' id='word_1_105' title='bbox 3284 409 3380 461; x_wconf 80' lang='grc' dir='ltr'><strong>σὺν</strong></span> <span class='ocrx_word' id='word_1_106' title='bbox 3409 408 3620 471; x_wconf 81' lang='grc' dir='ltr'><strong>τούτοις</strong></span> <span class='ocrx_word' id='word_1_107' title='bbox 3646 410 3808 479; x_wconf 79' lang='grc' dir='ltr'>ἀναγ-</span> 
     </span>
    </p>
   </div>
   <div class='ocr_carea' id='block_1_18' title="bbox 2255 498 3809 570">
    <p class='ocr_par' dir='ltr' id='par_1_18' title="bbox 2255 498 3809 570">
     <span class='ocr_line' id='line_1_18' title="bbox 2255 498 3809 570; baseline 0.001 -19"><span class='ocrx_word' id='word_1_108' title='bbox 2255 502 2431 563; x_wconf 82' lang='grc' dir='ltr'>καῖον,</span> <span class='ocrx_word' id='word_1_109' title='bbox 2483 501 2577 552; x_wconf 76' lang='grc' dir='ltr'><strong>καὶ</strong></span> <span class='ocrx_word' id='word_1_110' title='bbox 2626 505 2698 570; x_wconf 83' lang='grc' dir='ltr'><strong>μὴ</strong></span> <span class='ocrx_word' id='word_1_111' title='bbox 2756 501 2994 570; x_wconf 65' lang='grc' dir='ltr'>μεμφθῶ</span> <span class='ocrx_word' id='word_1_112' title='bbox 3045 501 3121 562; x_wconf 87' lang='grc' dir='ltr'>ὡς</span> <span class='ocrx_word' id='word_1_113' title='bbox 3165 498 3394 568; x_wconf 83' lang='grc' dir='ltr'>ὕστερον</span> <span class='ocrx_word' id='word_1_114' title='bbox 3442 498 3601 551; x_wconf 86' lang='grc' dir='ltr'>τοῦτο</span> <span class='ocrx_word' id='word_1_115' title='bbox 3630 499 3809 552; x_wconf 82' lang='grc' dir='ltr'>διασα·</span> 
     </span>
    </p>
   </div>
   <div class='ocr_carea' id='block_1_19' title="bbox 2251 590 3809 660">
    <p class='ocr_par' dir='ltr' id='par_1_19' title="bbox 2251 590 3809 660">
     <span class='ocr_line' id='line_1_19' title="bbox 2251 590 3809 660; baseline 0.001 -19"><span class='ocrx_word' id='word_1_116' title='bbox 2251 591 2592 660; x_wconf 79' lang='grc' dir='ltr'>φήσας.’“Ην</span> <span class='ocrx_word' id='word_1_117' title='bbox 2643 591 2910 659; x_wconf 85' lang='grc' dir='ltr'>ἑϐδομάδα</span> <span class='ocrx_word' id='word_1_118' title='bbox 2952 591 3094 656; x_wconf 79' lang='grc' dir='ltr'>λέγω</span> <span class='ocrx_word' id='word_1_119' title='bbox 3123 590 3214 643; x_wconf 82' lang='grc' dir='ltr'><strong>οῦν</strong></span> <span class='ocrx_word' id='word_1_120' title='bbox 3246 590 3345 659; x_wconf 73' lang='grc' dir='ltr'>τὴν</span> <span class='ocrx_word' id='word_1_121' title='bbox 3397 590 3504 660; x_wconf 84' lang='grc' dir='ltr'><strong>πρὸ</strong></span> <span class='ocrx_word' id='word_1_122' title='bbox 3548 591 3644 658; x_wconf 88' lang='grc' dir='ltr'><strong>τῆς</strong></span> <span class='ocrx_word' id='word_1_123' title='bbox 3678 593 3809 643; x_wconf 82' lang='grc' dir='ltr'>ἁπο-</span> 
     </span>
    </p>
   </div>
   <div class='ocr_carea' id='block_1_20' title="bbox 2253 680 3808 752">
    <p class='ocr_par' dir='ltr' id='par_1_20' title="bbox 2253 680 3808 752">
     <span class='ocr_line' id='line_1_20' title="bbox 2253 680 3808 752; baseline 0.001 -21"><span class='ocrx_word' id='word_1_124' title='bbox 2253 682 2436 749; x_wconf 85' lang='grc' dir='ltr'>κρέου,</span> <span class='ocrx_word' id='word_1_125' title='bbox 2467 682 2566 751; x_wconf 80' lang='grc' dir='ltr'>τὴν</span> <span class='ocrx_word' id='word_1_126' title='bbox 2598 683 2692 735; x_wconf 77' lang='grc' dir='ltr'><strong>καὶ</strong></span> <span class='ocrx_word' id='word_1_127' title='bbox 2722 682 3131 750; x_wconf 76' lang='grc' dir='ltr'><strong>ἐπονομάζομεν</strong></span> <span class='ocrx_word' id='word_1_128' title='bbox 3156 682 3254 752; x_wconf 84' lang='grc' dir='ltr'>τὴν</span> <span class='ocrx_word' id='word_1_129' title='bbox 3279 680 3373 734; x_wconf 86' lang='grc' dir='ltr'><strong>τοῦ</strong></span> <span class='ocrx_word' id='word_1_130' title='bbox 3411 681 3808 750; x_wconf 78' lang='grc' dir='ltr'>’Δρτζιϐουρίου</span> 
     </span>
    </p>
   </div>
   <div class='ocr_carea' id='block_1_21' title="bbox 2252 773 3808 841">
    <p class='ocr_par' dir='ltr' id='par_1_21' title="bbox 2252 773 3808 841">
     <span class='ocr_line' id='line_1_21' title="bbox 2252 773 3808 841; baseline 0.001 -18"><span class='ocrx_word' id='word_1_131' title='bbox 2252 773 2571 825; x_wconf 76' lang='grc' dir='ltr'>οἱπλεῖστοι</span> <span class='ocrx_word' id='word_1_132' title='bbox 2620 774 2738 836; x_wconf 85' lang='grc' dir='ltr'>ἔθος</span> <span class='ocrx_word' id='word_1_133' title='bbox 2771 774 2963 828; x_wconf 86' lang='grc' dir='ltr'>ἔλαϐον</span> <span class='ocrx_word' id='word_1_134' title='bbox 3000 774 3168 835; x_wconf 82' lang='grc' dir='ltr'><strong>ἀδεῶς</strong></span> <span class='ocrx_word' id='word_1_135' title='bbox 3211 773 3502 826; x_wconf 81' lang='grc' dir='ltr'><strong>καταλύειν</strong></span> <span class='ocrx_word' id='word_1_136' title='bbox 3528 791 3540 802; x_wconf 93' lang='grc'>·</span> <span class='ocrx_word' id='word_1_137' title='bbox 3583 774 3808 841; x_wconf 75' lang='grc' dir='ltr'><strong>τετράδα</strong></span> 
     </span>
    </p>
   </div>
   <div class='ocr_carea' id='block_1_22' title="bbox 2253 864 3809 935">
    <p class='ocr_par' dir='ltr' id='par_1_22' title="bbox 2253 864 3809 935">
     <span class='ocr_line' id='line_1_22' title="bbox 2253 864 3809 935; baseline -0.001 -20"><span class='ocrx_word' id='word_1_138' title='bbox 2253 865 2345 916; x_wconf 71' lang='grc' dir='ltr'><strong>καὶ</strong></span> <span class='ocrx_word' id='word_1_139' title='bbox 2378 867 2734 935; x_wconf 81' lang='grc' dir='ltr'>παρασκευὴν</span> <span class='ocrx_word' id='word_1_140' title='bbox 2759 869 2806 918; x_wconf 87' lang='grc' dir='ltr'><strong>οί</strong></span> <span class='ocrx_word' id='word_1_141' title='bbox 2838 867 3095 934; x_wconf 76' lang='grc' dir='ltr'>κοσμικοὶ</span> <span class='ocrx_word' id='word_1_142' title='bbox 3117 866 3178 917; x_wconf 81' lang='grc' dir='ltr'><strong>τὸ</strong></span> <span class='ocrx_word' id='word_1_143' title='bbox 3205 866 3395 933; x_wconf 86' lang='grc' dir='ltr'>κρέας.</span> <span class='ocrx_word' id='word_1_144' title='bbox 3429 864 3690 924; x_wconf 80' lang='grc' dir='ltr'><strong>ὡσαύτως</strong></span> <span class='ocrx_word' id='word_1_145' title='bbox 3719 865 3809 916; x_wconf 77' lang='grc' dir='ltr'><strong>καὶ</strong></span> 
     </span>
    </p>
   </div>
   <div class='ocr_carea' id='block_1_23' title="bbox 2250 951 3810 1024">
    <p class='ocr_par' dir='ltr' id='par_1_23' title="bbox 2250 951 3810 1024">
     <span class='ocr_line' id='line_1_23' title="bbox 2250 951 3810 1024; baseline -0.002 -18"><span class='ocrx_word' id='word_1_146' title='bbox 2250 956 2300 1006; x_wconf 76' lang='lat' dir='ltr'><strong>oi</strong></span> <span class='ocrx_word' id='word_1_147' title='bbox 2336 957 2579 1023; x_wconf 83' lang='grc' dir='ltr'>μοναχοὶ-</span> <span class='ocrx_word' id='word_1_148' title='bbox 2609 955 2774 1022; x_wconf 80' lang='grc' dir='ltr'>τυροῦ</span> <span class='ocrx_word' id='word_1_149' title='bbox 2820 956 3278 1024; x_wconf 82' lang='grc' dir='ltr'>μεταλαμϐάνειν,</span> <span class='ocrx_word' id='word_1_150' title='bbox 3332 953 3520 1016; x_wconf 86' lang='grc' dir='ltr'>κακῶς</span> <span class='ocrx_word' id='word_1_151' title='bbox 3572 951 3810 1014; x_wconf 77' lang='grc' dir='ltr'>νοοῦντες</span> 
     </span>
    </p>
   </div>
   <div class='ocr_carea' id='block_1_24' title="bbox 2250 1045 3811 1116">
    <p class='ocr_par' dir='ltr' id='par_1_24' title="bbox 2250 1045 3811 1116">
     <span class='ocr_line' id='line_1_24' title="bbox 2250 1045 3811 1116; baseline 0.001 -18"><span class='ocrx_word' id='word_1_152' title='bbox 2250 1045 2464 1114; x_wconf 83' lang='grc' dir='ltr'>ἀληθῶς</span> <span class='ocrx_word' id='word_1_153' title='bbox 2497 1047 2587 1099; x_wconf 76' lang='grc' dir='ltr'>καὶ</span> <span class='ocrx_word' id='word_1_154' title='bbox 2618 1048 2947 1116; x_wconf 83' lang='grc' dir='ltr'>πράττοντες</span> <span class='ocrx_word' id='word_1_155' title='bbox 2973 1047 3194 1116; x_wconf 87' lang='grc' dir='ltr'>ὁμοίως.</span> <span class='ocrx_word' id='word_1_156' title='bbox 3228 1046 3292 1101; x_wconf 73' lang='lat' dir='ltr'><strong>Et</strong></span> <span class='ocrx_word' id='word_1_157' title='bbox 3331 1047 3428 1116; x_wconf 87' lang='grc' dir='ltr'><strong>μὲν</strong></span> <span class='ocrx_word' id='word_1_158' title='bbox 3469 1046 3642 1114; x_wconf 81' lang='grc' dir='ltr'>φυλῆς</span> <span class='ocrx_word' id='word_1_159' title='bbox 3683 1063 3811 1100; x_wconf 81' lang='grc' dir='ltr'>κατ-</span> 
     </span>
    </p>
   </div>
   <div class='ocr_carea' id='block_1_25' title="bbox 2249 1133 3812 1208">
    <p class='ocr_par' dir='ltr' id='par_1_25' title="bbox 2249 1133 3812 1208">
     <span class='ocr_line' id='line_1_25' title="bbox 2249 1133 3812 1208; baseline -0.002 -16"><span class='ocrx_word' id='word_1_160' title='bbox 2249 1139 2474 1206; x_wconf 88' lang='grc' dir='ltr'>άγονται</span> <span class='ocrx_word' id='word_1_161' title='bbox 2522 1140 2585 1190; x_wconf 89' lang='grc' dir='ltr'><strong>ἑκ</strong></span> <span class='ocrx_word' id='word_1_162' title='bbox 2625 1139 2725 1206; x_wconf 87' lang='grc' dir='ltr'><strong>τῆς</strong></span> <span class='ocrx_word' id='word_1_163' title='bbox 2763 1138 2873 1191; x_wconf 89' lang='grc' dir='ltr'><strong>τῶν</strong></span> <span class='ocrx_word' id='word_1_164' title='bbox 2925 1138 3247 1208; x_wconf 76' lang='grc' dir='ltr'><strong>Ἀρμενίων,</strong></span> <span class='ocrx_word' id='word_1_165' title='bbox 3280 1139 3374 1190; x_wconf 78' lang='grc' dir='ltr'>καὶ</span> <span class='ocrx_word' id='word_1_166' title='bbox 3420 1133 3565 1206; x_wconf 76' lang='grc' dir='ltr'>εἶχον</span> <span class='ocrx_word' id='word_1_167' title='bbox 3596 1138 3689 1190; x_wconf 71' lang='grc' dir='ltr'>καὶ</span> <span class='ocrx_word' id='word_1_168' title='bbox 3717 1137 3812 1208; x_wconf 80' lang='grc' dir='ltr'>τὴν</span> 
     </span>
    </p>
   </div>
   <div class='ocr_carea' id='block_1_26' title="bbox 2249 1227 3813 1299">
    <p class='ocr_par' dir='ltr' id='par_1_26' title="bbox 2249 1227 3813 1299">
     <span class='ocr_line' id='line_1_26' title="bbox 2249 1227 3813 1299; baseline 0.001 -19"><span class='ocrx_word' id='word_1_169' title='bbox 2249 1229 2460 1298; x_wconf 82' lang='grc' dir='ltr'>αἵρεσιν</span> <span class='ocrx_word' id='word_1_170' title='bbox 2488 1228 2585 1296; x_wconf 82' lang='grc' dir='ltr'>τὴν</span> <span class='ocrx_word' id='word_1_171' title='bbox 2604 1228 2697 1284; x_wconf 90' lang='grc' dir='ltr'><strong>τοῦ</strong></span> <span class='ocrx_word' id='word_1_172' title='bbox 2730 1229 3158 1299; x_wconf 77' lang='grc' dir='ltr'>’Λρτζιϐουρίου,</span> <span class='ocrx_word' id='word_1_173' title='bbox 3199 1227 3381 1291; x_wconf 88' lang='grc' dir='ltr'>καλῶς</span> <span class='ocrx_word' id='word_1_174' title='bbox 3422 1229 3636 1281; x_wconf 88' lang='grc' dir='ltr'>ποιοῦσι</span> <span class='ocrx_word' id='word_1_175' title='bbox 3666 1229 3813 1282; x_wconf 86' lang='grc' dir='ltr'>λύον-</span> 
     </span>
    </p>
   </div>
   <div class='ocr_carea' id='block_1_27' title="bbox 2248 1321 3812 1393">
    <p class='ocr_par' dir='ltr' id='par_1_27' title="bbox 2248 1321 3812 1393">
     <span class='ocr_line' id='line_1_27' title="bbox 2248 1321 3812 1393; baseline -0.001 -19"><span class='ocrx_word' id='word_1_176' title='bbox 2248 1338 2339 1383; x_wconf 85' lang='grc' dir='ltr'><strong>τες</strong></span> <span class='ocrx_word' id='word_1_177' title='bbox 2364 1321 2586 1374; x_wconf 77' lang='grc' dir='ltr'>ἆπασαν</span> <span class='ocrx_word' id='word_1_178' title='bbox 2614 1321 2850 1389; x_wconf 73' lang='grc' dir='ltr'>ὑποψίαν</span> <span class='ocrx_word' id='word_1_179' title='bbox 2869 1337 2882 1350; x_wconf 80' lang='grc'><strong><em>⁸</em></strong></span> <span class='ocrx_word' id='word_1_180' title='bbox 2908 1322 2954 1373; x_wconf 86' lang='grc' dir='ltr'><strong>εί</strong></span> <span class='ocrx_word' id='word_1_181' title='bbox 2978 1321 3037 1374; x_wconf 71' lang='grc' dir='ltr'>δε</span> <span class='ocrx_word' id='word_1_182' title='bbox 3073 1321 3254 1393; x_wconf 56' lang='lat' dir='ltr'><strong>ructo!</strong></span> <span class='ocrx_word' id='word_1_183' title='bbox 3282 1321 3553 1393; x_wconf 79' lang='grc' dir='ltr'>ὁρθόδοξοί</span> <span class='ocrx_word' id='word_1_184' title='bbox 3582 1325 3687 1375; x_wconf 80' lang='grc' dir='ltr'>εἰσι</span> <span class='ocrx_word' id='word_1_185' title='bbox 3721 1323 3812 1376; x_wconf 76' lang='grc' dir='ltr'>καὶ</span> 
     </span>
    </p>
   </div>
   <div class='ocr_carea' id='block_1_28' title="bbox 2252 1385 3810 1481">
    <p class='ocr_par' dir='ltr' id='par_1_28' title="bbox 2252 1385 3810 1481">
     <span class='ocr_line' id='line_1_28' title="bbox 2252 1385 3810 1481; baseline 0 -18"><span class='ocrx_word' id='word_1_186' title='bbox 2252 1413 2314 1463; x_wconf 88' lang='grc' dir='ltr'><strong>ἑκ</strong></span> <span class='ocrx_word' id='word_1_187' title='bbox 2349 1412 2652 1481; x_wconf 85' lang='grc' dir='ltr'>προγόνων,</span> <span class='ocrx_word' id='word_1_188' title='bbox 2687 1385 2765 1473; x_wconf 77' lang='grc' dir='ltr'><strong>είς</strong></span> <span class='ocrx_word' id='word_1_189' title='bbox 2799 1410 2975 1479; x_wconf 81' lang='grc' dir='ltr'>μάτην</span> <span class='ocrx_word' id='word_1_190' title='bbox 3003 1385 3432 1479; x_wconf 60' lang='grc' dir='ltr'><strong>προφασίζονται</strong></span> <span class='ocrx_word' id='word_1_191' title='bbox 3463 1411 3681 1474; x_wconf 82' lang='grc' dir='ltr'>λύοντες</span> <span class='ocrx_word' id='word_1_192' title='bbox 3715 1413 3810 1481; x_wconf 73' lang='grc' dir='ltr'><strong>τὴν</strong></span> 
     </span>
    </p>
   </div>
   <div class='ocr_carea' id='block_1_29' title="bbox 2248 1500 3812 1572">
    <p class='ocr_par' dir='ltr' id='par_1_29' title="bbox 2248 1500 3812 1572">
     <span class='ocr_line' id='line_1_29' title="bbox 2248 1500 3812 1572; baseline 0.001 -18"><span class='ocrx_word' id='word_1_193' title='bbox 2248 1502 2522 1570; x_wconf 78' lang='grc' dir='ltr'>νηστείαν.</span> <span class='ocrx_word' id='word_1_194' title='bbox 2578 1503 2806 1554; x_wconf 79' lang='grc' dir='ltr'>Ἐκεῖνοι</span> <span class='ocrx_word' id='word_1_195' title='bbox 2839 1502 2948 1572; x_wconf 84' lang='grc' dir='ltr'>γὰρ</span> <span class='ocrx_word' id='word_1_196' title='bbox 2980 1500 3334 1571; x_wconf 81' lang='grc' dir='ltr'>νηστεύουσιν</span> <span class='ocrx_word' id='word_1_197' title='bbox 3373 1503 3500 1571; x_wconf 83' lang='grc' dir='ltr'>ὅλην</span> <span class='ocrx_word' id='word_1_198' title='bbox 3535 1503 3634 1572; x_wconf 74' lang='grc' dir='ltr'><strong>τὴν</strong></span> <span class='ocrx_word' id='word_1_199' title='bbox 3665 1503 3812 1556; x_wconf 86' lang='grc' dir='ltr'>ἑϐδο-</span> 
     </span>
    </p>
   </div>
   <div class='ocr_carea' id='block_1_30' title="bbox 2251 1592 3813 1663">
    <p class='ocr_par' dir='ltr' id='par_1_30' title="bbox 2251 1592 3813 1663">
     <span class='ocr_line' id='line_1_30' title="bbox 2251 1592 3813 1663; baseline 0.001 -19"><span class='ocrx_word' id='word_1_200' title='bbox 2251 1593 2416 1661; x_wconf 82' lang='grc' dir='ltr'>μάδα,</span> <span class='ocrx_word' id='word_1_201' title='bbox 2448 1594 2598 1662; x_wconf 79' lang='grc' dir='ltr'>ἄρτῳ</span> <span class='ocrx_word' id='word_1_202' title='bbox 2633 1593 2779 1662; x_wconf 88' lang='grc' dir='ltr'><strong>μόνῳ</strong></span> <span class='ocrx_word' id='word_1_203' title='bbox 2800 1593 3144 1662; x_wconf 80' lang='grc' dir='ltr'>τρεφόμενοι,</span> <span class='ocrx_word' id='word_1_204' title='bbox 3174 1593 3327 1646; x_wconf 83' lang='grc' dir='ltr'>ῦδατι</span> <span class='ocrx_word' id='word_1_205' title='bbox 3352 1592 3510 1645; x_wconf 82' lang='grc' dir='ltr'>ἇλατί</span> <span class='ocrx_word' id='word_1_206' title='bbox 3530 1611 3619 1646; x_wconf 74' lang='grc' dir='ltr'><strong>τεο</strong></span> <span class='ocrx_word' id='word_1_207' title='bbox 3654 1597 3813 1663; x_wconf 73' lang='grc' dir='ltr'>ἡμεῖς</span> 
     </span>
    </p>
   </div>
   <div class='ocr_carea' id='block_1_31' title="bbox 579 1675 2142 1754">
    <p class='ocr_par' dir='ltr' id='par_1_31' title="bbox 579 1675 2142 1748">
     <span class='ocr_line' id='line_1_31' title="bbox 579 1675 2142 1748; baseline 0.006 -21"><span class='ocrx_word' id='word_1_208' title='bbox 579 1690 701 1727; x_wconf 89' lang='lat' dir='ltr'><strong>cum</strong></span> <span class='ocrx_word' id='word_1_209' title='bbox 736 1675 853 1729; x_wconf 89' lang='lat' dir='ltr'><strong>istis</strong></span> <span class='ocrx_word' id='word_1_210' title='bbox 883 1692 991 1729; x_wconf 88' lang='lat' dir='ltr'><strong>non</strong></span> <span class='ocrx_word' id='word_1_211' title='bbox 1022 1679 1427 1734; x_wconf 90' lang='lat' dir='ltr'><strong>communicare</strong></span> <span class='ocrx_word' id='word_1_212' title='bbox 1457 1681 1795 1738; x_wconf 84' lang='lat' dir='ltr'><strong>ostendimus</strong></span> <span class='ocrx_word' id='word_1_213' title='bbox 1821 1698 1836 1748; x_wconf 88' lang='lat'><strong>;</strong></span> <span class='ocrx_word' id='word_1_214' title='bbox 1860 1690 1913 1738; x_wconf 88' lang='lat' dir='ltr'><strong>et</strong></span> <span class='ocrx_word' id='word_1_215' title='bbox 1933 1682 2142 1737; x_wconf 86' lang='lat' dir='ltr'><strong>frustra</strong></span> 
     </span>
    </p>
   </div>
   <div class='ocr_carea' id='block_1_32' title="bbox 2243 1675 3811 1754">
    <p class='ocr_par' dir='ltr' id='par_1_32' title="bbox 2251 1682 3811 1754">
     <span class='ocr_line' id='line_1_32' title="bbox 2251 1682 3811 1754; baseline 0.001 -18"><span class='ocrx_word' id='word_1_216' title='bbox 2251 1684 2304 1736; x_wconf 83' lang='grc' dir='ltr'>δὲ</span> <span class='ocrx_word' id='word_1_217' title='bbox 2335 1684 2678 1753; x_wconf 82' lang='grc' dir='ltr'>καταλύομεν</span> <span class='ocrx_word' id='word_1_218' title='bbox 2731 1682 2827 1737; x_wconf 81' lang='grc' dir='ltr'><strong>ἀπ’</strong></span> <span class='ocrx_word' id='word_1_219' title='bbox 2857 1685 3028 1751; x_wconf 79' lang='grc' dir='ltr'>αὐτῆς</span> <span class='ocrx_word' id='word_1_220' title='bbox 3074 1685 3173 1753; x_wconf 87' lang='grc' dir='ltr'><strong>τῆς</strong></span> <span class='ocrx_word' id='word_1_221' title='bbox 3201 1684 3482 1754; x_wconf 85' lang='grc' dir='ltr'>δευτέρας.</span> <span class='ocrx_word' id='word_1_222' title='bbox 3516 1685 3716 1738; x_wconf 79' lang='grc' dir='ltr'>Λοιπὸν</span> <span class='ocrx_word' id='word_1_223' title='bbox 3749 1687 3811 1738; x_wconf 70' lang='grc' dir='ltr'>ἐκ</span> 
     </span>
    </p>
   </div>
   <div class='ocr_carea' id='block_1_33' title="bbox 580 1766 1443 1834">
    <p class='ocr_par' dir='ltr' id='par_1_33' title="bbox 580 1766 1443 1834">
     <span class='ocr_line' id='line_1_33' title="bbox 580 1766 1443 1834; baseline 0.009 -20"><span class='ocrx_word' id='word_1_224' title='bbox 580 1766 920 1831; x_wconf 74' lang='lat' dir='ltr'><strong>przntendunt</strong></span> <span class='ocrx_word' id='word_1_225' title='bbox 950 1767 1003 1820; x_wconf 88' lang='lat' dir='ltr'><strong>hi</strong></span> <span class='ocrx_word' id='word_1_226' title='bbox 1052 1766 1443 1834; x_wconf 71' lang='lat' dir='ltr'><strong>Arleiborium,</strong></span> 
     </span>
    </p>
   </div>
   <div class='ocr_carea' id='block_1_34' title="bbox 648 1952 2144 2030">
    <p class='ocr_par' dir='ltr' id='par_1_34' title="bbox 648 1952 2144 2030">
     <span class='ocr_line' id='line_1_34' title="bbox 648 1952 2144 2030; baseline 0.006 -26"><span class='ocrx_word' id='word_1_227' title='bbox 648 1952 735 2006; x_wconf 77' lang='lat' dir='ltr'><strong>M.</strong></span> <span class='ocrx_word' id='word_1_228' title='bbox 777 1952 911 2007; x_wconf 88' lang='lat' dir='ltr'><strong>Cum</strong></span> <span class='ocrx_word' id='word_1_229' title='bbox 958 1965 1136 2007; x_wconf 85' lang='lat' dir='ltr'><strong>autem</strong></span> <span class='ocrx_word' id='word_1_230' title='bbox 1183 1970 1282 2008; x_wconf 88' lang='lat' dir='ltr'><strong>nos</strong></span> <span class='ocrx_word' id='word_1_231' title='bbox 1337 1956 1582 2024; x_wconf 74' lang='lat' dir='ltr'><strong>qumdam</strong></span> <span class='ocrx_word' id='word_1_232' title='bbox 1637 1959 1859 2027; x_wconf 86' lang='lat' dir='ltr'><strong>parvula</strong></span> <span class='ocrx_word' id='word_1_233' title='bbox 1917 1961 2144 2030; x_wconf 76' lang='lat' dir='ltr'><strong>quaestio</strong></span> 
     </span>
    </p>
   </div>
   <div class='ocr_carea' id='block_1_35' title="bbox 577 2045 2138 2106">
    <p class='ocr_par' dir='ltr' id='par_1_35' title="bbox 577 2045 2138 2106">
     <span class='ocr_line' id='line_1_35' title="bbox 577 2045 2138 2106; baseline 0.006 -10"><span class='ocrx_word' id='word_1_234' title='bbox 577 2045 772 2106; x_wconf 85' lang='lat' dir='ltr'><strong>latuit,</strong></span> <span class='ocrx_word' id='word_1_235' title='bbox 824 2046 889 2098; x_wconf 91' lang='lat' dir='ltr'><strong>ad</strong></span> <span class='ocrx_word' id='word_1_236' title='bbox 952 2061 1068 2100; x_wconf 89' lang='lat' dir='ltr'><strong>eam</strong></span> <span class='ocrx_word' id='word_1_237' title='bbox 1151 2046 1551 2101; x_wconf 90' lang='lat' dir='ltr'><strong>dilucidandam</strong></span> <span class='ocrx_word' id='word_1_238' title='bbox 1618 2049 1706 2105; x_wconf 88' lang='lat' dir='ltr'><strong>hic</strong></span> <span class='ocrx_word' id='word_1_239' title='bbox 1763 2053 1944 2105; x_wconf 89' lang='lat' dir='ltr'><strong>venio.</strong></span> <span class='ocrx_word' id='word_1_240' title='bbox 1981 2053 2138 2106; x_wconf 82' lang='lat' dir='ltr'><strong>Casei</strong></span> 
     </span>
    </p>
   </div>
   <div class='ocr_carea' id='block_1_36' title="bbox 577 2137 2139 2210">
    <p class='ocr_par' dir='ltr' id='par_1_36' title="bbox 577 2137 2139 2210">
     <span class='ocr_line' id='line_1_36' title="bbox 577 2137 2139 2210; baseline 0.005 -22"><span class='ocrx_word' id='word_1_241' title='bbox 577 2137 911 2191; x_wconf 82' lang='lat' dir='ltr'><strong>hebdomada</strong></span> <span class='ocrx_word' id='word_1_242' title='bbox 965 2138 1140 2192; x_wconf 88' lang='lat' dir='ltr'><strong>soluta</strong></span> <span class='ocrx_word' id='word_1_243' title='bbox 1201 2148 1422 2204; x_wconf 87' lang='lat' dir='ltr'><strong>manet,</strong></span> <span class='ocrx_word' id='word_1_244' title='bbox 1479 2155 1598 2194; x_wconf 92' lang='lat' dir='ltr'><strong>cum</strong></span> <span class='ocrx_word' id='word_1_245' title='bbox 1676 2152 1868 2210; x_wconf 88' lang='lat' dir='ltr'><strong>quarta</strong></span> <span class='ocrx_word' id='word_1_246' title='bbox 1928 2159 2139 2198; x_wconf 89' lang='lat' dir='ltr'><strong>necnon</strong></span> 
     </span>
    </p>
   </div>
   <div class='ocr_carea' id='block_1_37' title="bbox 574 2230 2140 2304">
    <p class='ocr_par' dir='ltr' id='par_1_37' title="bbox 574 2230 2140 2304">
     <span class='ocr_line' id='line_1_37' title="bbox 574 2230 2140 2304; baseline 0.004 -23"><span class='ocrx_word' id='word_1_247' title='bbox 574 2239 725 2283; x_wconf 82' lang='lat' dir='ltr'><strong>sexta</strong></span> <span class='ocrx_word' id='word_1_248' title='bbox 790 2230 900 2285; x_wconf 85' lang='lat' dir='ltr'><strong>die.</strong></span> <span class='ocrx_word' id='word_1_249' title='bbox 968 2231 1035 2284; x_wconf 84' lang='lat' dir='ltr'><strong>Et</strong></span> <span class='ocrx_word' id='word_1_250' title='bbox 1079 2230 1222 2284; x_wconf 90' lang='lat' dir='ltr'><strong>unde</strong></span> <span class='ocrx_word' id='word_1_251' title='bbox 1283 2231 1424 2296; x_wconf 89' lang='lat' dir='ltr'><strong>hoc,</strong></span> <span class='ocrx_word' id='word_1_252' title='bbox 1485 2232 1667 2286; x_wconf 83' lang='lat' dir='ltr'><strong>forsan</strong></span> <span class='ocrx_word' id='word_1_253' title='bbox 1717 2234 1862 2289; x_wconf 89' lang='lat' dir='ltr'><strong>dicet</strong></span> <span class='ocrx_word' id='word_1_254' title='bbox 1911 2235 2140 2304; x_wconf 86' lang='lat' dir='ltr'><strong>aliquis,</strong></span> 
     </span>
    </p>
   </div>
   <div class='ocr_carea' id='block_1_38' title="bbox 577 2323 2140 2392">
    <p class='ocr_par' dir='ltr' id='par_1_38' title="bbox 577 2323 2140 2392">
     <span class='ocr_line' id='line_1_38' title="bbox 577 2323 2140 2392; baseline 0.003 -18"><span class='ocrx_word' id='word_1_255' title='bbox 577 2323 778 2375; x_wconf 78' lang='lat' dir='ltr'><strong>factum</strong></span> <span class='ocrx_word' id='word_1_256' title='bbox 841 2332 924 2378; x_wconf 88' lang='lat' dir='ltr'><strong>est</strong></span> <span class='ocrx_word' id='word_1_257' title='bbox 976 2326 1369 2380; x_wconf 85' lang='lat' dir='ltr'><strong>manifestum?</strong></span> <span class='ocrx_word' id='word_1_258' title='bbox 1425 2326 1708 2392; x_wconf 68' lang='lat' dir='ltr'><strong>Jacobitm,</strong></span> <span class='ocrx_word' id='word_1_259' title='bbox 1756 2327 1896 2380; x_wconf 88' lang='lat' dir='ltr'><strong>sicut</strong></span> <span class='ocrx_word' id='word_1_260' title='bbox 1928 2327 2140 2388; x_wconf 90' lang='lat' dir='ltr'><strong>dicunt,</strong></span> 
     </span>
    </p>
   </div>
   <div class='ocr_carea' id='block_1_39' title="bbox 577 2415 2140 2486">
    <p class='ocr_par' dir='ltr' id='par_1_39' title="bbox 577 2415 2140 2486">
     <span class='ocr_line' id='line_1_39' title="bbox 577 2415 2140 2486; baseline 0.004 -22"><span class='ocrx_word' id='word_1_261' title='bbox 577 2415 719 2465; x_wconf 89' lang='lat' dir='ltr'><strong>hanc</strong></span> <span class='ocrx_word' id='word_1_262' title='bbox 752 2415 1146 2470; x_wconf 88' lang='lat' dir='ltr'><strong>hebdomadam</strong></span> <span class='ocrx_word' id='word_1_263' title='bbox 1182 2426 1240 2471; x_wconf 90' lang='lat' dir='ltr'><strong>ut</strong></span> <span class='ocrx_word' id='word_1_264' title='bbox 1269 2424 1673 2473; x_wconf 81' lang='lat' dir='ltr'><strong>sacrosanctam</strong></span> <span class='ocrx_word' id='word_1_265' title='bbox 1709 2432 1772 2471; x_wconf 90' lang='lat' dir='ltr'><strong>ac</strong></span> <span class='ocrx_word' id='word_1_266' title='bbox 1795 2418 2140 2486; x_wconf 86' lang='lat' dir='ltr'><strong>purissimam</strong></span> 
     </span>
    </p>
   </div>
   <div class='ocr_carea' id='block_1_40' title="bbox 573 2497 2143 2578">
    <p class='ocr_par' dir='ltr' id='par_1_40' title="bbox 573 2497 2143 2578">
     <span class='ocr_line' id='line_1_40' title="bbox 573 2497 2143 2578; baseline 0.005 -21"><span class='ocrx_word' id='word_1_267' title='bbox 573 2503 871 2568; x_wconf 83' lang='lat' dir='ltr'><strong>celebrant,</strong></span> <span class='ocrx_word' id='word_1_268' title='bbox 899 2507 1017 2560; x_wconf 90' lang='lat' dir='ltr'><strong>solo</strong></span> <span class='ocrx_word' id='word_1_269' title='bbox 1047 2522 1185 2574; x_wconf 88' lang='lat' dir='ltr'><strong>pane</strong></span> <span class='ocrx_word' id='word_1_270' title='bbox 1215 2518 1268 2563; x_wconf 89' lang='lat' dir='ltr'><strong>et</strong></span> <span class='ocrx_word' id='word_1_271' title='bbox 1290 2524 1430 2578; x_wconf 81' lang='lat' dir='ltr'><strong>aqua</strong></span> <span class='ocrx_word' id='word_1_272' title='bbox 1458 2518 1670 2564; x_wconf 83' lang='lat' dir='ltr'><strong>utentes</strong></span> <span class='ocrx_word' id='word_1_273' title='bbox 1704 2527 1717 2562; x_wconf 91' lang='lat'><strong>:</strong></span> <span class='ocrx_word' id='word_1_274' title='bbox 1743 2497 1799 2562; x_wconf 75' lang='lat' dir='ltr'><strong>et</strong></span> <span class='ocrx_word' id='word_1_275' title='bbox 1842 2510 1965 2564; x_wconf 90' lang='lat' dir='ltr'><strong>ideo</strong></span> <span class='ocrx_word' id='word_1_276' title='bbox 2016 2525 2143 2565; x_wconf 90' lang='lat' dir='ltr'><strong>vere</strong></span> 
     </span>
    </p>
   </div>
   <div class='ocr_carea' id='block_1_41' title="bbox 576 2598 2140 2669">
    <p class='ocr_par' dir='ltr' id='par_1_41' title="bbox 576 2598 2140 2669">
     <span class='ocr_line' id='line_1_41' title="bbox 576 2598 2140 2669; baseline 0.003 -19"><span class='ocrx_word' id='word_1_277' title='bbox 576 2599 908 2651; x_wconf 84' lang='lat' dir='ltr'><strong>honcrahilis</strong></span> <span class='ocrx_word' id='word_1_278' title='bbox 983 2598 1352 2669; x_wconf 71' lang='lat' dir='ltr'><strong>Nicephorus,</strong></span> <span class='ocrx_word' id='word_1_279' title='bbox 1404 2600 1950 2669; x_wconf 85' lang='lat' dir='ltr'><strong>Constantinopoleos</strong></span> <span class='ocrx_word' id='word_1_280' title='bbox 2021 2617 2140 2655; x_wconf 88' lang='lat' dir='ltr'><strong>ma-</strong></span> 
     </span>
    </p>
   </div>
   <div class='ocr_carea' id='block_1_42' title="bbox 576 2687 2141 2757">
    <p class='ocr_par' dir='ltr' id='par_1_42' title="bbox 576 2687 2141 2757">
     <span class='ocr_line' id='line_1_42' title="bbox 576 2687 2141 2757; baseline 0.003 -17"><span class='ocrx_word' id='word_1_281' title='bbox 576 2704 717 2756; x_wconf 73' lang='lat' dir='ltr'><strong>gnus</strong></span> <span class='ocrx_word' id='word_1_282' title='bbox 752 2687 1011 2757; x_wconf 81' lang='lat' dir='ltr'><strong>pontifex,</strong></span> <span class='ocrx_word' id='word_1_283' title='bbox 1032 2691 1115 2743; x_wconf 90' lang='lat' dir='ltr'><strong>his</strong></span> <span class='ocrx_word' id='word_1_284' title='bbox 1139 2690 1331 2744; x_wconf 88' lang='lat' dir='ltr'><strong>diebus</strong></span> <span class='ocrx_word' id='word_1_285' title='bbox 1352 2690 1596 2745; x_wconf 84' lang='lat' dir='ltr'><strong>solvendi</strong></span> <span class='ocrx_word' id='word_1_286' title='bbox 1629 2691 1889 2745; x_wconf 88' lang='lat' dir='ltr'><strong>canonice</strong></span> <span class='ocrx_word' id='word_1_287' title='bbox 1916 2691 2141 2745; x_wconf 86' lang='lat' dir='ltr'><strong>tradidit</strong></span> 
     </span>
    </p>
   </div>
   <div class='ocr_carea' id='block_1_43' title="bbox 491 2780 2138 2848">
    <p class='ocr_par' dir='ltr' id='par_1_43' title="bbox 491 2780 2138 2848">
     <span class='ocr_line' id='line_1_43' title="bbox 491 2780 2138 2848; baseline 0.001 -15"><span class='ocrx_word' id='word_1_288' title='bbox 491 2831 494 2833; x_wconf 81' lang='lat'><strong>.</strong></span> <span class='ocrx_word' id='word_1_289' title='bbox 573 2799 756 2848; x_wconf 88' lang='lat' dir='ltr'><strong>usum,</strong></span> <span class='ocrx_word' id='word_1_290' title='bbox 802 2783 881 2836; x_wconf 83' lang='lat' dir='ltr'><strong>‘ad</strong></span> <span class='ocrx_word' id='word_1_291' title='bbox 939 2780 1230 2836; x_wconf 87' lang='lat' dir='ltr'><strong>evertenda</strong></span> <span class='ocrx_word' id='word_1_292' title='bbox 1265 2782 1518 2847; x_wconf 73' lang='lat' dir='ltr'><strong>dogmata</strong></span> <span class='ocrx_word' id='word_1_293' title='bbox 1571 2781 1800 2835; x_wconf 90' lang='lat' dir='ltr'><strong>duarum</strong></span> <span class='ocrx_word' id='word_1_294' title='bbox 1836 2781 2138 2848; x_wconf 68' lang='lat' dir='ltr'><strong>haereseon,</strong></span> 
     </span>
    </p>
   </div>
   <div class='ocr_carea' id='block_1_44' title="bbox 569 2870 2142 2942">
    <p class='ocr_par' dir='ltr' id='par_1_44' title="bbox 569 2870 2142 2942">
     <span class='ocr_line' id='line_1_44' title="bbox 569 2870 2142 2942; baseline -0.001 -14"><span class='ocrx_word' id='word_1_295' title='bbox 569 2875 783 2938; x_wconf 83' lang='lat' dir='ltr'><strong>Jacobi,</strong></span> <span class='ocrx_word' id='word_1_296' title='bbox 843 2875 1062 2942; x_wconf 89' lang='lat' dir='ltr'><strong>inquam</strong></span> <span class='ocrx_word' id='word_1_297' title='bbox 1099 2911 1115 2937; x_wconf 95' lang='lat'><strong>,</strong></span> <span class='ocrx_word' id='word_1_298' title='bbox 1179 2880 1232 2926; x_wconf 91' lang='lat' dir='ltr'><strong>et</strong></span> <span class='ocrx_word' id='word_1_299' title='bbox 1267 2871 1689 2938; x_wconf 87' lang='lat' dir='ltr'><strong>Quadritarum.</strong></span> <span class='ocrx_word' id='word_1_300' title='bbox 1741 2870 1948 2926; x_wconf 81' lang='lat' dir='ltr'><strong>Exinde</strong></span> <span class='ocrx_word' id='word_1_301' title='bbox 1994 2873 2142 2927; x_wconf 85' lang='lat' dir='ltr'><strong>venit</strong></span> 
     </span>
    </p>
   </div>
   <div class='ocr_carea' id='block_1_45' title="bbox 575 2963 2142 3034">
    <p class='ocr_par' dir='ltr' id='par_1_45' title="bbox 575 2963 2142 3034">
     <span class='ocr_line' id='line_1_45' title="bbox 575 2963 2142 3034; baseline -0.001 -14"><span class='ocrx_word' id='word_1_302' title='bbox 575 2966 1037 3020; x_wconf 87' lang='lat' dir='ltr'><strong>monasteriorum</strong></span> <span class='ocrx_word' id='word_1_303' title='bbox 1066 2963 1422 3030; x_wconf 85' lang='lat' dir='ltr'><strong>consuetudo,</strong></span> <span class='ocrx_word' id='word_1_304' title='bbox 1459 2965 1608 3018; x_wconf 80' lang='lat' dir='ltr'><strong>ﬁnita</strong></span> <span class='ocrx_word' id='word_1_305' title='bbox 1643 2963 1790 3018; x_wconf 82' lang='lat' dir='ltr'><strong>nona</strong></span> <span class='ocrx_word' id='word_1_306' title='bbox 1829 2965 2142 3034; x_wconf 89' lang='lat' dir='ltr'><strong>hymnoque</strong></span> 
     </span>
    </p>
   </div>
   <div class='ocr_carea' id='block_1_46' title="bbox 571 3145 2140 3216">
    <p class='ocr_par' dir='ltr' id='par_1_46' title="bbox 571 3145 2140 3216">
     <span class='ocr_line' id='line_1_46' title="bbox 571 3145 2140 3216; baseline -0.003 -15"><span class='ocrx_word' id='word_1_307' title='bbox 571 3151 637 3203; x_wconf 83' lang='lat' dir='ltr'><strong>ad</strong></span> <span class='ocrx_word' id='word_1_308' title='bbox 672 3163 825 3202; x_wconf 86' lang='lat' dir='ltr'><strong>esum</strong></span> <span class='ocrx_word' id='word_1_309' title='bbox 853 3145 1018 3211; x_wconf 90' lang='lat' dir='ltr'><strong>casei,</strong></span> <span class='ocrx_word' id='word_1_310' title='bbox 1047 3145 1274 3215; x_wconf 87' lang='lat' dir='ltr'><strong>piscium</strong></span> <span class='ocrx_word' id='word_1_311' title='bbox 1302 3155 1355 3201; x_wconf 90' lang='lat' dir='ltr'><strong>et</strong></span> <span class='ocrx_word' id='word_1_312' title='bbox 1379 3154 1564 3216; x_wconf 87' lang='lat' dir='ltr'><strong>potum</strong></span> <span class='ocrx_word' id='word_1_313' title='bbox 1591 3145 1701 3199; x_wconf 91' lang='lat' dir='ltr'><strong>vini</strong></span> <span class='ocrx_word' id='word_1_314' title='bbox 1733 3145 2084 3200; x_wconf 81' lang='lat' dir='ltr'><strong>conveniendi</strong></span> <span class='ocrx_word' id='word_1_315' title='bbox 2123 3161 2140 3212; x_wconf 90' lang='lat'><strong>;</strong></span> 
     </span>
    </p>
   </div>
   <div class='ocr_carea' id='block_1_47' title="bbox 572 3234 2146 3308">
    <p class='ocr_par' dir='ltr' id='par_1_47' title="bbox 572 3234 2146 3308">
     <span class='ocr_line' id='line_1_47' title="bbox 572 3234 2146 3308; baseline -0.003 -16"><span class='ocrx_word' id='word_1_316' title='bbox 572 3255 676 3293; x_wconf 85' lang='lat' dir='ltr'><strong>nos</strong></span> <span class='ocrx_word' id='word_1_317' title='bbox 745 3252 875 3292; x_wconf 87' lang='lat' dir='ltr'><strong>vero</strong></span> <span class='ocrx_word' id='word_1_318' title='bbox 932 3237 1077 3305; x_wconf 86' lang='lat' dir='ltr'><strong>quod</strong></span> <span class='ocrx_word' id='word_1_319' title='bbox 1111 3234 1329 3306; x_wconf 89' lang='lat' dir='ltr'><strong>quidem</strong></span> <span class='ocrx_word' id='word_1_320' title='bbox 1357 3237 1620 3308; x_wconf 83' lang='lat' dir='ltr'><strong>scriptum</strong></span> <span class='ocrx_word' id='word_1_321' title='bbox 1653 3236 1978 3301; x_wconf 74' lang='lat' dir='ltr'><strong>invenimus,</strong></span> <span class='ocrx_word' id='word_1_322' title='bbox 2012 3237 2146 3290; x_wconf 90' lang='lat' dir='ltr'><strong>scri-</strong></span> 
     </span>
    </p>
   </div>
   <div class='ocr_carea' id='block_1_48' title="bbox 574 3318 2141 3401">
    <p class='ocr_par' dir='ltr' id='par_1_48' title="bbox 574 3318 2141 3401">
     <span class='ocr_line' id='line_1_48' title="bbox 574 3318 2141 3401; baseline -0.003 -16"><span class='ocrx_word' id='word_1_323' title='bbox 574 3333 788 3401; x_wconf 86' lang='lat' dir='ltr'><strong>psimus</strong></span> <span class='ocrx_word' id='word_1_324' title='bbox 826 3345 840 3382; x_wconf 88' lang='lat'><strong>:</strong></span> <span class='ocrx_word' id='word_1_325' title='bbox 871 3329 916 3384; x_wconf 89' lang='lat' dir='ltr'><strong>si</strong></span> <span class='ocrx_word' id='word_1_326' title='bbox 955 3328 1078 3398; x_wconf 89' lang='lat' dir='ltr'><strong>quis</strong></span> <span class='ocrx_word' id='word_1_327' title='bbox 1118 3338 1296 3382; x_wconf 86' lang='lat' dir='ltr'><strong>autem</strong></span> <span class='ocrx_word' id='word_1_328' title='bbox 1325 3344 1430 3382; x_wconf 89' lang='lat' dir='ltr'><strong>non</strong></span> <span class='ocrx_word' id='word_1_329' title='bbox 1453 3328 1646 3397; x_wconf 85' lang='lat' dir='ltr'><strong>recipit</strong></span> <span class='ocrx_word' id='word_1_330' title='bbox 1686 3343 1786 3383; x_wconf 92' lang='lat' dir='ltr'><strong>nec</strong></span> <span class='ocrx_word' id='word_1_331' title='bbox 1809 3327 1981 3382; x_wconf 87' lang='lat' dir='ltr'><strong>credit</strong></span> <span class='ocrx_word' id='word_1_332' title='bbox 2016 3318 2141 3393; x_wconf 77' lang='lat' dir='ltr'><strong>ista,</strong></span> 
     </span>
    </p>
   </div>
   <div class='ocr_carea' id='block_1_49' title="bbox 570 3418 2140 3490">
    <p class='ocr_par' dir='ltr' id='par_1_49' title="bbox 570 3418 2140 3490">
     <span class='ocr_line' id='line_1_49' title="bbox 570 3418 2140 3490; baseline -0.003 -12"><span class='ocrx_word' id='word_1_333' title='bbox 570 3427 712 3478; x_wconf 80' lang='lat' dir='ltr'><strong>sicut</strong></span> <span class='ocrx_word' id='word_1_334' title='bbox 750 3421 864 3476; x_wconf 88' lang='lat' dir='ltr'><strong>vult</strong></span> <span class='ocrx_word' id='word_1_335' title='bbox 917 3431 970 3474; x_wconf 91' lang='lat' dir='ltr'><strong>et</strong></span> <span class='ocrx_word' id='word_1_336' title='bbox 1027 3419 1168 3474; x_wconf 87' lang='lat' dir='ltr'><strong>sicut</strong></span> <span class='ocrx_word' id='word_1_337' title='bbox 1225 3420 1300 3473; x_wconf 93' lang='lat' dir='ltr'><strong>illi</strong></span> <span class='ocrx_word' id='word_1_338' title='bbox 1359 3421 1556 3490; x_wconf 81' lang='lat' dir='ltr'><strong>placet,</strong></span> <span class='ocrx_word' id='word_1_339' title='bbox 1615 3419 1793 3475; x_wconf 88' lang='lat' dir='ltr'><strong>abeat.</strong></span> <span class='ocrx_word' id='word_1_340' title='bbox 1868 3418 2140 3490; x_wconf 79' lang='lat' dir='ltr'><strong>Adjiciam</strong></span> 
     </span>
    </p>
   </div>
   <div class='ocr_carea' id='block_1_50' title="bbox 573 3496 2138 3581">
    <p class='ocr_par' dir='ltr' id='par_1_50' title="bbox 573 3496 2138 3581">
     <span class='ocr_line' id='line_1_50' title="bbox 573 3496 2138 3581; baseline -0.001 -13"><span class='ocrx_word' id='word_1_341' title='bbox 573 3529 755 3570; x_wconf 85' lang='lat' dir='ltr'><strong>tamen</strong></span> <span class='ocrx_word' id='word_1_342' title='bbox 786 3516 928 3569; x_wconf 89' lang='lat' dir='ltr'><strong>aliul</strong></span> <span class='ocrx_word' id='word_1_343' title='bbox 999 3510 1144 3567; x_wconf 80' lang='lat' dir='ltr'><strong>circa</strong></span> <span class='ocrx_word' id='word_1_344' title='bbox 1194 3496 1429 3566; x_wconf 51' lang='lat' dir='ltr'><strong>alteram</strong></span> <span class='ocrx_word' id='word_1_345' title='bbox 1483 3511 1910 3576; x_wconf 88' lang='lat' dir='ltr'><strong>hebdomadam,</strong></span> <span class='ocrx_word' id='word_1_346' title='bbox 1975 3527 2138 3581; x_wconf 85' lang='lat' dir='ltr'><strong>quam</strong></span> 
     </span>
    </p>
   </div>
   <div class='ocr_carea' id='block_1_51' title="bbox 572 3587 2140 3676">
    <p class='ocr_par' dir='ltr' id='par_1_51' title="bbox 572 3587 2140 3676">
     <span class='ocr_line' id='line_1_51' title="bbox 572 3587 2140 3676; baseline -0.004 -11"><span class='ocrx_word' id='word_1_347' title='bbox 572 3609 814 3664; x_wconf 89' lang='lat' dir='ltr'><strong>omnium</strong></span> <span class='ocrx_word' id='word_1_348' title='bbox 857 3608 1180 3676; x_wconf 79' lang='lat' dir='ltr'><strong>sanctorum</strong></span> <span class='ocrx_word' id='word_1_349' title='bbox 1234 3606 1683 3675; x_wconf 79' lang='lat' dir='ltr'><strong>cognominamus</strong></span> <span class='ocrx_word' id='word_1_350' title='bbox 1729 3619 1892 3675; x_wconf 80' lang='lat' dir='ltr'><strong>quam</strong></span> <span class='ocrx_word' id='word_1_351' title='bbox 1919 3587 2140 3676; x_wconf 82' lang='lat' dir='ltr'><strong>quidam</strong></span> 
     </span>
    </p>
   </div>
   <div class='ocr_carea' id='block_1_52' title="bbox 573 3692 2185 3773">
    <p class='ocr_par' dir='ltr' id='par_1_52' title="bbox 573 3692 2185 3773">
     <span class='ocr_line' id='line_1_52' title="bbox 573 3692 2185 3773; baseline -0.001 -16"><span class='ocrx_word' id='word_1_352' title='bbox 573 3705 716 3766; x_wconf 81' lang='lat' dir='ltr'><strong>maia</strong></span> <span class='ocrx_word' id='word_1_353' title='bbox 760 3704 1072 3773; x_wconf 86' lang='lat' dir='ltr'><strong>conjectura</strong></span> <span class='ocrx_word' id='word_1_354' title='bbox 1136 3702 1404 3770; x_wconf 85' lang='lat' dir='ltr'><strong>planaque</strong></span> <span class='ocrx_word' id='word_1_355' title='bbox 1469 3700 1800 3769; x_wconf 71' lang='lat' dir='ltr'><strong>ignorantia,</strong></span> <span class='ocrx_word' id='word_1_356' title='bbox 1863 3717 1973 3755; x_wconf 93' lang='lat' dir='ltr'><strong>non</strong></span> <span class='ocrx_word' id='word_1_357' title='bbox 2019 3692 2185 3758; x_wconf 50' lang='lat' dir='ltr'><strong>esse‘</strong></span> 
     </span>
    </p>
   </div>
   <div class='ocr_carea' id='block_1_53' title="bbox 573 3780 2141 3867">
    <p class='ocr_par' dir='ltr' id='par_1_53' title="bbox 573 3780 2141 3867">
     <span class='ocr_line' id='line_1_53' title="bbox 573 3780 2141 3867; baseline -0.002 -16"><span class='ocrx_word' id='word_1_358' title='bbox 573 3797 807 3851; x_wconf 80' lang='lat' dir='ltr'><strong>solutam</strong></span> <span class='ocrx_word' id='word_1_359' title='bbox 834 3796 1183 3867; x_wconf 80' lang='lat' dir='ltr'><strong>existimant.</strong></span> <span class='ocrx_word' id='word_1_360' title='bbox 1218 3780 1343 3846; x_wconf 78' lang='lat' dir='ltr'><strong>Divi</strong></span> <span class='ocrx_word' id='word_1_361' title='bbox 1368 3789 1514 3846; x_wconf 91' lang='lat' dir='ltr'><strong>enim</strong></span> <span class='ocrx_word' id='word_1_362' title='bbox 1562 3793 1795 3863; x_wconf 87' lang='lat' dir='ltr'><strong>apostoli</strong></span> <span class='ocrx_word' id='word_1_363' title='bbox 1824 3803 1880 3847; x_wconf 89' lang='lat' dir='ltr'><strong>et</strong></span> <span class='ocrx_word' id='word_1_364' title='bbox 1919 3795 2141 3865; x_wconf 77' lang='lat' dir='ltr'><strong>legisla-</strong></span> 
     </span>
    </p>
   </div>
   <div class='ocr_carea' id='block_1_54' title="bbox 572 3883 2137 3955">
    <p class='ocr_par' dir='ltr' id='par_1_54' title="bbox 572 3883 2137 3955">
     <span class='ocr_line' id='line_1_54' title="bbox 572 3883 2137 3955; baseline 0.002 -15"><span class='ocrx_word' id='word_1_365' title='bbox 572 3899 716 3942; x_wconf 90' lang='lat' dir='ltr'><strong>tores</strong></span> <span class='ocrx_word' id='word_1_366' title='bbox 746 3887 986 3940; x_wconf 89' lang='lat' dir='ltr'><strong>omnium</strong></span> <span class='ocrx_word' id='word_1_367' title='bbox 1022 3900 1137 3938; x_wconf 86' lang='lat' dir='ltr'><strong>eam</strong></span> <span class='ocrx_word' id='word_1_368' title='bbox 1172 3899 1293 3939; x_wconf 88' lang='lat' dir='ltr'><strong>esse</strong></span> <span class='ocrx_word' id='word_1_369' title='bbox 1350 3884 1583 3939; x_wconf 86' lang='lat' dir='ltr'><strong>solutam</strong></span> <span class='ocrx_word' id='word_1_370' title='bbox 1630 3885 1996 3955; x_wconf 87' lang='lat' dir='ltr'><strong>scripserunt.</strong></span> <span class='ocrx_word' id='word_1_371' title='bbox 2030 3883 2137 3943; x_wconf 84' lang='lat' dir='ltr'><strong>Sed</strong></span> 
     </span>
    </p>
   </div>
   <div class='ocr_carea' id='block_1_55' title="bbox 573 3976 2138 4044">
    <p class='ocr_par' dir='ltr' id='par_1_55' title="bbox 573 3976 2138 4044">
     <span class='ocr_line' id='line_1_55' title="bbox 573 3976 2138 4044; baseline 0.002 -12"><span class='ocrx_word' id='word_1_372' title='bbox 573 3985 712 4032; x_wconf 82' lang='lat' dir='ltr'><strong>torte</strong></span> <span class='ocrx_word' id='word_1_373' title='bbox 748 3977 1137 4032; x_wconf 84' lang='lat' dir='ltr'><strong>Gnosticorutn</strong></span> <span class='ocrx_word' id='word_1_374' title='bbox 1191 3976 1388 4044; x_wconf 82' lang='lat' dir='ltr'><strong>aliquis</strong></span> <span class='ocrx_word' id='word_1_375' title='bbox 1439 3977 1776 4032; x_wconf 85' lang='lat' dir='ltr'><strong>contradieet</strong></span> <span class='ocrx_word' id='word_1_376' title='bbox 1809 4015 1824 4042; x_wconf 89' lang='lat'><strong>,</strong></span> <span class='ocrx_word' id='word_1_377' title='bbox 1877 3976 1970 4032; x_wconf 90' lang='lat' dir='ltr'><strong>ubi</strong></span> <span class='ocrx_word' id='word_1_378' title='bbox 2032 3979 2138 4035; x_wconf 88' lang='lat' dir='ltr'><strong>hoc</strong></span> 
     </span>
    </p>
   </div>
   <div class='ocr_carea' id='block_1_56' title="bbox 573 4067 2138 4138">
    <p class='ocr_par' dir='ltr' id='par_1_56' title="bbox 573 4067 2138 4138">
     <span class='ocr_line' id='line_1_56' title="bbox 573 4067 2138 4138; baseline 0.002 -16"><span class='ocrx_word' id='word_1_379' title='bbox 573 4067 990 4123; x_wconf 86' lang='lat' dir='ltr'><strong>memoraverim</strong></span> <span class='ocrx_word' id='word_1_380' title='bbox 1043 4067 1293 4138; x_wconf 87' lang='lat' dir='ltr'><strong>discipuli</strong></span> <span class='ocrx_word' id='word_1_381' title='bbox 1331 4067 1512 4133; x_wconf 83' lang='lat' dir='ltr'><strong>verbi,</strong></span> <span class='ocrx_word' id='word_1_382' title='bbox 1546 4067 1886 4137; x_wconf 87' lang='lat' dir='ltr'><strong>deposcens;</strong></span> <span class='ocrx_word' id='word_1_383' title='bbox 1948 4070 2138 4125; x_wconf 86' lang='lat' dir='ltr'><strong>sedulo</strong></span> 
     </span>
    </p>
   </div>
   <div class='ocr_carea' id='block_1_57' title="bbox 573 4156 2134 4228">
    <p class='ocr_par' dir='ltr' id='par_1_57' title="bbox 573 4156 2134 4228">
     <span class='ocr_line' id='line_1_57' title="bbox 573 4156 2134 4228; baseline -0.001 -12"><span class='ocrx_word' id='word_1_384' title='bbox 573 4170 847 4217; x_wconf 80' lang='lat' dir='ltr'><strong>scrutetur</strong></span> <span class='ocrx_word' id='word_1_385' title='bbox 875 4167 929 4213; x_wconf 87' lang='lat' dir='ltr'><strong>et</strong></span> <span class='ocrx_word' id='word_1_386' title='bbox 954 4159 1058 4212; x_wconf 89' lang='lat' dir='ltr'><strong>hoc</strong></span> <span class='ocrx_word' id='word_1_387' title='bbox 1093 4167 1241 4213; x_wconf 89' lang='lat' dir='ltr'><strong>certe</strong></span> <span class='ocrx_word' id='word_1_388' title='bbox 1271 4156 1510 4212; x_wconf 86' lang='lat' dir='ltr'><strong>inveniet</strong></span> <span class='ocrx_word' id='word_1_389' title='bbox 1543 4175 1557 4212; x_wconf 92' lang='lat'><strong>:</strong></span> <span class='ocrx_word' id='word_1_390' title='bbox 1591 4173 1699 4212; x_wconf 92' lang='lat' dir='ltr'><strong>non</strong></span> <span class='ocrx_word' id='word_1_391' title='bbox 1727 4174 1955 4228; x_wconf 86' lang='lat' dir='ltr'><strong>possum</strong></span> <span class='ocrx_word' id='word_1_392' title='bbox 1985 4160 2134 4214; x_wconf 88' lang='lat' dir='ltr'><strong>enim</strong></span> 
     </span>
    </p>
   </div>
   <div class='ocr_carea' id='block_1_58' title="bbox 571 4248 2133 4322">
    <p class='ocr_par' dir='ltr' id='par_1_58' title="bbox 571 4248 2133 4322">
     <span class='ocr_line' id='line_1_58' title="bbox 571 4248 2133 4322; baseline 0.001 -17"><span class='ocrx_word' id='word_1_393' title='bbox 571 4261 767 4307; x_wconf 74' lang='lat' dir='ltr'><strong>cuncta</strong></span> <span class='ocrx_word' id='word_1_394' title='bbox 803 4253 1086 4322; x_wconf 88' lang='lat' dir='ltr'><strong>speciatim</strong></span> <span class='ocrx_word' id='word_1_395' title='bbox 1119 4250 1416 4321; x_wconf 80' lang='lat' dir='ltr'><strong>explicare.</strong></span> <span class='ocrx_word' id='word_1_396' title='bbox 1449 4248 1555 4316; x_wconf 87' lang='lat' dir='ltr'><strong>Qui</strong></span> <span class='ocrx_word' id='word_1_397' title='bbox 1612 4264 1742 4305; x_wconf 90' lang='lat' dir='ltr'><strong>vero</strong></span> <span class='ocrx_word' id='word_1_398' title='bbox 1797 4250 2133 4322; x_wconf 88' lang='lat' dir='ltr'><strong>Scri&#39;pturam</strong></span> 
     </span>
    </p>
   </div>
   <div class='ocr_carea' id='block_1_59' title="bbox 2172 1747 2219 1805">
    <p class='ocr_par' dir='ltr' id='par_1_59' title="bbox 2172 1747 2219 1805">
     <span class='ocr_line' id='line_1_59' title="bbox 2172 1747 2219 1805; baseline 0 0"><span class='ocrx_word' id='word_1_399' title='bbox 2172 1747 2219 1805; x_wconf 91' lang='lat' dir='ltr'><strong><em>B</em></strong></span> 
     </span>
    </p>
   </div>
   <div class='ocr_carea' id='block_1_60' title="bbox 2248 1775 3812 1845">
    <p class='ocr_par' dir='ltr' id='par_1_60' title="bbox 2248 1775 3812 1845">
     <span class='ocr_line' id='line_1_60' title="bbox 2248 1775 3812 1845; baseline 0.003 -19"><span class='ocrx_word' id='word_1_400' title='bbox 2248 1775 2438 1828; x_wconf 86' lang='grc' dir='ltr'>τούτου</span> <span class='ocrx_word' id='word_1_401' title='bbox 2497 1776 2785 1844; x_wconf 81' lang='grc' dir='ltr'>δείκνυμεν</span> <span class='ocrx_word' id='word_1_402' title='bbox 2833 1778 2905 1845; x_wconf 86' lang='grc' dir='ltr'>μὴ</span> <span class='ocrx_word' id='word_1_403' title='bbox 2943 1777 3333 1840; x_wconf 79' lang='grc' dir='ltr'>κοινωνοῦντες</span> <span class='ocrx_word' id='word_1_404' title='bbox 3364 1777 3661 1841; x_wconf 85' lang='grc' dir='ltr'>τοιούτοις·</span> <span class='ocrx_word' id='word_1_405' title='bbox 3721 1780 3812 1830; x_wconf 78' lang='grc' dir='ltr'><strong>καὶ</strong></span> 
     </span>
    </p>
   </div>
   <div class='ocr_carea' id='block_1_61' title="bbox 2249 1864 3651 1939">
    <p class='ocr_par' dir='ltr' id='par_1_61' title="bbox 2249 1864 3651 1939">
     <span class='ocr_line' id='line_1_61' title="bbox 2249 1864 3651 1939; baseline 0.001 -19"><span class='ocrx_word' id='word_1_406' title='bbox 2249 1869 2426 1936; x_wconf 79' lang='grc' dir='ltr'>μάτην</span> <span class='ocrx_word' id='word_1_407' title='bbox 2452 1868 2880 1936; x_wconf 75' lang='grc' dir='ltr'>προφασίζονται</span> <span class='ocrx_word' id='word_1_408' title='bbox 2909 1864 3053 1924; x_wconf 78' lang='grc' dir='ltr'>οὗτοι</span> <span class='ocrx_word' id='word_1_409' title='bbox 3085 1870 3176 1921; x_wconf 82' lang='grc' dir='ltr'><strong>τὸν</strong></span> <span class='ocrx_word' id='word_1_410' title='bbox 3221 1868 3651 1939; x_wconf 79' lang='grc' dir='ltr'>Ἀρτζιϐούριον.</span> 
     </span>
    </p>
   </div>
   <div class='ocr_carea' id='block_1_62' title="bbox 2319 1960 3811 2033">
    <p class='ocr_par' dir='ltr' id='par_1_62' title="bbox 2319 1960 3811 2033">
     <span class='ocr_line' id='line_1_62' title="bbox 2319 1960 3811 2033; baseline 0.003 -23"><span class='ocrx_word' id='word_1_411' title='bbox 2319 1960 2398 2013; x_wconf 86' lang='grc' dir='ltr'>ιδ’.</span> <span class='ocrx_word' id='word_1_412' title='bbox 2445 1960 2599 2012; x_wconf 68' lang='grc' dir='ltr'>Ἐπεὶ</span> <span class='ocrx_word' id='word_1_413' title='bbox 2639 1960 2696 2013; x_wconf 80' lang='grc' dir='ltr'>δὲ</span> <span class='ocrx_word' id='word_1_414' title='bbox 2741 1961 2934 2014; x_wconf 80' lang='grc' dir='ltr'>ἔλαθεν</span> <span class='ocrx_word' id='word_1_415' title='bbox 2979 1964 3127 2031; x_wconf 79' lang='grc' dir='ltr'>ἡμᾶς</span> <span class='ocrx_word' id='word_1_416' title='bbox 3171 1962 3428 2025; x_wconf 85' lang='grc' dir='ltr'>ὑπόθεσις</span> <span class='ocrx_word' id='word_1_417' title='bbox 3486 1963 3663 2033; x_wconf 87' lang='grc' dir='ltr'>μικρά</span> <span class='ocrx_word' id='word_1_418' title='bbox 3707 1981 3811 2027; x_wconf 83' lang='grc' dir='ltr'>τις,</span> 
     </span>
    </p>
   </div>
   <div class='ocr_carea' id='block_1_63' title="bbox 2245 2053 3813 2124">
    <p class='ocr_par' dir='ltr' id='par_1_63' title="bbox 2245 2053 3813 2124">
     <span class='ocr_line' id='line_1_63' title="bbox 2245 2053 3813 2124; baseline 0.002 -20"><span class='ocrx_word' id='word_1_419' title='bbox 2245 2053 2574 2122; x_wconf 66' lang='grc' dir='ltr'>διασαφῆσαι</span> <span class='ocrx_word' id='word_1_420' title='bbox 2623 2053 2853 2122; x_wconf 82' lang='grc' dir='ltr'>ἔρχομαι</span> <span class='ocrx_word' id='word_1_421' title='bbox 2902 2055 2996 2105; x_wconf 71' lang='grc' dir='ltr'>καὶ</span> <span class='ocrx_word' id='word_1_422' title='bbox 3044 2055 3174 2123; x_wconf 67' lang='grc' dir='ltr'><strong>περὶ⁸</strong></span> <span class='ocrx_word' id='word_1_423' title='bbox 3216 2055 3418 2124; x_wconf 83' lang='grc' dir='ltr'>ταύτης</span> <span class='ocrx_word' id='word_1_424' title='bbox 3466 2053 3658 2116; x_wconf 85' lang='grc' dir='ltr'>οῦτως.</span> <span class='ocrx_word' id='word_1_425' title='bbox 3704 2057 3813 2123; x_wconf 86' lang='grc' dir='ltr'><strong>Τῆς</strong></span> 
     </span>
    </p>
   </div>
   <div class='ocr_carea' id='block_1_64' title="bbox 2245 2142 3812 2214">
    <p class='ocr_par' dir='ltr' id='par_1_64' title="bbox 2245 2142 3812 2214">
     <span class='ocr_line' id='line_1_64' title="bbox 2245 2142 3812 2214; baseline 0.001 -19"><span class='ocrx_word' id='word_1_426' title='bbox 2245 2145 2471 2212; x_wconf 87' lang='grc' dir='ltr'>τυρινῆς</span> <span class='ocrx_word' id='word_1_427' title='bbox 2503 2143 2536 2210; x_wconf 74' lang='grc' dir='ltr'>ἡ</span> <span class='ocrx_word' id='word_1_428' title='bbox 2575 2142 2810 2210; x_wconf 78' lang='grc' dir='ltr'>ἑϐδομὰς</span> <span class='ocrx_word' id='word_1_429' title='bbox 2839 2142 3112 2212; x_wconf 81' lang='grc' dir='ltr'>λελυμένη</span> <span class='ocrx_word' id='word_1_430' title='bbox 3137 2143 3394 2213; x_wconf 79' lang='grc' dir='ltr'>ὑπάρχει,</span> <span class='ocrx_word' id='word_1_431' title='bbox 3421 2145 3515 2199; x_wconf 76' lang='grc' dir='ltr'><strong>καὶ</strong></span> <span class='ocrx_word' id='word_1_432' title='bbox 3543 2146 3577 2214; x_wconf 79' lang='grc' dir='ltr'><strong>ἡ</strong></span> <span class='ocrx_word' id='word_1_433' title='bbox 3617 2147 3812 2213; x_wconf 75' lang='grc' dir='ltr'>τετρὰς</span> 
     </span>
    </p>
   </div>
   <div class='ocr_carea' id='block_1_65' title="bbox 2245 2232 3809 2304">
    <p class='ocr_par' dir='ltr' id='par_1_65' title="bbox 2245 2232 3809 2304">
     <span class='ocr_line' id='line_1_65' title="bbox 2245 2232 3809 2304; baseline 0.001 -18"><span class='ocrx_word' id='word_1_434' title='bbox 2245 2234 2352 2287; x_wconf 88' lang='grc' dir='ltr'><strong>τῶν</strong></span> <span class='ocrx_word' id='word_1_435' title='bbox 2381 2233 2623 2304; x_wconf 78' lang='grc' dir='ltr'>ἡμερῶν,</span> <span class='ocrx_word' id='word_1_436' title='bbox 2657 2232 2920 2297; x_wconf 83' lang='grc' dir='ltr'>ὡσαύτως</span> <span class='ocrx_word' id='word_1_437' title='bbox 2949 2235 3046 2287; x_wconf 77' lang='grc' dir='ltr'>καὶ</span> <span class='ocrx_word' id='word_1_438' title='bbox 3083 2237 3115 2304; x_wconf 79' lang='grc' dir='ltr'>ἡ</span> <span class='ocrx_word' id='word_1_439' title='bbox 3164 2235 3320 2304; x_wconf 84' lang='grc' dir='ltr'>ἔκτη.</span> <span class='ocrx_word' id='word_1_440' title='bbox 3360 2235 3474 2290; x_wconf 83' lang='grc' dir='ltr'><strong>Καὶ</strong></span> <span class='ocrx_word' id='word_1_441' title='bbox 3521 2236 3686 2289; x_wconf 82' lang='grc' dir='ltr'>πόθεν</span> <span class='ocrx_word' id='word_1_442' title='bbox 3715 2236 3809 2304; x_wconf 82' lang='grc' dir='ltr'>δῆ-</span> 
     </span>
    </p>
   </div>
   <div class='ocr_carea' id='block_1_66' title="bbox 2246 2324 3812 2394">
    <p class='ocr_par' dir='ltr' id='par_1_66' title="bbox 2246 2324 3812 2394">
     <span class='ocr_line' id='line_1_66' title="bbox 2246 2324 3812 2394; baseline 0.001 -17"><span class='ocrx_word' id='word_1_443' title='bbox 2246 2326 2336 2377; x_wconf 91' lang='grc' dir='ltr'><strong>λον</strong></span> <span class='ocrx_word' id='word_1_444' title='bbox 2365 2326 2609 2392; x_wconf 82' lang='grc' dir='ltr'>πέφυκεν</span> <span class='ocrx_word' id='word_1_445' title='bbox 2639 2324 2818 2389; x_wconf 85' lang='grc' dir='ltr'>τοῦτο,</span> <span class='ocrx_word' id='word_1_446' title='bbox 2865 2326 2992 2394; x_wconf 83' lang='grc' dir='ltr'>εῐπῃ</span> <span class='ocrx_word' id='word_1_447' title='bbox 3037 2342 3120 2388; x_wconf 88' lang='grc' dir='ltr'><strong>τις</strong></span> <span class='ocrx_word' id='word_1_448' title='bbox 3161 2326 3328 2392; x_wconf 83' lang='grc' dir='ltr'>ῐσως;</span> <span class='ocrx_word' id='word_1_449' title='bbox 3375 2325 3708 2391; x_wconf 82' lang='grc' dir='ltr'>Ἰακωϐἷται,</span> <span class='ocrx_word' id='word_1_450' title='bbox 3740 2325 3812 2388; x_wconf 88' lang='grc' dir='ltr'><strong>ῶς</strong></span> 
     </span>
    </p>
   </div>
   <div class='ocr_carea' id='block_1_67' title="bbox 2246 2413 3812 2487">
    <p class='ocr_par' dir='ltr' id='par_1_67' title="bbox 2246 2413 3812 2487">
     <span class='ocr_line' id='line_1_67' title="bbox 2246 2413 3812 2487; baseline 0.003 -21"><span class='ocrx_word' id='word_1_451' title='bbox 2246 2432 2401 2483; x_wconf 81' lang='grc' dir='ltr'>φασι,</span> <span class='ocrx_word' id='word_1_452' title='bbox 2424 2414 2537 2484; x_wconf 81' lang='grc' dir='ltr'><strong>τὴν</strong></span> <span class='ocrx_word' id='word_1_453' title='bbox 2557 2413 2826 2484; x_wconf 82' lang='grc' dir='ltr'>ἑϐδομάδα</span> <span class='ocrx_word' id='word_1_454' title='bbox 2849 2420 3054 2487; x_wconf 84' lang='grc' dir='ltr'>ταύτην</span> <span class='ocrx_word' id='word_1_455' title='bbox 3079 2417 3336 2484; x_wconf 77' lang='grc' dir='ltr'>ὁλόαγνον</span> <span class='ocrx_word' id='word_1_456' title='bbox 3359 2415 3694 2484; x_wconf 80' lang='grc' dir='ltr'>φυλάσσουσι</span> <span class='ocrx_word' id='word_1_457' title='bbox 3723 2418 3812 2470; x_wconf 73' lang='grc' dir='ltr'>καὶ</span> 
     </span>
    </p>
   </div>
   <div class='ocr_carea' id='block_1_68' title="bbox 2246 2495 3812 2577">
    <p class='ocr_par' dir='ltr' id='par_1_68' title="bbox 2246 2495 3812 2577">
     <span class='ocr_line' id='line_1_68' title="bbox 2246 2495 3812 2577; baseline 0.001 -17"><span class='ocrx_word' id='word_1_458' title='bbox 2246 2507 2492 2577; x_wconf 78' lang='grc' dir='ltr'>καθαρὰν</span> <span class='ocrx_word' id='word_1_459' title='bbox 2539 2506 2781 2570; x_wconf 86' lang='grc' dir='ltr'>τελείως,</span> <span class='ocrx_word' id='word_1_460' title='bbox 2823 2507 2990 2576; x_wconf 77' lang='grc' dir='ltr'>ἄρτου</span> <span class='ocrx_word' id='word_1_461' title='bbox 3033 2506 3197 2576; x_wconf 84' lang='grc' dir='ltr'>μόνου</span> <span class='ocrx_word' id='word_1_462' title='bbox 3231 2495 3518 2577; x_wconf 74' lang='grc' dir='ltr'>γευόμενοι</span> <span class='ocrx_word' id='word_1_463' title='bbox 3560 2509 3655 2560; x_wconf 72' lang='grc' dir='ltr'><strong>καὶ</strong></span> <span class='ocrx_word' id='word_1_464' title='bbox 3681 2509 3812 2563; x_wconf 81' lang='grc' dir='ltr'>ῦδα·</span> 
     </span>
    </p>
   </div>
   <div class='ocr_carea' id='block_1_69' title="bbox 2243 2598 3812 2671">
    <p class='ocr_par' dir='ltr' id='par_1_69' title="bbox 2243 2598 3812 2671">
     <span class='ocr_line' id='line_1_69' title="bbox 2243 2598 3812 2671; baseline 0.001 -19"><span class='ocrx_word' id='word_1_465' title='bbox 2243 2617 2335 2663; x_wconf 81' lang='grc' dir='ltr'><strong>τος</strong></span> <span class='ocrx_word' id='word_1_466' title='bbox 2360 2599 2564 2670; x_wconf 83' lang='grc' dir='ltr'>ὁμοίως</span> <span class='ocrx_word' id='word_1_467' title='bbox 2587 2615 2602 2630; x_wconf 90' lang='grc'><strong>·</strong></span> <span class='ocrx_word' id='word_1_468' title='bbox 2631 2600 2725 2652; x_wconf 83' lang='grc' dir='ltr'>καὶ</span> <span class='ocrx_word' id='word_1_469' title='bbox 2752 2599 2841 2651; x_wconf 77' lang='grc' dir='ltr'>διὰ</span> <span class='ocrx_word' id='word_1_470' title='bbox 2873 2599 3034 2652; x_wconf 90' lang='grc' dir='ltr'>τοῦτο</span> <span class='ocrx_word' id='word_1_471' title='bbox 3064 2601 3092 2651; x_wconf 86' lang='grc' dir='ltr'><strong>δ</strong></span> <span class='ocrx_word' id='word_1_472' title='bbox 3121 2598 3284 2660; x_wconf 76' lang='grc' dir='ltr'>καλὸς</span> <span class='ocrx_word' id='word_1_473' title='bbox 3308 2600 3386 2669; x_wconf 83' lang='grc' dir='ltr'>τῷ</span> <span class='ocrx_word' id='word_1_474' title='bbox 3411 2600 3524 2653; x_wconf 83' lang='grc' dir='ltr'>δντι</span> <span class='ocrx_word' id='word_1_475' title='bbox 3559 2601 3812 2671; x_wconf 79' lang='grc' dir='ltr'>Νικηφόο</span> 
     </span>
    </p>
   </div>
   <div class='ocr_carea' id='block_1_70' title="bbox 2248 2690 3812 2764">
    <p class='ocr_par' dir='ltr' id='par_1_70' title="bbox 2248 2690 3812 2764">
     <span class='ocr_line' id='line_1_70' title="bbox 2248 2690 3812 2764; baseline -0.001 -18"><span class='ocrx_word' id='word_1_476' title='bbox 2248 2710 2336 2764; x_wconf 83' lang='grc' dir='ltr'><strong>ρος</strong></span> <span class='ocrx_word' id='word_1_477' title='bbox 2359 2695 2386 2746; x_wconf 85' lang='grc' dir='ltr'>ὀ</span> <span class='ocrx_word' id='word_1_478' title='bbox 2420 2690 3043 2752; x_wconf 67' lang='grc' dir='ltr'>Κωνσεταντινουπόλεως</span> <span class='ocrx_word' id='word_1_479' title='bbox 3081 2692 3109 2744; x_wconf 81' lang='lat'><strong><em>6</em></strong></span> <span class='ocrx_word' id='word_1_480' title='bbox 3141 2691 3318 2760; x_wconf 89' lang='grc' dir='ltr'>μέγας</span> <span class='ocrx_word' id='word_1_481' title='bbox 3358 2691 3619 2762; x_wconf 84' lang='grc' dir='ltr'>ίεράρχης</span> <span class='ocrx_word' id='word_1_482' title='bbox 3649 2709 3812 2745; x_wconf 87' lang='grc' dir='ltr'>κανο-</span> 
     </span>
    </p>
   </div>
   <div class='ocr_carea' id='block_1_71' title="bbox 2246 2781 3813 2854">
    <p class='ocr_par' dir='ltr' id='par_1_71' title="bbox 2246 2781 3813 2854">
     <span class='ocr_line' id='line_1_71' title="bbox 2246 2781 3813 2854; baseline -0.001 -16"><span class='ocrx_word' id='word_1_483' title='bbox 2246 2781 2409 2846; x_wconf 86' lang='grc' dir='ltr'>νικῶς</span> <span class='ocrx_word' id='word_1_484' title='bbox 2438 2781 2726 2851; x_wconf 82' lang='grc' dir='ltr'>παρέδωκε</span> <span class='ocrx_word' id='word_1_485' title='bbox 2757 2782 2850 2835; x_wconf 87' lang='grc' dir='ltr'><strong>τοῦ</strong></span> <span class='ocrx_word' id='word_1_486' title='bbox 2883 2782 3173 2834; x_wconf 84' lang='grc' dir='ltr'>καταλύειν</span> <span class='ocrx_word' id='word_1_487' title='bbox 3203 2782 3451 2846; x_wconf 85' lang='grc' dir='ltr'>ταύταις,</span> <span class='ocrx_word' id='word_1_488' title='bbox 3480 2783 3813 2854; x_wconf 78' lang='grc' dir='ltr'>ἀνατρέπων</span> 
     </span>
    </p>
   </div>
   <div class='ocr_carea' id='block_1_72' title="bbox 2244 2872 3812 2945">
    <p class='ocr_par' dir='ltr' id='par_1_72' title="bbox 2244 2872 3812 2945">
     <span class='ocr_line' id='line_1_72' title="bbox 2244 2872 3812 2945; baseline -0.001 -17"><span class='ocrx_word' id='word_1_489' title='bbox 2244 2878 2311 2928; x_wconf 70' lang='grc' dir='ltr'><strong>τα</strong></span> <span class='ocrx_word' id='word_1_490' title='bbox 2341 2872 2588 2945; x_wconf 88' lang='grc' dir='ltr'>δόγματα</span> <span class='ocrx_word' id='word_1_491' title='bbox 2609 2873 2872 2943; x_wconf 75' lang='grc' dir='ltr'>αἱρέσεων</span> <span class='ocrx_word' id='word_1_492' title='bbox 2898 2873 3006 2926; x_wconf 88' lang='grc' dir='ltr'><strong>τῶν</strong></span> <span class='ocrx_word' id='word_1_493' title='bbox 3024 2873 3139 2936; x_wconf 87' lang='grc' dir='ltr'>δύο,</span> <span class='ocrx_word' id='word_1_494' title='bbox 3161 2873 3255 2927; x_wconf 86' lang='grc' dir='ltr'><strong>τοῦ</strong></span> <span class='ocrx_word' id='word_1_495' title='bbox 3295 2873 3560 2928; x_wconf 79' lang='grc' dir='ltr'>Ἰακώϐου</span> <span class='ocrx_word' id='word_1_496' title='bbox 3585 2891 3644 2927; x_wconf 89' lang='grc' dir='ltr'>τε</span> <span class='ocrx_word' id='word_1_497' title='bbox 3668 2875 3812 2944; x_wconf 75' lang='grc' dir='ltr'>φημὶ</span> 
     </span>
    </p>
   </div>
   <div class='ocr_carea' id='block_1_73' title="bbox 2247 2960 3812 3038">
    <p class='ocr_par' dir='ltr' id='par_1_73' title="bbox 2247 2960 3812 3038">
     <span class='ocr_line' id='line_1_73' title="bbox 2247 2960 3812 3038; baseline 0 -19"><span class='ocrx_word' id='word_1_498' title='bbox 2247 2965 2344 3019; x_wconf 80' lang='grc' dir='ltr'><strong>σὺν</strong></span> <span class='ocrx_word' id='word_1_499' title='bbox 2375 2965 2470 3020; x_wconf 70' lang='grc' dir='ltr'>καὶ</span> <span class='ocrx_word' id='word_1_500' title='bbox 2511 2968 2624 3028; x_wconf 80' lang='grc' dir='ltr'>τοῖς</span> <span class='ocrx_word' id='word_1_501' title='bbox 2664 2962 3033 3036; x_wconf 84' lang='grc' dir='ltr'>Τετραδίταις.</span> <span class='ocrx_word' id='word_1_502' title='bbox 3062 2960 3222 3021; x_wconf 83' lang='grc' dir='ltr'>Ὅθεν</span> <span class='ocrx_word' id='word_1_503' title='bbox 3251 2966 3320 3021; x_wconf 72' lang='grc' dir='ltr'>τὰ</span> <span class='ocrx_word' id='word_1_504' title='bbox 3354 2969 3693 3038; x_wconf 78' lang='grc' dir='ltr'>μοναστήρια</span> <span class='ocrx_word' id='word_1_505' title='bbox 3721 2967 3812 3020; x_wconf 84' lang='grc' dir='ltr'>οῦ-</span> 
     </span>
    </p>
   </div>
   <div class='ocr_carea' id='block_1_74' title="bbox 464 3053 2142 3134">
    <p class='ocr_par' dir='ltr' id='par_1_74' title="bbox 464 3053 2141 3132">
     <span class='ocr_line' id='line_1_74' title="bbox 464 3053 2141 3132; baseline 0.001 -27"><span class='ocrx_word' id='word_1_506' title='bbox 464 3094 469 3099; x_wconf 92' lang='grc'><strong>.</strong></span> <span class='ocrx_word' id='word_1_507' title='bbox 570 3070 809 3124; x_wconf 67' lang='grc' dir='ltr'>ιεερετεε</span> <span class='ocrx_word' id='word_1_508' title='bbox 837 3053 1003 3116; x_wconf 87' lang='lat' dir='ltr'><strong>dicto,</strong></span> <span class='ocrx_word' id='word_1_509' title='bbox 1043 3063 1168 3107; x_wconf 91' lang='lat' dir='ltr'><strong>tunc</strong></span> <span class='ocrx_word' id='word_1_510' title='bbox 1195 3053 1411 3132; x_wconf 87' lang='lat' dir='ltr'><strong>demum</strong></span> <span class='ocrx_word' id='word_1_511' title='bbox 1440 3054 1505 3108; x_wconf 92' lang='lat' dir='ltr'><strong>ad</strong></span> <span class='ocrx_word' id='word_1_512' title='bbox 1536 3067 1878 3108; x_wconf 87' lang='lat' dir='ltr'><strong>communem</strong></span> <span class='ocrx_word' id='word_1_513' title='bbox 1901 3067 2141 3108; x_wconf 82' lang='lat' dir='ltr'><strong>mensam</strong></span> 
     </span>
    </p>
   </div>
   <div class='ocr_carea' id='block_1_75' title="bbox 2243 3053 3812 3134">
    <p class='ocr_par' dir='ltr' id='par_1_75' title="bbox 2245 3055 3812 3134">
     <span class='ocr_line' id='line_1_75' title="bbox 2245 3055 3812 3134; baseline -0.001 -22"><span class='ocrx_word' id='word_1_514' title='bbox 2245 3076 2355 3123; x_wconf 89' lang='grc' dir='ltr'><strong>τως</strong></span> <span class='ocrx_word' id='word_1_515' title='bbox 2397 3055 2612 3129; x_wconf 71' lang='grc' dir='ltr'>ἔχουσιν</span> <span class='ocrx_word' id='word_1_516' title='bbox 2660 3057 2804 3124; x_wconf 79' lang='grc' dir='ltr'>ἔθος,</span> <span class='ocrx_word' id='word_1_517' title='bbox 2850 3058 2949 3128; x_wconf 75' lang='grc' dir='ltr'>τὴν</span> <span class='ocrx_word' id='word_1_518' title='bbox 2995 3058 3223 3134; x_wconf 79' lang='grc' dir='ltr'>ἑννάτην</span> <span class='ocrx_word' id='word_1_519' title='bbox 3272 3057 3668 3129; x_wconf 84' lang='grc' dir='ltr'>πληρώσαντες</span> <span class='ocrx_word' id='word_1_520' title='bbox 3719 3060 3812 3116; x_wconf 77' lang='grc' dir='ltr'>καὶ</span> 
     </span>
    </p>
   </div>
   <div class='ocr_carea' id='block_1_76' title="bbox 2248 3145 3812 3221">
    <p class='ocr_par' dir='ltr' id='par_1_76' title="bbox 2248 3145 3812 3221">
     <span class='ocr_line' id='line_1_76' title="bbox 2248 3145 3812 3221; baseline -0.001 -19"><span class='ocrx_word' id='word_1_521' title='bbox 2248 3145 2414 3221; x_wconf 75' lang='grc' dir='ltr'>ὕμνον</span> <span class='ocrx_word' id='word_1_522' title='bbox 2446 3151 2546 3219; x_wconf 85' lang='grc' dir='ltr'><strong>τῆς</strong></span> <span class='ocrx_word' id='word_1_523' title='bbox 2579 3149 2839 3221; x_wconf 87' lang='grc' dir='ltr'>ἑσπέρας,</span> <span class='ocrx_word' id='word_1_524' title='bbox 2873 3147 3046 3214; x_wconf 86' lang='grc' dir='ltr'>οῦτως</span> <span class='ocrx_word' id='word_1_525' title='bbox 3076 3150 3416 3221; x_wconf 69' lang='grc' dir='ltr'>εἰσέρχονται</span> <span class='ocrx_word' id='word_1_526' title='bbox 3442 3150 3626 3204; x_wconf 74' lang='grc' dir='ltr'>λοιπὸν</span> <span class='ocrx_word' id='word_1_527' title='bbox 3655 3154 3718 3205; x_wconf 75' lang='grc' dir='ltr'><strong>ἔν</strong></span> <span class='ocrx_word' id='word_1_528' title='bbox 3747 3152 3812 3220; x_wconf 72' lang='grc' dir='ltr'>τῇ</span> 
     </span>
    </p>
   </div>
   <div class='ocr_carea' id='block_1_77' title="bbox 2244 3226 3812 3315">
    <p class='ocr_par' dir='ltr' id='par_1_77' title="bbox 2244 3226 3812 3315">
     <span class='ocr_line' id='line_1_77' title="bbox 2244 3226 3812 3315; baseline 0 -20"><span class='ocrx_word' id='word_1_529' title='bbox 2244 3239 2399 3315; x_wconf 79' lang='grc' dir='ltr'>κοινῇ</span> <span class='ocrx_word' id='word_1_530' title='bbox 2436 3242 2708 3314; x_wconf 76' lang='grc' dir='ltr'>τραπέζῃ,</span> <span class='ocrx_word' id='word_1_531' title='bbox 2739 3242 2905 3314; x_wconf 82' lang='grc' dir='ltr'>τυροῦ</span> <span class='ocrx_word' id='word_1_532' title='bbox 2952 3242 3466 3313; x_wconf 75' lang='grc' dir='ltr'>μεταλαμϐάνοντες</span> <span class='ocrx_word' id='word_1_533' title='bbox 3513 3226 3719 3313; x_wconf 83' lang='grc' dir='ltr'>ίχθύων</span> <span class='ocrx_word' id='word_1_534' title='bbox 3751 3260 3812 3296; x_wconf 90' lang='grc' dir='ltr'>τε</span> 
     </span>
    </p>
   </div>
   <div class='ocr_carea' id='block_1_78' title="bbox 2245 3332 3815 3406">
    <p class='ocr_par' dir='ltr' id='par_1_78' title="bbox 2245 3332 3815 3406">
     <span class='ocr_line' id='line_1_78' title="bbox 2245 3332 3815 3406; baseline -0.004 -16"><span class='ocrx_word' id='word_1_535' title='bbox 2245 3334 2343 3390; x_wconf 72' lang='grc' dir='ltr'>καὶ</span> <span class='ocrx_word' id='word_1_536' title='bbox 2389 3335 2561 3389; x_wconf 86' lang='grc' dir='ltr'>οῐνου.</span> <span class='ocrx_word' id='word_1_537' title='bbox 2590 3335 2702 3389; x_wconf 78' lang='grc' dir='ltr'><strong>Καὶ</strong></span> <span class='ocrx_word' id='word_1_538' title='bbox 2739 3335 2900 3404; x_wconf 78' lang='grc' dir='ltr'>ἡμεῖς</span> <span class='ocrx_word' id='word_1_539' title='bbox 2949 3335 3050 3405; x_wconf 78' lang='grc' dir='ltr'>μὲν</span> <span class='ocrx_word' id='word_1_540' title='bbox 3083 3334 3405 3406; x_wconf 70' lang='grc' dir='ltr'>ἑγράψαμεν</span> <span class='ocrx_word' id='word_1_541' title='bbox 3447 3332 3524 3398; x_wconf 83' lang='grc' dir='ltr'>ὡς</span> <span class='ocrx_word' id='word_1_542' title='bbox 3567 3332 3815 3402; x_wconf 74' lang='grc' dir='ltr'>εὕρομεν</span> 
     </span>
    </p>
   </div>
   <div class='ocr_carea' id='block_1_79' title="bbox 2242 3418 3813 3500">
    <p class='ocr_par' dir='ltr' id='par_1_79' title="bbox 2242 3418 3813 3500">
     <span class='ocr_line' id='line_1_79' title="bbox 2242 3418 3813 3500; baseline -0.003 -20"><span class='ocrx_word' id='word_1_543' title='bbox 2242 3418 2536 3499; x_wconf 58' lang='grc' dir='ltr'>ἐγγράφως</span> <span class='ocrx_word' id='word_1_544' title='bbox 2563 3442 2580 3460; x_wconf 87' lang='grc'><strong>·</strong></span> <span class='ocrx_word' id='word_1_545' title='bbox 2621 3428 2669 3500; x_wconf 83' lang='grc' dir='ltr'><strong>εί</strong></span> <span class='ocrx_word' id='word_1_546' title='bbox 2717 3426 2774 3479; x_wconf 82' lang='grc' dir='ltr'><strong>δέ</strong></span> <span class='ocrx_word' id='word_1_547' title='bbox 2819 3443 2905 3488; x_wconf 88' lang='grc' dir='ltr'><strong>τις</strong></span> <span class='ocrx_word' id='word_1_548' title='bbox 2951 3425 3012 3500; x_wconf 73' lang='grc' dir='ltr'><strong>ού</strong></span> <span class='ocrx_word' id='word_1_549' title='bbox 3063 3425 3348 3496; x_wconf 77' lang='grc' dir='ltr'>προσίεται</span> <span class='ocrx_word' id='word_1_550' title='bbox 3392 3423 3514 3477; x_wconf 72' lang='grc' dir='ltr'>οὐδὲ</span> <span class='ocrx_word' id='word_1_551' title='bbox 3563 3422 3813 3477; x_wconf 77' lang='grc' dir='ltr'><strong>πιστεύε⁹</strong></span> 
     </span>
    </p>
   </div>
   <div class='ocr_carea' id='block_1_80' title="bbox 2241 3497 3808 3587">
    <p class='ocr_par' dir='ltr' id='par_1_80' title="bbox 2241 3497 3808 3587">
     <span class='ocr_line' id='line_1_80' title="bbox 2241 3497 3808 3587; baseline -0.004 -13"><span class='ocrx_word' id='word_1_552' title='bbox 2241 3497 2434 3585; x_wconf 80' lang='grc' dir='ltr'>ταῦτα,</span> <span class='ocrx_word' id='word_1_553' title='bbox 2461 3519 2537 3583; x_wconf 86' lang='grc' dir='ltr'>ὡς</span> <span class='ocrx_word' id='word_1_554' title='bbox 2574 3497 2717 3573; x_wconf 84' lang='grc' dir='ltr'>θέλει</span> <span class='ocrx_word' id='word_1_555' title='bbox 2765 3515 2859 3572; x_wconf 68' lang='grc' dir='ltr'>καὶ</span> <span class='ocrx_word' id='word_1_556' title='bbox 2907 3497 2988 3581; x_wconf 76' lang='grc' dir='ltr'>ὥς</span> <span class='ocrx_word' id='word_1_557' title='bbox 3031 3516 3303 3587; x_wconf 87' lang='grc' dir='ltr'>βούλεται,</span> <span class='ocrx_word' id='word_1_558' title='bbox 3359 3514 3532 3580; x_wconf 76' lang='grc' dir='ltr'>οὕτως</span> <span class='ocrx_word' id='word_1_559' title='bbox 3570 3515 3666 3569; x_wconf 79' lang='grc' dir='ltr'>καὶ</span> <span class='ocrx_word' id='word_1_560' title='bbox 3713 3532 3808 3568; x_wconf 84' lang='grc' dir='ltr'>πο-</span> 
     </span>
    </p>
   </div>
   <div class='ocr_carea' id='block_1_81' title="bbox 2245 3605 3810 3683">
    <p class='ocr_par' dir='ltr' id='par_1_81' title="bbox 2245 3605 3810 3683">
     <span class='ocr_line' id='line_1_81' title="bbox 2245 3605 3810 3683; baseline -0.003 -18"><span class='ocrx_word' id='word_1_561' title='bbox 2245 3608 2508 3683; x_wconf 87' lang='grc' dir='ltr'>ρευέσθω.</span> <span class='ocrx_word' id='word_1_562' title='bbox 2555 3607 2856 3683; x_wconf 75' lang='grc' dir='ltr'>Προσθήσω</span> <span class='ocrx_word' id='word_1_563' title='bbox 2887 3608 3064 3664; x_wconf 85' lang='grc' dir='ltr'>τοίνυν</span> <span class='ocrx_word' id='word_1_564' title='bbox 3112 3607 3302 3680; x_wconf 82' lang='grc' dir='ltr'>ἔτερον</span> <span class='ocrx_word' id='word_1_565' title='bbox 3333 3607 3402 3660; x_wconf 85' lang='grc' dir='ltr'>δι’</span> <span class='ocrx_word' id='word_1_566' title='bbox 3448 3607 3615 3678; x_wconf 73' lang='grc' dir='ltr'>ἀλλην</span> <span class='ocrx_word' id='word_1_567' title='bbox 3656 3605 3810 3660; x_wconf 72' lang='grc' dir='ltr'>ἑϐδο-</span> 
     </span>
    </p>
   </div>
   <div class='ocr_carea' id='block_1_82' title="bbox 2243 3693 3806 3776">
    <p class='ocr_par' dir='ltr' id='par_1_82' title="bbox 2243 3693 3806 3776">
     <span class='ocr_line' id='line_1_82' title="bbox 2243 3693 3806 3776; baseline -0.004 -18"><span class='ocrx_word' id='word_1_568' title='bbox 2243 3693 2408 3776; x_wconf 78' lang='grc' dir='ltr'>μάδα,</span> <span class='ocrx_word' id='word_1_569' title='bbox 2436 3704 2503 3774; x_wconf 75' lang='grc' dir='ltr'><strong>ῆν</strong></span> <span class='ocrx_word' id='word_1_570' title='bbox 2536 3703 2631 3756; x_wconf 80' lang='grc' dir='ltr'>καὶ</span> <span class='ocrx_word' id='word_1_571' title='bbox 2671 3700 3087 3772; x_wconf 67' lang='grc' dir='ltr'>ἐπονομάζομεν</span> <span class='ocrx_word' id='word_1_572' title='bbox 3126 3700 3226 3770; x_wconf 72' lang='grc' dir='ltr'><strong>τὴν</strong></span> <span class='ocrx_word' id='word_1_573' title='bbox 3275 3699 3398 3766; x_wconf 55' lang='grc' dir='ltr'><strong>τῶι</strong></span> <span class='ocrx_word' id='word_1_574' title='bbox 3428 3699 3628 3768; x_wconf 72' lang='grc' dir='ltr'>’Δγίων</span> <span class='ocrx_word' id='word_1_575' title='bbox 3674 3700 3806 3753; x_wconf 77' lang='grc' dir='ltr'>πάν-</span> 
     </span>
    </p>
   </div>
   <div class='ocr_carea' id='block_1_83' title="bbox 2239 3787 3804 3864">
    <p class='ocr_par' dir='ltr' id='par_1_83' title="bbox 2239 3787 3804 3864">
     <span class='ocr_line' id='line_1_83' title="bbox 2239 3787 3804 3864; baseline -0.005 -14"><span class='ocrx_word' id='word_1_576' title='bbox 2239 3809 2390 3850; x_wconf 83' lang='grc' dir='ltr'>των’</span> <span class='ocrx_word' id='word_1_577' title='bbox 2447 3794 2593 3857; x_wconf 85' lang='grc' dir='ltr'>τινὲς</span> <span class='ocrx_word' id='word_1_578' title='bbox 2641 3791 3120 3864; x_wconf 76' lang='grc' dir='ltr'>ὑπολαμϐάνοντες</span> <span class='ocrx_word' id='word_1_579' title='bbox 3153 3791 3247 3862; x_wconf 74' lang='grc' dir='ltr'>μὴ</span> <span class='ocrx_word' id='word_1_580' title='bbox 3297 3787 3440 3844; x_wconf 72' lang='grc' dir='ltr'>εῖναι</span> <span class='ocrx_word' id='word_1_581' title='bbox 3483 3788 3804 3863; x_wconf 67' lang='grc' dir='ltr'>λελυμένην,</span> 
     </span>
    </p>
   </div>
   <div class='ocr_carea' id='block_1_84' title="bbox 2240 3882 3808 3953">
    <p class='ocr_par' dir='ltr' id='par_1_84' title="bbox 2240 3882 3808 3953">
     <span class='ocr_line' id='line_1_84' title="bbox 2240 3882 3808 3953; baseline -0.007 -8"><span class='ocrx_word' id='word_1_582' title='bbox 2240 3889 2428 3953; x_wconf 88' lang='grc' dir='ltr'>κακῶς</span> <span class='ocrx_word' id='word_1_583' title='bbox 2461 3886 2897 3952; x_wconf 78' lang='grc' dir='ltr'>ὑποτοπάζοντες</span> <span class='ocrx_word' id='word_1_584' title='bbox 2927 3887 3024 3938; x_wconf 77' lang='grc' dir='ltr'>καὶ</span> <span class='ocrx_word' id='word_1_585' title='bbox 3051 3885 3188 3948; x_wconf 85' lang='grc' dir='ltr'>δλως</span> <span class='ocrx_word' id='word_1_586' title='bbox 3210 3882 3555 3952; x_wconf 80' lang='grc' dir='ltr'>ἀγνοοῦντες.</span> <span class='ocrx_word' id='word_1_587' title='bbox 3585 3884 3650 3937; x_wconf 89' lang='grc' dir='ltr'>Οί</span> <span class='ocrx_word' id='word_1_588' title='bbox 3675 3884 3808 3937; x_wconf 77' lang='grc' dir='ltr'>θεῖοι</span> 
     </span>
    </p>
   </div>
   <div class='ocr_carea' id='block_1_85' title="bbox 2239 3972 3803 4055">
    <p class='ocr_par' dir='ltr' id='par_1_85' title="bbox 2239 3972 3803 4055">
     <span class='ocr_line' id='line_1_85' title="bbox 2239 3972 3803 4055; baseline -0.005 -19"><span class='ocrx_word' id='word_1_589' title='bbox 2239 3985 2348 4055; x_wconf 86' lang='grc' dir='ltr'>γὰρ</span> <span class='ocrx_word' id='word_1_590' title='bbox 2369 3972 2672 4036; x_wconf 69' lang='grc' dir='ltr'>ἀπόστολοι</span> <span class='ocrx_word' id='word_1_591' title='bbox 2699 3979 2794 4032; x_wconf 76' lang='grc' dir='ltr'>καὶ</span> <span class='ocrx_word' id='word_1_592' title='bbox 2826 3977 3114 4049; x_wconf 81' lang='grc' dir='ltr'>νομοθέται</span> <span class='ocrx_word' id='word_1_593' title='bbox 3147 3976 3364 4030; x_wconf 82' lang='grc' dir='ltr'>πάντων</span> <span class='ocrx_word' id='word_1_594' title='bbox 3391 3976 3488 4030; x_wconf 78' lang='grc' dir='ltr'>καὶ</span> <span class='ocrx_word' id='word_1_595' title='bbox 3520 3976 3649 4046; x_wconf 76' lang='grc' dir='ltr'>περὶ</span> <span class='ocrx_word' id='word_1_596' title='bbox 3672 3977 3803 4029; x_wconf 69' lang='grc' dir='ltr'>ταύσ</span> 
     </span>
    </p>
   </div>
   <div class='ocr_carea' id='block_1_86' title="bbox 2235 4067 3802 4147">
    <p class='ocr_par' dir='ltr' id='par_1_86' title="bbox 2235 4067 3802 4147">
     <span class='ocr_line' id='line_1_86' title="bbox 2235 4067 3802 4147; baseline -0.004 -18"><span class='ocrx_word' id='word_1_597' title='bbox 2235 4093 2336 4146; x_wconf 88' lang='grc' dir='ltr'><strong>της</strong></span> <span class='ocrx_word' id='word_1_598' title='bbox 2369 4073 2617 4147; x_wconf 75' lang='grc' dir='ltr'>ἔγραψαν</span> <span class='ocrx_word' id='word_1_599' title='bbox 2650 4072 2746 4126; x_wconf 89' lang='grc' dir='ltr'><strong>τοῦ</strong></span> <span class='ocrx_word' id='word_1_600' title='bbox 2796 4067 2940 4125; x_wconf 76' lang='grc' dir='ltr'>εἶναι</span> <span class='ocrx_word' id='word_1_601' title='bbox 2987 4070 3310 4141; x_wconf 84' lang='grc' dir='ltr'>λελυμένην.</span> <span class='ocrx_word' id='word_1_602' title='bbox 3358 4068 3500 4122; x_wconf 78' lang='grc' dir='ltr'>Ἀλλ’</span> <span class='ocrx_word' id='word_1_603' title='bbox 3539 4068 3672 4128; x_wconf 72' lang='grc' dir='ltr'>ἴσως</span> <span class='ocrx_word' id='word_1_604' title='bbox 3717 4070 3802 4122; x_wconf 78' lang='grc' dir='ltr'><strong>ἁν-</strong></span> 
     </span>
    </p>
   </div>
   <div class='ocr_carea' id='block_1_87' title="bbox 2248 4161 3800 4240">
    <p class='ocr_par' dir='ltr' id='par_1_87' title="bbox 2248 4161 3800 4240">
     <span class='ocr_line' id='line_1_87' title="bbox 2248 4161 3800 4240; baseline -0.005 -17"><span class='ocrx_word' id='word_1_605' title='bbox 2248 4168 2595 4240; x_wconf 79' lang='grc' dir='ltr'>τιφθέγξοιτό</span> <span class='ocrx_word' id='word_1_606' title='bbox 2619 4183 2703 4231; x_wconf 89' lang='grc' dir='ltr'><strong>τις</strong></span> <span class='ocrx_word' id='word_1_607' title='bbox 2729 4163 2839 4218; x_wconf 88' lang='grc' dir='ltr'><strong>τῶν</strong></span> <span class='ocrx_word' id='word_1_608' title='bbox 2877 4162 3360 4234; x_wconf 78' lang='grc' dir='ltr'>γνωστικωτέρων,</span> <span class='ocrx_word' id='word_1_609' title='bbox 3400 4162 3496 4216; x_wconf 68' lang='grc' dir='ltr'><strong>καὶ</strong></span> <span class='ocrx_word' id='word_1_610' title='bbox 3531 4161 3641 4216; x_wconf 86' lang='grc' dir='ltr'>Ποῦ</span> <span class='ocrx_word' id='word_1_611' title='bbox 3676 4161 3800 4216; x_wconf 88' lang='grc' dir='ltr'>ταύ-</span> 
     </span>
    </p>
   </div>
   <div class='ocr_carea' id='block_1_88' title="bbox 2239 4255 3801 4333">
    <p class='ocr_par' dir='ltr' id='par_1_88' title="bbox 2239 4255 3801 4333">
     <span class='ocr_line' id='line_1_88' title="bbox 2239 4255 3801 4333; baseline -0.006 -16"><span class='ocrx_word' id='word_1_612' title='bbox 2239 4279 2337 4333; x_wconf 84' lang='grc' dir='ltr'><strong>της</strong></span> <span class='ocrx_word' id='word_1_613' title='bbox 2353 4260 2703 4331; x_wconf 69' lang='grc' dir='ltr'>ἐμνήσθησαν</span> <span class='ocrx_word' id='word_1_614' title='bbox 2730 4259 2781 4313; x_wconf 77' lang='lat' dir='ltr'><strong>oi</strong></span> <span class='ocrx_word' id='word_1_615' title='bbox 2806 4256 3046 4328; x_wconf 77' lang='grc' dir='ltr'>μαθηταὶ</span> <span class='ocrx_word' id='word_1_616' title='bbox 3073 4256 3166 4310; x_wconf 82' lang='grc' dir='ltr'><strong>τοῦ</strong></span> <span class='ocrx_word' id='word_1_617' title='bbox 3188 4255 3360 4325; x_wconf 81' lang='grc' dir='ltr'>Λόγου</span> <span class='ocrx_word' id='word_1_618' title='bbox 3385 4271 3402 4322; x_wconf 88' lang='grc'><strong>;</strong></span> <span class='ocrx_word' id='word_1_619' title='bbox 3436 4256 3801 4326; x_wconf 76' lang='grc' dir='ltr'>Ἐρευνησάτιι·</span> 
     </span>
    </p>
   </div>
   <div class='ocr_carea' id='block_1_89' title="bbox 571 4343 2142 4424">
    <p class='ocr_par' dir='ltr' id='par_1_89' title="bbox 571 4343 2132 4418">
     <span class='ocr_line' id='line_1_89' title="bbox 571 4343 2132 4418; baseline 0 -18"><span class='ocrx_word' id='word_1_620' title='bbox 571 4347 799 4418; x_wconf 78' lang='lat' dir='ltr'><strong>impigre</strong></span> <span class='ocrx_word' id='word_1_621' title='bbox 827 4355 1166 4413; x_wconf 83' lang='lat' dir='ltr'><strong>scrutantur,</strong></span> <span class='ocrx_word' id='word_1_622' title='bbox 1209 4343 1505 4415; x_wconf 80' lang='lat' dir='ltr'><strong>perfectam</strong></span> <span class='ocrx_word' id='word_1_623' title='bbox 1531 4360 1597 4400; x_wconf 81' lang='lat' dir='ltr'><strong>ex</strong></span> <span class='ocrx_word' id='word_1_624' title='bbox 1642 4359 1704 4400; x_wconf 82' lang='lat' dir='ltr'><strong>ea</strong></span> <span class='ocrx_word' id='word_1_625' title='bbox 1733 4346 2132 4402; x_wconf 87' lang='lat' dir='ltr'><strong>convictionem</strong></span> 
     </span>
    </p>
   </div>
   <div class='ocr_carea' id='block_1_90' title="bbox 2243 4343 3800 4424">
    <p class='ocr_par' dir='ltr' id='par_1_90' title="bbox 2243 4345 3800 4424">
     <span class='ocr_line' id='line_1_90' title="bbox 2243 4345 3800 4424; baseline -0.004 -17"><span class='ocrx_word' id='word_1_626' title='bbox 2243 4351 2487 4424; x_wconf 78' lang='grc' dir='ltr'>ἀκριϐῶς</span> <span class='ocrx_word' id='word_1_627' title='bbox 2525 4351 2621 4405; x_wconf 69' lang='lat' dir='ltr'><strong>xei.</strong></span> <span class='ocrx_word' id='word_1_628' title='bbox 2649 4350 2868 4413; x_wconf 76' lang='grc' dir='ltr'>παντως</span> <span class='ocrx_word' id='word_1_629' title='bbox 2908 4346 3045 4420; x_wconf 83' lang='grc' dir='ltr'>εῦρῃ</span> <span class='ocrx_word' id='word_1_630' title='bbox 3077 4346 3238 4401; x_wconf 90' lang='grc' dir='ltr'>τοῦτο</span> <span class='ocrx_word' id='word_1_631' title='bbox 3264 4363 3278 4377; x_wconf 70' lang='grc' dir='ltr'><strong>ο</strong></span> <span class='ocrx_word' id='word_1_632' title='bbox 3313 4346 3562 4405; x_wconf 81' lang='grc' dir='ltr'>ἀδυνατῶ</span> <span class='ocrx_word' id='word_1_633' title='bbox 3603 4345 3716 4418; x_wconf 75' lang='grc' dir='ltr'>γὰρ</span> <span class='ocrx_word' id='word_1_634' title='bbox 3751 4349 3800 4400; x_wconf 72' lang='grc' dir='ltr'>ιι</span> 
     </span>
    </p>
   </div>
   <div class='ocr_carea' id='block_1_91' title="bbox 567 4441 880 4512">
    <p class='ocr_par' dir='ltr' id='par_1_91' title="bbox 567 4441 880 4512">
     <span class='ocr_line' id='line_1_91' title="bbox 567 4441 880 4512; baseline 0.013 -18"><span class='ocrx_word' id='word_1_635' title='bbox 567 4441 880 4512; x_wconf 86' lang='lat' dir='ltr'><strong>acquirunt.</strong></span> 
     </span>
    </p>
   </div>
   <div class='ocr_carea' id='block_1_92' title="bbox 644 4708 2130 4793">
    <p class='ocr_par' dir='ltr' id='par_1_92' title="bbox 644 4708 2130 4793">
     <span class='ocr_line' id='line_1_92' title="bbox 644 4708 2130 4793; baseline -0.003 -14"><span class='ocrx_word' id='word_1_636' title='bbox 644 4725 729 4779; x_wconf 76' lang='lat' dir='ltr'><strong>i5.</strong></span> <span class='ocrx_word' id='word_1_637' title='bbox 767 4722 892 4777; x_wconf 66' lang='lat' dir='ltr'><strong>&quot;me</strong></span> <span class='ocrx_word' id='word_1_638' title='bbox 947 4721 1112 4793; x_wconf 70' lang='lat' dir='ltr'><strong>igitur</strong></span> <span class='ocrx_word' id='word_1_639' title='bbox 1169 4720 1314 4775; x_wconf 84' lang='lat' dir='ltr'><strong>inter</strong></span> <span class='ocrx_word' id='word_1_640' title='bbox 1345 4719 1522 4774; x_wconf 86' lang='lat' dir='ltr'><strong>multa</strong></span> <span class='ocrx_word' id='word_1_641' title='bbox 1560 4708 1658 4773; x_wconf 86' lang='lat' dir='ltr'><strong>tibi</strong></span> <span class='ocrx_word' id='word_1_642' title='bbox 1693 4733 1864 4789; x_wconf 86' lang='lat' dir='ltr'><strong>pauca</strong></span> <span class='ocrx_word' id='word_1_643' title='bbox 1913 4719 2130 4790; x_wconf 86' lang='lat' dir='ltr'><strong>scripsi.</strong></span> 
     </span>
    </p>
   </div>
   <div class='ocr_carea' id='block_1_93' title="bbox 577 4811 2132 4891">
    <p class='ocr_par' dir='ltr' id='par_1_93' title="bbox 577 4811 2132 4891">
     <span class='ocr_line' id='line_1_93' title="bbox 577 4811 2132 4891; baseline -0.003 -20"><span class='ocrx_word' id='word_1_644' title='bbox 577 4816 861 4872; x_wconf 81' lang='lat' dir='ltr'><strong>Testincor</strong></span> <span class='ocrx_word' id='word_1_645' title='bbox 907 4822 1088 4868; x_wconf 88' lang='lat' dir='ltr'><strong>autem</strong></span> <span class='ocrx_word' id='word_1_646' title='bbox 1116 4822 1185 4891; x_wconf 77' lang='lat' dir='ltr'><strong>et</strong></span> <span class='ocrx_word' id='word_1_647' title='bbox 1226 4811 1512 4867; x_wconf 86' lang='lat' dir='ltr'><strong>certiorem</strong></span> <span class='ocrx_word' id='word_1_648' title='bbox 1567 4820 1618 4867; x_wconf 90' lang='lat' dir='ltr'><strong>te</strong></span> <span class='ocrx_word' id='word_1_649' title='bbox 1664 4811 1804 4874; x_wconf 88' lang='lat' dir='ltr'><strong>volo,</strong></span> <span class='ocrx_word' id='word_1_650' title='bbox 1863 4814 2034 4883; x_wconf 90' lang='lat' dir='ltr'><strong>quod,</strong></span> <span class='ocrx_word' id='word_1_651' title='bbox 2084 4812 2132 4868; x_wconf 91' lang='lat' dir='ltr'><strong>si</strong></span> 
     </span>
    </p>
   </div>
   <div class='ocr_carea' id='block_1_94' title="bbox 570 4903 2134 4972">
    <p class='ocr_par' dir='ltr' id='par_1_94' title="bbox 570 4903 2134 4972">
     <span class='ocr_line' id='line_1_94' title="bbox 570 4903 2134 4972; baseline -0.001 -11"><span class='ocrx_word' id='word_1_652' title='bbox 570 4911 760 4963; x_wconf 88' lang='lat' dir='ltr'><strong>talium</strong></span> <span class='ocrx_word' id='word_1_653' title='bbox 790 4906 1026 4960; x_wconf 87' lang='lat' dir='ltr'><strong>videaris</strong></span> <span class='ocrx_word' id='word_1_654' title='bbox 1061 4913 1270 4968; x_wconf 84' lang='lat' dir='ltr'><strong>custos,</strong></span> <span class='ocrx_word' id='word_1_655' title='bbox 1299 4903 1610 4959; x_wconf 88' lang='lat' dir='ltr'><strong>cautionem</strong></span> <span class='ocrx_word' id='word_1_656' title='bbox 1641 4904 1948 4972; x_wconf 86' lang='lat' dir='ltr'><strong>interpono,</strong></span> <span class='ocrx_word' id='word_1_657' title='bbox 1988 4913 2134 4960; x_wconf 87' lang='lat' dir='ltr'><strong>stare</strong></span> 
     </span>
    </p>
   </div>
   <div class='ocr_carea' id='block_1_95' title="bbox 569 4997 2131 5067">
    <p class='ocr_par' dir='ltr' id='par_1_95' title="bbox 569 4997 2131 5067">
     <span class='ocr_line' id='line_1_95' title="bbox 569 4997 2131 5067; baseline -0.002 -14"><span class='ocrx_word' id='word_1_658' title='bbox 569 5001 636 5055; x_wconf 89' lang='lat' dir='ltr'><strong>ad</strong></span> <span class='ocrx_word' id='word_1_659' title='bbox 664 5001 942 5055; x_wconf 73' lang='lat' dir='ltr'><strong>dexteram</strong></span> <span class='ocrx_word' id='word_1_660' title='bbox 971 4997 1293 5063; x_wconf 86' lang='lat' dir='ltr'><strong>Salvatoris,</strong></span> <span class='ocrx_word' id='word_1_661' title='bbox 1327 5007 1382 5052; x_wconf 89' lang='lat' dir='ltr'><strong>et</strong></span> <span class='ocrx_word' id='word_1_662' title='bbox 1439 5011 1564 5052; x_wconf 90' lang='lat' dir='ltr'><strong>cum</strong></span> <span class='ocrx_word' id='word_1_663' title='bbox 1597 4997 1716 5067; x_wconf 85' lang='lat' dir='ltr'><strong>ipso</strong></span> <span class='ocrx_word' id='word_1_664' title='bbox 1757 5013 1972 5066; x_wconf 90' lang='lat' dir='ltr'><strong>unaque</strong></span> <span class='ocrx_word' id='word_1_665' title='bbox 2005 5011 2131 5052; x_wconf 88' lang='lat' dir='ltr'><strong>cum</strong></span> 
     </span>
    </p>
   </div>
   <div class='ocr_carea' id='block_1_96' title="bbox 571 5087 2129 5161">
    <p class='ocr_par' dir='ltr' id='par_1_96' title="bbox 571 5087 2129 5161">
     <span class='ocr_line' id='line_1_96' title="bbox 571 5087 2129 5161; baseline -0.003 -17"><span class='ocrx_word' id='word_1_666' title='bbox 571 5093 823 5145; x_wconf 86' lang='lat' dir='ltr'><strong>omnibus</strong></span> <span class='ocrx_word' id='word_1_667' title='bbox 876 5089 1128 5151; x_wconf 83' lang='lat' dir='ltr'><strong>sanctis,</strong></span> <span class='ocrx_word' id='word_1_668' title='bbox 1189 5087 1511 5144; x_wconf 70' lang='lat' dir='ltr'><strong>btereditare</strong></span> <span class='ocrx_word' id='word_1_669' title='bbox 1564 5103 1788 5161; x_wconf 61' lang='lat' dir='ltr'><strong>regnum</strong></span> <span class='ocrx_word' id='word_1_670' title='bbox 1871 5087 2129 5142; x_wconf 65' lang='lat' dir='ltr'><strong>caelorum</strong></span> 
     </span>
    </p>
   </div>
   <div class='ocr_carea' id='block_1_97' title="bbox 568 5179 2128 5250">
    <p class='ocr_par' dir='ltr' id='par_1_97' title="bbox 568 5179 2128 5250">
     <span class='ocr_line' id='line_1_97' title="bbox 568 5179 2128 5250; baseline -0.003 -12"><span class='ocrx_word' id='word_1_671' title='bbox 568 5195 934 5250; x_wconf 79' lang='lat' dir='ltr'><strong>:etcrnamque</strong></span> <span class='ocrx_word' id='word_1_672' title='bbox 993 5181 1157 5235; x_wconf 87' lang='lat' dir='ltr'><strong>vitam</strong></span> <span class='ocrx_word' id='word_1_673' title='bbox 1248 5181 1510 5241; x_wconf 81' lang='lat' dir='ltr'><strong>obtinere.</strong></span> <span class='ocrx_word' id='word_1_674' title='bbox 1568 5180 1704 5234; x_wconf 74' lang='lat' dir='ltr'><strong>l&#39;lcce</strong></span> <span class='ocrx_word' id='word_1_675' title='bbox 1756 5195 1921 5249; x_wconf 77' lang='lat' dir='ltr'><strong>ergo,</strong></span> <span class='ocrx_word' id='word_1_676' title='bbox 2005 5179 2075 5234; x_wconf 84' lang='lat' dir='ltr'><strong>ﬁli</strong></span> <span class='ocrx_word' id='word_1_677' title='bbox 2113 5221 2128 5247; x_wconf 89' lang='lat'><strong>,</strong></span> 
     </span>
    </p>
   </div>
   <div class='ocr_carea' id='block_1_98' title="bbox 567 5269 2158 5347">
    <p class='ocr_par' dir='ltr' id='par_1_98' title="bbox 567 5269 2158 5347">
     <span class='ocr_line' id='line_1_98' title="bbox 567 5269 2158 5347; baseline -0.001 -16"><span class='ocrx_word' id='word_1_678' title='bbox 567 5277 886 5347; x_wconf 81' lang='lat' dir='ltr'><strong>petitionem</strong></span> <span class='ocrx_word' id='word_1_679' title='bbox 937 5285 1079 5328; x_wconf 80' lang='lat' dir='ltr'><strong>tuam</strong></span> <span class='ocrx_word' id='word_1_680' title='bbox 1149 5289 1248 5344; x_wconf 88' lang='lat' dir='ltr'><strong>pro</strong></span> <span class='ocrx_word' id='word_1_681' title='bbox 1317 5273 1526 5328; x_wconf 87' lang='lat' dir='ltr'><strong>viribus</strong></span> <span class='ocrx_word' id='word_1_682' title='bbox 1584 5283 1637 5329; x_wconf 88' lang='lat' dir='ltr'><strong>et</strong></span> <span class='ocrx_word' id='word_1_683' title='bbox 1695 5273 1950 5329; x_wconf 83' lang='lat' dir='ltr'><strong>facultate</strong></span> <span class='ocrx_word' id='word_1_684' title='bbox 2010 5269 2158 5329; x_wconf 81' lang='lat' dir='ltr'><strong>mea</strong></span> 
     </span>
    </p>
   </div>
   <div class='ocr_carea' id='block_1_99' title="bbox 566 5366 2129 5437">
    <p class='ocr_par' dir='ltr' id='par_1_99' title="bbox 566 5366 2129 5437">
     <span class='ocr_line' id='line_1_99' title="bbox 566 5366 2129 5437; baseline 0.001 -19"><span class='ocrx_word' id='word_1_685' title='bbox 566 5368 831 5437; x_wconf 75' lang='lat' dir='ltr'><strong>t&#39;mnplm&#39;i</strong></span> <span class='ocrx_word' id='word_1_686' title='bbox 858 5384 872 5420; x_wconf 90' lang='lat'><strong>:</strong></span> <span class='ocrx_word' id='word_1_687' title='bbox 900 5375 953 5420; x_wconf 90' lang='lat' dir='ltr'><strong>tu</strong></span> <span class='ocrx_word' id='word_1_688' title='bbox 1009 5369 1119 5420; x_wconf 81' lang='lat' dir='ltr'><strong>scis</strong></span> <span class='ocrx_word' id='word_1_689' title='bbox 1148 5367 1296 5421; x_wconf 88' lang='lat' dir='ltr'><strong>enim</strong></span> <span class='ocrx_word' id='word_1_690' title='bbox 1344 5379 1431 5420; x_wconf 90' lang='lat' dir='ltr'><strong>me</strong></span> <span class='ocrx_word' id='word_1_691' title='bbox 1458 5380 1684 5434; x_wconf 90' lang='lat' dir='ltr'><strong>prorsus</strong></span> <span class='ocrx_word' id='word_1_692' title='bbox 1727 5366 2044 5420; x_wconf 86' lang='lat' dir='ltr'><strong>illiteratum</strong></span> <span class='ocrx_word' id='word_1_693' title='bbox 2075 5375 2129 5420; x_wconf 89' lang='lat' dir='ltr'><strong>et</strong></span> 
     </span>
    </p>
   </div>
   <div class='ocr_carea' id='block_1_100' title="bbox 567 5455 2127 5526">
    <p class='ocr_par' dir='ltr' id='par_1_100' title="bbox 567 5455 2127 5526">
     <span class='ocr_line' id='line_1_100' title="bbox 567 5455 2127 5526; baseline -0.002 -14"><span class='ocrx_word' id='word_1_694' title='bbox 567 5462 633 5513; x_wconf 68' lang='lat' dir='ltr'><strong>ad</strong></span> <span class='ocrx_word' id='word_1_695' title='bbox 692 5460 818 5514; x_wconf 87' lang='lat' dir='ltr'><strong>talia</strong></span> <span class='ocrx_word' id='word_1_696' title='bbox 858 5456 1163 5511; x_wconf 83' lang='lat' dir='ltr'><strong>scribenda</strong></span> <span class='ocrx_word' id='word_1_697' title='bbox 1210 5457 1371 5526; x_wconf 88' lang='lat' dir='ltr'><strong>plane</strong></span> <span class='ocrx_word' id='word_1_698' title='bbox 1423 5456 1636 5511; x_wconf 88' lang='lat' dir='ltr'><strong>rudem.</strong></span> <span class='ocrx_word' id='word_1_699' title='bbox 1695 5455 1752 5510; x_wconf 94' lang='lat' dir='ltr'><strong>Si</strong></span> <span class='ocrx_word' id='word_1_700' title='bbox 1784 5456 1928 5525; x_wconf 80' lang='lat' dir='ltr'><strong>quod</strong></span> <span class='ocrx_word' id='word_1_701' title='bbox 1971 5457 2127 5526; x_wconf 84' lang='lat' dir='ltr'><strong>juxta</strong></span> 
     </span>
    </p>
   </div>
   <div class='ocr_carea' id='block_1_101' title="bbox 569 5547 2124 5617">
    <p class='ocr_par' dir='ltr' id='par_1_101' title="bbox 569 5547 2124 5617">
     <span class='ocr_line' id='line_1_101' title="bbox 569 5547 2124 5617; baseline -0.001 -15"><span class='ocrx_word' id='word_1_702' title='bbox 569 5553 716 5605; x_wconf 80' lang='lat' dir='ltr'><strong>\ires</strong></span> <span class='ocrx_word' id='word_1_703' title='bbox 743 5552 821 5613; x_wconf 89' lang='lat' dir='ltr'><strong>tit,</strong></span> <span class='ocrx_word' id='word_1_704' title='bbox 860 5547 970 5601; x_wconf 84' lang='lat' dir='ltr'><strong>Deo</strong></span> <span class='ocrx_word' id='word_1_705' title='bbox 1006 5555 1220 5616; x_wconf 80' lang='lat' dir='ltr'><strong>gratum</strong></span> <span class='ocrx_word' id='word_1_706' title='bbox 1258 5557 1366 5610; x_wconf 89' lang='lat' dir='ltr'><strong>est,</strong></span> <span class='ocrx_word' id='word_1_707' title='bbox 1430 5548 1617 5617; x_wconf 90' lang='lat' dir='ltr'><strong>accipe</strong></span> <span class='ocrx_word' id='word_1_708' title='bbox 1647 5556 1699 5601; x_wconf 91' lang='lat' dir='ltr'><strong>et</strong></span> <span class='ocrx_word' id='word_1_709' title='bbox 1749 5557 1805 5601; x_wconf 87' lang='lat' dir='ltr'><strong>tu</strong></span> <span class='ocrx_word' id='word_1_710' title='bbox 1867 5557 2124 5617; x_wconf 84' lang='lat' dir='ltr'><strong>tanquam</strong></span> 
     </span>
    </p>
   </div>
   <div class='ocr_carea' id='block_1_102' title="bbox 566 5639 2125 5711">
    <p class='ocr_par' dir='ltr' id='par_1_102' title="bbox 566 5639 2125 5711">
     <span class='ocr_line' id='line_1_102' title="bbox 566 5639 2125 5711; baseline -0.001 -15"><span class='ocrx_word' id='word_1_711' title='bbox 566 5643 779 5711; x_wconf 81' lang='lat' dir='ltr'><strong>bonum</strong></span> <span class='ocrx_word' id='word_1_712' title='bbox 803 5640 978 5696; x_wconf 88' lang='lat' dir='ltr'><strong>solam</strong></span> <span class='ocrx_word' id='word_1_713' title='bbox 1012 5639 1390 5694; x_wconf 87' lang='lat' dir='ltr'><strong>intentionem.</strong></span> <span class='ocrx_word' id='word_1_714' title='bbox 1422 5639 1520 5695; x_wconf 84' lang='lat' dir='ltr'><strong>Hic</strong></span> <span class='ocrx_word' id='word_1_715' title='bbox 1571 5641 1786 5696; x_wconf 88' lang='lat' dir='ltr'><strong>tandem</strong></span> <span class='ocrx_word' id='word_1_716' title='bbox 1846 5641 2125 5711; x_wconf 89' lang='lat' dir='ltr'><strong>proposito</strong></span> 
     </span>
    </p>
   </div>
   <div class='ocr_carea' id='block_1_103' title="bbox 567 5732 2124 5804">
    <p class='ocr_par' dir='ltr' id='par_1_103' title="bbox 567 5732 2124 5804">
     <span class='ocr_line' id='line_1_103' title="bbox 567 5732 2124 5804; baseline 0.001 -17"><span class='ocrx_word' id='word_1_717' title='bbox 567 5733 912 5803; x_wconf 60' lang='lat' dir='ltr'><strong>sermonique</strong></span> <span class='ocrx_word' id='word_1_718' title='bbox 971 5732 1131 5790; x_wconf 83' lang='lat' dir='ltr'><strong>linem</strong></span> <span class='ocrx_word' id='word_1_719' title='bbox 1191 5732 1523 5804; x_wconf 83' lang='lat' dir='ltr'><strong>imponinus.</strong></span> <span class='ocrx_word' id='word_1_720' title='bbox 1587 5734 1641 5790; x_wconf 89' lang='lat' dir='ltr'><strong>Si</strong></span> <span class='ocrx_word' id='word_1_721' title='bbox 1684 5734 1776 5790; x_wconf 85' lang='lat' dir='ltr'><strong>tibi</strong></span> <span class='ocrx_word' id='word_1_722' title='bbox 1841 5735 1946 5790; x_wconf 89' lang='lat' dir='ltr'><strong>sint</strong></span> <span class='ocrx_word' id='word_1_723' title='bbox 2013 5735 2124 5791; x_wconf 64' lang='lat' dir='ltr'><strong>haec</strong></span> 
     </span>
    </p>
   </div>
   <div class='ocr_carea' id='block_1_104' title="bbox 2168 4417 3799 4527">
    <p class='ocr_par' dir='ltr' id='par_1_104' title="bbox 2168 4417 3799 4527">
     <span class='ocr_line' id='line_1_104' title="bbox 2168 4417 3799 4527; baseline -0.004 -29"><span class='ocrx_word' id='word_1_724' title='bbox 2168 4417 2216 4475; x_wconf 64' lang='grc' dir='ltr'><strong>θ</strong></span> <span class='ocrx_word' id='word_1_725' title='bbox 2245 4417 2429 4515; x_wconf 86' lang='grc' dir='ltr'><strong>λε</strong></span> <span class='ocrx_word' id='word_1_726' title='bbox 2459 4444 2636 4498; x_wconf 80' lang='grc' dir='ltr'>πάντα</span> <span class='ocrx_word' id='word_1_727' title='bbox 2663 4417 3059 4527; x_wconf 49' lang='grc' dir='ltr'>ἀναδιδᾴσκειν.</span> <span class='ocrx_word' id='word_1_728' title='bbox 3089 4440 3156 4495; x_wconf 76' lang='lat' dir='ltr'><strong>Ol</strong></span> <span class='ocrx_word' id='word_1_729' title='bbox 3181 4439 3237 4496; x_wconf 64' lang='grc' dir='ltr'>δὲ</span> <span class='ocrx_word' id='word_1_730' title='bbox 3267 4417 3799 4510; x_wconf 69' lang='grc' dir='ltr'>φιλοπονώτεροντὴι</span> 
     </span>
    </p>
   </div>
   <div class='ocr_carea' id='block_1_105' title="bbox 2247 4531 3796 4610">
    <p class='ocr_par' dir='ltr' id='par_1_105' title="bbox 2247 4531 3796 4610">
     <span class='ocr_line' id='line_1_105' title="bbox 2247 4531 3796 4610; baseline -0.004 -18"><span class='ocrx_word' id='word_1_731' title='bbox 2247 4538 2473 4610; x_wconf 80' lang='grc' dir='ltr'>Γραφὴν</span> <span class='ocrx_word' id='word_1_732' title='bbox 2519 4532 2846 4606; x_wconf 73' lang='grc' dir='ltr'>έρευνῶντες</span> <span class='ocrx_word' id='word_1_733' title='bbox 2889 4531 3264 4604; x_wconf 77' lang='grc' dir='ltr'>πληροφορίαν</span> <span class='ocrx_word' id='word_1_734' title='bbox 3323 4531 3581 4588; x_wconf 84' lang='grc' dir='ltr'>λαϐοῦσιν</span> <span class='ocrx_word' id='word_1_735' title='bbox 3617 4531 3678 4598; x_wconf 81' lang='grc' dir='ltr'><strong>ἑξ</strong></span> <span class='ocrx_word' id='word_1_736' title='bbox 3706 4534 3796 4586; x_wconf 71' lang='lat' dir='ltr'><strong>ao-</strong></span> 
     </span>
    </p>
   </div>
   <div class='ocr_carea' id='block_1_106' title="bbox 2245 4629 2739 4702">
    <p class='ocr_par' dir='ltr' id='par_1_106' title="bbox 2245 4629 2739 4702">
     <span class='ocr_line' id='line_1_106' title="bbox 2245 4629 2739 4702; baseline -0.006 -17"><span class='ocrx_word' id='word_1_737' title='bbox 2245 4633 2344 4701; x_wconf 84' lang='grc' dir='ltr'><strong>τῆς</strong></span> <span class='ocrx_word' id='word_1_738' title='bbox 2369 4631 2472 4702; x_wconf 82' lang='grc' dir='ltr'><strong>τὴν</strong></span> <span class='ocrx_word' id='word_1_739' title='bbox 2502 4629 2739 4683; x_wconf 86' lang='grc' dir='ltr'>τελείαν.</span> 
     </span>
    </p>
   </div>
   <div class='ocr_carea' id='block_1_107' title="bbox 2318 4708 3782 4788">
    <p class='ocr_par' dir='ltr' id='par_1_107' title="bbox 2318 4708 3782 4788">
     <span class='ocr_line' id='line_1_107' title="bbox 2318 4708 3782 4788; baseline -0.003 -12"><span class='ocrx_word' id='word_1_740' title='bbox 2318 4728 2400 4778; x_wconf 86' lang='grc' dir='ltr'>ιε’.</span> <span class='ocrx_word' id='word_1_741' title='bbox 2433 4708 2619 4778; x_wconf 81' lang='grc' dir='ltr'>Ταῦτά</span> <span class='ocrx_word' id='word_1_742' title='bbox 2644 4738 2727 4774; x_wconf 92' lang='grc' dir='ltr'><strong>σοι</strong></span> <span class='ocrx_word' id='word_1_743' title='bbox 2745 4718 2922 4779; x_wconf 82' lang='grc' dir='ltr'>τοίνυν</span> <span class='ocrx_word' id='word_1_744' title='bbox 2945 4717 3161 4787; x_wconf 77' lang='grc' dir='ltr'>ἔγραψα</span> <span class='ocrx_word' id='word_1_745' title='bbox 3182 4718 3245 4770; x_wconf 84' lang='grc' dir='ltr'><strong>ὲκ</strong></span> <span class='ocrx_word' id='word_1_746' title='bbox 3271 4719 3379 4771; x_wconf 88' lang='grc' dir='ltr'><strong>τῶν</strong></span> <span class='ocrx_word' id='word_1_747' title='bbox 3401 4718 3610 4773; x_wconf 85' lang='grc' dir='ltr'>πολλῶν</span> <span class='ocrx_word' id='word_1_748' title='bbox 3629 4718 3782 4788; x_wconf 80' lang='grc' dir='ltr'>ὀλίγα</span> 
     </span>
    </p>
   </div>
   <div class='ocr_carea' id='block_1_108' title="bbox 2258 4809 3796 4883">
    <p class='ocr_par' dir='ltr' id='par_1_108' title="bbox 2258 4809 3796 4883">
     <span class='ocr_line' id='line_1_108' title="bbox 2258 4809 3796 4883; baseline 0 -17"><span class='ocrx_word' id='word_1_749' title='bbox 2258 4812 2399 4866; x_wconf 82' lang='grc' dir='ltr'>Ἀλλ’</span> <span class='ocrx_word' id='word_1_750' title='bbox 2429 4811 2522 4866; x_wconf 82' lang='grc' dir='ltr'><strong>οῦν</strong></span> <span class='ocrx_word' id='word_1_751' title='bbox 2566 4810 3010 4883; x_wconf 79' lang='grc' dir='ltr'>διαμαρτύρομαι</span> <span class='ocrx_word' id='word_1_752' title='bbox 3047 4812 3140 4864; x_wconf 79' lang='grc' dir='ltr'>καὶ</span> <span class='ocrx_word' id='word_1_753' title='bbox 3173 4809 3380 4879; x_wconf 82' lang='grc' dir='ltr'>βεϐαιῶ</span> <span class='ocrx_word' id='word_1_754' title='bbox 3427 4827 3510 4865; x_wconf 86' lang='grc' dir='ltr'><strong>σοι</strong></span> <span class='ocrx_word' id='word_1_755' title='bbox 3537 4813 3718 4877; x_wconf 86' lang='grc' dir='ltr'>τοῦτο,</span> <span class='ocrx_word' id='word_1_756' title='bbox 3754 4812 3796 4865; x_wconf 69' lang='grc' dir='ltr'><strong>εὖ</strong></span> 
     </span>
    </p>
   </div>
   <div class='ocr_carea' id='block_1_109' title="bbox 2243 4887 3794 4975">
    <p class='ocr_par' dir='ltr' id='par_1_109' title="bbox 2243 4887 3794 4975">
     <span class='ocr_line' id='line_1_109' title="bbox 2243 4887 3794 4975; baseline -0.002 -16"><span class='ocrx_word' id='word_1_757' title='bbox 2243 4887 2450 4960; x_wconf 74' lang='grc' dir='ltr'>τούτων</span> <span class='ocrx_word' id='word_1_758' title='bbox 2479 4903 2659 4975; x_wconf 78' lang='grc' dir='ltr'>φύλαξ</span> <span class='ocrx_word' id='word_1_759' title='bbox 2699 4919 2760 4956; x_wconf 88' lang='grc' dir='ltr'><strong>τε</strong></span> <span class='ocrx_word' id='word_1_760' title='bbox 2790 4903 2988 4972; x_wconf 73' lang='grc' dir='ltr'>φανῇς,</span> <span class='ocrx_word' id='word_1_761' title='bbox 3021 4902 3304 4972; x_wconf 78' lang='grc' dir='ltr'>ἐγγυῶμαι</span> <span class='ocrx_word' id='word_1_762' title='bbox 3340 4920 3423 4956; x_wconf 89' lang='grc' dir='ltr'><strong>σοι</strong></span> <span class='ocrx_word' id='word_1_763' title='bbox 3452 4903 3646 4968; x_wconf 85' lang='grc' dir='ltr'>ταῦτα,</span> <span class='ocrx_word' id='word_1_764' title='bbox 3680 4903 3794 4957; x_wconf 79' lang='grc' dir='ltr'>στά-</span> 
     </span>
    </p>
   </div>
   <div class='ocr_carea' id='block_1_110' title="bbox 2245 4992 3796 5067">
    <p class='ocr_par' dir='ltr' id='par_1_110' title="bbox 2245 4992 3796 5067">
     <span class='ocr_line' id='line_1_110' title="bbox 2245 4992 3796 5067; baseline -0.001 -16"><span class='ocrx_word' id='word_1_765' title='bbox 2245 5014 2381 5061; x_wconf 86' lang='grc' dir='ltr'>σεως</span> <span class='ocrx_word' id='word_1_766' title='bbox 2405 4998 2506 5067; x_wconf 88' lang='grc' dir='ltr'><strong>τῆς</strong></span> <span class='ocrx_word' id='word_1_767' title='bbox 2534 4999 2597 5050; x_wconf 84' lang='grc' dir='ltr'><strong>ἑκ</strong></span> <span class='ocrx_word' id='word_1_768' title='bbox 2620 4994 2809 5060; x_wconf 78' lang='grc' dir='ltr'>δεξιῶν</span> <span class='ocrx_word' id='word_1_769' title='bbox 2839 4992 2935 5049; x_wconf 92' lang='grc' dir='ltr'><strong>τοῦ</strong></span> <span class='ocrx_word' id='word_1_770' title='bbox 2960 4993 3218 5064; x_wconf 82' lang='grc' dir='ltr'>’Σωτῆρος</span> <span class='ocrx_word' id='word_1_771' title='bbox 3259 4997 3441 5065; x_wconf 78' lang='grc' dir='ltr'>τυχεῖν</span> <span class='ocrx_word' id='word_1_772' title='bbox 3470 5012 3551 5060; x_wconf 80' lang='grc' dir='ltr'><strong>σε,</strong></span> <span class='ocrx_word' id='word_1_773' title='bbox 3585 4997 3678 5050; x_wconf 82' lang='grc' dir='ltr'>καὶ</span> <span class='ocrx_word' id='word_1_774' title='bbox 3709 4997 3796 5050; x_wconf 80' lang='grc' dir='ltr'>σὺν</span> 
     </span>
    </p>
   </div>
   <div class='ocr_carea' id='block_1_111' title="bbox 2243 5085 3795 5158">
    <p class='ocr_par' dir='ltr' id='par_1_111' title="bbox 2243 5085 3795 5158">
     <span class='ocr_line' id='line_1_111' title="bbox 2243 5085 3795 5158; baseline -0.004 -16"><span class='ocrx_word' id='word_1_775' title='bbox 2243 5089 2392 5158; x_wconf 82' lang='grc' dir='ltr'>αὐτῷ</span> <span class='ocrx_word' id='word_1_776' title='bbox 2447 5088 2805 5157; x_wconf 79' lang='grc' dir='ltr'>κληρονομεῖν</span> <span class='ocrx_word' id='word_1_777' title='bbox 2834 5085 2951 5147; x_wconf 76' lang='grc' dir='ltr'>καὶ,</span> <span class='ocrx_word' id='word_1_778' title='bbox 2985 5087 3117 5139; x_wconf 79' lang='grc' dir='ltr'>πᾶσι</span> <span class='ocrx_word' id='word_1_779' title='bbox 3165 5087 3277 5146; x_wconf 78' lang='grc' dir='ltr'>τοῖς</span> <span class='ocrx_word' id='word_1_780' title='bbox 3304 5086 3481 5152; x_wconf 85' lang='grc' dir='ltr'>ἁγίοις</span> <span class='ocrx_word' id='word_1_781' title='bbox 3530 5086 3795 5156; x_wconf 79' lang='grc' dir='ltr'>βασιλείαν</span> 
     </span>
    </p>
   </div>
   <div class='ocr_carea' id='block_1_112' title="bbox 2240 5175 3794 5247">
    <p class='ocr_par' dir='ltr' id='par_1_112' title="bbox 2240 5175 3794 5247">
     <span class='ocr_line' id='line_1_112' title="bbox 2240 5175 3794 5247; baseline -0.003 -15"><span class='ocrx_word' id='word_1_782' title='bbox 2240 5179 2350 5232; x_wconf 85' lang='grc' dir='ltr'><strong>τῶν</strong></span> <span class='ocrx_word' id='word_1_783' title='bbox 2397 5176 2646 5247; x_wconf 74' lang='grc' dir='ltr'>οὐρανῶν</span> <span class='ocrx_word' id='word_1_784' title='bbox 2685 5177 2778 5229; x_wconf 79' lang='grc' dir='ltr'>καὶ</span> <span class='ocrx_word' id='word_1_785' title='bbox 2829 5175 2976 5246; x_wconf 76' lang='grc' dir='ltr'>ζωὴν</span> <span class='ocrx_word' id='word_1_786' title='bbox 3032 5176 3134 5243; x_wconf 79' lang='grc' dir='ltr'>τὴν</span> <span class='ocrx_word' id='word_1_787' title='bbox 3193 5176 3404 5246; x_wconf 79' lang='grc' dir='ltr'>ἀγήρω.</span> <span class='ocrx_word' id='word_1_788' title='bbox 3446 5177 3577 5232; x_wconf 80' lang='grc' dir='ltr'>Ἰδοὺ</span> <span class='ocrx_word' id='word_1_789' title='bbox 3626 5178 3794 5231; x_wconf 79' lang='grc' dir='ltr'>τοίνυν</span> 
     </span>
    </p>
   </div>
   <div class='ocr_carea' id='block_1_113' title="bbox 2242 5264 3793 5338">
    <p class='ocr_par' dir='ltr' id='par_1_113' title="bbox 2242 5264 3793 5338">
     <span class='ocr_line' id='line_1_113' title="bbox 2242 5264 3793 5338; baseline -0.004 -16"><span class='ocrx_word' id='word_1_790' title='bbox 2242 5269 2584 5338; x_wconf 80' lang='grc' dir='ltr'>πεπλήρωκα</span> <span class='ocrx_word' id='word_1_791' title='bbox 2627 5264 2724 5337; x_wconf 78' lang='grc' dir='ltr'>τὴν</span> <span class='ocrx_word' id='word_1_792' title='bbox 2775 5267 2991 5337; x_wconf 86' lang='grc' dir='ltr'>αῐτησίν</span> <span class='ocrx_word' id='word_1_793' title='bbox 3036 5283 3157 5330; x_wconf 85' lang='grc' dir='ltr'>σου,</span> <span class='ocrx_word' id='word_1_794' title='bbox 3208 5267 3416 5330; x_wconf 85' lang='grc' dir='ltr'>τέκνον,</span> <span class='ocrx_word' id='word_1_795' title='bbox 3458 5266 3535 5330; x_wconf 84' lang='grc' dir='ltr'>ὡς</span> <span class='ocrx_word' id='word_1_796' title='bbox 3584 5266 3793 5333; x_wconf 70' lang='grc' dir='ltr'>ἐφικτὸν</span> 
     </span>
    </p>
   </div>
   <div class='ocr_carea' id='block_1_114' title="bbox 2240 5353 3792 5430">
    <p class='ocr_par' dir='ltr' id='par_1_114' title="bbox 2240 5353 3792 5430">
     <span class='ocr_line' id='line_1_114' title="bbox 2240 5353 3792 5430; baseline -0.005 -16"><span class='ocrx_word' id='word_1_797' title='bbox 2240 5359 2451 5430; x_wconf 76' lang='grc' dir='ltr'>ὑπῆρχέ</span> <span class='ocrx_word' id='word_1_798' title='bbox 2509 5374 2600 5427; x_wconf 89' lang='grc' dir='ltr'><strong>μοι</strong></span> <span class='ocrx_word' id='word_1_799' title='bbox 2641 5359 2733 5411; x_wconf 79' lang='grc' dir='ltr'>καὶ</span> <span class='ocrx_word' id='word_1_800' title='bbox 2782 5357 3065 5426; x_wconf 82' lang='grc' dir='ltr'>δυνάμεως</span> <span class='ocrx_word' id='word_1_801' title='bbox 3115 5353 3282 5427; x_wconf 74' lang='grc' dir='ltr'>εἶχον.</span> <span class='ocrx_word' id='word_1_802' title='bbox 3332 5357 3406 5410; x_wconf 79' lang='grc' dir='ltr'>Σὺ</span> <span class='ocrx_word' id='word_1_803' title='bbox 3461 5357 3570 5428; x_wconf 79' lang='grc' dir='ltr'>γὰρ</span> <span class='ocrx_word' id='word_1_804' title='bbox 3621 5357 3792 5420; x_wconf 78' lang='grc' dir='ltr'>καλῶς</span> 
     </span>
    </p>
   </div>
   <div class='ocr_carea' id='block_1_115' title="bbox 2231 5447 3788 5518">
    <p class='ocr_par' dir='ltr' id='par_1_115' title="bbox 2231 5447 3788 5518">
     <span class='ocr_line' id='line_1_115' title="bbox 2231 5447 3788 5518; baseline -0.003 -12"><span class='ocrx_word' id='word_1_805' title='bbox 2231 5452 2530 5506; x_wconf 74' lang='grc' dir='ltr'>ἐπίστασαι</span> <span class='ocrx_word' id='word_1_806' title='bbox 2554 5451 2614 5503; x_wconf 87' lang='grc' dir='ltr'><strong>τὸ</strong></span> <span class='ocrx_word' id='word_1_807' title='bbox 2647 5451 2880 5518; x_wconf 85' lang='grc' dir='ltr'>πάμπαν</span> <span class='ocrx_word' id='word_1_808' title='bbox 2913 5447 3151 5518; x_wconf 82' lang='grc' dir='ltr'>ἄμουσόν</span> <span class='ocrx_word' id='word_1_809' title='bbox 3187 5466 3288 5517; x_wconf 87' lang='grc' dir='ltr'><strong>μου</strong></span> <span class='ocrx_word' id='word_1_810' title='bbox 3321 5450 3415 5502; x_wconf 74' lang='grc' dir='ltr'><strong>καὶ</strong></span> <span class='ocrx_word' id='word_1_811' title='bbox 3436 5450 3572 5511; x_wconf 77' lang='grc' dir='ltr'>ὅλως</span> <span class='ocrx_word' id='word_1_812' title='bbox 3607 5449 3788 5502; x_wconf 88' lang='grc' dir='ltr'>ίδιωτι·</span> 
     </span>
    </p>
   </div>
   <div class='ocr_carea' id='block_1_116' title="bbox 2237 5541 3788 5614">
    <p class='ocr_par' dir='ltr' id='par_1_116' title="bbox 2237 5541 3788 5614">
     <span class='ocr_line' id='line_1_116' title="bbox 2237 5541 3788 5614; baseline -0.002 -18"><span class='ocrx_word' id='word_1_813' title='bbox 2237 5544 2333 5597; x_wconf 79' lang='grc' dir='ltr'><strong>κδν</strong></span> <span class='ocrx_word' id='word_1_814' title='bbox 2366 5543 2501 5612; x_wconf 81' lang='grc' dir='ltr'>πρὸς</span> <span class='ocrx_word' id='word_1_815' title='bbox 2531 5543 2592 5596; x_wconf 75' lang='grc' dir='ltr'><strong>τὸ</strong></span> <span class='ocrx_word' id='word_1_816' title='bbox 2631 5542 2858 5596; x_wconf 90' lang='grc' dir='ltr'>τοιαῦτα</span> <span class='ocrx_word' id='word_1_817' title='bbox 2890 5542 3146 5614; x_wconf 79' lang='grc' dir='ltr'>γράφειν.</span> <span class='ocrx_word' id='word_1_818' title='bbox 3178 5543 3238 5594; x_wconf 82' lang='lat' dir='ltr'><strong>Ei</strong></span> <span class='ocrx_word' id='word_1_819' title='bbox 3267 5542 3324 5594; x_wconf 89' lang='grc' dir='ltr'><strong>δὲ</strong></span> <span class='ocrx_word' id='word_1_820' title='bbox 3373 5541 3436 5594; x_wconf 84' lang='grc' dir='ltr'><strong>τδ</strong></span> <span class='ocrx_word' id='word_1_821' title='bbox 3465 5542 3607 5594; x_wconf 74' lang='grc' dir='ltr'>κατὰ</span> <span class='ocrx_word' id='word_1_822' title='bbox 3643 5541 3788 5593; x_wconf 85' lang='grc' dir='ltr'>δύνα-</span> 
     </span>
    </p>
   </div>
   <div class='ocr_carea' id='block_1_117' title="bbox 2238 5634 3787 5710">
    <p class='ocr_par' dir='ltr' id='par_1_117' title="bbox 2238 5634 3787 5710">
     <span class='ocr_line' id='line_1_117' title="bbox 2238 5634 3787 5710; baseline -0.005 -18"><span class='ocrx_word' id='word_1_823' title='bbox 2238 5657 2330 5709; x_wconf 86' lang='grc' dir='ltr'><strong>μιν</strong></span> <span class='ocrx_word' id='word_1_824' title='bbox 2358 5639 2509 5709; x_wconf 80' lang='grc' dir='ltr'>φίλον</span> <span class='ocrx_word' id='word_1_825' title='bbox 2534 5638 2652 5710; x_wconf 81' lang='grc' dir='ltr'><strong>Θεῷ</strong></span> <span class='ocrx_word' id='word_1_826' title='bbox 2683 5639 2943 5709; x_wconf 84' lang='grc' dir='ltr'>ὑπάρχει,</span> <span class='ocrx_word' id='word_1_827' title='bbox 2964 5635 3112 5700; x_wconf 81' lang='grc' dir='ltr'>δέξαι</span> <span class='ocrx_word' id='word_1_828' title='bbox 3143 5635 3237 5689; x_wconf 67' lang='grc' dir='ltr'><strong>καί¹</strong></span> <span class='ocrx_word' id='word_1_829' title='bbox 3271 5637 3334 5688; x_wconf 76' lang='grc' dir='ltr'><strong>σὺ</strong></span> <span class='ocrx_word' id='word_1_830' title='bbox 3375 5635 3448 5698; x_wconf 82' lang='grc' dir='ltr'>ὡς</span> <span class='ocrx_word' id='word_1_831' title='bbox 3469 5634 3673 5704; x_wconf 78' lang='grc' dir='ltr'>ἀγαθὸν</span> <span class='ocrx_word' id='word_1_832' title='bbox 3694 5635 3787 5702; x_wconf 82' lang='grc' dir='ltr'><strong>τὴν</strong></span> 
     </span>
    </p>
   </div>
   <div class='ocr_carea' id='block_1_118' title="bbox 2234 5727 3782 5805">
    <p class='ocr_par' dir='ltr' id='par_1_118' title="bbox 2234 5727 3782 5805">
     <span class='ocr_line' id='line_1_118' title="bbox 2234 5727 3782 5805; baseline -0.006 -17"><span class='ocrx_word' id='word_1_833' title='bbox 2234 5734 2552 5805; x_wconf 72' lang='grc' dir='ltr'>προαίρεσιν</span> <span class='ocrx_word' id='word_1_834' title='bbox 2606 5735 2792 5804; x_wconf 65' lang='grc' dir='ltr'>μόνην.</span> <span class='ocrx_word' id='word_1_835' title='bbox 2849 5731 3113 5787; x_wconf 76' lang='grc' dir='ltr'>Ἐνταῦθα</span> <span class='ocrx_word' id='word_1_836' title='bbox 3159 5731 3424 5800; x_wconf 81' lang='grc' dir='ltr'>σταίημεν</span> <span class='ocrx_word' id='word_1_837' title='bbox 3465 5728 3647 5784; x_wconf 69' lang='grc' dir='ltr'>λοιπὸν</span> <span class='ocrx_word' id='word_1_838' title='bbox 3694 5727 3782 5782; x_wconf 75' lang='grc' dir='ltr'><strong>τοῦ</strong></span> 
     </span>
    </p>
   </div>
  </div>
