4008 6342
208 284 300 346 405

1577 280 1883 345 ΛΝΟΝΥΜ
1896 284 2011 344 US.

3298 328 3299 331 η
3322 283 3430 346 406

203 385 383 444 σκοποῦ
415 386 505 441 καὶ
548 384 642 439 τοῦ
687 385 867 453 λόγου.
903 385 965 439 Εἰ
1007 374 1107 454 μὲν
1142 384 1446 440 ἀποδεκτέα
1493 403 1597 448 σοι,
1632 386 1753 460 Θεῷ

1857 390 2235 460 acceptabilia,
2266 391 2317 444 in
2358 390 2461 445 hoc
2509 390 2618 446 Deo
2674 390 2880 462 gratias
2931 411 2943 445 :
2977 392 3020 446 si
3060 408 3191 446 vero
3227 393 3424 459 smpins

203 482 344 552 χάρις
370 479 621 551 ἐντούτῳ
647 496 659 509 ·
708 481 755 530 εἰ
785 479 843 531 δὲ
872 478 1129 543 πολλάκις
1160 480 1419 551 φορτικὰ,
1453 480 1529 542 ὡς
1564 478 1741 548 βούλει

199 578 361 631 λοιπὸν
390 579 619 647 πρᾶττε.
676 576 734 628 'O
765 576 822 630 δὲ
852 576 960 629 τῶν
991 578 1210 630 πάντων
1240 576 1448 646 Κύριος
1493 576 1587 629 καὶ
1612 575 1745 639 Θεὸς

200 673 283 725 καὶ
310 671 577 737 Δεσπότης
608 671 635 721 ὁ
671 668 840 721 οέλων
873 669 1084 730 πάντας
1126 666 1396 730 σώζεσθαι
1430 666 1519 722 διὰ
1560 668 1748 736 φιλαν-

130 807 137 813 .
198 760 445 832 θρωπίαν,
483 760 645 822 αὐτὸς
685 761 782 814 καὶ
815 761 875 814 σὲ
907 758 1150 831 στηρίξει
1191 762 1249 812 ὲν
1287 760 1625 833 ἀγαθοεργίᾳ
1654 760 1749 814 τοῦ

196 852 469 923 πληρωτὴν
511 853 764 918 γενέσθαι
812 870 871 904 σε
906 853 1014 905 τῶν
1056 852 1221 905 αὑτοῦ
1252 853 1625 922 ὲνταλμάτων,
1656 855 1751 907 καὶ

197 927 470 1012 βασιλείαζ
502 944 749 1014 οὐρανῶν
798 943 1030 1011 ὀφθῆναι
1068 944 1406 1014 κληρονόμον
1447 948 1503 997 ὲν
1529 946 1751 1017 Χριστῷ

194 1031 263 1102 τῷ
298 1032 479 1102 Κυρίῳ
518 1050 643 1103 μου,
688 1026 731 1101 ᾧ
776 1033 811 1104 ή
859 1032 985 1101 δόξα
1034 1034 1127 1087 καὶ
1173 1036 1371 1105 κράτος
1416 1035 1495 1098 εἰς
1545 1036 1749 1098 αἰῶνας

191 1122 389 1179 αἰώνων
424 1141 482 1176 τε
514 1126 604 1177 καὶ
632 1126 724 1179 ἐπὶ
761 1125 1000 1181 αἰώνων.
1032 1128 1244 1199 Ἀμήν.

1853 497 2106 550 onerosa,
2132 485 2196 537 tle
2219 490 2416 539 cretero
2441 485 2580 539 sicut
2613 485 2692 539 vis
2725 500 2844 555 ago.
2879 484 3214 538 Cunctorum
3242 493 3423 538 autem
3456 510 3459 513 π

1854 576 2118 631 Dominus
2154 586 2209 631 et
2242 575 2383 631 Deus
2415 579 2760 648 omnipotens
2787 579 2879 648 qui
2910 593 3009 647 pro
3036 579 3298 633 charitate
3327 593 3424 633 sua

1857 669 1970 723 vult
2002 684 2194 724 omnes
2229 668 2293 722 ad
2327 667 2557 724 salutem
2599 671 2808 731 venire,
2843 671 2956 738 ipse
3007 683 3057 723 te
3086 671 3425 724 eontirmahit

1850 761 1905 816 in
1923 763 2238 829 operatione
2258 761 2382 816 lioni
2402 765 2467 815 atl
2492 763 2902 832 exsequendum
2936 766 3107 831 ipsius
3137 776 3422 833 prnsevlna,

1852 863 1913 908 ut
1944 856 2042 909 ﬁas
2074 855 2223 925 regni
2257 855 2519 909 malorum
2585 856 2757 909 haeres
2820 855 2872 911 in
2918 853 3137 909 Christo
3194 856 3427 908 Domino

1849 962 1993 1010 meo,
2027 946 2111 1000 cui
2165 947 2335 1018 gloria
2368 956 2422 1001 et
2454 955 2694 1016 potestas
2741 947 2794 1000 in
2853 947 3055 1002 saecula
3101 949 3425 1003 saeculorum

1848 1047 1903 1093 ct
1940 1039 2103 1094 ultra.
2132 1042 2327 1095 Amen.

256 1219 337 1299 Ea}
367 1221 1133 1299 codice.coitegiiGrtecorunt
1151 1226 1203 1279 in
1240 1227 1382 1299 alma
1421 1228 1549 1281 urbe
1585 1228 1917 1299 desumptum
1959 1249 1990 1285 a
2041 1247 2121 1285 me
2159 1230 2259 1299 fuit
2310 1230 2606 1298 prmcedeus
2643 1228 2972 1296 opusculum.
3006 1228 3067 1282 In
3099 1231 3207 1282 alio
3252 1241 3425 1282 autem

190 1290 413 1369 ejusdem
440 1290 658 1369 collegii
692 1290 867 1369 codice
917 1296 1438 1369 nattnuliaanaloga
1483 1290 1950 1365 deme/tendebam.
2001 1290 2467 1369 Postq'nam'enim
2512 1301 2576 1352 de
2608 1290 2774 1352 tribus
2829 1300 3050 1366 jejuniis
3109 1300 3427 1353 solemnibus

190 1370 354 1414 actum
382 1362 504 1430 fuit,
543 1362 666 1416 ante
695 1363 924 1426 Prisc/ta,
957 1376 1076 1417 ante
1103 1364 1346 1435 Deipara:
1371 1362 1685 1433 transitum,
1716 1380 1765 1425 et
1800 1382 1921 1425 ante
1957 1362 2181 1447 Natalia
2215 1371 2452 1436 Domini,
2484 1372 2558 1423 sic
2584 1371 2754 1438 pergit
2795 1362 2981 1422 auctor
3027 1387 3319 1438 anonnmus
3356 1387 3373 1423 :

255 1456 333 1508 Τὰ
360 1456 521 1525 ὃμοια
551 1457 743 1510 τούτου
784 1459 877 1512 καὶ
916 1460 1169 1532 Ἰωάννης
1211 1463 1240 1514 ὁ
1266 1462 1505 1527 Νικαίας
1543 1482 1746 1537 μητρο-

195 1546 403 1615 πολίτης
431 1547 598 1614 φησὶν
646 1550 706 1602 ὲν
745 1551 811 1619 τῇ
852 1548 987 1620 πρὸς
1032 1552 1123 1606 τὸν
1154 1554 1441 1607 καθολικὺν
1468 1554 1575 1608 τῶν
1618 1555 1748 1628 ’Λρ-

1922 1465 2060 1520 Ilnic
2090 1452 2288 1519 similia
2319 1465 2557 1519 Joannes
2573 1479 2794 1534 quoque
2837 1462 3049 1519 Nicaeus
3080 1464 3423 1533 metropolita

1850 1556 1984 1611 dixit
2013 1556 2065 1610 in
2092 1556 2318 1623 epistola
2346 1557 2412 1611 ad
2446 1556 2743 1610 concilium
2779 1544 3165 1609 Armeniorum
3201 1556 3424 1623 scripta.

192 1635 379 1705 μενίων
426 1639 699 1710 γραφείσῃ
737 1641 1015 1713 ἐπιστολῇ.
1065 1644 1122 1698 '0
1180 1644 1234 1699 δὲ
1276 1646 1579 1713 ἀγιὼτατος
1642 1665 1749 1701 πα-

1854 1649 2246 1716 sanctissimus
2301 1656 2484 1703 autem
2515 1647 2828 1718 patriarcha
2871 1646 3427 1716 Constantinopoleos

186 1728 443 1799 τριάρχης
516 1732 1147 1799 Κωνσταντδνουπόλεως
1221 1736 1410 1807 κύριος
1479 1738 1748 1801 Νικόλαος

188 1814 476 1903 ἡριιοτήϐη,⁵
502 1824 595 1877 ἐπὶ
629 1827 847 1879 συνόδου
885 1829 1302 1899 προκαθήμενος
1334 1829 1486 1900 παρὰ
1522 1814 1630 1884 τῶν
1658 1849 1753 1901 μο-

185 1918 357 1986 ναχῶν
392 1920 487 1972 τοῦ
523 1919 708 1989 Ἀγίου
751 1922 934 1994 ὅρους,
962 1924 1011 1975 εἰ
1042 1923 1148 1995 χρὴ
1187 1923 1469 1995 νηστεύειν
1493 1927 1752 1996 νηστείαν

187 2009 288 2078 πρὸ
314 2009 416 2086 τῆς
439 2014 753 2083 κοιμήσεως
789 2013 888 2084 τῆς
920 2017 1275 2085 πανυμνήτου
1318 2015 1584 2071 Θεοτόκου
1608 2031 1623 2047 °
1655 2020 1752 2071 καί

184 2101 438 2167 ἐξέδωκεν
458 2103 631 2167 οὕτως
660 2107 972 2178 ἐγγράφως.
994 2107 1142 2178 Αὕτη
1167 2106 1235 2181 ἦν
1247 2110 1474 2178 νηστεία
1487 2114 1752 2182 πρότερον

183 2196 237 2247 ὲν
256 2196 331 2264 τῷ
368 2197 550 2267 καιρῷ
576 2199 753 2270 τούτῳ
774 2199 867 2253 τοῦ
904 2201 1237 2270 Αὐγούστου,
1260 2203 1523 2275 μετετέθη
1556 2204 1612 2257 δὲ
1662 2188 1753 2259 διὰ

180 2287 241 2338 τὸ
264 2289 645 2359 παραπίπτειν
690 2294 812 2355 ταῖς
843 2294 985 2346 κατᾶ
1025 2293 1119 2347 τὸν
1156 2296 1349 2365 καιρὸν
1390 2296 1579 2351 τοῦτον
1608 2314 1755 2365 γινο-

185 2380 371 2455 μέναις
391 2382 636 2456 ἐθνικαῖς
657 2385 959 2455 νηστείαις.
989 2387 1133 2457 Πλὴν
1160 2389 1252 2442 καὶ
1274 2389 1354 2443 ἔτι
1376 2390 1475 2461 τὴν
1495 2392 1754 2462 νηστείαν

181 2472 383 2544 ταύτην
408 2475 761 2547 φυλάσσομεν
803 2480 895 2531 καὶ
941 2480 1307 2551 νηστεύομενο
1344 2482 1486 2535 ὥστε
1522 2485 1586 2550 ἐκ
1626 2482 1754 2537 τού-

180 2581 273 2619 του
314 2566 479 2635 δῆλόν
509 2570 646 2634 ὲστι,
680 2570 861 2633 καθὼς
906 2571 1137 2643 ἔφημεν,
1178 2575 1261 2627 ὅτι
1301 2577 1401 2644 μία
1438 2571 1508 2647 ἦν
1542 2578 1575 2645 ἡ
1604 2579 1752 2631 πᾶσα

180 2659 402 2727 νηστεία
435 2661 471 2731 ἡ
504 2663 645 2730 μετὰ
666 2662 765 2734 τὴν
801 2663 932 2733 μίαν
960 2666 1059 2736 τῆς
1091 2672 1133 2720 ν’
1174 2650 1440 2737 ἑϐδομάδα
1494 2668 1623 2738 ἄχρι
1653 2668 1754 2738 τῆς

181 2750 511 2821 Κοιμήσεως
541 2754 945 2823 τῆς’Θεοτὸκου
972 2772 984 2785 ο
1021 2757 1124 2810 ὑπὸ
1154 2757 1210 2811 δὲ
1234 2759 1340 2812 τῶν
1373 2760 1545 2827 ἁγίων
1581 2760 1755 2814 Πατέ-

183 2859 290 2911 ρων
322 2844 412 2898 διὰ
440 2846 758 2916 οἰκονομίαν
785 2834 1044 2917 ἐξεκόπη.
1092 2849 1462 2922 Ἐτυπὼθηβὲ
1499 2853 1628 2923 ἄχρι
1652 2852 1756 2922 τῆς

181 2935 371 3007 ἑορτῆς
386 2938 499 2992 τῶν
530 2936 731 3009 Ἀγίων
770 2941 1110 2995 ’Δποστόλων
1132 2945 1415 3014 νηστεύειν
1436 2961 1451 2976 ο
1467 2943 1755 3010 εἷθόὖτως

1849 1744 2103 1799 dominus
2129 1742 2411 1807 Nicolaus,
2445 1741 2654 1812 synodo
2679 1739 2999 1809 prmsidens,
3058 1740 3426 1807 interrogatus

1848 1845 1931 1891 est
1961 1851 1991 1890 a
2020 1836 2303 1892 monachis
2347 1835 2499 1891 Sacri
2538 1831 2740 1889 mdntis
2786 1849 2914 1886 num
2951 1840 3077 1886 ante
3130 1830 3428 1886 Dormitio—

1851 1943 1975 1982 nem
2000 1928 2331 1986 venerabilis
2371 1927 2611 1997 Deiparze
2659 1928 2729 1982 sit
2786 1926 3167 1996 jejunamlum.
3223 1924 3289 1979 Et
3346 1925 3427 1980 sic

1854 2021 2075 2076 tradidit
2109 2022 2376 2091 scriptum
2407 2040 2421 2077 :
2477 2018 2594 2075 Hoc
2617 2018 2892 2090 jejunium
2920 2019 3157 2087 primum
3178 2026 3294 2072 erat
3322 2016 3427 2071 hoc

1852 2114 2088 2184 Augusti
2115 2123 2380 2184 tempore,
2399 2114 2504 2168 tsed
2533 2123 2755 2183 pr0pter
2782 2112 3065 2180 gentilium
3090 2109 3298 2181 Μαικία
3328 2112 3429 2165 hoc

1854 2214 2098 2275 tempore
2124 2205 2467 2261 occurrentia
2522 2206 2845 2262 translatum
2888 2211 2992 2260 est.
3044 2204 3296 2259 Attamen
3326 2204 3431 2260 hoc

1847 2296 2117 2367 jejunium
2148 2298 2507 2354 observamus
2538 2297 2717 2356 adhuc
2769 2305 2823 2352 et
2874 2296 3235 2366 jejunamus;
3287 2294 3430 2349 unde

1854 2388 2209 2444 manifestum
2241 2398 2468 2459 apparet
2516 2388 2683 2457 quod,
2719 2396 2779 2442 ut
2808 2388 3071 2450 diximus,
3117 2402 3283 2441 unum
3313 2393 3433 2440 erat

1853 2491 2082 2545 prorsus
2118 2472 2393 2548 jejunium
2445 2486 2571 2548 post
2623 2492 2788 2532 unam
2828 2477 3187 2534 Pentecostes
3226 2477 3433 2531 hebdo-

1854 2568 2069 2625 madam
2111 2586 2283 2640 usque
2317 2571 2407 2626 ad
2464 2570 2865 2643 Dormitionem
2922 2572 3163 2641 Deiparre
3200 2588 3215 2636 ;
3266 2569 3361 2625 sed
3400 2581 3431 2621 a

1857 2663 2062 2715 sanctis
2112 2660 2366 2716 Patribus
2408 2676 2505 2731 per
2570 2661 2932 2716 oeconomiam
2976 2670 3241 2717 resectum
3285 2658 3430 2714 fuit:

1855 2761 2123 2809 statutum
2183 2763 2363 2809 tamen
2415 2764 2498 2809 est
2530 2769 2706 2824 usque
2748 2755 2815 2809 ad
2864 2752 3065 2809 festum
3096 2752 3425 2808 Sanctorum

1854 2844 2241 2915 Aposwlorum
2260 2845 2562 2915 jejunium;
2588 2844 2788 2900 deinde
2806 2846 3133 2901 cessandum
3156 2860 3171 2907 ;
3194 2843 3423 2910 posthac

1852 2935 2211 3006 jejunandum
2264 2938 2333 2993 ab
2378 2937 2534 2992 initio
2586 2936 2819 3006 Augusti
2873 2949 3049 3006 usque
3084 2936 3152 2989 ad
3189 2934 3432 3003 Deipara:

182 3026 454 3081 ὲπιλύειν·
494 3028 688 3083 ἔπειτα
738 3032 836 3085 ἀπ’
868 3033 1057 3110 ,ἀρχῆς
1105 3034 1416 3104 Αὐγούστου
1470 3038 1757 3107 νηστεύειν

1860 3027 2275 3096 Dormitionem,
2325 3038 2380 3083 et
2410 3030 2591 3084 denuo
2625 3043 2748 3085 esse
2785 3028 3132 3083 solvendum.
3162 3027 3302 3093 Quid
3331 3026 3434 3096 igi—

182 3118 305 3190 ἄχρι
330 3122 433 3191 τῆς
462 3123 795 3195 Κοιμήσεως
822 3125 921 3194 τῆς
964 3118 1271 3180 Θεοτόκουό
1316 3129 1409 3183 καὶ
1447 3129 1610 3184 πάλιν
1638 3131 1756 3185 δια-

182 3210 347 3271 λύειν.
366 3213 434 3279 Τί
461 3211 557 3267 οὖν
579 3215 877 3288 ἐμέλλομεν
902 3221 1095 3286 ποιεῖν,
1114 3221 1178 3273 -εἰ
1209 3221 1517 3288 ἀδιακόπως
1544 3223 1750 3297 ταύτην

181 3303 591 3376 ἔνηστεύομενς
639 3307 822 3378 Ἔχεις
870 3305 963 3364 οὖν
1004 3313 1033 3364 ὁ
1076 3312 1434 3382 ἀμφιὸἁλλων
1470 3319 1601 3388 περὶ
1646 3318 1757 3372 τῶν

180 3396 439 3450 τοιούτων
473 3399 739 3469 νηστειῶν
797 3400 899 3472 τὴν
941 3404 1245 3473 μαρτυρίαν
1279 3407 1345 3459 ἐκ
1381 3405 1492 3461 τῶν
1523 3408 1758 3465 ἀποστοο

182 3485 348 3544 λικῶν
391 3491 494 3545 καὶ
535 3493 955 3565 πατριαρχικῶν
1001 3497 1350 3567 παραδόσεων
1376 3515 1391 3530 ’
1429 3501 1524 3554 καὶ
1572 3501 1759 3555 λοιπὸν

187 3580 263 3649 μὴ
286 3582 593 3653 ἀμφίϐαλε,
627 3585 713 3639 ἵνα
734 3585 812 3660 μὴ
837 3588 1178 3661 κατακριοῇς
1200 3588 1277 3654 ὡς
1301 3592 1626 3662 παραϐάτης
1652 3594 1762 3647 τῶν

183 3671 345 3729 Θείων
377 3676 684 3744 διατάξεων
714 3678 812 3749 (1).

1859 3131 1949 3177 tur
1970 3120 2149 3176 facere
2173 3121 2509 3178 debebamus
2557 3123 2602 3177 si
2660 3121 2764 3177 hoc
2800 3136 2907 3177 non
2956 3132 3265 3177 resecantes
3292 3120 3433 3189 jeju-

1860 3212 2171 3267 nahamus?
2216 3210 2294 3267 Ex
2318 3212 2697 3282 apostolorum
2749 3219 2805 3266 et
2835 3211 3273 3281 patriarcharum
3320 3220 3435 3263 tra-

1853 3304 2157 3361 ditionibus
2202 3304 2347 3359 circa
2398 3303 2526 3359 talia
2554 3302 2764 3373 jejunia
2803 3302 3181 3357 testimonium
3232 3298 3434 3370 ponde-

1857 3412 1981 3475 rare
2006 3406 2160 3466 potes
2203 3414 2217 3451 :
2255 3405 2514 3452 caeterum
2567 3411 2677 3452 non
2709 3397 2921 3463 luesita,
2959 3411 3029 3451 ne
3060 3397 3206 3450 sicut
3249 3403 3433 3451 trans-

1858 3504 2078 3560 gressor
2102 3489 2413 3545 divinarum
2443 3489 2919 3559 praescriptionum
2953 3475 3362 3544 condemneris.

252 3815 332 3885 (Ι)
358 3790 567 3885 Confer
615 3835 678 3876 ea
728 3836 850 3893 qua:
879 3822 1148 3904 habentur
1205 3822 1348 3894 apud
1395 3822 1747 3893 Cotelerium,
1786 3822 1866 3879 Η.
1896 3826 1962 3881 Ε.
1998 3825 2087 3892 6.,
2120 3835 2159 3884 t.
2195 3826 2257 3894 ll,
2286 3841 2342 3898 p.
2372 3816 2501 3893 495,
2534 3832 2589 3879 et
2615 3831 2655 3880 t.
2681 3821 2771 3891 lli,
2801 3838 2857 3893 p.
2927 3820 3055 3874 431.

1433 4141 1607 4189 ANNO
1635 4142 1858 4189 DOMINI
1888 4145 2161 4192 CMXXIX.

810 4352 815 4357 ’
1148 4322 2419 4590 ANONYMUS.

1582 4698 1586 4705 ’
1614 4698 2003 4760 MONITUM.

1206 4869 1353 4932 (Aug.
1380 4866 1476 4915 ΜΑι
1514 4866 1565 4914 in
1593 4865 1767 4928 Spicil.
1792 4867 1931 4916 Rom.
1961 4874 2076 4917 tom.
2105 4866 2163 4929 ν,
2184 4879 2233 4929 p.
2257 4865 2391 4927 598.)

208 5068 219 5076 .
261 5014 329 5071 In
359 5016 570 5071 duobus
600 5016 920 5086 bombycinis
950 5016 1276 5071 bibliotheca:
1318 5015 1583 5070 Vaticana:
1618 5017 1909 5081 codicibus,
1933 5016 2114 5073 Ottob.
2147 5016 2237 5081 77,
2269 5016 2315 5085 f.
2338 5016 2430 5081 2'3,
2454 5027 2502 5069 et
2546 5015 2666 5070 Vat.
2694 5014 2852 5076 1455,
2887 5014 2929 5082 Ῑ.
2965 5015 3087 5067 item
3133 5016 3204 5069 ‘25
3261 5017 3439 5085 (cujus

189 5123 369 5161 recens
407 5107 766 5175 apographum
798 5106 957 5161 estin
993 5105 1110 5159 Vat.
1145 5105 1304 5166 7H5,
1336 5105 1378 5174 Ῑ.
1416 5105 1566 5176 330.)
1601 5107 1916 5174 deprehendi
1943 5099 2186 5161 Grt'ecum
2225 5105 2513 5173 ponii/irin:
2543 5104 2785 5157 historia:
2826 5103 3206 5173 fragmentum,
3234 5123 3347 5156 t'ttnt
3385 5123 3443 5158 co

167 5195 458 5263 .perbrevi,
494 5210 643 5263 quem
673 5194 882 5261 scripsi,
920 5194 1073 5246 titulo
1102 5195 1234 5263 Περὶ
1266 5193 1372 5247 τῶν
1408 5195 1617 5248 Πάπων
1652 5196 1763 5247 ἀπὸ

1857 5194 1887 5248 ὖ
1912 5192 2172 5264 χρονικοῦ
2211 5193 2286 5247 De
2316 5189 2484 5262 Pnpis
2519 5207 2582 5245 ex
2618 5190 2910 5244 chronica.
2948 5189 3108 5258 Papa.-
3136 5194 3364 5259 quidem,
3396 5202 3443 5243 ct

189 5285 465 5337 interdum
494 5283 777 5350 antipapa’,
808 5281 903 5334 hoc
943 5282 1238 5351 fragmento
1269 5284 1779 5350 comprehenduntur
1832 5285 2104 5346 tredecim,
2138 5299 2168 5335 a
2201 5279 2457 5335 Formosa
2515 5282 2583 5332 ad
2642 5281 2915 5333 obtrusum
2957 5279 3215 5330 Joummn
3259 5283 3445 5332 decimi

191 5385 578 5424 successorem.
616 5369 851 5435 (Videsis
892 5368 1531 5434 Bernardunt'Cuidonis,
1576 5388 1629 5439 ρ.
1668 5370 1959 5440 215—222.)
2010 5369 2296 5434 Quodnam
2343 5384 2463 5422 vero
2502 5368 2658 5436 fuerit
2701 5368 2837 5419 illud
2870 5366 3110 5419 Gi'it'Citm
3136 5370 3440 5428 t'lti'uuiimu,

191 5467 332 5512 unde
354 5460 457 5511 hoc
479 5459 932 5526 ἀποσπασμάτιον
963 5466 1227 5525 summum
1260 5472 1358 5523 est,
1397 5473 1577 5512 neuter
1599 5460 1763 5514 codex

1853 5467 2144 5518 rmoustrat,
2166 5459 2289 5527 quin
2309 5458 2557 5508 nimirum
2594 5459 2644 5506 tu
2668 5468 2884 5522 utroque
2915 5455 3152 5507 misce/lu
3181 5473 3443 5524 Congeriem

195 5556 273 5602 ut
333 5546 671 5598 diversarum
723 5562 918 5608 rerum,
983 5561 1099 5615 qua:
1128 5546 1195 5598 ad
1239 5548 1439 5599 dictum
1472 5549 1756 5602 chronic-on
1812 5547 1956 5601 nullo
2008 5549 2163 5601 modo
2210 5546 2491 5615 pertinent.
2534 5541 2807 5611 Reliquum
2859 5543 3021 5611 igitur
3055 5546 3177 5595 mihi
3214 5557 3351 5607 erat,
3391 5556 3441 5594 ut

199 5635 289 5688 'toc
322 5633 709 5702 fragmen'unt,
767 5632 957 5686 bonum
996 5650 1122 5687 sane
1195 5645 1351 5704 atque
1398 5636 1707 5705 pretiosum,
1750 5640 1874 5707 quia
1920 5639 1971 5691 in
2024 5638 2245 5692 obscura
2278 5651 2366 5688 seu
2392 5643 2528 5687 certe
2556 5631 2859 5684 turbulenta
2892 5635 3183 5702 ponti/ipim
3210 5636 3443 5705 Instruit:

201 5729 360 5790 parte
393 5728 657 5787 versatur,
692 5719 775 5773 Itic
802 5721 1082 5776 lectoribus
1123 5721 1439 5780 exhiberem;
2252 5711 2254 5714 ’
