4086 6344
424 462 527 527 185

1405 464 1772 526 EPISTOLA
1812 465 1914 524 AD
1948 463 2256 525 LEONEM
2300 465 2395 525 III
2424 466 2695 529 PAPAM.

3544 462 3642 526 ltiti

421 580 707 655 ὦρισμὲνον
740 581 1033 655 μυστήριον,
1064 577 1401 646 ἔπ’ίσχάτων
1429 577 1483 633 δό
1506 584 1603 633 τῶν
1629 577 1828 652 χρόνων
1854 581 1965 633 άπον

2085 587 2210 635 ante
2227 582 2406 635 omnia
2426 580 2619 636 saecula
2645 576 3058 649 pmdellnitum,
3102 576 3157 631 in
3180 578 3488 634 novissimis
3512 595 3638 637 vero

418 666 652 734 καλυφθίν
696 664 779 718 ίπί
825 669 1059 740 σωτηρίᾳ
1094 667 1287 727 παντὸς
1331 672 1422 719 τοῦ
1469 668 1639 738 γόνους
1688 668 1826 733 ἡμῶν
1849 705 1865 730 ,
1894 670 1978 722 καί

417 753 728 808 ίπιτελεσθίν
754 751 839 807 διά
878 761 968 812 τῆς
993 754 1207 825 μεγάλης
1234 755 1689 825 συγκαταϐάσεως,
1714 775 1795 808 και
1819 756 1978 823 διρὀ-

418 865 506 901 του
549 847 831 905 οἰκονομίας
859 852 950 899 τοῦ
992 847 1101 905 ἑνός
1124 854 1215 906 τῆς
1244 846 1414 918 ἁγίας,
1445 849 1530 900 καί
1558 850 1808 909 ζωοποιοῦ
1827 847 1975 919 Τριάο

416 934 504 995 δος
530 941 755 1007 Χριστοῦ
780 940 870 990 τοῦ
910 936 1140 993 ἀληθινοῦ
1165 942 1291 991 Θεοῦ
1331 938 1499 1004 ἡμῶν
1525 936 1609 989 ἶνα
1639 934 1749 990 ὅθεν
1776 937 1893 1005 ἡμῖν
1918 935 1973 987 τό

414 1021 536 1081 εἶναι
561 1027 752 1099 ὑπῆρξε
777 1023 863 1080 διά
895 1031 983 1083 τήν
1006 1023 1195 1097 ἄφατον
1222 1028 1374 1080 αὐτοῦ
1414 1026 1720 1096 άγαθότητα,
1763 1026 1975 1079 ἐντεῦθεν

413 1118 498 1172 καί
521 1117 580 1170 τό
604 1110 814 1169 εὖιεῖναι
842 1118 963 1185 ἡμῖν
1006 1118 1300 1192 χαρισθείη.
1345 1117 1594 1187 Ὁμολογῶ
1637 1112 1723 1168 οὖν
1764 1118 1849 1170 καί
1882 1134 1968 1170 πε·

410 1209 611 1273 στεῦω,
654 1206 804 1262 αὐτόν
856 1209 940 1262 τόν
984 1209 1073 1262 ἕνα
1121 1216 1213 1268 τῆς
1255 1214 1549 1282 ζωαρχικῆς
1590 1210 1677 1261 καί
1725 1210 1973 1282 μακαρίας

410 1293 622 1370 τριάδος
648 1295 736 1350 τόν
760 1301 850 1351 τοῦ
878 1302 1003 1350 Θεοῦ
1032 1297 1148 1350 Υίόν
1182 1299 1263 1351 καί
1294 1295 1452 1369 Λόγον
1485 1298 1572 1350 τὸν
1607 1302 1681 1367 τῷ
1707 1298 1862 1371 ῐιατρί
1888 1299 1972 1350 καί

410 1391 486 1459 τῷ
545 1384 670 1456 ἁγίῳ
727 1386 973 1458 Πνεὺμειτι
1046 1384 1220 1446 ἀϊδίως
1282 1389 1825 1461 συμπροσκυνούμενον
1884 1388 1971 1439 καί

407 1470 845 1542 ωνδοξαζόμενον,
890 1476 959 1533 ὦς
1004 1472 1269 1543 όμοούσιον
1321 1478 1408 1528 καί
1453 1476 1726 1548 σύνθρονον
1774 1476 1969 1547 ἀπείρῳ

406 1559 746 1635 φιλανθρωπίᾳ
788 1558 1071 1632 κινούμενον
1116 1564 1248 1635 πρὸς
1277 1558 1440 1619 οἶκτον
1479 1559 1572 1618 τοῦ
1614 1566 1798 1618 οίκείου
1844 1563 1971 1618 πλά·

406 1670 638 1719 σματος,
693 1649 897 1725 εὐδοκία
943 1660 1167 1727 πατρικῷ
1206 1655 1286 1706 καί
1340 1657 1633 1724 οίκτιρμοῖς,
1685 1656 1869 1728 χάριτί
1911 1672 1968 1708 τε

406 1744 491 1795 καί
533 1743 773 1816 συνεργίᾳ
813 1748 904 1796 τοῦ
935 1745 1181 1815 παναγίου
1229 1744 1532 1814 Πνιύματος,
1571 1745 1870 1800 κατελθόντα
1913 1745 1969 1798 ίκ

409 1838 501 1884 τῶν
542 1832 766 1907 οὐρανῶν
814 1839 928 1891 τοῖς
988 1832 1261 1905 ἀνθρώποις
1324 1841 1801 1909 συναναστραφῆναι
1822 1872 1839 1898 ,
1882 1834 1967 1889 ἵνα

2078 671 2407 740 temporibus
2435 672 2502 726 ad
2532 670 2695 726 totius
2720 669 2939 722 humani
2978 668 3188 736 generis
3227 667 3457 722 salutem
3485 679 3638 738 patec

2076 756 2297 822 factum,
2318 767 2375 813 et
2396 774 2493 828 per
2512 774 2760 828 magnum
2785 757 2933 822 illum
2955 757 3430 827 admirabilemque
3454 761 3636 824 unius,

2075 854 2275 900 sancta:
2297 847 2628 915 viviﬂczeque
2655 847 2934 901 Trinitatis
2960 862 3222 916 personae,
3248 845 3451 902 Christi
3478 850 3639 904 nimi-

2074 951 2194 990 rum
2248 937 2361 991 veri
2416 937 2510 990 Dei
2551 937 2742 1001 nostri,
2798 937 3152 1001 descensum,
3209 936 3639 1007 ineﬂ‘abilemque

2074 1022 2309 1089 ejusdem
2335 1026 2789 1095 dispensationem
2816 1035 3272 1091 consummatum;
3297 1036 3357 1081 ut
3374 1030 3514 1084 unde
3540 1044 3638 1098 per

2072 1114 2496 1183 inexplicabilem
2529 1116 2694 1184 ipsius
2729 1116 3022 1170 bonitatem
3051 1132 3170 1171 esse
3199 1133 3413 1172 eramus
3440 1120 3632 1179 sortiti,

2071 1204 2198 1259 inde
2231 1206 2393 1260 etiam
2421 1206 2593 1275 ipsum
2620 1206 2760 1260 bene
2785 1222 2903 1261 esse
2942 1208 3328 1276 acciperemus.
3367 1208 3638 1263 Conﬁteor

2070 1292 2251 1361 itaque
2293 1302 2348 1348 et
2389 1296 2553 1348 credo
2590 1295 2807 1348 unicum
2836 1295 3256 1364 opulentissima:
3289 1297 3638 1352 beatissima:-

2069 1395 2172 1448 que
2199 1381 2481 1436 Trinitatis
2521 1382 2880 1451 suppositum,
2927 1384 3100 1452 ipsum
3142 1385 3389 1439 videlicet
3424 1386 3519 1441 Dei
3548 1386 3637 1440 Fi-

2066 1468 2201 1524 lium
2222 1477 2279 1524 et
2306 1468 2561 1534 Verbum,
2576 1470 2720 1539 quod
2747 1485 2869 1524 cum
2894 1470 3005 1525 Deo
3018 1470 3176 1525 Patre
3204 1481 3259 1525 et
3288 1472 3489 1541 Spiritu
3512 1489 3635 1528 sau-

2067 1566 2155 1613 cto
2176 1558 2231 1612 iu
2256 1573 2415 1613 omne
2435 1574 2608 1613 :evum
2631 1559 2789 1615 simul
2812 1559 3066 1612 adoratur
3082 1568 3138 1613 et
3173 1561 3634 1629 congloriiicatur,

2065 1658 2127 1703 ut
2151 1657 2278 1720 pote
2299 1650 2490 1704 iisdem
2513 1649 2865 1705 coessentiale
2889 1658 2944 1703 et
2965 1650 3233 1718 coaequale
3257 1651 3518 1716 existens,
3549 1653 3634 1707 in-

2066 1740 2215 1794 ﬁnita
2279 1740 2607 1809 benignitate
2652 1746 2710 1793 et
2754 1740 3122 1793 misericordia
3178 1754 3305 1810 erga
3360 1741 3636 1810 proprium

2064 1828 2271 1897 plasma
2304 1836 2530 1893 motum,
2559 1828 2857 1883 accedente
2891 1829 2996 1882 huc
3023 1838 3247 1897 paterna
3275 1827 3548 1882 voluntate
3582 1837 3638 1883 et

408 1920 521 1978 τοὺς
567 1921 956 1992 κατακριθέντας
1000 1923 1133 1991 ἡμᾶς
1170 1922 1328 1977 πάλαι
1365 1932 1427 1993 τῇ
1482 1923 1709 1998 ἁμαρτίᾳ
1751 1926 1835 1978 καί
1874 1933 1965 1986 τῆς

2067 1917 2435 1982 miseratione,
2482 1926 2539 1971 et
2578 1918 2752 1971 sancti
2780 1931 2990 1986 quoque
3024 1916 3257 1986 Spiritus
3279 1917 3473 1986 gratia,
3497 1915 3637 1986 ejusp

408 2017 593 2085 τρυφῆς
617 2011 997 2071 ἐκπεπτωκότας
1027 2012 1358 2088 παραδείσου,
1398 2019 1477 2070 καί
1506 2023 1566 2089 τῇ
1600 2017 1755 2089 φθορᾷ
1780 2017 1966 2075 ὑπενη-

405 2102 677 2172 δεγμὲνους
725 2102 912 2176 χάριτι
976 2107 1324 2173 άνασώσηται,
1374 2111 1455 2161 καί
1510 2109 1647 2167 θείας
1703 2111 1967 2170 κοινωνοὺς

406 2191 762 2263 ἀπεργάσηται
815 2194 1033 2261 φύσεως.
1080 2195 1368 2254 Ἐνοικήσας
1415 2197 1511 2269 γάρ
1558 2199 1610 2250 ίν
1662 2206 1723 2267 τῇ
1777 2199 1969 2272 γαστρί

410 2287 497 2338 τῆς
548 2282 813 2354 Παρθένου,
868 2286 954 2336 καί
1003 2286 1184 2356 κυρίως
1234 2287 1320 2337 καί
1376 2284 1565 2345 etnon};
1595 2288 1839 2341 Θεοτόκου
1887 2289 1970 2342 καί

403 2364 585 2437 ψυχὴν
629 2371 715 2422 καί
758 2370 925 2444 σάρκα
977 2372 1409 2444 προκαθαρθείσης
1452 2381 1524 2447 τῷ
1568 2377 1839 2445 Πνεύματι,
1885 2376 1971 2430 καί

408 2452 524 2511 ὅλον
574 2458 645 2516 είς
696 2457 873 2512 ἔαυτόν
937 2460 1207 2532 ἀνειληφὼς
1254 2463 1306 2525 ἐξ
1367 2464 1519 2523 αὐτῆς
1580 2466 1639 2518 τό
1697 2466 1967 2540 ἡμίτερον,

400 2545 668 2637 ὧσπεριίν
705 2549 851 2622 άρχῇ
890 2550 1297 2612 ζωοπλαστήσας
1332 2554 1416 2607 τὶν
1456 2552 1729 2627 ἄνθρωπον,
1752 2557 1967 2629 προῆλθε

398 2633 520 2693 θεὸς
547 2633 947 2709 σεσαρκωμίνος,
956 2640 1130 2709 μείνας
1159 2644 1311 2694 τοῦτο
1347 2638 1474 2715 ὅπερ
1503 2640 1559 2699 ἦν
1586 2643 1732 2702 Θεός.

464 2893 703 2965 Παρθένον
730 2895 816 2948 καί
842 2897 971 2965 μετά
1005 2897 1154 2951 τόκον
1187 2904 1276 2958 τήν
1305 2901 1570 2975 ὑπερφυῶς
1600 2908 1685 2958 καί
1724 2908 1961 2983 άρῥήτως

395 2988 643 3036 τεκοῦσαν
678 2990 1028 3057 συντηρήσας.
1060 2988 1303 3058 μηδαμῶς
1342 2999 1433 3051 τῆς
1478 2996 1607 3048 κατά
1647 2997 1795 3065 φύσιν
1822 3017 1961 3071 παρ-

391 3072 555 3159 θενίας
581 3075 863 3144 τραπείσης
884 3076 957 3135 είς
978 3073 1181 3140 ἔνδειξιν
1202 3078 1354 3136 άληθῆ
1375 3088 1465 3141 τῆς
1485 3083 1615 3136 κατὰ
1634 3089 1722 3141 τήν
1744 3084 1961 3159 πρόοδον

393 3158 553 3214 αὐτοῦ
592 3170 690 3221 ,τῆς
732 3168 1009 3233 γεννήσεως
1060 3167 1304 3242 άτρεφίας
1347 3173 1430 3223 καί
1471 3158 1800 3227 άναλλοιὼτου
1842 3173 1957 3229 δια·

2067 2005 2295 2074 demque
2337 2006 2712 2075 cooperatione
2747 2006 2814 2059 de
2848 2006 2986 2060 caelo
3022 2006 3386 2069 descendisse,
3422 2014 3478 2060 et
3512 2022 3636 2062 cum

2066 2093 2373 2148 hominibus
2400 2100 2773 2147 eonversatum
2801 2107 2942 2155 esse,
2971 2107 3077 2160 quo
3107 2108 3206 2147 nos
3231 2093 3432 2146 dudum
3469 2109 3637 2162 prop-

2067 2192 2152 2237 ter
2180 2192 2459 2252 peccatum
2488 2184 2792 2247 damnatos,
2822 2190 2878 2235 et
2902 2196 2933 2236 e
2954 2180 3188 2250 paradisi
3222 2183 3429 2237 deliciis
3450 2183 3636 2252 expul-

2069 2289 2174 2337 sos,
2205 2273 2644 2342 corruptionique
2683 2273 2975 2335 obnoxios,
3005 2286 3101 2340 per
3121 2272 3347 2340 gratiam
3387 2272 3635 2333 salvaret,

2068 2371 2125 2417 et
2152 2363 2348 2418 divina:
2391 2370 2594 2416 natura:
2617 2361 2912 2431 participes
2937 2360 3190 2415 ediceret.
3230 2362 3286 2416 lu
3317 2369 3470 2415 utero
3494 2362 3636 2417 enim

2069 2454 2306 2525 Virginis
2326 2467 2453 2507 vere
2482 2453 2806 2523 proprieque
2832 2452 3075 2521 Deipara:
3104 2451 3433 2514 inhabitans,
3451 2460 3507 2506 et
3539 2466 3635 2520 per

2069 2544 2327 2614 Spiritum
2355 2552 2600 2598 sanctum
2631 2544 2865 2596 animam
2889 2552 2943 2596 et
2964 2558 3185 2596 carnem
3214 2544 3316 2597 sibi
3348 2544 3634 2613 adaptans,

2066 2643 2342 2703 totamque
2357 2643 2593 2688 nostram
2613 2641 2884 2696 naturam,
2898 2634 3345 2700 quemadmodum
3364 2635 3634 2689 hominem

2063 2726 2117 2779 in
2145 2724 2411 2794 principio
2437 2724 2685 2787 ﬁnxerat,
2715 2722 2816 2777 sibi
2839 2722 3132 2787 asciscens,
3158 2723 3357 2791 prodiit
3384 2722 3525 2777 Deus
3560 2723 3634 2778 in.

2063 2820 2338 2869 carn‘atus.

2132 2903 2405 2974 Virginem
2433 2918 2667 2972 quoque,
2704 2918 2822 2972 qua:
2847 2903 3333 2972 supernaturaliter
3356 2911 3411 2958 et
3439 2901 3629 2958 inela-

2060 2991 2240 3047 biliter
2264 3000 2564 3060 pepererat,
2592 3000 2713 3060 post
2744 3000 2958 3060 partum
2984 2992 3244 3061 virginem
3263 2993 3631 3059 conservavit,

2060 3084 2370 3154 virginitate
2408 3083 2551 3137 illius
2578 3083 2871 3137 secundum
2898 3090 3147 3137 naturam
3185 3083 3329 3138 nulla
3372 3100 3440 3138 ex
3479 3093 3632 3154 parte

2062 3172 2334 3225 demutata
2369 3178 2461 3223 aut
2501 3169 2853 3231 labefactata,
2888 3170 2955 3223 ad
2987 3169 3371 3237 designandum
3412 3186 3508 3239 per
3542 3186 3630 3224 se-

394 3259 568 3319 μονῆς.
616 3263 672 3306 ‘0
698 3251 771 3327 τῷ
818 3260 976 3330 Πατρί
1012 3252 1112 3328 γάρ
1159 3266 1414 3331 συμφυής,
1457 3261 1482 3316 ό
1525 3262 1795 3331 όμοούσιος
1842 3268 1958 3335 ἡμῖν

2063 3260 2250 3314 cunda:
2269 3261 2563 3313 nativitatis
2587 3274 2919 3328 processum,
2947 3259 3145 3312 nullam
3175 3274 3398 3327 prorsus
3426 3268 3633 3314 naturas

393 3342 526 3396 κατά
571 3343 762 3407 πάντα,
813 3350 978 3420 χωρίς
1023 3347 1280 3420 ἁμαρτίας
1330 3352 1618 3421 γενόμενος,
1663 3356 1959 3426 σπέρματος

393 3429 624 3503 ’Δϐραάμ
666 3433 1084 3502 ὶπιλαμϐάνεται,
1130 3440 1505 3511 παραπλησίως
1562 3444 1682 3513 ἡμῖν
1744 3464 1960 3499 κεκοινω⁸

393 3522 553 3579 νηκὼς
593 3523 807 3589 αἳματος
852 3526 930 3576 καί
958 3526 1166 3599 σαρκός⁸
1207 3531 1373 3602 σάρκα
1448 3531 1791 3601 ίψυχωμίνην
1828 3534 1959 3588 δινεί-

392 3607 515 3681 ληφε
558 3612 711 3683 ψυχῇ
758 3616 929 3689 λογικῇ
976 3620 1060 3671 καί
1097 3626 1244 3691 νοερᾷ
1285 3621 1517 3691 οὐδαμῶς
1556 3631 1959 3697 προϋποστᾶσαν

396 3706 488 3789 τῆς
520 3698 677 3774 ἄκρας
718 3704 964 3770 ίνώσεως,
1011 3708 1135 3763 ἀλλά
1191 3716 1281 3779 μία
1323 3713 1452 3789 σάρξ
1504 3712 1750 3784 ἔμψυχος
1791 3717 1958 3787 λογικῆ

400 3784 485 3841 hi
519 3797 607 3849 τῆς
638 3793 770 3845 κατά
816 3796 1027 3868 Χριστόν
1069 3799 1327 3869 συμφυΐας
1371 3805 1693 3865 πιστεύεται,
1733 3805 1793 3855 οὔ
1841 3805 1966 3856 κατά

400 3879 557 3950 χάριν
590 3885 855 3944 σκηνώσας
900 3886 949 3938 ίν
987 3886 1124 3957 ripis,
1176 3887 1280 3942 ἀλλ’
1300 3888 1414 3949 ὅλος
1455 3890 1540 3962 ὅλῃ
1581 3901 1642 3966 τῇ
1685 3896 1967 3967 ἀνθρωπεία

395 3971 544 4041 φύσει
588 3976 935 4043 συμπλακείς·
988 3980 1347 4050 ἀσυγχύτως,
1391 3985 1472 4036 καί
1520 3982 1834 4057 ἀδιαιρέτως,
1880 3988 1967 4038 καί

397 4058 667 4133 ὑπερφυῶς
704 4068 794 4120 τὴν
821 4065 1007 4133 ἕνωσιν,
1044 4068 1405 4142 ἐργασάμενος,
1434 4073 1515 4125 ἵνα
1542 4073 1595 4126 αί
1632 4074 1964 4131 συνελθοῦσαι

396 4151 570 4204 οὐσίαι
624 4152 853 4239 θεότητός
902 4176 957 4211 τε
1003 4160 1089 4210 καί
1120 4159 1522 4231 άνθρωπότητος,
1552 4164 1601 4215 ἂν
1645 4161 1855 4221 ἰδιότητι
1898 4173 1961 4240 τῇ

394 4245 523 4296 κατὰ
549 4245 696 4315 φῦσιν
722 4244 1036 4317 διαμείνωσι,
1066 4253 1148 4303 καί
1189 4249 1417 4322 οὐδαμῶς
1447 4256 1516 4313 εἰς
1545 4254 1760 4315 ἀλλήλας
1808 4276 1963 4325 μετα-

397 4329 583 4386 ϐῶσιν·
622 4338 661 4387 εί
698 4338 783 4388 καί
826 4348 850 4375 ⁸
894 4339 1211 4399 κατακλίσεις
1258 4348 1329 4412 τῷ
1366 4342 1498 4413 λόγῳ
1550 4350 1642 4403 τῆς
1701 4345 1961 4417 συμφυΐας

394 4430 729 4497 παραχωρεῖν
777 4426 995 4486 εὗσεϐὓς
1042 4436 1249 4501 νοοῦμεν
1293 4428 1377 4484 διά
1421 4437 1511 4489 τήν
1560 4438 1658 4485 τῶν
1706 4435 1960 4502 ὀνομάτων

2065 3351 2207 3407 illius
2235 3353 2530 3406 accessisse
2558 3351 2943 3415 mutationem,
2984 3358 3077 3403 aut
3107 3350 3499 3403 alterationem.
3530 3349 3635 3416 Qui

2062 3456 2192 3511 ergo
2242 3442 2479 3510 ejusdem
2521 3448 2605 3494 est
2659 3455 2781 3494 cum
2836 3439 2997 3493 Patre
3049 3448 3294 3503 naturae,
3339 3438 3493 3493 nobis
3540 3454 3635 3508 per

2062 3533 2275 3596 omnia,
2308 3540 2530 3601 peccato
2562 3540 2771 3585 tantum
2803 3531 3047 3595 seclusa,
3079 3530 3253 3584 factus
3279 3539 3634 3586 estcoessen-

2064 3621 2239 3685 tialis;
2288 3621 2489 3675 etenim
2515 3621 2720 3675 semine
2750 3620 3022 3674 Abraham
3049 3630 3331 3691 suscepto,
3367 3623 3546 3676 carnis
3580 3629 3636 3676 et

2063 3712 2355 3779 sanguinis,
2386 3712 2608 3780 perinde
2632 3726 2694 3764 ac
2729 3727 2868 3764 unus
2894 3727 2958 3763 ex
2991 3713 3163 3776 nobis,
3194 3713 3368 3766 factus
3397 3721 3480 3767 est
3506 3728 3631 3782 par-

2060 3802 2246 3869 ticeps,
2272 3816 2596 3869 carnemque
2622 3802 2801 3853 anima
2831 3801 3161 3869 intelligente
3191 3802 3523 3856 viviﬁcatam
3550 3820 3635 3857 as-

2062 3892 2308 3959 sumpsit,
2352 3891 2499 3944 nullo
2548 3892 2762 3958 quidem
2810 3900 2967 3959 pacto
3018 3901 3142 3944 ante
3179 3907 3443 3945 summam
3488 3894 3632 3947 illam

2060 3979 2311 4033 unionem
2340 3980 2771 4048 prmexistentem
2798 4019 2812 4043 ,
2854 3980 2947 4032 sed
2977 3978 3134 4032 simul
3173 3994 3392 4032 carnem
3419 4019 3434 4043 ,
3474 3981 3634 4036 simul

2064 4070 2242 4123 anima
2299 4068 2523 4122 rationis
2569 4077 2816 4136 compote
2859 4068 3150 4121 animatam
3178 4106 3194 4131 ,
3240 4070 3400 4122 simul
3456 4071 3631 4127 Verbo

2062 4160 2302 4225 unitam;
2351 4173 2453 4213 nec
2488 4175 2704 4213 rursum
2748 4159 3041 4212 secundum
3087 4158 3265 4214 solam
3299 4160 3527 4229 gratiam
3577 4163 3632 4216 in

2062 4256 2246 4303 nostra
2279 4256 2467 4301 natura
2495 4247 2757 4301 habitavit
2780 4287 2795 4312 ,
2835 4247 2929 4301 sed
2957 4254 3101 4302 totus
3127 4248 3226 4302 toti
3258 4248 3505 4304 humanae
3538 4265 3629 4305 na-

2060 4347 2197 4393 tura:
2222 4337 2538 4407 conjunctus
2557 4378 2571 4403 ,
2600 4336 2960 4402 inconfusam,
2992 4337 3310 4393 indivulsam
3331 4380 3344 4405 ,
3371 4356 3620 4412 superna.

2060 4429 2390 4496 turalemque
2437 4427 2689 4480 unionem
2735 4435 2989 4495 operatus
3026 4433 3109 4481 est
3140 4440 3156 4480 :
3197 4428 3376 4481 divina
3407 4431 3548 4483 enim
3578 4440 3629 4485 et

398 4510 663 4577 ιπίζευξιν,
703 4513 891 4585 ίπινοίο
937 4519 1036 4592 γάρ
1073 4517 1198 4591 μόνη
1235 4523 1318 4574 καί
1357 4522 1411 4573 οὐ
1457 4519 1726 4595 πράγματι
1782 4521 1965 4578 διΐοτα·

2063 4521 2289 4574 humana
2334 4527 2524 4572 natura
2572 4519 2713 4571 inter
2754 4532 2814 4571 se
2859 4526 3117 4573 coeuntes
3172 4518 3226 4572 in
3266 4519 3496 4572 naturali
3532 4535 3626 4574 sua

396 4601 516 4743 ἵθαι
562 4601 824 4679 δοξάζομεν
845 4646 860 4674 ;
910 4606 992 4664 διὰ
1040 4615 1130 4671 τὴν
1183 4611 1418 4690 ὑπερφυᾶ
1466 4621 1565 4669 τῶν
1629 4615 1957 4673 συνελθόντων

427 4710 595 4743 νωσιν.

427 4710 595 4745 νωσιν.

472 5422 541 5478 τό
580 5422 848 5496 μοναδικόν
873 5421 926 5480 δί
954 5427 1039 5479 καί
1056 5430 1237 5482 ζνιαῖον
1263 5432 1353 5487 τῆς
1378 5425 1739 5492 ὑποστάσεως,
1770 5424 1955 5498 φυλάτ-

403 5512 576 5565 τεσθαι
639 5510 940 5583 πιστεύομεν
1007 5511 1225 5584 ἄτμητον
1285 5517 1367 5568 καὶ
1430 5513 1647 5587 άρῥαγίς
1707 5512 1954 5585 διαμενον’

407 5598 762 5656 καταϐαλέσθαι
808 5604 905 5674 γάρ
934 5603 963 5660 ἦ
1001 5600 1346 5674 φωτασιὼδης
1372 5606 1461 5656 τοῦ
1504 5604 1791 5663 ἀπατεῶνος
1857 5604 1957 5657 Εὖ-

442 5678 467 5697 κ
846 5684 859 5697 κ

475 5726 752 5809 ιηνθεὶιιε,
779 5732 907 5809 κατά
927 5733 1237 5809 aliaest-1....
1259 5736 1379 5806 περί
1409 5743 1607 5809 χωρεῖν
1630 5753 1642 5787 :
1669 5744 1728 5790 ut
1746 5736 1816 5790 sit
1841 5750 1954 5809 seu;

409 5801 605 5865 tentia;
663 5801 942 5854 secundum
991 5801 1357 5872 appellationis
1387 5801 1654 5867 [ratione
1706 5804 1963 5859 naturalis

2054 4610 2384 4679 proprietate
2423 4608 2772 4661 indemutatai
2826 4609 3122 4677 persistunt
3156 4617 3627 4679 perseverantque,

2055 4716 2153 4754 nec
2192 4699 2299 4752 ulla
2340 4713 2405 4752 ex
2434 4706 2589 4765 parte
2614 4697 2668 4749 in
2705 4711 2763 4750 se
2786 4707 2975 4751 mutuo
3012 4697 3489 4753 transformamur.
3530 4700 3635 4753 Vc-

2056 4798 2361 4843 rumtamen
2401 4793 2621 4856 propter
2642 4786 2940 4840 naturalem
2967 4787 3112 4841 illam
3145 4788 3431 4841 coitionem
3458 4795 3513 4841 et
3533 4803 3598 4843 co

2053 4877 2256 4949 pulam,
2274 4876 2549 4929 nominum
2573 4886 2785 4943 Quoque
2808 4876 3346 4930 communicationem
3366 4883 3625 4930 mutuam.

2054 4982 2160 5036 que
2184 4964 2662 5035 reciprocationem
2683 4963 2771 5031 pie
2792 4965 3190 5018 concedendam
3226 4966 3623 5029 existimamus,

2056 5055 2484 5130 quandoquidem
2511 5060 2731 5123 propter
2754 5053 3033 5123 physicam
3066 5054 3208 5107 illam
3231 5055 3600 5109 admirandam

2056 5163 2160 5221 que
2188 5146 2495 5202 coeuntium
2524 5153 2838 5199 naturarum
2861 5144 3002 5198 inter
3022 5159 3080 5199 se
3105 5146 3381 5209 unionem,
3411 5159 3520 5198 non
3543 5159 3621 5207 re,

2057 5239 2151 5293 sed
2185 5236 2297 5291 sola
2337 5234 2735 5304 imaginatione,
2761 5233 2919 5288 unius
2960 5233 3308 5303 ejusdemque
3337 5233 3621 5301 quamdam
3656 5306 3663 5311 _

2055 5332 2145 5385 hic
2175 5327 2571 5383 distinctionem
2600 5325 2905 5379 statuimus.

2127 5424 2297 5479 Porro
2336 5429 2512 5476 autem
2537 5461 2552 5486 ,
2598 5419 2740 5488 quod
2770 5435 2891 5475 cum
2927 5427 3245 5474 naturarum
3282 5418 3622 5474 distinctione

2056 5531 2300 5588 persona:
2324 5511 2667 5584 singularitas
2690 5509 3033 5582 ejusdemque
3052 5510 3233 5566 unitas
3256 5506 3518 5565 lndivulsa
3542 5512 3620 5563 in-

2053 5600 2465 5673 interruplaquc
2489 5618 2703 5674 semper
2732 5603 2993 5658 consistat
3019 5606 3440 5672 permaneatque
3473 5597 3615 5665 (nam

2055 5740 2445 5807 wtjunctionis.
2473 5758 2562 5795 eas
2590 5744 2644 5797 in
2671 5760 2724 5796 se
2746 5742 2961 5795 invicem
2991 5741 3233 5795 exsistere
3251 5739 3331 5807 pie
3352 5735 3617 5808 intelliga-

2056 5827 2188 5864 mus.
2224 5811 2540 5867 HARDL‘INL‘S.
