4008 6342
191 330 286 394 4119

1288 329 1754 388 FRAGMENTA
1795 329 2225 388 IllSTO‘lilCA.

3277 316 3380 405 .no

248 435 538 498 Βενέῶικτος
570 435 757 498 sti-na;
791 434 869 506 τῷ
889 436 1035 503 γένει
1069 434 1336 506 Ῥωμαῖος
1365 437 1721 489 ἐπισκοπεύει

1895 436 2220 491 Benedictus
2261 449 2396 504 papa
2451 451 2647 504 genere
2687 435 2970 490 Romanus
3007 419 3378 500 pontiﬁcatum

183 530 391 603 χρόνους
418 526 488 594 γ’,
516 525 706 596 ’μῆνας
745 525 792 596 β’
813 543 827 556 ο
863 528 954 581 καὶ
981 527 1119 596 μετὰ
1137 527 1237 597 τὴν
1264 527 1521 597 τελευτὴν
1553 527 1716 581 αύτοῦ

182 618 438 692 χηρεύειή
479 615 772 686 Ἐκκλησία
823 617 1108 686 Ῥωμαίων
1133 617 1349 687 ἡμέρας
1375 623 1448 681 ς’.
1493 657 1497 660 -

244 712 386 766 Λέων
406 709 620 780 ἡμέρας
668 707 719 779 μ’
745 726 760 740 ο
785 708 970 763 τοῦτον
1002 693 1072 763 δὲ
1106 709 1246 780 μετά
1274 709 1372 772 τὰς
1425 709 1720 782 εἰρημένας

181 803 375 873 ἡμέρας
403 799 510 854 ἀπὸ
555 800 654 870 τῆς
681 802 887 868 τάξεως
911 801 1079 856 αὑτοῦ
1112 801 1484 872 Χριστοφόρος
1526 802 1554 854 ὁ
1586 816 1721 870 πρε-

181 893 424 962 σϐύτερος
466 890 632 947 αὐτοῦ
703 894 1066 962 ἀπωσάμενος
1113 895 1193 956 είς
1239 893 1483 960 φυλακὴν
1535 890 1717 956 ἔϐαλε,

179 985 264 1039 καὶ
291 983 461 1046 οὕτως
494 984 711 1054 ἥρπασε
744 986 846 1056 τὴν
893 985 1205 1054 προεδρίαν.
1255 983 1415 1037 Ἀλλὰ
1445 984 1538 1036 καὶ
1567 978 1720 1044 οὗτος

179 1078 305 1146 μετά
336 1074 380 1141 ζ’
405 1077 576 1146 μῆνας
601 1079 700 1144 τῆς
749 1077 924 1147 ἀρχῆς
965 1076 1070 1130 ὑπὸ
1109 1076 1336 1148 Σεργίου
1378 1072 1592 1144 ἐξώσθη
1624 1071 1718 1126 τοῦ

176 1167 375 1239 θρόνου,
407 1169 502 1220 καὶ
533 1169 614 1233 εἰς
639 1167 887 1238 φυλακὴν
919 1166 1296 1238 παραδίδοται.

184 1265 188 1269 ’
235 1259 601 1330 Χριστοφόρος
636 1259 813 1329 μῆνας
847 1258 894 1324 ζ’
918 1276 934 1292 ο
968 1254 1122 1324 οὗτος
1162 1259 1220 1312 δὲ
1248 1257 1361 1326 ,τοῦ
1397 1257 1609 1327 θρόνου,
1643 1257 1718 1320 ὼς

171 1350 392 1422 εἴρηται,
418 1349 697 1414 ἀπωσθεὶς
727 1352 918 1420 γέγονε
949 1352 1180 1422 μοναχός
1209 1352 1306 1422 (5).

232 1540 454 1610 Σέργιος
497 1540 527 1592 ὁ
563 1536 812 1603 καθελὼν
834 1535 1207 1610 Χριστοφόρον
1256 1535 1414 1607 ἄρχει
1449 1534 1548 1604 τῆς
1591 1531 1718 1588 Ἐκ·

169 1633 385 1704 κλησίας
417 1624 669 1703 (χρόνους
715 1627 780 1701 ζ’)
820 1630 996 1700 μῆνας
1033 1633 1102 1696 γ’,
1148 1628 1359 1698 ἡμέρας
1393 1623 1522 1690 κςό
1564 1623 1722 1694 ἐσχό-

167 1725 288 1778 λισε
315 1723 374 1777 δὲ
398 1723 491 1776 καὶ
531 1713 560 1775 ὁ
593 1721 781 1792 θρόνος
819 1719 1036 1791 ἡμέρας
1064 1723 1163 1772 κε’.
1200 1715 1404 1769 Τούτου
1443 1713 1519 1784 τῷ
1541 1711 1721 1782 καιρῷ

164 1814 491 1888 ήικκλησία
539 1813 633 1867 τοῦ
678 1808 992 1882 Αάτεράνου
1034 1807 1299 1879 διεφθάρη
1329 1819 1348 1873 ,·
1412 1807 1481 1878 ἢν
1536 1807 1720 1860 πᾶσαν

162 1911 264 1965 ἀπὸ
291 1908 555 1978 θεμελίων
588 1906 617 1958 ό
646 1891 939 1977 εἰρημένος
980 1903 1199 1961 ἀνανεοῖ
1242 1900 1449 1962 παπας.
1494 1892 1664 1961 Οὗτος
1693 1897 1741 1949 ό·

162 2000 380 2071 Σέργιος
427 1997 674 2059 διάκονος
719 1993 796 2048 ὢν
841 1989 1010 2048 πάλαι
1050 1993 1166 2046 ικαὶ
1213 1990 1490 2056 ἐπίδοξος,
1539 1987 1633 2059 ἐπὶ
1662 1986 1722 2041 τὸ

161 2089 582 2161 ἀρχιερατεῦσαι
619 2084 864 2156 Ῥώμης,
898 2083 1004 2139 ὑπὸ
1040 2083 1323 2155 Φορμόσου
1373 2079 1720 2151 ἐκκρούεται,

161 2181 599 2252 ἀντεισαχθέντος
623 2161 857 2234 ἑκείνουξ
876 2169 1050 2231 Μετὰ
1078 2176 1180 2246 τὴν
1202 2174 1466 2242 ’τελευτὴν
1489 2172 1721 2239 ἐκείνου,

158 2266 250 2331 τοῦ
290 2257 670 2346 Χριστοφόρου
702 2261 798 2335 τδν
837 2269 1028 2344 θρόνον
1071 2268 1350 2334 λαϐόντος,
1398 2261 1553 2331 οὗτος
1581 2268 1722 2322 ἀπέ-

157 2369 358 2439 δραμεν
392 2366 476 2430 είς
503 2355 631 2428 τοὺς
659 2356 967 2434 Φράγγους,
994 2362 1090 2417 καὶ
1123 2363 1192 2434 τῇ
1233 2360 1459 2433 βοηθείᾳ
1498 2360 1722 2432 ἐκείνων

156 2457 476 2533 ὀχυρωθεὶς,
533 2458 628 2514 καὶ
663 2454 760 2513 τοῦ
795 2455 989 2528 θρόνου
1015 2454 1461 2526 εἰπειλημμένος,
1490 2455 1581 2508 τὸν
1622 2441 1726 2524 μὲν

157 2553 531 2626 Χριστοφόρον
560 2550 740 2617 ζῶντα
783 2551 878 2605 τοῦ
905 2545 1098 2621 θρόνου
1129 2546 1460 2616 καταγαγὼν
1507 2546 1722 2618 φυλακῇ

157 2647 560 2718 παραδίδωσιν
627 2644 970 2716 ἀμυνόμενος
1016 2642 1084 2697 δὲ’
1142 2641 1238 2696 καὶ
1283 2642 1563 2712 Φόρμοσον
1621 2638 1722 2709 ἤδη

151 2736 585 2809 τετελευτηκότα
625 2736 725 2806 τῆς
769 2733 938 2788 πάλαι
983 2731 1305 2804 διαφθορᾶς,
1340 2729 1436 2784 καὶ
1492 2727 1724 2782 ἐκδικῶν

158 2831 346 2886 ἑαυτὸν
374 2833 477 2902 τῆς
503 2830 851 2893 ἐκπτώσεως,
882 2829 1072 2899 ἐξάγει,
1100 2827 1196 2881 τοῦ
1224 2827 1396 2895 τάφου
1420 2825 1722 2896 Φόρμοσον,

157 2927 249 2981 καὶ
282 2928 344 2979 ιν
375 2926 557 2998 θρόνῳ
596 2922 856 2997 ἱερατικῷ
886 2921 1176 2995 ίερατικῶς
1212 2919 1557 2988 ἐνδεδυμένον
1585 2919 1725 2971 dno-

157 3003 555 3090 κεφαλισθῆναι
583 3011 906 3087 πρεσέταεε,
936 3015 1031 3068 καὶ
1064 3014 1146 3077 εἰς
1176 3013 1268 3065 τὸν
1301 3011 1524 3082 Τίϐεριν
1553 3010 1725 3080 ἀπορ-

1819 527 2064 582 exercuit
2109 540 2280 580 annos
2337 534 2446 578 tres
2478 539 2712 589 menses,
2769 523 2940 587 duos;
2998 530 3055 576 et
3103 528 3223 590 post
3268 521 3383 584 ejus

1821 614 2050 673 mortem
2089 616 2300 671 vaeavit
2332 613 2701 670 Romanorum
2737 611 2977 668 Ecclesia
3022 611 3214 666 diebus
3265 623 3379 662 ses.

1890 710 1999 769 Leo
2030 709 2148 763 dies
2195 707 2557 777 quadraginta
2617 704 2896 776 regnavit;
2953 714 3006 758 et
3051 713 3173 774 post
3206 704 3382 758 dictos-

1819 801 1936 857 dies
1971 800 2121 854 illum
2144 814 2173 852 a
2204 789 2466 868 dignitate
2489 796 2918 864 Christophurus
2944 794 3068 862 ejus
3098 795 3382 864 presbyter

1819 901 2077 942 amovens
2106 887 2160 940 iu
2187 885 2496 941 custodiam
2524 881 2826 952 injecit,'et
2863 884 2934 939 ita
2979 882 3378 952 przcsidcntiatn

1819 977 2021 1047 rapuit.
2090 977 2194 1032 Sed
2248 976 2352 1032 iste
2410 984 2535 1044 post
2595 987 2814 1028 menses
2869 982 3073 1042 septem
3140 972 3288 1040 regni
3351 990 3378 1020 ιι

1822 1066 2013 1139 Sergio
2069 1058 2265 1122 ihrono
2321 1053 2577 1136 depulsus
2628 1072 2712 1119 est
2763 1071 2819 1118 et
2872 1062 2926 1117 in
2974 1075 3248 1116 carcerem
3299 1061 3350 1113 in

1819 1159 2026 1214 elusus.
2189 1149 2194 1154 ’
2406 1145 2414 1152 ’
2631 1152 2634 1156 ’

1894 1250 2324 1320 Christophorus
2382 1248 2660 1304 mensibus
2713 1255 2959 1315 septem;
3027 1244 3118 1298 ille
3195 1253 3377 1296 autem

1821 1341 2041 1406 throno,
2100 1348 2160 1395 ut
2211 1340 2414 1396 dictum
2460 1347 2571 1407 est,
2627 1339 2890 1409 depulsus
2954 1335 3258 1390 monachus
3303 1335 3379 1388 ia-

1821 1442 1944 1487 ctus
1975 1440 2082 1487 est.
2846 1483 2851 1487 _
2896 1437 2897 1440 “

1891 1537 2116 1608 Sergius
2157 1536 2557 1607 Christophoro
2608 1535 2908 1592 succedens
2961 1534 3232 1606 gubernat
3282 1532 3386 1587 Ee-

1820 1626 2040 1683 elesiam
2083 1626 2275 1696 (annos
2312 1625 2539 1695 septem)
2590 1639 2810 1680 menses
2858 1635 2992 1685 tres,
3041 1623 3159 1678 dies
3195 1639 3286 1677 sex
3331 1633 3386 1676 ct

1823 1718 2036 1789 viginti.
2078 1717 2301 1772 Vacavit
2350 1725 2531 1771 autem
2585 1717 2745 1772 sedes
2791 1716 2986 1770 diebus
3035 1716 3280 1786 quinque
3331 1725 3385 1767 et

1821 1809 2034 1881 viginti.
2070 1809 2230 1864 lllius‘
2254 1818 2495 1878 tempore
2545 1807 2772 1864 ecclesia
2819 1794 3079 1862 Laterani.
3107 1808 3380 1861 destructa

1821 1911 1928 1966 est,
1963 1916 2126 1972 quam
2161 1908 2329 1956 totam
2377 1915 2407 1954 a
2450 1899 2820 1954 fundamentis
2844 1898 3022 1954 dictus
3059 1897 3202 1966 Papa
3235 1910 3386 1950 reno-

1821 1989 1986 2044 vavit.
2048 1990 2154 2044 Iste
2199 1989 2422 2057 Sergius
2476 1989 2740 2064 diaconus
2787 2003 2910 2043 cum
2960 1995 3102 2044 esset
3151 1988 3278 2040 olim
3332 1996 3389 2040 et

1821 2081 2075 2144 illustris,
2108 2080 2176 2135 ad
2207 2079 2562 2135 obtinendum
2592 2078 2896 2134 Romanum
2924 2077 3324 2146 pontiﬁcatum,
3357 2091 3387 2129 a

1821 2169 2086 2226 Formoso
2129 2178 2458 2234 removetur,
2516 2168 2636 2238 ipso
2681 2169 2860 2224 locum
2917 2168 3038 2237 ejus
3081 2167 3385 2220 subeunte.

1821 2261 1952 2318 Post
1972 2271 2206 2317 mortem
2238 2261 2515 2325 Formosi,
2561 2259 2960 2327 Christophoro
3003 2259 3259 2313 thronum
3292 2272 3390 2311 oc-

1821 2363 2097 2424 cupante,
2153 2354 2255 2408 iste
2314 2353 2542 2408 secessit
2596 2352 2663 2407 ad
2719 2351 3012 2413 Francos,
3066 2361 3120 2405 et
3186 2349 3390 2404 auxilio

1821 2447 2010 2510 eorum
2056 2445 2272 2515 adjutus
2302 2452 2357 2499 et
2401 2444 2600 2499 throno
2647 2438 2890 2513 potitus.
2929 2442 3388 2512 Christophornm

1822 2536 2040 2606 quidem
2103 2535 2286 2590 vivum
2338 2548 2371 2589 e
2427 2534 2626 2589 throno
2678 2532 2942 2603 dejiciens
3000 2533 3054 2586 in
3115 2545 3389 2586 carcerem

1824 2626 2097 2698 includit;
2132 2625 2457 2681 Formosum
2485 2635 2667 2682 autem
2688 2623 2801 2694 jam
2839 2633 3109 2678 mortuum
3143 2622 3212 2678 de
3240 2623 3394 2677 clade

1823 2734 1988 2789 quam
2033 2718 2163 2772 olim
2199 2717 2441 2772 subierat
2471 2716 2730 2788 puniens,
2786 2726 2840 2772 et
2891 2717 3072 2786 ipsum
3115 2717 3187 2770 ob
3233 2729 3390 2769 suam

1824 2798 2198 2880 expulsionem
2249 2809 2648 2870 condemnatis,
2684 2823 2716 2862 e
2761 2807 3017 2877 sepulcro
3065 2804 3388 2860 Formosum

1825 2900 2066 2959 extrahit
2093 2910 2148 2956 et
2178 2900 2232 2953 in
2275 2900 2490 2959 throno
2529 2896 2829 2967 pOntiiicali
2872 2897 3131 2951 vestitum
3171 2893 3392 2960 pontiti-

1824 2982 2017 3056 caliter
2045 2991 2222 3060 capite
2260 2989 2502 3046 truncari
2529 2989 2696 3058 jussit
2717 2997 2771 3043 et
2800 2988 2855 3042 in
2899 2985 3144 3041 Tiberim
3177 2983 3393 3056 projici,

151 3078 401 3189 ῥιφῆναι,
439 3078 536 3164 καὶ
588 3078 770 3171 πασας
819 3078 919 3170 τὰς
961 3105 1060 3160 ὑπ’
1105 3104 1273 3158 αὑτοῦ
1317 3078 1725 3188 καθεσταμένας

1830 3098 2133 3157 omnesque
2182 3083 2252 3138 ab
2303 3096 2370 3137 eo
2414 3082 2745 3136 constitutas
2785 3079 3078 3148 dignitates
3128 3078 3393 3131 amoveri.

361 3169 772 3271 dnoﬁnﬂijvat.
803 3199 1038 3267 Λέγεται
1063 3196 1122 3251 δὶ
1157 3197 1278 3268 μετ’
1303 3197 1363 3249 οὐ
1399 3186 1534 3271 πολὺ
1565 3169 1723 3266 napi

1829 3176 2039 3233 Dicitur
2062 3191 2194 3232 vero
2225 3191 2332 3231 non
2366 3174 2539 3228 multo
2573 3180 2696 3242 post
2734 3188 2765 3226 a
2800 3171 3164 3242 piscatoribus
3193 3169 3390 3223 inven-

149 3296 349 3351 ἁλιέων
409 3293 718 3366 εὑρημένον
759 3291 1063 3362 Φόρμοσον,
1101 3293 1196 3342 καὶ
1234 3289 1294 3340 ἐν
1338 3290 1402 3358 τῇ
1457 3287 1725 3359 ἐκκλησίᾳ

149 3389 242 3444 τοῦ
271 3386 560 3460 μακαρίου
605 3384 816 3454 Πέτρου
844 3379 1092 3445 τεθέντα,
1124 3380 1359 3451 ὀφθῆναι
1400 3379 1728 3458 εἰκόναςγτι-

147 3485 252 3538 νῶν
272 3455 482 3551 ⁷ἁγίων
508 3475 921 3552 προσκυνούσας
953 3475 1046 3528 καὶ
1079 3472 1315 3543 ἐντίμως
1343 3455 1724 3542 ὑπαγορευού-

150 3590 248 3639 σας
281 3573 485 3637 αὐτὸν,
505 3565 610 3624 καῖ
626 3562 790 3630 τοῦτο
818 3566 977 3636 δῆλον
1007 3563 1222 3627 πολλοῖς
1253 3563 1467 3631 γέγονε.

217 3663 380 3720 Μετὰ
435 3661 664 3732 Σέργιον
721 3657 1072 3718 ’Δναστάσιος
1127 3651 1539 3726 ἁρχιερατεύει,
1570 3652 1727 3719 γένος

149 3753 248 3823 μὶν
288 3751 592 3821 Ῥωμαῖος,
645 3749 842 3819 κρατεῖ
881 3745 939 3800 δὲ
985 3744 1085 3814 τῆς
1128 3741 1456 3812 Ἐκκλησίας
1502 3741 1728 3813 χρόνους

144 3841 239 3895 δύο
267 3842 369 3896 καὶ
406 3841 588 3910 μῆνας
628 3837 741 3901 δύο,
775 3832 892 3890 εἶτα
932 3833 1192 3906 τελευτᾷ·
1230 3831 1454 3904 χηρεύει
1486 3831 1542 3884 δὲ
1577 3831 1672 3884 καὶ
1699 3826 1728 3883 ό

146 3935 337 4008 θρόνρς
369 3933 590 4005 ἡμέρας
620 3930 704 3998 ἒξ.
1521 3912 1523 3914 ’

79 4041 84 4050 ’
148 4098 150 4100 τ
213 4026 380 4084 Μετὰ
428 4022 786 4078 Ἀναστάσιον
837 4019 1066 4081 Δοῦνδος
1119 4018 1267 4087 γένει
1310 4015 1581 4084 Ῥωμαῖος
1631 4015 1727 4070 καὶ

143 4119 308 4182 αύτδς
335 4117 556 4179 ’πάπας
571 4114 791 4183 γίνεται
826 4112 1002 4184 μῆνας
1031 4110 1090 4176 ἒξ
1114 4127 1128 4143 ·
1179 4108 1432 4180 σχολάζει
1474 4107 1658 4161 smn
1690 4108 1724 4179 ἠ

122 4212 125 4213 ⁷
156 4210 473 4283 Ἐκκλησία
505 4207 719 4279 ἡμέρας
745 4202 859 4269 κς·’.

212 4303 383 4360 Μετὰ
431 4297 623 4352 τοῦτον
662 4292 1045 4367 ἁρχιερατεύει
1087 4293 1338 4361 Ἰωάννης
1385 4293 1610 4363 χρόνους
1633 4296 1723 4358 ιγ’,

145 4391 330 4463 μῆνας
358 4387 432 4461 β’,
457 4385 669 4458 ἡμέρας
709 4385 783 4454 Υ.
824 4380 989 4447 Οὗτος
1019 4384 1134 4447 υἱὸς
1175 4383 1400 4452 Σεργίου
1442 4383 1599 4436 παπα
1633 4382 1727 4435 καὶ

1825 3277 1942 3324 tum
1963 3264 2286 3320 Formosum
2310 3274 2362 3318 et
2385 3263 2437 3316 in
2468 3263 2699 3317 ecclesia
2743 3260 2894 3315 beati
2923 3258 3069 3314 Petri
3088 3257 3392 3327 depositum

1826 3373 1969 3424 esse,
2017 3363 2150 3412 tunc
2175 3356 2319 3412 visas
2351 3369 2473 3410 esse
2514 3353 2778 3422 imagines
2809 3352 3118 3420 aliquorum
3173 3359 3393 3404 sanctu-

1828 3467 1950 3505 rum
1979 3450 2272 3504 adorantes
2316 3448 2468 3502 illum
2501 3457 2555 3500 et
2589 3460 2710 3500 eum
2758 3445 2969 3499 honore
3011 3442 3353 3510 alloqttentes
3379 3477 3394 3500 ,

1827 3553 1880 3598 et
1912 3544 2013 3595 hoc
2043 3554 2228 3595 coram
2260 3538 2444 3592 multis
2470 3536 2741 3591 evenisse.
3322 3596 3328 3600 ν

1900 3631 2031 3688 Post
2072 3631 2320 3701 Sergium
2372 3629 2693 3684 Anastasius
2743 3639 3017 3682 summum
3061 3622 3394 3692 pontiﬁcium

1829 3725 2056 3804 adeptus
2104 3732 2205 3789 est,
2253 3736 2450 3792 genere
2483 3721 2786 3780 liomanns,
2823 3717 3074 3787 regitque
3099 3713 3393 3768 Ecelesiam

1831 3833 2005 3876 annos
2065 3817 2227 3880 duos,
2275 3825 2328 3870 et
2379 3829 2596 3869 menses
2657 3811 2831 3877 duos;
2879 3810 3077 3865 deinde
3139 3807 3396 3865 moritur,

1829 3924 1988 3968 vacat
2016 3920 2195 3966 autem
2229 3910 2462 3964 thronus
2491 3906 2685 3962 diebus
2719 3920 2837 3960 sex.

1900 4003 2030 4060 Post
2058 4002 2413 4057 Anastasium
2451 4000 2676 4055 Lundus
2717 4009 2916 4068 genere
2951 3993 3234 4050 Romanus
3262 4007 3394 4062 papa

1831 4099 1889 4153 iit
1929 4097 2209 4152 mensibus
2237 4110 2356 4156 sex,
2389 4101 2545 4148 vacat
2573 4104 2700 4151 vero
2736 4086 2976 4144 Ecclesia
3006 4085 3197 4142 diebus
3225 4100 3316 4140 sex
3349 4094 3401 4139 ct

1831 4189 2042 4261 viginti.

1900 4291 2034 4346 Post
2080 4305 2204 4357 eum
2255 4285 2630 4358 pontiﬁcatum
2681 4291 2899 4338 exercet
2940 4277 3178 4335 Joannes
3224 4292 3400 4330 annos

1834 4384 2090 4440 tredecim
2121 4421 2135 4446 ,
2203 4395 2417 4436 menses
2473 4377 2612 4432 duos
2655 4383 2710 4430 et
2751 4375 2869 4429 dies
2912 4383 3044 4429 tres.
3093 4369 3200 4426 Iste
3256 4368 3400 4423 ﬁlius

143 4460 460 4544 ἐπίσκοπος
504 4477 798 4547 Ῥαϐέννης
827 4477 902 4541 ὡς
927 4476 1029 4546 μέν
1049 4494 1132 4529 τοι
1158 4477 1439 4547 ἐπιϐήτωρ
1468 4476 1568 4544 τῆς
1609 4476 1725 4529 Ἐκ.

1836 4475 2009 4546 Sergii
2066 4488 2216 4543 papae
2253 4481 2308 4526 et
2358 4470 2647 4540 episcopus
2691 4465 2986 4528 Ravennae,
3038 4473 3097 4518 ut
3142 4460 3401 4516 Ecclesia:

144 4574 389 4646 κλησίας
442 4571 651 4624 ἐκεῖθεν
695 4567 789 4622 καὶ
817 4567 926 4622 ἀπὸ
974 4567 1172 4630 παντὸς
1216 4565 1308 4620 τοῦ
1356 4565 1486 4619 λαοῦ
1522 4563 1634 4618 -τοῦ
1669 4566 1727 4619 ὲν

154 4669 437 4739 Ῥαϐέννῃ
469 4660 809 4717 ἐκϐάλλεται.
841 4659 1044 4715 Τούτου
1072 4661 1137 4730 τῇ
1187 4659 1348 4729 βουλῇ
1383 4660 1477 4712 καὶ
1507 4661 1573 4730 τῇ
1602 4659 1728 4728 βοη-

146 4763 272 4834 θείᾳ
316 4761 371 4814 οἱ
434 4755 744 4834 Σαρακηνοὶ
784 4755 833 4806 οί
889 4751 1236 4821 κυριεύοντες
1284 4750 1513 4813 Ἰταλίας
1562 4751 1729 4819 ἐγγὺς

153 4855 394 4924 Ῥώμης
444 4848 728 4921 ἥττηνται.
776 4840 912 4898 Εἶτα
957 4843 1118 4906 αὐτὸς
1151 4844 1179 4896 ό
1224 4843 1414 4904 πάπας
1475 4842 1730 4910 Ἰωάννης

145 4945 293 5018 μετὰ
346 4941 693 5010 Μαρκίωνος
743 4935 1060 5004 ’Δλϐερίκου
1116 4935 1450 4996 εἰσελθόντες
1499 4935 1578 4999 είς
1631 4933 1730 5002 τὴν

151 5036 468 5093 Ἀπουλίαν
501 5031 642 5086 κατὰ
687 5028 1017 5100 Σαρακηνῶν
1068 5027 1219 5098 παρὰ
1255 5027 1600 5098 Γαριλιανὺν,
1636 5028 1731 5080 καὶ

141 5128 571 5204 συμϐάλλοντες
601 5125 716 5187 τοῖς
759 5123 1093 5192 Σαρακηνοῖς
1137 5120 1395 5191 ἐνίκησαν
1437 5120 1533 5174 καὶ
1570 5119 1730 5174 πάλιν

137 5222 353 5284 αὐτοὺς
391 5216 538 5271 κατὰ
570 5215 793 5285 κράτος.
824 5209 955 5266 Εἶτα
987 5212 1324 5275 εἰσελθόντες
1349 5211 1407 5264 ὲν
1439 5214 1504 5281 τῇ
1541 5211 1729 5280 Ῥώμῃ

139 5315 300 5386 περὶ
333 5308 544 5370 παντὸς
592 5305 688 5364 τοῦ
719 5304 849 5360 λαοῦ
884 5305 940 5358 ὲν
967 5305 1114 5375 χαρᾷ
1160 5305 1254 5357 καὶ
1289 5307 1422 5375 τιμῇ
1471 5303 1730 5374 προσεδέ-

139 5409 403 5478 χθησαν·
459 5398 577 5453 ἀλλ’
619 5397 855 5462 ,ὕστερον
889 5395 1187 5462 διαφωνίας
1241 5394 1627 5464 ἑπισυμϐἁσης
1672 5397 1730 5448 ἐν

139 5496 518 5568 ἀμφοτέροις,
548 5493 577 5544 ό
617 5489 884 5558 Μαρκίων
921 5487 1204 5550 ἐξωθεῖται
1239 5489 1334 5556 τῆς
1373 5488 1601 5551 πόλεως,
1638 5488 1731 5540 καὶ

140 5585 480 5645 καστέλλιόν
521 5598 573 5634 τι
619 5580 792 5654 ϐνομα
821 5581 992 5647 "Opta
1042 5583 1340 5652 κρατήσας,
1385 5581 1501 5632 ἐκεῖ
1537 5580 1730 5634 ἑαυτὸν

1837 4569 2001 4638 hujus
2049 4573 2342 4636 usurpator
2371 4555 2439 4617 ab
2479 4560 2630 4616 omni
2672 4555 3017 4614 Ravennen‘si
3045 4555 3201 4623 plebe
3245 4551 3396 4617 ejici-

1835 4671 1946 4716 tur.
2003 4657 2135 4728 Ejus
2195 4655 2425 4711 consilio
2467 4664 2524 4708 et
2568 4667 2670 4722 ope
2723 4649 2981 4705 Saraceni
3049 4647 3142 4714 qui
3195 4643 3398 4698 Italiam

1835 4749 2156 4808 obtinebant
2219 4748 2366 4802 circa
2429 4743 2659 4800 Romam
2723 4740 2921 4796 devicti
2981 4747 3130 4793 sunt.
3201 4733 3402 4789 Dei‘mle

1833 4845 1949 4915 ipse
1980 4857 2115 4913 papa
2157 4839 2394 4896 Joannes
2438 4847 2494 4893 et
2522 4835 2765 4891 marchio
2816 4832 3095 4887 Albcricus
3132 4827 3401 4880 intrantes

1833 4938 1888 4991 in
1917 4935 2170 5005 Apuliam
2205 4941 2396 4988 contra
2429 4930 2737 4985 Saracenos
2765 4923 2919 4995 juxta
2947 4919 3317 4978 Gariiiannm,’
3348 4929 3402 4971 et

1834 5044 1958 5085 eum
1993 5027 2077 5082 eis
2109 5041 2300 5080 manus
2327 5025 2732 5078 committentes
2757 5018 2954 5072 iterum
2979 5027 3075 5067 eos
3103 5010 3232 5064 totis
3273 5024 3394 5062 cum

1831 5120 2046 5177 viribus
2100 5119 2379 5173 fuderunt.
2434 5114 2630 5168 Postea
2679 5103 2908 5165 Romam
2981 5104 3270 5159 redeuntes
3330 5098 3400 5151 ab

1833 5213 1980 5268 omni
2026 5211 2229 5282 pepqu
2283 5210 2334 5262 in
2385 5207 2582 5278 gaudio
2611 5212 2667 5257 et
2711 5201 2922 5254 honore
2973 5193 3184 5263 excepti
3233 5200 3399 5260 sunt;

1835 5304 1926 5361 sed
1969 5281 2166 5358 deinde
2197 5299 2467 5354 discordia
2505 5297 2644 5350 inter
2681 5293 2803 5346 illus
2848 5297 3122 5359 surgente,
3155 5281 3399 5336 mai-chio

1835 5397 1904 5450 ab
1937 5397 2070 5450 urbe
2100 5393 2409 5463 expellitur,
2434 5399 2487 5444 et
2512 5386 2736 5442 castello
2756 5383 2886 5438 Orta
2915 5379 3135 5433 nomine
3169 5376 3398 5443 potitus,

1838 5489 1945 5543 illic
1981 5503 2038 5542 sc
2081 5487 2304 5549 detinet,
2358 5483 2524 5537 mittit
2564 5489 2742 5533 autem
2781 5477 2981 5542 legatos
3021 5471 3086 5524 ad
3124 5468 3395 5533 llungros,

1836 5589 1895 5634 ut
1927 5578 2148 5633 veniant
2194 5583 2249 5629 et
2296 5572 2607 5644 possideant
2639 5570 3009 5621 liomauorum
3056 5569 3267 5620 terras;
3305 5552 3398 5622 qui

215 5746 298 5818 (3)
325 5739 634 5815 Utramque
671 5742 1040 5800 narrationem
1071 5739 1137 5796 de
1167 5755 1382 5824 carcere
1409 5747 1462 5796 et
1490 5704 1556 5794 de
1590 5735 1916 5792 monachatu
1981 5727 2358 5799 Christuphori
2388 5725 2550 5784 refert
2584 5723 2744 5780 etiam
2781 5719 3105 5778 Bcrnardus.
