4008 6342
157 291 247 356 413

1241 297 1323 356 ΙΝ
1363 297 1815 358 PROPIIETAS
1862 301 2232 362 MINORES.

3237 285 3366 358 ~4N:

154 406 233 459 καὶ
263 401 332 468 τῷ
361 399 474 453 δντι
513 399 686 454 εἰπεῖν
715 400 918 469 νοερῶς
959 403 1379 473 ἐπιτραπέντες,
1414 405 1510 457 καὶ
1558 408 1673 475 όρι-

1813 423 2014 475 uperne
2039 409 2216 462 edocti
2243 418 2296 462 et
2333 410 2534 480 reipsa'
2564 412 2842 481 sapienter
2891 411 3040 478 loqui
3087 410 3366 464 conliden-

153 495 341 552 σθέντες
367 490 499 561 πρὸς
535 492 692 554 Θεοῦ,
731 493 902 544 ταῦτα
935 496 1014 556 εἰς
1049 494 1325 569 προῦπτον
1362 497 1684 565 λευκότερον

148 581 548 651 ἐσαφηνῖσαμεν.
587 583 648 635 Οἱ
681 583 788 653 γὰρ
815 583 921 653 πρὸ
942 586 1098 654 ήμῶν
1129 586 1394 639 Θειότατοι
1438 589 1530 641 καὶ
1564 588 1684 640 θεο-

149 676 284 745 φόροι
314 675 569 742 Πατὲρες,
625 675 682 726 ὲν
714 676 1019 745 καταλήψει
1077 677 1229 730 ταῦτ’
1280 678 1530 749 ἔχοντες,
1587 681 1685 749 οὐχ

145 768 337 820 ἅπαντα
380 763 812 833 διηρμήνευσαν,
864 767 1011 821 ἐστιν
1072 770 1269 835 εἰπεῖν,
1312 773 1456 841 nam
1500 772 1588 824 διὰ
1624 772 1685 825 τὸ

147 855 468 923 πολυπληθὲς
511 857 622 909 τῶν
666 857 951 928 νοημάτων
984 861 1053 914 τὰ
1079 863 1249 916 πολλὰ
1285 865 1682 932 παρεάσαντες,

146 949 268 1020 ήότι
298 947 415 1000 θεία
469 966 554 1011 τις
597 949 690 1002 καὶ
716 952 853 1020 πρὸς
872 953 933 1004 τὸ
962 953 1138 1024 τέρμα
1165 955 1316 1008 τοῦδε
1351 957 1445 1008 τοῦ
1478 958 1683 1023 κόσμου

143 1039 468 1110 ταμιεύσασα
522 1042 795 1111 τετήρηκε
847 1043 968 1097 θεία
1021 1047 1201 1116 χάρις,
1258 1047 1345 1100 διὰ
1392 1048 1453 1099 τὸ
1486 1049 1687 1101 καὶτὰ

144 1129 250 1183 καθ’
280 1130 420 1199 ἡμᾶς
444 1130 543 1200 ἤδη
575 1132 747 1201 πέρας
797 1131 962 1201 ἔχειν,
997 1136 1091 1188 καὶ
1140 1136 1276 1205 πρὸς
1308 1138 1480 1191 αἰῶνα
1511 1138 1688 1191 νεύειν

141 1224 221 1274 τον
244 1221 626 1291 ἐπερχόμενον.
656 1223 789 1298 Οὐδὲ
818 1226 926 1297 γὰρ
956 1227 1076 1298 εἰκῇ
1125 1227 1216 1280 τὸν
1248 1229 1478 1298 τυχόντα
1526 1230 1687 1284 πόνον

141 1314 224 1365 καὶ
246 1312 437 1383 ἱδρῶτα
493 1315 642 1368 τόνδε
677 1296 1120 1389 τὸνδόνησιφόρον
1142 1296 1580 1391 κατεὸαλόμεθα,
1609 1324 1688 1386 εἰς

138 1406 264 1476 ἀέρα
294 1407 451 1476 μόνον
475 1408 566 1462 τὸν
597 1409 719 1464 νοῦν
743 1397 1011 1481 δέροντες.

198 1499 260 1568 β’.
295 1499 430 1552 Ἀλλ’
451 1501 640 1572 ἐπειδὴ
659 1503 920 1574 ἑωρῶμεν
938 1505 1061 1568 τοὺς
1079 1506 1392 1577 ἀλιτηρῖους
1408 1505 1691 1577 Ἐσραίηυς

141 1591 266 1657 μετά
290 1591 558 1652 τοσαύτας
584 1595 832 1658 παιδείας
861 1597 957 1650 καὶ
997 1598 1389 1664 ὲξωκείλαντας
1417 1598 1510 1651 τοῦ
1552 1600 1692 1666 ἁγα-

139 1683 244 1747 θοῦ,
278 1686 370 1736 καὶ
392 1684 473 1737 ἔτι
502 1686 932 1756 τληπαθοῦντας,
960 1694 1055 1743 καὶ
1088 1689 1229 1743 πάνυ
1263 1708 1325 1758 γε
1359 1690 1693 1768 κερτομοῦν-

1787 511 1890 564 tes,
1921 510 1973 554 et
2017 517 2081 554 ex
2117 501 2226 555 Deo
2252 503 2594 569 deﬁnientes,
2636 505 2748 558 lucc
2780 505 2831 558 in
2866 503 3228 573 limpidiorem
3253 505 3368 558 cla-

1785 591 1997 645 ritatem
2036 595 2442 662 proposuimus.
2481 595 2584 660 Qui
2617 597 2761 649 enim
2806 606 2930 650 ante
2966 611 3065 649 nos
3128 595 3369 662 Sanctis-

1786 683 1907 736 simi
1970 692 2025 737 et
2057 683 2226 737 divini
2271 684 2676 743 Patrcshorum
2713 688 3128 754 intelligentiam
3167 688 3373 739 habue-

1788 779 1934 834 runt,
1969 786 2074 824 non
2117 774 2302 826 omnia
2339 773 2680 842 interpretati
2717 785 2867 841 sunt,
2912 776 2962 828 id
2994 785 3095 833 est.
3128 775 3209 828 vel
3242 775 3370 842 quia

1787 861 2177 914 sententiarum
2242 863 2642 916 multitudinem
2701 865 3022 932 plerumque
3071 864 3372 931 pra'termi-

1787 961 1997 1014 serunt,
2068 952 2150 1006 vel
2209 955 2340 1023 quia
2388 955 2574 1009 divina
2639 958 2885 1025 quaedam
2931 956 2985 1009 in
3037 957 3222 1019 mundi
3253 955 3370 1021 ejus

1787 1042 2078 1094 terminum
2115 1057 2387 1111 seponens
2423 1044 2597 1114 gratia
2646 1047 2988 1110 reservavit,
3041 1045 3204 1099 rebus
3252 1059 3376 1112 qua:

1788 1130 1931 1184 circa
1959 1146 2058 1186 nos
2088 1144 2216 1187 sunt
2246 1135 2405 1187 linem
2451 1151 2579 1189 mox
2628 1136 2978 1199 habentibus,
3029 1145 3084 1190 et
3113 1136 3178 1189 ad
3224 1136 3372 1187 futu-

1789 1237 1907 1275 rum
1956 1224 2209 1278 sreculum
2241 1227 2611 1282 tendentibus.
2652 1227 2769 1283 Non
2807 1230 2951 1282 enim
3001 1238 3200 1283 temere
3235 1245 3373 1298 pra:-

1791 1299 1999 1367 sentem
2044 1316 2282 1370 laborem
2317 1328 2370 1372 et
2415 1319 2644 1374 sudores
2702 1321 2836 1374 istos
2881 1323 3146 1375 salutares
3179 1335 3371 1374 snscc.

1792 1405 1990 1476 pimus,
2023 1407 2077 1460 in
2108 1423 2286 1462 aerem
2328 1419 2535 1463 tantum
2585 1422 2816 1466 mentem
2854 1412 3204 1480 dissipantes.

1860 1498 1915 1551 2.
1953 1498 2056 1552 Sed
2087 1501 2344 1567 quoniam
2379 1502 2617 1556 vidimus
2673 1502 2911 1557 nefarios
2964 1501 3222 1558 llebrzeos
3253 1511 3374 1573 post

1796 1583 1902 1641 tam
1930 1588 2129 1644 multas
2165 1591 2556 1658 castigationes
2587 1607 2807 1647 aversos
2829 1608 2855 1644 a
2890 1593 3054 1656 bono,
3089 1603 3142 1647 et
3169 1595 3220 1645 in
3259 1593 3373 1661 ipsa

1794 1679 1969 1733 adhuc
1997 1695 2155 1748 pcena
2192 1682 2426 1735 multum
2481 1682 2832 1741 insultantes.
2881 1683 3178 1751 linguaque
3211 1680 3375 1734 etfre-

133 1790 242 1839 ταις.
304 1751 714 1848 ἀϐυροστόμους
766 1799 824 1833 τε
870 1751 1317 1853 βρενθυομένους,
1359 1751 1451 1837 καλ
1495 1751 1571 1835 εἴ
1589 1799 1691 1837 που

1808 1781 1921 1824 nata
1956 1771 2354 1840 superbientes,
2395 1781 2448 1826 et
2482 1773 2526 1826 si
2569 1773 2659 1841 qui
2697 1773 3045 1826 occurrerint
3079 1772 3378 1824 modestio-

132 1866 333 1934 τύχοιεν
362 1869 488 1931 τοὺς
534 1869 928 1940 ἀμλεστέρους
985 1873 1392 1942 φενακίζοντας,
1437 1877 1531 1929 καὶ
1580 1877 1692 1929 δει-

133 1957 228 2019 νῶς
265 1959 741 2031 διατεινομένους,
793 1967 889 2016 καὶ
945 1967 1362 2034 ἀντιλέγοντας,
1419 1969 1494 2031 ὼς
1541 1967 1694 2020 οὔπω

132 2048 245 2100 κατ’
274 2051 474 2113 αὖτοὺς
523 2053 552 2103 ό
575 2043 813 2124 Χριστὸς
841 2050 968 2126 ἧκε,
1013 2059 1473 2128 προσδεχομένους
1508 2076 1566 2112 τε
1600 2059 1693 2112 καὶ

130 2143 567 2211 καραδοκοῦντας
605 2149 685 2209 εἰς
721 2147 928 2216 μάταια
970 2148 1063 2202 τὸν
1115 2150 1484 2220 Ἀντίχριστον
1510 2152 1695 2213 αὐτοῖς

129 2234 340 2287 ἔσεσθαι
369 2238 433 2307 το
466 2237 660 2310 δοκοῦν
687 2239 778 2292 τὸν
832 2240 1079 2310 δυσσεϐῆ
1115 2244 1208 2295 καὶ
1257 2244 1490 2297 πλάνον·
1525 2244 1695 2298 πολλά

127 2324 176 2380 6t-
205 2328 295 2381 και
349 2327 490 2381 ἄλλα
542 2309 824 2400 δεινότερα
869 2332 1012 2385 κατά
1054 2333 1153 2403 τῆς
1203 2335 1508 2404 ἀμωμήτου
1538 2330 1696 2406 ήμῶν

129 2419 229 2474 τῶν
250 2420 598 2493 Χριστιανῶν
619 2422 855 2486 πίστεως
879 2423 1216 2495 βλασφήμως
1249 2427 1696 2498 ἐρεσχελοῦντας,

127 2511 216 2565 καὶ
266 2514 351 2574 εἰς
404 2513 571 2574 κενὰς
621 2512 846 2576 ἐλπίδας
900 2516 1200 2586 κεχηνότας
1246 2517 1374 2580 τοὺς
1430 2517 1696 2588 ἄφρονας,

131 2603 266 2656 ἀλλά⁴
307 2606 405 2657 καὶ
473 2604 583 2658 τῶν
642 2605 765 2660 κατ’
803 2606 1005 2673 αὐτοὺς
1046 2609 1259 2662 ἀσεϐῶν
1307 2611 1697 2680 α’ἱρετικῶντά

131 2694 425 2764 βλάσφημα
468 2696 713 2767 στόματα
743 2697 858 2768 μετ’
880 2699 1064 2753 αὐτῶν
1092 2700 1199 2753 τῶν
1223 2702 1425 2772 ὁμοίων
1449 2701 1526 2773 ’τῇ
1561 2703 1698 2758 θεοῦ

131 2788 422 2860 συνεργείᾳ
447 2789 728 2859 ἐμφράξαι
756 2789 1090 2859 βουλόμενοι,
1124 2792 1220 2845 κα³ι
1238 2792 1429 2861 δεῖξαι,
1451 2795 1546 2848 καὶ
1578 2797 1701 2849 πετ-

128 2892 232 2942 σαι,
280 2879 357 2942 ὡς
391 2876 501 2951 ἧκε
551 2880 786 2951 Χριστὸς
833 2882 930 2934 καὶ
976 2874 1146 2936 ἔπαθε
1181 2886 1522 2956 σαρκοφόρος
1549 2886 1700 2954 γενό-

129 2987 303 3036 μενος,
336 2973 435 3025 καὶ
468 2973 700 3043 τέθνηκε
738 2974 830 3027 καὶ
852 2977 1078 3049 ἀνέστη,
1111 2977 1206 3030 κάὶ
1246 2979 1526 3050 ἀνελήφθη
1551 2970 1699 3050 ,πρὸς

125 3064 213 3116 τὸν
241 3064 479 3136 Πατέρα
520 3067 601 3130 εἰς
633 3067 913 3136 ὀὐρανοὺς
963 3070 1108 3140 μετὰ·
1135 3070 1411 3140 σώματος,
1445 3054 1541 3126 καὶ
1580 3072 1700 3144 ἥξει

124 3157 283 3212 πάλιν
313 3156 348 3211 ὀί
373 3157 544 3222 αὐτὸς
575 3158 650 3221 ὡς
686 3158 1037 3230 θεάνθρωπος
1065 3152 1150 3215 ὧν
1193 3156 1331 3233 μετὰ
1355 3165 1454 3233 τῆς
1488 3163 1703 3236 ἀφθάρο

120 3264 221 3302 του
261 3251 478 3323 caput;
532 3252 702 3306 αὐτοῦ
731 3269 746 3284 ·
777 3253 880 3306 ’καὶ
940 3252 1022 3307 ὅτι
1059 3249 1218 3319 οὗτος
1248 3257 1420 3310 σεστιν
1451 3257 1479 3309 ὅ
1520 3257 1650 3321 Θεὸς
1675 3257 1706 3310 ό

122 3333 311 3409 ἀΐδιος.
377 3335 567 3399 ταῦτα
643 3342 820 3414 δεῖξαί
890 3348 1204 3419 βουλόμενοι
1257 3352 1344 3415 εις
1412 3353 1706 3405 κατάλυσιν

120 3437 227 3494 τῶν
290 3439 542 3503 ἄσεσῶν,
597 3441 694 3494 καὶ
751 3443 832 3505 εἷς
885 3443 1226 3496 ἀνακαινισιν
1284 3443 1394 3496 τῶν
1442 3436 1702 3510 εὐσεϐῶν,

118 3529 190 3592 ὡς
237 3531 307 3584 ἐν’
384 3531 702 3601 προφήταις
757 3529 1062 3601 ὁμοφώνως
1119 3533 1460 3605 δηλούμενα,
1536 3535 1707 3589 ταῦτα

117 3621 502 3694 διεξήλθομεν,
537 3616 649 3676 πᾶν
697 3615 875 3694 νόημα
925 3626 1024 3696 τῆς
1074 3617 1234 3696 ἀγῖας
1287 3615 1514 3696 Γραφῆς
1566 3629 1708 3682 κατά

121 3715 337 3770 Παῦλον
409 3716 505 3768 τὸν
559 3717 732 3786 μέγαν
779 3717 1077 3772 ἀπόστολον
1147 3717 1235 3770 ἐπ’
1289 3718 1526 3790 ὠφελείᾳ
1599 3721 1708 3773 τῶν

117 3805 440 3860 ἀκουόντων
487 3796 776 3877 εἰρημένον
805 3809 883 3868 εἰς
916 3806 1155 3877 Χριστὸν
1183 3809 1705 3878 αἰχμαλωτίζοντες.

187 3888 262 3968 γί.
291 3892 418 3956 Καί
444 3917 536 3970 μοι
558 3901 649 3954 τὸν
685 3901 808 3954 νοῦν
832 3901 1072 3965 εὐσεϐῶς
1104 3900 1436 3973 ἐπιστήσατε
1467 3904 1582 3957 ὅσοι
1611 3905 1708 3975 τῆς

119 3982 419 4067 μακαρίας
467 3989 616 4064 ζωῆς
668 3997 734 4048 ἐν’
782 3994 997 4065 μεθέξει
1055 3991 1311 4065 γενέσθαι
1365 3998 1608 4069 ἐφίεσθε,
1641 4000 1708 4052 ἵν’

116 4087 268 4158 ante
329 4086 462 4150 πῶς
514 4081 660 4140 οἶδεν
699 4088 756 4140 ἐν
800 4080 1015 4158 ὀργάνῳ
1039 4089 1312 4160 ’πενιχρῷ
1331 4079 1574 4160 ταπεινῷ
1618 4091 1711 4144 καὶ

118 4175 354 4250 σμικρῷ
382 4178 415 4230 ό
445 4176 581 4240 Θεὸς
634 4176 817 4230 λαλεῖν
847 4178 916 4231 τὰ
961 4177 1125 4230 αὑτοῦ
1145 4192 1159 4206 ⁸
1215 4178 1405 4248 μηδεὶς
1433 4177 1710 4249 ἀντελογος

114 4265 285 4336 ἔστω,
342 4269 733 4341 φιλόχριστοι·
786 4269 884 4340 οὐχ
944 4269 1218 4341 ἡμέτερον
1260 4270 1321 4324 τὸ
1371 4271 1576 4343 δρᾶμα,
1616 4273 1711 4327 τοῦ

1803 1877 1890 1916 res
1946 1863 2297 1931 pertinaciter
2349 1864 2676 1927 obstinatos,
2710 1865 3171 1925 contradicentes,
3221 1863 3378 1933 quasi

1801 1956 2038 2010 nondum
2069 1957 2324 2012 Christus
2381 1959 2522 2027 apud
2574 1958 2697 2012 illos
2745 1959 2972 2023 venerit,
3003 1967 3283 2024 sperantes
3329 1965 3382 2008 et

1800 2059 2178 2118 exspectantes
2209 2052 2261 2103 in
2308 2065 2508 2104 vanum
2553 2051 2951 2106 Antichristum
2990 2051 3098 2105 illis
3135 2051 3378 2105 futurum

1802 2155 1946 2202 esse,
1975 2157 2082 2209 quo
2109 2142 2380 2195 videbitur
2406 2143 2607 2212 impius
2639 2155 2691 2197 et
2720 2143 2948 2196 mendax
2989 2160 3002 2207 ;
3038 2142 3204 2196 multa
3236 2158 3384 2212 quo—

1803 2244 1908 2302 que
1941 2234 2047 2288 alia
2074 2234 2312 2288 truciora
2346 2234 2401 2288 in
2450 2245 2694 2290 nostram
2736 2234 3173 2289 Christianorum
3202 2235 3385 2287 incor-

1803 2335 2016 2396 ruptam
2062 2326 2218 2382 lidem
2265 2343 2390 2382 eum
2447 2327 2805 2397 blaspltemiis
2856 2328 3194 2400 cavillantes,
3243 2329 3384 2382 etin

1803 2424 1954 2490 spem
1985 2420 2202 2473 inanem
2233 2428 2293 2474 ut
2323 2419 2521 2475 stultOs
2551 2419 2790 2485 hiantes,
2819 2420 3070 2474 volumus
3097 2422 3387 2490 impiorum

1805 2513 1946 2565 inter
1977 2511 2099 2564 illos
2131 2518 2186 2565 et
2212 2511 2597 2566 haereticorum
2618 2511 3062 2582 blasphemantia
3097 2527 3192 2566 ora
3225 2512 3389 2579 ipsis-

1807 2612 1915 2656 met
1958 2601 2237 2658 similibus
2267 2603 2585 2659 rationibus
2604 2601 2717 2658 Deo
2751 2603 3048 2674 adjuvante
3074 2604 3388 2668 occludcre,

1806 2695 2093 2750 ostendere
2121 2703 2176 2748 et
2207 2696 2555 2763 persuadere.
2600 2694 2881 2751 Christum
2942 2699 3054 2768 jam
3091 2698 3307 2752 venisse
3337 2706 3392 2752 et

1806 2797 2038 2855 passum"
2058 2800 2180 2841 esse
2211 2788 2262 2841 in
2296 2801 2462 2842 carne
2511 2789 2738 2854 factum,
2796 2799 3076 2844 mortuum
3121 2806 3278 2855 esse,
3307 2806 3390 2844 re-

1807 2879 2136 2943 surrexisse,
2201 2879 2516 2934 ascendisse
2576 2881 2644 2935 ad
2702 2879 2916 2935 Patrem
2967 2883 3019 2935 in
3051 2882 3219 2937 coelos
3261 2897 3390 2936 cum

1807 2983 2036 3038 corpore
2089 2983 2212 3033 suo,
2261 2979 2317 3024 et
2371 2981 2662 3026 venturum
2702 2989 2826 3028 esse
2883 2974 3078 3028 iterum
3133 2974 3386 3028 eumdem

1808 3061 1980 3116 Dteum
2033 3062 2193 3117 simul
2250 3071 2304 3116 et
2337 3060 2615 3118 hominem
2671 3080 2795 3120 eum
2847 3071 2946 3120 sua
2987 3065 3390 3134 incorruptibili

1809 3167 1996 3219 carne,
2023 3163 2076 3208 et
2105 3154 2254 3208 hunc
2300 3153 2471 3208 Deum
2515 3171 2638 3211 esse
2690 3167 2954 3211 aeternum
2987 3173 3000 3210 :
3031 3159 3146 3212 haec
3198 3167 3390 3213 osten-

1809 3245 1945 3300 dere
1977 3244 2223 3299 volentes
2257 3245 2311 3298 in
2338 3245 2776 3324 destructionem
2820 3249 3110 3316 impiorum
3151 3259 3206 3303 et
3227 3265 3395 3302 reno-

1807 3337 2080 3391 Vati'onem
2121 3338 2357 3406 piorum,
2384 3346 2441 3394 ut
2469 3335 2614 3409 apud
2650 3340 2950 3410 prophetas
2987 3340 3232 3394 unanimi
3259 3355 3396 3392 con-

1807 3443 1972 3486 sensu
2011 3429 2382 3486 manifestata.
2419 3429 2548 3486 Haec
2574 3433 2959 3502 exposuimus,
2997 3446 3219 3485 omnem
3259 3447 3394 3486 san-

1807 3533 1910 3578 etas
1955 3522 2258 3592 Scriptura
2311 3525 2639 3580 sententiam
2659 3526 2822 3597 juxta
2873 3525 3100 3581 Pa’nlnm
3136 3541 3394 3596 magnum

1810 3614 2135 3684 Apostolum
2171 3616 2212 3679 ',
2252 3615 2321 3671 a'd
2375 3617 2667 3676 utilitatem
2728 3618 3067 3674 audientium
3125 3617 3394 3684 prolatam

1819 3708 1875 3762 in
1910 3709 2188 3765 Christum
2213 3709 2574 3780 captivantes.

1880 3900 1934 3954 '5.
1955 3896 2280 3970 Miltifigitur
2293 3906 2527 3954 mentem
2552 3898 2638 3969 pie
2660 3898 2932 3964 adhibete,
2949 3897 3215 3971 qtiotquot
3229 3901 3401 3956 beata:

1810 3992 1935 4047 vitae
1958 3999 2241 4048 consortes
2268 3992 2383 4046 ﬁeri
2412 3992 2634 4061 cupitis,
2677 4001 2737 4046 ut
2761 3992 2988 4048 videatis
3018 3996 3294 4064 quomodo
3327 3997 3383 4048 in

1813 4095 2023 4155 organo
2044 4077 2244 4149 debili,
2265 4083 2455 4140 humili
2485 4093 2542 4140 et
2565 4099 2736 4156 parvo
2765 4086 2986 4140 sciverit
3009 4085 3150 4141 Deus
3170 4101 3266 4143 sua
3288 4087 3402 4141 elo-

1814 4182 1907 4249 qui
1944 4194 1958 4242 ;
1990 4173 2174 4232 nullus
2229 4177 2592 4242 contradicat,
2658 4174 2867 4231 Christi
2927 4178 3250 4253 amatores;
3289 4195 3403 4234 non

1814 4279 2063 4327 nostrum
2090 4281 2172 4326 est
2209 4285 2388 4340 opus;
2425 4266 2536 4336 Dci_
2559 4271 2707 4324 enim
2748 4271 2922 4341 gratia
2946 4279 3054 4335 est,
3116 4278 3177 4326 ut
3209 4279 3404 4326 osten-

117 4356 257 4416 Θεοῦ
296 4361 419 4433 γὰρ
454 4360 488 4431 ή
533 4354 714 4430 χάρις,
741 4360 830 4413 ἵνα
861 4354 1010 4433 δείξῃ
1055 4361 1138 4414 ὅτι
1189 4362 1259 4416 τὰ
1312 4355 1700 4434 ἐξουθενημένα

1814 4358 1976 4420 datur
2004 4363 2429 4433 contemptibilia
2446 4372 2498 4417 et
2517 4362 2743 4418 humilia
2763 4379 2794 4421 a
2838 4362 2949 4418 Deo
2983 4364 3161 4421 electa
3189 4377 3311 4420 esse
3332 4362 3403 4427 ad

116 4454 215 4508 καὶ
275 4453 354 4506 τὰ
414 4452 654 4506 ταπεινὰ
682 4450 964 4517 ἐξελέξατο
1005 4455 1034 4507 ό
1074 4452 1228 4520 Oak,
1257 4453 1347 4507 ἵνα
1373 4455 1700 4528 καταισχύνῖ

1816 4452 2263 4515 confundendum
2297 4447 2460 4524 fortia
2490 4458 2534 4512 ³.
2563 4455 2669 4522 Qui
2700 4457 2849 4512 enim
2895 4470 2996 4528 ego
3025 4470 3170 4519 sum,
3199 4470 3410 4526 parvus

116 4546 188 4600 τὰ
219 4541 462 4618 ἰσχυρά.
504 4533 601 4608 τίς
647 4535 756 4616 γὰρ
811 4542 922 4613 ιγὼ
959 4548 988 4599 ὁ
1032 4547 1227 4617 μικρὸς
1255 4547 1346 4601 καὶ
1379 4549 1592 4618 πτωχὸς
1617 4552 1700 4604 καῚ

1821 4557 1876 4609 et
1931 4551 2213 4606 mendicus
2249 4559 2304 4605 et
2332 4558 2585 4616 peccator
2612 4549 2799 4614 homo,
2838 4557 2897 4627 ult
2919 4548 3108 4604 eadem
3133 4549 3187 4604 in
3221 4558 3404 4605 mente

113 4634 468 4711 ἀμαρτωλδς
511 4627 818 4708 ἄνθρωπος,
854 4638 942 4692 ἵνα
984 4639 1052 4693 τὰ
1095 4638 1237 4692 αὑτά
1275 4640 1356 4704 εἰς
1387 4639 1513 4714 νοῦν
1537 4641 1700 4696 λαϐὼε

1820 4638 2160 4716 perspiciens
2183 4642 2506 4699 melioribus
2550 4657 2638 4698 me
2681 4642 2976 4698 enarrem?
3003 4640 3186 4709 Quare
3215 4641 3408 4697 sciatis

116 4733 232 4793 τοῖς
285 4728 445 4802 ἐμοῦ
502 4728 774 4800 ἐξείποιμι
823 4731 1166 4798 κρείττοσιν;
1222 4719 1348 4786 ὅθεν
1383 4733 1596 4786 εἰσεσθε
1627 4738 1700 4807 κα

1821 4739 2042 4803 iterum,
2097 4737 2148 4792 id
2199 4751 2308 4791 non
2353 4751 2418 4791 ex
2459 4751 2545 4791 me
2573 4751 2718 4803 esse,
2775 4735 2870 4791 sed
2909 4736 3004 4791 Dei
3065 4735 3296 4790 donum.
3327 4733 3406 4789 Ne

115 4820 304 4891 αὖθις,
361 4823 475 4878 οὒκ
511 4821 569 4886 ἐξ
605 4822 762 4892 ἐμοῦ,
817 4822 953 4876 ἀλλὰ
984 4822 1120 4876 Θεοῦ
1165 4823 1226 4877 τὸ
1272 4824 1466 4895 δῶρον.
1500 4826 1592 4895 Μὴ
1631 4825 1700 4879 οῦ·

1823 4826 1992 4902 igitur
2019 4838 2246 4900 propter
2271 4824 2543 4883 defectum
2574 4837 2672 4884 aut
2700 4827 3165 4891 insuﬂicientiam,
3199 4826 3404 4881 bonam

116 4919 207 4972 δια
238 4918 305 4971 τδ
344 4905 604 4978 ἑλλειπὲς
636 4908 732 4967 καὶ
757 4914 817 4967 οὐ
844 4915 1018 4986 πάντη
1073 4903 1421 4986 καταληπτὸν
1454 4915 1554 4987 τὴν
1585 4918 1726 4987 ἁγα-

114 5011 220 5081 θὴν
246 5009 478 5077 ταύτὴν
509 5006 715 5078 εῐδησίν
738 5024 822 5070 τις
857 5007 1221 5079 ἐκμυκτηριετ
1239 5024 1252 5038 °
1273 4999 1407 5062 Θεοῦ
1458 5010 1566 5078 γάρ
1593 5012 1708 5066 ἔστι

118 5105 294 5174 μόνου
351 5103 424 5155 τὸ
478 5101 586 5153 πᾶν
630 5100 944 5164 ἀπταίστως
1018 5101 1559 5172 καταλαμϐάνεσθαι.
1626 5104 1719 5158 Διδ

112 5192 396 5260 δυσωπῶ,
468 5192 768 5264 σκοπητὲον
813 5191 953 5245 ἔστω
1002 5194 1114 5256 τοῖς
1143 5193 1434 5262 φιλοθέοις,
1482 5195 1556 5265 μὴ
1602 5199 1718 5260 τοῖς

117 5287 411 5346 ἐναντίοις
437 5298 490 5336 τι
521 5283 628 5335 τῶν
657 5283 835 5337 καλῶν
857 5276 1152 5355 προέσθαι,
1186 5286 1321 5341 ἀλλά
1372 5287 1636 5358 νουνεχῶς
1659 5305 1720 5340 τε

114 5379 219 5434 καὶ
259 5376 725 5445 ὲπιστημονικῶς
757 5379 814 5430 ἑν
847 5379 1103 5449 ἀκριϐείᾳ
1134 5379 1310 5434 ταῦτα
1355 5381 1718 5450 διαλέγεσθαι,

121 5475 203 5543 μὴ
273 5469 700 5540 παροδευτικῶς
753 5470 886 5540 μηδὲ
948 5471 1291 5540 φιλονείκως,
1353 5476 1445 5544 ἀφ’
1489 5466 1551 5531 οῦ
1598 5477 1721 5530 οὐδὲ

118 5559 438 5632 λυσιτελὴς
477 5561 508 5632 ή
537 5561 798 5629 ὠφέλεια,
831 5562 966 5616 ἀλλά
996 5563 1255 5632 φιλοθέως
1297 5567 1388 5621 καὶ
1420 5584 1722 5640 πνευματι-

212 5729 228 5760 ¹
266 5726 288 5784 1
326 5725 486 5811 Tim.
523 5736 601 5790 ιιι,
637 5723 721 5778 16.
800 5726 818 5756 ¹
852 5721 1020 5780 lCor.
1058 5740 1094 5790 ι,
1123 5725 1211 5779 27.

1829 4924 1972 4978 hanc
2021 4917 2330 4977 doctrinam
2371 4921 2572 4991 aliquis
2605 4922 2870 4976 irrideat:
2906 4918 2999 4974 Dei
3045 4919 3191 4974 enim
3233 4918 3406 4973 solius

1827 5021 1910 5070 est
1967 5023 2138 5069 totum
2183 5012 2539 5069 infallibiliter
2585 5011 3069 5082 comprehendere.
3123 5009 3246 5065 Ideo
3277 5023 3407 5077 rogo

1828 5106 2037 5161 ut-talis
2075 5107 2147 5160 sit
2182 5101 2274 5160 Dei
2329 5105 2525 5161 amicis
2561 5119 2784 5173 scopus,
2810 5120 2876 5158 ne
2907 5103 3058 5158 velut
3104 5092 3404 5172 adversarii

1831 5197 2035 5266 aliquid
2063 5240 2072 5250 .
2100 5198 2225 5252 boni
2272 5196 2710 5268 praetermittam,
2766 5199 2860 5251 sed
2890 5205 2950 5250 ut
3005 5195 3298 5266 prudenter
3351 5197 3407 5244 et

1829 5293 2108 5361 sapienter
2139 5277 2568 5362 cum’diligentia
2613 5287 2730 5343 haec
2760 5295 3034 5353 tractent;
3077 5300 3184 5338 non
3209 5296 3409 5354 prope-

1829 5382 2002 5439 rando
2063 5399 2240 5454 neque
2307 5381 2650 5448 aemulando,
2711 5381 2855 5437 unde
2921 5379 3070 5434 nulla
3143 5375 3409 5450 salutaris

1832 5476 2041 5532 utilitas
2083 5477 2280 5539 oritur,
2328 5473 2424 5529 sed
2464 5489 2590 5529 cum
2630 5472 2724 5528 Dei
2768 5485 2954 5526 amore
2983 5478 3036 5525 ct
3093 5467 3403 5538 lu‘Spiritu

1831 5584 1958 5625 cum
1983 5568 2247 5626 modestia
2272 5569 2387 5628 haec
2414 5556 2661 5640 accipite,
2688 5575 2741 5624 et
2765 5565 3062 5636 explorate,
3093 5574 3152 5620 ut
3179 5575 3274 5618 vos
3299 5571 3406 5614 ina-
