4008 6342
669 272 776 335 415

1405 269 1696 335 Βιειιιι
1737 267 2115 334 NEOPATB.
2151 269 2236 332 ΕΡ

2336 269 2393 331 .N
2431 265 2881 333 PROPHBTAS
2905 264 3087 328 UIN.
3772 256 3856 320 illi

660 370 750 451 jus
796 381 1011 436 lucrum
1063 376 1327 444 eihciatis,
1370 388 1428 442 et
1470 377 1566 451 qui
1631 377 1897 434 docentur
1940 377 2221 433 meliorem

2336 378 2434 443 κῶς
2462 379 2530 432 ἐν
2559 376 2829 450 ἐπιεικείᾳ
2873 372 3048 430 ταῦτα
3069 367 3485 439 διαλαμϐάνετε,
3532 364 3629 420 καὶ
3675 365 3858 435 διεξέρ-

665 470 956 525 utilitatem
975 468 1293 540 percipiant.
1311 466 1470 526 Certe
1490 467 1724 524 multum
1745 467 2013 538 imprimis
2036 483 2223 522 curam

663 559 922 613 eximiam
956 559 1275 616 adhibentes
1298 598 1314 625 ,
1340 567 1396 614 et
1436 571 1561 631 quae
1587 573 1656 616 ex
1697 571 1758 614 se
1800 559 2226 630 interpretabilia

663 657 793 704 sunt
819 649 960 718 apud
1005 650 1298 721 prophetas
1327 666 1359 705 a
1404 648 1517 707 Deo
1549 649 1872 721 inspiratos,
1899 659 1956 706 et
1982 667 2106 720 qua:
2136 667 2229 708 oe-

663 741 883 796 casione
927 755 1107 797 rerum
1151 743 1521 813 quarumlibet
1582 742 1858 799 intellectu
1896 742 2044 818 facili
2082 745 2225 801 dicta

660 821 824 883 verba
862 830 916 884 in
973 829 1328 887 fundamento
1379 847 1525 897 esse,
1569 844 1630 888 ut
1681 835 1887 903 decet,
1941 835 2226 893 sinamus:

650 935 784 988 quae
837 935 969 975 vero
1016 929 1146 978 sunt
1198 920 1433 978 dillicilis
1483 924 1879 995 intelligentia,
1933 928 2230 998 multisque

660 1009 897 1067 obscura
929 1019 984 1067 et
1009 1027 1200 1082 parum
1223 1013 1535 1084 explanata,
1563 1017 1727 1071 etiam
1749 1025 1931 1072 autem
1954 1027 2009 1074 et
2031 1028 2232 1090 myste-

662 1100 745 1155 ria
780 1117 902 1171 qua:
935 1101 1163 1159 tendunt
1191 1106 1260 1160 ad
1286 1103 1524 1160 divinam
1549 1105 1748 1164 Christi
1779 1110 2227 1178 incarnationem,

667 1201 724 1246 ut
743 1206 933 1246 eorum
956 1193 1336 1251 obscuriorum
1361 1195 1770 1269 intelligentiam
1807 1200 2228 1266 illustraremus,

668 1281 1130 1352 multipliciteret
1179 1283 1369 1342 multis
1401 1289 1579 1344 modis
1629 1290 1686 1344 in
1739 1290 1830 1346 illa
1891 1293 2229 1362 explananda

663 1372 842 1429 solum
891 1374 1262 1443 incubuimus,
1326 1379 1620 1436 multarum
1670 1379 2060 1440 sententiarum
2121 1385 2229 1441 vim

665 1475 1046 1536 congerentes,
1065 1477 1120 1523 et
1137 1469 1190 1523 in
1217 1473 1690 1528 coniirmationem
1717 1475 1988 1537 dictorum
2013 1485 2232 1547 propter

668 1555 969 1613 invidentes
1014 1567 1070 1614 et
1098 1559 1301 1616 invidia
1349 1563 1813 1631 contradicentes,
1848 1567 2161 1622 testimonia
2199 1583 2232 1623 ε

665 1647 852 1702 multis
887 1660 1170 1722 assumpta
1217 1651 1558 1721 adducimus,
1595 1655 1864 1713 stabilitas
1904 1667 1959 1712 et
2000 1659 2086 1728 pie
2134 1659 2233 1715 ob-

2325 467 2504 541 χεσθε,
2528 468 2609 531 είς
2635 465 2700 520 τὸ
2726 465 2821 520 καὶ
2844 463 2990 535 ὑμᾶς
3015 479 3068 515 τι
3097 459 3258 514 πλέον
3284 457 3591 525 κερδανεῖν,
3619 455 3712 508 καὶ
3751 456 3858 518 τοὺς

2307 559 2801 630 ’μαθητευομένους
2852 553 3032 617 καλῶς
3069 551 3417 621 ὠφελεῖσθαι.
3483 546 3700 618 ’Δμέλει
3751 548 3862 617 περὶ

2325 648 2524 705 πολλοῦ
2555 648 2788 718 μάλιστα
2818 646 3050 717 σπουδὴν
3081 642 3293 713 ἀγαθὴν
3329 641 3628 711 τιθέμενοι,
3653 639 3752 692 ὅσα
3780 638 3862 707 μὶν

2302 741 2741 813 ·αῠθερμήνευτα
2769 740 2882 801 τοῖς
2910 736 3185 806 θεοσόφοις
3213 732 3518 804 προφήταις
3539 745 3553 761 ⁸
3581 730 3682 783 ὅσα
3711 727 3767 780 δὲ
3798 729 3864 782 εἰς

2325 849 2488 887 τινων
2519 832 2705 894 ἁπλῶς
2761 828 3104 900 πραγμάτων
3135 825 3264 879 ὄντα
3312 822 3581 892 εὔληπτον
3617 819 3865 888 πρόφασιν

2331 927 2550 997 ῥήματα
2575 921 2654 993 τῷ
2681 921 2916 993 θεμελίῳ
2968 915 3108 974 εῖναι
3149 916 3226 980 ὡς
3278 914 3576 985 προσῆκεν,
3613 911 3866 979 ἰάσαμενο

2329 1017 2429 1072 ὅσα
2455 1016 2514 1071 δὲ
2536 1017 2614 1080 είς
2645 1011 2956 1084 άσυμφανῆ-
2989 1010 3092 1082 τήν
3125 1010 3436 1078 διάγνωσιν,
3484 1005 3579 1060 καὶ
3610 1006 3721 1066 τοίς
3752 1003 3869 1056 πολ-

2329 1108 2440 1170 λοῖς
2455 1106 2663 1178 ἀσαφῆ,
2689 1107 2786 1160 καὶ
2800 1103 3191 1175 δυστίκμαρτα
3213 1101 3360 1164 ὂντα,
3387 1099 3467 1153 ἔτι
3486 1097 3544 1153 δὲ
3564 1103 3659 1152 καὶ
3683 1097 3763 1160 είς
3786 1094 3873 1165 τὴν

2331 1196 2471 1251 κατὰ
2499 1197 2676 1267 σάρκα
2709 1194 2861 1248 θείαν
2903 1191 3219 1262 οίκονομιαν
3254 1189 3488 1261 Χριστοῦ
3544 1186 3870 1261 συντείνοντα

2335 1293 2628 1362 μυστήρια,
2649 1287 2743 1343 ἅτε
2761 1286 2831 1358 δή
2866 1288 2962 1342 ἅτε
2989 1287 3099 1339 τῶν
3134 1282 3520 1354 λαφυροτῳων
3553 1281 3652 1350 τὴν
3681 1280 3875 1333 ἔννοιαν

2333 1368 2755 1453 ἐμφανίζοντες.
2795 1376 3115 1450 πολυμερῶς
3165 1393 3224 1430 τε
3289 1375 3386 1429 καὶ
3427 1373 3781 1446 πολυτρόπως
3825 1372 3873 1424 iv

2333 1477 2459 1545 τῇδε
2487 1471 2821 1547 διασαφῆσαι
2853 1469 3012 1540 μόνον
3055 1467 3312 1539 ιθέμεθα,
3363 1464 3574 1520 πολλῶν
3605 1462 3874 1534 νοημάτων

2333 1566 2686 1637 ἀθροίσαντες
2718 1561 2970 1632 δύναμιν,
3011 1561 3105 1617 καὶ
3151 1564 3233 1624 είς
3263 1557 3555 1631 βεϐαίωσιν
3579 1557 3687 1610 τῶν
3707 1555 3876 1608 λαλου-

2338 1657 2530 1732 μένων.
2566 1655 2655 1708 διά
2710 1653 2941 1717 πολλοὺς
2977 1653 3108 1714 τοὺς
3139 1649 3531 1720 βασκαίνοντας
3563 1647 3660 1702 καὶ
3687 1646 3879 1701 άντιλέ-

667 1738 911 1796 ﬁrmatas
936 1733 1418 1814 interpretatidnes
1445 1747 1787 1814 colligentes,
1828 1761 1884 1805 et
1912 1767 1975 1804 ex
2004 1739 2230 1821 antiquo

2336 1748 2524 1817 γοντας
2547 1746 2750 1827 φθόνιρ,
2772 1745 2872 1808 τάς
2910 1746 2976 1799 ἐκ
3000 1741 3212 1797 πολλῶν
3237 1740 3541 1813 μαρτυρίας
3563 1737 3879 1809 χρησάμενοι

667 1831 872 1898 Moyse,
911 1835 1020 1890 lilio
1058 1836 1225 1902 Nave,
1260 1837 1384 1904 Job,
1435 1838 1602 1894 David
1639 1851 1694 1896 et
1740 1841 2054 1909 Salomone,
2085 1853 2140 1898 et
2168 1860 2234 1900 ex

667 1927 984 1994 apostolicis
1018 1939 1072 1984 et
1117 1931 1449 2001 evangelicis
1493 1934 1732 1990 oraculis
1761 1932 2052 1992 concordia
2083 1936 2235 1993 testi-

667 2021 850 2075 monia
883 2022 1248 2092 proferentes.

667 2305 811 2356 cam,
841 2292 984 2349 hanc
1011 2295 1411 2363 defensionem,
1435 2316 1503 2355 ne
1526 2301 1836 2369 timeamus,
1863 2303 2228 2359 dilectissimi.

667 2383 891 2440 auribus
922 2384 1213 2456 impiorum
1248 2389 1497 2444 intonare
1521 2429 1538 2455 ,
1568 2407 1756 2447 eorum
1785 2393 2072 2448 stultitiam
2102 2409 2234 2449 con-

670 2472 983 2557 fundamus,
1008 2487 1064 2535 et
1091 2481 1332 2536 nitamur
1361 2496 1460 2540 eos
1511 2485 1785 2541 monendo
1829 2487 2003 2557 magis
2030 2486 2233 2557 alloqui

670 2577 726 2624 ct
754 2569 820 2622 ad
851 2555 1132 2627 Christum
1170 2572 1462 2630 adducere.
1509 2575 1586 2630 ita
1619 2576 1765 2631 enim
1797 2578 1889 2648 qui
1925 2555 2236 2636 innumeras

673 2652 862 2729 gentes
892 2660 946 2716 in
996 2664 1314 2718 servitutem
1351 2665 1600 2736 redigunt
1651 2669 1859 2723 strenui
1896 2669 2115 2735 milites,
2151 2669 2234 2724 in-

669 2753 986 2808 strumentis
1010 2753 1221 2811 bellicis
1237 2756 1506 2826 et‘gladiis
1523 2759 1728 2823 usi,eos
1750 2759 1967 2828 quidem
1991 2761 2235 2830 capiunt,

668 2849 724 2895 et
748 2843 918 2912 spolia
952 2856 1229 2904 sumentes
1263 2848 1500 2918 preemiis
1555 2860 1909 2915 exornantur,
1934 2852 2236 2920 subjectos-

2340 1841 2799 1913 προτεθείκαμεν,
2821 1836 3221 1910 ιρηριισμίνας
3247 1835 3343 1890 stat
3358 1832 3598 1896 εὐσεϐῶς
3619 1829 3878 1902 ήδρασμί-

2338 1948 2436 1996 νας
2461 1933 2560 1994 τὰς
2590 1928 2890 2002 ἑρμηνείας
2937 1925 3322 1992 συντάξαντες.
3355 1923 3421 1978 εκ
3446 1940 3507 1976 τε
3546 1921 3641 1977 τοῦ
3665 1921 3878 1974 παλαιοῦ

2307 2018 2310 2020 ’
2336 2025 2615 2087 Μωῦσέως
2640 2039 2700 2077 τε
2730 2021 2826 2076 καὶ
2851 2019 2946 2074 τοῦ
2979 2019 3137 2088 Ναυῆ
3166 2017 3346 2089 γόνου,
3386 2015 3505 2070 Ἰὼϐ
3533 2031 3614 2078 τε,
3653 2013 3815 2069 Δαϐίδ
3835 2028 3880 2066 τι

669 2108 762 2162 καὶ
795 2109 1158 2179 Σολομῶντος,
1193 2115 1566 2170 άποστολικῶν
1588 2132 1647 2170 τε
1668 2117 1766 2170 καὶ
1795 2116 2170 2186 εὐαγγελικῶν
2192 2116 2582 2185 θεσπισμάτων
2605 2114 2706 2178 τὰς
2753 2113 3078 2182 συμφώνους
3115 2109 3401 2180 ὁμολογίας
3453 2106 3878 2176 παρατιθέμενοι·

570 2197 572 2200 ’
737 2199 793 2255 4.
826 2199 974 2256 lianc
1005 2203 1168 2272 igitur
1195 2206 1366 2261 aciem
1399 2208 1684 2274 habentes,
1715 2220 1793 2276 et,
1828 2220 1887 2264 ut
1923 2211 2105 2267 verius
2141 2210 2230 2266 di-
2268 2268 2274 2274 ,

2405 2206 2467 2264 δ’.
2499 2205 2768 2260 Τοσοῦτον
2785 2202 2881 2260 οὖν
2915 2202 3133 2274 ἔχοντες
3163 2199 3563 2288 συνασπισμὸν,
3596 2197 3796 2268 μᾶλλον
3838 2198 3880 2250 δὲ

2335 2299 2567 2370 τάληθὲς
2599 2299 2776 2351 εἰπεῖν
2799 2291 3238 2366 ὕπερασπισμδν,
3289 2291 3366 2362 μὴ
3390 2291 3738 2360 ὀκνήσωμεν,
3777 2289 3881 2357 ἁγα-

2339 2388 2532 2463 πητοὶ,
2558 2388 2666 2444 τῶν
2690 2385 2903 2454 ἀσεϐῶν
2956 2383 3386 2456 καταϐροντῆσαι
3443 2380 3511 2436 τά
3537 2375 3650 2434 ὦτα
3682 2397 3697 2411 ·
3727 2381 3880 2448 πάσης

2340 2477 2594 2547 εὐηθείας
2626 2475 2807 2530 αὐτῶν
2859 2473 3238 2542 καταγνῶμεν,
3289 2469 3381 2525 καὶ
3428 2469 3760 2540 σπεύσωμεν
3783 2487 3883 2522 νου·

2343 2569 2703 2638 θετικὼτερον
2726 2567 2922 2630 αὐτοὺς
2948 2563 3244 2629 διαλαϐειν,
3288 2562 3381 2617 καὶ⁵
3419 2565 3502 2626 είς
3529 2563 3572 2616 Χ
3579 2562 3765 2634 ριστὸν
3783 2563 3882 2614 ἑπι-

2342 2659 2676 2715 σπάσασθαι.
2697 2657 2854 2712 Οὕτω
2885 2657 2993 2728 γάρ
3019 2657 3068 2710 oi
3094 2655 3586 2727 αἰχμαλωτίζοντες
3614 2653 3745 2724 ἔθνη
3778 2652 3882 2708 did.

2341 2766 2501 2819 γιστα
2549 2749 2787 2819 ἀνδρεῖοι
2822 2749 3122 2819 στρατηγοὶ
3157 2747 3332 2811 ὄντες,
3377 2746 3631 2817 ὀργάνοις
3654 2747 3882 2814 άμυντη-

2344 2839 2476 2910 ρίοις
2499 2841 2597 2895 καὶ
2623 2837 2803 2909 ξίφεσι
2846 2839 3141 2910 χρώμενοι,
3179 2837 3273 2892 καὶ
3304 2836 3398 2900 οὓς
3444 2837 3544 2908 μὶν
3579 2837 3888 2906 λαφυραγω-

670 2947 778 3001 que
827 2935 928 2989 sibi
992 2946 1275 2995 servantes
1314 2939 1385 2994 ad
1427 2954 1608 3010 regem
1673 2938 1880 2996 ducunt
1903 2954 1954 2997 ct
1982 2942 2236 3000 laudibus

2340 2929 2586 3000 γοῦντες,
2613 2930 2785 2984 σκύλα
2797 2947 2856 2983 τε
2877 2929 3242 3000 λαμϐάνοντες
3266 2928 3392 2991 τοὺς
3419 2928 3609 2992 δλϐους
3634 2928 3887 2982 ἐπικτῶν-

674 3021 1052 3092 honorantur;
1085 3027 1436 3089 advasantu
1457 3040 1640 3088 autem
1666 3073 1680 3097 ,
1711 3034 1793 3088 vel
1817 3049 1958 3090 saeve
1985 3042 2038 3090 et
2071 3036 2237 3105 perti-

672 3115 878 3169 naciter
907 3126 1208 3186 pugnantes
1242 3120 1354 3176 cito
1383 3121 1692 3180 desidunt.
1720 3125 1866 3180 Idem
1902 3137 1956 3181 et
1999 3143 2096 3182 nos
2126 3120 2236 3195 iam

673 3202 959 3275 iaciemus,
983 3211 1186 3267 bellum
1207 3212 1498 3282 spirituals
1514 3213 1571 3270 in
1603 3217 1947 3274 adversarios
1962 3234 2235 3289 geremus.

673 3292 944 3352 Habemus
973 3315 1124 3356 arma
1141 3315 1249 3358 ere
1270 3303 1459 3361 divino
1482 3303 1766 3374 fabricata,
1792 3309 2063 3365 sexdecim
2111 3326 2238 3367 san-

676 3395 762 3436 eta
840 3385 1204 3445 instrumenta
1269 3389 1458 3450 bellica
1524 3409 1720 3466 praeter
1769 3399 1916 3454 mille
1996 3402 2238 3473 clypeos,

672 3484 849 3541 scuta,
883 3479 1112 3548 gladios,
1143 3480 1389 3551 lait'ccas,
1431 3489 1661 3558 sagittas
1697 3499 1752 3544 et
1798 3491 1900 3546 tela
1924 3534 1938 3558 ,
1973 3503 2027 3547 et
2052 3504 2239 3560 contra

681 3566 803 3621 illos
851 3569 1100 3636 pluribus
1146 3573 1270 3627 aliis
1311 3583 1550 3645 utemur,
1606 3580 1873 3649 imprimis
1917 3593 1998 3638 ter
2031 3584 2241 3654 fulgen-

674 3666 783 3712 tem
830 3667 884 3713 et
916 3663 1129 3716 unicam
1179 3665 1354 3720 lucem
1399 3668 1451 3722 in
1504 3671 1764 3726 auxiliqu
1811 3673 2090 3741 habentes,
2120 3677 2240 3734 illos

671 3751 917 3820 captivos
949 3767 1204 3824 agemus:
1248 3774 1386 3829 quos
1417 3761 1631 3830 quidem
1669 3764 1800 3818 mihi
1847 3768 2031 3821 animo
2065 3767 2242 3839 subji-

670 3843 877 3898 cientvs
904 3859 962 3900 se
994 3847 1312 3920 viderimus,
1349 3853 1436 3907 his
1465 3867 1772 3928 pareamus,
1813 3872 1987 3927 neque
2031 3873 2126 3928 per
2151 3873 2242 3914 ar-

671 3935 975 3998 rogantiam
1006 3940 1403 4005 proculcemus,
1433 3957 1466 3996 o
1494 3942 1795 4000 fortissime
1824 3943 1916 4000 Dei
1944 3948 2240 4013 exercitus;

672 4024 766 4077 sed
803 4026 1086 4094 rapiamus
1122 4030 1282 4084 vitam
1316 4033 1512 4088 auium
1553 4034 1812 4091 dantibus
1847 4039 2046 4102 verbis.
2093 4047 2147 4094 ct
2173 4040 2241 4095 ad

2340 3040 2452 3086 ται,
2485 3025 2612 3086 τοὺς
2649 3023 3064 3084 ὕποκύπτοντας
3108 3023 3194 3090 ἐφ’
3232 3020 3460 3083 ἑαυτοὺς
3506 3021 3885 3091 λαμϐάνοντες,

2340 3118 2532 3185 ἄγουσι
2565 3115 2643 3186 τῷ
2668 3115 2896 3186 βασιλεῖ,
2924 3115 3018 3170 καὶ
3040 3115 3316 3177 ὲπαινετοὶ
3340 3113 3713 3184 καθεστήκασι
3739 3127 3756 3144 ο
3780 3112 3885 3173 τοὺς

2342 3207 2796 3270 ἁντιστατοῦντας
2840 3205 2921 3271 δὲ,
2952 3204 2986 3276 ἢ
3022 3205 3116 3259 καὶ
3143 3204 3346 3266 ,κακῶς
3376 3204 3470 3256 καὶ
3507 3201 3699 3266 δεινῶς
3735 3218 3883 3272 μαχο-

2344 3299 2542 3370 μένους
2603 3299 2797 3353 θᾶττον
2854 3294 3226 3370 ἀναιροῦντες.
3253 3292 3424 3348 Τοῦτο
3462 3297 3558 3349 καὶ
3603 3294 3768 3364 ήμεῐς
3803 3294 3882 3362 ήδη

2343 3392 2666 3461 ποιήσομεν,
2721 3387 2958 3459 πόλεμον
3013 3384 3390 3456 πνευματικὸν
3455 3385 3568 3448 τοῖς
3611 3383 3883 3446 ἀντιδίκοις

2341 3481 2745 3552 ἐπιδειξόμεθα.
2780 3479 3016 3552 Ἐχομεῦ
3047 3482 3116 3562 τά
3144 3481 3307 3535 -ὂπλα
3334 3479 3404 3532 τὰ
3427 3478 3813 3549 θεοχάλκευτα,
3841 3477 3884 3540 ἐξ

2343 3577 2438 3630 καὶ
2480 3574 2610 3629 δέκα
2653 3576 2784 3642 ἅγια
2809 3575 3124 3645 άμυντήρια
3153 3574 3294 3644 ὑπὲρ
3343 3572 3611 3644 μυριάδας
3643 3571 3882 3636 deuiam,

2341 3665 2436 3719 καὶ
2465 3663 2690 3735 θυρεοὺς
2737 3663 2993 3732 φάσγανά
3039 3679 3098 3716 τε
3150 3664 3243 3716 καὶ
3270 3662 3472 3732 δόρατα
3514 3661 3606 3714 καὶ
3643 3658 3776 3724 τόξα
3812 3659 3885 3712 καὶ

2342 3755 2505 3828 βέληο
2531 3755 2625 3809 καὶ
2683 3752 2819 3826 πρὸς
2873 3753 3072 3816 αὐτοὺς
3108 3752 3202 3806 καὶ
3241 3751 3420 3815 ἄλλοις
3461 3750 3674 3804 πλείοσι
3704 3749 3883 3820 χρησόο

2345 3849 2488 3920 μεθα
2509 3865 2522 3879 '
2551 3847 2750 3919 μᾶλλον
2795 3847 2852 3900 δὲ
2886 3846 2948 3900 τὸ
2975 3844 3283 3918 τριλαμπὶς
3311 3845 3404 3898 καὶ
3437 3845 3648 3896 ἑνιαίον·
3672 3842 3790 3913 φῶς
3819 3843 3883 3902 είς

2345 3941 2662 4013 συμμαχίαν
2720 3939 2956 4011 ἔχοντες,
3015 3938 3214 4002 αὐτοὺς
3270 3935 3764 4008 προνομεύσομενο
3808 3932 3883 3994 οὓς

2315 4083 2322 4088 .
2347 4035 2444 4106 μὲν
2468 4030 2838 4103 ήπιογνὼμως
2864 4029 3252 4100 ὑποκύψαντας
3301 4028 3528 4097 ἴδοιμεν,
3564 4025 3882 4098 φεισώμιοσ.

672 4114 870 4169 Christi
905 4119 1288 4174 universorum
1333 4122 1494 4194 Regis
1522 4125 1690 4194 pedes
1727 4115 2115 4183 submittantus
2139 4170 2153 4193 ,
2183 4139 2236 4186 ut

2349 4126 2421 4198 μὴ
2447 4125 2725 4196 ἀνελῶμεν
2775 4124 3039 4196 ἀκρασίᾳ,
3073 4122 3117 4176 ὦ
3157 4122 3537 4193 ἀνδρειότατον
3575 4121 3721 4174 θεῖον
3743 4117 3882 4187 στρά-

672 4209 739 4262 ah
762 4224 829 4263 co
856 4211 1300 4280 honoriticcmur,
1328 4227 1383 4271 et
1407 4216 1462 4270 in
1481 4231 1549 4272 eo
1567 4217 1860 4272 salvcmur.
1881 4222 2029 4285 Quos
2054 4231 2235 4276 autem

2346 4237 2519 4290 τευμα
2539 4235 2553 4251 ι
2581 4217 2834 4288 λάϐωμεν
2863 4217 2922 4271 δὲ
2948 4215 3418 4286 ζωοψυχοσώμως.
3459 4215 3556 4268 καὶ
3583 4212 3800 4284 Χριστῷ
3821 4211 3881 4281 τῷ

672 4308 1037 4368 repugnantis
1080 4302 1412 4368 viderimus,
1469 4321 1650 4379 neque
1701 4309 1838 4363 bene
1903 4311 2234 4376 obedientes,

2343 4309 2680 4380 παμϐασιλεί
2710 4309 2928 4380 άξωμεν
2959 4306 3064 4361 ὑπὸ
3085 4307 3270 4375 πόδας,
3306 4306 3394 4360 ἵνα
3430 4305 3525 4377 καὶ
3564 4303 3881 4373 δοξασθῶμιν

672 4389 1050 4455 ilestrnamus.
1085 4396 1358 4454 caedau'tus
1412 4414 1528 4463 eos.
1579 4411 1638 4455 ut
1687 4397 2011 4458 Madianitas
2058 4404 2236 4459 divino

2342 4401 2436 4455 ὑπ’
2467 4399 2656 4464 αὑτοῦ,
2684 4401 2777 4454 καὶ
2814 4399 2904 4451 ἐπ’
2926 4396 3074 4469 αὑτῷ
3107 4397 3502 4466 σωθησὼμεθα.
3535 4395 3641 4458 Οὓς
3670 4395 3727 4449 δὲ
3755 4397 3882 4447 άντι·

676 4480 913 4548 Spiritus
932 4487 1129 4553 gladio.
1159 4486 1410 4545 Nitamur
1428 4507 1558 4563 ergo
1581 4506 1846 4561 quantum
1876 4497 1928 4549 in
1956 4497 2111 4551 nobis
2135 4509 2236 4564 est,

2345 4493 2654 4563 μαχοῦντας
2691 4491 2914 4559 ἴδοιμεν,
2951 4491 3047 4543 καὶ
3073 4489 3149 4560 μή
3197 4488 3521 4552 ὑπείκοντας
3545 4487 3747 4551 καλῶς,
3775 4483 3877 4539 ἀνέ-

673 4571 1036 4638 dilectissimi,
1085 4592 1276 4648 capere
1299 4580 1384 4650 pie
1435 4582 1669 4651 prtedam
1729 4583 1836 4638 Dco
1861 4585 2236 4652 jucundam'et

2342 4584 2544 4654 λωμεν,
2573 4581 2900 4651 πατάξωμεν
2937 4581 3156 4642 αὐτοὺς,
3178 4581 3252 4643 ὡς
3270 4582 3360 4634 καὶ
3388 4581 3514 4642 τοὺς
3546 4577 3879 4636 Μαδιαναίους

677 4674 885 4732 gratam
923 4668 1135 4725 animas
1168 4687 1354 4727 eorum
1408 4674 1501 4743 qui
1561 4676 1862 4732 salvantur.
1910 4676 2027 4743 Sin.
2060 4691 2242 4732 autem

676 4755 726 4809 id
758 4757 828 4811 ab
859 4759 980 4815 aliis
1018 4773 1075 4816 ut
1116 4763 1516 4821 infructuosum
1545 4767 1863 4837 despicitur,
1894 4780 1948 4823 et
1974 4785 2078 4823 non
2115 4785 2258 4839 pos»

673 4848 831 4903 sihile
860 4861 945 4906 est
987 4867 1180 4922 capere
1211 4855 1411 4927 aliquid
1453 4873 1520 4914 ex
1571 4859 1653 4914 his
1681 4860 1772 4928 qui
1821 4859 2016 4916 nolunt
2047 4863 2097 4914 in
2134 4860 2243 4917 Deo

679 4941 900 5006 salvari,
933 4955 1171 5003 attamen
1207 4966 1307 5005 nos
1339 4951 1487 5020 ipsos
1516 4966 1906 5007 conservemus
1941 4953 1992 5006 in
2021 4953 2125 5007 iidc
2153 4953 2240 5006 di-

679 5036 801 5088 vina
830 5034 1115 5105 loquendo,
1137 5049 1190 5096 ei
1223 5042 1308 5111 pie
1340 5053 1394 5098 et
1422 5044 1627 5098 utiliter
1651 5045 1918 5109 vivamus,
1955 5054 2013 5099 ut
2043 5056 2242 5100 aztcrna

679 5125 820 5177 hona
867 5127 1233 5195 adipiscamur
1273 5133 1324 5185 in
1361 5118 1584 5188 Christo
1610 5133 1740 5189 .lesu
1773 5135 1998 5190 Domino
2033 5144 2240 5191 nostro.

682 5212 848 5270 liabet
879 5228 1060 5272 autem
1093 5221 1172 5274 sic
1196 5223 1485 5292 expositio.
1514 5224 1750 5280 Textura
1776 5226 1956 5282 omnis
1987 5241 2109 5281 cum
2159 5227 2246 5281 iu-

682 5310 1060 5374 lurprelatiouc
1107 5312 1166 5364 4i
1209 5331 1222 5368 :
1267 5332 1286 5366 ι
1335 5315 1398 5369 Et
1441 5316 1579 5371 dixit
1634 5316 1900 5374 Dominus
1955 5317 2019 5372 ad
2065 5317 2241 5375 Osce:
2287 5312 2300 5328 '

683 5397 848 5452 Sume
879 5403 972 5475 tibi
1002 5405 1284 5460 mulierem
1319 5408 1362 5471 ³,
1401 5426 1418 5459 ι
1451 5421 1560 5466 etc.

2345 4680 2410 4746 τῇ
2454 4675 2574 4744 θείᾳ
2615 4673 2934 4745 παραξιφίδι
2979 4671 3073 4724 τοῦ
3123 4671 3455 4742 Πνεύματος.
3507 4670 3877 4738 Σπουδάσωμεν

2346 4769 2439 4823 οὖν
2499 4769 2560 4820 τὸ
2629 4767 2849 4838 μᾶλλον,
2911 4764 3208 4834 ἀγαπητοὶ,
3281 4763 3374 4818 τοῦ
3422 4762 3688 4834 θηρεῦσαι
3725 4764 3874 4833 θήραν

2346 4857 2586 4922 εὐσεϐῶς
2629 4857 2707 4928 τῷ
2754 4854 2874 4925 Θεῷ
2928 4854 3218 4926 εὐάρεστον
3240 4853 3336 4908 καὶ
3375 4852 3638 4922 ἐράσμιον
3667 4854 3760 4914 τὰς
3786 4849 3875 4903 τῶν

2348 4953 2669 5023 σωζομένων
2697 4942 2909 5021 ψυχάς,
2929 4950 2989 5003 El
3020 4950 3077 5004 δέ
3121 4967 3180 5018 γε
3204 4947 3361 5000 τοῦτο
3389 4947 3699 5012 ἀλυσιτελὲς
3720 4945 3876 5005 ἄλλοις

2344 5045 2618 5116 παροφθῇ,
2679 5049 2772 5096 καὶ
2816 5044 2916 5113 οὺχ
2969 5037 3078 5096 οἷόν
3125 5041 3186 5094 τέ
3227 5042 3342 5093 ἐστι
3371 5040 3555 5095 λαϐεῖν
3595 5059 3650 5094 τι
3687 5041 3784 5094 τῶν
3813 5037 3873 5106 μὴ

2344 5137 2686 5208 βουλομένων
2739 5131 3010 5196 σώζεσθαι
3053 5133 3146 5186 ἐπὶ
3198 5131 3318 5203 Θεῷ
3342 5149 3356 5164 ο
3385 5131 3491 5186 κᾶν
3521 5133 3742 5193 ἑαυτοὺς
3764 5125 3873 5195 γοῦν

2346 5229 2774 5299 ουντηρήσωμεν
2811 5229 2877 5298 τῇ
2909 5225 3030 5296 θείᾳ
3084 5224 3260 5277 πίστει
3301 5224 3660 5294 φραξάμενοι,
3689 5220 3772 5276 καὶ
3798 5217 3873 5269 εὑο

2348 5322 2519 5382 σεϐὦς
2557 5321 2649 5372 καὶ
2704 5319 2954 5390 χρηστῶς
3016 5315 3484 5386 πολιτευσώμεθα,
3522 5316 3610 5368 ἵνα
3648 5316 3736 5366 καὶ
3781 5307 3870 5360 τῶν

2347 5409 2575 5462 αἰωνίων
2619 5409 2841 5476 άγαθῶν
2867 5405 3212 5475 ὲπιτύίωμεν
3257 5409 3314 5454 δυ
3357 5404 3578 5477 Χριστῷ
3623 5400 3782 5474 Ἰηροῦ
3808 5396 3870 5466 τῷ

681 5494 872 5565 Κυρίῳ
893 5495 1068 5566 ήμῶν.
1115 5501 1269 5571 Ἔχει
1309 5503 1364 5556 δὲ
1415 5504 1590 5569 οὕτως
1635 5505 1945 5577 ὴδὴλωσις.
1998 5507 2070 5562 Τὸ
2143 5507 2275 5570 ὕφος
2317 5507 2460 5559 ἅπαν
2510 5504 2647 5575 μετὰ
2689 5501 2981 5576 ἑρμηνείας
3019 5499 3125 5570 μα’.
3163 5520 3179 5554 ι
3247 5502 3355 5556 Καὶ
3391 5497 3511 5554 εἷπε
3544 5498 3737 5571 Κύριος
3758 5490 3869 5563 πρὸς

693 5589 853 5662 Ὠσηέ
880 5604 896 5621 ·
928 5591 1073 5644 Λάϐε
1102 5596 1307 5666 σεαυτῷ
1333 5600 1584 5666 γυναῖκα,
1616 5617 1635 5652 ι
1676 5618 1728 5654 κ.
1759 5617 1808 5654 τ.
1842 5600 1892 5655 λ.

759 5713 778 5744 ⁸
808 5713 946 5768 Osce
975 5730 1011 5772 l.
1047 5715 1104 5767 '2.
