4086 6344
438 430 542 499 189

1421 435 1779 496 EPISTULA
1821 439 1921 497 AD
1957 441 2263 508 LEONEM
2302 446 2394 507 ῙῐῙ
2432 448 2700 515 PAPAM.

3557 459 3656 527 190

436 550 742 616 πνεύμασιν,
793 552 862 612 ὦς
906 549 932 604 ὅ
977 558 1238 625 κορυφαῖος
1280 552 1364 606 καί
1403 553 1536 611 θεῖος
1587 551 1736 622 ἔφησε
1785 555 1959 625 Πέτρος

2060 567 2215 612 .cum
2251 569 2356 622 qua
2401 557 2580 612 anima
2632 567 2688 613 et
2714 559 2825 628 ipse
2849 574 3061 632 quoque
3092 565 3160 619 ad
3187 564 3387 623 inferos
3429 568 3652 627 descen-

436 639 694 710 πορευθείς
739 638 939 710 δκήρνξε
980 647 1070 698 την
1118 642 1414 704 ἀνάστασιν,
1449 646 1534 695 καί
1581 649 1668 699 την
1715 643 1990 714 ἐλευθερίαν

2096 643 2192 707 dit,
2243 645 2433 712 iisque,
2483 649 2572 716 qui
2603 649 2656 702 in
2683 665 2844 704 carne
2871 662 3028 707 erant
3062 657 3340 724 spiritibus
3377 657 3656 728 (quemad-

434 730 514 781 aui
540 727 892 800 ἀπολύτρωσιν
913 730 1214 801 ἐχαρίσατο,
1238 732 1514 803 ἀφθαρσίας
1541 729 1595 786 δὲ
1629 734 1742 804 ἡμῖν
1767 735 1954 806 ἀπαρχ

2092 735 2308 788 modum
2358 741 2720 805 apostolorum
2749 744 3060 812 coryphzeus
3086 746 3298 801 divinus
3321 727 3514 804 Petrus
3553 767 3650 806 ex-

434 817 648 887 γέγονεν⁸
692 820 750 871 ίν.
789 816 828 889 ᾧ
877 821 1193 892 πρωτότοκος
1232 823 1286 874 ἐκ
1331 830 1430 877 τῶν
1471 833 1655 899 νεκρῶν
1693 828 1986 886 ἀνεϐίωσεν.

441 903 623 964 Ἀνέστη
795 911 864 968 ὡς
904 913 1045 970 Θεὸς.
1086 916 1319 973 πατήσας
1363 914 1448 966 τὸν
1500 915 1721 979 θάνατον,
1767 917 1983 989 προοδοσ

427 1004 586 1051 ποιῶν
642 1001 781 1070 πάσῃ
836 1003 991 1075 σαρκί
1038 1007 1128 1059 τήν
1187 1004 1492 1066 ἀνάστασιν,
1544 1008 1625 1058 καί
1681 1009 1986 1066 συνέστησεν

428 1084 585 1154 ἡμᾶς,
608 1087 734 1147 τούς.
761 1086 1008 1149 πεσόντας
1035 1098 1110 1164 τῷ
1135 1099 1226 1153 τῆς
1252 1091 1506 1164 ἁμαρτίας
1526 1097 1788 1166 πτώματι.

489 1523 791 1582 τεπιστάντα
827 1523 881 1582 δέ
925 1528 1052 1598 μετά
1078 1533 1169 1587 τήν
1209 1529 1490 1586 ἀνάστασιν
1523 1542 1636 1595 ταῖς
1665 1540 1868 1606 γυναιξί.
1895 1543 1977 1595 καί

419 1619 508 1674 τήν
551 1619 720 1690 χαράν
762 1621 936 1678 αὐταῖς
980 1620 1394 1694 προαγγείλαντα,
1429 1625 1511 1676 καὶ
1556 1630 1644 1682 τήν
1667 1627 1720 1678 ἐκ
1757 1635 1845 1680 τοῦ
1889 1629 1976 1686 θή-

416 1705 522 1769 λεος
579 1709 696 1780 ἡμῖν
747 1709 1065 1778 ἐνσκήφασαν
1114 1711 1274 1768 λύπην
1327 1713 1723 1784 ἐξαφανίσαντα.
1768 1717 1973 1788 ὀφθέντα

413 1791 468 1848 δὲ
511 1799 592 1848 καὶ
635 1804 732 1855 τοῖς
781 1797 1064 1856 θεσπεσίοις
1115 1801 1266 1852 αὐτοῦ
1319 1802 1570 1870 μαθηταῖς
1618 1804 1678 1856 τὸ
1713 1814 1802 1863 τῆς
1851 1808 1972 1859 ἀνα-ν

2089 823 2284 895 ponit),
2319 829 2770 882 resurrectionem
2799 833 3137 898 praedicavit,
3159 834 3562 907 libertatemque
3602 850 3658 894 et

2090 911 2509 981 redemptionem
2540 916 2854 983 impertivit,
2881 929 2935 973 et
2963 921 3116 975 nobis
3164 939 3398 992 quoque,
3447 936 3505 979 ut
3531 940 3657 997 pote

2086 1000 2472 1070 primogenitus
2521 1013 2877 1071 tnortuorum,
2925 1024 3020 1077 per
3062 1014 3507 1068 resurrectionem
3557 1017 3656 1070 ali-

2085 1093 2224 1155 quod
2268 1092 2686 1160 incorruptionis
2728 1097 3047 1165 principium
3095 1102 3301 1154 exstitit
3353 1116 3367 1154 :
3416 1107 3656 1160 surrexit

2083 1177 2224 1230 enim
2255 1189 2312 1232 ut
2360 1179 2520 1243 Deus,
2571 1193 2797 1235 mortem
2846 1189 3215 1254 pessumdans,
3270 1192 3640 1262 universaeque

2081 1269 2228 1320 carni
2259 1269 2325 1321 ad
2356 1273 2802 1326 resurrectionem
2827 1276 2963 1328 viam
2987 1278 3354 1345 patefaciens;
3393 1298 3509 1348 nos,
3540 1286 3635 1352 qui

2078 1358 2282 1424 peccati
2330 1374 2456 1411 casu
2490 1360 2541 1412 in
2570 1370 2796 1415 mortem
2831 1367 3260 1434 concideramus,
3304 1385 3408 1423 uua
3460 1388 3642 1427 secum

2076 1449 2471 1517 quodammodo
2491 1454 2778 1509 suscitans.

2145 1541 2318 1596 Credo
2343 1543 2656 1600 mulieribus
2700 1556 2821 1616 post
2851 1553 3299 1606 resurrectionem
3332 1569 3483 1608 suam
3509 1557 3642 1609 asti-

2075 1632 2223 1693 tisse.
2257 1634 2581 1704 tristitiaque
2631 1654 2749 1706 qum.
2777 1656 2841 1693 ex
2871 1642 3094 1696 muliere
3131 1645 3196 1696 ad
3226 1659 3323 1697 nos
3351 1647 3660 1700 devenerat

2072 1719 2287 1778 abolita,
2310 1723 2558 1790 gaudium
2581 1723 2924 1795 Izetitiamque
2946 1730 3047 1782 illis
3072 1733 3437 1787 aununtiasse.
3464 1735 3638 1790 Credo

2071 1809 2264 1864 divinis
2292 1812 2566 1881 discipulis
2591 1817 2767 1870 vivum
2803 1834 2921 1873 sese
2941 1823 3269 1888 exhibuisse,
3300 1841 3410 1880 sua:
3460 1844 3636 1883 resur-

411 1885 642 1942 στάσεως
670 1885 828 1938 αὐτοῦ
863 1888 1198 1958 πιστούμενον
1235 1894 1532 1962 μυστήριον·
1578 1894 1663 1945 καί
1690 1890 1959 1958 δεικνύντα1

2075 1899 2326 1952 rectionis
2358 1904 2669 1969 mysterium
2692 1907 3064 1974 conﬁrmasse,
3096 1926 3159 1965 ac
3202 1885 3473 1982 quomodo
3501 1917 3644 1971 idem

412 1971 526 2052 [ὡς]
555 1977 631 2040 τίς
671 1977 825 2034 αὐτὸς
861 1974 918 2034 ἦν
951 1980 1030 2030 καί
1078 1979 1176 2050 πρὸ
1215 1987 1304 2037 τῆς
1349 1981 1671 2040 ἀναστάσεως
1690 1981 1773 2038 διά
1801 2005 1853 2039 τι
1881 1994 1970 2046 τῆς

405 2073 668 2144 βρώσεως,
703 2072 790 2123 καί
835 2079 926 2128 τῆς
974 2074 1060 2123 τοῦ
1107 2077 1260 2139 σοφοῦ
1320 2079 1478 2144 Θωμᾶ
1528 2079 1659 2130 κατά
1707 2083 1799 2134 τήν
1837 2081 1970 2132 θείαν

409 2155 629 2222 πλευρὰν
673 2158 897 2224 ὶπαφῆς,
949 2159 1278 2226 ἀναληφθέντα
1325 2181 1378 2213 τε
1426 2164 1496 2220 εἰς
1545 2166 1668 2224 τοὺς
1709 2168 1966 2238 οὐρανούς,

412 2247 494 2297 καί
540 2246 839 2299 καθεσθέντα
887 2246 937 2298 ἐκ
978 2245 1146 2309 δεξιῶν
1183 2255 1273 2300 τοῦ
1306 2256 1433 2302 Θεοῦ
1483 2256 1565 2305 καί
1607 2256 1794 2327 Πατρός
1843 2261 1972 2324 μετά

415 2341 501 2386 τοῦ
558 2337 986 2407 προσλήμματος,
1031 2337 1206 2408 μεθόύ
1256 2337 1398 2399 αὖθις
1451 2343 1708 2398 ἐλεύσεται
1753 2348 1802 2398 ίν
1855 2345 1972 2418 δόξῃ

411 2423 684 2495 θεοπρεπεῖ
735 2431 816 2479 καί
865 2429 1063 2491 ἐξουσία
1116 2439 1176 2497 τῇ
1217 2433 1340 2484 κατά
1377 2435 1546 2490 πάσης
1609 2437 1840 2496 κτίσεως.
1891 2441 1972 2490 καί

408 2518 580 2583 κριτής
616 2519 977 2573 καέσθόσεται
1015 2520 1209 2589 ἑκάστῳ
1251 2525 1379 2576 κατά
1409 2524 1464 2576 τὸ
1499 2524 1791 2592 βεϐιωμένπν
1837 2528 1970 2580 ἀπο·

405 2600 592 2662 διδούς-⁸
633 2605 824 2666 πάντας
867 2611 965 2681 γάρ
1011 2613 1144 2678 ἡμᾶς
1191 2617 1528 2687 φανερωθῆναι
1574 2615 1655 2671 δεῖ
1677 2617 1967 2692 ἔμπροσθεν

401 2699 488 2745 τοῦ
519 2692 742 2763 βήματος
785 2703 875 2750 τοῦ
907 2705 1152 2769 Χριστοῦ.

471 2784 605 2837 Μετά
645 2792 808 2838 ταῦτα
837 2787 1062 2842 πιστεύω
1094 2794 1176 2844 καί
1213 2793 1405 2866 σαρκὸς
1445 2795 1734 2871 ἀνάστασιν,
1761 2800 1896 2856 ἡνίκα
1932 2801 1963 2859 ἧ

399 2877 491 2928 τοῦ
541 2875 730 2942 κόσμον
784 2882 1253 2949 μεταστοιχείωσις
1295 2885 1516 2953 γένηται,
1562 2887 1645 2940 ἶνα
1693 2890 1752 2942 τὸ
1796 2891 1964 2946 θνητὸν

399 2964 537 3031 ἡμῶν
579 2964 848 3024 ἐνδύσηται
885 2971 1178 3034 ἀθανασίαν,
1211 2976 1292 3026 καί
1340 2975 1399 3028 τὸ
1427 2977 1637 3049 φθαρτὸν
1682 2979 1964 3054 ἀφθαρσίαν

397 3051 748 3122 περιϐάληται.
803 3053 1054 3128 Ὀμολογῶ
1101 3063 1185 3112 καί
1241 3057 1294 3112 ἓν
1347 3063 1618 3134 βάπτισμα
1670 3069 1742 3126 εἰς
1789 3051 1962 3137 ἄφεσιν

397 3140 679 3207 ἀμαρτιῶν.
712 3147 768 3199 τὸ
816 3151 887 3206 εἰς
935 3152 1131 3224 Πατέρα
1160 3155 1244 3204 καί
1291 3157 1402 3207 Υξὸν
1451 3158 1532 3208 καί
1579 3155 1717 3228 ἅγιον
1762 3158 1958 3228 Πνεῦμα

394 3231 684 3302 τελούμενον
720 3239 848 3291 κατὰ
891 3244 979 3296 τήν
1028 3241 1343 3311 εύαγγελικήν
1371 3247 1449 3296 καὶ
1485 3246 1614 3297 θείαν
1645 3247 1951 3320 παράδοσιν.

393 3330 568 3376 Ταῦτα
624 3333 710 3384 τῆς
763 3326 1024 3399 ὀρθοδὸξου
1073 3335 1156 3382 καὶ
1211 3332 1349 3403 ἱεράς
1398 3337 1536 3400 ἡμῶν
1593 3335 1821 3410 λατρείας·
1866 3359 1955 3392 σε·

397 3415 588 3481 ϐάσμια
631 3415 857 3489 δόγματα
895 3423 977 3472 καί
1015 3426 1269 3494 μυστήρια
1317 3426 1446 3478 κατά
1500 3447 1554 3480 τε
1599 3433 1686 3485 τήν
1733 3429 1956 3501 παραδο-

393 3506 558 3558 θεῖσαν
602 3509 721 3575 ἡμῖν
767 3511 905 3580 παρά
949 3506 1066 3564 τῶν
1113 3515 1248 3568 θείων
1291 3525 1641 3587 μυσταγωγῶν
1681 3518 1870 3588 ὑψηλήν
1901 3542 1954 3576 τε

396 3598 480 3647 καί
525 3600 949 3669 ἀκραιφνεστάτην
996 3602 1260 3671 θεολυγίαν,
1291 3607 1374 3657 καί
1417 3611 1506 3663 τήν
1545 3608 1793 3681 σωτήριον
1837 3615 1955 3684 περὶ

396 3685 528 3751 ἡμᾶς
552 3694 641 3740 τού
671 3696 793 3743 Θεοῦ
822 3690 970 3762 λόγου
1010 3694 1308 3762 οἰκονομίαν,
1341 3698 1423 3747 καί
1453 3694 1554 3749 ὅσα
1590 3700 1788 3758 τούτοις
1816 3723 1954 3769 συμ-

399 3774 629 3831 ϐαίνοντα
675 3781 915 3850 ἐφάμιλλα
961 3785 1259 3856 κηρύγματα
1304 3785 1432 3849 μετά
1471 3785 1644 3846 πάσης
1682 3790 1954 3859 ἀποδοχῆς

396 3868 481 3920 καί
507 3872 728 3931 πίστεως
753 3881 986 3948 συντηρῶ
1013 3895 1067 3930 τε
1097 3879 1172 3930 καὶ
1203 3879 1518 3948 ἀσπάζομαι.

461 4195 804 4269 ’Δποδὲχομαι
849 4200 902 4259 δέ
956 4208 1041 4258 καί
1083 4206 1260 4269 ἕξαιτῶ
1296 4209 1386 4270 τάς
1431 4230 1483 4264 τε
1536 4213 1816 4284 πρεσϐείας
1863 4215 1948 4266 καί

387 4289 519 4361 πρὸς
564 4291 684 4342 Θεὸν
735 4293 992 4355 ίντεύξειςο
1049 4304 1245 4370 πρῶτον
1281 4301 1370 4368 μὲν
1421 4303 1503 4354 καὶ
1557 4303 1821 4378 ἐξαίρετον,
1855 4311 1947 4363 τῆς

388 4380 642 4450 πανάγνω
682 4385 768 4435 καί
806 4388 1118 4456 παναμὼμου
1167 4392 1253 4443 καὶ
1305 4393 1631 4464 ἀειπαρθὲνου
1685 4393 1946 4454 δεσποίνης

387 4468 528 4537 ἡμῶν
552 4475 881 4546 Θεομήτοροςο
906 4473 1082 4530 ἔπειτα
1102 4486 1198 4530 τῶν
1235 4481 1368 4534 θείων
1405 4485 1485 4534 καί
1512 4481 1750 4557 οὒρανίων
1788 4483 1943 4537 δυνά·

387 4578 546 4627 μιων,
566 4570 665 4615 τῶν
709 4564 863 4634 ἁγίων
898 4569 983 4620 καί
1010 4576 1335 4640 πανευφήμων
1381 4575 1810 4634 ἀποστόλων,τῶν
1839 4597 1940 4640 μα-

388 4648 573 4717 καρίων
615 4659 894 4722 προφητῶν,
929 4657 1009 4706 καί
1054 4655 1256 4720 ἐνδόξων
1299 4663 1383 4712 καὶ
1426 4662 1702 4716 καλλινίκων
1739 4662 1940 4737 μαρτύ-

388 4754 512 4804 ρων,
544 4741 623 4789 καί
671 4743 924 4814 Θεοφόρων
968 4747 1215 4811 Πατὲρων,
1268 4752 1348 4802 καί
1393 4752 1594 4805 πάντων
1639 4760 1738 4806 τῶν
1788 4753 1942 4823 ἁγίων

387 4832 489 4878 τῶν
533 4825 620 4878 ἀπ’
641 4832 816 4888 αἰῶνος
863 4834 1302 4904 εύαρεστησάντων
1344 4834 1415 4905 τῷ
1478 4839 1678 4912 Κυρίῳ·
1719 4839 1774 4894 οἱ
1810 4847 1938 4905 ζῶσι

388 4915 662 4978 διαπαντὸς
685 4921 733 4972 ἓν
757 4925 907 4992 αὐτῷ’
936 4924 1110 4995 ψυχαί
1131 4929 1227 4999 γάρ
1256 4926 1455 4982 δικαίων
1484 4931 1532 4982 ἐν
1564 4935 1705 5002 χειρί
1734 4937 1934 5007 Κυρίου⁶

391 5009 464 5066 ὦς
498 5014 736 5081 μεγίστην
771 5017 1024 5086 σωτηρίαν
1069 5017 1289 5071 ἕντεῦθεν
1335 5018 1517 5089 ψυχῆς
1564 5024 1651 5076 καί
1705 5025 1944 5092 σώματος

393 5101 756 5172 καρπούμενος.

461 5363 723 5427 Προσκυνῶ
753 5355 814 5411 δὲ
858 5362 942 5412 καί
965 5361 1374 5433 περιπτύσσομαι
1399 5363 1462 5416 τά
1498 5363 1752 5435 σεϐάσμια
1779 5366 1943 5420 αὐτῶν

387 5439 620 5511 λείψανα,
655 5447 721 5506 ὡς
767 5449 982 5518 ἰατρεῖον
1022 5449 1260 5520 ψυχικῶν
1296 5470 1350 5504 τε
1388 5455 1468 5504 καὶ
1503 5460 1802 5520 σωματικῶν
1841 5476 1943 5508 πα-

391 5531 622 5600 Θημάτων
663 5533 1006 5608 τυγχάνοντα.
1056 5538 1272 5608 ’Λνυμνῶ
1302 5535 1392 5594 οὖν
1433 5543 1597 5594 αὐτῶν
1633 5549 1724 5602 τὴν
1763 5550 1942 5615 σεμνὴν

395 5621 476 5670 καί
518 5617 682 5674 Mm
711 5624 962 5678 πολιτείαν
1002 5629 1081 5679 καί
1116 5630 1236 5686 τοὺς
1283 5626 1539 5700 ἀοιδίμους
1566 5633 1727 5684 αὐτῶν
1751 5637 1945 5702 ἀγῶνας

393 5711 475 5759 καί
525 5707 736 5778 ἄθλους,
780 5716 994 5787 γεραίρω
1042 5717 1129 5774 τὰς
1184 5717 1370 5783 θήιας,
1414 5722 1502 5772 καί
1545 5729 1657 5780 ταῖς
1700 5723 1946 5781 ἀνωτάτω

2069 1987 2183 2056 ipse
2232 1988 2404 2054 foret,
2433 1993 2523 2059 qui
2571 2003 2696 2047 ante
2735 2001 3300 2070 resurrectionem,per
3339 2009 3630 2062 manduca-

2069 2076 2269 2130 tionem
2299 2080 2543 2148 sacrique
2580 2082 2784 2147 lateris,
2818 2087 2959 2153 quod
2990 2089 3206 2155 sapiens
3243 2091 3473 2147 Thomas
3501 2111 3631 2149 con-

2069 2169 2340 2231 trectavit,
2371 2170 2776 2234 exhibitionem,
2828 2174 3242 2246 demonstrasse.
3281 2180 3632 2239 Credo-deui-

2069 2269 2174 2320 que
2201 2265 2533 2323 assumptum
2573 2272 2694 2311 esse
2718 2260 2769 2312 in
2804 2261 2988 2326 caelos,
3013 2272 3068 2316 et
3102 2265 3170 2318 ad
3221 2267 3498 2324 dexteram
3547 2272 3642 2328 Dei

2070 2341 2245 2396 Patris
2299 2346 2627 2409 consedisse,
2676 2355 2730 2399 et
2767 2363 2892 2401 cum
2950 2361 3224 2421 assumpto
3252 2370 3474 2425 corpore
3526 2376 3632 2415 non

2069 2431 2270 2498 absque
2298 2431 2490 2500 gloria,
2528 2435 2815 2504 divinaque
2845 2439 3122 2508 majestate
3156 2444 3282 2498 olim
3311 2447 3484 2502 denuo
3505 2466 3638 2505 ven-

2070 2526 2245 2573 turum
2295 2537 2431 2583 esse,
2465 2521 2700 2588 judicem
2729 2540 3022 2592 sessurum,
3053 2540 3106 2583 et
3143 2533 3438 2603 unicuique
3471 2537 3628 2605 juxta

2065 2610 2188 2662 vita:
2237 2625 2346 2664 sua:
2390 2612 2629 2668 rationes
2689 2615 3066 2672 redditurum:
3103 2636 3290 2678 omnes
3343 2628 3486 2681 enim
3533 2646 3635 2685 nos

2062 2696 2395 2752 manifestari
2431 2709 2640 2768 oportet
2667 2713 2790 2756 ante
2829 2704 3059 2759 tribunal
3083 2708 3304 2764 Christi.

2132 2785 2304 2840 Credo
2336 2797 2616 2856 postquam
2658 2792 2886 2846 mundus
2920 2794 3007 2848 hic
3035 2795 3196 2851 fuerit
3227 2800 3528 2868 innovatus,
3571 2816 3627 2860 et

2061 2877 2454 2944 quodammodo
2512 2881 3034 2950 transelcmentatus,
3080 2895 3134 2940 et
3186 2891 3366 2945 carnis
3419 2908 3632 2964 quoque

2063 2968 2516 3022 resurrectionem
2543 2968 2796 3034 futuram,
2827 2987 2932 3040 quo
2955 2976 3206 3031 nimirum
3239 2989 3480 3036 nostrum
3527 2985 3632 3039 hoc

2061 3055 2286 3107 mortale
2345 3056 2531 3110 induat
2562 3059 3018 3117 immortalitatem
3062 3073 3114 3118 et
3154 3071 3501 3138 corruptibile
3546 3073 3626 3128 in-

2064 3145 2461 3212 corruptionem
2515 3145 2592 3216 (Ἰ
2620 3145 2740 3200 Cor.
2768 3151 2883 3220 xv).
2939 3151 3212 3209 Confiteor
3259 3159 3418 3212 etiam
3464 3177 3628 3217 unum

2059 3234 2322 3302 baptisma
2363 3235 2415 3288 in
2447 3238 2815 3292 remissionem
2846 3252 3203 3308 peccatorum,
3254 3251 3393 3316 quod
3429 3265 3623 3305 secun-

2055 3322 2184 3375 dum
2230 3325 2594 3394 evangelicam
2628 3328 3081 3399 apostolicamque
3124 3336 3467 3391 traditionem
3493 3353 3620 3408 per-

2057 3413 2234 3468 ﬁcitur
2264 3416 2317 3468 in
2347 3418 2563 3470 nomine
2601 3415 2795 3483 Patris,
2820 3429 2874 3474 et
2913 3423 3055 3488 Filii,
3093 3435 3145 3478 et
3174 3425 3406 3496 Spiritus
3429 3433 3623 3484 sancti.

2055 3502 2178 3558 llaec
2225 3508 2526 3559 veneranda
2591 3511 2872 3564 orthodoxi
2920 3516 3166 3584 sacrique
3218 3519 3393 3574 cultus
3451 3524 3622 3576 nostii

2053 3593 2301 3662 dogmata
2345 3595 2632 3664 divinaque
2675 3603 2949 3668 mysteria,
2980 3620 3098 3672 qute
3137 3607 3290 3674 juxta
3337 3611 3619 3667 sublimem

2052 3680 2577 3751 sincerissimamque
2622 3685 2940 3755 theologiam
2978 3692 3144 3746 divini
3167 3697 3414 3764 sacrique
3441 3700 3625 3754 docto-

2052 3783 2138 3821 res
2161 3770 2314 3822 nobis
2335 3773 2699 3838 tradiderunt,
2727 3783 2836 3828 tttm
2873 3776 3162 3834 salutarem
3199 3798 3410 3852 quoque
3450 3787 3615 3841 divini

2051 3856 2202 3908 verbi
2238 3871 2363 3925 erga
2392 3873 2490 3912 nos
2518 3861 2996 3928 dispensationem,
3030 3873 3142 3920 tum
3169 3878 3393 3924 ceteras
3436 3887 3622 3928 omnes

2052 3942 2202 3997 hisce
2233 3945 2436 3999 similes
2461 3957 2514 4000 et
2542 3959 2931 4006 consentaneas
2974 3954 3249 4010 doctrinas
3279 3960 3623 4026 praedicatio-

2049 4047 2251 4100 nesque
2287 4048 2409 4088 cum
2443 4037 2590 4091 omni
2638 4041 3003 4106 acceptatione
3031 4051 3084 4096 et
3109 4043 3214 4098 ﬁde
3241 4047 3535 4114 amplector
3559 4062 3614 4106 et

2048 4137 2224 4177 servo.

2117 4213 2412 4268 Exosculor
2431 4215 2778 4272 nihilominus
2817 4227 2872 4272 et
2898 4229 3088 4289 expeto
3117 4231 3420 4278 sanctorum
3467 4228 3607 4294 apud

2046 4301 2217 4369 Deum
2261 4305 2559 4373 patrocinia
2603 4315 2660 4361 et
2709 4308 3167 4367 intercessiones:
3201 4314 3373 4382 primo
3400 4317 3614 4386 quidem

2045 4395 2418 4464 praecipueque
2462 4397 2814 4452 sanctissima
2844 4408 2899 4452 et
2927 4401 3430 4457 immaculatissima?
3468 4421 3613 4458 sem-

2048 4499 2144 4551 per
2172 4485 2398 4555 virginis
2431 4503 2494 4542 ac
2527 4488 2754 4543 domina:
2783 4499 2979 4546 nostra:
3005 4492 3096 4545 Dei
3126 4494 3332 4557 matris,
3363 4509 3486 4549 mox
3513 4511 3608 4550 ve-

2047 4587 2106 4626 ro
2155 4573 2455 4630 divinarum
2512 4577 2917 4648 caelestiumque
2965 4581 3239 4643 virtutum,
3296 4593 3606 4641 sanctorum

2046 4662 2652 4735 laudatissimorumque
2711 4671 3098 4737 apostolorum,
3152 4675 3430 4728 beatorum
3483 4690 3611 4744 pro-

2040 4753 2340 4819 phetarum,
2359 4753 2860 4822 gloriosissimorum
2875 4760 3451 4833 invictissimorumque
3467 4781 3609 4819 mar-

2041 4849 2242 4910 tyrum,
2272 4841 2573 4895 divinorum
2598 4843 2835 4906 Patrum,
2864 4863 2926 4900 ac
2955 4851 3196 4902 omnium
3222 4852 3450 4922 denique
3477 4868 3602 4907 san-

2041 4937 2273 4992 ctorum,
2298 4929 2388 4996 qui
2413 4930 2480 4983 ab
2512 4929 2665 4983 initio
2686 4934 2867 4986 mundi
2917 4935 3142 4990 Domino
3166 4938 3506 5005 placuerunt,
3550 4949 3605 4994 et

2046 5019 2247 5087 absque
2269 5018 2376 5070 ullo
2403 5020 2621 5074 omnino
2651 5021 2756 5074 [ine
2803 5022 2858 5075 in
2891 5023 3005 5090 ipso
3030 5033 3083 5078 et
3111 5042 3206 5094 per
3228 5028 3399 5096 ipsum
3422 5034 3607 5084 vivunt

2045 5107 2262 5176 (anima:
2276 5107 2419 5160 enim
2426 5105 2690 5173 justorum
2714 5110 2766 5162 in
2781 5125 2938 5164 manu
2957 5111 3048 5167 Dei
3061 5123 3184 5168 sunt
3207 5114 3358 5186 [Sap.
3385 5132 3466 5178 ιιι,
3494 5116 3545 5186 1]
3563 5121 3602 5186 ),

2045 5199 2105 5246 ut
2145 5191 2236 5260 qui
2267 5193 2556 5247 maximam
2598 5195 2724 5250 hinc
2760 5197 2951 5252 anima:
2986 5203 3330 5271 corporisque
3379 5204 3606 5258 salutem

2044 5296 2366 5351 consequar.

2112 5372 2290 5426 Adoro
2323 5373 2452 5427 item
2477 5382 2534 5429 et
2563 5377 2846 5435 exosculor
2870 5379 3202 5435 venerandas
3240 5381 3453 5436 illorum
3474 5383 3604 5439 reli-

2045 5462 2221 5530 quias,
2259 5464 2455 5532 quippe
2479 5480 2597 5534 quae
2626 5476 2828 5522 certam
2872 5471 3170 5524 animorum
3213 5487 3607 5544 corporumque

2047 5551 2250 5604 morbis
2275 5551 2525 5619 salutem,
2580 5557 3004 5628 medicinamque
3031 5559 3328 5615 conferant.
3362 5561 3606 5631 Suscipio

2046 5649 2304 5708 praeterea
2335 5657 2399 5698 ac
2420 5643 2578 5698 laudo
2623 5649 2980 5702 venerandam
3007 5650 3347 5721 divinamque
3392 5654 3604 5710 illorum

2049 5733 2532 5800 conversationem,
2574 5735 2826 5791 celeberri
2837 5754 3054 5806 mosque
3078 5745 3381 5798 eorumde
3408 5760 3608 5810 agones
