4086 6344
525 431 616 496 191

1516 421 1578 486 S.
1620 417 2041 482 NICEPIIORI
2084 416 2588 479 PATRIARCILE
2624 417 2735 480 CP.

3638 417 3745 484 192

531 552 589 597 et
622 553 847 610 pugnas,
879 538 1085 592 honoro
1121 550 1332 605 quoque
1360 544 1414 591 et
1458 551 1683 591 veneror
1709 539 2080 588 sacrosanctas

2198 537 2350 599 τιμαῖς
2384 538 2607 602 στεφανῶ
2628 532 2835 592 αὐτούς,
2869 530 2950 585 ὅτι
2973 531 3104 603 ύπίρ
3131 541 3222 592 τῆς
3246 523 3388 597 δόξης
3415 543 3505 590 τοῦ
3536 539 3739 593 πάντων

530 632 742 687 illorum
771 630 983 681 tumbas
1020 636 1077 680 et
1106 627 1440 695 sepulturas;
1473 626 1663 694 dignos
1701 624 1930 689 denique
1970 620 2088 674 illos

531 723 676 792 ipsos
706 733 917 780 censeo,
975 719 1065 785 qui
1115 716 1339 770 summis
1389 715 1683 768 honoribus
1732 713 2086 773 decorentur,

530 809 883 876 maximisque
908 807 1154 859 laudibus
1178 805 1492 866 evehantur,
1520 802 1774 870 quoniam
1796 813 1893 866 pro
1920 798 2090 867 gloria

529 899 627 953 Dci
643 898 881 952 omnium
908 904 1145 948 nostrum
1158 893 1456 947 Salvatoris
1471 890 1785 958 sanguinem
1807 901 1962 941 suum
1974 900 2095 955 pro-

533 990 801 1051 fuderunt,
827 996 881 1041 et
918 987 1054 1040 hanc
1102 985 1299 1038 ﬂuxam
1342 991 1770 1051 praesentemque
1808 979 1993 1042 vitam,
2025 977 2094 1031 ob

532 1097 680 1135 suam
709 1081 760 1133 in
786 1079 950 1133 Deum
971 1078 1286 1130 charitatem
1316 1074 1556 1133 animose
1580 1077 1918 1138 spreverunt,
1957 1068 2095 1120 vivi-

538 1170 774 1236 ﬁcasque
801 1183 863 1221 ac
886 1167 1150 1221 salutares
1178 1159 1318 1217 illius
1342 1160 1715 1231 perpessiones
1734 1158 1927 1210 imitati
1949 1163 2091 1210 sunt.

531 1257 873 1325 Complector
900 1256 1082 1308 itidem
1111 1252 1449 1319 suscipioque
1473 1263 1579 1302 non
1626 1247 1797 1301 solum
1826 1256 2093 1299 veneran-

539 1348 636 1401 das
661 1347 861 1400 Christi
886 1345 1123 1401 omnium
1151 1342 1449 1397 Salvatoris
1476 1340 1643 1394 nostri
1676 1339 1881 1401 iconas,
1906 1345 1961 1390 et
2003 1350 2096 1389 ve-

531 1436 809 1490 nerabiles
850 1433 1202 1487 sanctissima:
1231 1432 1321 1484 Dei
1350 1430 1537 1483 matris
1582 1427 1861 1496 imagines,
1906 1439 2093 1478 verum

537 1539 722 1578 sacras
766 1537 976 1591 quoque
1026 1529 1331 1574 sanctorum
1371 1518 1607 1572 omnium
1635 1515 1833 1583 eﬂigies
1870 1527 2095 1581 eamque

533 1604 938 1669 venerationem
968 1613 1074 1665 illis
1097 1610 1346 1674 exhibeo,
1375 1623 1535 1677 quam
1565 1607 1737 1661 honor
1766 1620 1950 1659 eorum
1978 1617 2094 1657 me-

533 1705 581 1759 ri
591 1713 642 1758 to
670 1703 926 1772 postulat.

616 1794 875 1844 Amanter
949 1798 1206 1859 praeterea
1259 1796 1672 1856 reverenterque
1727 1800 1975 1848 veneror,
2038 1791 2092 1838 et

2188 621 2327 688 ἠμῶν
2365 628 2588 692 Σωτῆρος
2614 626 2741 673 Θεοῦ
2767 621 2824 674 τὸ
2853 618 2977 691 αἷμα
3016 622 3242 689 ἔξέχεαν,
3270 626 3354 676 καί
3389 633 3479 685 τῆς
3509 631 3754 697 προσκαί-

2188 727 2281 779 ρου
2316 710 2447 770 ζωῆς
2485 706 2569 761 διὰ
2593 712 2683 764 τήν
2725 709 2795 766 εἰς
2832 710 2984 762 αὐτόν
3251 714 3639 784 κατεφρόνησαν,
3668 738 3754 784 με.

2189 800 2345 865 μηταί
2379 804 2470 852 τοῦ
2517 801 2759 859 ζωοποιοῦ
2796 801 2882 852 καί
2916 802 3169 872 σωτηρίου
3211 800 3402 861 πάθους
3432 805 3588 857 αὐτοῦ
3611 807 3757 877 τινά-

2190 905 2347 954 μενοι.
2371 886 2719 953 ἀσπαζόμενος
2741 885 2845 955 ἅμα
2864 895 2926 955 τῇ
2949 894 3040 942 τοῦ
3059 890 3264 942 πάντων
3284 898 3509 959 Σωτῆρος
3526 899 3752 964 Χριστοῦ

2186 975 2447 1047 σεϐασμίᾳ
2493 975 2637 1028 εικόνι
2687 984 2778 1034 τῆς
2815 996 2870 1030 τε
2897 976 3152 1048 πανᾶγνου
3188 982 3274 1031 καί
3320 984 3636 1054 Θεομήτορος
3670 988 3753 1036 καί

2190 1066 2310 1121 τοὺς
2337 1065 2559 1124 σεπτούς
2587 1067 2666 1117 καὶ
2694 1064 2870 1134 ἁγίους
2898 1066 3060 1117 αὐτῶν
3086 1073 3434 1140 χαρακτῆρας,
3452 1070 3750 1141 προσνέμων

2193 1156 2364 1213 αὐτοῖς
2388 1159 2477 1211 τήν
2502 1154 2631 1209 κατὰ
2657 1159 2806 1224 τιμὴν
2833 1156 3192 1226 προσκύνησιν.

2264 1767 2390 1842 Πρὸς
2432 1770 2629 1830 τούτοις
2674 1772 2945 1832 ἀσπασίως
2994 1770 3320 1844 ἀποδέχομαι
3361 1776 3443 1830 καί
3476 1784 3608 1845 τιμῶ
3648 1776 3745 1841 τὰς

538 1880 831 1950 amplector
874 1888 1076 1948 septem
1124 1895 1305 1933 sacras
1344 1887 1397 1932 et
1431 1878 1787 1933 (ecumenicas
1840 1875 2089 1945 synodos,

2198 1856 2339 1929 ἁγίας
2387 1864 2473 1914 καί
2521 1857 2858 1928 οὶκουμενικᾶς
2894 1863 3024 1918 ίπτά
3062 1864 3303 1924 συνόδους
3337 1870 3422 1922 καί
3457 1871 3524 1921 τὰ
3561 1872 3611 1922 ἓν
3652 1874 3748 1924 αὖε

536 1970 822 2036 omniaque
860 1969 1308 2037 supernaturalia,
1349 1976 1402 2021 et
1451 1968 1709 2021 salutaria
1755 1967 2006 2034 dogmata
2040 1972 2095 2019 et

489 2105 493 2109 .
537 2060 773 2121 decreta,
802 2073 920 2126 quae
945 2073 973 2110 a
1019 2057 1219 2110 sanctis
1268 2064 1323 2109 et
1349 2056 1545 2109 divinis
1591 2055 1843 2107 Patribus
1874 2054 2092 2119 nostris,

535 2147 805 2216 quosolim
834 2146 1066 2216 Spiritus
1089 2152 1308 2199 sanctus
1331 2146 1397 2198 ad
1420 2144 1711 2198 Ecclesiam
1724 2158 1875 2197 suam
1908 2158 2096 2211 regen-

536 2237 658 2289 dam
684 2241 1106 2304 pascendamque
1142 2234 1393 2299 instituit,
1418 2233 1471 2286 in
1506 2233 1613 2286 illis
1647 2238 1863 2286 exstant
1888 2232 2095 2286 sancita

534 2333 591 2381 et
614 2325 986 2379 determinata.

605 2414 662 2467 lu
710 2416 901 2482 primis
946 2415 1160 2483 quidem
1218 2430 1429 2469 sacram
1475 2414 1579 2468 518
1627 2413 2097 2468 celeberrimorum

540 2500 763 2555 Patrum
791 2504 1071 2570 synodum,
1095 2503 1185 2570 qui
1201 2503 1469 2570 quondam
1494 2503 1635 2571 apud
1660 2501 1892 2554 Nicaeam
1915 2502 2098 2554 civita-

535 2598 646 2642 tem
675 2598 860 2642 contra
888 2591 1109 2657 impiqu
1132 2600 1187 2644 et
1212 2592 1475 2644 furiosum
1503 2591 1690 2643 Arium
1713 2598 2092 2655 convenerunt,

536 2692 656 2747 quze
697 2687 751 2731 et
796 2679 1085 2747 impietatis
1127 2690 1399 2733 auctorem
1435 2680 1501 2732 ab
1535 2679 1772 2732 Ecclesia
1801 2678 2019 2747 expulit,
2042 2686 2096 2733 et

535 2766 696 2819 ﬁdem
725 2764 905 2818 veram
948 2776 1256 2836 rectamque
1296 2783 1393 2835 per
1408 2764 1764 2819 sacrumillud
1781 2773 1835 2817 et
1858 2767 2094 2820 divinum

535 2855 836 2924 symbolum
865 2856 1018 2910 nobis
1052 2857 1315 2924 exposuit,
1352 2865 1405 2909 et
1431 2858 1595 2909 Deum
1618 2855 1868 2918 Verbum,
1896 2856 2094 2923 Deique

536 2943 733 2997 Filium
757 2958 861 2997 non
887 2955 1189 2999 creaturam
1209 2986 1222 3009 ,
1255 2954 1313 2999 ut
1335 2947 1419 2999 ille
1437 2986 1451 3010 ,
1486 2947 1576 3000 sed
1605 2946 1746 2998 Patri
1779 2946 2092 2999 homousiou

536 3042 591 3087 et
613 3042 819 3087 certum
842 3049 1132 3102 verumque
1163 3036 1348 3099 Deum,
1373 3044 1427 3089 et
1466 3051 1643 3089 rerum
1674 3037 1909 3090 omnium
1936 3051 2092 3089 crea-

544 3131 717 3175 torem
739 3136 858 3176 esse
878 3124 1173 3177 orthodoxe
1196 3125 1588 3177 determinavit.

2192 1959 2308 2010 ταῐς
2335 1951 2729 2024 δογματισθίντα
2754 1958 2838 2007 καί
2857 1958 3179 2029 κηρυχθέντα
3203 1957 3308 2010 Θεῖὰ
3333 1977 3385 2012 τε
3414 1962 3497 2013 καὶ
3518 1959 3749 2036 ὑπερφνῆ

2193 2046 2275 2096 καί
2312 2048 2535 2119 σωτήρια
2581 2042 2808 2115 δόγματα
2854 2047 2997 2117 παρὰ
3041 2053 3139 2098 τῶν
3176 2045 3326 2099 ὁσίων
3374 2051 3458 2102 καί
3495 2051 3751 2122 Θνοφόρων

2193 2135 2421 2206 Πατίρων
2472 2136 2630 2203 ἡμῶν,
2676 2133 2763 2193 οὓς
2813 2136 2945 2187 κατά
2988 2136 3159 2205 καιρὸν
3193 2134 3329 2189 ἔθετο
3366 2137 3423 2190 τὸ
3473 2147 3537 2190 ῐιν
3567 2145 3666 2208 ῦμα
3691 2141 3750 2194 τὸ

2194 2219 2334 2292 ἆγιον
2369 2226 2641 2292 ποιμαίνειν
2668 2228 2756 2281 τὴν
2782 2222 3066 2280 Ἐκκλησίαν
3105 2227 3260 2278 αὐτοῦ
3288 2230 3370 2279 καί
3402 2225 3609 2283 διέπειν.

2261 2406 2442 2469 Πρῶτοι
2483 2400 2573 2467 μίν
2610 2403 2699 2457 τήν
2727 2400 2779 2452 ἕν
2815 2402 2989 2470 Νικαίᾳ
3027 2398 3361 2453 συνελθοῦσαι
3400 2408 3498 2454 τῶν
3532 2402 3741 2460 τιη”ἆοιο

2193 2484 2348 2556 δίμων
2383 2489 2615 2560 Πατίρων
2643 2489 2780 2557 ἡμῶν
2817 2486 3022 2540 σύνοδον
3040 2526 3055 2548 ,
3086 2489 3217 2540 κατά
3244 2494 3331 2541 τοῦ
3363 2486 3645 2551 δυσσεϐοῦς
3666 2494 3747 2545 καί

2192 2575 2469 2646 μανιώδους
2496 2574 2700 2646 ’Δρείου’
2751 2574 2802 2629 ὃν
2837 2584 2927 2635 τῆς
2964 2576 3248 2635 Ἐκκλησίας
3297 2579 3544 2641 ἐξώσασα,
3579 2582 3751 2635 πίστιν

2193 2670 2308 2736 ἡμῖν
2339 2668 2597 2725 meant
2631 2668 2899 2725 εὖθυτάτην
2934 2665 3015 2721 διὰ
3044 2674 3132 2720 τοῦ
3166 2669 3299 2741 ίεροῦ
3336 2672 3418 2721 καί
3450 2672 3581 2723 σείου
3619 2692 3756 2739 συρ-

2195 2760 2340 2813 ϐόλου
2380 2761 2667 2831 ἐξεφώνησε·
2704 2763 2789 2813 τὸν
2822 2760 2942 2812 Θεὸν
2988 2762 3167 2829 Λόγον,
3200 2764 3285 2813 καὶ
3321 2766 3409 2813 τοῦ
3451 2766 3579 2814 Θεοῦ
3620 2759 3748 2824 Ϊὶὁν,

2194 2852 2251 2904 ού
2308 2851 2500 2919 κτίσμα
2547 2847 2657 2903 κατ’
2677 2849 2861 2912 αὐτὸν,
2920 2847 3187 2917 όμςούσιον
3238 2848 3290 2904 δὲ
3335 2846 3407 2920 τῷ
3458 2853 3617 2924 ηατρί
3669 2853 3755 2906 καί

2196 2941 2542 3010 συνάναρχον,
2576 2940 2643 2997 ὡς
2666 2939 2784 2990 Θεὸν
2812 2937 3029 2995 ἀληθινὸν
3057 2941 3139 2991 καί
3163 2940 3369 2997 κτίστην
3396 2945 3495 2991 τῶν
3523 2939 3756 3006 ἀπαντων

2195 3027 2461 3100 ὸρθοδοξως
2491 3025 2836 3097 ἕδογμάτισεν.

604 3212 816 3275 Deinde
827 3228 952 3285 vero
982 3213 1081 3265 150
1099 3222 1399 3266 sanctorum
1428 3213 1982 3281 divinissimorumque
2002 3212 2099 3265 Pa-

2268 3197 2396 3256 Εἶτα
2426 3206 2513 3258 τήν
2539 3199 2647 3270 μετ’
2662 3203 2817 3257 αὐτὴν
2863 3200 2909 3253 ἔν
2957 3196 3117 3270 ταύτῃ
3161 3206 3222 3273 τῇ
3265 3198 3487 3270 βασιλίδι
3523 3206 3621 3253 τῶν
3659 3200 3756 3255 πό·-

537 3319 681 3363 trum
695 3305 976 3376 synodum,
1004 3319 1120 3371 qua:
1137 3312 1255 3371 post
1273 3303 1497 3356 Nicaeam
1522 3304 1574 3355 in
1602 3304 1702 3356 hac
1726 3304 1866 3372 regia
1888 3303 2101 3356 civitate

547 3404 732 3451 coacta
764 3393 1125 3447 Macedonium
1156 3392 1521 3458 impiissimum
1550 3390 1779 3457 Spiritus
1808 3390 1978 3442 sancti
2004 3389 2102 3441 im-

539 3495 891 3557 pugnatorem
917 3482 1307 3545 exauctoravit,
1329 3482 1619 3535 ostendens
1651 3481 1800 3533 illum
1838 3496 1944 3532 non
1984 3494 2102 3533 esse

538 3575 665 3643 quid
687 3582 943 3634 creatum,
968 3572 1060 3625 sed
1086 3584 1265 3623 verum
1292 3571 1455 3622 Deum
1484 3568 1629 3622 Patri
1651 3576 1705 3621 ct
1717 3568 1851 3619 Filio
1877 3581 1970 3634 per
1989 3581 2103 3619 om-

547 3664 636 3716 nia
687 3662 1018 3724 homousion,
1061 3661 1247 3714 eadem
1283 3675 1494 3713 sacrum
1530 3657 1830 3727 symbolum
1874 3656 2102 3722 Spiritus

538 3740 707 3807 sancti
732 3753 909 3806 verbis
936 3750 1103 3805 fusius
1129 3750 1434 3819 explicavit,
1478 3750 1607 3816 quin
1634 3756 1689 3801 et
1716 3746 2102 3814 Apollinarium

540 3857 751 3910 quoque
774 3842 1042 3894 hominem
1074 3855 1199 3894 vere
1240 3838 1488 3892 stolidum
1529 3846 1584 3890 et
1622 3837 1866 3889 insanum
1910 3838 1978 3889 ab
2008 3835 2103 3889 Ec-

543 3930 702 3984 clesia
731 3930 951 3997 pepulit.

611 4020 737 4073 Post
762 4022 899 4073 hanc
923 4026 1102 4072 autem
1139 4018 1374 4085 suscipio
1418 4031 1624 4070 sacram
1650 4016 1755 4069 200
1799 4024 2104 4069 sanctorum

543 4109 757 4162 Patrum
783 4109 1160 4175 doctorumque
1183 4107 1454 4159 hominum
1478 4105 1754 4173 synodum,
1784 4119 1900 4169 qua:
1921 4111 2106 4155 contra

540 4212 795 4252 vesanum
841 4196 1145 4250 Nestorium
1182 4195 1620 4261 blasphemasque
1650 4190 1899 4257 'ejusdem
1949 4206 2105 4244 voces

540 4288 738 4357 Ephesi
775 4288 924 4351 coiit,
973 4288 1324 4352 eumdcmque
1375 4286 1540 4353 gradu
1570 4291 1623 4336 et
1664 4282 1779 4335 loco
1839 4282 2024 4346 movit,
2055 4289 2113 4335 et

543 4394 700 4431 unam
723 4393 839 4433 esse
866 4377 1062 4431 Christi
1095 4384 1149 4428 et
1174 4376 1264 4428 Dei
1294 4375 1461 4427 nostri
1490 4387 1793 4439 personam,
1823 4371 1955 4425 duas
1982 4387 2108 4424 vero

540 4470 776 4538 ejusdem
824 4479 1043 4524 naturas
1090 4467 1204 4521 sine
1242 4467 1348 4520 ulla
1390 4465 1704 4520 confusione
1735 4479 1797 4517 ac
1840 4464 2105 4518 divisione

540 4560 681 4613 inter
703 4574 758 4613 se
784 4560 965 4612 unitas
988 4557 1369 4618 determinans,
1404 4570 1567 4607 unum
1597 4569 1811 4607 rursum
1835 4555 2103 4608 eumdem-

540 4661 645 4716 que
677 4647 843 4700 Deum
869 4657 924 4699 ct
948 4645 1216 4697 hominem
1251 4643 1408 4696 simul
1434 4658 1552 4696 esse
1594 4642 1890 4705 declarans,
1936 4658 1999 4695 ac
2021 4659 2104 4695 sa-

539 4749 687 4788 cram
712 4734 924 4787 tandem
962 4731 1223 4799 virginem
1258 4730 1474 4783 Mariam
1505 4743 1629 4783 vere
1653 4730 1971 4798 proprieque
1997 4728 2107 4785 dei-

540 4838 727 4892 param
766 4837 884 4876 esse
911 4820 1281 4888 pronuntians.

613 4912 951 4980 Complector
970 4918 1159 4978 quarto
1197 4926 1403 4965 sacram
1432 4909 1535 4965 630
1555 4909 1855 4965 divinorum
1890 4910 2105 4978 Deoque

547 5005 847 5058 amatorum
883 5002 1097 5054 Patrum
1126 5001 1456 5056 Chalcedone
1492 5011 1798 5057 coactorum
1823 5002 2104 5071 synodum,

544 5108 664 5161 qua:
691 5090 1034 5159 impiissimos
1061 5091 1345 5161 Eutychem
1369 5100 1423 5145 et
1439 5092 1772 5153 Dioscorum,
1796 5090 2110 5142 obscuram-

547 5197 651 5250 que
676 5194 740 5233 ac
768 5181 1099 5234 tenebrosam
1129 5182 1433 5233 corumdem
1467 5179 1834 5233 confusionem
1862 5177 2110 5230 condem-

548 5275 718 5328 navit.
746 5272 837 5326 llis
875 5273 1210 5327 anathemate
1234 5271 1510 5341 iugulatis,
1552 5284 1717 5322 unum
1760 5267 2110 5333 eumdemque

547 5364 814 5420 Christum
856 5364 1018 5417 Deum
1049 5380 1112 5418 ac
1143 5364 1427 5417 Dominum
1474 5368 1717 5414 nostrum
1751 5366 1803 5411 et
1840 5357 2109 5410 hominem

518 5464 521 5469 '
548 5452 859 5522 perfectum,
896 5461 950 5508 et
977 5454 1144 5507 Deum
1184 5465 1399 5505 rursum
1429 5447 1730 5516 perfectum
1753 5460 1870 5499 esse
1905 5445 1957 5498 in
1980 5444 2112 5497 dua-

551 5541 649 5595 bus
673 5543 882 5611 quidem
915 5542 1144 5603 naturis,
1172 5540 1226 5592 in
1257 5553 1365 5592 una
1392 5550 1521 5591 vero
1563 5547 1791 5603 persona
1843 5530 2120 5585 inconfuse

550 5630 914 5701 lndivulseque
934 5633 1251 5685 existentem
1266 5628 1353 5696 pie
1362 5624 1760 5693 deprzedicavit.

619 5721 753 5778 Tum
782 5724 1023 5792 quintam
1048 5732 1259 5774 rursum
1304 5726 1513 5770 saeram
1544 5715 1643 5769 165
1681 5720 1986 5768 sanctorum
2014 5710 2114 5765 Pa-

2201 3290 2320 3343 λεων
2370 3291 2814 3363 συναθροισῦεῐσαν
2865 3296 2962 3341 τῶν
3006 3289 3079 3359 ρνῖ
3113 3290 3459 3343 θεοπνεύστων
3508 3293 3753 3359 Πατέίωνο

2200 3381 2282 3432 τὸν
2320 3380 2516 3433 ἀνόσιον
2538 3380 2980 3448 ’πνευματομάχον
3018 3380 3326 3433 καθελοῦσαν
3364 3378 3651 3433 Μακεδόνων
3679 3381 3759 3432 και

2200 3476 2288 3526 τήν
2318 3475 2409 3523 τοῦ
2447 3471 2585 3539 ἱεροῦ
2614 3470 2871 3540 συμϐόλου
2903 3469 3089 3523 ἔννοιαν
3131 3471 3514 3532 ἔξαπλώσασαν.
3544 3473 3628 3523 καί
3654 3478 3757 3530 τοῖς

2192 3564 2291 3614 ’τοῦ
2328 3560 2471 3629 ἁγίου
2511 3562 2792 3628 Πνιύματος
2824 3560 2984 3630 λόγοις
3013 3561 3450 3633 ίπιτρανώσασαν,
3492 3564 3609 3616 Θεὸν
3640 3564 3759 3620 ἁλη-

2202 3650 2330 3701 θινὸν
2367 3647 2628 3715 ὸμοσύσιον
2675 3657 2748 3719 τῷ
2786 3653 2943 3723 Πατρί
2987 3654 3071 3703 καί
3109 3639 3181 3720 τίς»
3219 3651 3318 3721 Υίῷ
3363 3654 3445 3703 καὶ
3486 3653 3542 3705 οὐ
3576 3655 3762 3719 κτίσμα

2200 3739 2347 3792 αὐτὸν
2400 3739 2781 3810 βιϐαιώσασαν,
2838 3742 2922 3793 καί
2966 3738 3309 3812 Ἀπολινὰριον
3358 3742 3439 3794 τὸν
3476 3741 3758 3811 Λαοδικέα,

2202 3827 2285 3880 τόν
2313 3824 2466 3886 ὅντως
2506 3825 2695 3897 ἄφρονα
2730 3831 2814 3880 καὶ
2848 3827 3055 3883 ἀνόητον
3103 3836 3192 3887 τῆς
3231 3829 3520 3889 Ἐκκλητὶας
3566 3832 3758 3890 irruam-

2203 3919 2447 3987 ρύξασαν.

2274 4005 2388 4060 Μεθ’
2433 4008 2490 4063 ἣν
2518 4011 2606 4064 τήν
2632 4008 2682 4059 ἓν
2720 4006 2907 4076 Ἐφέσῳ
2935 4006 2993 4060 τὸ
3029 4006 3270 4079 πρότερον
3296 4012 3756 4079 συναγηγερμένην,

2204 4103 2303 4149 τῶν
2325 4097 2465 4167 ἱερῶν
2487 4095 2757 4151 διακοσίων
2782 4095 3092 4150 διδασκάλων
3117 4097 3263 4166 ἁγίαν
3287 4096 3493 4150 σίνοδον
3520 4107 3643 4152 κατά
3676 4112 3761 4151 Νε-

2190 4187 2410 4254 ’στορίου
2436 4192 2526 4239 τοῦ
2565 4186 2921 4257 ματαιόφρονος
2956 4188 3039 4237 καί
3074 4194 3172 4239 τῶν
3211 4188 3387 4239 ἔκείνου
3416 4190 3753 4259 βλασφημιῶν,

2201 4270 2255 4328 ὃν
2274 4276 2570 4333 καθελοῦσα.
2587 4280 2703 4345 μίαν
2716 4283 2803 4330 τοῦ
2826 4284 3049 4349 Χριστοῦ
3074 4280 3149 4329 γαί
3176 4284 3299 4330 Θεοῦ
3321 4281 3458 4346 ἡμῶν
3475 4279 3577 4331 καθ’
3592 4281 3760 4332 ἕνωσιν

2205 4367 2510 4428 ὑπόστασιν,
2540 4370 2623 4420 καί
2649 4362 2742 4421 δύο
2778 4370 2952 4437 φύσεις
2994 4370 3310 4438 ἀσυγχύτως
3348 4373 3428 4423 καί
3475 4370 3761 4444 ἀδιαιρέτωῖ

2209 4464 2372 4526 σοφῶς
2410 4456 2728 4527 ἐδογμάτισε,
2769 4462 2850 4513 τὸν
2883 4460 3037 4511 αὑτὸν
3072 4460 3193 4511 Θεὸν
3222 4463 3308 4512 καί
3344 4456 3598 4530 ἄνθρωποί
3638 4463 3764 4513 ἀπο-

2204 4550 2421 4617 φήνασα,
2458 4549 2542 4599 καί
2576 4552 2664 4603 τήν
2690 4546 2837 4615 ἁγίαν
2875 4551 3086 4622 Μαρίαν,
3117 4550 3299 4621 κυρίως
3327 4552 3408 4602 καὶ
3432 4550 3619 4608 ἀληθῶς
3645 4559 3763 4601 Θεο-

2206 4630 2350 4684 τόκον
2390 4623 2764 4702 ὁμολογήσασα.

2277 4904 2413 4957 Μετά
2448 4909 2614 4958 ταῦτα
2636 4911 2736 4957 τῶν
2763 4904 2811 4956 ἄν
2840 4902 3131 4981 Καλχηδόνι
3169 4904 3557 4980 συνδραμόντων
3593 4907 3732 4968 ἔξακο
3752 4938 3763 4945 -

2211 4995 2334 5046 σίων
2358 4994 2621 5064 τριάκοντα
2646 4994 2814 5046 ἐνθέων
2838 4996 2922 5046 καί
2942 4993 3198 5064 Θεοφόρων
3229 4997 3358 5048 [lari
3361 5016 3479 5067 ρων,
3513 4997 3621 5053 ἣτις
3649 4997 3765 5052 τοὺς

2212 5079 2501 5143 δυσσεϐεῖς,
2536 5079 2776 5149 Εῦτυχέα
2798 5083 2877 5133 καί
2915 5081 3208 5153 Διόσκορον,
3232 5089 3309 5133 καί
3348 5089 3436 5140 τήν
3465 5082 3655 5153 Capri)er
3685 5086 3765 5134 καὶ

2212 5172 2557 5242 ἐσκοτισμένην
2594 5173 2756 5225 αὐτῶν
2782 5172 3046 5241 σύγχυσιν
3088 5170 3407 5233 κατεδίκασε,
3435 5176 3519 5226 καί
3556 5175 3767 5232 τούτους

2212 5262 2634 5332 ἀναθεματὼασα,
2664 5262 2845 5314 τέλειον
2885 5262 3043 5314 αὺτὸν
3087 5262 3228 5325 Θεὸν,
3258 5265 3340 5315 καὶ
3367 5264 3548 5316 τέλειον
3578 5260 3767 5333 ἄνθρω-

2212 5374 2307 5407 πον
2333 5355 2421 5408 τὸν
2447 5356 2593 5407 αὐτὸν
2627 5354 2843 5426 Χριστὸν
2864 5356 2945 5404 καί
2969 5352 3088 5405 Θεὸν
3119 5355 3254 5425 ἡμῶν
3278 5356 3322 5406 ἐν
3353 5353 3444 5406 δύο
3473 5356 3657 5424 φύσεσι
3687 5354 3770 5404 κλί

2214 5444 2502 5496 ύποστὸισιι
2552 5448 2643 5512 μιᾷ
2695 5442 3012 5512 ἀσυγχύτως
3061 5445 3140 5495 καὶ
3197 5441 3494 5517 ἀδιαιρέτως
3546 5436 3767 5500 εύσεϐπῖες

2216 5536 2524 5608 ἀνεκήρυξεν.

2290 5709 2401 5762 ’Ἔτι
2432 5713 2525 5766 μὴν
2570 5709 2649 5762 καί
2684 5712 2773 5765 τήν
2811 5704 2950 5766 αὖεις
2980 5707 3087 5761 κατ’
3109 5708 3257 5763 αὐτὴν
3283 5711 3369 5765 τὴν
3398 5704 3768 5779 Θεοφρούρητον
