4008 6342
536 354 645 420 459

1970 348 2276 411 ANONYM
2283 351 2310 410 Ι

3651 341 3747 409 ια)

541 465 797 530 abcessit,
847 465 1054 534 iterque
1088 477 1278 519 versus
1335 459 1576 514 foramen
1635 476 1792 516 suum
1849 460 2091 514 institit:

2201 460 2464 524 εἰπόντος,
2507 463 2533 513 ὀ
2565 461 2662 530 μὲν
2693 461 2804 531 ἔχις
2842 460 3037 515 αὐτίκα
3073 459 3166 515 τοῦ
3207 461 3365 524 ποδός
3393 477 3453 514 τε
3495 459 3750 530 ἀφίστατο

540 555 876 612 admirabilis
915 563 1096 611 autem
1128 553 1230 617 vir,
1261 549 1396 606 nihil
1435 551 1656 605 omnino
1685 551 1811 604 mali
1845 567 1872 604 a
1906 565 2090 604 morsu

538 660 753 716 passus,
785 644 1069 700 incolumis
1098 641 1352 714 perstitit.

603 827 832 884 Mittitur
863 826 1043 896 regius
1069 825 1288 895 quidam
1314 825 1390 896 (7)
1420 824 1483 876 ad
1520 832 1700 892 partes
1757 823 1974 885 Africai,
2022 823 2090 878 ab

530 919 747 988 imperii
780 915 1008 972 Romani
1040 925 1252 985 sceptra
1287 915 1615 970 moderante.
1655 911 1755 968 Ubi
1789 913 1951 982 igitur
1979 914 2090 982 jam

536 1009 855 1064 Corinthum
887 1006 1141 1071 venisset,
1180 1005 1389 1059 furatur
1438 1005 1656 1073 aliquis,
1689 1020 1850 1074 quam
1892 1005 1979 1058 ille
2005 1020 2092 1058 re-

535 1100 738 1168 galium
757 1098 1184 1154 ministeriorum
1209 1111 1394 1163 causa,
1415 1098 1531 1151 auri
1557 1110 1823 1151 summam
1847 1095 2091 1150 vehebat.

533 1192 687 1258 Quod
720 1200 899 1246 autem
947 1188 1212 1258 profunda
1250 1201 1410 1242 nocte
1451 1195 1663 1257 patrato
1695 1185 1859 1251 furto,
1909 1186 2091 1255 iniqua

534 1281 742 1336 molitio
772 1282 1000 1334 obscura
1034 1286 1198 1341 esset,
1237 1278 1314 1332 uti
1351 1277 1506 1347 plane
1542 1278 1594 1330 in
1624 1277 1891 1346 ejusmodi
1933 1277 2090 1340 solet,

534 1372 957 1442 exquirebantur
990 1370 1130 1425 bivia
1162 1409 1178 1435 ,
1232 1369 1658 1438 exquireba'ntur
1689 1369 1919 1437 plataeze,
1968 1384 2092 1423 sus-

533 1461 672 1531 pecti
709 1475 900 1517 omnes
934 1461 988 1515 in
1028 1461 1380 1530 quaestionem
1445 1461 1799 1515 vocabantur.
1852 1460 2090 1514 Tandem

533 1563 714 1610 autem
743 1554 837 1608 ubi
895 1554 1152 1608 omnibus
1202 1553 1405 1608 frustra
1474 1555 1712 1618 tentatis,
1770 1554 1914 1608 nulla
1970 1570 2093 1622 spes

532 1647 868 1702 invenienda:
901 1647 1145 1716 pecuniae
1183 1647 1392 1722 reliqua
1415 1647 1708 1709 videretur,
1744 1648 1926 1716 gravis
1954 1661 2090 1701 mte-

2197 551 2290 603 καὶ
2322 551 2418 621 τῆς
2443 551 2679 621 ἀγούσης
2710 554 2789 614 είς
2841 553 2930 604 τὸν
2969 552 3175 605 ἑκείνου
3205 552 3452 623 χηραμδν
3499 549 3697 621 εἴχετο·
3725 554 3750 602 ὁ

2196 643 2252 694 δὲ
2289 642 2431 705 θεῖος
2469 643 2605 712 ἀνὴρ
2634 643 2902 714 διέμεινεν
2936 645 3146 713 ἀσινὴς,
3169 644 3320 697 οὐδὲν
3359 643 3494 706 ὅλως
3534 642 3639 695 ὑπὸ
3661 640 3749 694 τοῦ

2194 734 2469 804 δήγματος
2499 733 2686 788 παθὼν
2716 738 2990 806 πονηρόν..

2265 826 2547 897 Πέμπεταί
2607 843 2689 889 τις
2721 826 2991 896 βασιλικὸς
3057 827 3192 897 πρός
3239 843 3302 892 γε
3349 825 3419 879 τὰ
3468 825 3607 894 μέρη
3659 825 3752 892 τῆς

2208 918 2488 988 Ἀφρικῆς,
2529 919 2678 985 παρά
2700 919 2791 972 τοῦ
2829 920 2896 970 τὰ
2926 919 3168 988 βασίλεια
3191 919 3460 982 διέποντος
3486 917 3749 988 σκῆπτρα..

2207 1008 2360 1061 Ἐπεὶ
2387 1005 2478 1062 οὖν
2513 1010 2612 1080 ἤδη
2635 991 2732 1080 τὴν
2760 1011 3022 1081 Κόρινθον
3071 1009 3201 1074 εἷλε,
3236 1009 3297 1062 τὸ
3328 1009 3545 1078 χρυσίον
3574 1008 3603 1060 δ
3630 1007 3755 1076 ἐπή-

2194 1111 2320 1161 γετο
2352 1095 2644 1164 βασιλικῶν
2671 1097 2830 1166 χάριν
2864 1097 3213 1166 λειτουργιῶν
3239 1096 3553 1150 κλέπτεται.
3605 1095 3755 1165 Παρᾶ

2193 1203 2284 1238 του
2315 1187 2451 1239 κατὰ
2479 1187 2681 1257 πολλὴν
2707 1187 2875 1240 νύκτα
2900 1190 2993 1242 καὶ
3029 1188 3252 1252 ἀδηλίαν
3300 1186 3395 1239 τοῦ
3455 1187 3756 1254 κακουργὴ-

2197 1294 2384 1346 ματος,
2423 1275 2612 1346 ὥσπερ
2668 1274 2760 1330 οὖν
2818 1279 2876 1329 ὲν
2932 1280 3042 1342 τοῖς
3091 1277 3354 1338 τοιούτοις
3393 1275 3564 1343 φίλον,
3594 1276 3754 1345 ἠρευ·
3809 1323 3823 1329 ,

2195 1369 2365 1421 νῶντο
2404 1368 2657 1438 ἄμφοδοι·
2686 1371 2997 1439 ἠρευνῶντο
3061 1370 3337 1422 πλατεῖαιο
3377 1367 3427 1420 οί
3461 1368 3522 1420 ιν
3558 1364 3758 1434 ὑποψίᾳ

2197 1461 2393 1523 πάντες
2409 1462 2664 1531 ὲτασμοῖς
2685 1460 2788 1532 Ila.
2801 1463 2958 1515 λείπ.
2977 1460 3348 1514 ὲπεδάλλοντο·
3371 1459 3432 1527 ἦ.
3445 1461 3504 1511 ιν
3519 1454 3755 1526 ιτασμ.].

2205 1554 2292 1616 Ὦς
2356 1554 2412 1605 δὲ
2470 1554 2708 1622 ἀνήνυτα
2760 1553 3022 1622 ἠλέγχετο
3078 1554 3278 1616 πάντα,
3339 1552 3434 1604 καὶ
3471 1554 3507 1620 ἡ
3546 1550 3758 1618 εὕρεσις

2193 1645 2512 1708 ἀνέλπιστος
2539 1641 2629 1713 ἦν,
2663 1644 2868 1713 ἀθυμία
2890 1646 2980 1697 τὸν
3030 1645 3320 1712 ἄνθρωπον
3349 1637 3462 1713 εἶχε
3522 1641 3715 1711 βαρεῖα
3738 1655 3751 1668 ·

530 1754 621 1795 ror
639 1739 908 1794 hominem
946 1738 1197 1806 angebat.
1233 1735 1356 1790 Post
1382 1737 1491 1790 alia
1524 1746 1607 1789 sat
1639 1737 1826 1791 multa.
1858 1735 1956 1791 Ubi
1981 1735 2089 1801 iam

2201 1737 2332 1791 Μετ’
2365 1738 2520 1790 ἄλλα
2574 1736 2772 1789 ἱκανά.
2829 1736 2915 1798 Ὠς
2949 1736 3056 1806 γὰρ
3089 1736 3190 1807 ήδη
3219 1735 3313 1788 καὶ
3341 1733 3545 1804 τροφῆς
3564 1733 3760 1796 ἱκανῶς

529 1846 659 1901 ergo
687 1831 901 1886 abunde
929 1805 1065 1885 satis
1102 1828 1301 1900 epulati
1326 1837 1533 1895 essent,
1577 1827 1776 1898 Deique
1811 1826 2093 1892 memoria,

2201 1831 2467 1896 μετεῖχον,
2527 1829 2619 1880 καὶ
2679 1831 2868 1899 μνήμῃ
2907 1805 3129 1896 Θεοῦ,ἧ
3177 1829 3290 1890 τοῖς
3337 1825 3622 1896 βρώμασιν
3677 1824 3762 1875 ὲν-

531 1937 693 1992 snpra
720 1937 880 1992 quam
903 1921 1047 1976 escis
1072 1920 1315 1976 deliciari
1349 1928 1624 1989 pararent.
1657 1920 1861 1988 apertis
1913 1918 2095 1972 subito

532 2026 763 2081 magnus
787 2010 873 2064 ille
893 2009 1092 2074 oculis,
1115 2010 1281 2078 inque
1307 2023 1476 2062 unum
1529 2009 1760 2077 aliquem
1805 2007 2092 2060 astantium

530 2101 840 2162 intendens,
869 2114 935 2154 ex
969 2099 1190 2153 nomine
1233 2099 1304 2152 ad
1355 2114 1414 2154 se
1464 2098 1768 2152 accersivit.
1796 2096 1932 2150 Tum
1969 2098 2093 2166 quia

532 2190 672 2244 haud
704 2189 892 2258 procul
923 2198 1078 2241 erat:
1112 2205 1129 2238 ι
1185 2186 1410 2255 thuid,
1433 2187 1608 2255 inquit
1639 2187 1701 2239 ad
1733 2201 1855 2239 eum
1885 2186 2092 2250 videns,

529 2294 650 2334 cum
682 2278 777 2332 tibi
807 2285 1058 2340 mortem,
1097 2284 1210 2330 tum
1237 2275 1538 2346 periculum
1570 2274 1814 2339 domino,
1855 2274 1907 2327 in
1944 2289 2095 2342 rega-

528 2373 607 2427 les
641 2379 845 2424 temere
892 2368 1153 2438 pecunias
1212 2367 1546 2431 ininvolans,
1593 2366 1866 2420 asciturus
1899 2365 2095 2421 l'nisti?

529 2459 684 2515 Nunc
702 2468 882 2514 autem
912 2459 1092 2511 statim
1120 2456 1330 2521 abiens,
1359 2455 1426 2508 ad
1450 2471 1547 2509 nos
1573 2471 1765 2510 aurum
1782 2455 1932 2509 defer
1947 2457 2091 2525 quod

533 2563 689 2605 terra
725 2547 991 2605 infodisti,
1029 2544 1296 2615 siquidem
1334 2545 1759 2598 misericordiam
1804 2555 1968 2615 atque
1999 2561 2091 2600 ve-

530 2616 682 2696 niam.
703 2639 964 2707 consequi
997 2637 1174 2705 cupis.
1215 2654 1233 2687 ι
1269 2637 1492 2690 Andivit
1545 2635 1658 2699 ille,
1711 2649 1776 2688 ac
1835 2647 2091 2704 tanquam

529 2731 789 2802 compede
814 2729 1094 2784 revinctus
1113 2726 1374 2796 linguam,
1405 2740 1508 2778 nec
1525 2725 1748 2778 omnino
1769 2725 1922 2778 valen
1957 2739 2092 2778 con-

528 2824 890 2885 tradicere,nt
935 2820 1024 2874 cui
1063 2817 1393 2873 conscientia
1417 2817 1623 2871 crimen
1673 2824 2090 2884 contestaretur,

527 2914 868 2970 tenebrarum
893 2926 1030 2980 opus
1061 2909 1388 2980 poenitentiae
1408 2908 1526 2963 luce
1548 2908 1834 2962 emendare
1869 2917 2094 2961 conten-

529 3007 627 3072 dit,
665 3019 901 3074 moxque
935 3002 1244 3071 procidens,
1279 3010 1499 3055 sanctos
1529 2999 1876 3067 contingebat
1904 2999 2090 3068 pedes,

2194 1921 2406 1990 τρυφᾷν
2451 1919 2728 1972 ἔσπευδον·
2808 1919 3001 1990 διάρας
3047 1921 3074 1971 ὀ
3123 1918 3295 1989 μέγας
3333 1918 3488 1985 ἄφνω
3538 1917 3663 1979 τοὺς
3710 1915 3763 1964 ὀ-

2197 1992 2495 2077 φθαλμοὺς,
2554 2009 2645 2061 καὶ
2696 2009 2948 2076 προσχὼν
2991 2025 3094 2060 τινι
3154 2006 3262 2058 τῶν
3323 2004 3762 2076 παρισταμένων,

2193 2100 2382 2154 ὲκάλει
2410 2117 2470 2152 τε
2497 2099 2660 2151 αὑτὸν
2695 2099 2755 2162 ἐξ
2779 2102 3066 2168 ὀιόματος,
3097 2099 3188 2150 καὶ
3244 2095 3596 2167 μετεκαλεῖτο
3631 2096 3764 2163 πρὸς

2193 2196 2406 2247 ἑαυτόν.
2437 2195 2540 2246 Τὸν
2568 2193 2613 2245 δ’
2637 2195 2758 2247 ἐπεὶ
2793 2195 3036 2262 παρέστη
3067 2193 3312 2264 πλησίον·
3350 2210 3367 2240 ι
3393 2191 3484 2244 ἵνα
3508 2189 3582 2256 τί,
3611 2188 3763 2260 φησδ,

2196 2287 2331 2354 πρὸς
2374 2286 2534 2338 αὑτὸν
2569 2288 2596 2338 ο
2625 2285 2859 2353 βλέπων,
2920 2284 3134 2352 σεαυτῷ
3188 2283 3438 2344 θάνατον,
3466 2279 3661 2350 καὶτῷ
3688 2278 3766 2347 σῷ

2195 2377 2367 2446 κυρίῳ
2396 2377 2639 2430 κίνδυνον
2665 2374 2888 2443 ἔμελλες
2920 2375 3221 2442 προξενεῖν,
3253 2373 3553 2443 χρημάτων
3591 2389 3766 2424 κατα-

2192 2465 2468 2534 τολμήσας
2491 2464 2820 2533 βασιλικῶνς
2857 2463 2991 2515 ἀλλά
3023 2464 3085 2513 σύ
3136 2480 3199 2529 γε
3240 2463 3372 2532 πρὸς
3403 2462 3567 2532 τάχος
3592 2461 3765 2516 ἀπελ-

2195 2554 2325 2618 θὼν,
2363 2555 2392 2606 ὃ
2420 2552 2758 2623 κατώρυξας
2788 2556 3010 2623 χρυσέον
3040 2553 3116 2617 ὡς
3166 2557 3313 2624 ἡμᾶς
3345 2555 3558 2624 ἔνεγκε,
3602 2556 3658 2607 εί
3685 2571 3771 2607 σοι

2197 2646 2348 2714 μέλει
2386 2646 2480 2697 καὶ
2517 2646 2695 2697 οἴκτου
2727 2647 2820 2696 καὶ
2843 2645 3172 2715 συγγνώμης
3199 2649 3406 2715 τυχεῖν.
3443 2665 3462 2698 ι
3492 2647 3768 2699 Ἤκουσεν

2193 2741 2421 2801 ἐκεῖνος,
2455 2738 2543 2810 καὶ
2592 2734 2680 2791 οἷα
2710 2739 2844 2810 πέδη
2875 2738 2970 2805 τὴν
3001 2737 3244 2804 γλῶτταν
3284 2738 3479 2801 δεθεὶς.
3517 2739 3614 2790 καὶ
3644 2737 3773 2808 μηδ’

2200 2832 2476 2882 ἀντειπεῖν
2501 2829 2634 2891 ὅλως
2668 2828 2937 2898 δυνηθεὶς,
2968 2829 3062 2880 ἅτε
3113 2829 3205 2880 καὶ
3246 2828 3308 2880 τὸ
3337 2829 3568 2890 συνειδὸς
3620 2828 3771 2896 αὐτῷ

2196 2919 2626 2989 συμμαρτυροῦν
2685 2921 2822 2988 ἔχων
2884 2921 2976 2972 καὶ
3027 2918 3506 2988 συμφθεγγόμενον
3530 2958 3548 2984 ,
3578 2919 3641 2971 τὸ
3672 2919 3770 2972 τοῦ

2196 3013 2420 3073 σκότους
2456 3010 2618 3081 ἔργον
2663 3012 2804 3080 φωτὶ
2859 3013 3148 3079 μετανοίας
3214 3010 3463 3080 διορθοῦν
3510 3010 3769 3063 ἔσπευδε·

525 3099 671 3152 velut
703 3096 844 3149 furto
864 3094 1093 3148 fuadatas
1115 3106 1308 3147 manus
1324 3090 1751 3146 contrectatione
1769 3089 2087 3142 mundaret:

2201 3103 2287 3156 καὶ
2317 3101 2498 3155 πεσὼν
2526 3103 2709 3166 εὐθὺς,
2743 3103 2917 3154 ποδῶν
2955 3102 3157 3171 ἥπτετο
3194 3103 3303 3154 τῶν
3361 3103 3554 3169 ἁγίων,
3578 3103 3774 3171 χεῖρας

524 3193 778 3262 quodque
811 3190 949 3243 male
977 3187 1341 3243 commissum
1394 3192 1530 3246 erat,
1583 3182 1965 3246 conﬁtebatur,
2027 3197 2089 3235 ac

528 3284 737 3339 veniam
778 3280 982 3334 fervide
1027 3276 1396 3345 deposcebat;
1455 3288 1686 3344 eamque
1737 3281 2086 3338 consecutus,

526 3374 580 3428 id
602 3373 748 3428 enim
782 3371 926 3426 illius
952 3368 1120 3424 animi
1153 3376 1292 3430 erat,
1325 3374 1385 3419 ut
1412 3364 1609 3419 nedum
1651 3364 1852 3418 vulnus
1903 3374 2089 3417 osten-

527 3467 696 3526 deret,
726 3462 833 3533 sed
864 3469 916 3516 et
959 3475 1142 3540 quam.
1165 3457 1272 3513 cito
1302 3457 1568 3518 medelam
1601 3455 1887 3509 adhiberet
1920 3472 1934 3509 :
1979 3456 2090 3508 abit

526 3557 732 3619 statim,
765 3568 830 3608 ac
852 3554 954 3608 sub
982 3551 1226 3606 omnium
1261 3548 1458 3615 oculis,
1483 3547 1740 3617 sospitem
1776 3547 1894 3599 auri
1942 3562 2090 3609 sum-
2126 3590 2134 3599 .

529 3663 670 3702 niam
703 3654 970 3715 reportat.

548 3773 551 3775 -
593 3737 730 3791 Cum
770 3742 951 3789 autem
999 3747 1065 3787 eo
1121 3731 1242 3785 loco
1291 3731 1514 3793 multas,
1539 3729 1698 3785 abiis
1759 3729 1852 3799 qui
1909 3730 2090 3799 plures

527 3825 768 3897 quotidie
804 3822 1163 3886 ventitahant,
1200 3829 1517 3889 gratamque
1545 3819 1780 3889 quietem
1831 3835 1894 3872 ac
1943 3805 2091 3874 tran-

527 3919 848 3988 quillitatem
909 3915 1222 3978 turbabant,
1290 3913 1568 3968 molestias
1627 3911 1815 3975 ferret,
1881 3913 2094 3967 volebat

528 4011 746 4081 quidem
777 3989 902 4062 inde
928 4005 1203 4070 recedere,
1227 4013 1392 4074 atque
1416 4003 1484 4058 ad
1509 4003 1625 4057 loca
1646 4004 1818 4072 magis
1848 4005 2091 4058 solitaria

531 4102 782 4172 migrare,
802 4098 943 4151 haud
966 4106 1144 4150 tamen
1173 4096 1240 4149 iis
1267 4107 1325 4149 sc
1345 4093 1768 4162 cogitationibus
1788 4096 2092 4163 obsequen-

530 4197 720 4248 tiorem
747 4187 1148 4258 praebebat,qui
1175 4184 1406 4255 propria:
1427 4184 1687 4238 voluntati
1719 4187 2094 4240 contradicere

529 4285 711 4346 sciret,
743 4295 807 4334 ac
842 4292 1122 4346 nunquam
1153 4287 1357 4330 temere
1379 4275 1713 4329 consentire.
1745 4276 1936 4341 Operae
1969 4293 2094 4344 pre-

530 4376 665 4430 tium
694 4385 824 4443 ergo
848 4368 1019 4432 duxit,
1053 4377 1113 4422 ut
1143 4365 1542 4420 ministrantem
1602 4366 1927 4420 monachum
1960 4366 2093 4422 Ger-

2196 3193 2363 3246 oiovel
2397 3193 2674 3262 καθαίρων
2735 3194 2909 3262 κλοπῇ
2949 3192 3332 3262 μολυνθείσας·
3376 3193 3471 3244 καὶ
3496 3193 3557 3244 τὸ
3579 3192 3777 3253 κακῶς

2198 3282 2438 3352 πραχθὲν
2506 3282 2917 3350 ἐξωμολογεῖτο,
2988 3281 3082 3334 καὶ
3166 3280 3502 3350 συγγνώμην
3549 3279 3778 3352 θερμῶς

2198 3377 2393 3443 ῂτείτο”
2426 3369 2490 3443 ἧς
2521 3374 2616 3425 καὶ
2637 3372 2833 3443 τυχών
2858 3373 3021 3426 τοῦτο
3055 3375 3160 3443 γὰρ
3193 3373 3293 3441 τῆς
3319 3373 3530 3424 ἑκείνου
3563 3373 3776 3443 ψυχῆς.

2200 3468 2283 3519 ἵνα
2321 3465 2396 3534 μὴ
2423 3467 2519 3535 τὴν
2562 3465 2778 3535 πληγὴν
2799 3466 2945 3535 δείξῃ
2978 3470 3158 3533 μόνον,
3183 3465 3318 3517 ἀλλὰ
3349 3467 3442 3517 καὶ
3461 3465 3557 3536 τὴν
3610 3465 3783 3536 θερα-

2198 3554 2354 3608 πείαν
2384 3557 2460 3617 ὡς
2507 3556 2670 3624 τάχος
2701 3554 2892 3624 ὀρέξγγ
2931 3556 3146 3607 ἄπεισιν
3177 3554 3378 3614 εὐθέως
3431 3559 3525 3608 καὶ
3551 3554 3612 3606 τὸ
3639 3571 3780 3625 xpu-

2198 3648 2309 3700 σίον
2339 3649 2442 3701 ὑπὸ
2480 3650 2642 3702 πᾶσιν
2665 3647 2958 3716 ὀφθαλμοῖς
2979 3647 3146 3718 ἐρῶσι
3172 3687 3186 3710 ,
3214 3647 3348 3700 σῶον
3388 3646 3779 3715 μετακομίζει.

2275 3738 2480 3801 Πολλὰς
2513 3738 2570 3790 δὲ
2599 3737 2695 3800 τὰς
2729 3738 2788 3789 ὲν
2809 3738 3001 3805 ἐκείνῳ
3018 3736 3095 3806 τῷ
3122 3736 3270 3805 τόπῳ
3295 3736 3474 3806 φέρων
3497 3735 3779 3806 ὀχλήσεις,

2197 3832 2284 3885 διὰ
2308 3832 2366 3884 τὸ
2420 3831 2514 3882 καὶ
2539 3828 2766 3891 πολλοὺς
2803 3824 2946 3881 εἶναι
2992 3807 3116 3890 coli;
3148 3827 3416 3898 ὁσημέραι
3442 3827 3781 3895 φοιτῶντας,

2199 3926 2292 3977 καὶ
2317 3922 2376 3975 τὸ
2407 3922 2698 3997 φιλήσυχον
2726 3920 2874 3990 αύτῷ
2904 3921 2996 3973 καὶ
3044 3919 3274 3989 γαληνὸν
3301 3917 3744 3989 ύποφθείροντας
3764 3933 3780 3947 ο

2199 4016 2450 4069 ἐϐούλετο
2499 4014 2600 4082 μὲν
2629 4012 2837 4064 ἐκεῖθεν
2865 4014 3191 4081 ἀναχωρεῖν,
3233 4010 3329 4063 καὶ
3378 4011 3515 4081 πρὸς
3566 4015 3783 4082 ἐρημι.

2199 4108 2474 4175 κωτέρους
2521 4103 2824 4175 μεταϐῆναι
2863 4103 3081 4163 τόπους·
3147 4105 3208 4154 οὐ
3270 4103 3377 4172 μὴν
3447 4104 3782 4174 πειθόμενον

2204 4200 2394 4253 ἑαυτὸν
2418 4198 2658 4276 ,παρεῖχε
2688 4197 2801 4257 τοῖς
2831 4195 3134 4265 λογισμοῖς,
3177 4194 3270 4248 ἆτε
3300 4196 3376 4265 τῷ
3399 4195 3583 4266 οίκείῳ
3614 4195 3786 4266 051'},-

2207 4309 2334 4362 ματι
2381 4288 2724 4342 ἀντιπίπτειν
2761 4287 2936 4350 εἰδὼς,
2980 4291 3073 4340 καὶ
3104 4287 3420 4356 συμϐαίνειν
3465 4288 3660 4351 ἁπλῶς
3689 4291 3784 4342 0t)-

2207 4384 2418 4436 δὲποτε.
2490 4380 2675 4449 Ταύτῃ
2739 4396 2819 4431 τοι
2871 4377 2966 4430 καὶ
3023 4379 3114 4430 τὸν
3165 4380 3578 4448 διακονούμενον
3625 4379 3786 4444 αὐτῷ

532 4480 750 4519 manum
805 4460 1044 4519 nomine,
1101 4456 1424 4513 Corinthum
1484 4457 1736 4520 mitteret,
1798 4457 1865 4511 ad
1919 4460 2091 4512 virum

2205 4476 2434 4544 μοναχὸν
2484 4472 2764 4542 Ιέρμανδν
2801 4470 3106 4544 δνομαηείς
3141 4470 3398 4538 Κόρινθον
3445 4471 3585 4539 ἔγνω
3643 4474 3788 4542 πέμο

533 4558 746 4612 virtutis
799 4553 954 4606 laude
984 4547 1441 4613 celeberrimum;
1477 4548 1796 4616 sapientem,
1846 4550 2090 4618 inquam,

525 4645 1021 4716 .TheOphylactum,
1081 4640 1173 4708 qui
1241 4636 1483 4706 profana:
1541 4636 1820 4704 sapientia:
1881 4639 2093 4701 doctor,

534 4738 880 4795 nihilominus
932 4725 1556 4787 virtutem'aniantihus
1593 4732 1828 4793 honesti,
1858 4733 1926 4784 ah
1973 4748 2098 4801 ope.

538 4834 685 4886 ribus
715 4832 968 4882 traderet.
1017 4826 1091 4879 Ad
1116 4812 1250 4876 eum.
1296 4822 1477 4889 itaque
1518 4822 1758 4885 mittens,
1821 4826 2101 4892 qua'rehat

537 4919 714 4975 ιιοροιιὶ
755 4901 883 4988 quid
919 4915 1064 4970 facto
1094 4928 1232 4982 opus
1257 4910 1515 4964 haberet?
1549 4911 1636 4964 hic
1671 4917 2093 4984 inanerc,inqne

538 5027 659 5064 cuni
682 5011 921 5070 modum,
949 5006 1182 5075 plurium
1205 5003 1478 5057 molestias
1503 5002 1640 5055 ferre
1658 5020 1674 5067 ;
1694 5018 1759 5055 an
1780 5005 1893 5058 loca
1919 5010 2103 5064 multis

543 5102 709 5163 invia,
783 5109 943 5168 atque
1008 5099 1198 5165 paucis
1252 5078 1535 5147 hominum
1594 5094 1892 5162 frequentia
1948 5112 2103 5155 antc-

541 5193 720 5248 fcn-e?
757 5190 935 5241 Atille
971 5206 984 5240 :
1026 5206 1044 5237 ι
1085 5186 1425 5248 Tenendum,
1477 5186 1682 5252 inquit,
1722 5189 1862 5252 quod
1901 5193 2101 5289 opw

539 5287 787 5343 haberet,
820 5281 1032 5332 Arscnii
1065 5281 1380 5332 consilium.
1417 5297 1437 5326 ι
1468 5278 1515 5330 Is
1545 5282 1690 5330 enim
1721 5297 1737 5327 ι
1778 5277 2104 5348 Ριιεθτοῖοῖι

2202 4584 2326 4617 πειν
2356 4565 2490 4632 πρὸς
2513 4565 2604 4616 τὸν
2638 4564 2758 4616 τότε
2780 4564 2880 4630 τὴν
2912 4564 3113 4631 ἀρετὴν
3168 4561 3520 4631 περιϐόητον·
3563 4563 3790 4633 Θεοφύ-

2202 4659 2403 4718 λακτος
2467 4651 2623 4716 οὗτος
2674 4649 2741 4722 ἦν
2772 4653 3006 4719 ὀσοφὸ;,
3056 4650 3113 4713 ὃς
3152 4654 3248 4722 τῆς
3293 4651 3525 4720 θύραθεν
3582 4655 3788 4720 σοφίας

2205 4746 2522 4807 διδάσκαλος
2547 4744 2641 4807 ῶν,
2676 4743 2827 4795 οὐδὲν
2857 4738 3018 4812 ἦττον
3049 4743 3155 4795 ἀπὸ
3194 4743 3298 4794 τῶν
3334 4744 3514 4812 ἔργων
3543 4747 3644 4795 καὶ
3674 4748 3790 4807 τοῖς

2207 4839 2460 4907 ἐρασταῖς
2506 4836 2613 4887 τῶν
2677 4834 2855 4886 καλῶν
2895 4834 2992 4903 τὴν
3029 4834 3229 4903 ἀρετὴν
3270 4833 3582 4903 παρεδίδου.
3640 4836 3791 4906 Πρὸς

2205 4925 2394 4981 τοῦτον
2419 4925 2712 4994 τοιγαροῦν
2759 4924 3068 4994 ἐκπέμψας,
3092 4925 3141 4976 τί
3174 4925 3425 4992 ποιητέον
3453 4923 3644 4994 ἐζήτει
3686 4944 3793 4996 μα-

2207 5020 2338 5070 θεῖν·
2373 5018 2598 5085 πότερον
2619 5015 2850 5068 ἐνταῦθα
2906 5016 3088 5085 μένειν
3113 5017 3205 5067 καὶ
3250 5014 3393 5067 οὕτω
3451 5014 3647 5085 φέρειν
3685 5018 3794 5069 ὑπὸ

2209 5109 2420 5162 πολλῶν
2453 5107 2808 5176 ὀχλούμενον·
2851 5107 3040 5179 ἢτοὺς
3088 5106 3323 5169 ἀϐάτους
3378 5106 3489 5170 τοῖς
3537 5108 3792 5170 πολλοῖς,

2205 5205 2299 5252 καὶ
2327 5199 2635 5264 ἀνθρώπων
2672 5199 3028 5260 σπανίζοντας
3081 5197 3396 5250 ἀνθελέσθαι
3439 5198 3676 5261 τόπους.
3737 5200 3796 5252 '0

2209 5293 2286 5352 δὲ,
2326 5310 2342 5342 ι
2382 5291 2456 5343 Τὸ
2486 5289 2582 5341 τοῦ
2610 5288 2778 5350 θείου,
2825 5289 3030 5356 ἔλεγεν,
3074 5290 3367 5356 ’Λρσενίου,
3397 5291 3600 5360 ἄριστα.
3643 5293 3794 5362 ἔχον,

1802 5393 1899 5452 Fr.
1943 5395 2300 5463 Combeﬁsii
2344 5413 2524 5464 nota).

615 5520 689 5584 (7)
738 5519 974 5571 Mittitur
1035 5515 1205 5584 rrgius
1251 5512 1484 5581 quidam.
1544 5511 1828 5578 Πέμπεταί
1882 5531 1961 5574 τις
2010 5517 2108 5583 βα.

545 5590 770 5649 σιλξικός.
799 5587 910 5640 Vox
942 5597 1023 5641 cst
1053 5589 1371 5654 generatim,
1399 5595 1496 5654 nec
1529 5597 1723 5654 qunus
1752 5594 1842 5634 aut
1868 5586 2102 5639 ollicinni

544 5663 640 5712 hri
678 5660 946 5726 peculiare
972 5651 1226 5707 declarat.
1265 5652 1329 5705 Ut
1354 5651 1482 5726 quis
1516 5653 1610 5700 viri
1651 5653 1921 5717 pI’Oprium
1959 5661 2102 5714 γεμί.

545 5719 692 5781 haud
737 5731 962 5781 multum
998 5726 1326 5790 rcl'rzigabm.
1359 5719 1555 5773 FusiiIs
1597 5734 1886 5774 narrantur
1921 5725 2101 5778 detec-

2221 5526 2350 5601 tioni
2373 5527 2638 5601 pecunia:
2673 5527 2904 5601 putria,
2936 5543 2996 5581 ac
3018 5529 3133 5601 viri
3171 5530 3342 5584 sancti
3378 5529 3594 5583 vocatio
3622 5569 3636 5592 ,
3669 5548 3796 5601 qua

2223 5596 2383 5646 malui
2440 5597 2715 5650 brevitatis
2767 5597 2980 5661 studio,
3015 5599 3154 5652 haud
3189 5602 3259 5654 ita
3295 5601 3632 5665 necessaria,
3678 5596 3798 5658 tim-

2217 5675 2424 5731 putare.
