4008 6342
276 296 377 360 469

1389 298 1566 367 ΥᾸΤΑ
1606 301 1667 360 S.
1709 300 1924 361 ιιιεῶ
1960 300 2345 364 JUNIORIS.

3392 310 3495 374 470

274 406 604 472 καταλαῶν,
667 409 994 476 στρατηγεῖν
1048 408 1210 462 αὑτὸν
1258 413 1357 482 τὴν
1405 413 1497 464 τοῦ
1558 412 1818 474 Πέλοπος,

1927 413 2121 468 ducem
2169 412 2326 482 agere
2371 431 2434 469 ac
2495 425 2780 485 przctorem
2822 416 3182 485 Peloponnesi
3229 419 3490 476 decernit.

273 504 361 556 καὶ
405 502 594 572 ἄρχειν
642 501 1006 570 ἐχειροτόνει·
1054 502 1183 565 ἄξια
1227 504 1326 572 μὲν
1364 504 1456 557 καὶ
1496 504 1664 558 ταῦτα
1697 505 1826 559 θαυ-

272 593 482 663 μάζειν.
779 599 793 615 ⁸

345 685 408 740 Ἥ
442 685 498 740 δέ
545 701 608 752 γε
654 688 782 756 περὶ
817 689 915 756 τῆς
939 689 1162 759 Κρήτης
1201 689 1368 741 αὑτοῦ
1404 691 1820 760 προαγόρευσιςο

267 779 381 832 οὺδδ
413 778 632 850 μακράν
660 780 808 832 ἐστιν
855 781 1133 848 ἀπιστίας,
1167 781 1346 835 καίτοι
1381 782 1584 854 πολλὴν
1625 785 1825 853 ἔχουσα
1869 837 1872 843 ,

265 873 364 940 τὴν
396 871 786 942 μαρτυροῦσαν
811 873 1090 944 ἀλήθειαν.
1135 875 1330 946 Σχεδὸν
1351 877 1458 949 γὰρ
1487 880 1662 932 εἴκοσι
1696 882 1825 948 πρό·

264 977 422 1032 τερον
466 962 682 1035 χρόνοις
739 966 990 1035 προλέγει
1044 967 1170 1036 περὶ
1218 968 1410 1039 αὐτῆς,
1453 970 1537 1024 ὅτι
1589 989 1648 1023 τε
1685 971 1824 1025 ἀλώ-

266 1069 434 1118 σιται,
463 1056 558 1107 καὶ
608 1057 700 1109 ἐπὶ
755 1058 901 1120 τίνος
955 1060 987 1127 ή
1035 1059 1239 1123 ἅλωσις
1268 1060 1440 1124 ἔσται,
1475 1061 1617 1116 οὕτω
1654 1063 1824 1116 καθαο

266 1142 372 1213 ρῶς
400 1143 592 1198 εἰπών’
626 1165 645 1197 t
691 1147 966 1219 Ῥωμανδς
1004 1151 1230 1221 Κρήτην
1263 1153 1620 1221 χειροῦται.)
1664 1155 1821 1208 Ἐπεὶ

261 1237 318 1290 δὲ
356 1235 636 1306 Ῥωμανὸς
662 1236 728 1310 ἦν
756 1243 785 1294 6
822 1241 1194 1313 πρεσϐύτερος
1243 1245 1367 1298 τότε
1405 1247 1505 1316 τὴν
1541 1245 1821 1315 βασιλείαν

261 1329 479 1395 διέπων,
510 1333 599 1386 ὅτε
644 1349 819 1386 ταυτα
866 1336 998 1404 παρ’
1045 1335 1210 1388 αὐτοῦ
1265 1340 1662 1410 προηγόρευτο,
1716 1359 1819 1394 πυ-

181 1438 184 1442 '
264 1421 488 1487 θομένου
541 1426 687 1488 τινὸς
738 1426 848 1480 τῶν
901 1427 1215 1496 παρόντων·
1273 1449 1291 1480 ι
1354 1431 1416 1484 Ei
1459 1425 1612 1493 οὗτός
1666 1435 1817 1487 ἐστιν

261 1515 289 1566 6
341 1512 436 1569 νῦν
462 1516 789 1604 βασιλεύων;
843 1521 952 1589 Οὐχ
1005 1515 1160 1584 οὗτος
1178 1560 1193 1586 ,
1221 1517 1376 1575 εἶπεν
1394 1564 1408 1586 ,
1437 1525 1552 1578 ἀλλ’
1574 1527 1812 1597 ἔτερος.»

333 1605 535 1676 Είρηκέ
574 1625 664 1678 μοι
696 1609 1044 1680 Παγκράτιος
1074 1613 1310 1681 μοναχὸς
1351 1613 1434 1666 ὅτι
1464 1615 1711 1686 συνήθως
1736 1616 1813 1686 τῷ

259 1695 434 1800 {Iath
461 1702 643 1798 φωνῆς
662 1700 871 1800 ἄνωθεν
899 1703 1190 1800 γινομένης
1212 1703 1402 1774 ὲιρόδου
1435 1706 1596 1774 χάριν
1627 1707 1820 1770 ἐθνῶν,
1857 1747 1893 1800 Β

259 1783 404 1838 ὥστε
428 1786 644 1857 πρῶτον
682 1790 845 1842 αὑτὸν
889 1791 1104 1846 πάντων
1152 1795 1539 1864 ὑποχωροῦντα
1581 1799 1820 1867 κρύπτε·

260 1874 382 1929 σθαι
416 1877 590 1944 φειδοῖ
626 1881 723 1948 τῆς
753 1880 860 1932 τῶν
897 1883 1290 1953 πλησιοχώρων
1325 1885 1602 1951 ἁλώσεως,
1639 1889 1819 1952 καθὼς

257 1967 416 2030 αὐτὸς
446 1970 680 2033 ἐκεῖνον
700 1967 854 2026 εἶπεν
905 1976 1229 2044 ἐρωτηθείς.
1269 1978 1380 2030 Καὶ
1413 1979 1523 2046 γὰρ
1555 1979 1631 2042 ὼς
1681 1998 1818 2046 προ-ι

258 2059 400 2130 φήτῃ
431 2064 722 2130 προσεῖχον
751 2062 994 2129 ἅπαντες
1022 2081 1034 2094 ·
1074 2069 1165 2119 καὶ
1197 2069 1245 2120 εί
1281 2068 1357 2140 μὴ
1406 2071 1625 2139 πρῶτον
1653 2073 1818 2127 αὑτὸν

260 2143 397 2198 εῐίον
446 2149 526 2211 είς
583 2151 762 2221 φυγὴν
813 2152 1093 2220 κλίναντα,
1143 2157 1318 2219 οὐδεὶς
1374 2152 1510 2222 ὅλως
1565 2163 1674 2213 τῶν
1726 2163 1820 2230 ἐρ-

260 2253 405 2303 γων,
476 2239 507 2309 ἢ
559 2241 660 2309 τῆς
717 2243 894 2306 οίκίας
959 2246 1267 2314 ἀφίστατο·
1322 2250 1457 2303 ἀλλά
1522 2258 1817 2324 περιεφρό-

258 2345 384 2381 νουν
445 2331 520 2394 ὡς
569 2332 742 2403 ψευδῆ
801 2334 900 2405 τὴν
961 2337 1253 2406 ἀγγελίαν,
1310 2344 1403 2394 καὶ
1463 2344 1612 2412 ὑγιὲς
1667 2347 1818 2400 οὐδὲν

256 2419 508 2490 ἔχουσαν.

326 2512 440 2581 Τῆς
470 2513 652 2582 φωνῆς
675 2515 816 2569 οὕτω
846 2519 1164 2588 γενομένης,
1193 2522 1288 2574 καὶ
1327 2527 1474 2593 φυγῇ
1511 2541 1642 2578 ποτε
1679 2545 1816 2597 χρη-

256 2606 506 2672 σαμένων
552 2606 732 2674 ἡμῶν,
777 2607 909 2677 ἐμοῦ
954 2627 1013 2662 τε
1056 2609 1135 2680 τῷ
1185 2613 1359 2682 Πατρὶ
1406 2616 1677 2682 συνόντος,
1726 2623 1817 2674 καὶ

256 2696 521 2766 σπήλαιόν
555 2715 606 2751 τι
647 2700 971 2771 ἀμφοτέρων
1005 2701 1346 2758 ὑπελθόντων
1370 2708 1528 2776 ὁμοῦ.
1561 2714 1818 2777 γυναῖκες

255 2786 532 2877 ἁλώμεναι
584 2789 710 2857 δύο,
765 2791 902 2860 πρὸς
952 2795 1098 2864 ἡμᾶς
1155 2794 1439 2865 ἔρχονται,
1498 2799 1650 2869 ήλίου
1711 2804 1811 2874 ήδη

253 2877 536 2944 κλίναντος
561 2880 693 2950 πρὸς
719 2881 932 2952 δυσμάς
959 2900 972 2913 ·
1001 2883 1066 2948 ἃς
1087 2886 1114 2937 6
1146 2886 1338 2959 Πατὴρ
1368 2891 1670 2960 οἰκτείρας,
1694 2895 1816 2949 ἐπεὶ

253 2971 390 3041 πρὸς
417 2974 485 3042 τῇ
518 2976 664 3043 φυγῇ
693 2961 800 3026 καὶ)
837 2974 1044 3044 χειμὼν
1083 2971 1172 3057 ἦν,
1204 2978 1304 3031 οὐκ
1336 2979 1479 3046 ἔγνω
1523 2982 1634 3035 δεῖν
1660 2985 1817 3039 ἀπω-

1927 505 2064 560 8ιιιιι
2092 507 2247 576 plane
2273 508 2386 561 haec
2413 523 2631 577 imoque
2660 508 2819 578 digna
2861 509 3247 564 admiratione.

1995 692 2150 758 Quod
2189 703 2370 748 autem
2401 695 2466 747 de
2495 695 2654 749 Creta
2690 697 2970 764 prtedixit,
3006 713 3197 766 parum
3234 699 3390 753 abest
3438 711 3493 754 ut

1925 801 2236 855 quanquam
2271 787 2550 840 veritatem
2589 787 2812 842 multam
2847 797 3240 843 contestantem
3273 789 3490 852 habeat,

1925 891 1993 930 ne
2017 877 2230 929 amittat
2272 875 2619 930 fidem.Ferc
2673 878 2820 930 enim
2880 876 3074 948 viginti
3133 889 3256 931 ante
3309 879 3489 938 anuis.

1926 976 2038 1021 tum
2087 967 2407 1035 capiendam
2443 967 2712 1036 praedicit,
2741 978 2856 1021 tum
2887 969 2991 1022 sub
3016 981 3127 1036 quo
3157 967 3396 1037 principe
3421 968 3491 1022 sit

1922 1057 2204 1124 capienda,
2233 1055 2312 1110 sic
2341 1056 2484 1110 clare
2519 1055 2708 1109 dicens
2743 1075 2756 1110 :
2810 1055 3081 1109 Romanus
3117 1055 3328 1110 Cretam
3368 1056 3492 1108 sub-

1923 1160 2138 1204 acturus
2166 1158 2262 1204 est.
2288 1147 2425 1214 Quia
2456 1163 2580 1202 vero
2605 1149 2881 1201 Romanus
2900 1147 3084 1200 senior
3106 1147 3345 1210 interim,
3370 1161 3491 1200 cum

1926 1242 2061 1294 tunc
2091 1241 2181 1295 ille
2239 1240 2506 1309 praedixit,
2546 1238 2830 1307 imperium
2885 1237 3322 1301 administrabat,
3357 1249 3492 1304 quo-

1922 1333 2045 1386 dam
2108 1334 2403 1405 astantium
2444 1339 2797 1401 percontante
2830 1348 2842 1382 :
2877 1348 2894 1380 ι
2927 1328 3066 1382 Num
3119 1328 3204 1381 hie
3249 1329 3361 1397 ipsc
3386 1337 3488 1390 est,

1922 1425 2013 1493 qui
2065 1438 2208 1478 nunc
2263 1422 2576 1492 imperat?»
2644 1419 2930 1490 respondit
2986 1417 3076 1472 ille
3117 1434 3132 1471 :
3175 1415 3338 1472 «Non
3381 1415 3489 1479 hic,

1923 1515 2014 1570 sed
2053 1514 2192 1567 alius
2218 1512 2354 1584 (tl).
2388 1532 2408 1566 ι

1993 1601 2106 1654 lluc
2155 1601 2336 1655 retulit
2377 1597 2705 1655 Paucratius
2762 1599 3089 1664 monachus,
3138 1595 3495 1651 consucvisse

1922 1707 2056 1747 voce
2109 1694 2171 1746 de
2225 1692 2364 1762 cmlo
2407 1691 2555 1759 lapsa
2611 1689 2820 1742 moueri
2867 1687 3080 1743 Patrem
3109 1729 3124 1754 ,
3158 1687 3248 1741 ubi
3284 1687 3392 1754 jam
3439 1687 3493 1740 in

1909 1776 2208 1853 procinctu
2236 1783 2476 1850 gentium
2514 1780 2748 1849 irruptio
2779 1777 2940 1841 foret,
2974 1793 3084 1847 quo
3127 1779 3338 1848 primus
3378 1777 3493 1846 ipse

1923 1877 2161 1929 omnimn
2211 1874 2494 1934 recedens,
2545 1887 2608 1926 ac
2657 1886 2778 1925 sese
2823 1869 3129 1934 occultans,
3185 1870 3488 1924 vicinorum

1922 1966 2229 2020 accolarum
2271 1963 2507 2033 captioni
2542 1971 2781 2025 caveret,
2821 1962 2896 2014 uti
2927 1961 3016 2014 ille
3046 1960 3160 2030 ipse
3187 1962 3492 2030 interroga-

1923 2067 2010 2112 tus
2036 2058 2321 2110 confessus
2348 2063 2451 2109 est.
2487 2056 2692 2107 Omnes
2732 2052 3000 2122 siquidem
3036 2053 3089 2104 in
3121 2067 3241 2105 eum
3277 2060 3336 2104 ut
3365 2066 3489 2119 pro-

1925 2149 2137 2218 phetam
2167 2145 2360 2200 intenti
2401 2143 2602 2198 erant‘:
2637 2157 2703 2198 ac
2738 2143 2842 2198 nisi
2875 2157 2998 2195 eum
3039 2141 3274 2212 primum
3319 2140 3374 2192 in
3411 2139 3494 2192 fu-

1921 2254 2043 2308 gam
2082 2253 2406 2292 conversum
2440 2235 2736 2298 vidissent,
2770 2233 2953 2288 nullus
2991 2233 3217 2288 omnino
3246 2232 3313 2284 ab
3356 2245 3489 2299 ope-

1923 2331 2072 2384 ribus
2102 2339 2197 2384 aut
2230 2329 2390 2383 domo
2421 2328 2747 2390 absistebat,
2779 2326 2876 2380 sed
2917 2324 3169 2379 nuntium
3199 2332 3258 2378 ut
3292 2320 3490 2376 falsum

1921 2425 2268 2493 spernebant,
2293 2437 2358 2476 ac
2398 2422 2530 2477 nihil
2565 2422 2684 2476 sani
2716 2421 2970 2484 habens._

1988 2515 2123 2570 Cum
2151 2517 2230 2569 sic
2260 2515 2551 2585 aliquando
2594 2511 2734 2568 facta
2772 2525 2904 2568 voce
2936 2509 3116 2580 fugam
3168 2510 3493 2578 arripuisse-

1923 2623 2062 2672 mus,
2098 2607 2370 2677 simulque
2419 2606 2582 2660 ambo
2630 2607 2772 2674 fuga:
2816 2603 2975 2666 socii,
3001 2616 3102 2672 ego
3135 2609 3188 2656 et
3227 2601 3410 2666 Pater,
3438 2600 3491 2655 in

1919 2702 2236 2769 speluncam
2297 2699 2584 2770 quamdam
2648 2697 2958 2752 clanculum
3001 2695 3235 2765 ingressi
3295 2692 3492 2748 fuiue-

1921 2809 2063 2858 mus,
2099 2801 2346 2847 errantes
2377 2791 2498 2845 duae
2535 2789 2750 2844 feminae
2784 2787 2851 2842 ad
2883 2801 2985 2842 uos
3028 2793 3335 2856 penetrant,
3377 2784 3491 2839 sole

1915 2886 2028 2956 jam
2079 2885 2146 2939 ad
2191 2898 2445 2938 occasum
2481 2889 2768 2952 vergente.
2806 2877 2911 2933 Eas
2966 2878 3124 2933 Pater
3178 2874 3488 2935 miseratus.

1920 2977 2062 3047 quod
2103 2978 2168 3030 ad
2211 2975 2428 3044 fugam,
2472 2973 2648 3027 hiems
2705 2984 2924 3040 quoque
2981 2967 3299 3028 accederet.
3348 2965 3490 3020 haud

252 3061 503 3118 θεῖσθαιο
533 3065 670 3119 ἀλλά
729 3067 850 3136 μεθ’
893 3068 1049 3138 ἡμῶν
1097 3053 1505 3142 είσεδὲχθησαν,
1551 3077 1646 3128 καὶ
1681 3093 1817 3147 προ-

1922 3069 2128 3138 putavit
2169 3053 2508 3136 repellendas
2537 3061 2674 3118 fore.
2702 3061 3000 3117 Nobiscum
3041 3074 3172 3130 ergo
3203 3059 3344 3113 intra
3371 3073 3492 3126 spe-

250 3151 400 3218 νοίας
442 3155 592 3210 κατά
626 3156 689 3208 τὸ
734 3157 1016 3226 ἐγχωροῦν
1045 3157 1378 3231 ἠξιιίιθησαν.
1420 3162 1575 3218 Ἐπεὶ
1619 3166 1677 3220 δὲ
1727 3171 1821 3222 καὶ

251 3245 422 3301 ὕπνου
460 3248 658 3320 καιρὸς
691 3243 782 3320 ἦν,
830 3251 978 3321 ἡμᾶς
1013 3251 1093 3323 τῷ
1123 3253 1206 3306 ἑνὶ
1235 3256 1398 3326 μέρει
1429 3257 1579 3325 δοὺς,
1625 3263 1820 3316 ἑαυτὸν

248 3337 306 3392 δὲ
361 3341 501 3413 πρὸς
547 3343 777 3412 θάτερον
831 3344 1144 3412 ἀνακλίνας,
1200 3348 1367 3416 μέσον
1420 3351 1818 3422 ἀπολειφθῆναι

250 3433 458 3498 ταύτας
489 3434 580 3488 διὰ
622 3438 684 3488 τὸ
709 3434 881 3506 ψύχος
915 3437 1186 3507 ἐπέτρεψε
1213 3457 1226 3469 ·
1261 3441 1357 3494 καὶ
1395 3442 1617 3513 διῆλθεν
1645 3446 1818 3511 οὕτως

249 3523 324 3586 ὡς
353 3527 527 3596 μητρὶ
566 3530 693 3591 παῖς
723 3527 978 3595 ἑγγίζων,
1006 3529 1037 3600 ἢ
1076 3529 1149 3590 ὡς
1187 3531 1351 3584 λίθων
1377 3534 1538 3586 τινῶν
1572 3536 1605 3605 ἢ
1647 3537 1819 3601 ξύλων

251 3617 697 3687 παρακειμένων,
723 3619 856 3688 μηδὲ
891 3618 1154 3689 λογισμοῦ
1182 3621 1332 3684 τινὸς
1354 3622 1524 3677 αὐτὸν
1549 3629 1814 3695 σαρκιλοῦ

253 3710 504 3778 μηδόλως
553 3709 988 3781 ὑποδραμόντος·
1040 3711 1193 3782 παρά
1253 3713 1508 3767 τοσοῦτον
1572 3715 1817 3788 ἁπλότης

248 3816 308 3852 τε
357 3801 457 3855 καὶ
504 3801 767 3870 ἀπάθεια,
799 3803 890 3858 τὸν
934 3805 1033 3858 ἐπὶ
1077 3807 1178 3876 γῆς
1229 3807 1459 3875 ἄγγελον
1504 3801 1591 3863 οἷα
1628 3809 1816 3882 μήτηρ

249 3892 680 3950 ἑνεκολπώσατο.

317 4063 586 4126 Φίλιππος
625 4057 695 4136 ἦν
751 4063 1082 4132 αὑτάδελφος
1133 4065 1210 4134 τῷ
1267 4067 1486 4137 μονοιχῷ
1523 4069 1812 4141 Θεοδοσίῳ,

248 4154 306 4218 ὃς
339 4155 433 4208 καὶ
463 4153 572 4207 τῶν
597 4151 675 4226 τῷ
730 4155 874 4226 ἁγίῳ
935 4156 1210 4209 συνόντων
1240 4159 1492 4229 μοναχῶν
1521 4155 1609 4230 ἦν.
1648 4156 1816 4226 Οὗτος

250 4246 544 4318 τοιγαροῦν
571 4248 599 4300 6
628 4245 915 4313 Φίλιππος,
974 4250 1240 4318 κοσμικὸς
1286 4250 1380 4316 ὢν,
1439 4255 1532 4305 καὶ
1563 4256 1816 4325 κοσμικῷ

247 4339 523 4410 ἀξιώματι
554 4339 860 4410 τιμώμενος
888 4354 902 4369 ·
947 4342 1286 4412 Σπαθαρίους
1334 4346 1532 4410 αὐτοὺς
1567 4348 1816 4418 συνήθως

251 4433 562 4502 καλοῦμεν·
597 4430 778 4486 είὼθει
831 4431 911 4502 τῷ
954 4429 956 4432 ’
972 4435 1194 4505 μεγάλῳ
1250 4439 1584 4510 πυκνότερον
1637 4457 1817 4512 παρα·-

249 4525 468 4579 6άλλειν
505 4525 593 4580 διὰ
627 4524 725 4594 τὴν
756 4527 886 4594 περὶ
913 4525 1002 4578 τὸν
1031 4527 1260 4597 ἀδελφὸν
1291 4533 1646 4600 γνησιότητα.

318 4619 455 4673 "ore
508 4620 638 4686 γοῦν
693 4621 859 4673 αὑτοῦ
904 4621 1048 4673 κατὰ
1101 4622 1161 4672 τὸ
1204 4621 1433 4692 σύνηθες
1487 4625 1812 4694 ἐρχομένου,

251 4715 450 4785 βλέψας
480 4715 642 4771 αὐτὸν
670 4718 697 4767 6
739 4717 934 4784 μέγας,
968 4709 1046 4776 οἷς
1094 4716 1304 4768 ἐκεῖνον
1353 4716 1580 4786 ἔϐλεψεν
1608 4719 1812 4788 ὀφθαλ-

251 4810 404 4876 μοῖς·
466 4826 484 4858 ι
555 4806 876 4875 Ἑτοίμασον
919 4808 1055 4870 πρὸς
1115 4808 1206 4860 τὸν
1269 4808 1574 4875 Θεοδόσιον,
1644 4813 1810 4881 φησὶν

247 4898 564 4968 χαριέντως,
607 4901 703 4952 ὅσα
732 4901 795 4967 δὴ
843 4901 980 4969 πρθις
1026 4901 1322 4970 ὑποδοχήν·
1360 4903 1387 4953 6
1427 4905 1536 4969 γὰρ
1580 4905 1807 4973 ἀδελφὸς

246 4992 275 5042 6
303 4993 393 5054 σὸς
427 4991 547 5060 μεθ’
582 4992 740 5062 ἡμῶν
797 4991 1018 5060 ἔρχεται
1063 4993 1387 5062 δειπνήσων.
1432 5013 1448 5044 ι
1495 4995 1652 5050 Οὕτω
1710 4997 1804 5049 τοῦ

248 5082 458 5152 Πατρδς
491 5084 757 5144 εἰπόντος,
787 5087 877 5135 τὸν
916 5083 1195 5136 Θεοδόσιον
1226 5085 1535 5156 εὐφροσύνη
1563 5105 1622 5139 τε
1668 5089 1805 5157 όμοῦ

249 5174 339 5226 καὶ
385 5172 648 5243 ἔκπληξις
694 5170 844 5243 εἶχε·
879 5175 972 5226 καὶ
1009 5176 1349 5245 παραχρῆμα
1398 5176 1662 5247 λεωφόροι
1714 5183 1806 5232 καὶ

251 5265 438 5332 ἀγυιαὶ
470 5265 563 5318 καὶ
594 5265 825 5334 ἄμφοδοι
867 5265 1014 5333 αὑτῷ
1038 5266 1369 5318 ἐσκοποῦντο
1404 5270 1467 5337 τῇ
1504 5269 1804 5340 προσδοκίᾳ

249 5353 339 5409 τοῦ
392 5355 643 5426 ἀδελφοῦ.
692 5357 832 5425 Ἤδη
865 5355 920 5407 δὲ
973 5355 1136 5425 οὔσης
1191 5357 1450 5427 ἑσπέρας,
1516 5361 1805 5425 ἐφίσταται

1922 3161 2139 3224 luucam
2165 3159 2490 3225 recepimus,
2526 3156 2713 3226 eisque
2741 3169 2903 3225 quam
2954 3153 3114 3208 licuit
3171 3166 3358 3207 curam
3393 3149 3490 3202 im-

1924 3251 2231 3323 pendimus.
2269 3248 2374 3305 Ubi
2401 3256 2584 3303 autem
2613 3245 2778 3300 etiam
2808 3244 2988 3301 somni
3022 3242 3239 3314 tempus
3282 3240 3405 3306 fuit,
3436 3241 3488 3294 in

1924 3359 2031 3399 una
2075 3359 2176 3399 nos
2199 3351 2352 3413 parte
2400 3341 2610 3405 locans,
2659 3337 2882 3408 ipseque
2923 3352 2982 3392 se
3021 3337 3076 3390 in
3111 3334 3278 3390 altera
3332 3333 3494 3388 recli-

1921 3449 2080 3498 nans,
2108 3432 2317 3488 medias
2335 3431 2454 3486 illas
2479 3437 2697 3498 propter
2734 3427 2905 3496 frigus
2932 3426 3166 3502 relinqui
3203 3423 3491 3496 praecepit:
3563 3422 3568 3426 ’

1923 3526 2111 3595 sicque
2153 3522 2369 3578 transiit
2402 3535 2463 3575 ac
2489 3519 2536 3574 si
2579 3518 2723 3574 filius
2751 3526 2981 3572 matrem
3011 3516 3265 3588 proprius
3309 3515 3490 3579 adt-at,

1920 3626 2284 3686 auttauquam
2315 3613 2520 3684 lapides
2547 3611 2767 3681 quidam
2799 3618 2894 3664 aut
2923 3610 3132 3677 stipites
3154 3607 3489 3677 adiacerent,

1921 3726 1990 3764 ne
2021 3709 2244 3763 minima
2261 3706 2478 3777 quidem
2507 3705 2858 3774 subingressa
2889 3701 3093 3758 carnali
3118 3699 3445 3769 cogitatione
3474 3718 3488 3753 :

1923 3800 2054 3855 adeo
2117 3797 2375 3853 nimirum
2447 3794 2787 3865 simplicitas,
2873 3808 2936 3846 ac
2989 3805 3199 3847 summa
3245 3790 3494 3858 quaedam

1918 3888 2260 3943 aﬂ‘ectionum
2313 3886 2579 3952 vacuitas,
2617 3883 2804 3937 matris
2837 3883 3010 3936 instar
3069 3883 3342 3935 terrenum
3397 3895 3494 3933 an-

1919 3978 2094 4050 gelum
2128 3978 2451 4033 insinuarat.

1991 4069 2292 4140 Philippus,
2325 4066 2624 4123 Theodosii
2659 4064 2909 4120 monachi
2939 4063 3106 4119 frater
3128 4070 3265 4123 erat,
3311 4062 3403 4130 qui
3439 4071 3493 4116 et

1920 4161 2032 4231 ipse
2072 4176 2210 4216 unus
2240 4175 2269 4213 e
2298 4157 2578 4213 monachis
2600 4165 2717 4211 erat
2743 4155 2978 4210 almnnis
3009 4155 3204 4209 sancti.
3237 4151 3335 4208 llic
3391 4154 3494 4206 ita~

1919 4267 2024 4321 que
2081 4251 2384 4321 Philippus,
2440 4263 2562 4304 cum
2606 4247 2884 4302 saecularis
2920 4235 3083 4310 esset,
3143 4258 3205 4299 ac
3247 4242 3494 4298 saeculari

1923 4343 2152 4414 polleret
2183 4342 2467 4413 dignitate,
2511 4339 2822 4409 spatharios
2879 4336 3049 4391 moris
3081 4343 3166 4391 est
3200 4335 3490 4405 appellare,

1925 4436 2065 4488 haud
2098 4450 2223 4488 raro
2257 4447 2509 4503 magnum
2536 4433 2684 4485 illum
2723 4431 2873 4483 adire
2913 4429 3140 4494 solebat,
3173 4443 3270 4498 pro
3296 4442 3360 4483 ea
3387 4443 3492 4497 qua

1925 4526 1988 4578 ad
2009 4525 2230 4577 fratrem
2272 4521 2677 4576 necessitudine
2711 4521 2968 4573 habebat.

1996 4615 2240 4682 Quadam
2268 4613 2432 4682 igitur
2458 4611 2566 4674 die,
2591 4626 2713 4664 cum
2759 4611 2803 4664 is
2835 4626 2931 4679 pro
2963 4624 3113 4663 more
3154 4609 3381 4668 veniret.
3417 4609 3495 4662 vi-

1923 4711 2055 4763 dens
2089 4708 2464 4776 eumLmagnus
2489 4692 2600 4768 ille,
2630 4702 2830 4771 quibus
2852 4701 3001 4754 illum
3027 4700 3203 4754 oculis
3233 4700 3488 4755 vidiSset:

1926 4821 1944 4852 ι
1979 4800 2250 4868 Prmpara,
2288 4817 2306 4849 ι
2373 4796 2544 4863 inquit
2581 4789 2802 4859 ,u'rbane
2855 4794 2921 4846 ad
2963 4791 3351 4854 Theodosium,
3385 4812 3405 4841 ‹
3441 4792 3487 4845 si

1917 4909 2022 4964 qua
2061 4900 2189 4946 sunt
2221 4891 2283 4943 ad
2311 4889 2616 4944 convivium
2655 4886 2965 4941 necessaria
2993 4903 3006 4951 ;
3038 4886 3180 4938 venit
3205 4883 3348 4936 enim
3383 4883 3488 4937 fra-

1921 4998 2000 5041 ter
2033 4996 2159 5040 tuus
2197 4983 2480 5037 nobiscum
2527 4988 2904 5035 cmnatui'iis.»
2942 4978 3089 5032 Cum
3111 4979 3186 5031 sic
3222 4977 3379 5032 l'atcr
3413 4977 3495 5030 di-

1916 5085 2102 5146 xisset,
2125 5075 2372 5132 tenebant
2389 5072 2752 5128 Theodosium
2778 5070 2956 5124 laetitia
2982 5068 3178 5146 pariter
3194 5084 3256 5123 ac
3273 5079 3494 5137 stupor;

1916 5181 2287 5237 actutumque,
2322 5165 2435 5218 vias
2486 5163 2752 5233 publicas,
2805 5141 3275 5228 compitafbivia,
3310 5159 3492 5214 fratris

1911 5260 2310 5332 CXSPCClaliODC
2327 5256 2489 5326 coepit
2507 5255 2809 5309 observare.
2823 5251 2940 5306 1am
2956 5260 3136 5321 itaque
3156 5249 3293 5304 facto
3311 5265 3492 5319 vespe-

1914 5371 1991 5418 rc,
2018 5354 2160 5407 venit
2191 5361 2242 5407 et
2265 5351 2350 5403 ille
2384 5364 2544 5416 quam
2582 5361 2831 5414 magnum
2852 5357 3036 5397 secum
3059 5343 3492 5396 necessariorum

1513 5503 1613 5560 Fr.
1657 5502 2014 5563 Combcfisii
2047 5508 2229 5561 notm.

322 5626 429 5692 (ll)
464 5629 576 5682 Non
630 5631 732 5689 ltiti,
783 5630 870 5682 sed
922 5631 1078 5682 alius.
1127 5630 1295 5680 Crclm
1349 5630 1808 5696 rt't'ttpet‘ationcm

251 5698 348 5750 sub
415 5700 654 5754 liomauo
704 5699 923 5753 Juniot'e
975 5719 1036 5753 at:
1095 5699 1268 5752 l'lmca
1323 5699 1535 5754 ila-sure
1593 5700 1809 5757 ttcrinile

1921 5638 2127 5697 ponunt
2183 5629 2475 5691 scriptorcs
2526 5642 2535 5675 :
2580 5623 2670 5675 sed
2713 5631 2775 5697 ut
2818 5620 2885 5671 ita
2917 5615 3085 5696 _t-lare
3126 5612 3495 5697 Lurius-quur

1922 5684 2136 5759 dixerit.
2172 5684 2492 5760 aremnento
2530 5702 2610 5747 est
2648 5692 2868 5760 spiritus
2916 5687 2967 5738 in
3001 5702 3065 5738 eo
3098 5684 3416 5752 prophetici.
