4008 6342
544 239 638 340 m

1988 285 2189 346 ANON
2202 287 2334 346 ΥΜΙ

3665 289 3763 354 412

540 368 855 459 apparatum
887 387 1088 445 ferens.
1111 393 1340 446 Paratur
1368 393 1551 459 itaque
1573 410 1783 454 mensa.
1810 408 2099 463 onmesquc

2215 398 2310 448 καὶ
2343 394 2506 457 αὐτὸς
2543 395 2744 464 χρειῦν
2770 397 2906 466 ὅσην
2939 395 3293 466 παρασκευὴν
3324 402 3764 468 συγκεκομισμέ-

539 479 742 548 pariter
774 495 897 534 eum
940 491 1132 537 sancto
1161 483 1530 558 discumbunt.
1581 483 1720 538 Tum
1773 500 1924 548 vero,
1972 486 2105 538 nihil

538 581 654 622 erat
683 587 880 624 mensa:
908 574 1234 641 appositum,
1268 575 1410 643 quod
1451 591 1555 630 non
1587 558 1749 630 simili
1774 591 1964 632 omnes
2019 592 2106 629 ra-

540 663 702 723 tione,
747 664 818 717 ub
843 666 1113 720 excellens
1137 665 1446 723 dilectionis
1482 668 1708 731 bonum,
1767 669 2107 722 manducan-

538 753 661 806 dum
697 754 797 806 sibi
826 756 1182 824 iudulgerent.
1218 756 1321 814 Ubi
1369 770 1546 814 autem
1601 763 1680 815 sic
1719 761 2106 822 comedissent,

538 862 713 912 coque
759 851 918 916 cpulo
972 864 1156 904 secum
1209 852 1441 906 invicem
1497 855 1724 907 recreati
1766 863 1953 908 essent
1987 871 2000 906 :
2038 853 2106 906 ad

538 940 652 991 haec
686 955 904 1008 quoque
935 953 1256 997 consuetum
1291 960 1320 997 a
1356 959 1511 1000 creua
1545 961 1810 1000 cauuncm
1839 945 2107 1000 absolvis-

535 1042 674 1092 sent,
702 1029 946 1085 cubitum
983 1033 1254 1088 abierunt.
1290 1031 1393 1090 Ubi
1426 1045 1605 1091 autem
1657 1039 1875 1092 brevem
1908 1042 2106 1108 degus-

535 1129 740 1177 tassent
773 1138 1051 1194 somnum,
1083 1127 1261 1184 statim
1306 1128 1462 1183 Pater
1498 1130 1693 1198 surgit.
1740 1130 1820 1185 Ac
1856 1131 1947 1185 alii
1981 1132 2106 1200 qui-

531 1215 652 1268 dem
689 1217 1254 1276 colleetmintereraut
1298 1239 1313 1276 :
1363 1221 1672 1292 Philippum
1705 1232 1910 1288 autem,
1937 1222 2106 1278 frater

535 1307 674 1375 ejus,
713 1321 770 1364 ut
808 1314 902 1381 qui
962 1315 1216 1370 stationis
1245 1315 1538 1384 ejusmodi,
1586 1315 1919 1383 laborisque,
1943 1331 2006 1369 ac
2028 1317 2107 1370 vi-

530 1402 782 1470 giliarum
851 1403 1126 1460 insuetum
1172 1417 1380 1470 nosset,
1423 1422 1636 1460 rursum
1673 1421 1732 1460 se
1777 1421 1998 1467 somno,
2037 1405 2102 1458 ad

530 1509 702 1562 usque
758 1495 1003 1551 absoluta
1059 1498 1268 1552 cantica
1332 1498 1700 1569 prowmiaca,
1749 1514 1813 1553 ac
1857 1498 2106 1552 versibus

533 1587 863 1641 modulatum
897 1589 1291 1655 laudationem,
1322 1606 1486 1660 quam
1510 1599 1724 1651 vocant,
1757 1590 1890 1646 dare
1925 1590 2102 1660 jubet.

525 1674 838 1742 Enimvero,
866 1682 954 1734 ubi
1000 1683 1044 1735 is
1105 1686 1300 1736 iterum
1340 1682 1519 1738 cubile
1560 1683 1889 1753 repetisset,
1923 1682 2106 1737 multis

526 1769 951 1838 cogitationibus
991 1773 1291 1828 conﬂictari
1337 1773 1538 1842 cmpit,
1582 1785 1746 1845 atque
1800 1773 2110 1843 ut‘Davidi-

526 1872 649 1911 cum
695 1859 824 1913 illud
850 1860 1026 1915 dicam
1066 1881 1078 1916 :
1118 1880 1136 1913 ι
1165 1863 1428 1918 Laborem
1470 1867 1760 1935 parturire,
1819 1879 1883 1919 ac
1919 1880 2110 1934 parere

525 1949 954 2018 iniquitatem",
992 1975 1010 2006 ι
1065 1957 1286 2011 edacem
1343 1973 1407 2013 ac
1439 1960 1546 2012 vini
1591 1970 1894 2029 potatorem
1931 1961 2106 2014 virum

525 2040 898 2100 admirabilem
931 2047 1252 2110 arbitratus.
1301 2053 1506 2121 quique
1550 2053 1840 2106 simularet
1889 2052 2109 2124 religio-

524 2149 671 2191 nem.
693 2137 873 2206 Atque
895 2142 946 2196 id
985 2147 1159 2212 prima
1193 2143 1408 2200 ratione
1438 2146 1559 2216 ejus
1587 2156 1724 2211 erat,
1755 2146 1845 2216 qui
1883 2145 2108 2199 clancu-

522 2226 633 2282 lum
675 2230 815 2285 mala
851 2233 1057 2288 semina
1083 2237 1286 2292 noseris
1330 2238 1527 2293 animis
1560 2239 1778 2302 iuscvit,
1815 2241 1909 2293 sed
1934 2247 2008 2292 .et
2036 2238 2108 2293 ll.

524 2315 634 2373 lius
665 2320 863 2398 modici
897 2337 961 2376 ac
992 2325 1248 2394 ignobilis
1301 2327 1495 2394 animi,
1529 2329 1622 2396 qui
1656 2328 1905 2384 absolute
1939 2330 2006 2384 ab
2043 2329 2109 2384 iis

520 2424 642 2476 quae
672 2420 886 2478 parent,
919 2415 1104 2468 omnia
1142 2415 1488 2486 dijudicaret.
1523 2433 1622 2472 nec
1649 2417 1948 2488 quidquam
1992 2435 2108 2474 rua-

522 2513 692 2569 gnum
729 2516 790 2556 ac
829 2504 1124 2560 sublimius
1159 2509 1402 2579 cogitare
1439 2495 1624 2580 posset
1649 2515 1802 2576 ;'nec
1830 2513 2107 2583 perspice-

519 2601 623 2656 ret,
680 2608 870 2648 eoruin
903 2599 1268 2669 sumptionem
1303 2617 1427 2672 qua:
1451 2603 1718 2674 :apposita
1755 2612 1964 2668 essent,
2000 2610 2106 2660 non

517 2683 830 2757 gulositatis
863 2686 1052 2756 fuisse,
1107 2689 1206 2747 se‘d
1237 2693 1589 2764 impensioris
1622 2697 2054 2767 dispensationis
2089 2716 2104 2752 :

521 2779 718 2844 partim
771 2781 1084 2851 quidemob
1128 2786 1583 2844 abundantiorem
1619 2790 1992 2854 dilectionem.
2028 2794 2106 2848 uti

512 2873 627 2940 jam
670 2877 926 2944 superius
965 2879 1304 2935 declaratum
1339 2893 1446 2946 est.
1493 2893 1809 2956 contempto
1839 2887 2102 2942 nimirum

517 2963 662 3030 quod
703 2963 942 3022 deterius
983 2979 1148 3036 esset,
1181 2970 1405 3039 majoris
1433 2974 1560 3031 boni
1588 2976 1761 3032 lucro.
1796 2975 1935 3044 Quid
1953 2979 2098 3034 enim

2215 505 2326 549 νος.
2361 488 2622 554 Τράπεζα
2673 485 2769 541 οἷν
2830 486 3202 558 ἑτοιμάζεται,
3236 489 3330 541 καὶ
3379 489 3516 559 ὁμοῦ
3540 488 3619 560 τῷ
3671 504 3765 560 με·

2215 580 2366 648 γάλῳ
2417 580 2620 644 πάντες
2663 577 3340 635 συνανακλίνονται.⁶Είτα
3384 581 3539 635 οὐδὲν
3569 579 3765 654 ἤντῶν

2214 671 2641 741 παρακειμένων
2674 672 2812 733 ἐκεῖ,
2845 670 2876 725 ὃ
2913 671 2989 742 μὴ
3027 673 3192 724 πᾶσιν
3241 672 3443 741 ὁμοίως
3496 671 3768 742 βρώσιμον

2211 757 2302 832 ἦν,
2333 761 2422 815 διὰ
2452 761 2512 814 τὸ
2544 763 2644 847 τῆς
2688 765 2910 830 ἀγάπης
2958 762 3159 832 ἐξόχως
3203 761 3389 816 καλόν.
3419 763 3690 844 Φαγόντες
3713 763 3769 818 δι

2211 853 2356 908 οὕτω
2389 854 2486 908 καὶ
2533 853 3095 925 συμπαρακληθέντες
3120 853 3402 924 ἀλλήλοις..
3424 855 3560 924 πρὸς
3589 853 3648 907 δὶ
3675 855 3769 908 καὶ

2209 945 2302 999 τὸν
2331 946 2468 1016 μετὰ
2490 946 2704 1000 δεῖπνον
2730 933 2933 1018 συνήθη
2963 948 3162 1001 κανόνα
3191 946 3768 1025 διατελέσαντες,πρδς

2212 1035 2380 1092 ὕπνον
2437 1039 2698 1109 ἐχώρουν.
2750 1032 2938 1106 οὗπερ
2985 1037 3140 1108 ὀλίγα
3192 1037 3616 1108 μεταλαχόντας,
3676 1040 3771 1122 ἀν.

2214 1131 2426 1202 ίστησιν
2453 1133 2614 1195 εὐθὺς
2639 1134 2668 1186 ό
2696 1131 2904 1203 Πατὴρ,
2931 1133 3026 1186 καὶ
3057 1132 3184 1194 τοὺς
3205 1131 3304 1202 μὲν
3327 1131 3544 1196 ἄλλους,
3574 1134 3610 1202 ἡ
3643 1131 3734 1184 σύν

2211 1225 2331 1291 agt;
2379 1223 2494 1296 εἶχε
2531 1242 2546 1256 ·
2601 1225 2682 1295 τῷ
2724 1225 2781 1280 δι
2827 1240 2892 1292 γε
2940 1224 3192 1296 Φιλίππῳ
3222 1226 3252 1278 ό
3298 1224 3546 1294 ἁδελφὸς,
3583 1225 3678 1278 am
3707 1224 3769 1294 Oh

2211 1317 2496 1385 γινώσκων
2548 1317 2794 1388 ἀσυνήθη
2851 1318 3097 1380 στάσεως
3150 1317 3411 1382 τοιαύτης
3469 1326 3564 1370 καὶ
3613 1316 3773 1370 πόνου

2209 1411 2309 1470 καὶ
2371 1411 2714 1480 ἀγρυπνίας,
2761 1409 3156 1480 κατακλιθῆναι
3217 1406 3377 1474 αὖθις
3433 1411 3773 1480 ιπὲτρεπεν,

2209 1504 2340 1574 ἄχρι
2378 1503 2510 1572 γοῦν
2543 1504 2639 1558 καὶ
2666 1504 2854 1568 τόλους
2880 1504 2992 1559 τῶν
3021 1503 3406 1576 προοιμιακῶν
3440 1503 3648 1573 ὕμνων,
3678 1506 3773 1556 καὶ

2209 1600 2309 1668 τῆς
2339 1597 2483 1653 οὕτω
2514 1600 2855 1671 καλουμένης
2888 1599 3250 1670 στιχολογίας.
3280 1589 3428 1670 Πλὴν
3461 1598 3601 1652 ἀλλὰ
3646 1595 3769 1650 τοῦ·

2210 1709 2302 1746 τον
2325 1695 2358 1762 ή
2393 1692 2652 1763 στρωμνὴ
2700 1693 2862 1747 πάλιν
2918 1691 3183 1758 λαϐοῦσα,
3215 1691 3430 1754 πολλοῖς
3482 1689 3658 1744 ἐποίει
3686 1688 3778 1742 λοο

2214 1789 2436 1858 γισμοίς
2467 1786 2758 1840 παλαίεινσ
2798 1805 2818 1838 ι
2863 1785 3088 1840 Ὠδίνειν
3113 1803 3172 1839 τε
3213 1771 3378 1839 πόνον
3404 1787 3500 1838 καὶ
3543 1785 3772 1848 τίκτειν,

2210 1879 2270 1934 τὸ
2301 1880 2395 1934 τοῦ
2423 1878 2610 1944 sum,
2642 1879 2874 1949 ἀνομίαν
2903 1895 2918 1909 ’
2956 1897 2975 1930 ι
2999 1878 3172 1948 φάγον
3201 1872 3344 1931 εἶναι
3374 1877 3470 1931 καὶ
3497 1876 3781 1945 οἰνοπότην

2209 1972 2302 2027 τδν
2353 1973 2496 2026 θεῖον
2549 1971 2741 2041 ἄνδρα
2773 1969 3273 2040 ὑπολαμϐάνονται,
3316 1968 3532 2024 καὶτὸν
3579 1968 3778 2038 εὐλαϐῆ

2211 2065 2645 2136 ὑποκρινόμενον
2670 2081 2687 2097 ο
2731 2065 2825 2118 καὶ
2866 2060 2935 2136 ἦν
2973 2064 3072 2134 μὲν
3127 2063 3292 2117 τοῦτο
3326 2062 3780 2132 προηγουμένως,

2209 2156 2308 2212 τοῦ
2349 2144 2629 2229 λαθραίως
2671 2157 2741 2211 τὰ
2790 2155 3008 2226 πονηρὰ
3061 2156 3360 2226 σπέρματα
3413 2156 3535 2218 ταῖς
3583 2153 3781 2224 ψυχαῖς

2209 2250 2370 2322 ἡμῶν
2411 2250 2868 2322 διασπείραντος·
2914 2246 2984 2322 ἦν
3032 2249 3089 2304 δὲ
3122 2252 3219 2304 καὶ
3274 2250 3516 2320 σμικρᾶς
3566 2245 3781 2300 ἐκείνου

2213 2343 2307 2398 καὶ
2341 2341 2603 2412 ἀγεννοῦς
2625 2343 2886 2406 διανοίας,
2921 2341 3027 2395 ὑπὸ
3073 2343 3181 2396 τῶν
3213 2344 3558 2413 φαινομένων
3595 2339 3780 2404 ἁπλῶς

2211 2437 2393 2492 πάντα
2419 2434 2828 2507 διακρινούσης,
2862 2436 2959 2490 καὶ
3007 2436 3171 2507 μηδὲν
3210 2436 3357 2507 μέγα
3393 2436 3534 2507 μηδι
3578 2434 3784 2504 ὑψηλό-

2209 2546 2372 2601 τερον
2413 2527 2737 2597 λογίσασθαι
2771 2527 3078 2600 δυναμένης
3103 2544 3120 2560 ο
3179 2523 3305 2598 μηδ’
3331 2529 3416 2583 ὅτι
3443 2529 3519 2602 μὴ
3549 2545 3811 2599 γαστριο.

2213 2622 2458 2694 μαργίας
2505 2615 2573 2692 ἦν
2614 2619 2738 2690 μηδ’
2772 2618 3105 2688 όψοφαγίας,
3138 2617 3255 2673 ἀλλ’
3300 2618 3619 2689 οίκονομίας
3656 2615 3784 2688 μείο

2211 2715 2365 2781 ζονος
2414 2713 2448 2783 ἡ
2486 2711 2597 2766 τῶν
2652 2710 3080 2781 παρατεθέντων
3137 2710 3287 2782 αὐτῷ
3345 2708 3683 2782 μετάληψιςο
3715 2708 3784 2763 τὸ

2213 2807 2314 2878 μὲν
2344 2805 2417 2860 δι’
2464 2802 2688 2873 ἀγάπης
2718 2801 3044 2872 περιουσίαν
3068 2801 3144 2865 ὡς
3170 2802 3274 2872 ἤδη
3317 2801 3624 2872 φθάσαντες
3659 2801 3786 2870 ἐδη-

2209 2897 2466 2967 λώσαμεν
2492 2913 2506 2926 ·
2545 2897 2603 2948 ἐν
2631 2893 2709 2963 τῷ
2740 2893 2923 2965 κέρδει
2950 2892 3048 2947 τοῦ
3083 2892 3352 2962 μείζονος,
3375 2891 3473 2946 τοῦ
3497 2893 3786 2956 ἐλάττονος

2210 2985 2738 3060 περιφρονουμένου.
2769 2972 2837 3038 Tt
2883 2985 2993 3058 γάρ
3036 2983 3220 3057 ἀποχὴ
3276 2984 3588 3056 βρωμάτων
3639 2984 3783 3053 πρὸς

513 3052 763 3110 ciborum
793 3057 1114 3117 abstinentia
1128 3063 1193 3116 ad
1214 3065 1566 3122 excellentem
1587 3069 1726 3123 adeo
1741 3070 2099 3126 charitateml

2211 3052 2434 3152 ἀγάπης
2463 3052 2719 3149 τοιαύτην
2764 3052 3080 3149 ὑπεροχήνς
3121 3052 3549 3152 Ίλδνδὲγίνανδόξῃ
3579 3052 3784 3147 μᾶλλον

514 3144 718 3202 Partim
756 3166 909 3216 vero,
949 3162 1006 3208 ut
1039 3156 1109 3210 ab
1141 3161 1490 3228 exsuperanti
1539 3162 1803 3218 modestia
1864 3163 1990 3220 talis
2019 3165 2102 3219 vi-

516 3240 629 3293 deri
659 3253 861 3310 posset,
897 3246 1076 3315 qualis
1108 3249 1181 3305 illi
1209 3251 1385 3320 reipsa
1409 3268 1476 3307 cx
1512 3255 1683 3309 multa
1713 3255 1834 3324 ejus
1867 3256 2104 3312 ruditate

514 3346 577 3385 ac
608 3334 839 3389 stultitia
874 3338 1022 3392 visus
1052 3351 1154 3396 est.
1181 3342 1337 3410 Quod
1369 3345 1516 3400 enim
1561 3348 1676 3402 hac
1701 3347 1782 3403 sic
1815 3348 2100 3413 traherent,

516 3438 580 3478 ac
621 3427 760 3480 male
788 3425 1073 3500 Philippus
1099 3437 1460 3504 conjectaret,
1493 3440 1906 3510 plurimumque
1945 3458 1974 3496 a
2010 3459 2104 3498 ve-

516 3517 678 3572 ritate
696 3519 976 3578 aberraret
1009 3539 1194 3580 coram
1228 3527 1406 3583 oblata
1441 3530 1649 3588 visione
1672 3535 1933 3600 ostendit,
1969 3555 1986 3588 ι
2021 3546 2106 3590 te-

421 3638 425 3643 -
514 3609 616 3662 stis
647 3610 700 3664 in
733 3613 874 3667 casio
908 3614 1087 3697 lidelis
1118 3617 1186 3671 ".
1232 3637 1252 3671 ι
1301 3620 1438 3675 Cum
1461 3622 1606 3678 enim
1642 3639 1739 3681 eas
1771 3626 1862 3681 ille
1897 3629 2105 3698 cogita-

513 3701 692 3756 tiones
726 3715 988 3770 versaret,
1042 3709 1219 3780 iisque
1273 3713 1684 3783 immoraretur,
1716 3719 1946 3789 corripit
1975 3736 2100 3776 cum

513 3809 741 3852 somnus
774 3815 789 3851 :
823 3809 989 3871 atque
1017 3801 1072 3858 in
1099 3805 1333 3880 somnis,
1383 3808 1523 3864 duos
1573 3811 1840 3880 quosdam
1889 3814 2104 3870 adoles-

509 3897 696 3944 centes
727 3891 893 3947 videt.
927 3891 1140 3952 Tantus
1193 3899 1391 3954 borum
1424 3913 1542 3958 erat
1577 3902 1764 3970 decor,
1816 3921 1879 3960 ac
1909 3907 1999 3977 qui
2034 3923 2098 3962 ex

509 3978 649 4035 facie
684 3984 946 4053 splendor
976 3990 1274 4057 emicabat.
1309 3997 1525 4065 qualem
1559 4015 1657 4056 nec
1709 4017 1892 4057 sermo
1929 4005 2102 4073 expli-

508 4089 653 4138 rare.
675 4091 774 4132 nec
796 4079 942 4135 oculi
968 4093 1184 4150 portare
1216 4089 1452 4157 possint.
1484 4090 1586 4157 Qui
1632 4109 1794 4164 porro
1829 4096 2100 4162 astabant,

509 4163 724 4222 infenso
757 4170 822 4222 ad
851 4188 975 4226 cum
1001 4175 1171 4238 vultu,
1192 4192 1257 4235 ac
1292 4182 1463 4235 amari
1483 4163 1649 4238 animi
1685 4186 1894 4241 indice:
1916 4205 1936 4238 ι
1964 4187 2099 4254 Quid

510 4267 563 4310 te
588 4255 723 4344 ipse,
776 4259 1049 4331 inquiunt,
1105 4267 1530 4338 cogitationibus
1588 4276 1928 4331 conturbas?
1960 4277 2098 4344 Quid

2207 3173 2452 3238 τοιοῦτος
2493 3172 2583 3227 διὰ
2618 3168 3124 3241 ταπεινοφροσύνης
3172 3167 3501 3241 ὑπερϐολὴν,
3535 3164 3646 3222 οἷον
3676 3168 3783 3221 αὖ⁸

2205 3268 2295 3322 τὸν
2321 3268 2528 3329 ἐκεῖνος
2557 3267 2621 3319 ἐκ
2655 3262 2861 3334 πολλῆς
2895 3262 3040 3327 ἔδοξε
3081 3261 3397 3332 παχύτητος
3443 3261 3537 3315 καὶ
3584 3277 3784 3332 φρενοο

2206 3357 2488 3422 ϐλαϐείαξ.
2527 3359 2637 3412 Καὶ
2665 3356 2749 3409 ὅτι
2769 3355 2947 3409 ταῦτα
2979 3352 3155 3418 οὕτως
3190 3351 3326 3424 εἶχε,
3355 3355 3448 3407 καὶ
3495 3352 3678 3414 κακῶς
3703 3345 3780 3420 ἦν

2205 3448 2568 3522 ὀνειροπολῶν
2598 3451 2626 3503 ό
2654 3448 2923 3511 Φίλιππος
2969 3447 3174 3518 σφόδρα
3214 3447 3310 3516 τῆς
3341 3445 3604 3517 ἀληθείας
3636 3444 3778 3498 ὑπο-

2206 3543 2582 3613 πλανώμενος,
2639 3540 2944 3608 αὐτοφασὶν
2989 3536 3182 3604 ἔδειξε,
3235 3539 3330 3592 καὶ
3373 3539 3404 3592 ό
3461 3538 3674 3608 μάρτυς
3714 3540 3780 3591 ἐν

2204 3636 2419 3708 οὐρανῷ
2469 3633 2684 3696 πιστός.
2726 3651 2744 3684 ι
2776 3629 2937 3686 Οὕτω
2991 3631 3101 3703 γὰρ
3157 3632 3460 3700 στρέφοντα
3512 3630 3608 3700 καὶ
3656 3623 3782 3684 d60-

2205 3729 2503 3803 λεσχοῦντα
2539 3729 2652 3790 τοῖς
2679 3727 2984 3797 λογισμοῖς,
3014 3725 3185 3789 ὕπνος
3211 3726 3421 3779 ἐκεῖνον
3456 3726 3606 3793 αἱρεῖ
3627 3741 3644 3756 ·
3677 3723 3778 3778 καὶ

2203 3826 2361 3895 δναρ,
2396 3822 2491 3876 δύο
2538 3819 2692 3883 τινάς
2742 3819 2847 3892 ὁρᾷ
2902 3819 3142 3881 νεανίας.
3179 3815 3254 3871 Τδ
3299 3815 3492 3879 κάλλος
3527 3815 3778 3880 ἐκείνων,

2204 3917 2300 3970 καὶ
2326 3919 2360 3986 η
2395 3914 2742 3966 ἐκπίπτουσα
2792 3910 2888 3964 τοῦ
2928 3910 3222 3982 προσώπου
3260 3907 3622 3979 μαρμαρυγὴ,
3649 3905 3777 3961 οὔτε

2205 4006 2349 4075 λόγῳ
2377 4002 2540 4076 ῥητὴ,
2568 4001 2706 4055 οὗτε
2722 3998 3020 4071 ὀφθαλμοῖς
3051 3999 3281 4072 φορητὴο
3305 3999 3421 4068 οἶγε
3460 3996 3780 4069 παραστάν-

2205 4115 2296 4159 τες
2368 4093 2518 4163 αὖτῷ
2589 4093 2774 4162 μορφῇ
2812 4089 3253 4163 ,δυσμενεΓκαὶ
3307 4089 3491 4160 ψυχῆς
3548 4087 3779 4158 πικρίαν

2205 4185 2663 4255 ἁπαγγελλούσῃ,
2705 4202 2721 4234 ι
2773 4183 2838 4235 Τί
2896 4182 3146 4244 σεαυτὸν,
3201 4177 3377 4246 εἶπον,
3413 4181 3778 4252 ἑκταράττεις

2206 4282 2317 4341 τοῖς
2346 4279 2662 4347 λογισμοῖς;
2699 4274 2763 4326 Τί
2789 4274 2878 4329 τὸν
2908 4273 3150 4328 ἀναίτιον
3179 4272 3507 4333 ὑποϐάλλεις
3541 4273 3777 4335 αἰτίαιςς

506 4350 560 4404 in
616 4337 821 4408 crimen
882 4357 1153 4414 insontem
1188 4362 1401 4419 trahis?
1426 4362 1579 4421 Tolle
1605 4367 1817 4428 oculos.
1848 4374 1942 4441 qui
1977 4384 2090 4429 ter-

2206 4337 2377 4444 ’Λρον
2420 4337 2460 4426 ’ό
2725 4369 2943 4439 βλέπων
2997 4371 3126 4434 τοὺς
3179 4369 3518 4439 ὀφθαλμοὺς,
3551 4370 3644 4423 καὶ
3691 4370 3774 4423 ίδε

507 4458 620 4497 rain
652 4455 890 4522 spectas,
918 4463 982 4504 ac
1017 4450 1135 4506 vide
1159 4463 1422 4523 quantum
1455 4456 1544 4512 hic
1576 4463 1878 4528 promeruit
1914 4464 2088 4521 bono-

505 4551 642 4602 rem,
669 4540 763 4609 qui
795 4551 891 4596 tuo
909 4542 1113 4611 judicio
1155 4546 1410 4602 seductor
1437 4558 1543 4614 est,
1569 4566 1633 4606 ac
1668 4552 1972 4624 hypocrita,
1999 4574 2092 4616 sa-

503 4645 772 4701 crumque
805 4635 1202 4691 monachorum
1231 4638 1472 4695 habitum
1507 4645 1789 4701 mentitur.

574 4717 858 4786 Tuucille,
886 4724 952 4778 ad
992 4740 1114 4780 eum
1149 4728 1338 4784 oculos
1375 4732 1683 4796 intendens,
1723 4752 1883 4806 quem
1922 4740 1969 4795 is
1997 4757 2089 4799 os-

499 4813 774 4880 tendebat,
804 4831 1059 4886 magnum
1093 4821 1222 4890 quid
1282 4836 1346 4877 ac
1375 4825 1698 4883 admirabile
1747 4831 1912 4890 videt.
1949 4833 2088 4890 Pur—

498 4919 638 4974 pura
667 4908 913 4978 qua-dam
950 4913 1345 4979 pretiosissima
1371 4917 1880 4984 lnnnistrataerat.
1911 4923 2088 4995 Super

499 5016 622 5054 eam
659 5010 842 5057 autem
907 5015 1060 5058 stans
1097 5023 1326 5078 magnus
1358 5009 1468 5075 ille,
1531 5011 1780 5069 mirabile
1833 5017 1964 5083 quid
2020 5033 2085 5074 ac

496 5091 789 5156 inetl‘abile,
836 5109 962 5149 cum
997 5111 1062 5151 ex
1101 5097 1274 5152 forma
1306 5111 1418 5155 tum
1449 5117 1511 5155 ex
1539 5101 1726 5158 habitu
1759 5106 1906 5161 velut
1931 5106 2087 5161 eﬂul-

497 5187 677 5256 gebat,
710 5197 966 5257 totusque
994 5192 1172 5261 reipsa
1206 5193 1391 5250 lumen
1441 5195 1746 5254 videbatur.
1780 5198 2077 5270 Postquam

497 5288 677 5332 autem
705 5277 993 5350 Philippus
1031 5298 1224 5341 somno
1268 5287 1482 5343 solutus
1512 5300 1678 5352 esset,
1716 5301 1954 5347 tremore
1985 5307 2078 5346 ac-

461 5409 471 5419 ,
498 5369 640 5424 cedit
667 5386 730 5426 ac
760 5372 911 5428 vultu
946 5375 1250 5440 immutalo,
1277 5395 1388 5450 quo
1423 5379 1544 5435 loco
1579 5379 1767 5438 Patres
1797 5383 2077 5440 collectam

505 5462 778 5520 habebant
827 5485 840 5521 :
882 5476 1050 5538 atque
1103 5472 1285 5526 omnia
1323 5474 1622 5543 explicans,
1687 5483 1803 5530 tum
1856 5492 1977 5548 qua;
2024 5478 2078 5532 in

503 5555 687 5628 vigilia
729 5559 867 5613 lecto
913 5561 1166 5620 desidens
1215 5563 1401 5618 animo
1458 5566 1574 5636 ipse
1624 5578 1918 5634 versassct,
1963 5578 2075 5625 tum

582 5740 624 5771 “
655 5735 780 5793 Psal
841 5751 935 5805 vn,
975 5736 1062 5792 l5.
1141 5741 1178 5771 ”
1227 5739 1369 5796 Psal.
1403 5758 1670 5810 Lxxxrtn,
1699 5737 1794 5797 58..

2201 4464 2363 4526 ποίας
2411 4455 2568 4526 οὗτος
2627 4459 2854 4530 ἠξίωται
2908 4460 3008 4531 τῆς
3063 4459 3253 4531 τιμῆς,
3288 4463 3316 4513 ό
3356 4462 3509 4532 παρὰ
3574 4461 3656 4514 σοί
3705 4478 3777 4530 γε

2198 4558 2388 4627 κριτῇ,
2421 4553 2624 4617 πλάνος
2643 4552 2720 4606 ὢν
2761 4552 2853 4605 καὶ
2880 4551 3205 4622 ὑποκριτὴς,
3242 4551 3340 4606 καὶ
3386 4553 3482 4605 τοῦ
3524 4551 3632 4630 τῶν
3669 4568 3775 4620 μο-

2197 4647 2378 4718 ναχῶν
2409 4646 2562 4700 ὁσίου
2591 4643 3074 4714 καταψευδόμενος
3109 4643 3414 4713 σχήματος.
3460 4661 3478 4694 ι

2270 4734 2406 4791 Εἶτα
2450 4737 2543 4792 τὸν
2573 4735 2856 4804 ὀφθαλμὸν
2877 4734 3071 4805 διάρας
3104 4736 3331 4815 ἐκεῖνος,
3352 4734 3503 4814 ’πρὸς
3525 4733 3586 4787 δν
3606 4735 3776 4797 αὐτὸς

2194 4832 2509 4891 ὑπεδείκνυ.
2547 4831 2690 4900 μέγα
2714 4845 2766 4880 τι
2794 4827 2889 4880 καὶ
2916 4826 3218 4896 θαυμάσιον
3251 4827 3484 4898 καθορᾷ.
3506 4828 3774 4899 Πορφύρα

2193 4941 2276 4988 τις
2312 4923 2619 4992 ὺπέρτιμος
2645 4918 2750 4971 ὑπὸ
2777 4918 2882 4987 γῆς
2925 4917 3164 4989 ἦπλωτο.
3211 4917 3504 4988 ’Υπεράνω
3549 4918 3604 4971 δὲ
3636 4918 3774 4972 ταὺ-

2189 5032 2290 5086 της
2328 5015 2356 5067 ό
2391 5015 2568 5084 μέγας
2612 5012 2876 5081 εἱστήκει,
2920 5011 3233 5080 θαυμαστὸν
3273 5003 3388 5063 οἷον
3438 5010 3534 5064 καὶ
3588 5011 3772 5082 ἄρρηο

2188 5125 2281 5162 τον
2310 5108 2376 5160 ἐκ
2407 5109 2506 5177 τῆς
2535 5104 2751 5175 μορφῆς
2782 5105 2898 5174 ἅμα
2930 5105 3026 5157 καὶ
3068 5101 3367 5174 περιϐολῆς
3394 5103 3767 5171 ὰπολάμπων,

2188 5202 2284 5254 καὶ
2321 5199 2444 5263 ὅλος
2504 5196 2831 5269 αὐτόχρημα
2878 5195 2997 5266 φῶς
3029 5195 3330 5274 ὁρώμενος.
3367 5195 3522 5248 Ἐπεὶ
3563 5196 3616 5249 δὲ
3665 5193 3765 5248 τὸν

2189 5292 2460 5345 Φίλιππον
2526 5289 2694 5354 ὕπνος
2749 5288 2956 5358 ἀνῆκε,
3006 5286 3310 5358 σύντρομος
3351 5286 3631 5358 πρόσεισιν
3662 5286 3766 5341 καὶ

2187 5381 2576 5453 ἠλλοιωμένος,
2619 5381 2750 5435 ἔνθα
2785 5381 2884 5451 τὴν
2917 5377 3142 5443 σύναξιν
3175 5379 3224 5430 oi
3269 5378 3515 5447 Πατέρες
3571 5373 3710 5446 εἶχον
3739 5391 3759 5406 ο

2190 5479 2283 5532 καὶ
2315 5476 2494 5530 πάντα
2530 5474 2858 5544 διασαφίσας
2893 5474 2993 5525 ὅσα
3049 5488 3106 5524 τε
3140 5469 3293 5540 ὕπαρ
3333 5469 3501 5532 αὐτὸς
3531 5469 3624 5522 ἰπὶ
3655 5469 3761 5537 τῆς

2191 5569 2486 5640 στρωμνῆς
2551 5569 2828 5640 ἔστρεφε·
2898 5567 2994 5620 καὶ
3071 5565 3170 5619 ὅσα
3245 5564 3381 5635 ὄναρ
3460 5562 3761 5635 ὑπερφυῶς
