4086 6344
413 307 517 372 193

1365 305 1729 369 EPISTOLA
1767 308 1867 370 AD
1905 310 2216 374 LEONEM
2254 312 2347 374 III
2388 317 2662 380 PAPAM.

3528 331 3630 397 104

413 427 566 493 πόλιν
605 424 1027 497 συγκροτηθεῖσαν
1064 422 1207 492 ἁγίαν
1244 425 1476 496 πέμπτην
1507 426 1718 482 σύνοδον
1745 435 1842 482 τῶν
1866 432 1948 503 ρξε

2067 437 2207 482 trum
2248 433 2521 500 synodum,
2563 448 2681 500 quae
2717 431 2769 485 in
2800 433 2901 488 hac
2946 434 3137 492 iterum
3182 441 3359 497 divina
3402 434 3657 517 Deoqueo

410 518 565 589 ἁγίων
593 513 822 586 Πατέρων
849 516 1007 581 ἡμῶν,
1037 516 1148 575 ἥτις
1176 517 1241 569 τά
1271 515 1531 590 Θεοδώρου
1558 521 1641 571 καί
1666 522 1961 593 Νεστορίου,

407 606 534 678 πρὸς
571 600 626 658 δέ
663 604 750 656 καί
784 600 1082 674 Ὠριγένους.
1122 600 1336 672 Διδύμου
1377 624 1431 658 τε
1480 609 1567 658 καὶ
1602 607 1848 679 Εύαγρίου
1878 607 1965 659 καί

407 700 507 748 τῶν
551 692 873 762 ἀμφάύτούς
901 690 1175 755 κακοδόξων
1208 694 1368 750 ἀσεϐῆ
1416 691 1666 764 δόγματα,
1705 696 1831 753 τέως
1873 696 1963 762 μὲν

410 783 549 855 παρὰ
601 788 707 840 τοῖς
751 780 946 841 πολλοῖς
981 784 1320 856 κρυπτόμενα,
1369 789 1637 837 τηνικαῦτα
1677 780 1730 835 δέ
1773 790 1965 856 πικρῶς

409 867 684 942 ἁναφυέντα
736 873 822 924 καί
875 870 1325 928 ἀναϐλαστήσαντα
1376 872 1603 941 έξέτεμε’
1663 868 1810 926 δι’ὧν
1863 875 1962 946 γάρ

413 957 559 1012 αὐτοὶ
616 956 891 1029 έληρὼδουν
951 958 1410 1028 μυθολογημάτων,
1459 957 1697 1029 Ἰουδαϊκῇ
1760 978 1815 1011 τε
1877 962 1965 1012 καί

412 1045 658 1122 Ἑλληνικῇ
722 1047 904 1117 μᾶλλον
926 1085 945 1113 ,
1001 1045 1031 1105 ἦ
1087 1052 1409 1120 Χριστιανικῇ
1470 1044 1586 1115 δόξῃ
1640 1045 1964 1103 έπηκολούθη-

410 1157 532 1190 σαν.
638 1138 645 1145 ’

479 1238 621 1307 Ἐξῆς
662 1248 752 1302 τὴν
786 1244 930 1300 ἕκτην
967 1251 1066 1297 τῶν
1101 1244 1175 1314 ρο’
1221 1244 1363 1318 ἱερῶν
1398 1244 1587 1321 ἀνδρῶν
1628 1249 1962 1318 οἰκουμενικὴν

414 1330 617 1388 σύνοδον
678 1336 758 1387 καὶ
812 1332 970 1392 αὕτην
1017 1337 1146 1390 κατὰ
1197 1343 1349 1391 τοῦτο
1412 1337 1470 1392 τό
1520 1338 1771 1407 βασίλιιον
1826 1336 1959 1393 ἄστυ

413 1427 734 1495 συνηγμένην,
763 1428 849 1479 καὶ
882 1432 981 1480 τῶν
1007 1429 1137 1481 κατά
1162 1429 1376 1498 Χριστὸν
1405 1429 1601 1497 φύσεων
1626 1431 1718 1487 τάς
1743 1450 1796 1484 τε
1833 1428 1960 1483 ἰδιό-

410 1535 562 1571 τητας
598 1516 682 1567 καί
716 1517 947 1586 φυσικὰς·
970 1517 1220 1590 ένεργείας
1248 1520 1346 1572 καί
1381 1518 1602 1578 θελήσεις
1649 1520 1957 1591 κηρύξασαν,

409 1602 839 1671 ἀναθεματίσασαν
866 1601 921 1658 δέ
942 1604 1200 1678 Θεόδωρον
1223 1606 1312 1660 τόν
1340 1616 1433 1667 τῆς
1468 1608 1631 1681 Φαράν
1667 1609 1956 1674 ἐπίσκοπον,

410 1695 488 1745 καί
520 1696 771 1766 ⁸ονὡριον,
823 1692 975 1763 εὗρόν
1026 1716 1078 1749 τε
1124 1697 1206 1750 καί
1247 1697 1467 1769 Σεςογιον,
1509 1699 1721 1769 Πύρρον,
1772 1700 1960 1752 Παῦλον

2066 523 2272 576 addicta
2335 524 2547 577 civitate
2586 533 2789 590 coacta,
2845 527 3004 596 impia
3040 529 3321 597 Theodori,
3369 532 3625 603 Nestorii,

2062 609 2326 680 Origenis,
2370 614 2597 682 Didymi.
2622 614 2851 685 Evagrii,
2882 617 3308 688 reliquorumque
3337 623 3619 678 haeretico—

2062 715 2182 754 rum
2215 702 2467 770 prtedicta
2509 705 2827 758 sectantium
2857 705 3125 775 dogmata,
3161 704 3375 762 dudum
3408 712 3629 778 quidem

2061 800 2185 845 ante
2226 792 2364 859 apud
2405 792 2684 861 plerosque
2734 797 2967 860 occulta,
3009 813 3103 865 per
3151 799 3202 852 id
3243 814 3371 852 vero
3417 808 3625 870 tempus

2061 882 2281 935 acerbos
2307 883 2479 935 denuo
2517 897 2695 937 ramos
2728 886 3072 954 surculosque
3108 886 3615 957 proferentia,juste

2060 969 2257 1022 excidit
2283 986 2295 1021 :
2318 985 2435 1038 qua:
2459 971 2601 1023 enim
2626 973 2727 1040 ipsi
2748 983 2925 1027 mente
2947 974 3112 1029 delira
3133 984 3186 1028 et
3206 974 3442 1030 fabulose
3464 978 3627 1046 proﬂ-

2062 1057 2326 1120 tebantur,
2352 1073 2412 1111 ea
2428 1058 2729 1114 Jndmorum
2744 1070 3135 1131 etpaganorum
3155 1066 3521 1137 imaginationi
3535 1084 3629 1120 vo-

2059 1145 2194 1218 rius,
2226 1155 2387 1214 quam
2431 1145 2857 1202 Christianorum
2887 1151 3009 1204 lidei
3040 1161 3397 1206 consentanea
3443 1162 3623 1207 erant.

2127 1236 2255 1290 Post
2304 1238 2443 1292 hanc
2471 1246 2525 1291 et
2557 1246 2766 1291 Sextam
2795 1256 3007 1309 quoque
3048 1250 3286 1295 sanetam
3315 1251 3367 1296 et
3396 1257 3626 1297 meume-

2057 1328 2232 1383 nicam
2260 1329 2358 1381 170
2386 1338 2692 1384 sanctorum
2739 1332 2975 1385 virorum
3016 1334 3298 1402 synodum,
3339 1334 3531 1387 iterum
3560 1335 3617 1389 in

2058 1416 2201 1486 regia
2227 1416 2323 1469 hac
2344 1418 2475 1470 urbe
2516 1428 2887 1487 congregatam
2916 1436 3162 1484 veneror,
3203 1436 3320 1489 qua:
3342 1437 3438 1490 pro
3470 1431 3624 1474 natu-

2058 1521 2237 1558 rarum
2275 1506 2477 1559 Christi
2508 1508 2733 1572 ratione,
2763 1508 3000 1577 ejusdem
3027 1526 3237 1577 quoque
3267 1511 3623 1589 proprietates

2056 1595 2431 1663 naturalesque
2476 1598 2834 1665 Operationes,
2873 1608 2927 1651 et
2948 1598 3242 1652 voluntates
3292 1601 3619 1653 distinxitac

2053 1686 2379 1753 prcedieavit,
2420 1693 2473 1739 et
2516 1686 2851 1741 Theodorum
2888 1688 3194 1757 episcopum
3235 1688 3468 1754 Pharan,
3511 1689 3618 1744 Ilo—

408 1784 491 1853 κριὶ
526 1785 725 1854 Πέτρον,
762 1785 879 1842 τοὺς
914 1789 1250 1857 συγχωρήσει
1296 1795 1424 1842 Θεοῦ
1462 1790 1593 1843 κατὰ
1632 1794 1724 1847 τήν
1761 1787 1948 1847 Ἐκκλη-

2058 1774 2286 1837 norium,
2333 1773 2549 1843 Cyrum,
2586 1774 2849 1847 Sergium,
2903 1756 3188 1849 Pyrrhum,
3236 1777 3478 1843 Paulum,
3528 1778 3624 1833 Pe-

405 1872 521 1925 σίοιν
571 1872 621 1924 έν
661 1880 722 1945 τῇ
779 1873 1025 1944 ἱερωσύνῃ
1071 1876 1447 1949 είσφθαρένταςο
1486 1876 1562 1932 ἔτι
1589 1879 1671 1931 καί
1704 1879 1959 1950 Μακάρων

407 1958 823 2029 τόνᾋντιοχείας
872 1960 1218 2029 ὀνομασθέντα
1272 1965 1552 2038 πρόεδρον,
1592 1970 1678 2020 καί
1721 1970 1958 2038 Στέφανον

406 2053 489 2106 τόν
541 2053 723 2107 τούτου
770 2054 1028 2121 μαθητήν*
1068 2057 1194 2127 πρὸς
1238 2055 1291 2109 δέ
1341 2060 1422 2110 καί
1469 2058 1833 2128 Πολυχρόνιον,
1873 2060 1961 2112 τόν

408 2131 709 2212 νηπιόφρονα
744 2143 973 2213 γέροντα·
1013 2142 1057 2195 οἳ
1094 2142 1144 2196 έν
1189 2146 1392 2214 θέλημα,
1436 2150 1520 2199 καί
1562 2149 1678 2217 μίαν
1715 2148 1960 2219 ἐνέργειαν

411 2229 493 2283 ixi
539 2237 629 2284 τοῦ
681 2237 904 2301 Σωτῆρος
978 2233 1114 2301 ἡμῶν
1171 2232 1398 2306 Χριστοῦ
1452 2236 1537 2286 καί
1594 2240 1720 2287 Θεοῦ
1787 2233 1960 2297 ἐδόξα-

411 2322 515 2381 ζον.

475 2494 584 2546 Ἐπί
619 2491 805 2552 ταύτης
835 2491 887 2548 δέ
926 2494 1073 2549 πάλιν
1098 2496 1181 2547 καί
1218 2495 1348 2564 μετὰ
1376 2499 1538 2547 ταῦτα
1564 2496 1652 2550 την
1680 2494 1731 2545 έν
1771 2492 1960 2564 Νικαίᾳ

411 2581 468 2636 τό
498 2580 728 2653 δεύτερον
767 2583 1102 2637 συνελθοῦσαν
1126 2588 1222 2634 τῶν
1244 2584 1295 2634 ἐν
1329 2588 1435 2640 τοῖς
1460 2578 1567 2634 καθ’
1587 2582 1719 2649 ἡμᾶς
1746 2579 1957 2650 χρόνοις

406 2673 476 2745 ρν’
527 2671 752 2743 Πατέρων
806 2670 1017 2741 ἑϐδόμην
1053 2674 1136 2725 καί
1172 2672 1304 2745 ίερὰν
1341 2668 1548 2724 σύνοδον
1573 2710 1588 2734 ,
1633 2672 1741 2728 ἥτις
1786 2671 1958 2730 πάσας

408 2763 496 2818 τάς
525 2761 884 2831 προλαϐούσας
919 2759 1066 2831 ἁγίας
1102 2758 1344 2817 συνόδους
1382 2759 1741 2832 έπεσφράγισε,
1769 2761 1856 2811 καί
1892 2758 1956 2812 τά

405 2850 596 2903 τούτων
632 2846 877 2919 δόγματα,
918 2855 1016 2903 τῶν
1062 2854 1261 2901 σεπτῶν
1308 2849 1393 2900 καί
1439 2848 1576 2922 ἱερῶν
1621 2846 1817 2900 εἰκόνων
1867 2851 1954 2904 τήν

404 2938 626 3007 ἀρχῆθεν
686 2934 1087 3010 παραδεδομένην
1154 2944 1216 3006 τῇ
1272 2933 1540 3006 Ἐκκλησία
1612 2931 1954 3007 προσκύνησιν

404 3028 687 3092 ἀνεδέξατο,
726 3026 946 3101 ὁρίσασα
986 3026 1345 3101 παραπλησίως
1381 3026 1553 3083 αὐτὰςΔ
1580 3020 1652 3092 τῷ
1691 3025 1836 3094 τύπῳ
1864 3029 1948 3077 τοῦ

400 3124 643 3184 ζωοποιοῦ
715 3123 932 3191 σταυροῦ
998 3118 1402 3193 προσκυνεῖσθαι.
1473 3113 1803 3182 ’Δπεϐάλομεν
1856 3121 1947 3172 τῆς

400 3211 687 3271 Ἐκκλησίας
720 3213 839 3271 τούς
874 3209 946 3282 ἐφ’
967 3208 1113 3281 ὕϐρει
1149 3210 1231 3262 καί
1276 3213 1597 3279 καταστροφῇ
1640 3208 1830 3261 τούτων
1870 3226 1948 3260 κε·

394 3301 796 3371 νολογήσαντας,
844 3300 930 3351 καί
973 3294 1072 3353 τῶν
1119 3290 1428 3369 Χριπιανῶν
1481 3297 1943 3367 κατηγορήσαντας,

405 3386 486 3442 ὅτι
513 3391 580 3447 ὡς
607 3391 729 3446 θεοῖς
757 3389 929 3446 αὐτοῖς
956 3386 1357 3461 προσεκύνησαν·
1387 3384 1627 3438 τουτέστι
1654 3381 1941 3447 Θεοδόσιον,

403 3483 680 3549 Βασίλειον,
727 3485 970 3556 Σισίννιον,
993 3482 1113 3540 τούς
1166 3478 1452 3552 παροράσει
1505 3482 1629 3532 Θεοῦ
1683 3476 1943 3550 ίερατικῶν

401 3573 577 3645 θρόνων
614 3570 884 3643 ἄρξαντας.

474 3744 561 3793 Καὶ
587 3739 777 3801 ταύτας
811 3742 905 3801 τὰς
931 3741 1190 3815 εἰρημένας
1218 3737 1360 3808 ἁγίας
1406 3738 1747 3809 οίκουμινικάς
1794 3737 1945 3791 συνό-

404 3826 520 3887 δους
561 3828 901 3899 ἀποδέχομαι,
929 3832 1014 3882 καὶ
1050 3830 1244 3883 πάντων
1266 3834 1363 3882 τῶν
1394 3827 1623 3896 ἐκκρίτων
1660 3828 1745 3877 καί
1780 3846 1945 3894 μακα-

396 3918 514 3989 ρίων
539 3918 764 3990 Πατέρων
797 3918 861 3970 τά
896 3936 949 3970 τε
975 3914 1199 3987 δόγματα
1234 3915 1323 3967 καί·
1344 3917 1609 3980 πονήματα
1630 3913 1939 3983 ἀσπάζομαι,

396 4007 467 4066 ὦς
493 4004 809 4063 διδασκαλίαν
840 4009 1169 4066 ἀνεπίληπτον
1192 4008 1276 4061 καὶ
1316 4007 1570 4078 σωτηρίας
1604 4006 1841 4071 θεμέλιον,
1866 4009 1944 4061 καί

394 4094 483 4157 οὓς
505 4099 534 4154 ἡ
562 4097 786 4156 καθολικὴ
806 4097 1064 4156 Ἐκκλησία
1090 4098 1355 4171 προσίεται
1383 4094 1725 4165 ἀποδέχομαι,
1748 4098 1832 4149 καί
1857 4094 1944 4155 οὓς

391 4184 734 4251 ἀποτρέπεται
768 4187 1166 4259 ἀποστρέφομαι.
1204 4181 1567 4251 ’Λποϐοίλλομαι
1604 4181 1656 4238 δὲ
1694 4187 1778 4237 καί
1816 4205 1944 4238 παν-

388 4273 542 4354 τελῶς
571 4276 920 4350 ἀποτρέπομαι
956 4278 1076 4335 τοὺς
1112 4274 1213 4331 ἀπὸ
1254 4277 1467 4345 Σίμωνος
1505 4280 1595 4328 τοῦ
1634 4273 1824 4347 Μάγου,
1858 4277 1942 4330 καί

2056 1868 2216 1925 trum,
2244 1862 2332 1929 qui
2355 1863 2616 1931 permissu
2637 1865 2729 1917 Dei
2757 1881 2852 1934 per
2876 1867 3272 1935 corruptionem
3304 1875 3358 1919 et
3381 1866 3621 1921 fraudem

2056 1950 2111 2003 in
2139 1951 2392 2006 Ecclesiae
2419 1955 2780 2008 sacerdotium
2808 1956 3156 2025 irrepserant,
3202 1958 3487 2012 Macarium
3514 1960 3623 2013 An—

2054 2044 2267 2097 tiochia:
2300 2045 2617 2110 antistitem,
2644 2054 2698 2100 et
2737 2046 3064 2113 Stephanum
3119 2047 3333 2101 Macarii
3392 2050 3622 2118 disripu-

2057 2131 2188 2195 lum,
2214 2140 2269 2183 et
2315 2132 2725 2200 Polychronium
2754 2134 3008 2201 puerilem
3048 2135 3395 2202 insanumque
3435 2152 3617 2192 senem

2057 2220 2381 2273 anathemati
2408 2219 2632 2286 subjecit
2661 2237 2674 2271 :
2707 2236 2868 2273 unam
2891 2223 3033 2275 enim
3062 2222 3117 2275 hi
3147 2222 3406 2277 duntaxat
3438 2225 3623 2278 volun-

2058 2318 2243 2376 tatem,
2276 2326 2540 2380 unamquc
2577 2313 2942 2380 operationem
2982 2312 3197 2368 Christo
3226 2313 3497 2370 Servatori
3521 2332 3620 2371 no-

2058 2408 2171 2455 stro
2200 2402 2535 2456 tribuendam
2571 2418 2691 2457 esse
2717 2404 2998 2458 docebant.

2125 2489 2343 2557 Recipio
2374 2488 2587 2542 tandem
2635 2490 2916 2557 septimam
2939 2503 3147 2545 sacram
3188 2492 3287 2545 150
3314 2503 3619 2551 sanctorum

2054 2578 2276 2632 Patrum
2304 2579 2563 2647 synodum
2607 2588 2791 2633 nostro
2825 2580 2926 2634 hoc
2962 2596 3074 2633 aevo
3103 2582 3154 2634 in
3184 2582 3396 2636 civitate
3442 2584 3616 2640 Niczea

2053 2668 2225 2722 denuo
2255 2668 2598 2730 celebratam,
2624 2683 2741 2736 quae
2777 2683 2964 2722 omnes
3019 2672 3382 2738 pnecedentes
3427 2688 3609 2733 sacras

2052 2758 2281 2827 synodos
2309 2771 2601 2825 earumque
2644 2756 2893 2825 dogmata
2922 2773 2986 2811 ac
3022 2759 3233 2812 decreta
3275 2761 3615 2818 confirmavit
3678 2742 3685 2761 ’

2051 2854 2104 2900 et
2129 2847 2521 2913 quodammodo
2540 2846 2867 2915 obsignavit,
2897 2862 3278 2916 sacrarumque
3301 2866 3363 2903 ar
3392 2867 3617 2906 venera-

2050 2933 2237 2986 bilium
2282 2934 2577 3002 imaginum
2618 2934 2816 2986 cultum
2845 2933 3318 3003 adorationemque
3340 2934 3451 3002 jam
3494 2937 3616 2992 inde

2051 3022 2117 3075 ab
2139 3022 2288 3077 initio
2312 3023 2564 3077 Ecclesiis
2594 3024 2843 3077 traditam
2870 3024 3466 3094 suscepitdeﬁnivilque
3496 3042 3604 3081 non

2048 3128 2202 3167 secus
2223 3115 2551 3168 venerandas
2579 3129 2698 3167 esse
2724 3122 2882 3183 atque
2908 3114 3133 3168 viviﬁcae
3161 3117 3335 3169 crucis
3362 3116 3609 3186 efﬁgiem.

2043 3203 2146 3257 Eos
2197 3204 2418 3273 proinde
2477 3218 2543 3257 ex
2586 3203 2840 3258 Ecclesiis
2870 3203 3132 3270 ejicimus,
3172 3205 3261 3273 qui
3317 3205 3369 3257 in
3418 3207 3607 3260 harum

2043 3292 2412 3347 contumeliam
2442 3300 2495 3345 et
2523 3294 2855 3346 eversionem
2906 3292 3044 3346 futili
3098 3293 3413 3363 garrulitate
3457 3293 3613 3348 Chri-

2042 3385 2230 3439 stianis
2256 3384 2555 3449 insultant,.
2579 3386 2731 3453 quasi
2768 3387 2987 3440 deorum
3027 3387 3145 3442 loco
3200 3390 3460 3444 hactenus
3494 3389 3611 3444 illa!

2040 3472 2267 3527 habeant
2290 3482 2733 3543 venerenturque,
2757 3475 2940 3542 quales
2965 3485 3087 3530 sunt
3114 3477 3444 3531 Theodosius
3472 3517 3486 3541 ,
3510 3477 3611 3532 Ba-

2040 3562 2210 3625 silius,
2238 3570 2291 3615 et
2319 3561 2611 3626 Sisinnius,
2656 3563 2744 3631 qui
2787 3564 2879 3617 Dei
2917 3566 3267 3633 permissione
3287 3566 3604 3636 episcopali-

2039 3647 2138 3703 bus
2153 3651 2369 3704 sedibus
2384 3650 2662 3719 pmfuere.

2109 3735 2218 3789 Has
2241 3737 2418 3806 itaque
2448 3726 2730 3806 praedictas
2754 3754 2936 3793 sacras
2972 3747 3025 3793 et
3049 3742 3405 3797 (ecumenicas
3445 3757 3605 3812 syno-

2041 3823 2138 3878 dos
2187 3826 2439 3893 suscipio,
2492 3835 2547 3880 et
2584 3829 2822 3881 omnium
2881 3828 3174 3881 electorum
3222 3830 3608 3899 beatorumque

2040 3911 2258 3965 Patrum
2284 3910 2529 3982 dogmata
2573 3922 2627 3968 et
2652 3914 2923 3983 opuscula,
2968 3923 3025 3968 ut
3050 3930 3168 3984 quae
3219 3916 3287 3968 ab
3335 3918 3480 3970 omni
3518 3934 3604 3971 re.-

2038 4000 2392 4067 prehensione
2445 4000 2673 4054 alienam
2714 4003 3015 4055 doctrinam
3070 4003 3365 4071 salutisque
3413 4004 3605 4059 funda-

2040 4100 2277 4145 mentum
2323 4092 2648 4157 contineant,
2688 4107 2754 4145 ex
2788 4091 2967 4146 animo
2997 4091 3339 4160 complector,
3389 4093 3603 4147 demum

2039 4179 2383 4249 quoscunque
2410 4180 2646 4235 Ecclesia
2671 4182 2931 4237 catholica
2963 4182 3170 4250 recipit,
3195 4182 3311 4248 illos
3344 4198 3442 4252 ego
3466 4198 3606 4252 quo-

2040 4286 2144 4340 que
2164 4270 2383 4340 recipio,
2407 4279 2467 4325 et
2484 4287 2828 4342 quoscunque
2852 4273 2952 4327 ista
2976 4282 3274 4340 aversatur,
3302 4274 3419 4329 illos
3458 4276 3602 4345 ipsos

388 4354 552 4435 μέχρι
587 4369 677 4417 τοῦ
735 4362 882 4440 δεῦρο
918 4373 1006 4425 τῆς
1057 4365 1313 4423 εὐσεϐείας
1366 4365 1687 4418 παντάπασιν
1744 4366 1938 4421 ἀποπε-

2047 4367 2096 4415 et
2137 4372 2236 4429 ego
2282 4359 2466 4414 itidem
2520 4375 2758 4416 aversor.
2814 4362 3076 4419 Exsecror
3112 4362 3274 4415 etiam
3315 4364 3596 4432 modisque

388 4450 674 4516 πτωκότας,
711 4456 794 4506 καί
845 4452 1012 4518 δόξαις
1056 4459 1282 4527 πονηρῶν
1325 4452 1589 4525 δογμάτων
1612 4456 1712 4506 -καὶ
1759 4455 1937 4527 φθορο-

387 4543 545 4593 ποιῶν
579 4541 903 4614 έμφυρέντας,
928 4543 1012 4593 καί
1049 4546 1136 4599 τὴν
1173 4549 1271 4596 τῶν
1319 4540 1469 4611 ἁγίων
1505 4543 1783 4616 παράδοσιν
1824 4544 1942 4597 άθεο

385 4632 659 4695 τήσαντας,
702 4634 784 4684 καί
828 4633 910 4686 τὸν
946 4634 1120 4706 πικρὸν
1154 4638 1251 4687 τῶν
1288 4636 1510 4696 ζιζανίων
1545 4634 1736 4708 σπόρον
1783 4656 1938 4691 συνα-

385 4717 585 4787 ναμίξαε
617 4715 796 4790 τῇτῆς
830 4720 1115 4798 όρθοδοξίας
1142 4722 1334 4796 άρούρᾳ
1368 4723 1713 4793 τολμήσαντας
1749 4725 1937 4786 αύτούς

383 4826 439 4859 τε
493 4808 853 4877 ἀναθεματίζω,
899 4813 979 4864 καί
1036 4811 1225 4870 πάντας
1270 4814 1387 4871 τούς
1433 4806 1706 4882 ἑπομένους
1746 4815 1933 4880 αὐτοῖς,

384 4898 467 4948 καί
504 4898 571 4955 ὡς
606 4897 763 4967 λύμην
816 4908 906 4958 τῆς
955 4902 1083 4954 κατὰ
1117 4900 1332 4973 Χριστόν
1379 4901 1670 4962 Ἐκκλησίας
1706 4900 1935 4959 διαπτύω

385 4988 467 5038 καί
501 4994 573 5059 τῷ
599 4989 865 5061 ἀναθέματε
892 4991 1269 5045 καθυποϐάλλω.
1300 4997 1460 5063 Ἦμεῖς
1497 4994 1587 5060 μέν
1614 4986 1697 5044 οὖν
1724 4994 1778 5047 τὸ
1818 4992 1937 5060 ἡμέ-

384 5094 527 5147 τερον
563 5078 782 5151 φρόνημα
815 5088 928 5141 τοῖς
974 5081 1375 5152 μακαριωτάτοις
1420 5081 1539 5151 ύμῖν
1583 5082 1664 5134 καί
1699 5079 1935 5136 Θεοδιδά-

384 5183 516 5223 κτοις
568 5169 696 5221 κατὰ
746 5175 913 5223 ταῦτα
949 5167 1290 5237 δεδηλωμένων
1337 5173 1826 5242 προσπεφωνὴκαμεν
1861 5176 1934 5241 τῷ

386 5245 569 5305 ἄνωθεν
620 5256 936 5328 κεκρατηκότι
995 5256 1383 5327 ἐκκλησιαστικνῇ
1450 5257 1618 5326 θεσμῷ
1684 5257 1932 5327 ἑπόμενοι,

385 5333 487 5392 οἷόν
524 5361 618 5394 τινι
649 5342 870 5413 ἐμψύχῳ
910 5349 1103 5418 κήρυκι,
1131 5352 1201 5415 τῷ
1228 5343 1280 5398 δὲ
1318 5347 1456 5415 ἡμῶν
1484 5345 1936 5418 προσχρησάμενα

385 5433 456 5499 τῷ
493 5429 784 5502 γράμματι,
814 5442 905 5492 τῆς
931 5434 980 5485 ἐν
1006 5442 1200 5508 Χριστῷ
1246 5438 1446 5506 ἀγάπης
1497 5437 1581 5488 καὶ
1619 5437 1747 5507 πρὸς
1789 5436 1934 5493 ἀλλή·

384 5511 500 5575 λους
535 5522 817 5589 συμπνοίας
858 5523 940 5574 καί
976 5520 1203 5591 ὁμονοίας
1256 5524 1349 5581 τὰς
1391 5521 1572 5594 ἐγγύας
1621 5525 1929 5593 ἐπαγομένω.

387 5608 438 5669 Ἣ
465 5600 521 5658 δὶ
557 5606 774 5680 ὑμετέρα
818 5609 1128 5678 ποθεινοτέρα
1174 5611 1222 5663 iv
1271 5614 1428 5687 κυρίῳ
1475 5611 1747 5684 ἀδελφότης
1787 5615 1929 5683 ἀμεί-

2039 4450 2284 4504 omnibus
2305 4450 2560 4517 detestor,
2586 4452 2677 4521 qui
2702 4468 2733 4505 a
2765 4451 2982 4507 Simone
3015 4452 3163 4522 Mago
3190 4453 3599 4521 appellationem

2037 4540 2212 4595 sortiti
2232 4548 2285 4593 et
2312 4541 2379 4594 ab
2403 4542 2547 4596 omni
2581 4557 2801 4611 prorsus
2834 4543 3033 4611 pietate
3061 4545 3226 4609 exuti,
3266 4545 3332 4599 ad
3358 4560 3592 4614 pr:esen-

2037 4636 2144 4684 tem
2172 4646 2340 4698 usque
2359 4630 2496 4684 diem
2536 4645 2819 4702 pravorum
2864 4633 3264 4703 exitialiumque
3289 4638 3595 4704 dogmatum

2036 4720 2371 4789 Opinionibus
2424 4728 2731 4773 sanctorum
2770 4718 3110 4776 traditionem
3141 4723 3415 4779 infirmare
3452 4725 3597 4778 viru-

2036 4808 2344 4876 lentumque
2373 4808 2701 4861 zizaniorum
2739 4824 2921 4863 semen
2960 4812 3269 4866 orthodoxa:
3309 4814 3430 4868 fidei
3462 4830 3590 4884 agro

2037 4898 2341 4953 immiscere
2384 4913 2489 4951 non
2532 4906 2781 4961 cessant;
2841 4900 2960 4964 bos,
3013 4901 3253 4968 inquam,
3296 4917 3591 4970 omnesque

2036 4986 2342 5040 earumdem
2366 5000 2620 5055 sequaces
2654 5001 2923 5051 exsecror,
2949 4998 3003 5041 et
3027 4991 3187 5044 veluti
3230 4991 3591 5045 Ecclesiarum

2037 5073 2235 5128 Christi
2270 5084 2445 5143 pestes
2483 5089 2675 5143 respuo
2695 5088 2749 5151 et
2783 5078 3195 5132 anathematizo.
3236 5078 3344 5132 Nos
3372 5080 3593 5147 proinde

2038 5164 2396 5219 Ecclesiarum
2422 5166 2772 5230 sanctionem,
2807 5164 3050 5233 quatiam
3077 5168 3198 5222 inde
3221 5169 3287 5223 ab
3316 5168 3466 5222 initio
3498 5170 3593 5221 ob-

2038 5256 2218 5331 tinuit,
2255 5256 2445 5321 secuti,
2495 5256 2642 5311 hisce
2686 5256 2886 5310 nostris
2926 5256 3121 5310 litteris
3147 5256 3310 5310 veluti
3355 5258 3592 5311 animato

2037 5348 2264 5414 quodam
2289 5360 2556 5416 praecone,
2591 5352 2647 5399 et
2673 5344 2950 5399 charitatis
2976 5345 3029 5398 in
3055 5344 3267 5399 Christo
3293 5354 3591 5415 mutumque

2036 5434 2178 5488 inter
2204 5450 2302 5488 nos
2325 5436 2622 5489 concordia
2647 5445 2701 5489 et
2729 5435 2974 5489 amicitia:
2995 5435 3219 5497 vadibus
3242 5436 3345 5501 usi,
3384 5452 3481 5489 vos
3505 5452 3592 5490 sa-

2032 5521 2279 5576 lutandos
2328 5530 2668 5591 nostramque
2715 5523 3031 5578 sententiam
3079 5522 3227 5576 vobis
3260 5522 3589 5581 beatissimis

2034 5612 2248 5680 Deoque
2293 5614 2494 5669 edoctis
2538 5602 2677 5668 hunc
2716 5615 2767 5668 in
2815 5614 3027 5668 modum
3060 5612 3348 5669 faciendam
3377 5615 3592 5686 putavi.

2830 5848 2849 5871 \
