4008 6342
109 370 195 428 477

1195 353 1369 412 νιΤΑ
1414 350 1474 409 S.
1516 345 1732 406 LUC.E
1773 343 2153 404 JUNIOlilS.

3206 324 3311 385 4⁵18

110 476 355 547 κρίναντες
381 471 627 536 ἑαυτοὺς,
665 471 712 521 εὶ
743 469 818 538 μὴ
841 469 1090 539 καθάπερ
1124 471 1350 538 τροφεῖα
1369 467 1464 519 καὶ
1501 464 1638 534 μετὰ

1752 478 1848 513 non
1886 461 2054 512 bonas
2098 455 2344 510 arbitrati
2390 454 2586 522 proles,
2638 448 2742 502 nisi
2775 458 3031 512 tanquam
3080 444 3309 498 alumni.

105 568 234 630 τέλος
256 563 459 633 ὀφθεῖεν
481 560 821 622 ἀποδιδόντες
851 559 1000 628 αὑτῷ
1028 562 1093 612 τὰ
1121 559 1259 626 μετὰ
1292 557 1445 619 τέλος
1471 572 1609 626 προσ
1627 585 1639 593 -

107 661 316 728 ἠκοντα,
347 654 686 724 παραχρῆμα
734 653 868 720 πρὸς
919 650 1206 720 οἰκοδομὴν
1256 649 1504 711 κελλίων,
1545 645 1639 698 καὶ

107 747 217 800 ναοῦ
264 746 646 799 διανίστανται.
699 746 807 798 Καὶ
845 743 1041 814 πρῶτα
1084 743 1182 814 μὲν
1234 744 1324 794 τὸν
1359 740 1459 807 τῆς
1490 739 1640 802 Θείας

104 841 346 908 μάρτυρος
388 837 677 906 Βαρὸἀρας
726 839 852 888 ναὸν
896 838 1146 906 ἀτέχνως
1180 835 1395 904 ἔχοντα,
1433 833 1636 902 σπουδῇ

101 928 358 993 τελειοῦσι,
383 929 584 996 κόσμον
603 927 751 1000 αὐτῷ
775 928 1086 996 περιθέντες
1107 929 1195 980 τὸν
1219 927 1361 980 κατά
1386 909 1635 994 δύναμιν.

105 1017 218 1073 Εἶτα
245 1020 332 1071 καὶ
354 1019 632 1082 οίκίσκους
670 1020 887 1082 ἱκανούς
919 1038 978 1072 τε
1013 1021 1106 1072 καὶ
1134 1020 1195 1072 τὸ
1227 1020 1414 1088 σχῆμα
1453 1018 1638 1084 διαφό-

103 1127 209 1178 ρους
257 1110 611 1178 οἰκοδομοῦσι,
672 1111 807 1180 πρός
850 1128 907 1163 τε
937 1113 1121 1181 κοινὴν
1152 1112 1362 1181 χρείαν,
1396 1110 1490 1163 καὶ
1530 1110 1636 1162 τῶν

98 1200 501 1268 ὲπιξενουμέ·.ων
543 1193 840 1270 ⁵ὑποδοχήν.
874 1202 1105 1256 Ἔπειτα
1164 1204 1257 1254 καὶ
1309 1201 1441 1254 αὐτὸ
1473 1201 1537 1272 δὴ
1581 1201 1638 1254 τὸ

101 1289 302 1352 γελλίον,
330 1291 386 1342 ἐν
416 1283 569 1359 ᾧπερ
596 1294 623 1344 ό
644 1292 740 1344 τοῦ
771 1294 1009 1362 μεγάλου
1031 1296 1221 1362 τάφος,
1245 1293 1345 1362 τῆς
1367 1292 1638 1364 προτέρας

97 1379 496 1449 μεταϐάλλουσιν
551 1381 747 1451 ὅψεως,
799 1385 892 1435 καὶ
946 1384 1021 1446 εἰς
1067 1385 1208 1453 ἱερὸν
1247 1385 1538 1452 εὑκτήριον
1578 1385 1637 1435 ὲν

95 1471 345 1540 σεαυρικῷ
391 1471 469 1540 τῷ
540 1474 784 1541 σχήματι
863 1475 1154 1543 παγκάλως
1207 1474 1632 1545 μεταποιΟὖσιν·

93 1565 214 1616 ὥστε
260 1565 428 1634 πέρας
469 1566 675 1628 λαῦεἴν,
723 1568 781 1619 τὸ
833 1567 937 1620 ὑπὸ
999 1568 1269 1637 μακαρίου
1300 1567 1505 1635 λεχθὲν,
1543 1567 1635 1619 καὶ

92 1655 313 1724 περὶτοῦ
345 1656 513 1709 τόπου
538 1656 740 1727 δηλαδὴ
767 1658 980 1718 τούτου.
1015 1660 1107 1712 καὶ
1134 1661 1260 1729 περὶ
1287 1658 1397 1711 τῶν
1426 1660 1508 1722 εἰς
1534 1659 1636 1711 αὐο

90 1744 168 1796 τὸν
198 1747 270 1807 είς
295 1742 493 1814 πλῆθος
519 1750 955 1820 συνερχομένων.

150 1836 278 1906 Γυνή
337 1855 419 1900 τις
466 1841 757 1909 ἀκινήτους
802 1838 913 1908 εἶχε
977 1840 1075 1903 τὰς
1139 1858 1326 1911 χειρας
1384 1844 1481 1894 σὺν
1523 1843 1633 1904 τοῖς

90 1928 229 1980 ποσίν
256 1945 269 1959 ·
301 1930 461 1983 ἅτινα
504 1931 599 1983 τοῦ
655 1931 753 1999 μὲν
805 1931 928 1983 ὅλου
976 1931 1228 2002 σώματος
1262 1932 1635 2004 ἀπηρτῆσθαι,

90 2019 172 2072 καὶ
189 2020 283 2090 τὴν
307 2020 510 2074 οἰκείαν
539 2023 733 2088 σώζειν
764 2025 1021 2076 ὲὸλέπετο
1048 2025 1210 2094 πῆξιν
1235 2041 1249 2054 ·
1279 2027 1402 2078 ὅσον
1417 2026 1473 2078 δὲ
1503 2025 1636 2094 πρὸς

88 2114 366 2180 ἐνέργειαν,
430 2116 687 2184 ἀλλότρια
735 2113 824 2186 ἦν,
862 2119 955 2169 καὶ
988 2118 1085 2186 τὴν
1124 2117 1259 2170 ἰδίαν
1285 2119 1512 2170 ἕκαστον
1552 2118 1639 2180 ἐξ·

90 2207 284 2272 ηρνεῖτο
325 2206 717 2276 λειτουργίαν·
763 2206 903 2259 ὥστε
954 2208 1014 2259 τὸ
1068 2208 1208 2260 αὐτὰ
1255 2203 1409 2277 ἧκον,
1460 2207 1637 2260 θανεῖν

88 2294 281 2364 ἐκείνην
327 2295 646 2365 νομίζεσθαι
689 2298 783 2349 καὶ
853 2298 927 2368 μὴ
972 2298 1110 2367 ζῇνο
1181 2299 1276 2351 καὶ
1324 2299 1384 2350 τό
1433 2315 1497 2368 γε
1559 2301 1639 2363 είς

89 2386 384 2457 προσθήκην
422 2388 514 2441 τοῦ
572 2388 792 2442 τοσοῦδε
844 2390 1038 2456 κακοῦ,
1073 2389 1274 2460 μᾶλλον
1320 2389 1378 2443 δὲ
1423 2390 1639 2445 καὶτοῦ

89 2476 345 2544 λεχθέντος
369 2479 478 2548 ’ήδη
499 2479 823 2549 βαρύτερον,
857 2481 940 2532 ὅτι
968 2481 1060 2532 τὸν
1084 2481 1221 2543 υἱὸν,
1243 2481 1303 2532 δν
1331 2482 1412 2542 είς
1438 2471 1642 2550 ἀναψυ-

88 2566 173 2635 χὴν
198 2545 422 2636 ἔμελλεν
643 2545 736 2623 καί
793 2563 885 2623 τοῦ
919 2571 1191 2633 ἐνδέοντος
1232 2545 1637 2639 ἀναπλήρωσιν,

89 2659 228 2720 αὐτὸς
254 2655 407 2722 οὗτος
435 2661 706 2729 δαιμονῶν
744 2661 976 2732 ὑπῆρχε,
1011 2662 1105 2714 καὶ
1156 2661 1397 2734 συνεχῶς
1426 2662 1506 2725 εἰς
1537 2663 1641 2732 γῆν

92 2752 321 2818 κείμενός
345 2768 405 2804 τε
438 2751 532 2804 καὶ
563 2753 1026 2823 σπαραττόμενος.

148 2843 360 2914 Ταύτην
397 2845 448 2897 οἱ
477 2845 850 2913 προσήκοντες
907 2846 1048 2898 κατὰ
1090 2845 1248 2914 γένος
1294 2845 1390 2914 τῆς
1428 2861 1641 2916 συμφο-

91 2937 174 3003 ρᾶς
205 2937 556 3007 ἐλεήσαντες,
588 2939 682 2990 καὶ
713 2940 876 2990 οἱονεὶ
901 2937 1096 3008 φόρτον
1125 2937 1333 3008 ἄψυχον
1370 2937 1476 3006 ὄνῳ
1516 2940 1642 2991 έπι-

87 3027 393 3092 διδάσαντες
484 3030 577 3082 καὶ
631 3029 1126 3100 περικρατοῦντες,
1175 3029 1314 3100 πρὸς
1366 3029 1459 3082 τὸν
1521 3032 1641 3083 νέον

88 3118 289 3189 Σιλωάμ
339 3120 435 3173 τὸν
493 3120 587 3172 τοῦ
625 3121 896 3190 μακαρίου
945 3110 1130 3174 Λουκᾶ
1190 3122 1416 3190 φέρουσι
1447 3122 1640 3190 τάφον,

89 3211 441 3279 συνεπομένου
468 3212 668 3280 δηλαδὴ
713 3213 886 3284 ταύτῃ
942 3213 1036 3266 καὶ
1067 3212 1159 3264 τοῦ
1190 3211 1310 3265 υίοῦ
1331 3229 1354 3252 ο
1393 3212 1522 3265 ἔνθα
1554 3214 1647 3266 καὶ

87 3299 468 3363 καταλιπόντες
508 3303 730 3367 αὐτοὺς,
797 3302 1124 3372 ἐπανῄεσαν.
1175 3295 1275 3355 Οἷα
1321 3303 1377 3354 δὲ
1432 3303 1502 3356 τὰ
1549 3299 1646 3355 τοῦ

85 3387 204 3440 Θεοῦ
233 3391 322 3460 κρί
331 3407 482 3460 ματα
507 3392 518 3443 !
563 3391 877 3460 ’Υπερεῖδεν
905 3391 1073 3462 αὐτὴν
1094 3394 1122 3444 ό
1144 3391 1320 3460 ἅγιος,
1342 3393 1437 3446 καὶ
1456 3391 1646 3462 χρόνον

86 3481 173 3552 ήδη
208 3483 425 3553 συχνὸν,
462 3482 560 3552 τὴν
614 3484 760 3536 ἴασιν
819 3484 1160 3538 ἀνεόάλλετο.
1201 3485 1416 3553 ’Λμέλει
1470 3484 1563 3538 καὶ
1613 3488 1646 3552 ὴ

86 3575 210 3644 γυνή
237 3575 494 3645 καμοῦσα
535 3574 615 3646 τῷ
666 3577 864 3646 χρόνῳ,
915 3575 1012 3628 καὶ
1038 3576 1140 3646 τὴν
1175 3575 1474 3646 θεραπείαν
1505 3578 1648 3630 ἀπα-

85 3665 426 3736 γορεύσασα,
486 3667 852 3738 ὑποστρέφειν
908 3667 1188 3722 διενοεῖτο.
1254 3667 1396 3719 Ἀλλ’
1452 3666 1502 3721 ὣ,
1549 3669 1647 3738 τῆς

86 3758 388 3830 ἀπορρήτου
428 3777 544 3827 σου,
576 3761 802 3831 Χριστὲ,
838 3761 1227 3830 χρηστότητος,
1269 3759 1486 3828 καὶτῆς
1518 3760 1648 3830 περὶ

85 3850 243 3922 αὐτὴν
299 3854 549 3924 άῤῥήτου
615 3853 1097 3922 θαυματουργίαςί
1148 3852 1346 3922 Ὀλίγῳ
1383 3853 1649 3922 πρότερον

84 3939 166 4007 τῆς
224 3944 318 3996 τοῦ
381 3942 543 4010 ἁγίου
583 3943 755 4014 θήκης
790 3946 959 4013 ,πηγῇ
1035 3943 1434 4014 παραπλησίως
1475 3943 1646 4016 μύρον
1681 3994 1686 3998 .

83 4032 265 4097 εὑῶδες
296 4034 705 4104 ἀποὸλυσάσης,
737 4035 766 4088 ὃ
803 4037 1070 4102 νεωκόρος
1103 4035 1363 4106 ἐπιμελὲς
1397 4037 1644 4106 θέμενος,

88 4125 167 4176 καὶ
215 4125 379 4179 τοῦτο
442 4126 657 4188 λαϐὼν,
717 4127 798 4189 εἰς
855 4127 980 4196 μίαν
1039 4143 1099 4178 τε
1144 4126 1251 4180 τῶν
1301 4108 1650 4198 φωταγωγῶν

83 4217 342 4289 ἐμϐαλὼν,
370 4220 466 4272 τοῦ
493 4219 640 4292 ἱεροῦ
662 4220 866 4291 ταύτην
897 4219 1008 4290 ἀπή
1019 4237 1116 4291 ρτη
1128 4238 1183 4272 σε
1209 4208 1418 4290 τάφόυ.ο

143 4314 329 4382 Τούτῳ
359 4313 452 4366 οὖν
489 4313 967 4383 προσεδρευούσης
996 4316 1100 4382 τῆς
1137 4316 1414 4381 γυναικὸς,
1453 4319 1653 4384 μεσού-

84 4423 174 4477 σης
224 4408 465 4479 ἡμέρας,
517 4401 612 4460 καί
636 4407 859 4476 μηδενὸς
891 4406 1070 4471 ἄλλου,
1107 4408 1186 4461 ὃτι
1218 4409 1292 4480 μὴ
1336 4409 1429 4462 τοῦ
1461 4412 1650 4475 παιδὸς

84 4501 212 4571 αὐτῇ
279 4503 697 4572 συμπαρόντος’
754 4501 936 4572 ἡρέμα
1003 4502 1142 4572 πρὸς
1196 4503 1365 4573 αὐτὴν
1424 4505 1645 4563 ἐκεῖνος.

1761 4503 1826 4556 ad
1869 4516 1988 4554 eam
2025 4496 2297 4552 submissa
2342 4506 2480 4548 voce
2527 4507 2543 4546 :

97 4592 229 4645 ’Δλλ’
283 4593 421 4661 ἐγὼ,
482 4595 668 4662 φησὶν,
726 4594 984 4658 ἀναστάς,
1020 4593 1082 4646 τὸ
1129 4595 1184 4645 ἐν
1226 4599 1291 4664 τῇ
1334 4597 1654 4664 φωταγωγῷ

85 4687 247 4758 ταύτῃ
281 4687 538 4776 πιοῦμαι.
585 4686 648 4738 'll
679 4687 734 4738 δέ
766 4703 827 4754 γε
861 4687 1042 4757 μήτηρ
1091 4687 1321 4757 ἀπεῖργε
1345 4687 1438 4740 τοῦ
1474 4689 1654 4758 ἐγχει-

88 4780 346 4850 ρήματος,
385 4797 403 4828 ι
441 4775 557 4847 Μή,
611 4776 820 4841 τέκνον,
857 4775 982 4839 ὀξὶς
1026 4777 1053 4827 ὁ
1081 4777 1368 4846 νεωκόρος,
1399 4775 1654 4844 λέγουσα,

87 4875 173 4926 καὶ
226 4875 438 4942 μήποτε
485 4870 582 4922 καὶ
639 4866 902 4938 μαστίξας
957 4868 1100 4936 ἡμᾶς
1147 4866 1460 4937 ἀπώσηται.
1510 4888 1528 4920 t
1559 4870 1657 4931 Οὐ,

86 4969 268 5035 φησιν,
299 4965 441 5018 ἀλλὰ
464 4963 524 5016 τὸ
581 4961 876 5032 ἐνθύμημα
905 4962 1128 5031 περανῶ
1155 4975 1169 4991 ⁸
1203 4962 1296 5013 καὶ
1340 4959 1454 5031 ἅμα
1488 4961 1657 5014 διανί-

89 5077 267 5123 στατο,
323 5060 420 5111 καὶ
468 5060 567 5128 τῆς
598 5053 936 5123 φωταγωγοῦ
987 5053 1344 5124 δραξάμενος,
1374 5052 1552 5122 ἐγχέει
1582 5051 1659 5122 τῷ

89 5155 313 5222 στόματι
378 5149 744 5220 παραχρῆμα,
785 5148 880 5199 καὶ
928 5148 987 5198 τὸ
1057 5146 1240 5197 λοιπὸν
1283 5145 1433 5197 οὐδὲν
1471 5147 1658 5215 ἕτερον

89 5247 184 5320 ἦν’
219 5247 336 5301 ἀλλ’
367 5249 397 5298 ό
421 5246 548 5306 παῖς
573 5241 732 5302 εὐθὺς
767 5240 1010 5294 ἐκυλίετό
1043 5257 1099 5292 τε
1136 5242 1224 5292 καί
1254 5240 1653 5310 ὲτπαράσσετο.

1742 563 1861 620 post
1901 560 2130 603 mortem
2177 563 2422 616 quoque,
2471 558 2711 612 congrua
2762 557 2791 592 a
2831 548 3000 590 morte
3050 537 3312 603 obsequia

1741 649 2000 712 prmstarc
2048 640 2386 699 viderentur,
2439 635 2617 688 statim
2671 632 2736 684 ad
2786 627 3148 684 exstruendas
3201 627 3312 678 Cri-

1742 734 1880 786 lulas
1910 747 1974 785 ac
2008 729 2265 798 templum
2303 727 2633 780 excitantur.
2673 723 2747 775 Ac
2782 721 3020 789 primum
3063 716 3311 786 quidem,

1740 826 1881 879 diva:
1928 821 2186 891 martyris
2233 818 2484 870 Barbara:
2535 814 2792 883 templum
2842 813 3022 864 minus
3065 807 3316 861 elabora-

1741 929 1874 983 tum,
1911 917 2022 972 cito
2052 925 2463 976 consummant,
2499 917 2753 962 ornatum
2799 904 3120 958 adhibentes
3149 915 3313 968 quam

1740 1011 1890 1064 licuit
1940 1008 2261 1062 tnaximum.
2306 1002 2444 1056 Tum
2480 1016 2608 1054 vero
2641 998 2901 1053 aediculas
2959 1004 3043 1050 sat
3093 995 3314 1052 multas,

1738 1103 1954 1171 aliaque
1990 1088 2204 1154 acalia
2244 1095 2417 1151 forma
2461 1093 2754 1152 mditicant,
2801 1103 2925 1141 cum
2963 1085 3031 1139 ad
3077 1085 3311 1139 fratrum

1738 1207 2086 1250 communem
2135 1204 2318 1252 usum,
2370 1195 2481 1240 tum
2530 1184 2728 1250 quibus
2780 1179 3022 1248 hospites
3065 1176 3313 1243 suscipe-

1739 1293 1879 1342 rent.
1922 1285 2123 1339 Adhacc
2175 1281 2476 1343 cellulam,
2514 1294 2618 1344 qua
2687 1273 2867 1342 magni
2934 1272 3080 1324 illius
3125 1268 3315 1336 sepul-

1741 1393 1894 1432 crum
1929 1375 2160 1444 positum
2207 1379 2359 1435 erat,
2418 1368 2587 1438 priori
2631 1373 2836 1420 mutata
2889 1363 3089 1432 specie,
3126 1361 3178 1420 in
3229 1376 3319 1414 sa-

1737 1486 1888 1526 crum
1941 1467 2240 1522 oratorium
2293 1465 2346 1516 in
2394 1464 2576 1516 crucis
2625 1458 2914 1511 eﬂormant
2942 1465 3053 1509 tum
3086 1453 3315 1522 figuram

1738 1559 2108 1634 pulcherrime
2159 1563 2509 1618 commutant,
2559 1571 2571 1604 :
2630 1566 2738 1619 quo
2793 1552 2950 1602 tinem
3006 1546 3313 1614 acciperet,

1737 1655 1938 1707 dictum
1989 1651 2120 1704 illud
2149 1663 2179 1701 a
2225 1647 2384 1700 beato
2432 1644 2570 1705 viro,
2605 1641 2671 1695 de
2707 1641 2824 1692 loco
2868 1637 3090 1707 pariter,
3141 1637 3316 1703 deque

1741 1751 1807 1804 iis
1835 1747 1929 1817 qui
1962 1744 2234 1816 frequenti
2272 1739 2626 1794 multitudine
2658 1752 2723 1788 eo
2751 1729 3078 1790 conventuri
3107 1737 3314 1783 essent.

1814 1839 2071 1903 Qumdam
2137 1835 2341 1889 femina
2408 1831 2662 1886 manibus
2717 1825 2919 1894 pariter
2971 1838 3039 1875 ac
3091 1821 3320 1890 pedibus

1745 1932 2038 1996 immobilis
2087 1938 2229 1992 erat,
2275 1937 2334 1978 ut
2381 1925 2538 1994 plane
2589 1921 2822 1988 pendere
2877 1916 2964 1970 illa
3015 1930 3044 1967 a
3111 1912 3319 1979 reliquo

1745 2039 1994 2093 corpore,
2031 2033 2438 2087 accompagcm
2479 2013 2753 2082 prOpriam
2803 2023 3022 2064 servare
3068 2005 3321 2058 videren-

1747 2127 1833 2170 tur
1861 2132 1876 2172 :
1907 2115 2050 2183 quod
2106 2121 2282 2164 tamen
2325 2116 2533 2176 spectat
2578 2104 2644 2158 ad
2695 2101 2989 2162 actionem,
3024 2097 3202 2150 aliena
3231 2101 3320 2148 es-

1747 2216 1887 2264 sent.
1916 2218 2185 2271 suumque
2208 2200 2462 2267 quodque
2488 2211 2676 2257 eorum
2705 2191 3027 2260 obsequium
3058 2197 3274 2257 negaret
3304 2204 3318 2237 :

1749 2305 1806 2348 ut
1842 2291 1989 2362 quod
2035 2290 2437 2347 illorumerat,
2482 2300 2589 2338 non
2644 2283 2834 2353 vivens
2871 2288 3177 2348 putaretur,
3225 2275 3318 2328 sed

1749 2395 1986 2439 mortua.
2014 2378 2319 2452 Accedebat
2365 2375 2490 2428 mali
2534 2362 2674 2426 tanti
2703 2368 2948 2432 cumulo,
2979 2367 3107 2434 quin
3143 2375 3198 2419 et
3231 2365 3323 2418 illo

1748 2475 1948 2530 malum
1990 2472 2234 2542 gravius,
2282 2478 2341 2522 ut
2389 2481 2549 2536 quem
2602 2463 2691 2515 illa
2742 2459 3054 2529 indigentia:
3101 2458 3320 2525 supple-

1721 2554 1985 2623 mentum
2033 2579 2098 2619 ac
2149 2561 2498 2616 refectionem
2556 2557 2726 2609 filium
2783 2554 3034 2606 habitura
3085 2561 3221 2614 erat,
3278 2549 3324 2602 is

1748 2663 1861 2732 ipse
1900 2656 2270 2713 daemoniacus
2300 2661 2466 2714 esset,
2512 2665 2576 2703 ac
2619 2647 2878 2702 continue
2929 2644 3119 2698 allisus
3167 2653 3323 2697 terra:

1747 2755 2170 2821 discerperetur.

1817 2845 1948 2912 Ejus
1986 2839 2316 2919 calamitatis
2372 2835 2605 2898 miserti,
2656 2833 2747 2904 qui
2789 2845 2986 2902 genere
3034 2827 3324 2896 continge-

1748 2938 1898 2999 bant,
1926 2948 1990 2988 ac
2035 2933 2183 2986 velut
2209 2945 2352 2984 onus
2384 2928 2626 3005 inanimo
2669 2925 3012 2992 imponentes
3045 2920 3228 2981 asino,
3262 2934 3326 2972 ac

1751 3027 2004 3082 manibus
2050 3031 2328 3084 tenentes,
2383 3018 2451 3072 ad
2500 3004 2701 3070 novum
2758 3012 2906 3069 Siloe
2966 3010 3107 3065 beati
3146 3004 3327 3062 'Luca:

1670 3142 1715 3200 ο
1750 3119 2059 3189 sepulcrum
2095 3114 2395 3175 adducunt,
2431 3117 2694 3179 sequente
2729 3120 2948 3176 quoque
2989 3118 3110 3158 eam
3163 3101 3276 3156 filio
3307 3117 3322 3154 :

1749 3218 1889 3282 quos
1922 3209 2035 3264 illic
2070 3207 2466 3276 relinquentes,
2509 3199 2711 3256 reversi
2750 3207 2901 3254 sunt.
2944 3195 3159 3262 Quanta
3193 3208 3327 3248 vero

1754 3304 1846 3358 Dei
1878 3301 2130 3374 judicia?
2170 3298 2422 3368 Despexit
2458 3311 2578 3350 eam
2612 3302 2854 3358 sanctus,
2886 3299 3049 3360 atque
3093 3289 3160 3342 ad
3208 3288 3328 3342 lou-

1749 3411 1873 3464 gum
1912 3394 2045 3447 satis
2091 3401 2302 3458 tempus
2347 3385 2690 3439 sanationem
2739 3381 3041 3450 dill'ercbat.
3082 3377 3329 3449 Denique

1750 3482 1943 3536 mulier
1987 3479 2124 3550 ipsa,
2159 3492 2312 3531 mora
2343 3474 2624 3538 fatiscens,
2659 3487 2722 3525 ac
2763 3486 2860 3541 spe
2894 3466 3201 3524 curationis
3232 3466 3329 3520 ab.

1745 3575 1933 3644 jecta,
1987 3569 2184 3624 reverti
2247 3566 2543 3637 cogitabat.
2601 3563 2934 3624 Enimvero,
2983 3575 3016 3615 o
3071 3573 3330 3613 arcanam

1750 3677 1922 3729 tuam,
1969 3662 2214 3726 Christe,
2249 3660 2572 3724 bonitatem,
2605 3672 2671 3712 ac
2721 3655 2970 3710 miraculi
3021 3654 3075 3706 in
3112 3667 3178 3708 ea
3224 3667 3325 3721 pa-

1752 3746 2233 3816 trati’ineﬂ'abilem
2270 3751 2684 3824 praestantiam!
2728 3747 2882 3804 Haud
2920 3747 3014 3802 diu
3047 3755 3196 3812 ante,
3229 3743 3332 3798 viri

1751 3853 1926 3908 sancti
1989 3851 2203 3905 loculus
2233 3846 2424 3904 'fontis
2477 3842 3022 3900 in~star.suavcolens
3077 3828 3329 3909 unguen-

1752 3955 1867 4000 tum
1903 3944 2014 4013 (Ιῦ)
2048 3942 2373 3998 scaturierat
2416 3956 2431 3994 :
2484 3937 2632 4009 quod
2681 3937 2914 3990 aedituus
2960 3932 3194 3989 sollicite
3229 3931 3335 3984 ba-

1756 4043 1910 4104 bcus,
1944 4055 2008 4094 ac
2040 4035 2335 4107 accipiens,
2368 4033 2704 4101 mittensqu
2749 4029 2802 4082 in
2851 4043 3018 4082 unum
3051 4022 3332 4096 quoddam

1750 4131 2126 4194 lucet-narium
2190 4125 2524 4192 vasculum,
2589 4136 2750 4178 sacro
2815 4119 3067 4189 sepulcro
3126 4129 3335 4184 appen-

1755 4227 1930 4282 derat.

1827 4317 1962 4370 Cum
2012 4328 2143 4384 ergo
2191 4309 2408 4377 mulier,
2460 4308 2582 4379 ipso
2633 4303 2878 4367 meridie,
2933 4297 3150 4354 nemine
3203 4309 3340 4365 prae-

1761 4421 2007 4478 terquam
2057 4406 2169 4459 ﬁlio
2202 4408 2491 4472 praesente,
2539 4393 2719 4464 eidem
2769 4395 3074 4449 assisteret.
3122 4389 3200 4442 ait
3250 4387 3342 4444 illo

2591 4489 2660 4542 At
2707 4502 2808 4554 ego
2855 4498 3106 4553 surgens,
3157 4480 3341 4535 bibam

1761 4594 1904 4664 quod
1941 4593 1993 4644 in
2036 4592 2140 4643 hoc
2171 4579 2484 4641 lucernario
2523 4580 2756 4635 exsistit.
2793 4577 2961 4631 Mater
2996 4589 3126 4627 vero
3160 4571 3345 4625 deter-

1764 4662 1935 4751 rellat,
1974 4699 2040 4738 ne
2090 4683 2141 4736 id
2189 4681 2278 4734 ille
2328 4684 2621 4731 attentaret
2670 4691 2683 4728 :
2739 4692 2756 4722 ι
2798 4671 2895 4733 Ne,
2933 4669 3205 4737 inquiens,
3248 4662 3345 4726 fili,

1765 4779 2062 4832 iracundus
2113 4784 2197 4829 est
2245 4771 2519 4832 aedituus,
2576 4783 2641 4823 ac
2696 4783 2762 4819 ne
2821 4779 2924 4818 nos
2980 4760 3118 4814 forte
3174 4756 3346 4828 plagis

1773 4873 2046 4942 impositis
2091 4867 2488 4934 amandaverit.
2548 4881 2566 4916 ι
2619 4860 3090 4930 Haudquaquam,
3144 4851 3342 4919 inquit,

1772 4968 1865 5023 scd
1899 4967 2064 5021 animi
2114 4962 2446 5019 desiderium
2496 4958 2765 5028 implebo;
2805 4967 3041 5027 moxque
3090 4963 3345 5016 surgens,

1771 5076 1834 5114 ac
1867 5059 2231 5112 lucet'uarium
2280 5055 2525 5124 capiens,
2565 5051 2750 5106 statim
2792 5047 2874 5101 ori
2931 5043 3206 5106 infundit;
3249 5055 3348 5094 nec

1771 5151 2036 5204 hactenus
2083 5147 2228 5201 aliud
2279 5146 2579 5216 quidquam
2632 5140 2752 5194 fuit.
2803 5135 3103 5213 Confestim
3165 5144 3344 5186 autent

1767 5245 1932 5313 cmpit
1965 5241 2194 5304 volutari
2233 5254 2365 5310 puer
2405 5253 2468 5291 ac
2515 5232 2770 5301 discerpi.
2811 5230 2981 5285 Mater
3013 5237 3218 5282 autem.
3261 5225 3338 5277 Ac

1343 5405 1440 5463 Fr.
1491 5403 1850 5464 Combelisii
1889 5411 2072 5465 Ποία).

164 5565 273 5629 (l3)
312 5559 627 5615 Suuvcolens
657 5567 998 5626 unguentum.
1028 5553 1342 5609 Miraculum
1378 5554 1498 5626 hoc,
1545 5558 1656 5608 vice

541 5629 647 5681 Nee
699 5614 840 5680 enim
907 5627 974 5678 ita
1037 5635 1368 5693 unguentum
1435 5614 1656 5678 Iitanare

95 5636 321 5701 pluriutu
393 5631 480 5683 sit.

95 5695 244 5767 solet,
279 5702 384 5754 nisi
416 5702 749 5754 ttttitlslt'attlt:
779 5697 884 5749 lico
914 5738 925 5755 .
968 5715 1087 5748 esse
1140 5695 1402 5764 ejusmodi
1440 5706 1655 5749 sancto—

95 5791 212 5830 rum
234 5765 240 5767 ⁷
263 5787 493 5843 corpora
514 5811 528 5837 ,
555 5786 650 5825 ceu
685 5768 859 5823 fontes
895 5770 1156 5839 quosdam
1189 5765 1552 5834 curationum,
1579 5769 1653 5820 uti

1769 5560 1817 5608 in
1876 5554 2098 5608 Nieolao
2148 5573 2209 5606 ac
2269 5555 2390 5606 aliis
2466 5552 2825 5623 μυροϐλύτοις
2898 5545 3056 5599 facile
3113 5541 3349 5623 quisque

1764 5630 2137 5694 pu't'spt'u't‘tt.
2178 5627 2339 5677 Erant
2379 5612 2483 5678 aha
2547 5612 2702 5691 plura
2746 5621 2992 5675 subnexa
3053 5612 3342 5677 miracula,

1761 5698 1852 5753 sca!
1883 5702 2075 5752 omitto
2110 5714 2273 5752 causa
2305 5696 2606 5765 brevitatis.
