4008 6342
78 344 171 413 ist
1178 349 1271 407 DE
1311 346 1709 438 ΡΑιιΑωδο.
1751 372 1818 383 --
1857 348 2050 409 PARS
2087 349 2138 411 1.
3168 349 3276 412 482

76 444 643 531 Latine'tnterpretatus
675 470 753 515 est
785 478 866 516 utr
900 462 1238 515 doctissimus
1260 444 1498 515 Andreus
1529 459 1755 524 Masius,
1788 478 1908 533 qna.-
1956 465 2127 515 νει-εἰσ
2167 462 2400 531 primum
2445 464 2583 534 typis
2618 461 2988 520 Plantinianis
3025 465 3192 529 edita,
3220 468 3274 519 in

75 547 418 603 Bibliothecain
449 546 671 600 Patruus
700 548 962 602 translata
992 558 1089 604 est.
1132 548 1235 603 Sed
1290 543 1407 618 quis
1453 546 1613 615 fuerit
1650 561 1741 602 aut
1798 547 2012 619 quando
2060 549 2247 601 vixerit
2284 548 2476 612 Moses,
2522 565 2684 619 neque
2707 549 2887 603 docuit
2922 565 3013 604 nos
3048 550 3273 617 llasius,

72 650 207 705 neque
276 634 483 688 aliunde
551 645 692 687 certo
770 636 907 689 scire
962 639 1251 706 potuimus.
1318 633 1533 706 ‘Viatisse
1586 634 1739 687 illum
1787 637 1879 687 diu
1925 644 2044 689 ante
2107 632 2414 703 Dionysium
2482 634 2746 689 Barsalibi
2793 636 3139 705 perspicuum:
3194 647 3271 689 est

73 740 166 777 cunt
219 723 262 775 is
317 721 371 774 in
427 718 818 775 Commentario
859 739 956 777 suo
1005 724 1075 776 ad
1122 732 1352 792 quatuor
1400 720 1701 792 Evangelia
1770 732 1820 776 et
1895 720 2043 785 alibi,
2090 719 2237 774 illius
2310 720 2613 774 testimonia
2660 722 2953 791 frequenter
3031 723 3222 790 referat
3254 738 3273 774 :

70 822 113 864 ut
160 811 308 863 etiam
368 807 632 877 juniorem
688 811 849 879 fuisse
877 809 1075 864 Iacobo
1140 808 1423 871 Edessena,
1478 817 1528 861 et
1564 806 1730 861 altera
1787 806 2067 876 Serngensi
2114 822 2179 861 ex
2240 822 2299 861 eo
2350 799 2815 876 probatur,‘quad
2873 809 3087 863 illorum
3151 826 3274 863 sen-

68 896 231 949 tentias
258 892 446 959 referat
474 893 659 947 eodeni
684 897 736 948 in
777 911 949 964 opere.
994 891 1160 948 Valde
1190 904 1365 953 autem
1411 893 1767 949 hallucinatus
1797 906 1874 949 est
1910 894 2135 958 Masius,
2166 900 2292 948 dum
2318 895 2473 968 illum
2518 910 2623 947 non
2674 894 2826 964 longe
2859 906 2975 961 post
3005 896 3270 951 Joannem

66 982 462 1051 Chrysostomum
499 981 690 1036 uixisse
709 983 1056 1045 existimavit,
1092 997 1213 1036 cum
1237 979 1488 1047 Severum
1515 982 1661 1045 citet,
1697 981 2083 1035 Antiochenam
2130 980 2333 1033 scilicet
2372 978 2859 1051 Honopligsitarum
2914 986 3266 1051 pracipuum.

65 1069 149 1123 Sed
174 1069 377 1138 gravius
408 1067 579 1121 adhuc
598 1071 795 1123 erravit
828 1068 1171 1139 Margarinus
1206 1067 1417 1135 Binius,
1450 1069 1540 1139 qui
1580 1070 1649 1123 ad
1681 1079 1913 1134 tempora
1943 1067 2082 1122 Julii
2117 1066 2180 1121 ll
2215 1078 2266 1122 et
2300 1067 2458 1121 I'auli
2483 1066 2577 1122 111
2602 1071 2754 1123 illum
2782 1070 3020 1131 reduxit,
3046 1071 3267 1125 inuitaui

63 1156 460 1220 anachronismo,
495 1172 615 1210 cum
643 1155 817 1211 Moses
843 1158 936 1212 ille
957 1155 1510 1213 alter.Heredinensis
1545 1157 1727 1226 fuerit,
1757 1154 2048 1208 Mardeuus
2082 1171 2114 1207 a
2145 1152 2332 1208 llasio
2355 1155 2469 1224 ejus
2505 1156 2561 1208 in
2593 1155 2830 1226 Syriacis
2862 1155 3121 1226 discipulo
3148 1173 3269 1228 per-

58 1259 215 1313 perant
247 1242 560 1310 appellatus.
595 1243 709 1297 Nec
773 1245 993 1298 meliora
1032 1242 1372 1300 Posseuinus.
1409 1243 1551 1299 Sane
1594 1260 1712 1298 eum
1768 1240 2199 1310 Monophysitam
2237 1240 2403 1309 fuisse
2449 1251 2681 1305 constat,
2722 1245 2900 1312 quales
2937 1254 3110 1308 erant,
3139 1260 3269 1313 quos

58 1330 249 1383 honoris
269 1338 319 1382 et
333 1320 618 1384 testimonii
646 1348 808 1384 causa
833 1332 1085 1400 appellat,
1116 1331 1357 1392 Severus.
1376 1330 1609 1386 Iacobus
1648 1329 1965 1391 Edessenus,
1991 1337 2040 1381 et
2060 1326 2196 1380 alter
2226 1326 2556 1397 Serugensis.
2586 1326 2752 1381 Illum
2772 1332 3067 1397 episcopum
3096 1330 3269 1400 fuisse

57 1417 306 1471 verisimile
333 1425 429 1480 est,
453 1433 518 1470 ea:
545 1417 789 1487 Liturgia
807 1434 924 1487 quae
945 1419 1047 1496 ipsi
1072 1418 1326 1474 tribuitur
1352 1437 1367 1473 :
1398 1435 1563 1489 neque
1580 1408 1727 1471 enim
1747 1415 1812 1467 ab
1842 1414 1964 1466 aliis
1988 1430 2147 1483 quam
2180 1415 2245 1468 ab
2269 1416 2524 1483 episcopis
2546 1426 2637 1470 aut
2660 1416 2977 1483 patriarclu's
3006 1418 3268 1487 composi-

56 1514 125 1556 tas
180 1514 266 1557 aut
298 1504 484 1558 saltem
509 1506 617 1558 illis
645 1507 904 1575 ascriptus
938 1508 1184 1576 liturgias
1210 1505 1334 1578 ,Syri
1369 1517 1675 1576 agnoscunt,
1702 1512 1758 1555 ut
1785 1516 1847 1555 ex
1871 1500 2101 1555 Elenclto
2122 1502 2337 1556 illarum
2372 1519 2504 1574 quas
2526 1499 2860 1573 interpretati
2875 1519 3057 1557 sumus
3092 1507 3259 1558 muni-

54 1587 224 1652 {estunt
249 1595 346 1642 est.
371 1586 449 1640 En
460 1604 508 1640 m
528 1589 729 1641 decimo
748 1588 939 1644 saeculo
968 1590 1159 1646 uixisse
1185 1590 1366 1645 scribit
1384 1588 1678 1655 Naironus,
1704 1588 1793 1643 sed
1816 1587 2017 1642 nullam
2044 1588 2203 1659 hujus
2220 1589 2539 1660 conjecture:
2567 1607 2676 1646 sua
2699 1590 3058 1661 probationem
3087 1591 3259 1660 oﬂ'ert.

921 1824 1355 1939 LECTORI
1440 1861 1899 1949 ANDBEAS
1957 1860 2357 1939 MASIUS.
2413 1865 2415 1870 ·

102 2039 251 2096 Ilosis
281 2040 445 2111 hujus
488 2039 774 2096 historiam
810 2039 971 2110 plane
999 2051 1086 2092 me
1113 2038 1330 2093 nescire
1358 2036 1553 2102 lateor,
1580 2029 1779 2100 nec‘de
1806 2039 1900 2094 illo
1941 2035 2240 2109 quidquam
2295 2035 2569 2106 expisesri
2618 2038 2863 2109 potuisse
2896 2039 2950 2094 in
2999 2044 3257 2099 ecclesia-

44 2130 188 2193 sticis,
207 2129 589 2193 conciliorum,
614 2128 699 2183 vel
754 2135 1067 2182 sanctorum
1122 2124 1568 2190 narrationibus;
1597 2126 1792 2194 quibus
1822 2142 1888 2181 ex
1916 2125 2178 2190 fontibus,
2218 2124 2383 2196 multa
2414 2124 2763 2195 chronologis
2817 2136 2873 2181 et
2907 2126 3256 2183 historiarum

46 2217 378 2284 scriptoribus
411 2231 522 2270 non
550 2217 792 2286 vulgaria
832 2214 1053 2269 haurire
1092 2227 1234 2283 saepe
1271 2212 1402 2267 mihi
1429 2212 1706 2268 usuvenit.
1749 2214 1831 2267 Ac
1858 2226 1926 2265 ne
1954 2226 2018 2266 ex
2065 2211 2151 2264 his
2176 2210 2397 2280 quidem
2443 2210 2592 2266 illius
2621 2212 3064 2280 Commentariis,
3104 2218 3257 2283 potui

45 2300 425 2371 deprehendere
460 2304 750 2373 vestigium
781 2302 948 2357 ullum
976 2301 1159 2356 (etatis
1192 2292 1301 2371 qua
1326 2301 1545 2366 vixerit,
1578 2300 1683 2355 nisi
1716 2300 1860 2369 quod
1895 2308 1955 2352 ut
1986 2312 2242 2365 magnum
2269 2297 2629 2353 Athanasium
2658 2309 2709 2353 ct
2733 2300 2998 2370 Cyrillum
3021 2302 3258 2356 Alexim-

44 2391 254 2455 tlriuum,
294 2390 370 2445 ita
398 2402 455 2445 et
477 2391 541 2446 ι).
578 2392 1059 2462 Chrysostomum,
1083 2388 1205 2443 sine
1227 2388 1513 2457 splendida
1532 2388 1642 2443 ulla
1672 2386 1902 2441 honoris
1934 2384 2259 2440 Prailatione
2297 2385 2447 2448 citat,
2485 2386 2840 2457 nomiuatque
2868 2386 3035 2443 Joan.
3066 2388 3253 2443 [lenae

47 2476 231 2542 cltum,l
261 2476 352 2531 lib.
383 2493 435 2533 c.
471 2478 493 2531 1
532 2486 587 2533 et
615 2492 665 2531 c.
684 2477 784 2531 ι10.
812 2474 1097 2543 Dominum
1125 2473 1409 2541 Joannem,
1444 2475 1691 2545 ejusdem
1724 2474 1869 2538 libri,
1903 2490 2006 2544 cap
2034 2473 2089 2537 'l,
2120 2482 2175 2527 et
2205 2473 2331 2528 libri
2378 2490 2476 2530 seu
2525 2474 2706 2544 'partis
2755 2474 2842 2541 lil,
2872 2492 2993 2547 cap.
3041 2478 3097 2543 5,
3129 2479 3254 2548 qui-

50 2564 126 2615 bus
150 2562 279 2618 locis
310 2564 562 2618 meminit
591 2566 714 2635 ejus
749 2565 1061 2620 orationum
1094 2562 1213 2617 sive
1240 2574 1561 2617 sermonum
1591 2562 1655 2617 de
1681 2578 1875 2617 occasu
1903 2563 2107 2627 mundi,
2138 2561 2203 2615 de
2235 2577 2367 2615 novo
2410 2555 2761 2629 nmndo,"cur
2791 2565 2953 2617 arbor
2982 2578 3164 2618 cacata
3189 2568 3254 2619 sit

52 2649 244 2703 scientia
261 2649 381 2704 boni
413 2660 465 2704 et
494 2653 644 2717 ntali,
677 2660 732 2706 et
759 2650 829 2705 ad
861 2648 1144 2721 Sitigrium
1173 2665 1265 2704 seu
1291 2647 1587 2726 Stagirium
1620 2667 1641 2707 :
1668 2662 1722 2707 et
1747 2660 1935 2705 centra
1965 2666 2052 2705 eos
2082 2652 2171 2721 qui
2199 2661 2389 2719 putant
2419 2654 2676 2705 mundum
2697 2652 2981 2722 gubernari
3002 2671 3033 2706 ο
3059 2655 3254 2708 dmino-

51 2736 232 2800 sibus,l
273 2739 370 2794 lib.
402 2753 528 2809 cap.
556 2739 647 2793 22.
680 2743 757 2794 Ac
804 2740 1030 2810 proinde
1064 2738 1149 2793 bis
1198 2753 1307 2792 non
1343 2738 1516 2794 multo
1552 2741 1819 2809 posterior
1866 2739 1998 2794 mihi
2044 2740 2284 2805 videtur,
2329 2738 2469 2793 forte
2503 2754 2613 2793 non
2645 2754 2893 2809 prorsum
2926 2741 3073 2797 inani
3105 2758 3242 2813 cou-

41 2822 216 2892 jectura
246 2842 369 2881 cum
404 2829 609 2898 saepius
630 2828 816 2883 divum
844 2824 1030 2883 Mosen
1062 2828 1233 2895 dicat,
1260 2826 1281 2882 ι
1316 2835 1485 2899 part.,
1517 2843 1639 2899 cap.
1661 2827 1751 2884 28.
1780 2828 1891 2883 llos
1939 2836 2205 2899 praeterea
2257 2828 2391 2883 citat
2441 2837 2739 2899 scriptores
2766 2830 3174 2886 ecclesiasticos
3196 2842 3251 2888 ct

43 2914 265 2979 probatos
293 2925 576 2982 auctores,
608 2925 667 2970 ut
701 2917 955 2988 appellat,
980 2916 1223 2986 ejusdem
1253 2925 1418 2986 ραι-1.,
1451 2931 1571 2987 cap.
1606 2916 1697 2971 22.

101 3000 151 3053 D.
188 3001 371 3057 Sth't'i
406 3013 547 3057 orat.
579 3003 669 3070 22,
704 3005 769 3059 de
792 3002 1139 3074 Epithronio,
1168 3005 1194 3058 1
1223 3005 1371 3069 libri,
1404 3019 1529 3075 cap,
1560 3004 1591 3055 7
1625 3014 1681 3059 et
1712 3005 1797 3069 ll,
1830 3012 1886 3058 et
1934 3003 2165 3057 alteram
2216 3002 2462 3073 ejusdem
2509 3003 2842 3075 argumenti,
2899 3004 2927 3059 1
2956 3004 3110 3074 libr.,
3154 3006 3244 3060 '55.
3323 3088 3329 3094 .

39 3084 259 3156 Ejusdem
286 3090 536 3147 auctoris
558 3100 704 3146 orat.
734 3101 927 3146 contra
964 3089 1390 3157 Felicissimum,
1440 3101 1594 3163 parte
1617 3090 1686 3148 ll.
2427 3143 2431 3148 .

95 3174 148 3230 D.
180 3166 457 3247 prraitn,
488 3180 605 3234 sive
636 3180 869 3249 Ephrem
906 3178 1055 3251 Syri,
1098 3181 1300 3237 librum
1332 3181 1614 3238 Ceueseos
1644 3181 1759 3236 sive
1785 3180 1852 3234 de
1884 3192 2067 3233 rerum
2096 3185 2243 3241 ortu'.
2269 3178 2387 3234 sive
2412 3179 2720 3235 Comment.
2749 3174 2802 3234 in
2828 3179 3029 3236 Geues.
3062 3181 3087 3235 1
3117 3179 3244 3246 lib.,
3346 3192 3359 3199 λ’

34 3277 73 3317 c.
106 3263 125 3315 1
158 3273 278 3321 etc.
308 3264 362 3333 9,
399 3281 565 3337 quem
602 3270 798 3337 opinor
824 3283 949 3322 eum
994 3283 1118 3323 esse
1168 3283 1280 3339 quo
1329 3268 1612 3323 dominum
1676 3266 1908 3338 Ephrem
1956 3263 2195 3333 paradisi
2244 3264 2614 3321 conditionem
2662 3268 2887 3337 exsequi
2923 3266 3022 3333 ait,
3062 3269 3083 3321 1
3124 3269 3244 3332 lib.,

34 3364 135 3419 cap.
168 3352 216 3417 7,
239 3361 300 3408 .et
321 3370 488 3424 quem
523 3355 685 3409 etiam
717 3357 1010 3425 quemdam
1044 3356 1192 3411 illius
1220 3358 1682 3411 commentarium
1731 3355 1988 3424 appellat,
2030 3353 2051 3404 1
2091 3351 2211 3415 lib.,
2241 3368 2292 3407 c.
2322 3353 2413 3408 27.
2733 3344 2736 3347 Α

90 3440 125 3494 D
152 3441 431 3498 .Jacobum
462 3442 832 3511 Orrohaitam,
875 3446 1043 3514 partis
1073 3445 1091 3499 Ι
1122 3460 1241 3514 cap.
1278 3445 1366 3509 14,
1402 3455 1459 3500 et
1491 3446 1661 3514 partis
1691 3442 1735 3497 ll
1760 3460 1810 3498 c.
1840 3442 1895 3497 2.
2178 3482 2181 3485 -
2614 3497 2618 3500 ,

94 3532 149 3595 D,
172 3531 353 3589 Jacobi
389 3532 727 3605 Sarugensis
755 3535 1060 3589 orationem
1093 3536 1160 3589 de
1191 3536 1400 3588 Adamo
1433 3534 1609 3603 ejecta
1638 3546 1670 3587 e
1704 3532 1960 3600 paradiso
1981 3574 1996 3595 ,
2026 3543 2168 3601 part.
2202 3530 2243 3596 1,
2273 3546 2395 3601 cap.
2418 3531 2508 3597 20,
2543 3548 2708 3603 quam
2744 3533 2908 3588 etiam
2942 3531 3241 3586 Commen-

36 3621 206 3675 larium
260 3622 520 3693 appellat,
574 3623 822 3693 ejusdem
877 3623 1051 3695 partis
1091 3638 1142 3678 c.
1177 3621 1269 3680 27.
1306 3622 1561 3691 Ejusdem
1606 3622 1890 3676 orationes
1943 3623 2010 3675 de
2054 3621 2256 3675 Christi
2293 3621 2547 3690 passione
2597 3630 2652 3676 et
2701 3636 2957 3692 ascensu,
2996 3634 3101 3673 non
3167 3619 3240 3674 ita

34 3709 231 3765 multum
259 3721 383 3767 aute
424 3710 607 3775 linem,
636 3712 661 3765 1
689 3712 831 3767 libri.

89 3798 139 3850 D.
171 3796 351 3855 Jacobi
389 3798 748 3856 Botuacensis
774 3802 1082 3856 orationem
1111 3801 1180 3856 de
1209 3800 1418 3855 Adamo
1447 3800 1623 3870 ejecta
1648 3808 1799 3854 extra
1829 3800 2225 3869 paradisum]
2257 3800 2374 3863 lib.,
2414 3814 2465 3855 c.
2499 3798 2590 3856 22.
2648 3858 2653 3863 ,

91 3888 143 3938 υ.
179 3885 305 3941 Julii
337 3890 795 3943 commentarium
833 3889 887 3943 in
933 3888 1286 3960 Evangelium
1321 3888 1578 3944 Joannis.

94 3973 358 4027 Philoxeni
414 3973 659 4045 Mabugae
693 3976 934 4047 episcOpi
983 3992 1294 4032 sermonem
1342 3978 1409 4032 tle
1457 3974 1917 4045 contemplatione
1954 3975 2168 4031 arboris
2217 3976 2361 4040 vitae,
2398 3975 2417 4029 Ι
2472 3976 2643 4048 partis
2706 3993 2757 4032 c.
2801 3974 2854 4042 8,
2891 3975 2978 4041 19,
3007 3975 3098 4040 22,
3127 3987 3235 4031 etc.

40 4055 253 4126 Ejusdem
287 4063 528 4133 capitula
562 4073 749 4118 contra
784 4062 1108 4129 Diodorum,
1141 4074 1295 4135 parte
1324 4064 1415 4120 Ill.

2731 4240 3225 4276 -----·--›

737 4390 1312 4556 MOSIS
1426 4399 2559 4555 BAR-CEPHA.
2696 4640 2699 4641 ξ

1362 4668 1667 4726 EPISCOPI
1711 4670 1866 4726 SYRI

558 4848 1608 5006 COMMENTARIA
1705 4832 1885 4958 DE
1986 4845 2680 4959 PARADISO

1098 5154 1111 5165 Ν
1135 5067 1240 5129 AD
1274 5064 1655 5125 lGNATIUM
1692 5064 2080 5124 FRATREM.

549 5229 850 5293 (lutcrprete
883 5228 1079 5303 Andrea
1107 5231 1273 5279 Musio.
1297 5258 1355 5267 —
1382 5230 1547 5281 Critici
1578 5228 1725 5289 sacri,
1760 5235 1878 5280 tom.
1908 5227 1967 5288 ll,
1995 5242 2044 5291 p.
2066 5226 2157 5279 587
2178 5228 2258 5278 ed.
2289 5229 2685 5293 Amstelodaml.)

1262 5469 1975 5561 PRO(EMIUM.

85 5658 644 5733 Postcaquam,sancte
677 5663 841 5719 frater
857 5663 1427 5734 lgnati,ahsolvimus,
1453 5640 1561 5717 noxi
1669 5661 1763 5716 diti
1789 5664 1956 5728 orbis,
2000 5664 2225 5717 minime
2258 5665 2555 5733 perlectum
2582 5665 2801 5734 quidem
2844 5665 3018 5731 illum,
3055 5685 3119 5721 ne
3143 5683 3230 5731 ,uo

27 5750 129 5805 sine
158 5770 253 5821 ope
274 5757 473 5823 divina,
506 5757 962 5811 Counncntariutn
983 5758 1051 5812 de
1080 5772 1172 5811 sex
1198 5756 1393 5809 diebus
1425 5770 1557 5808 con-
1664 5756 1813 5807 omni
1866 5769 1930 5807 cx
1963 5764 2115 5823 parte
2174 5755 2503 5818 absolutum,
2559 5759 2903 5811 orationibus
2954 5762 3227 5828 quinque:
3280 5780 3285 5783 ‘
3314 5826 3317 5827 ν
