4008 6342
683 251 789 314 483

1960 249 2191 311 MOSlS
2227 247 2662 306 B.\R-CEPIIA
3815 241 3886 303 liii

675 366 987 423 accedimus
1016 368 1082 423 ad
1111 367 1456 423 tractandum
1492 368 1560 424 de
1601 368 1873 439 paradiso,
1905 376 2012 422 tua:
2041 366 2256 436 pietatis
2287 373 2329 424 Λ
2363 362 2583 416 Decimo
2631 369 2825 430 quarto
2878 358 3286 428 disceptabitnr,
3350 351 3630 426 quomodo
3689 352 3888 408 bttlttines

677 441 962 513 voluntate
990 460 1455 530 persuasioneque
1503 461 1734 515 inducti.
1770 462 1826 512 In
1869 475 1974 528 qua
2033 460 2248 530 quidem

676 550 1004 603 tractatione
1037 550 1108 601 ita
1144 565 1364 619 quoque
1397 551 1759 611 versabimur.
1797 559 1856 603 ut
1889 561 1941 604 et
1999 560 2249 603 accurata

674 650 729 691 et
760 641 905 694 clara
944 646 1015 693 sit
1049 644 1227 694 oratio
1258 660 1271 694 :
1305 653 1357 696 ct
1397 643 1613 712 singula
1645 642 1820 711 capita
1881 643 2021 695 inter
2055 657 2113 696 se
2143 643 2252 694 dis-

678 732 842 783 tincta
877 732 1361 801 particulatimque
1391 734 1562 786 divisa
1596 733 1919 796 habeantur,
1977 748 2088 802 quo
2122 730 2251 786 faci-

677 823 783 874 lius
816 824 1052 877 leetores
1083 825 1267 878 omnia
1300 825 1631 892 intelligant,
1665 840 1842 892 neque
1893 840 1990 894 per
2019 824 2251 877 oblivio-

677 930 798 967 nem
825 915 1032 983 aliquid
1083 917 1148 968 de
1189 931 1286 968 sua
1322 921 1581 968 memoria
1640 917 1895 969 amittunt
1934 934 1947 969 :
1984 927 2253 985 quatenus

673 1018 821 1060 certe
857 1007 996 1061 Dens
1057 1025 1217 1060 verus
1275 1007 1368 1076 qui
1405 1007 1676 1086 illuminat
1726 1025 1929 1061 onmem
1991 1010 2253 1062 hominem

675 1103 959 1153 venientem
990 1101 1041 1151 in
1073 1100 1207 1152 lttmc
1246 1103 1498 1153 mundum
1534 1105 1573 1165 ’,
1602 1110 1829 1154 conatus
1863 1112 2078 1172 nostros
2106 1103 2256 1172 adju-

676 1202 921 1254 vaturus,
978 1192 1242 1260 uobisque
1277 1193 1565 1260 prariturus
1599 1173 1782 1253 est,let
1814 1191 2124 1245 directurus
2146 1193 2257 1246 die-

675 1285 873 1338 tionetu
916 1293 1180 1338 uestram.
1218 1279 1389 1339 Verba
1436 1283 1601 1355 igitur
1654 1283 1855 1352 quibus
1916 1283 2093 1338 Moses
2132 1299 2258 1353 pro-

677 1379 835 1444 pbeta
873 1379 937 1428 de
985 1377 1236 1445 paradiso
1281 1374 1464 1432 dicere
1490 1386 1646 1430 ortus
1678 1388 1782 1438 est,
1819 1378 1933 1432 bare
1979 1386 2104 1432 sunt
2137 1395 2150 1430 :
2190 1376 2255 1428 Et

674 1468 1005 1534 plantarerat
1045 1467 1300 1520 Donaimts
1355 1463 1495 1522 Deus
1549 1470 1858 1535 paradisum
1913 1470 1962 1521 in
2000 1469 2143 1521 (idea
2194 1469 2256 1522 ab

674 1558 830 1609 initio
859 1575 877 1611 :
912 1560 1081 1628 ibique
1109 1559 1288 1628 posuit
1342 1559 1610 1613 Adonmm
1639 1578 1790 1630 quem
1823 1561 2050 1629 ﬁnxerat
2084 1565 2126 1616 ‘.
2153 1561 2257 1616 Sed

675 1651 990 1719 priusquam
1059 1651 1199 1704 beati
1232 1649 1399 1706 Mosis
1434 1652 1594 1706 verba
1625 1653 1983 1721 explicemus,
2012 1666 2258 1723 pertrac-

2361 453 2768 507 transmiseriut
2805 467 2958 505 mare
3011 453 3310 510 Oceanum,
3366 446 3721 514 vcnerintque
3761 459 3813 497 ex
3841 463 3884 498 ea

2359 546 2581 614 regione
2614 547 2667 595 in
2698 557 2804 612 qna
2867 542 3151 610 paradisus
3177 549 3280 601 est,
3341 538 3406 590 ad
3448 536 3590 588 hanc
3630 549 3784 602 quam
3822 549 3890 588 nos

2361 634 2692 694 incolimus;
2737 643 2787 685 et
2845 642 3024 683 utrum
3058 630 3227 682 Adam
3263 627 3521 680 habitarit
3574 623 3712 693 apud
3751 622 3891 676 llicru.

2359 726 2585 794 solynia,
2616 740 2683 776 an
2709 708 2844 775 sero
2869 721 3111 773 minime.
3143 717 3359 771 Decimo
3384 715 3596 784 quinto,
3629 713 3889 780 disputabi-

2361 827 2472 878 tur,
2536 827 2740 884 quauta
2795 823 2974 880 pateat
3033 810 3268 880 paradisi
3331 805 3654 874 amplitudo.
3718 803 3894 858 Decium

2362 918 2541 968 si-xto,
2581 909 2711 975 quid
2745 906 2816 960 sit
2850 905 3017 966 ltlden,
3041 911 3094 956 et
3140 918 3236 955 cur
3287 898 3578 970 paradisus
3605 898 3675 950 sit
3705 899 3893 964 paradisi

2361 1000 2627 1055 vocabulo
2657 999 2980 1069 appellatus.
3005 997 3221 1060 Decimo
3243 995 3501 1062 septimo,
3526 988 3897 1058 investigabitnr

2363 1112 2491 1148 num
2522 1094 2744 1148 arbores
2772 1088 3077 1145 et'irnctus
3114 1087 3349 1158 paradisi
3385 1085 3594 1140 similes
3643 1081 3824 1134 fuerint
3850 1084 3896 1135 iis

2363 1187 2454 1254 qui
2487 1189 2540 1240 in
2576 1189 2676 1240 hoc
2709 1197 2898 1240 nostro
2945 1184 3062 1238 solo
3095 1180 3443 1251 proveniunt,
3486 1191 3554 1230 an
3590 1190 3720 1227 Vero
3751 1175 3812 1226 ab
3839 1177 3899 1227 his

2363 1279 2592 1333 diversi.
2634 1277 2854 1330 Decituo
2903 1286 3121 1339 octavo,
3151 1273 3470 1328 ostendetur
3514 1269 3638 1338 quis
3670 1268 3740 1320 sit
3780 1270 3899 1320 moitn

2365 1369 2600 1438 p.-radisi
2653 1384 2783 1424 usus
2833 1367 2916 1421 vel
2947 1366 3069 1436 quis
3101 1365 3263 1418 etiam
3301 1371 3422 1430 post
3475 1357 3896 1413 resurrectionem

2368 1472 2705 1516 mortuomin
2741 1460 2976 1513 futurus.
3010 1458 3227 1512 Decimo
3249 1470 3420 1519 nono,
3439 1453 3900 1520 declarabiturque

2367 1554 2525 1607 fuerit
2556 1555 2718 1607 arbor
2747 1547 2990 1605 scientia:
3020 1562 3071 1604 et
3102 1550 3225 1602 boni
3265 1559 3318 1602 ct
3370 1547 3518 1609 ntali,
3558 1561 3662 1614 qua
3727 1544 3898 1595 Adaiuo

2372 1646 2512 1700 Deus
2567 1648 2964 1699 interdixerat:
3009 1652 3062 1698 et
3117 1640 3476 1712 quamobrem
3535 1637 3794 1706 app-llata
3848 1637 3899 1687 sit

679 1748 837 1794 lauda
868 1744 1024 1796 nobis
1048 1752 1178 1797 sunt
1211 1745 1265 1797 in
1319 1746 1419 1800 bac
1453 1746 1622 1812 prima
1656 1745 2050 1799 Commentarii
2080 1748 2252 1801 nostri
2284 1732 2330 1792 Β
2359 1741 2597 1794 scicntia:
2629 1740 2750 1792 boui
2778 1751 2830 1792 et
2865 1738 2988 1790 mali
3013 1738 3195 1790 arbor.
3232 1733 3528 1792 Vict-simu;
3566 1729 3897 1798 disputabitur

678 1845 852 1901 parte,
892 1834 1080 1902 viginti
1116 1844 1324 1904 septem
1356 1845 1802 1906 argumentorum
1835 1837 2015 1906 capita
2047 1837 2098 1890 in
2121 1853 2262 1906 quo-

677 1942 796 1977 rum
841 1927 1018 1994 primo
1047 1913 1238 1996 agetur
1275 1948 1289 1982 ε
1323 1928 1481 1983 Sitne
1501 1930 1792 1998 paradisus
1822 1945 1912 1983 res
1949 1941 2258 1999 corporata,

675 2037 742 2070 au
781 2033 913 2071 vero
983 2021 1268 2087 spiritalis.
1331 2022 1605 2086 Secundo,
1641 2022 1960 2074 ostendetur
2010 2023 2135 2089 quis
2192 2023 2262 2076 sit

671 2120 998 2174 curpur-atus
1024 2113 1399 2180 paradisus,et
1431 2111 1859 2180 quisjspiritalis.
1887 2109 2098 2175 Tertiu,
2131 2128 2259 2180 pro-

675 2202 892 2255 babitur
916 2214 1351 2258 consentaneum
1379 2220 1522 2267 esse,
1558 2216 1619 2258 ut
1656 2204 1780 2257 libri
1819 2201 2029 2258 Veteris
2066 2203 2258 2259 Testa-

679 2296 845 2349 tuenti
883 2297 1309 2366 interpretentur
1342 2313 1450 2350 non
1492 2298 1666 2352 solum
1689 2299 1853 2351 rebus
1890 2298 2045 2367 ipsis,
2073 2313 2259 2352 verum

673 2390 836 2439 etiam
867 2390 1095 2457 mystice
1117 2397 1170 2442 et
1202 2389 1694 2457 tlgurate.Quarto,
1718 2391 2105 2458 declarabitur,
2133 2408 2260 2446 num

673 2474 740 2526 de
783 2491 840 2528 re
877 2474 990 2542 ipsa
1046 2488 1354 2545 eorporata.
1391 2496 1457 2530 an
1488 2493 1613 2532 vero
1641 2479 1868 2547 mystico
1907 2480 2072 2533 modo
2106 2494 2262 2549 para-

674 2564 828 2617 disus
861 2564 1096 2630 primum
1131 2567 1598 2634 sitexplicaudus.
1629 2565 1856 2632 Quinto,
1895 2570 2130 2634 dicetur,
2154 2585 2262 2637 quo

674 2662 764 2707 die
803 2658 947 2710 inter
989 2656 1113 2710 illos
1155 2672 1248 2709 sex
1275 2658 1392 2710 dies
1425 2661 1625 2726 quibus
1663 2645 1906 2713 condidit
1943 2661 2082 2714 Deus
2121 2664 2261 2715 lianc

675 2753 984 2824 machinam
1023 2762 1370 2820 corporatam
1401 2763 1561 2822 atque
1593 2757 2003 2821 asiiectabilem,
2032 2758 2104 2809 sit
2132 2772 2261 2810 eon-

673 2844 819 2896 ditns
852 2845 1140 2912 paradisus
1174 2861 1493 2914 corporeus.
1532 2843 1721 2911 Sexto,
1765 2827 2038 2916 aperietur
2091 2863 2257 2903 causa

674 2936 932 3003 obqnam
968 2938 1212 2991 condidit
1253 2937 1393 2991 Deus
1433 2943 1596 2992 istum
1652 2951 2000 3009 corporatum
2057 2942 2263 3010 paradi-

676 3044 819 3080 sum.
883 3027 1154 3097 Septimo,
1196 3013 1668 3105 pervestigabitur,
1698 3034 1840 3085 sitne
1896 3035 2180 3102 paradisus
2206 3034 2256 3085 in

672 3121 831 3184 cmlo,
859 3136 925 3172 an
962 3122 1013 3172 in
1045 3123 1221 3175 terris.
1245 3124 1470 3189 Uctawi,
1506 3123 1860 3192 expendetur,
1891 3135 2071 3178 utrutn
2104 3140 2260 3194 para-

673 3212 829 3264 disus
860 3212 930 3265 sit
993 3214 1044 3265 in
1089 3213 1191 3266 hoc
1221 3227 1492 3268 terrarum
1526 3225 1700 3269 tractu
1755 3233 1916 3286 quem
1953 3234 2054 3271 nos
2095 3219 2260 3272 babe-

676 3317 818 3360 iuus,
851 3316 918 3353 an
953 3301 1006 3353 in
1040 3301 1167 3355 alio.
1197 3300 1371 3368 Nono,
1396 3305 1714 3372 probabitur
1746 3320 1865 3360 eam
1903 3314 2057 3358 terra:
2077 3307 2254 3381 regio-

676 3407 798 3442 nent
834 3391 888 3443 in
929 3406 1039 3460 qua
1074 3393 1361 3461 paradisus
1410 3403 1608 3458 exstat,
1641 3395 1889 3448 altiorem
1925 3397 2253 3454 eminentio-

680 3497 916 3556 remque
937 3497 1061 3537 esse
1096 3485 1195 3538 bac
1225 3495 1450 3539 nostra..
1481 3487 1722 3551 Decimo,
1757 3498 1948 3557 agetur
1981 3490 2048 3543 de
2083 3504 2248 3559 regno

675 3574 964 3641 emibrnm,
1001 3576 1052 3628 in
1087 3587 1301 3631 terrane
1333 3583 1489 3631 sitan
1518 3579 1569 3632 in
1601 3580 1761 3631 cwlo.
1798 3580 2118 3644 Undecimo,
2148 3584 2262 3636 dis-

675 3675 910 3732 seretur,
946 3669 1039 3736 qui
1072 3667 1287 3722 diﬂ'erat
1321 3683 1546 3734 regnum
1601 3672 1866 3735 canorum
1901 3686 1929 3725 a
1983 3673 2260 3740 paradiso.

681 3755 1042 3826 Duodecimo,
1080 3758 1407 3812 tractabitur
1445 3768 1626 3811 utrum
1687 3761 1975 3826 paradisus
2035 3761 2263 3816 exsistat

678 3823 820 3900 inira
873 3849 1060 3901 orbein
1101 3857 1370 3903 terrarum
1423 3851 1795 3916 habitabilem,
1831 3866 1900 3904 an
1933 3862 2084 3904 extra
2111 3869 2258 3906 eum.

679 3940 900 3992 Dei-imo
933 3942 1113 4005 tertio,
1143 3943 1193 3993 in
1220 3957 1328 4018 qua.
1351 3942 1568 3994 tandem
1604 3944 1825 4012 regione
1847 3947 1919 3996 sit
1950 3944 2258 4012 paradisus.

2363 1848 2485 1902 qum
2519 1833 2682 1885 fuerit
2714 1831 2878 1884 arbor
2927 1832 3071 1893 vita‘,
3109 1839 3161 1881 et
3190 1844 3288 1880 cur
3333 1829 3402 1879 sit
3435 1825 3559 1880 vita:
3583 1825 3726 1878 dicta
3788 1824 3902 1875 Vire-

2362 1922 2503 1975 siino
2564 1921 2762 1988 primo,
2791 1929 2978 1988 agetur
3011 1921 3077 1972 de
3134 1919 3229 1972 illo
3280 1916 3445 1970 ﬂuvio
3481 1915 3574 1985 qui
3629 1915 3901 1984 paradisum

2367 2013 2648 2081 irrigabat,
2679 2012 2813 2065 etde
2846 2020 3083 2078 quatuor
3113 2008 3433 2064 ﬂutninibus
3457 2007 3510 2061 in
3535 2023 3655 2076 quae
3682 2006 3770 2058 ille
3792 2007 3904 2059 scin-

2363 2107 2611 2159 debatur.
2654 2103 2925 2159 Vieesimo
2973 2105 3233 2167 secundo,
3265 2103 3478 2157 dicetur
3529 2101 3658 2170 quid
3704 2099 3902 2153 futurum

2365 2198 2558 2252 fuissi-t
2605 2198 2835 2261 Adamo,
2886 2197 2931 2252 si
2990 2198 3336 2251 observassct
3394 2195 3733 2248 mandatum.
3788 2190 3903 2242 Vit-e-

2363 2292 2503 2343 siiuo
2540 2291 2721 2352 tertio,
2783 2290 3146 2360 explicabitur
3199 2288 3442 2358 qnaudiu
3499 2285 3824 2340 mansissent
3867 2283 3901 2336 in

2365 2382 2618 2449 paradiso
2654 2384 2899 2435 Adamus
2929 2390 2983 2434 et
3015 2380 3144 2443 Eva,
3182 2383 3500 2449 priusquam
3576 2380 3730 2432 illinc
3763 2381 3810 2431 in
3845 2393 3904 2430 re-

2364 2489 2529 2543 gnum
2560 2475 2777 2529 caeleste
2811 2474 3128 2544 emigraturi
3177 2472 3435 2536 fuissent,
3493 2473 3538 2526 si
3573 2472 3903 2526 cbedivissent
3966 2449 3974 2544 i

2367 2569 2644 2622 mandatu.
2681 2566 2952 2622 Vicesiino
2981 2574 3200 2636 quarto,
3239 2566 3558 2635 probabitur
3588 2580 3815 2619 numero
3836 2578 3904 2614 au-

2366 2660 2572 2728 gendos
2620 2660 2787 2713 luisse
2848 2660 2901 2711 in
2963 2659 3210 2726 paradiso
3269 2657 3539 2721 homines,
3599 2657 3646 2709 si
3684 2655 3840 2708 Adam
3869 2664 3903 2705 et

2365 2745 2471 2798 Eva
2503 2747 2969 2815 obtemperassent
3022 2746 3146 2815 legi,
3208 2762 3385 2813 neque
3431 2760 3526 2798 eos
3580 2745 3727 2797 duos
3787 2744 3903 2796 solos

2365 2839 2533 2893 fuisse
2569 2838 2700 2892 inibi
2740 2853 3054 2891 mansuros.
3087 2835 3358 2890 Vicesiino
3414 2835 3636 2906 quinto,
3666 2835 3902 2903 discepta-

2364 2930 2528 2990 bitur,
2560 2945 2628 2982 an
2662 2945 2756 2999 per
2779 2943 3029 2982 venerem
3063 2927 3368 2982 commistis
3388 2927 3713 2996 corporibus
3735 2926 3904 2993 prolem

2364 3023 2701 3090 procreaturi
2749 3019 2980 3075 fuissent
3013 3031 3126 3082 tum
3160 3018 3331 3072 Adam
3364 3016 3599 3088 Evaque,
3639 3027 3753 3070 tum
3804 3018 3905 3068 isto-

2366 3127 2483 3164 rum
2518 3113 2716 3183 posteri
2753 3128 2767 3164 :
2819 3126 2885 3163 an
2909 3124 3038 3163 vero
3071 3112 3187 3164 sine
3237 3109 3603 3177 amplexibus.
3668 3105 3905 3161 Vicesimn

2358 3217 2540 3266 sexto,
2581 3202 2950 3257 declarabitur
2979 3201 3253 3271 quomodo
3280 3203 3610 3271 voluptatem
3670 3201 3901 3268 cepissent

2357 3299 2409 3350 in
2448 3295 2701 3366 paradiso
2736 3296 2914 3350 Adam‘
2931 3305 2983 3350 et
3017 3297 3147 3360 Eva,
3177 3309 3239 3346 ac
3264 3295 3461 3362 reliqui
3495 3309 3556 3347 ex
3594 3293 3730 3362 ipsis
3758 3291 3898 3345 nasci-

2355 3392 2488 3442 turi.
2526 3388 2799 3442 Vicesitno
2824 3388 3057 3456 septimo
3079 3398 3272 3456 agetur
3289 3388 3352 3440 de
3381 3395 3632 3454 serpente
3657 3384 3752 3455 qui
3777 3381 3902 3434 Eram

2349 3479 2572 3532 adortus
2591 3480 2818 3547 decepit.
2838 3475 3109 3531 Vicesimo
3149 3486 3344 3529 octavo
3391 3476 3650 3548 denique,
3681 3477 3906 3542 interpte-

2369 3573 2630 3624 tabuntur
2667 3587 2728 3624 ea
2761 3571 2946 3635 verba,
2976 3585 3096 3638 qua:
3126 3570 3318 3624 beatus
3353 3567 3529 3622 Moses
3557 3568 3766 3635 scripta
3817 3551 3906 3616 icti-

2370 3663 2488 3730 quit
2521 3664 2585 3714 de
2625 3661 2879 3730 paradiso
2909 3671 2959 3713 et
2995 3662 3060 3713 de
3091 3660 3156 3713 iis
3212 3675 3335 3728 quae
3401 3660 3452 3711 in
3506 3659 3769 3727 paradiso
3826 3660 3910 3706 scit

2371 3765 2498 3808 Sunt
2548 3770 2651 3807 non
2703 3753 2923 3822 quidem
2986 3754 3229 3816 mystice,
3289 3753 3382 3805 sed
3433 3751 3504 3805 ita
3575 3762 3636 3804 ut
3694 3764 3781 3804 res
3815 3747 3909 3813 ipsa

2366 3846 2730 3915 explicentur.

2043 4091 3904 4115 Μ

1851 4259 1854 4264 '
1939 4225 2231 4314 PARS
2302 4225 2717 4316 PRIMA.

1176 4398 1409 4456 CAPUT
1482 4360 1776 4480 estnon.

751 4489 942 4542 Utrum
969 4491 1035 4543 sit
1062 4491 1346 4556 paradisus
1377 4505 1456 4542 res
1483 4501 1789 4558 corporale,
1814 4507 1882 4543 an
1933 4507 2050 4544 vero
2091 4490 2158 4543 ad
2187 4493 2267 4545 in-

671 4585 1031 4654 telligentiam
1067 4585 1259 4636 mentis
1287 4586 1571 4651 pertinens.
1591 4615 1645 4623 -—
1674 4584 1747 4638 De
1765 4587 2038 4654 paradiso,
2069 4587 2134 4639 de
2159 4600 2269 4654 quo

681 4676 742 4729 Β.
773 4676 950 4729 Moses
982 4678 1202 4743 scripsit
1237 4677 1320 4727 bis
1352 4675 1530 4728 verbis
1567 4693 1581 4728 :
1633 4675 1977 4730 Plantaverat
2011 4678 2264 4733 Dominus

679 4768 817 4820 Dens
849 4767 1159 4836 paradisum
1191 4767 1244 4818 in
1280 4764 1422 4819 Eden
1488 4771 1552 4824 ab
1589 4770 1789 4836 initio,
1816 4771 1961 4824 scire
2022 4771 2268 4826 laborant

682 4862 933 4914 homines
966 4873 1145 4911 rerum
1178 4860 1513 4926 eoguTtiouis
1543 4861 1754 4930 cupidi,
1781 4861 1936 4916 sitne
1966 4874 2258 4932 corporata

680 4970 792 5023 res,
840 4968 908 5007 an
949 4968 1077 5006 vero
1109 4953 1451 5020 incorporea,
1493 4963 1654 5021 atque
1685 4955 1949 5024 spiritalis
1973 4957 2262 5020 duntaxat,

679 5056 735 5098 et
767 5047 880 5099 sola
918 5044 1273 5113 intelligentia
1305 5026 1642 5112 spectabilis.
1701 5045 1764 5098 Et
1797 5045 1884 5097 alii
1942 5045 2160 5114 quidem
2192 5045 2263 5097 ita

681 5154 744 5190 ex
781 5138 1109 5205 corporibus
1151 5144 1409 5189 constare
1439 5139 1615 5200 aiunt,
1647 5146 1705 5191 ut
1729 5138 1864 5190 nilnil
1893 5137 2090 5191 babeat
2119 5137 2264 5206 quod

681 5232 746 5282 ad
774 5237 1006 5282 mentem
1040 5239 1288 5297 spectet;
1317 5228 1406 5280 alii
1439 5244 1566 5282 vero
1596 5228 1671 5281 ita
1703 5229 1770 5282 ad
1821 5231 1993 5282 solam
2035 5241 2265 5283 tuentem

685 5323 957 5389 prrtinere
989 5329 1201 5388 putant,
1263 5329 1323 5374 ut
1383 5322 1608 5374 omnino
1659 5321 1978 5388 incerporea
2037 5338 2122 5374 res
2172 5322 2266 5374 sit.

687 5415 828 5464 Sunt
859 5413 1022 5464 etiam
1066 5413 1160 5481 qui
1219 5412 1361 5466 duos
1410 5427 1534 5465 esse
1569 5413 1754 5465 dicant
1790 5414 2095 5481 paradisus,
2139 5415 2273 5466 alte-

687 5519 807 5554 rum
841 5516 1220 5570 carporatutn,
1261 5504 1644 5569 ineorporeutn
1697 5504 1952 5557 alterum.
2015 5502 2118 5555 Sed
2179 5521 2275 5558 nos

758 5690 772 5718 ¹
810 5687 943 5741 Juau
1013 5706 1052 5753 ι,
1086 5688 1172 5741 9.»
1218 5690 1236 5717 ¹
1278 5686 1410 5740 Gen.
1459 5703 1514 5751 ιι,
1550 5686 1582 5739 8

2303 4409 2348 4466 υ
2376 4402 2665 4458 adversum
2708 4405 2829 4460 illos
2852 4405 2942 4474 qui
2987 4398 3145 4474 p‘lane
3172 4407 3520 4469 corporatum
3548 4397 3760 4454 faciunt
3787 4411 3909 4468 pan-

2375 4499 2578 4560 disum,
2609 4499 2782 4552 tribus
2802 4499 3063 4553 utendum
3089 4497 3388 4549 rationibus
3415 4504 3697 4563 putamus,
3720 4505 3910 4561 quarum

2374 4591 2548 4660 prima
2585 4600 2709 4644 est:
2744 4591 2799 4643 Si
2853 4592 3077 4644 omnino
3134 4603 3428 4657 corporeus
3486 4596 3572 4639 est
3637 4584 3909 4655 paradisus.

2373 4699 2575 4753 corpus
2607 4685 2782 4737 solum
2839 4684 2967 4736 Atla:
3020 4683 3071 4735 in
3119 4682 3233 4751 ipso
3282 4679 3712 4733 oblectabatur:
3769 4677 3909 4730 anima

2373 4791 2499 4828 vero
2547 4791 2651 4829 non
2688 4779 2836 4828 item.
2869 4774 3002 4829 Nam
3037 4783 3325 4842 corporata
3377 4788 3463 4825 res
3495 4787 3600 4824 non
3639 4767 3910 4841 potestatiu-

2374 4882 2548 4932 murn,
2584 4868 2676 4936 qui
2713 4867 2938 4936 spiritus
2985 4877 3088 4932 est,
3119 4866 3334 4919 afﬁcere
3387 4865 3692 4932 voluptate,
3717 4876 3818 4932 quo
3851 4860 3910 4910 lirl

2376 4969 2433 5013 ut
2489 4959 2698 5014 fraudis
2761 4975 2888 5014 reus
2948 4960 3117 5014 videri
3175 4958 3314 5012 Deus
3362 4958 3551 5026 possit,
3601 4958 3816 5026 quippe
3846 4955 3910 5020 qui

2375 5053 2530 5121 quasi
2556 5051 2857 5105 oblectandi
2891 5052 3018 5103 Adze
3062 5050 3228 5119 gratia
3277 5049 3588 5118 paradisum
3623 5045 3911 5102 condiderit.

2376 5152 2429 5192 et
2455 5151 2634 5192 tamen
2684 5157 2792 5193 non
2835 5149 3006 5193 totum
3039 5138 3328 5201 Adamum,
3369 5138 3461 5190 sed
3494 5139 3727 5191 alteram
3759 5139 3910 5189 dunta-

2381 5243 2472 5283 xat
2506 5231 2624 5296 i-jns
2650 5241 2854 5299 partem
2887 5248 3009 5299 quae
3040 5244 3270 5297 corpore
3304 5228 3616 5291 constabat,
3680 5228 3911 5293 voluptate

2352 5323 2638 5375 ‘imbum'it
2665 5339 2680 5388 ;
2714 5324 2936 5375 alteram
2964 5339 3110 5381 vero.
3141 5322 3379 5374 animum
3412 5319 3623 5373 scilicet
3663 5313 3910 5386 voluptali:

2382 5423 2658 5481 experti-tu
2711 5415 3006 5482 reliquerit.
3075 5413 3320 5466 Secunda
3379 5413 3517 5464 ratio
3571 5400 3689 5466 liaec
3743 5421 3835 5472 est,
3882 5403 3910 5454 si

2389 5508 2544 5574 plane
2594 5518 2920 5576 corporatus
2965 5520 3045 5558 est
3118 5506 3402 5572 paradisus
3433 5546 3445 5567 ,
3486 5518 3820 5573 consequens
3853 5503 3909 5548 ei!
