4008 6342
109 328 198 391 49⁵
1189 316 1284 376 DE
1326 317 1618 377 PARADI:

1722 363 1725 374 .
1768 340 1832 352 --
1872 315 2070 374 PARS
2114 315 2159 374 Ι.

3200 311 3312 374 486

107 448 156 493 ιιι
193 447 331 490 sacra
387 429 594 484 Veteris
643 428 976 483 Tcstamcnti
1025 429 1224 496 scripta
1290 443 1458 480 vacua
1523 427 1701 496 δίκην
1735 425 1905 478 disus.
1961 425 2136 492 Atque
2195 424 2306 478 lure
2366 408 2630 478 hactenus
2678 439 2707 478 a
2745 425 2902 480 nobis
2950 434 3075 482 sunt
3122 437 3311 482 contra

104 525 318 596 mysticis
338 521 532 582 sensis,
563 520 612 572 id
646 519 789 587 quod
820 517 1014 572 falsum
1047 533 1166 570 esse
1216 527 1394 586 capite
1441 517 1622 579 tertio,

101 618 285 672 volente
316 611 442 674 Deo,
489 610 1066 699 commqnstrabimns.
1111 607 1290 663 Tertia
1331 610 1469 662 ratio
1523 617 1625 673 est,

100 710 135 765 si
159 703 422 778 paradisus
467 701 600 756 nihil
638 709 721 757 est
769 702 868 756 nisi
905 717 990 756 res
1021 716 1307 768 corporea,
1339 701 1628 754 coniicitur

97 815 175 856 eos
212 811 476 853 sacrarum
512 810 692 850 rerum
741 794 993 847 doctores
1031 794 1289 847 mentitos
1339 807 1481 855 esse,
1533 795 1624 859 qui

97 890 398 958 incorporea:
441 887 618 955 ipsum
654 886 815 939 etiam
854 895 1060 938 natura:
1102 898 1224 938 esse
1246 882 1628 952 prodiderunt.

94 979 358 1037 Conﬁcitur
396 977 559 1048 Igitur
587 992 652 1031 ex
683 976 751 1029 iis
796 991 917 1044 quas
957 975 1067 1044 jam
1101 975 1246 1028 dicta
1281 983 1429 1036 sunt,
1465 989 1624 1042 para-

95 1074 248 1127 disum
307 1068 444 1123 haud
513 1069 583 1121 ita
629 1078 980 1136 corporatum
1033 1081 1180 1131 esse,
1232 1076 1288 1119 ut
1321 1066 1626 1132 incorporei

94 1159 205 1216 nihil
261 1157 470 1212 habeat.
506 1154 716 1216 Rursus
778 1171 873 1210 eos
925 1149 1124 1224 qui'ad
1167 1158 1364 1208 mentis
1418 1155 1620 1208 intelli-

93 1249 299 1320 gentiam
328 1247 590 1302 duntaxat
614 1246 886 1316 pertinere
915 1246 1067 1300 aiunt
1086 1247 1428 1315 paradisum.
1462 1257 1628 1316 atque

89 1341 286 1400 omnino
315 1341 694 1409 incorporeum
745 1353 889 1402 esse,
942 1353 1034 1393 ses
1072 1339 1194 1394 istis
1248 1353 1629 1411 oppuguamus

89 1432 415 1501 argumentis.
439 1427 644 1493 Primo,
681 1445 906 1499 prorsus
940 1431 1092 1485 nullo
1135 1431 1626 1502 ali‘ecissetvolup-

87 1523 195 1577 tatis
212 1537 366 1580 sensu
403 1521 536 1576 Adae
571 1537 791 1590 corpus.
834 1522 926 1578 sed
963 1523 1138 1577 solum
1171 1524 1431 1589 animam,
1461 1533 1628 1592 atque

89 1617 173 1668 hac
198 1616 393 1668 ratione
417 1628 838 1688 nuper_quoq,ue
869 1615 952 1668 usi
1003 1630 1217 1670 sumus.
1259 1615 1460 1670 Deinde
1489 1615 1625 1671 falsa

83 1713 383 1772 essentqum
414 1703 482 1756 de
539 1703 791 1770 paradiso
840 1713 1060 1758 exstant
1087 1703 1251 1760 Mosis
1281 1704 1446 1770 dicta,
1500 1721 1616 1760 rem

83 1807 394 1866 corporatam
433 1796 677 1850 notantia
715 1813 730 1848 :
761 1795 1067 1864 cujusmodi
1100 1807 1247 1863 sunt,
1298 1799 1442 1868 quod
1476 1797 1627 1866 plan-

83 1897 264 1940 taverat
284 1884 542 1941 Dominus
566 1885 706 1939 Deus
727 1887 1038 1955 paradisum
1065 1887 1116 1940 in
1151 1886 1295 1940 Eden
1327 1889 1396 1942 ab
1426 1887 1620 1955 initio;

82 1978 206 2046 quod
251 1976 429 2045 posuit
488 1975 599 2031 illic
641 1977 908 2032 Adamum
964 1992 1124 2046 quem
1182 1962 1432 2042 ilnxc'rat,
1475 1979 1622 2048 quod

83 2069 361 2139 procreavit
386 2083 416 2122 e
456 2079 600 2122 terra
651 2084 868 2124 omnem
917 2070 1169 2124 arborem
1198 2087 1323 2125 .vtsu
1354 2060 1623 2141 expetibi-

80 2166 190 2227 lem,
211 2172 368 2231 atque
399 2161 454 2215 in
487 2161 665 2215 cibum
699 2160 970 2223 idoneam,
1003 2172 1055 2214 et
1084 2161 1334 2214 arborem
1382 2162 1623 2214 scientiae

79 2253 186 2305 boni
229 2261 280 2306 et
321 2251 494 2316 mali;
554 2252 700 2321 quod
759 2251 1094 2321 sumpserint
1158 2252 1327 2305 Adam
1399 2265 1453 2304 et
1509 2251 1622 2305 Eva

81 2343 192 2398 folia
227 2341 480 2408 iiculnea,
531 2340 871 2411 fecerimque
907 2342 1010 2396 sibi
1066 2341 1407 2410 subligacula
1435 2343 1621 2411 ;quod

78 2450 178 2488 sese
201 2435 526 2488 occultarint
587 2435 728 2488 inter
775 2433 1009 2502 paradisi
1052 2435 1278 2489 arbores
1309 2473 1324 2497 ,
1390 2445 1444 2488 et
1482 2436 1638 2503 σιμιίύ

77 2536 180 2579 sunt
203 2511 302 2580 alia
333 2525 498 2593 hujus
525 2525 739 2594 generis
767 2541 797 2580 a
829 2525 978 2580 Mose
1010 2527 1219 2594 prodita
1246 2532 1312 2579 do
1342 2525 1618 2594 paradiso.

81 2617 258 2683 Τιιτιῐο,
293 2619 396 2673 nisi
435 2619 715 2672 habuisset
739 2620 1026 2686 paradisus
1055 2634 1141 2673 res
1164 2619 1326 2672 ctiam
1363 2631 1624 2687 corpora-

83 2721 143 2764 tas
169 2712 218 2765 in
271 2725 350 2776 se,
411 2710 508 2779 qui
561 2711 869 2779 potuissent
913 2725 977 2763 ex
1027 2711 1146 2778 ipso
1195 2710 1414 2764 attinere
1468 2724 1622 2778 aqua

79 2798 128 2850 ad
157 2801 452 2874 igrigandas
487 2809 685 2864 terras,
717 2809 772 2853 et
802 2800 884 2854 ad'
927 2816 1062 2854 usus
1103 2800 1376 2855 humanos
1399 2816 1622 2855 accom-

75 2890 256 2944 moda?
281 2890 514 2956 Quarto,
565 2906 630 2947 ex
662 2892 728 2946 iis
767 2907 890 2960 qua:
940 2891 1118 2946 Moses
1171 2891 1376 2961 Spiritu
1427 2905 1622 2947 sancto

73 2980 264 3035 :dilatus
313 2982 515 3051 scripta
557 2983 796 3051 reliquit,
829 2996 1044 3036 certum
1079 2992 1164 3037 est
1192 2983 1461 3038 Adamum
1494 2999 1622 3039 cor-

1734 526 1846 571 tres
1875 516 1994 571 illas
2033 515 2312 570 hominum
2345 516 2412 568 de
2441 516 2695 585 paradiso
2724 518 2970 573 diversas
2999 519 3304 587 opiniows;

1731 619 1912 663 nostra
1943 623 2074 663 vero
2107 608 2376 662 sententia
2429 619 2515 664 est
2577 625 2747 664 unum
2779 625 2902 664 esse
2965 613 3306 680 paradisum,

1730 714 1836 752 non
1863 699 2030 757 duos;
2067 713 2306 768 eumque
2345 715 2514 752 unum
2552 701 2868 768 paradisum
2923 703 3155 772 duplicis
3188 718 3310 765 esse

1728 790 2060 844 conditionis
2095 804 2418 860 :i-orporca:
2479 801 2530 845 et
2580 793 2936 863 incorporeas,
2970 794 3083 846 sive
3112 788 3314 861 et'ejus
3355 827 3360 833 -

1727 896 1850 950 quae
1911 896 2098 945 sensu,
2131 889 2185 934 ct
2227 881 2348 950 ejus
2415 896 2537 949 quae
2576 882 2785 935 ratione
2843 881 3311 952 intelligentiaque

1729 974 1929 1028 mentis
1966 973 2308 1042 percipitur;
2369 987 2493 1042 qua:
2541 974 2763 1042 quidem
2818 983 3002 1028 nostra
3043 975 3309 1029 sententia

1728 1063 1813 1116 his
1834 1065 2165 1132 argumentis
2192 1072 2370 1132 potest
2397 1064 2758 1118 demonstrari
2795 1082 2810 1118 :
2841 1066 3012 1118 Adam
3045 1081 3106 1118 ex
3129 1066 3309 1118 an‘ma

1727 1165 1781 1208 et
1807 1170 2038 1224 corpore
2095 1158 2432 1226 compositus
2483 1165 2622 1218 erat,
2675 1171 2805 1226 ergo
2860 1158 3308 1226 etparadisum,

1728 1246 1826 1314 qui
1899 1260 2001 1313 pro
2059 1245 2152 1299 illo
2204 1246 2528 1301 obiectando
2581 1248 2835 1302 conditus
2889 1247 3089 1313 ituri-at,
3127 1248 3310 1318 dupli.-

1725 1336 1802 1389 cis
1830 1336 1956 1388 it-m
2001 1337 2333 1390 conditiOuis
2377 1353 2499 1392 esse
2546 1340 2851 1406 oportebat.
2925 1347 2983 1392 ut
3031 1355 3138 1408 qua
3164 1350 3311 1394 esset

1725 1439 2044 1494 corporeus.
2071 1442 2272 1496 corpus
2307 1445 2320 1481 :
2354 1444 2461 1499 qua
2497 1444 2623 1482 vero
2646 1429 3024 1496 incorporeus,
3061 1431 3306 1486 animum

1726 1516 1856 1570 Αιιω
1879 1527 2170 1586 recrearet.
2210 1517 2412 1573 Deinde
2443 1519 2659 1573 beatum
2721 1513 2953 1590 Ephrem
2991 1523 3192 1590 duplici
3228 1524 3310 1577 in-

1729 1611 2115 1678 terpretatione
2165 1610 2422 1679 CXposuit
2485 1610 2684 1666 librum
2763 1611 2929 1668 Mosis
2994 1616 3307 1684 prophetia;

1729 1713 1962 1767 quarum
2006 1701 2173 1755 altera
2237 1703 2467 1772 mystica
2523 1713 2628 1766 est,
2669 1713 2832 1773 atque
2895 1719 3093 1759 arcana
3164 1708 3309 1760 eruit

1732 1805 1929 1853 sensa;
1959 1792 2127 1845 altera
2169 1807 2257 1846 res
2306 1793 2453 1862 ipsas
2478 1801 2770 1863 pertractat
2797 1809 2826 1848 a
2880 1793 3026 1850 Hose
3059 1797 3308 1866 descrip-
3339 1830 3345 1836 -

1731 1889 1836 1936 tas.
1882 1881 1985 1936 Sed
2021 1892 2074 1935 et
2099 1883 2257 1936 dtvus
2295 1883 2554 1954 Cyrillus,
2605 1886 2806 1954 legales
2842 1889 3007 1939 etiam
3036 1873 3309 1940 caeremo-

1726 1976 1864 2031 nias.
1886 1973 1985 2027 etsi
2006 1989 2062 2026 re
2082 1973 2199 2042 ipsa
2216 1975 2650 2040 celebrabantur;
2675 1977 2963 2047 mysticum
2983 1985 3161 2031 tamen
3177 1979 3309 2047 quid

1723 2074 1889 2134 atque
1941 2081 2203 2120 arcanum
2261 2067 2601 2122 continuisse
2637 2076 2867 2122 testatus
2894 2078 3001 2125 est.
3039 2070 3304 2125 Praeterea

1725 2157 2019 2211 venerandi
2046 2172 2332 2212 sacrarum
2367 2173 2547 2212 rerum
2577 2160 2828 2214 doctores
2859 2162 3054 2229 partim
3082 2163 3151 2216 de
3177 2177 3302 2216 cor-

1725 2264 1913 2316 poreo.
1941 2250 2028 2304 alii
2059 2250 2125 2303 de
2156 2251 2477 2319 incorporeo
2511 2252 2764 2319 paradiso
2795 2263 2926 2306 sunt
2961 2254 3126 2308 locuti
3158 2269 3172 2318 ;
3202 2270 3304 2308 nec

1725 2354 1854 2392 sane
1878 2341 1973 2393 abs
2004 2355 2062 2393 re
2100 2341 2368 2405 alterutri,
2393 2357 2518 2399 cum
2544 2343 2632 2396 ille
2661 2345 2947 2411 utriusque
2985 2344 3150 2399 fuerit
3173 2360 3303 2398 con-

1723 2430 1967 2484 ditionis.
2005 2429 2230 2501 Mystice
2261 2432 2405 2485 enim
2457 2433 2524 2486 de
2559 2433 2815 2502 paradiso
2846 2435 2956 2502 agit
3006 2435 3305 2503 Gregorius

1723 2520 2035 2591 Theologus
2067 2523 2118 2577 in
2147 2538 2210 2576 ea
2231 2525 2478 2578 oratione
2501 2541 2667 2594 quam
2703 2526 2771 2581 de
2789 2525 3000 2582 'Christi
3021 2527 3306 2584 Natalihns

1723 2616 2078 2681 composuit,
2138 2613 2230 2667 ubi
2284 2615 2548 2668 Adamum
2599 2617 2676 2670 ait
2731 2618 2983 2672 colonum
3028 2619 3200 2675 fuisse
3249 2622 3304 2674 in

1726 2703 1998 2774 paradiso,
2031 2705 2341 2773 plantarum
2364 2706 2755 2760 immortalium
2786 2745 2802 2772 ,
2837 2725 3032 2780 nempe
3057 2711 3303 2781 ipsarum

1723 2795 2034 2851 divinarum
2069 2799 2354 2851 notionum
2381 2808 2436 2856 et
2485 2800 2882 2870 simpliciorum
2938 2814 2993 2858 et
3031 2804 3304 2874 perfecto-

1724 2903 1844 2940 rum
1879 2903 1892 2952 ;
1927 2887 2052 2941 item
2092 2890 2368 2954 arborem,
2418 2889 2592 2945 fuisse
2641 2891 3048 2947 meditationem
3105 2897 3304 2965 animi,

1723 2988 1985 3049 quantum
2021 2980 2134 3050 ipse
2163 2991 2309 3035 certe
2333 2982 2646 3039 meditetur.
2674 2983 2903 3054 Mystice
2936 2986 3063 3039 item
3091 2986 3302 3060 Grego-

72 3088 154 3142 pus
179 3073 434 3129 habuisse
465 3090 530 3127 ex
561 3075 675 3127 luto
708 3086 1073 3143 compactum,
1107 3075 1270 3143 idque
1295 3076 1620 3130 collocatum
1651 3088 1697 3150 ρ
1729 3073 1841 3127 rius
1867 3073 2146 3144 Nyssenus
2183 3077 2233 3128 in
2260 3076 2672 3133 Commentario
2705 3077 2774 3132 de
2811 3080 3049 3144 homine,
3081 3095 3201 3150 cap.
3235 3078 3306 3138 '20

68 3163 267 3217 luissea
321 3162 435 3218 Deo
462 3163 514 3218 in
567 3165 857 3233 paradiso;
906 3152 1022 3218 erat
1050 3179 1180 3234 ergo
1219 3174 1273 3220 ct
1308 3165 1462 3220 locus
1524 3164 1617 3218 ille

70 3255 114 3306 in
144 3270 244 3324 quo
275 3255 328 3310 id
383 3271 584 3325 corpus
647 3256 962 3322 insistebat,
1024 3271 1345 3326 corporeus.
1401 3257 1622 3325 Quinto,

67 3355 327 3401 necessum
367 3358 454 3402 est
505 3358 852 3417 corporatum
877 3399 882 3408 ,
911 3363 1034 3402 esse
1101 3349 1438 3418 paradisum,
1477 3353 1623 3419 quod

68 3437 229 3493 Enoch
258 3447 312 3492 et
340 3437 494 3494 Elias
558 3437 613 3492 in
672 3453 739 3493 eo
799 3449 1056 3506 manent,
1109 3448 1170 3493 ut
1228 3441 1465 3495 ailirniat
1521 3444 1621 3495 do-

71 3528 232 3582 minus
287 3528 530 3598 Ephrem
592 3529 646 3583 in
702 3545 768 3583 eo
827 3545 1030 3600 opere,
1063 3531 1209 3600 quod
1265 3533 1459 3585 librum
1511 3533 1620 3586 Gc-

63 3632 254 3681 neseos,
309 3619 416 3674 hoc
479 3628 582 3680 est,
648 3619 715 3674 de
771 3634 954 3675 rerum
1030 3632 1154 3676 ortu
1205 3623 1618 3688 interpretatur,

63 3718 106 3762 ct
131 3709 179 3761 in
221 3709 287 3763 iis
336 3710 883 3764 etiam'sermonihus
928 3725 1064 3780 quos
1091 3712 1156 3765 de
1189 3712 1446 3781 paradiso
1483 3728 1620 3765 con-

60 3797 283 3867 scripsit.
346 3799 426 3853 illi
465 3799 613 3852 enim
665 3800 791 3863 viri,
840 3814 965 3854 cum
1031 3808 1306 3870 corporali
1355 3804 1466 3857 sint
1524 3806 1621 3873 (ut

60 3890 138 3958 qui
188 3889 314 3945 vitze‘
363 3889 530 3962 hujus
586 3891 821 3947 vinculis
881 3893 1059 3948 adhuc
1123 3903 1252 3948 sunt
1307 3895 1616 3964 colligati),

63 3991 468 4036 consentaneum
502 3988 585 4036 est
613 3989 672 4034 ut
709 3981 763 4036 in
807 3983 1187 4053 corporalibus
1219 3999 1436 4054 quoque
1487 3987 1618 4040 locis

63 4078 312 4128 maneant.
343 4069 514 4126 Sesto
570 4070 827 4139 denique.
852 4083 1030 4128 exstat
1056 4074 1342 4130 doctorum
1372 4077 1614 4130 virorum

61 4160 379 4226 auctoritas,
441 4161 544 4216 iide
603 4163 1074 4232 dignissimorum,
1115 4183 1221 4235 qua
1267 4177 1613 4236 corporatum

58 4265 162 4304 esse
188 4238 503 4321 paradisum
535 4253 853 4308 aiiirmatur.
898 4255 1065 4310 Recte
1100 4258 1265 4329 igitur
1306 4261 1616 4332 colligimus

58 4335 234 4395 falsum
300 4357 425 4397 esse
475 4343 632 4409 illud,
699 4345 1014 4414 paradisum
1077 4350 1177 4402 sub
1237 4352 1410 4404 solant
1462 4369 1613 4406 men-

1725 3172 1780 3218 et
1810 3164 1898 3240 2i.
1931 3165 2195 3220 Similiter
2213 3165 2552 3224 Philosenus
2585 3168 2934 3240 Mabugensis
2957 3175 3010 3225 in
3047 3187 3302 3229 sermone

1725 3255 1792 3308 de
1823 3237 2174 3313 meditatione
2210 3270 2333 3332 qua
2367 3261 2512 3317 circa
2541 3261 2793 3318 arborem
2836 3263 2961 3319 vim
3001 3274 3254 3320 versatur
3283 3283 3301 3330 ;

1724 3348 1800 3400 ait
1825 3347 1993 3428 enim‘
2025 3365 2247 3404 arcana
2282 3366 2447 3408 censa
2483 3353 2802 3421 ruentisque
2827 3356 3212 3413 meditationes
3235 3359 3304 3411 de
3333 3367 3336 3372 ‘

1723 3440 1974 3506 paradiso
2010 3441 2214 3496 haberi.
2256 3442 2497 3511 Denique
2531 3444 2793 3501 Dominus
2852 3444 3092 3504 Jocobus
3136 3448 3304 3503 Orro-

1722 3528 1868 3582 haita
1929 3546 1996 3584 eo
2038 3548 2292 3587 sermone
2348 3551 2510 3604 quem
2546 3537 2612 3589 de
2659 3535 2956 3609 TheOIOgia
3005 3541 3201 3604 edidit,
3227 3543 3304 3596 ait

1722 3617 1908 3672 Mosen
1949 3619 2176 3689 ﬁgurate
2214 3623 2452 3699 locutum
2486 3639 2606 3678 esse
2653 3625 2720 3680 de
2773 3629 3050 3694 paradiso.
3090 3626 3303 3686 liursus

1723 3711 1788 3762 dc
1817 3724 2081 3779 corporeo
2107 3712 2362 3780 paradiso
2407 3715 2629 3784 scripsit
2676 3716 2932 3773 dominus
2980 3716 3215 3778 Jeannes
3247 3738 3301 3775 In

1721 3803 1968 3857 Oratione
2010 3804 2096 3857 cui
2135 3805 2351 3856 titniutn
2379 3803 2504 3859 fecit
2535 3825 2549 3856 :
2581 3805 2695 3860 Cur
2715 3808 2876 3860 arbor
2906 3809 3002 3863 illa
3026 3812 3300 3880 appellata

1713 3894 1788 3956 sit
1820 3894 1980 3946 at‘bor
2000 3895 2234 3953 scientia:
2256 3895 2375 3950 boni
2403 3907 2449 3950 et
2471 3897 2618 3964 ntali,
2644 3909 2693 3954 st
2729 3899 2856 3970 quid
2881 3900 2983 3953 sibi
3013 3904 3132 3957 velit
3164 3903 3300 3958 illud

1719 3980 1912 4035 Christi
1937 3999 1955 4036 :
1999 4000 2017 4032 s
2049 3969 2229 4038 Hodie.
2265 3999 2481 4039 mecum
2508 3987 2623 4042 eris
2656 3987 2714 4044 itt
2750 3990 3032 4059 paradiso,
3060 4010 3079 4046 ι
3114 3993 3300 4049 multis

1719 4074 1865 4128 enim
1900 4075 2028 4129 illud
2054 4076 2252 4130 astruit
2287 4081 2628 4146 argumentis
2663 4075 2989 4151 corporeum
3015 4083 3296 4140 exstitisse

1718 4166 2029 4233 paradisum
2082 4183 2098 4224 :
2155 4167 2296 4221 inter
2337 4169 2442 4224 alia
2499 4170 2798 4240 inquiens,
2865 4173 3059 4234 Λαειωί
3120 4175 3298 4232 oculis

1718 4267 2026 4326 aspectum,
2059 4258 2283 4312 auribus
2306 4261 2578 4327 auditum,
2616 4265 2804 4316 animo
2833 4263 3072 4334 denique
3104 4268 3298 4321 obser-

1722 4359 1905 4403 vatum
1945 4364 2066 4404 esse
2095 4354 2431 4420 paradisum,
2455 4362 2509 4407 et
2540 4351 2851 4421 hujusmodi
2882 4355 3010 4412 alia.
3033 4355 3299 4415 Similiter

56 4432 114 4484 tis
164 4432 572 4505 intelligentiam
631 4438 850 4503 cadere,
902 4448 1067 4507 atque
1117 4441 1273 4510 plane
1307 4459 1372 4496 ex
1420 4460 1608 4498 earum
1641 4423 1692 4482 D
1717 4443 1970 4497 dominus
2015 4442 2247 4498 Severus
2278 4448 2524 4501 oratione
2552 4446 2645 4514 22,
2669 4448 2735 4503 de
2771 4449 3092 4518 Epithronio
3118 4493 3133 4516 ,
3158 4466 3297 4509 con-

56 4537 220 4578 rerum
252 4540 378 4580 esse
409 4543 635 4581 numero
665 4543 786 4597 qua:
818 4529 1154 4599 incorporeas:
1184 4545 1330 4589 sunt.
1363 4531 1613 4607 'Denique

53 4614 110 4667 iis
138 4617 224 4686 qui
250 4620 390 4672 duos
423 4628 650 4672 censent
702 4635 824 4674 esse
862 4623 1160 4690 paradisos,
1220 4624 1446 4679 alterum
1489 4643 1612 4681 cor-

54 4716 314 4772 poratum,
350 4710 736 4780 incorporeum
772 4714 1026 4779 alterum,
1081 4717 1368 4787 objicintus
1428 4719 1610 4774 Mosen

52 4796 133 4863 qui
159 4812 263 4851 non
294 4799 348 4851 in
383 4800 596 4853 duobus
619 4802 902 4868 paradisis,
929 4803 1020 4856 scd
1042 4804 1104 4857 in
1138 4821 1244 4859 uno
1284 4807 1606 4862 collocatum

52 4886 303 4943 Adamum
329 4907 345 4955 ;
379 4906 553 4961 neque
580 4908 771 4948 rursus
795 4908 825 4947 o
855 4895 1089 4960 duobus,
1109 4901 1199 4951 sed
1234 4899 1286 4951 in
1335 4915 1441 4953 uno
1463 4900 1608 4970 ejec-

52 4987 153 5034 tum
185 4998 215 5040 a
254 4984 362 5039 Deo
385 4986 624 5054 scripsit.
661 4988 738 5040 Ad
773 4974 893 5049 hoc,
937 4989 1198 5046 Dominus
1243 5003 1424 5048 noster
1447 4993 1604 5046 Chri-

50 5079 155 5125 stus
185 5091 288 5130 non
317 5077 456 5131 duos
488 5079 792 5146 paradisos,
822 5078 917 5135 sed
973 5083 1196 5138 unicum
1251 5086 1604 5155 promittebat

50 5163 230 5219 latroni
270 5169 520 5238 inquiens
552 5189 564 5226 :
604 5170 776 5224 Hodie
801 5189 999 5225 mecum
1032 5175 1134 5228 eris
1163 5177 1217 5229 in
1275 5180 1526 5243 paradiso
1561 5181 1602 5233 ³.

49 5251 222 5324 Neque
259 5271 828 5317 saneconsentaueum
861 5273 964 5330 est,
987 5274 1046 5319 ut
1073 5267 1400 5336 ejuscetnodi
1426 5271 1607 5334 dictis.

50 5349 362 5420 scriptisque
391 5355 627 5408 oraculis
655 5357 811 5410 tidem
844 5357 1167 5429 abrogemns
1194 5377 1206 5422 ;
1241 5362 1305 5415 iis
1333 5378 1458 5415 vero
1487 5381 1608 5432 qua:

52 5443 384 5507 neque‘dirta
431 5461 606 5517 neque
640 5448 840 5515 scripta
871 5460 1090 5504 exsrant
1116 5456 1166 5505 in
1202 5455 1375 5509 sacris
1405 5454 1603 5520 Libris,

51 5532 409 5592 a‘lhibeamus.
442 5539 559 5594 Non
603 5540 765 5610 igitur
807 5542 937 5607 duo,
986 5545 1077 5597 sed
1113 5546 1307 5601 unicus
1329 5558 1409 5601 est
1446 5564 1604 5617 para-

117 5688 133 5717 '
171 5691 300 5748 Luc.
340 5711 446 5750 un
479 5699 567 5750 45.
647 5700 667 5730 ⁸
698 5701 830 5754 Gen.
867 5717 922 5765 ιι,
962 5703 1040 5764 16,
1080 5706 1161 5759 l7.

1719 4535 1828 4590 (icit
1857 4551 2179 4607 corporeum
2223 4537 2393 4594 fuisse
2431 4541 2766 4609 paradisum,
2815 4543 2944 4598 dum
2978 4543 3142 4599 etiam
3177 4546 3297 4614 ipse

1716 4627 1948 4682 aiiirmat
1984 4630 2251 4683 Adantum
2289 4632 2461 4687 oculis
2512 4633 2662 4687 illum
2717 4635 2974 4690 intuitutn
3014 4651 3155 4700 esse,
3195 4651 3292 4690 au-

1715 4722 1976 4789 ribusque
2015 4723 2310 4777 audivisse.
2344 4723 2478 4778 Nam
2502 4725 2732 4790 audivit,
2755 4727 2957 4798 inquit,
2986 4728 3076 4783 illa
3110 4728 3201 4781 Dei
3221 4728 3292 4783 ad

1715 4828 1774 4866 se
1803 4814 1964 4866 verba
1998 4829 2011 4864 :
2053 4813 2128 4867 De
2177 4817 2322 4869 omni
2353 4817 2541 4872 arbore
2568 4835 2686 4888 quae
2732 4820 2786 4872 in
2813 4822 3067 4887 paradiso
3094 4832 3289 4889 exstat,

1712 4906 1950 4969 resceris,
1992 4917 2187 4973 praeter
2219 4908 2805 4982 arboremicoguitionis
2837 4913 2961 4966 boni
2983 4925 3030 4967 et
3066 4916 3193 4967 mali
3224 4916 3244 4945 ⁸
3271 4933 3288 4971 :

1712 5008 1764 5050 et
1784 4997 1979 5052 intueri
1997 5000 2158 5068 igitur
2174 5001 2315 5057 hanc
2338 5005 2532 5073 potuit.
2559 5007 2699 5060 vesci
2725 5019 2853 5061 vero
2875 5007 3287 5076 prohibebatur.

1713 5088 2011 5170 Gregorius
2041 5108 2229 5147 rursus
2246 5094 2576 5167 Theologus,
2607 5098 2660 5150 in
2687 5099 2938 5154 oratione
2979 5100 3047 5155 de
3071 5101 3288 5169 patieno

1714 5181 1879 5246 tia,ad
1914 5183 2058 5238 hunc
2079 5188 2297 5240 modum
2325 5187 2392 5241 de
2425 5188 2680 5255 paradiso
2708 5205 2973 5260 corporeo
2997 5191 3235 5259 loquitur
3270 5207 3287 5244 :

1726 5291 1743 5322 ι
1778 5276 2004 5342 Lignum
2028 5277 2289 5332 adversus
2312 5278 2514 5348 lignum
2538 5282 2776 5350 ;.crucis,
2797 5284 3056 5338 adversus
3081 5283 3288 5354 lignum

1711 5366 1954 5420 scientia:
1986 5370 2113 5422 boni
2138 5380 2192 5423 et
2216 5371 2365 5424 mali.
2397 5390 2417 5424 ο
2450 5372 2547 5427 Est
2573 5375 2735 5443 igitur
2765 5385 3197 5431 consentaneum
3229 5386 3288 5431 ut

1712 5474 2001 5531 utrumque
2022 5473 2116 5516 aut
2137 5474 2481 5532 corporatum
2512 5469 2714 5538 lignum
2751 5467 2934 5534 fuerit,
2957 5476 3052 5522 aut
3075 5478 3288 5524 utrum-

1711 5570 1818 5621 que
1884 5557 2133 5624 corporis
2188 5572 2425 5627 expers,
2491 5572 2650 5629 atque
2708 5561 2812 5614 sub
2865 5563 3283 5634 intelligentiam
