4008 6342
708 339 807 405 18⁷

1978 360 2208 422 mosus
2248 360 2688 424 nan-carm
3828 385 3904 451 tsi
3976 360 3977 451 ἕ

706 454 878 507 solam
924 455 1166 527 cadens;
1213 475 1379 531 quam
1431 456 1551 535 pari
1603 467 1765 521 modo
1802 469 1934 536 ligni
1982 470 2278 537 vocabulo,
2310 483 2356 540 Α
2386 485 2510 526 sum
2543 474 2636 544 qui
2673 473 2726 528 in
2769 474 2886 531 sola
2912 486 3093 533 meme
3118 488 3388 546 versetur,
3419 481 3523 537 hoe
3563 493 3667 552 est,
3695 485 3903 563 incorpo.

704 544 863 599 ambo
896 545 1088 601 abillo
1147 550 1534 620 subiiciantur.
1591 555 1695 610 Sed
1753 558 1977 626 objiciat
2047 556 2280 612 fortasse

703 633 905 704 aliquis
936 636 1082 692 hunc
1110 640 1288 710 ipsum
1319 639 1642 713 Gregorium
1668 685 1684 710 ,
1712 646 1804 715 qui
1841 647 1893 700 in
1921 648 2170 702 oratione
2212 649 2280 702 de

702 726 906 781 Christi
950 727 1127 783 Natali
1177 747 1299 786 eam
1348 737 1596 790 arborem
1644 738 1975 806 cognitionis
2032 740 2161 793 boni
2222 749 2278 796 et

706 818 833 872 mali
858 818 1081 890 mystice
1117 821 1530 894 interpretatur,
1577 829 2098 899 meditationemque
2153 847 2278 888 esse

701 908 850 962 dicit.
908 910 1071 979 Atqui
1122 911 1217 967 ille
1280 915 1512 980 duplicis
1582 918 1911 974 conditionis
1958 921 2273 987 paradisum

700 1016 823 1056 esse
880 1019 991 1057 non
1055 1008 1371 1075 ignoravit;
1432 1018 1486 1063 et
1525 1011 1753 1078 proinde
1814 1012 2064 1068 arborem
2124 1015 2272 1069 illam

698 1094 968 1149 interdum
996 1112 1095 1166 pro
1121 1102 1322 1167 reipsa,
1341 1100 1612 1155 interdum
1643 1103 1873 1173 mystico
1902 1119 2065 1159 sensu
2100 1105 2271 1161 inter-

699 1194 945 1250 pretatus
974 1196 1080 1253 est,
1134 1190 1281 1257 quod
1317 1191 1619 1259 presertim
1650 1193 1703 1246 in
1743 1208 1809 1249 eo
1849 1209 2106 1252 sermone
2162 1213 2272 1265 quo

700 1276 914 1332 Natales
946 1277 1149 1333 Christi
1187 1281 1520 1345 celebrabat.
1547 1284 1653 1338 sibi
1683 1285 1909 1354 putabat
1932 1285 2269 1342 faciendum.

695 1361 830 1415 Nam
869 1379 996 1418 cum
1027 1380 1154 1419 eum
1196 1368 1299 1421 sibi
1340 1369 1450 1422 illic
1498 1384 1728 1440 scopum
1775 1376 2176 1443 proposuisset,
2212 1385 2271 1429 ut

693 1454 950 1520 populum
1013 1454 1257 1521 doceret,
1308 1472 1414 1511 non
1467 1473 1757 1528 corporum
1813 1464 1905 1517 sed
1956 1466 2266 1520 animorum

697 1542 977 1599 rationem"
1018 1543 1073 1597 in
1111 1549 1283 1601 sacris
1319 1549 1678 1603 concionibus'
1720 1560 1885 1619 atque
1921 1554 2135 1623 pompis
2171 1556 2267 1609 ha-

690 1634 922 1688 bendam
984 1649 1129 1702 esse,
1195 1652 1295 1693 nec
1351 1639 1536 1696 valvas
1590 1644 1754 1697 sertis
1794 1644 2120 1713 cingendas,
2152 1648 2272 1717 pla-

701 1734 929 1795 teasque
958 1727 1326 1802 exornandas,
1358 1740 1410 1784 et
1441 1745 1565 1799 qva:
1594 1741 1853 1801 praeterea
1886 1734 1999 1789 illic
2025 1750 2269 1791 commc-

691 1824 892 1879 morat,
962 1826 1280 1888 czeteraque
1343 1821 1574 1892 mystice
1619 1833 1768 1878 esset
1838 1824 2259 1895 interpretatus,
2296 1843 2338 1897 Β

689 1906 805 1974 ipsa
824 1907 1092 1962 orationis
1115 1910 1259 1964 serie
1290 1910 1547 1983 inductus
1578 1924 1662 1969 est
1693 1926 1748 1970 ut
1771 1916 2024 1972 arborem
2046 1935 2263 1989 quoque

694 1999 843 2052 illam
905 1999 1135 2068 ﬁgurate
1187 1992 1679 2072 contemplat-dam”
1716 2017 2033 2076 exponeret.
2088 2009 2164 2065 Ita
2209 2019 2264 2065 et

686 2090 946 2145 dominus
1002 2090 1235 2159 Ephrem
1266 2094 1319 2146 in
1349 2109 1448 2148 suo
1477 2081 1889 2152 Commentario
1917 2114 2028 2169 quo
2060 2101 2257 2155 librum

688 2182 965 2237 Geneseos
994 2183 1062 2237 de
1106 2187 1272 2240 rebus
1314 2186 1449 2256 ipsis
1497 2187 1908 2259 interpretatur,
1943 2193 2258 2261 paradisum

687 2278 852 2329 etiam
890 2291 948 2328 re
984 2280 1097 2346 ipsa
1127 2279 1408 2334 exstitisse
1428 2281 1680 2336 ailirmat.
1707 2282 1852 2348 Quin
1878 2294 1932 2339 et
1960 2286 2120 2341 divus
2150 2289 2254 2359 Cy-
2288 2308 2289 2315 η

686 2366 841 2419 rillus
864 2367 918 2420 in
955 2383 1024 2421 eo
1057 2367 1465 2426 Commentario
1496 2375 1639 2441 quod
1683 2376 1741 2428 in
1767 2374 1961 2430 Isaiam
2006 2381 2251 2447 prophe-

688 2467 797 2510 tam
836 2459 1103 2521 condidit,
1134 2470 1320 2520 censet
1349 2461 1645 2527 Adamum,
1672 2474 1957 2534 postquam
2002 2471 2257 2537 paradiso

686 2556 831 2600 esset
869 2563 1147 2619 egressus,
1204 2554 1258 2604 in
1303 2549 1492 2605 Juda-a
1531 2554 1769 2621 primum
1804 2548 2105 2614 habitasse.
2148 2561 2255 2616 Sed

683 2640 830 2692 dices
901 2642 968 2693 de
994 2642 1224 2708 mystico
1255 2644 1400 2703 exitu
1441 2643 1571 2715 Ad:
1593 2644 1855 2716 Cyrillum
1904 2651 2015 2703 illic
2045 2652 2193 2722 loqui
2234 2671 2248 2708 :

680 2730 830 2799 atqui
866 2744 989 2799 quze
1012 2731 1260 2800 subjicit,
1291 2733 1393 2787 boc
1425 2749 1531 2788 non
1558 2737 1919 2805 permittunt:
1960 2744 2037 2797 ait
2086 2746 2251 2811 enim,

664 2827 969 2889 postquam
1003 2821 1153 2874 varia
1182 2823 1514 2890 pervasisset
1540 2815 1678 2891 loca,
1698 2830 1914 2899 tandem
1945 2830 2256 2906 Hierosoly-

681 2910 784 2964 mis
816 2910 1023 2964 obiisse
1078 2924 1331 2967 mortem.
1410 2915 1487 2969 ite
1532 2916 1702 2986 igitur
1759 2920 1897 2990 ipsa,
1961 2923 2069 2979 huc
2124 2926 2255 2981 illuc

678 3009 907 3070 vagatus
933 3002 1133 3069 fuerat,
1164 3018 1229 3057 ae
1263 3006 1509 3074 proinde,
1543 3024 1602 3062 re
1644 3026 1863 3082 quoque
1892 3014 2009 3085 ipsa
2042 3020 2255 3087 paradi-

678 3108 798 3146 sum
844 3108 1122 3161 egressus.
1165 3094 1398 3165 Insuper
1433 3097 1674 3156 Joannes
1718 3106 2019 3162 monachus
2076 3110 2151 3180 (ί)
2199 3110 2252 3163 in

676 3193 929 3234 sermone
955 3195 1059 3235 suo
1084 3182 1150 3237 de
1174 3198 1373 3241 occasu
1397 3188 1584 3241 mundi
1621 3191 1804 3260 hujus,
1837 3206 1891 3249 et
1922 3198 1989 3250 de
2021 3208 2248 3271 venturo
2279 3166 2322 3228 C

676 3271 878 3324 mundo
909 3286 1052 3326 novo
1076 3311 1092 3337 ,
1131 3277 1319 3330 multis
1348 3281 1607 3346 ostendit,
1642 3272 1706 3337 ea
1728 3301 1850 3355 qua:
1886 3288 1953 3343 de
1984 3293 2246 3359 paradiso

674 3362 881 3427 scripta
911 3372 1063 3431 sunt,
1114 3379 1547 3427 consentaneum
1581 3389 1705 3430 esse
1737 3388 1795 3431 ut
1826 3380 1893 3434 de
1919 3382 2084 3437 rebus
2112 3384 2246 3453 ipsis

674 3451 1085 3523 intelligantur;
1142 3459 1421 3530 utiturque
1512 3464 1652 3519 inter
1712 3470 1815 3523 alia
1866 3464 1949 3526 his
2012 3451 2241 3533 verbis:

676 3541 939 3608 Quanam
973 3545 1126 3601 fuere
1173 3550 1363 3605 Adami
1413 3570 1545 3624 opes
1600 3559 1652 3611 in
1718 3566 2014 3631 paradiso?
2062 3584 2241 3624 annon

681 3635 906 3689 arbores
956 3637 1293 3709 fructiferae,
1346 3643 1554 3703 feraces
1612 3649 1868 3710 [oliorum
1925 3662 2128 3727 quibus
2185 3680 2244 3718 se

670 3725 831 3793 primi
862 3716 1121 3797 parentes
1144 3747 1447 3801 cernerent,
1482 3749 1537 3793 et
1558 3741 1763 3798 ﬂumen
1787 3749 1941 3817 aquis
1974 3753 2245 3819 proﬂuen-

676 3817 823 3871 tibus
879 3819 1099 3876 illorum
1159 3824 1310 3879 sitim
1372 3830 1753 3902 restinguens;
1824 3817 2055 3906 quarum
2096 3847 2242 3899 'alite

675 3920 841 3971 super
880 3910 1088 3979 hancce
1122 3921 1345 3981 terram,
1375 3918 1495 3973 alia-
1540 3924 1730 3977 subter
1773 3926 2237 3997 ditlundcbantnr,

672 4003 809 4048 teste
838 3995 1189 4063 Moseiﬁatn
1235 4004 1280 4057 si
1330 4007 1455 4075 quis
1488 4019 1570 4063 est
1607 4012 1699 4080 qui
1732 4024 1884 4082 putet
1906 4018 2134 4074 arbores
2183 3995 2237 4074 in

672 4088 930 4154 paradiso
968 4106 1073 4144 non
1102 4092 1273 4150 fuisse
1302 4111 1643 4167 corporatas,
1672 4105 1791 4173 ejus
1816 4108 2001 4162 animo
2042 4112 2238 4167 intelli-

669 4177 815 4240 genti
850 4192 1003 4246 aeque
1033 4181 1279 4236 divinum
1315 4185 1628 4255 Eloquium,
1678 4192 1858 4247 lumen
1892 4197 2237 4266 Suppeditare

667 4264 927 4331 debebat,
955 4271 1100 4337 quod
1146 4288 1243 4341 per
1271 4273 1456 4329 Mosen
1489 4277 1557 4331 de
1581 4282 1835 4349 paradiso
1862 4264 2063 4342 diserte
2095 4289 2239 4344 διην-

671 4366 825 4425 mat,
890 4357 1056 4415 Evam
1109 4366 1326 4433 generis
1376 4367 1603 4425 humani
1660 4382 1886 4429 matrem
1937 4383 2238 4451 sumpsisse

2064 4447 2078 4451 ν
2346 4447 2465 4460 sua.
2500 4447 2786 4465 Iuv-unua.
2819 4447 3051 4469 uersutus.

665 4447 900 4515 fructus,
926 4458 1365 4524 e'osque'edisse.
1395 4458 1497 4541 Qui
1529 4465 1793 4533 potuisset
1824 4471 1967 4523 enim
2013 4474 2101 4527 illa
2144 4477 2238 4528 de-
2264 4500 2315 4559 υ
2342 4497 2440 4549 am
2472 4513 2675 4567 corpus
2700 4518 2714 4553 ε
2740 4501 2809 4553 ita
2860 4504 3081 4572 cogita“

665 4558 881 4572 nua-nn..-
923 4547 975 4572 ;,Ι
1010 4566 1111 4572 η---
1137 4550 1151 4572 Ι
1189 4553 1283 4572 ---ι
1321 4564 1333 4572 .
1414 4566 1425 4572 α
1804 4563 1817 4572 ι
1860 4568 1868 4572 -

664 4558 883 4615 cerpere
923 4547 975 4602 id
1006 4550 1153 4618 quod
1185 4553 1289 4607 sub
1321 4564 1523 4610 tactum
1570 4575 1678 4614 non
1719 4563 1985 4633 cadebat,
2030 4582 2124 4622 aut
2165 4572 2231 4625 de

663 4636 756 4689 iilo
790 4652 989 4707 capere
1014 4642 1158 4711 quod
1210 4646 1592 4715 incorporeum
1625 4666 1781 4721 erat,
1809 4672 1932 4735 cum
1988 4660 2038 4715 id
2077 4664 2223 4731 quod

660 4739 1026 4797 corporatnr.c
1052 4749 1248 4803 expers
1288 4749 1395 4802 est,
1424 4740 1589 4796 dividi
1628 4761 1732 4799 non
1763 4752 1955 4816 possit,
1982 4771 2047 4807 eo
2073 4757 2220 4824 quod

659 4818 731 4870 sit
763 4822 1098 4889 incorporea:
1123 4829 1361 4881 naturae?
1398 4829 1523 4885 llaec
1569 4832 1808 4892 Joannes
1880 4842 1986 4905 ille,
2031 4858 2085 4898 et
2122 4851 2225 4900 alia

659 4910 941 4977 complura
992 4928 1057 4966 eo
1109 4918 1211 4970 loci
1266 4922 1467 4990 scripta
1516 4926 1757 4995 reliquit,
1793 4933 1991 5000 quibus
2034 4942 2226 4995 ederet

661 5012 982 5066 corporeum
1036 5003 1210 5062 fuisse
1261 5012 1617 5076 paradisum:
1660 5024 1803 5086 quod
1856 5023 2033 5092 ipsum
2083 5031 2216 5083 satis

659 5092 805 5147 ciare
854 5097 1014 5149 etiam
1051 5097 1218 5155 Mosis
1252 5104 1417 5157 verba
1465 5116 1733 5163 testantur
1760 5113 1887 5168 dum
1942 5117 1990 5167 in
2026 5117 2220 5174 Genesi

656 5188 736 5239 sic
769 5188 958 5240 scribit
983 5206 997 5242 :
1026 5189 1106 5265 ‘Et
1131 5195 1348 5247 sustulit
1378 5196 1474 5250 Lat
1511 5204 1689 5254 oculos
1717 5220 1857 5269 suos,
1898 5218 1944 5259 et
1964 5211 2222 5279 viditpm-

656 5294 772 5329 nem
800 5291 999 5331 terram
1038 5280 1498 5356 Jordam’s,quo«l
1543 5295 1789 5349 unitersa
1830 5311 1963 5352 esset
1996 5306 2222 5373 irrigua,

659 5368 965 5438 uriusquam
1000 5376 1337 5430 subvertisset
1387 5380 1525 5435 Deus
1561 5384 1845 5442 Sodomam
1902 5402 1949 5445 et
2002 5368 2227 5450 Gomor-

660 5461 1297 5532 rham,quasiparadisus
1336 5471 1484 5527 Det".
1516 5475 1631 5530 Non
1667 5483 1809 5536 enim
1851 5500 1973 5539 eum
2007 5494 2225 5557 paradi-

760 5605 782 5636 ⁸
810 5605 944 5661 Gen.
975 5625 1089 5675 xui,
1118 5612 1205 5668 10.

727 5760 803 5827 (ι)
837 5762 1287 5830 Ciiiysostotnutn
1321 5772 1475 5828 dicit.

2382 578 2561 631 reum,
2615 568 2915 624 contulisse
2968 584 3090 624 cum
3129 574 3349 641 regione
3382 572 3658 643 Iordanis,
3694 583 3782 635 sed
3810 600 3901 641 eum

2380 654 2472 725 qui
2510 672 2571 710 re
2609 656 2725 727 ipsa
2759 658 3051 715 exsisteret
3106 676 3537 737 corporatusque
3568 680 3733 735 esset,
3766 676 3906 732 existi-

2378 749 2611 805 mandus
2640 762 2761 805 est-
2784 749 2922 805 Tum
2954 752 3097 810 alius
3126 769 3343 825 quoque
3388 760 3648 830 prapheta
3679 762 3744 819 de
3783 781 3905 837 para-

2377 839 2497 895 diso
2525 842 2851 899 vaticinatus
2883 853 2966 900 est
2990 847 3055 898 ad
3094 845 3237 902 hunc
3263 856 3484 905 modum
3514 868 3531 906 :
3562 872 3582 904 σ
3620 854 3753 911 Ante
3788 858 3904 915 illum

2378 931 2670 1000 paradisus
2713 930 2853 997 Dei,
2910 946 3032 1004 post
3088 936 3241 991 illum
3301 956 3432 996 vero
3490 944 3657 999 veluti
3712 958 3903 1019 campus

2373 1022 2712 1079 devastatus.
2752 1022 2966 1095 ilgitur
3019 1042 3095 1082 ex
3161 1029 3229 1085 iis
3278 1033 3533 1089 omnibus
3596 1052 3717 1107 quas
3772 1041 3908 1097 adhuc

2375 1112 2898 1202 disimushconstat
2940 1119 3159 1175 unicum
3198 1124 3417 1193 quidem
3451 1141 3573 1183 esse
3612 1131 3906 1198 paradisum,

2374 1203 2469 1258 sed
2504 1221 2630 1260 cum
2671 1206 2906 1276 duplicis
2946 1211 3324 1280 conditionis;
3366 1231 3668 1287 corporeae,
3716 1226 3903 1291 inquam

2372 1306 2429 1350 et
2453 1296 2791 1367 incorporea:
2826 1317 2842 1367 ;
2872 1300 2977 1356 hoc
3005 1312 3112 1370 est,
3148 1315 3203 1359 et
3234 1307 3301 1360 ad
3344 1322 3542 1365 sensus
3589 1312 3758 1381 ipsos,
3783 1324 3830 1369 et
3854 1320 3901 1371 ad

2372 1388 2572 1443 mentis
2600 1389 3012 1461 intelligentiam
3036 1396 3348 1465 pertinere:
3383 1397 3691 1472 falsumque
3717 1408 3907 1474 proinde

2376 1494 2499 1536 esse
2545 1484 2689 1551 quod
2726 1494 2820 1540 aut
2857 1485 2961 1540 sub
3007 1488 3183 1545 solum
3231 1507 3453 1548 sensum
3483 1496 3665 1561 cadat,
3719 1509 3806 1552 aut
3830 1502 3906 1555 sub

2370 1572 2545 1626 solam
2604 1574 3193 1646 intelligentiam,.aut
3241 1585 3478 1655 denique
3525 1589 3670 1644 auod
3718 1593 3906 1648 omnino

2370 1666 2481 1719 duo
2516 1675 2734 1722 exstent
2767 1669 3030 1738 paradisi.

2972 1802 3200 1860 CAPUT
3250 1807 3316 1864 ιι.

2439 1932 2573 1998 Quis
2602 1946 2942 2007 corporattts,
2978 1950 3026 1995 et
3054 1944 3171 2012 quis
3200 1945 3467 2014 spiritalis
3512 1952 3797 2018 paradisus
3834 1957 3901 2010 sit.

2366 2023 2661 2082 Paradisas
2707 2046 3010 2099 corporeus.
3039 2063 3098 2075 -—
3137 2037 3257 2091 Jam
3284 2055 3415 2094 vero
3462 2053 3810 2115 posteaquam
3833 2048 3902 2103 de-

2366 2121 2802 2177 monstravimus
2822 2123 3046 2179 unicum
3075 2142 3197 2183 esse
3222 2132 3534 2198 paradisum
3554 2176 3570 2202 ,
3592 2200 3598 2205 _
3622 2152 3730 2191 non
3770 2139 3898 2201 duos.

2363 2214 2458 2264 sed
2492 2225 2617 2265 eum
2671 2213 2905 2284 duplicis
2958 2232 3078 2274 esse
3098 2213 3485 2289 Ionditionis,
3532 2242 3804 2297 corporea:
3853 2241 3893 2287 et

2364 2298 2720 2370 incorporeas,
2783 2318 3127 2376 consequens
3179 2321 3261 2366 est
3317 2322 3376 2366 ut
3419 2314 3760 2383 doceamus,
3801 2323 3900 2390 quis

2362 2405 2679 2460 corporeus,
2710 2404 2762 2449 et
2803 2398 2927 2467 quis
2955 2398 3311 2469 incorporeus
3340 2406 3411 2460 sit
3436 2410 3750 2477 paradisus.
3787 2412 3895 2467 Cor-

2362 2496 2586 2549 poreum
2621 2485 2787 2555 igitur
2831 2492 3144 2558 paradisum
3188 2509 3310 2549 esse
3352 2500 3671 2566 statuimus,
3705 2504 3900 2559 arbom

2361 2573 2543 2627 omnis
2571 2577 2787 2645 generis
2811 2579 3093 2648 plurimas,
3122 2586 3387 2641 varietate
3409 2589 3899 2661 pulchritudineque

2362 2661 2738 2729 admirandas,
2793 2680 2957 2737 atque
3009 2671 3268 2728 [oliorum
3317 2687 3370 2731 et
3434 2677 3763 2757 fructuum,
3806 2700 3899 2755 qua

2361 2754 2447 2807 sui
2484 2758 2840 2825 cupiditatem
2876 2765 3460 2835 excitentmaximam,
3484 2756 3724 2839 feraces,
3750 2754 3902 2846 teque.

2360 2844 2565 2912 bilique
2617 2859 2781 2918 atque
2826 2855 3206 2913 anitenissimo
3258 2862 3465 2928 positas
3517 2865 3637 2919 loco
3683 2844 3898 2921 :ﬂutnrn

2360 2950 2622 3005 praetcrea
2656 2942 2848 3011 ingens
2877 2956 2930 3000 et
2963 2949 3203 3017 amplum
3241 2967 3351 3022 quo
3396 2954 3502 3009 illa
3529 2957 3803 3027 rigantur,
3835 2961 3899 3013 lo-

2359 3046 2481 3083 cum
2517 3031 2753 3103 denique
2796 3036 2973 3105 ipsum
3006 3041 3333 3109 spatiosum,
3368 3056 3607 3114 gratum.
3633 3058 3801 3118 atque
3826 3066 3897 3104 ac-

2358 3127 2705 3181 commodum
2746 3130 2812 3185 ad
2861 3147 3021 3187 usum
3058 3136 3563 3210 babitationemque
3616 3144 3898 3201 hominum.

2361 3210 2576 3269 Rursus
2635 3219 2946 3285 paradisum
2998 3224 3090 3292 qui
3137 3226 3204 3279 ad
3265 3229 3461 3283 mentis
3507 3232 3895 3304 intelligentiam

2349 3314 2581 3373 spectat,
2607 3315 2883 3380 quemque
2915 3314 3294 3383 ineoiporeum
3332 3322 3688 3381 nominamus
3710 3366 3726 3391 ,
3759 3329 3894 3382 vitam

2347 3412 2468 3451 esse
2495 3399 2786 3457 detlnimus
2822 3419 2941 3473 qute
2980 3408 3139 3476 plane
3189 3415 3489 3468 secundum
3528 3429 3795 3481 mentem.
3826 3436 3896 3491 per

2349 3494 2763 3559 temperantiam
2795 3497 3250 3571 sanctitatemque
3286 3500 3617 3563 excellenter
3652 3512 3891 3583 agitatur,

2352 3582 2572 3651 plenam
2626 3588 2998 3663 meditationis
3049 3609 3229 3647 rerum
3275 3605 3387 3664 tum
3436 3599 3755 3657 divinarum
3804 3614 3892 3657 tum

2337 3676 2736 3745 conditarum;
2777 3697 2804 3733 a
2835 3698 2941 3751 qua
2975 3691 3163 3751 procul
3194 3689 3375 3743 absint
3402 3700 3585 3753 curas,
3629 3713 3896 3758 maerores.

2344 3770 2602 3837 gemitus,
2656 3774 3087 3827 concomitantcr
3148 3793 3274 3832 vero
3332 3783 3585 3850 gaudium
3612 3826 3629 3850 ,
3658 3795 3664 3799 ‘
3695 3788 3892 3853 laetitia,

2343 3861 2655 3914 exsultatio.
2688 3862 2821 3915 Nam
2864 3865 2955 3933 qui
2980 3867 3031 3918 in
3062 3868 3161 3922 hoc
3211 3872 3469 3939 paradiso
3503 3881 3895 3941 versantur,vi-

2296 3987 2305 3999 .
2347 3961 2452 4002 tam
2492 3952 2653 4019 plane
2698 3954 2907 4007 beatam
2943 3968 3106 4021 atque
3138 3962 3437 4029 angelicam
3467 3966 3683 4033 vivunt,
3726 3972 3895 4023 radiis-

2343 4056 2451 4110 que
2477 4044 2680 4098 divinze
2710 4048 2951 4102 nationis
2992 4050 3356 4119 illustrantur,
3384 4064 3441 4109 ut
3468 4061 3674 4129 angeli.
3713 4061 3892 4131 Βιιρινι

2341 4131 2508 4202 igitur
2565 4136 2654 4190 ille
2712 4140 3000 4206 paradisus
3035 4156 3305 4212 quatenus
3338 4149 3557 4216 quidem
3617 4167 3893 4221 corporeus

2346 4236 2484 4288 erat,
2520 4229 2737 4291 Adami,
2764 4228 2995 4300 Evmque
3026 4248 3228 4303 corpus
3253 4238 3561 4294 oblectabat
3594 4259 3608 4296 :
3635 4256 3887 4313 quatenus

2344 4330 2469 4368 vero
2507 4318 2859 4387 incorporeus
2886 4334 3048 4392 atque
3081 4327 3146 4379 ad
3180 4338 3412 4382 mentem
3444 4343 3728 4400 spectans,
3763 4336 3888 4404 ipso-

2344 4422 2465 4460 rum
2500 4411 2786 4465 recreabat
2819 4415 3051 4469 animos.
3085 4416 3295 4488 Quippe
3319 4424 3552 4478 utcibus
3586 4434 3890 4498 'corporatus

3087 4522 3118 4559 o
3150 4517 3260 4559 tum
3287 4510 3353 4563 de
3398 4510 3506 4564 Deo
3540 4512 3664 4582 ipso
3693 4526 3802 4569 tum
3839 4517 3889 4568 de

2341 4588 2408 4641 iis
2441 4591 2605 4644 rebus
2637 4607 2774 4659 quas
2810 4592 2952 4649 Deus
2982 4599 3260 4661 condidit,
3298 4604 3469 4669 pascit
3513 4608 3765 4661 animum
3813 4623 3885 4661 ra-

2340 4685 2487 4736 tione
2513 4686 2829 4752 prmditum.
2868 4688 3101 4744 Perinde
3136 4692 3280 4746 enim
3320 4695 3545 4751 scientia
3580 4709 3635 4752 et
3667 4702 3885 4770 cognitio

2349 4776 2541 4840 animi,
2578 4787 2742 4846 atque
2774 4781 2951 4848 panis,
2985 4786 3229 4852 corporis
3268 4796 3350 4841 est
3382 4789 3732 4846 alimentum.

2950 4914 3182 4972 CAPUT
3227 4918 3313 4975 Ill.

2397 5044 2812 5102 Consentaneum
2848 5061 2923 5104 est
2980 5051 3167 5107 Veteris
3210 5055 3525 5112 Testameutt'
3573 5057 3885 5132 Scriptum

2331 5138 2546 5205 mystice
2564 5139 2927 5208 interpretari.
2947 5173 3009 5181 —
3031 5144 3169 5198 Sunt
3195 5146 3333 5200 inter
3358 5149 3642 5205 haereticos
3665 5155 3758 5222 qui
3776 5167 3883 5205 con-

2332 5227 2563 5277 tendunt
2602 5230 2824 5284 minime
2878 5235 3195 5297 convenire,
3248 5249 3297 5289 ut
3337 5236 3882 5297 Veteris'l‘estamcnti

2338 5318 2542 5385 scripta
2578 5323 2823 5390 mystice,
2854 5334 3016 5393 atque
3048 5326 3206 5381 aliter
3235 5345 3396 5399 quam
3451 5334 3520 5388 de
3554 5337 3693 5403 ipsis
3721 5340 3879 5396 rebus,

2340 5405 2772 5475 interpretentur
2801 5431 2814 5467 :
2860 5418 3205 5487 graviterque
3233 5434 3499 5477 accusant
3521 5440 3619 5479 eos
3652 5429 3746 5494 qui
3774 5442 3880 5482 ctu-

2336 5510 2415 5550 tra
2448 5498 2675 5558 faciunt.
2731 5505 2893 5574 Atqui
2930 5509 2972 5561 si
3006 5510 3076 5562 ita
3130 5521 3362 5579 statuas,
3396 5518 3563 5570 multa
3598 5532 3658 5571 ut
3712 5533 3877 5573 consc-
