4008 6342
145 233 235 302 489

1236 224 1335 285 DE
1375 224 1775 297 PAHADISO.
1824 250 1892 261 -
1931 225 2125 286 ΡΑ.Βὸ
2162 226 2217 286 Ι.

3273 222 3380 285 490

144 350 351 417 quantur
378 341 610 397 absurda
652 355 936 396 necessum
964 349 1068 396 est.
1105 339 1289 394 Pritnn
1321 341 1467 396 enim
1501 340 1675 396 Vetus
1711 359 1751 414 Α
1783 340 2049 397 Praeterea
2101 340 2270 396 Mosis
2298 347 2608 412 serpentem
2639 355 2852 396 aeneum
2883 353 3045 410 quem
3076 340 3130 394 in
3161 340 3382 397 deserto

143 438 524 494 Testamentum
551 434 688 489 nihil
723 433 829 489 nisi
856 448 1032 489 meras
1063 433 1352 504 nudasque
1381 435 1687 490 continebit

140 529 372 587 historias
426 545 441 582 ε
495 525 809 596 carebitque
881 542 1105 597 prorsus
1192 528 1437 598 mysticis
1514 527 1687 582 sancti

139 625 353 695 Spiritus
401 620 601 688 sensis,
650 620 844 677 deinde
903 620 1292 675 obﬁrmabitur
1348 620 1575 675 Manetis
1637 631 1691 674 et

136 713 404 771 Marcionis
436 712 728 781 sententia,
764 714 857 784 qui
887 712 1146 768 dicebant
1174 713 1338 768 Vetus
1361 714 1684 768 Testamen-

135 819 235 863 tum
268 819 599 877 nequaquam
629 805 697 860 ab
728 813 949 860 auctore
983 804 1075 859 Dei
1107 804 1315 860 Christi
1340 804 1509 860 Patre
1532 820 1679 861 esse.

139 898 386 971 Prarterea
453 896 561 952 nisi
623 894 679 951 in
731 895 837 951 illo
882 895 1166 950 recondita
1227 894 1432 950 fuerint
1491 909 1692 950 arcana

134 1002 302 1054 sensa,
371 987 514 1041 unde
572 994 800 1056 potuere
852 987 1017 1056 prisci
1091 994 1313 1055 patres,
1389 978 1691 1057 prophetat,

134 1079 321 1148 aliique
348 1078 521 1132 sancti
552 1076 656 1132 viri
689 1077 992 1148 intelligere
1024 1077 1306 1132 Christum
1334 1077 1464 1132 olim
1500 1088 1695 1133 ventu-

131 1186 279 1236 rum;
313 1186 377 1225 ex
418 1185 597 1241 eaque
628 1185 687 1225 re
730 1179 880 1225 tanto
931 1168 1068 1224 allici
1095 1169 1341 1239 gaudio?
1376 1168 1621 1240 Denique
1648 1170 1694 1225 si

129 1264 194 1319 ita
218 1277 342 1318 cum
387 1262 497 1323 illis
545 1262 820 1318 luereticis
853 1263 1146 1327 sentimus,
1192 1263 1442 1334 profecto
1486 1262 1541 1317 in
1595 1260 1694 1317 Ju-

125 1356 383 1411 daismum
430 1355 764 1417 incidimus;
800 1356 1001 1428 quippe
1039 1356 1234 1422 Judaei,
1274 1363 1332 1411 ut
1379 1356 1473 1427 qui
1522 1352 1698 1427 Spiri-

127 1458 209 1505 tus
254 1448 427 1504 sancti
479 1457 729 1520 expertes
781 1459 948 1515 sunt,
1010 1450 1115 1504 alia
1171 1466 1333 1519 quam
1391 1449 1696 1521 corporalia

121 1555 406 1611 crassaque
432 1557 594 1598 sensa
637 1542 784 1597 nulla
814 1543 1244 1613 amplectuntur.
1285 1540 1487 1596 Verum
1524 1544 1700 1597 enim-

122 1648 244 1688 vero
270 1634 488 1689 arcanis
518 1635 684 1688 etiam
749 1634 930 1690 modis
992 1643 1157 1703 atque
1221 1634 1471 1704 mysticis
1524 1634 1699 1710 expli-

1792 436 2082 505 suspendit
2119 435 2190 490 ob
2222 435 2417 490 oculos
2442 433 2632 505 populi
2657 432 2723 500 ",
2758 434 2901 488 idem
2927 432 3181 488 Christus
3214 435 3383 488 inter-

1794 534 2043 595 pretatur
2075 524 2305 596 mystice
2332 527 2397 579 de
2419 539 2519 580 sua
2548 538 2739 588 cruce,
2778 524 2909 578 dum
2940 524 3019 578 ait
3049 540 3063 578 :
3108 524 3381 589 Quemad-

1795 620 2012 673 modum
2067 620 2121 673 in
2158 618 2324 671 altum
2372 617 2591 672 sustulit
2623 617 2795 671 Moses
2846 628 3141 685 serpentem
3168 617 3225 671 in
3254 615 3387 687 solt-

1797 713 2017 776 tudine,
2058 712 2134 766 ita
2187 710 2520 764 exaltabitnr
2573 709 2747 764 Filius
2793 709 3021 763 hominis
3040 708 3106 763 ".
3144 708 3386 764 Rursum

1795 819 1953 875 aqua:
1975 804 2081 858 illae
2114 802 2183 857 de
2211 801 2415 873 quibus
2440 815 2564 856 cum
2598 800 2951 883 Samaritana
3011 800 3241 856 muliere
3270 800 3391 855 eol-

1797 899 2028 967 loquens
2059 895 2135 949 ait
2167 912 2181 949 :
2217 897 2385 965 Aqua:
2429 909 2560 965 quas
2626 910 2718 963 ego
2775 893 2844 946 do
2900 882 2972 960 ei,
3004 893 3131 962 [ient
3182 895 3237 947 in
3273 896 3387 959 ipso

1798 990 1968 1061 fontes
1994 990 2348 1043 scaturientes
2379 988 2434 1041 in
2464 987 2629 1041 vitam
2657 996 2911 1041 wteruam
2933 987 2977 1018 ¹⁸
2997 1027 3012 1052 ,
3040 1002 3386 1059 nequaquam

1797 1082 2044 1154 profecto
2099 1090 2411 1153 corporataa
2467 1096 2647 1151 aquae,
2707 1082 2802 1136 sed
2860 1080 3106 1152 mysticae
3144 1081 3389 1137 bierunt.

1801 1174 2045 1245 Denique
2103 1172 2310 1229 Paulus
2360 1187 2587 1244 quoque
2644 1174 2929 1244 apostolus
2984 1189 3193 1230 arcano
3224 1189 3388 1230 sensu

1800 1267 2197 1337 interpretatur
2239 1267 2377 1323 duas
2417 1266 2654 1322 Abrahae
2688 1282 2915 1333 uxores,
2942 1266 3136 1322 Saram
3166 1277 3220 1322 et
3245 1266 3391 1337 Aga-

1801 1375 1941 1426 rem,
1979 1360 2215 1415 duorum
2280 1358 2549 1429 inquiens
2581 1368 3039 1415 testamentorum
3086 1359 3209 1415 illas
3271 1360 3396 1416 esse

1816 1452 2101 1521 ﬁguras".
2136 1449 2403 1507 Similiter
2435 1462 2648 1521 petram
2691 1450 2840 1505 illam
2877 1466 3002 1521 quae
3027 1451 3395 1507 comitabatur

1803 1545 2106 1611 lsraelitas,
2152 1543 2632 1614 profundebatque
2686 1542 2794 1597 illis
2849 1557 3021 1613 aquas
3071 1542 3126 1597 in
3181 1551 3393 1613 potum,

1796 1636 2041 1706 ﬁgurate
2096 1635 2340 1705 esplicat
2372 1634 2596 1715 quando
2617 1634 2783 1702 ait",
2832 1648 2953 1689 eam
2983 1644 3191 1706 petram
3225 1633 3399 1688 fuisse

118 1726 320 1781 candos
365 1740 491 1780 esse
525 1740 716 1781 sacros
767 1724 984 1792 Libros,
1032 1743 1096 1780 ex
1152 1725 1219 1780 iis
1252 1727 1547 1781 coniicitur
1576 1743 1695 1796 qua:
1728 1701 1774 1760 Β
1802 1727 2107 1785 Christum.
2168 1726 2248 1782 Ex
2304 1727 2390 1783 his
2447 1710 2619 1798 igitur
2664 1726 2940 1781 omnibus
2972 1726 3235 1795 colligere
3288 1733 3398 1782 est.

126 1820 287 1873 modo
324 1814 675 1887 subjieinitts.
722 1818 780 1873 Si
816 1819 961 1875 enim
1010 1819 1154 1890 quod
1203 1820 1455 1890 capiendi
1494 1818 1693 1887 Judaei,

115 1910 279 1980 inque
313 1910 572 1966 exsilium
606 1911 871 1976 ducendi,
894 1911 1150 1981 quodque
1184 1928 1380 1967 rursus
1426 1911 1696 1967 liberandi

114 2002 521 2069 reducendique
570 2004 888 2073 in-patriam
936 2013 1121 2058 essent
1148 2020 1163 2070 ;
1188 2019 1308 2072 qua;
1343 2004 1522 2074 reipsa
1558 2010 1695 2057 cou-

120 2092 390 2165 tingentes
446 2096 631 2165 ﬁgurae
678 2094 899 2149 fuerunt
930 2111 946 2148 :
976 2095 1119 2164 jnssi
1172 2107 1302 2149 sunt
1332 2096 1501 2151 divini
1545 2105 1698 2150 vates

112 2185 302 2255 ﬁguris
332 2194 498 2255 atque
553 2186 694 2257 typis
728 2186 1056 2255 quibusdam
1094 2186 1415 2256 praedicere,
1468 2204 1579 2256 quo
1616 2190 1698 2241 vi-
1794 2252 1799 2257 ι

111 2279 305 2335 delicet
361 2279 457 2334 Dei
514 2280 855 2349 providentia
912 2279 1027 2348 jam
1084 2289 1197 2333 tum
1246 2289 1698 2350 agnosceretur:

111 2368 252 2423 sicut
300 2368 451 2437 apud
508 2367 844 2422 Ezechieletn
887 2371 951 2424 de
982 2368 1249 2423 sumendo
1276 2367 1470 2433 latere,
1517 2368 1584 2422 de
1614 2367 1700 2421 di-

110 2458 357 2515 videndis
388 2459 574 2513 barbte
611 2469 665 2513 et
690 2459 886 2529 capitis
916 2459 1044 2530 pilis
1090 2444 1429 2513 et'cubando
1475 2458 1530 2512 in
1560 2458 1698 2513 lates

108 2551 282 2615 ribus,
318 2552 509 2606 videre
563 2552 701 2616 est“;
756 2551 887 2604 item
943 2549 1085 2619 apud
1131 2550 1337 2604 Isaiam
1392 2550 1459 2603 de
1491 2551 1701 2603 amictu

110 2644 275 2705 sacci.
315 2644 504 2713 deque
556 2642 813 2697 nudando
865 2641 1174 2712 corpore';
1230 2650 1492 2710 praeterea
1556 2640 1701 2711 apud

105 2733 408 2792 Jeremiam
464 2735 531 2790 de
590 2734 723 2806 jugo
777 2744 833 2790 et
883 2733 1196 2798 \‘ineulis';
1262 2733 1501 2802 denique
1555 2732 1703 2802 apud

107 2823 303 2881 Oscam
338 2822 411 2881 de
442 2826 690 2879 ducenda
724 2840 897 2880 uxore
947 2825 1196 2879 adultera
1227 2833 1285 2879 et
1334 2824 1700 2890 meretrice’;

106 2926 267 2983 atque
297 2916 376 2969 ita
401 2915 471 2969 de
493 2915 617 2970 aliis
657 2914 911 2985 plurimis
935 2928 1057 2985 qua:
1089 2929 1238 2969 nunc
1270 2930 1378 2969 non
1414 2925 1497 2970 est
1524 2930 1705 2985 operte

107 3007 349 3074 pretium
395 3022 724 3078 percensere
763 3025 777 3062 :
816 3020 1023 3077 quanto
1049 3008 1223 3077 magis
1263 3017 1701 3065 consentaneum

104 3100 460 3168 putabimus,
514 3100 569 3152 in
616 3099 731 3170 lege
782 3110 948 3169 atque
994 3102 1276 3173 prophetis
1309 3100 1535 3173 mystice
1566 3100 1704 3169 ﬁgu-

105 3203 337 3263 rateque
414 3193 507 3246 illa
567 3193 887 3247 admiranda
944 3206 1110 3264 atque
1180 3194 1698 3265 prmcelletitissitna

103 3300 285 3354 neque
318 3299 573 3351 unquam
617 3285 751 3337 satis
790 3284 1060 3339 laudanda
1097 3299 1261 3355 opera
1306 3300 1426 3355 quae
1463 3282 1701 3339 Verbum

103 3374 197 3431 Dei
259 3377 554 3441 Christus,
590 3375 719 3430 dum
761 3376 816 3429 iit
878 3391 1042 3431 carne
1097 3385 1366 3442 versatur,
1427 3376 1700 3445 patravit,

99 3483 343 3539 quaeque
380 3468 546 3523 nobis
578 3470 631 3522 in
668 3468 875 3522 mundo
904 3468 996 3522 illo
1026 3469 1383 3537 sempiterno,
1412 3468 1570 3536 cujus
1608 3478 1703 3535 spe

100 3561 432 3617 certissima
452 3560 709 3625 fruimur,
728 3570 988 3616 eventura
1010 3560 1279 3629 promisit,
1298 3573 1420 3614 esse
1442 3573 1702 3628 praenun-

98 3656 275 3709 tiata!
341 3654 434 3709 Ad
487 3654 611 3721 hoc,
663 3653 1073 3721 tabernaculum
1130 3651 1258 3706 illud
1307 3651 1503 3721 exiguo
1536 3649 1702 3704 dura-

96 3755 291 3799 turum
324 3754 620 3813 tempore,
660 3759 772 3815 quo
825 3754 1024 3798 ornatu
1080 3757 1349 3813 corporeo
1403 3750 1554 3796 θεεθι
1601 3756 1702 3795 εἷο

91 3839 448 3892 struendum
478 3852 509 3891 a
542 3834 710 3904 Mose,
747 3851 854 3891 non
885 3846 1013 3890 ante
1053 3836 1107 3889 in
1139 3835 1261 3903 ipso
1293 3844 1479 3890 monte
1513 3834 1706 3905 mysti-

91 3930 173 3984 cis
206 3931 412 3984 modis
447 3929 551 3999 ipsi
591 3930 910 3984 ostenderat
938 3928 1116 3983 Deus!
1156 3928 1301 3981 Sane
1347 3942 1414 3983 eo
1450 3938 1704 3997 Spectant

93 4025 265 4079 verba
292 4023 397 4078 illa
425 4038 572 4093 quae,
597 4033 886 4092 postquam
907 4022 997 4075 ille
1016 4022 1395 4076 descendisset
1416 4020 1701 4085 demonte,

88 4118 153 4169 ad
187 4119 390 4187 ipsum
446 4116 534 4169 hic
568 4114 824 4179 faciebat,
858 4114 1117 4185 inquiens
1153 4130 1168 4168 :
1209 4112 1391 4169 Videto
1432 4130 1496 4169 ac
1538 4114 1704 4184 facito

86 4215 281 4266 Omnia
310 4211 393 4263 ad
417 4210 477 4262 id
496 4209 768 4278 exemplar
803 4210 941 4278 quod
975 4209 1071 4262 tibi
1102 4209 1158 4262 in
1192 4219 1368 4262 monte
1405 4210 1614 4263 ostendi
1638 4209 1701 4263 ".

86 4304 238 4370 Quid
262 4300 560 4359 Gedeonis
592 4302 821 4355 vellus”
847 4301 869 4353 ?
895 4300 1035 4366 Quid
1066 4299 1247 4355 Elisaei
1279 4301 1584 4373 hydria"?
1610 4317 1707 4356 an-

1803 1817 2012 1874 Veteris
2077 1814 2413 1871 Testamenti
2480 1815 2650 1875 libros
2711 1830 2820 1870 non
2896 1813 3061 1870 modo
3113 1814 3181 1869 de
3233 1813 3403 1869 rebus
3452 1842 3455 1845 »

1802 1908 1962 1979 ipsis,
1987 1922 2179 1963 verum
2208 1908 2373 1962 etiam
2408 1906 2639 1978 mystice
2659 1920 2725 1962 ac
2752 1905 2986 1977 ﬁgurate
3012 1913 3175 1976 atque
3196 1920 3397 1961 recon-

1803 2000 2107 2057 ditioribus
2141 2000 2324 2056 modis
2358 1999 2707 2069 interpretari
2735 1997 2953 2055 debere.

2402 2091 2637 2149 CAPUT
2681 2091 2772 2148 ιν.

1878 2184 2011 2241 Utra
2038 2186 2368 2255 expositione
2397 2184 2620 2255 mystica
2654 2202 2717 2240 ne
2757 2202 2828 2239 an
2868 2185 3127 2243 historica
3176 2189 3242 2241 sit
3288 2190 3406 2258 pri-

1805 2294 1951 2331 mum
1993 2279 2426 2348 interpretandus
2465 2278 2783 2347 paradisus.
2823 2278 3093 2349 «Igitur
3124 2294 3251 2335 cum
3299 2280 3395 2336 du-

1805 2371 1969 2443 plicis
2038 2371 2111 2427 sit
2169 2370 2508 2447 conditionis
2573 2370 2900 2442 paradisus,
2968 2381 3404 2429 consentaneum

1804 2463 1972 2517 etiam
2029 2470 2117 2518 est
2148 2471 2206 2517 ut
2241 2462 2444 2532 duplici
2483 2463 2649 2517 modo
2679 2462 3112 2534 interpretetur,
3172 2463 3405 2535 mystice

1806 2562 1863 2608 et
1890 2563 2189 2623 corporate
2223 2570 2238 2608 :
2275 2553 2383 2608 hoc
2415 2562 2521 2619 est,
2559 2563 2622 2608 ut
2647 2561 2764 2609 tum
2792 2569 2884 2609 res
2909 2553 3043 2624 ipsa:
3073 2562 3411 2626 pertracten-

1809 2660 1923 2714 tur,
1955 2659 2071 2704 tum
2100 2664 2165 2720 es
2195 2648 2362 2716 rebus
2387 2647 2646 2703 notiones
2676 2629 2800 2703 alia:
2833 2646 3021 2738 quasi.
3035 2662 3134 2720 per
3175 2648 3407 2720 ﬁguram

1808 2740 2503 2811 intelligantur;caaternm
2552 2738 2646 2794 illa
2686 2738 3073 2809 interpretatio
3101 2755 3227 2795 cum
3277 2740 3408 2796 fun-

1806 2829 2073 2884 damento
2104 2837 2159 2882 et
2191 2826 2502 2898 parietibus
2529 2837 2677 2883 recte
2703 2825 3047 2882 conteratur.
3077 2826 3217 2882 Cum
3242 2828 3411 2901 igitur

1808 2931 1943 2977 tunc
1981 2919 2205 2975 demum
2253 2919 2399 2973 muri
2430 2917 2746 2973 immobiles
2778 2918 3093 2974 consistant
3130 2920 3225 2976 ubi
3280 2921 3421 2993 [un-3

1810 3013 2069 3067 damenta
2121 3020 2251 3068 sunt
2287 3010 2480 3077 ﬁrma,
2515 3025 2579 3066 ac
2626 3010 2858 3081 proinde
2914 3011 3030 3066 haec
3058 3011 3215 3081 prius
3262 3000 3425 3080 iacta

1814 3116 2128 3172 essequam
2197 3100 2277 3156 illi
2332 3110 2690 3157 exstruuntur
2737 3110 3009 3173 oporteat,
3044 3105 3262 3159 tametsi
3311 3120 3409 3175 pa-

1815 3199 2002 3262 rietes,
2030 3210 2208 3266 eaque
2238 3210 2363 3266 quae
2393 3204 2621 3265 paratus
2664 3194 2865 3250 aedium
2907 3194 3105 3261 forma,
3154 3198 3313 3267 prius
3350 3200 3405 3251 tn

1814 3288 2002 3345 animo
2024 3296 2193 3359 atque
2226 3286 2562 3358 cogitatione
2604 3301 2636 3341 a
2688 3287 2849 3342 nobis
2878 3297 3177 3345 versentur
3241 3306 3406 3359 quam

1814 3381 2210 3449 fundamenta;
2272 3394 2581 3450 congruum
2634 3393 2856 3449 quoque
2896 3389 3003 3442 est.
3049 3391 3109 3436 ut
3148 3381 3216 3436 de
3249 3382 3411 3436 rebus

1815 3470 1955 3540 ipsis
2028 3468 2414 3541 interpretatio
2473 3467 2627 3538 prior
2675 3469 3088 3537 constituatur;
3136 3485 3270 3541 quo,
3301 3470 3407 3524 hac

1815 3561 2012 3616 deinde
2044 3576 2144 3616 ceu
2202 3559 2583 3627 fundamento,
2629 3561 2862 3630 mystica
2916 3559 3007 3615 illa
3064 3571 3414 3619 sustentetur

1816 3653 2154 3722 uitaturque.

2447 3743 2678 3800 CAPUT
2724 3743 2793 3799 V.

1889 3835 2141 3901 Quotidie
2165 3836 2301 3888 inter
2329 3834 2450 3888 illos
2478 3850 2570 3889 sex
2597 3835 2712 3889 dies
2744 3834 2938 3902 quibus
2983 3836 3227 3892 condidit
3270 3839 3409 3894 Deus

1816 3928 1949 3982 hanc
1972 3928 2347 3997 aspectubilem
2366 3929 2668 3982 machinam
2699 3928 2767 3981 sit
2782 3928 3025 3982 conditus
3047 3939 3207 4001 atque
3231 3934 3413 3986 consi-

1817 4030 1901 4082 tus
1942 4020 2248 4090 paradisus.
2280 4052 2340 4060 —
2379 4021 2652 4075 Caeterum
2692 4019 2873 4075 Muses
2918 4021 3134 4086 scribit,
3171 4039 3267 4078 sex
3302 4025 3415 4078 die-

1815 4110 1920 4165 bus
1938 4111 2219 4167 crearisse
2247 4109 2421 4165 Deum
2468 4112 2613 4166 hanc
2642 4113 2960 4166 machinam
2994 4117 3407 4183 aspectabilem.

1820 4204 2003 4261 Primo
2030 4204 2180 4261 enim
2235 4204 2554 4260 condidisse
2606 4204 2809 4260 coelum
2840 4246 2854 4272 ,
2918 4213 3147 4273 terram,
3198 4210 3412 4278 lucem;

1817 4298 2082 4363 secundo,
2130 4296 2339 4351 aethera
2390 4298 2504 4350 sive
2558 4294 3006 4364 ﬁrmamentum;
3038 4299 3221 4365 tertio,
3247 4300 3412 4355 arbo-

83 4412 201 4451 non
263 4403 484 4469 praeter
525 4393 672 4463 ipsas
716 4407 804 4448 res
833 4408 954 4463 quae
1004 4394 1331 4463 agebantur,
1370 4393 1474 4447 alia
1534 4396 1700 4447 etiam
1742 4418 1785 4473 υ
1816 4406 1925 4457 res,
1960 4390 2183 4455 herbas,
2212 4391 2469 4453 semina;
2502 4399 2726 4457 quarto,
2783 4389 2980 4457 solem,
3037 4390 3249 4457 lunam,
3282 4397 3414 4449 stel-

74 4476 320 4545 geclusa
356 4488 421 4540 in
462 4485 598 4555 ipsis
624 4495 782 4539 erant
822 4485 1185 4577 sensa?.quid
1219 4485 1486 4552 triticum,
1524 4486 1705 4556 palea,

84 4580 520 4644 ventilabrum,
541 4591 662 4648 quae
687 4588 1081 4632 commemorat
1102 4577 1346 4633 Joannes
1367 4577 1609 4648 Baptista
1626 4578 1708 4631 “1?

82 4691 225 4729 num
263 4688 379 4744 pro
412 4672 553 4741 ipsis
585 4671 748 4725 rebus
776 4671 1266 4741 suntaccipienda,
1294 4684 1359 4725 ac
1392 4686 1501 4725 non
1529 4672 1711 4741 potius

83 4781 391 4823 arcanum
438 4763 571 4833 quid
604 4778 697 4834 per
727 4779 790 4818 ea
846 4764 1155 4832 signiﬁcare
1178 4764 1271 4818 ille
1305 4763 1710 4833 volebatiquin

80 4863 211 4932 ipse
244 4862 443 4916 etiam
482 4856 744 4914 Dominus
774 4868 964 4913 noster
1016 4857 1092 4911 ait
1142 4858 1520 4912 Abrahamum
1553 4870 1711 4928 opta-

79 4958 241 5024 visse
276 4965 339 5008 ut
382 4951 599 5007 videret
636 4936 781 5006 diem
828 4952 1038 5022 ipsius,
1086 4968 1149 5007 ac
1191 4952 1393 5008 vidisse
1425 4954 1713 5024 gavisam-

78 5065 196 5120 qtte
230 5044 480 5110 esse“;
515 5062 674 5117 quem
706 5054 886 5101 tamen
936 5048 1093 5105 aliter
1120 5047 1434 5117 prospicere
1466 5060 1573 5101 non
1611 5061 1712 5116 po-

78 5144 196 5197 tuit
274 5142 431 5213 ille,
498 5155 663 5209 quam
712 5155 810 5210 per
847 5149 1031 5209 typum
1092 5156 1156 5194 ac
1195 5141 1486 5210 mysteria,
1551 5138 1713 5210 quale

77 5238 228 5292 illud
295 5232 421 5290 fuit
454 5233 599 5301 quod
633 5232 801 5288 liliutn
840 5248 997 5287 suum
1026 5234 1311 5287 immolare
1339 5232 1710 5302 jubebatur",

74 5344 144 5385 ca
180 5329 354 5385 enim
398 5324 627 5381 victima
661 5326 865 5381 Christi
906 5326 1049 5381 diem
1093 5327 1322 5396 figurate.
1359 5326 1708 5379 ostendebat.

155 5539 180 5569 ⁸
219 5533 458 5594 Ezech.
492 5546 569 5591 tv.
596 5533 651 5587 3.
727 5532 745 5563 ⁷
787 5530 889 5587 lsa.
916 5546 1006 5593 xx,
1037 5530 1092 5587 2.
1172 5530 1190 5561 ⁸
1230 5529 1432 5586 Jerem.
1478 5544 1649 5595 xxvtt,
1680 5529 1735 5585 2.

72 5625 251 5679 δεηη,
346 5605 402 5636 ι’
442 5600 510 5656 ιν
536 5602 668 5679 Reg.
700 5618 771 5679 t_v_.
800 5602 832 5679 _l
883 5617 1037 5671 seqq.
1102 5604 1180 5679 _‘_3
1220 5601 1427 5679 Matth.
1458 5619 1539 5667 ιιι,
1598 5603 1685 5679 12.

76 5683 119 5711 ιτ
163 5671 359 5734 ξιῖιωι,
400 5689 508 5733 lit.
552 5671 640 5726 Η.
720 5671 761 5703 ³⁸
792 5673 951 5727 Joatt.
997 5675 1183 5734 In”.

514 5774 781 5831 l’arnon.
830 5770 947 5831 GR.
994 5770 1142 5834 CXI.

1816 4485 2012 4555 lasque
2047 4491 2310 4549 caeteras;
2350 4482 2567 4554 quinto,
2603 4498 2732 4538 ares
2788 4498 2914 4539 aera
2944 4497 3317 4555 peragrantes.
3361 4493 3416 4542 et

1819 4579 1999 4649 pisces
2036 4594 2135 4647 per
2181 4592 2333 4632 mare
2366 4586 2640 4641 natantes,
2668 4593 2730 4632 ac
2765 4577 2915 4633 humi
2945 4595 3168 4652 quoque
3213 4596 3412 4652 repen-

1818 4683 1898 4730 tes
1926 4674 2237 4729 animantes
2262 4690 2274 4732 :
2302 4683 2485 4739 sexto,
2522 4672 2690 4738 teras,
2730 4683 3161 4744 mansuetasque
3188 4676 3415 4738 bestias,

1822 4781 2039 4822 necnon
2098 4766 2369 4821 Adamum
2431 4776 2484 4819 et
2548 4762 2744 4818 Evam.
2801 4764 2869 4820 At
2930 4767 3246 4836 paradisum
3291 4782 3417 4822 esse

1819 4860 2043 4929 quidem
2105 4876 2134 4914 a
2189 4860 2297 4914 Deo
2352 4858 2634 4914 consitum
2678 4850 3098 4927 commemorat,
3160 4860 3257 4916 sed
3303 4876 3413 4917 non

1820 4962 1991 5023 quoto
2025 4952 2113 5007 die
2149 4970 2164 5008 :
2209 4967 2310 5007 nos
2347 4961 2532 5006 tamen
2566 4941 2727 5007 tertio
2773 4962 2827 5007 et
2855 4951 3164 5019 conditum,
3194 4962 3250 5010 et
3279 4969 3412 5009 con-

1819 5050 1985 5103 situm
2014 5063 2138 5103 esse
2165 5062 2233 5102 ex
2271 5047 2342 5103 iis
2372 5047 2556 5101 κει-υἷε
2598 5060 2722 5117 qua
2758 5045 2827 5102 de
2870 5046 2991 5118 ipso
3025 5047 3171 5119 apud
3209 5046 3415 5103 Mosen:

1821 5141 2093 5196 habentur
2122 5181 2137 5207 ,
2199 5139 2607 5211 intelligimus:
2653 5138 2729 5195 ait
2785 5138 2935 5195 enim
2973 5139 3183 5196 dixisse
3242 5139 3414 5193 Deum

1819 5233 1908 5285 die
1942 5220 2102 5287 tertio
2129 5244 2145 5291 :
2177 5230 2455 5291 Produeat
2484 5241 2630 5286 terra
2668 5229 2870 5287 herbas
2901 5231 3293 5302 germinantes,
3331 5246 3420 5288 se-

1758 5322 1761 5325 ’
1821 5326 2096 5396 minisque
2126 5324 2339 5383 teraccs
2366 5326 2418 5381 in
2446 5337 2548 5381 suo
2574 5339 2770 5394 genere
2791 5324 2857 5377 ".
2890 5324 2999 5379 Nec
3051 5340 3156 5379 non
3190 5325 3421 5381 arbores

2960 5533 2999 5564 ”
3031 5529 3213 5588 Judic.
3242 5547 3313 5596 vr,
3351 5530 3422 5584 57

1850 5533 1869 5564 ⁸
1904 5529 2043 5586 Osee
2074 5547 2111 5597 t,
2143 5531 2193 5587 i.
2312 5530 2355 5562 "
2394 5529 2572 5587 Exod.
2612 5547 2741 5597 xxv,
2789 5529 2879 5587 40.
2960 5533 2999 5564 ¹¹
3031 5529 3213 5588 Judic.
3242 5547 3313 5596 rt,
3351 5530 3418 5584 57

1850 5601 1998 5657 Ioan.
2039 5617 2160 5658 vnt.
2193 5600 2284 5657 56.
2393 5601 2436 5633 ¹³
2466 5600 2604 5658 Gen.
2650 5618 2784 5658 χχιι.
2815 5603 2871 5657 2.
2950 5604 2993 5635 ¹⁶
3022 5603 3159 5658 Num
3216 5617 3325 5656 nt.
3364 5601 3418 5658 9.

1767 5602 1809 5633 "
1837 5601 1998 5657 .loan.
2039 5617 2160 5665 vnt,
2193 5600 2284 5657 56.

2312 5530 2355 5562 ¹⁰
2394 5527 2572 5587 Exod.
2612 5547 2741 5597 xxv,
2789 5529 2879 5587 40.

2393 5601 2436 5633 ¹³
2466 5600 2604 5659 Cen.
2650 5618 2784 5667 χχιι,
2815 5603 2871 5657 2.

1269 5676 1513 5728 "Calat.
1546 5689 1619 5743 tv,
1650 5674 1743 5729 2i.
1819 5674 1868 5705 ²⁰
1916 5672 2092 5729 lCor.
2135 5687 2189 5739 Χ,
2224 5674 2279 5728 4.
2359 5672 2401 5704 ’⁸
2430 5670 2570 5727 Gen.
2610 5689 2623 5727 t
2686 5673 2775 5728 ll.
2824 5738 2830 5743 ἡ

2990 5771 3063 5831 ιϐ
