4008 6342
586 174 686 239 491

1876 166 2104 229 llOSiS
2146 165 2294 226 BM!
2338 161 2582 226 CEPHA

3741 163 3836 229 492

590 293 899 351 t'ttntiieras
947 292 1032 349 sui
1094 306 1338 362 quasque
1374 288 1587 360 generis
1621 325 1635 352 ,
1703 295 1810 343 etc.
1873 284 2167 341 Paradisus
2195 296 2240 353 Α
2269 283 2518 339 Profecto
2551 283 2675 338 dico
2703 282 2820 348 tibi,
2859 282 3026 336 Hodie
3055 285 3159 337 eris
3199 299 3393 339 mecum
3427 285 3479 338 in
3511 286 3764 353 paradiso
3779 293 3838 335 ’⁸.

592 393 773 457 itaque
804 396 930 440 ante
974 383 1242 438 Adatnum
1276 381 1526 438 conditus
1560 389 1644 434 est
1685 390 1738 435 et
1777 377 1939 432 veluti
1969 392 2173 447 sponso

591 461 920 534 thalamusa
969 475 1080 531 Deo
1109 483 1447 547 pra-paratus
1492 483 1655 543 atque
1686 472 2008 527 instructus.
2035 469 2172 524 Nam

593 570 738 640 quod
767 567 941 623 Moses
962 568 1202 637 paradisi
1253 565 1458 642 conditi
1512 565 1839 620 mentionem
1869 571 1994 633 post
2017 579 2170 617 crea-

592 672 704 716 tum
732 660 999 716 Adamum
1042 659 1189 724 facit,
1216 659 1334 713 ideo
1367 659 1445 722 iit,
1471 657 1614 727 quod
1657 657 1723 711 ad
1760 656 1996 710 nondum
2043 654 2173 708 satis

593 756 918 825 explicatam
982 753 1051 811 de
1103 753 1358 826 paradiso
1405 753 1621 808 consito
1657 752 2022 806 narrationem
2068 749 2172 805 sibi

595 843 1000 906 revertendum,
1031 831 1262 912 eamque
1303 842 1689 914 absolvendam
1743 842 1993 910 putavit,
2053 855 2160 894 non

595 938 780 984 autem
825 929 982 1000 quasi
1023 929 1111 985 ille
1165 941 1286 1000 post
1325 931 1606 985 conditqu
1666 929 1939 984 Adatnutn
1997 928 2171 983 laetus

593 1020 681 1076 sit.

1197 1113 1425 1170 CAPUT
1473 1115 1560 1168 Vl.

663 1205 835 1271 Quam
885 1203 948 1260 ob
1008 1221 1230 1260 causam
1282 1206 1584 1260 condiderit
1648 1206 1786 1259 Deus
1858 1205 2173 1274 paradisum

591 1313 923 1369 corporeum.
973 1328 1045 1339 -—
1094 1297 1283 1369 Neque
1342 1313 1474 1354 \‘ero
1527 1299 1754 1353 dubium
1795 1307 1878 1352 est
1932 1302 2062 1368 quin
2122 1307 2172 1351 et

591 1388 987 1444 cohonestandi
1030 1398 1084 1444 et
1135 1390 1414 1460 voluptate
1445 1389 1715 1444 ailicieudi
1768 1389 1960 1443 Adami
2001 1389 2172 1459 gratia

595 1474 737 1531 Deus
766 1477 1078 1554 paradisum
1130 1477 1459 1543 condiderit,
1512 1488 1569 1530 ut
1596 1478 1689 1546 qui
1732 1477 1884 1532 illum
1915 1477 2017 1532 sibi
2055 1493 2174 1531 uta-

587 1566 708 1636 jore
755 1583 889 1623 cura
939 1569 1236 1640 studioque
1279 1569 1720 1640 prosequendum
1779 1571 1957 1636 duxit,
2008 1585 2170 1641 quam

2278 377 2394 433 Non
2426 391 2606 433 autem
2639 378 2778 432 dixit
2809 376 2862 432 iu
2897 382 3056 444 «mlo,
3089 379 3215 448 quia
3253 394 3427 450 neque
3472 379 3588 448 ipsa
3637 377 3838 434 Domini

2277 469 2456 522 anima
2493 469 2676 538 (simul
2726 479 2890 537 atque
2927 482 2954 519 a
3008 481 3238 535 eorpOre
3271 465 3565 520 dissociata
3598 464 3704 538 eat)
3735 479 3836 520 ete-

2277 560 2387 615 lum
2440 560 2795 634 conscendit,
2859 560 2951 614 sed
3011 560 3098 613 die
3163 559 3324 613 tertio
3381 573 3600 614 rursum
3653 573 3840 628 corpus

2278 651 2448 706 subiit
2500 665 2674 720 neque
2705 650 2845 704 latro
2876 665 3093 720 quoque
3117 665 3184 704 eo
3217 650 3305 703 die
3351 649 3406 704 in
3438 650 3638 705 coelum
3677 652 3843 717 potuit

2278 740 2526 801 evadere.
2550 756 2674 794 cum
2704 740 2852 794 dicat
2885 739 3138 795 Christus
3161 741 3434 794 neminem
3460 742 3846 812 conscendisse

2278 831 2556 886 incoelum
2606 840 2802 901 praeter
2856 846 2981 886 eum
3015 832 3106 902 qui
3159 833 3526 888 descendisset
3573 833 3640 887 de
3689 832 3845 892 cmio.

2278 922 2472 977 Filium
2534 924 2795 988 hominis,
2849 925 2941 994 qui
2994 933 3141 979 esset
3179 924 3232 978 in
3264 923 3482 980 ctelu“.
3512 923 3638 976 Fuit
3688 926 3847 993 igitur

2277 1016 2595 1085 paradisus,
2628 1033 2735 1071 non
2778 1017 2830 1071 in
2863 1018 3023 1082 etelo,
3047 1017 3141 1072 sed
3188 1017 3242 1071 in
3271 1019 3450 1072 terris.
3481 1011 3707 1086 Insuper
3736 1033 3850 1071 cor-

2280 1121 2485 1180 porata:
2521 1109 2748 1165 arbores
2772 1150 2788 1175 ,
2821 1112 3011 1182 quales
3063 1126 3250 1166 revera
3289 1113 3339 1165 in
3383 1112 3635 1180 paradiso
3669 1120 3847 1165 exsta-

2278 1203 2410 1258 bant
2437 1217 2503 1258 ex
2535 1204 2684 1274 ligno
2714 1213 3006 1271 concrelai,
3031 1220 3062 1260 e
3091 1213 3232 1258 terra
3257 1213 3388 1259 satae
3412 1204 3700 1274 pullulant,
3741 1215 3848 1257 non

2276 1304 2459 1351 autem
2518 1311 2686 1367 supra
2745 1296 2942 1352 (telum
3001 1307 3319 1352 nascuntur.
3361 1295 3601 1366 Denique
3634 1295 3852 1350 Patrum

2275 1387 2622 1456 auctoritate,
2643 1387 2731 1443 cui
2754 1388 2884 1442 lides
2907 1389 3088 1457 negari
3115 1395 3220 1441 no‘u
3245 1395 3440 1455 potest,
3457 1388 3590 1442 satis
3603 1401 3854 1456 compro-

2278 1477 2440 1533 batur
2466 1487 2782 1534 terrestrem
2834 1477 3002 1535 i'uisse
3038 1479 3371 1548 paradisum.
3414 1476 3546 1532 Nam
3591 1477 3850 1531 dominus

2278 1571 2518 1630 Joannes
2549 1571 2606 1627 in
2637 1588 2700 1628 ea
2728 1573 2979 1628 oratione
3006 1587 3113 1641 qua
3155 1571 3379 1627 disserit
3409 1585 3509 1626 cur
3559 1570 3726 1626 arbor
3760 1569 3850 1624 illa

591 1657 754 1714 ullam
806 1674 985 1715 rerum
1039 1669 1359 1716 ceterarum
1391 1677 1513 1732 qua:
1551 1676 1715 1731 super
1749 1670 1946 1716 terram
1974 1669 2178 1718 essent.
2209 1656 2254 1712 Β
2284 1667 2357 1724 sit
2419 1673 2613 1722 vocata
2667 1664 2915 1721 scientiae
2956 1664 3082 1720 boni
3114 1672 3168 1719 et
3211 1663 3364 1729 mali,
3401 1663 3590 1719 scribit
3629 1663 3684 1717 in
3712 1663 3852 1717 hanc

593 1749 762 1828 igitur
823 1751 1288 1822 quemadmodum
1355 1753 1684 1822 impensiore
1733 1754 1911 1823 ipsum
1961 1752 2173 1809 honore

591 1854 755 1910 quam
783 1840 922 1899 alias
963 1857 1052 1899 res
1079 1857 1109 1896 a
1147 1857 1206 1899 se
1231 1851 1450 1899 creatas
1479 1843 1757 1909 aiiecerat,
1801 1843 1883 1899 sic
1908 1843 2025 1899 suis
2057 1844 2173 1914 ipse

591 1933 868 2001 inanibus,
906 1944 1073 2006 atque
1113 1936 1181 1991 ad
1215 1951 1369 1992 suam
1403 1935 1696 2007 imaginem
1727 1936 1880 1991 illum
1909 1936 2169 2002 condere,

590 2037 645 2078 et
673 2025 926 2094 paradiso
966 2026 1131 2081 veluti
1173 2026 1456 2083 domicilio
1489 2043 1600 2098 pra:
1656 2029 1872 2084 caeteris
1895 2027 2172 2085 honorare

590 2115 780 2171 voluit.
846 2114 1034 2188 Itaque
1084 2117 1266 2171 locum
1330 2117 1380 2172 ei
1445 2119 1738 2173 desdnavit
1774 2125 1827 2174 et
1887 2114 2184 2174 consuevit‘

589 2206 1026 2274 ornatissimum,
1060 2207 1666 2279 magniiicentissimum
1698 2249 1713 2273 ,
1748 2209 2174 2277 voluptuosissi-

590 2311 764 2362 mum,
789 2306 846 2353 et
878 2298 949 2354 ob
979 2313 1257 2354 summam
1299 2300 1625 2370 elegantiam
1681 2300 2176 2370 pulchritudinem-

587 2401 695 2459 que
745 2385 983 2443 maxime
1042 2389 1418 2460 expetibilem,
1475 2390 1676 2459 inquo
1721 2389 1811 2446 ille
1864 2399 2176 2445 versaretur

580 2477 1014 2557 .habitaretque:
1049 2494 1228 2549 neque
1279 2478 1527 2549 permisit
1566 2489 1625 2533 ut
1670 2493 1990 2534 umerorum
2026 2493 2178 2534 more

588 2569 953 2625 animantium
986 2611 1001 2636 ,
1039 2585 1160 2640 quzr
1217 2570 1427 2625 ratione
1487 2580 1702 2632 vacant,
1757 2579 1958 2624 terram
2007 2570 2175 2640 depa-

587 2670 790 2719 sceret.

1195 2753 1426 2810 CAPIT
1465 2755 1572 2812 ΥΠ.

660 2848 738 2922 De
768 2847 1043 2917 paradiso,
1081 2863 1236 2916 super
1279 2857 1501 2913 terram,
1542 2865 1611 2902 an
1666 2850 1723 2902 in
1771 2847 1898 2904 curio
1927 2849 2170 2905 exsistat.

585 2967 658 2984 ---
686 2940 824 2996 Sunt
851 2941 942 3010 qui
999 2941 1051 2994 ιιι
1100 2940 1238 2996 caelo
1293 2941 1606 3012 paradisum
1658 2955 1780 2995 esse
1837 2950 2048 3010 putent,
2107 2933 2172 2997 eo

2278 1759 2600 1817 sententiam
2635 1775 2650 1814 :
2677 1757 2737 1813 Si
2783 1773 3009 1830 regnum
3039 1758 3164 1814 caeli
3191 1756 3441 1828 promisit
3474 1755 3632 1811 nobis
3664 1753 3852 1809 Domi-

2282 1868 2387 1909 nus
2441 1860 2650 1918 noster,
2717 1853 2986 1908 latronem
3016 1868 3147 1907 vero
3203 1853 3258 1907 in
3320 1850 3633 1923 paradisum
3691 1848 3858 1904 modo

2280 1945 2554 2012 subvexit,
2615 1958 2752 2001 sane
2800 1944 3091 2000 coniicitur
3137 1959 3244 1999 non
3278 1943 3618 2001 satisfecisse
3671 1943 3853 2012 ipsum

2279 2034 2501 2092 latroni.
2559 2036 2696 2091 Item
2746 2033 3006 2091 dominus
3065 2033 3324 2101 Severus,
3377 2033 3624 2091 oratione
3656 2034 3748 2100 32,
3785 2035 3857 2089 de

2280 2126 2563 2198 Epitronio
2585 2127 2667 2184 sic
2696 2126 2890 2184 scribit
2921 2145 2936 2181 :
2963 2127 3037 2182 Ea
3060 2143 3182 2199 quae
3207 2126 3365 2184 nobis
3395 2142 3443 2198 pt
3458 2128 3663 2186 omissa
3698 2136 3854 2191 sunt,

2279 2219 2456 2287 ipsum
2497 2227 2624 2274 sunt
2648 2218 2774 2275 caeli
2823 2234 3088 2290 regnum;
3120 2235 3226 2275 non
3260 2228 3442 2274 autem
3463 2235 3584 2286 quae
3611 2219 3665 2274 in
3689 2234 3854 2288 para-

2277 2310 2399 2366 diso
2437 2311 2772 2388 percipiatur
2798 2311 3070 2382 voluptas.
3127 2311 3285 2366 Aliud
3321 2310 3486 2381 igitur
3513 2312 3852 2380 paradisum.

2278 2402 2426 2457 aliud
2471 2417 2700 2472 regnum
2749 2403 2973 2459 emleste
3006 2417 3149 2467 esse,
3181 2403 3358 2474 palam
3402 2401 3610 2458 faciunt
3661 2403 3713 2457 hi
3744 2401 3854 2456 Pa-

2279 2503 2411 2549 tres.
2450 2492 2738 2551 Postremo
2792 2495 3052 2565 Ephrem,
3082 2495 3136 2549 in
3181 2511 3248 2549 eo
3283 2495 3440 2560 libro,
3466 2511 3578 2566 quo
3610 2497 3856 2564 paradisi

2283 2585 2656 2642 conditionem
2685 2588 3022 2657 exsequitur,
3068 2587 3273 2641 diserte
3311 2586 3508 2642 asserit
3530 2596 3855 2643 terrestrem

2277 2691 2422 2734 esse.
2455 2676 2623 2750 Igitur
2653 2680 3004 2750 perspicuum
3034 2687 3118 2735 est
3163 2680 3218 2735 in
3252 2681 3414 2736 terris
3456 2694 3579 2736 esse
3632 2680 3858 2751 paradi-

2275 2783 2420 2834 sum,
2457 2783 2567 2825 non
2601 2770 2654 2825 in
2683 2771 2847 2826 emlo.

2876 2907 3112 2965 CAPUT
3154 2906 3291 2963 \"lll.

589 3034 735 3104 quod
801 3005 961 3088 divus
1042 3030 1242 3088 Paulus
1293 3005 1580 3102 apostolus
1631 3033 1700 3088 de
1763 3005 1943 3114 seipse
2004 3005 2169 3099 dicat,
2201 3005 2245 3065 ο
2350 3037 2538 3099 Utrum
2589 3043 2875 3112 paradisus
2921 3047 2977 3096 in
3026 3045 3124 3097 hoc
3157 3053 3422 3098 terrarum
3468 3052 3642 3100 tractu
3695 3059 3861 3111 quin

587 3135 801 3196 raptum
837 3140 896 3181 se
924 3126 1092 3180 fuisse
1148 3127 1202 3179 in
1259 3127 1478 3180 tertium
1538 3126 1758 3190 uelum,
1791 3135 1844 3180 et
1875 3128 1925 3181 in
1959 3127 2174 3198 paradi-

587 3233 708 3272 sum
729 3218 812 3282 υς
860 3233 1037 3287 neque
1065 3217 1210 3271 enim
1243 3218 1348 3271 hoe
1381 3217 1724 3286 adjecturum
1757 3215 1950 3284 fuisse,
1985 3219 2170 3289 nisijn

586 3308 727 3366 cado
775 3318 921 3365 esset
957 3308 1264 3380 paradisus.
1310 3306 1509 3363 Verum
1565 3325 1665 3363 nos
1706 3310 1772 3364 ad
1825 3325 1890 3365 ea
1940 3325 2173 3381 respon-

585 3405 802 3470 demus,
830 3404 938 3458 dtto
988 3401 1156 3457 fuisse.
1181 3404 1296 3456 visa
1331 3402 1419 3457 illa
1454 3403 1507 3456 in
1569 3418 1691 3472 quae
1737 3402 1938 3458 Paulus
1988 3414 2174 3475 raptus

588 3506 739 3562 erat;
774 3510 882 3550 non
939 3496 1178 3560 unicum,
1235 3510 1358 3549 cum
1403 3495 1555 3566 ipsus
1588 3495 1735 3548 dicat
1780 3513 1794 3549 :
1849 3493 2061 3548 Veniam
2102 3495 2172 3548 ad

586 3588 702 3643 risu
730 3599 887 3658 atque
926 3587 994 3640 ad
1037 3587 1420 3656 patefactioues
1463 3586 1776 3652 Domini";
1829 3602 1937 3641 non
1989 3596 2168 3642 autem

591 3682 658 3736 ad
697 3681 871 3735 visunt
918 3691 970 3734 et
1000 3681 1066 3731 ad
1102 3680 1544 3750 patefactionem.
1598 3676 1782 3748 Neque
1822 3693 1948 3732 vero
1978 3679 2173 3732 desunt

587 3775 752 3830 etiam
785 3773 942 3828 nobis
979 3775 1273 3840 Scriptura:
1308 3771 1411 3825 loci
1439 3772 1637 3840 quibus
1666 3771 2056 3826 convincamus
2087 3771 2171 3824 di-

592 3879 776 3922 versas
827 3863 998 3918 fuisse
1028 3863 1166 3918 duas
1225 3861 1344 3916 illas
1403 3862 1822 3932 patefactioues;
1890 3869 1944 3916 et
1991 3861 2173 3932 priore

589 3955 808 4027 quidem
846 3955 897 4008 in
934 3954 1158 4019 calum,
1203 3953 1372 4007 altera
1406 3969 1534 4006 vero
1579 3955 1630 4006 iu
1662 3953 1973 4022 paradisum
2005 3951 2173 4006 fuisse

591 4047 864 4102 sublatum
911 4045 1164 4100 Paulum.
1199 4043 1310 4099 Nos
1355 4045 1524 4116 igitur
1577 4060 1740 4114 super
1797 4054 1993 4099 terram
2051 4060 2173 4100 esse

592 4138 904 4210 paradisum
931 4139 1247 4202 statuimus,
1285 4137 1450 4208 idque
1494 4138 1576 4192 his
1619 4139 1958 4208 argumentis
1997 4137 2173 4193 :Con—

596 4242 789 4296 servat,
858 4231 1057 4300 inquit,
1119 4230 1377 4284 Dominus
1431 4230 1567 4284 Deus
1596 4233 1907 4300 paradisum
1936 4233 1990 4287 in
2024 4232 2171 4287 Edeu

591 4328 656 4379 ab
713 4323 978 4388 initio“;
1025 4323 1142 4378 sive
1187 4323 1394 4393 pridem
1443 4323 1638 4377 :l‘ldeu
1675 4339 1802 4379 vero
1843 4324 2021 4378 locum
2079 4341 2171 4377 vo-

590 4432 747 4474 t-asse
783 4415 1023 4480 videtur,
1078 4431 1182 4468 non
1210 4415 1301 4485 qui
1339 4430 1505 4484 supra
1536 4416 1733 4470 caelum
1776 4425 1941 4480 esset,
1993 4419 2086 4471 sed
2117 4420 2170 4471 in

590 4509 773 4565 terris.
829 4506 1096 4562 Praeterea
1135 4499 1283 4560 idem’
1313 4506 1492 4561 Moses
1525 4504 1757 4560 aliirmat
1784 4518 2021 4576 quatuor
2071 4509 2172 4563 ilu-

589 4601 785 4656 minae
812 4596 1066 4667 paradiso
1097 4593 1449 4665 proﬂuxisse,
1477 4595 1781 4665 Tigridem,
1813 4596 2170 4665 Euphratem,

589 4693 922 4754 Gihoneum,
953 4699 1006 4745 et
1042 4689 1339 4745 Phisonem
1386 4707 1399 4741 :
1439 4704 1559 4758 qme
1613 4691 1658 4743 si
1695 4704 1727 4743 e
1770 4690 1910 4744 ctelo
1950 4689 2171 4760 delapsa

587 4793 791 4850 essent,
815 4794 1172 4838 exearassent
1201 4782 1385 4846 utique
1419 4791 1582 4852 atque
1615 4792 1768 4837 vasto
1800 4783 1967 4838 balitu
1996 4786 2167 4853 ipsam

591 4891 791 4933 terrain
822 4877 1189 4946 aperuissent,
1225 4874 1426 4944 quippe
1455 4891 1575 4944 quae
1595 4876 1870 4932 sustinere
1893 4879 2170 4946 nequivis-

587 4982 672 5026 set
700 4970 897 5024 molem
931 4980 1160 5033 tantam,
1191 4978 1396 5038 quanta
1451 4983 1605 5036 aqua:
1644 4983 1710 5022 ex
1759 4969 1878 5023 loco
1927 4980 2032 5023 tam
2075 4987 2167 5024 su-

587 5066 739 5122 blimi
772 5065 1075 5135 praecipites
1111 5065 1184 5134 (et
1214 5062 1437 5132 quidem
1487 5061 1601 5115 dies
1640 5071 1939 5132 noctesque
1988 5065 2166 5118 conti-

587 5170 757 5216 nuato
773 5160 964 5224 cursu)
999 5156 1204 5225 absque
1231 5155 1340 5208 ulla
1366 5155 1779 5210 intermissione
1808 5156 1978 5225 ipsam
2016 5172 2168 5226 pres-

585 5253 814 5317 sissent,
851 5263 1024 5319 quare
1058 5263 1088 5301 e
1122 5256 1263 5300 terra
1294 5261 1652 5315 promanasse
1678 5246 1766 5302 illa
1816 5245 2036 5302 ﬂumina
2072 5264 2167 5302 ne—

584 5361 739 5402 cesse
767 5352 869 5404 est.
902 5352 954 5397 et
986 5341 1215 5412 proinde
1253 5340 1568 5409 paradisum
1603 5356 1820 5412 quoque
1856 5323 2168 5397 terrestrem

579 5444 773 5498 tuzsse.
814 5435 890 5486 Ad
925 5435 1037 5487 haec
1093 5431 1360 5488 Dominus
1397 5442 1583 5488 uoster
1625 5435 1702 5488 ait
1745 5433 1812 5487 ad
1856 5434 2170 5490 latronem:

652 5616 695 5646 "
729 5614 769 5668 ii
817 5611 947 5668 Cor.
987 5617 1158 5682 3H,?"
1236 5616 1281 5648 "
1310 5616 1444 5672 ibid.
1480 5615 1531 5670 i.
1611 5614 1657 5696 ’g‘
1696 5613 1831 5670 Gen.
1877 5631 1934 5683 ll,
1983 5615 2032 5670 8.

2113 5617 2157 5648 ’⁸
2186 5613 2319 5670 Luc.
2359 5630 2511 5681 xxut,
2551 5615 2634 5669 4⁸5.

2279 3149 2374 3188 nos
2405 3133 2690 3189 incolimus
2718 3135 3018 3200 exsisteret,
3043 3152 3112 3189 an
3139 3136 3193 3188 in
3219 3136 3325 3189 alio
3354 3135 3619 3206 quopiam.
3644 3133 3862 3191 —Jan

2279 3238 2407 3279 vero
2440 3234 2793 3296 posteaquam
2839 3227 3182 3281 ostendimus
3211 3227 3264 3280 in
3299 3225 3458 3282 terris
3493 3223 3660 3281 fuisse
3685 3239 3861 3296 para-

2277 3315 2455 3372 disum
2484 3355 2502 3380 ,
2555 3316 2922 3388 indagandum
2987 3319 3142 3372 nobis
3190 3325 3488 3388 superest,
3543 3332 3610 3372 an
3668 3317 3725 3371 in
3773 3318 3862 3372 bis

2279 3416 2548 3465 terrarum
2616 3409 2928 3478 regionibus
2999 3425 3135 3479 quas
3211 3424 3310 3464 nos
3367 3408 3620 3465 mortales
3678 3409 3863 3465 habeo

2278 3513 2436 3562 mus,
2468 3513 2536 3553 an
2599 3501 2653 3554 in
2690 3500 2809 3554 aliis
2861 3501 3184 3568 quibusdam
3231 3500 3528 3573 exstiterit.
3581 3499 3860 3556 Ceterum

2277 3591 2569 3647 statuimus
2602 3601 2799 3645 terram
2851 3607 3014 3646 unam
3045 3591 3266 3646 omnino
3303 3606 3444 3654 esse,
3478 3599 3642 3661 atque
3686 3591 3861 3648 unius

2279 3682 2586 3737 universam
2627 3683 2976 3753 ejusdemque
3025 3693 3231 3738 naturas
3256 3701 3273 3748 ;-
3303 3698 3534 3754 eamque
3567 3693 3772 3738 terram
3807 3684 3859 3737 in

2277 3788 2383 3842 qua
2414 3773 2700 3842 paradisus
2730 3774 3046 3838 exsistebat,
3075 3775 3341 3829 diversam
3390 3773 3607 3842 quidem
3628 3789 3758 3829 esse
3790 3776 3860 3829 ab

2278 3864 2380 3917 hac
2415 3875 2624 3932 nostra,
2657 3882 2842 3920 verum
2876 3885 2980 3922 non
3017 3869 3454 3938 naturaipsaque
3481 3869 3566 3922 sui
3592 3867 3856 3933 materia,

2277 3955 2373 4009 sed
2407 3958 2630 4012 raritate
2658 3957 3093 4014 etdeusitudine.
3127 3959 3439 4014 Dividamus
3467 3958 3630 4029 igitur
3648 3967 3859 4014 terram

2276 4047 2330 4100 in
2363 4047 2498 4103 duas
2527 4050 2794 4104 maximas
2849 4059 3065 4120 partes,
3117 4066 3345 4121 quarum
3391 4052 3560 4105 altera
3610 4051 3862 4120 paradisi

2277 4148 2444 4202 terra,
2469 4139 2640 4194 altera
2669 4152 2821 4195 extra
2853 4141 3164 4211 paradisum
3203 4151 3425 4196 vocetur
3457 4141 3584 4196 :illa
3612 4141 3859 4206 subtilis,

2277 4229 2510 4292 sincera,
2535 4245 2687 4298 pura,
2716 4230 2828 4285 haec
2849 4245 2969 4300 qua:
2989 4247 3017 4283 a
3039 4231 3193 4284 uobis
3212 4230 3426 4295 colitur,
3449 4244 3654 4294 crassa,
3679 4241 3863 4284 illate-

2277 4322 2432 4387 riata,
2454 4323 2684 4392 impura,
2705 4323 2931 4377 confusa
2966 4323 3056 4378 sit.
3077 4319 3194 4374 .lam
3225 4336 3352 4375 vero
3376 4322 3647 4389 concipit-0
3667 4325 3860 4375 animo

2283 4427 2374 4470 tuo
2397 4417 2559 4470 hasce
2580 4427 2814 4484 quatuor
2837 4433 2922 4468 res
2945 4432 2956 4468 :
2981 4414 3186 4469 emittm
3216 4415 3467 4483 superius
3489 4414 3618 4468 illud
3645 4414 3897 4485 spiriti-,

2280 4512 2380 4565 bus
2398 4510 2706 4581 :tugelisqne
2736 4508 3137 4576 frequentatum
3161 4524 3174 4572 ;
3197 4508 3388 4561 deinde
3407 4508 3552 4578 quod
3587 4508 3678 4562 illo
3709 4507 3861 4562 infe-

2280 4603 2395 4658 rius
2446 4613 2552 4666 est,
2611 4603 3125 4668 ﬁrmamentumque
3195 4615 3226 4654 a
3256 4601 3411 4655 nobis
3443 4601 3627 4655 vocari
3674 4604 3858 4666 solet;

2280 4707 2464 4765 postea
2483 4710 2602 4749 eam
2629 4705 2826 4748 terram
2846 4708 2968 4763 quae
2992 4693 3224 4763 paradisi
3241 4705 3344 4761 est;
3367 4694 3580 4747 demum
3605 4709 3725 4746 earn
3749 4706 3860 4748 ter.

2280 4800 2532 4854 ranrqum
2571 4793 2655 4837 est
2673 4793 2825 4837 extra
2864 4784 3176 4851 paradisum
3195 4801 3208 4837 :
3225 4781 3420 4837 deinde
3435 4784 3506 4835 ita
3518 4780 3856 4846 existimata,

2279 4875 2732 4947 quemadmodum
2748 4875 2798 4928 id
2813 4877 2957 4944 quod
2979 4875 3378 4929 ﬁrmamentum
3394 4873 3572 4927 vocari
3588 4873 3858 4940 diximus,

2277 4970 2640 5041 przecellentia
2668 4968 2904 5039 quadam
2936 4967 3253 5023 subtilitatis
3275 4966 3412 5022 coelo
3439 4967 3513 5020 illi
3541 4967 3856 5022 sublimiori

2276 5064 2668 5133 spiritibusque
2696 5064 2875 5118 dicato
2927 5064 3100 5122 cedit;
3135 5077 3197 5116 ac
3226 5077 3442 5116 rursum
3473 5065 3660 5124 eadem
3693 5079 3862 5128 para-

2277 5157 2456 5210 disum
2489 5141 2707 5226 superat
2734 5167 2790 5211 et
2817 5155 3146 5209 crassiorem
3176 5164 3228 5208 et
3258 5155 3429 5225 magis
3465 5156 3811 5208 materiatutr
3842 5172 3858 5206 :

2281 5249 2353 5301 ita
2390 5259 2442 5302 et
2475 5248 2786 5318 paradisum
2831 5246 3093 5314 dignitate
3136 5248 3480 5317 puritatequc
3529 5245 3855 5300 inferiorem

2282 5341 2500 5409 quidem
2551 5357 2673 5394 esse
2724 5341 3107 5405 ﬁrmamento;
3163 5341 3256 5394 sed
3311 5350 3477 5405 terra,
3528 5356 3650 5408 quae
3695 5349 3858 5392 extra

2285 5434 2460 5504 ipsttm
2509 5445 2627 5499 est,
2683 5433 3136 5502 praestantiorem.
3193 5431 3275 5486 Fit
3327 5433 3508 5501 itque
3556 5441 3615 5485 ιιι
3657 5431 3859 5504 malum

2717 5613 2760 5646 "
2785 5611 2941 5669 Joan.
2983 5629 3060 5681 ut,
3116 5613 3197 5667 1'5.
