4008 6342
206 223 296 288 493

1303 216 1409 277 .DE
1452 193 1856 277 PAilA'DiSO.
1901 240 1968 252 -
2010 214 2205 275 PARS
2247 212 2301 273 l.

3328 216 3435 279 ιθι

204 337 317 394 illud
345 333 621 387 beatorum
650 330 942 403 spirituum
971 330 1308 391 domicilium
1343 330 1745 401 prmeellentius
1777 347 1819 394 ιι
1853 337 1962 386 tate
1992 331 2333 401 genuinaquc
2376 325 2632 407 puritate.
2679 323 2767 378 Ait
2794 325 2940 380 enim
2973 345 2985 382 :
3017 326 3251 399 Objii-iat
3279 333 3440 387 nobis

199 435 263 489 sit
290 429 650 493 ﬁrmamento;
682 428 1110 491 ﬁrmamentum,
1143 424 1430 495 paradiso;
1462 424 1752 494 paradisus

198 540 256 581 ea
282 532 415 578 terra
443 534 607 590 quam
641 533 743 575 nos
772 519 1103 575 habitamus.
1134 518 1240 573 Est
1260 518 1423 591 igitur
1455 517 1561 573 alia
1595 532 1752 587 para-

195 615 290 673 disi
315 624 473 677 terra,
504 612 611 667 alia
646 612 760 667 haec
788 621 1011 680 nostra;
1043 612 1136 669 sed
1169 612 1268 681 ita,
1298 621 1359 666 ut
1389 628 1495 666 non
1527 618 1747 691 natura,

194 723 367 766 verum
400 705 642 761 materia
672 706 977 761 subtilitate
1012 704 1445 775 excellentiaque
1475 702 1748 759 dilfcrant.

193 801 287 859 Sed
316 808 492 869 potest
516 799 567 854 id
601 799 765 854 etiam
802 799 904 853 hoc
932 808 1255 869 argumento
1280 813 1312 852 a
1338 812 1523 852 rerum
1558 804 1748 850 natura

189 894 344 964 petito
371 889 758 945 demonstrari.
797 887 1061 944 Conditus
1089 888 1233 943 enim
1280 887 1523 943 Adamus
1554 900 1662 941 non
1695 885 1746 938 in

190 984 285 1039 hoc
313 995 502 1037 crasso
529 980 822 1050 densasque
850 980 1011 1049 pleno
1042 979 1285 1033 materia:
1323 978 1444 1033 loco
1472 979 1569 1048 qui
1596 984 1749 1030 extra

188 1074 489 1146 paradisum
521 1081 631 1138 est,
658 1072 962 1140 collocatus
992 1085 1020 1123 a
1051 1066 1161 1125 Deo
1191 1076 1294 1134 est,
1329 1068 1571 1123 nondum
1602 1067 1747 1122 enim

186 1169 479 1237 deliquerat
527 1174 691 1235 atque
737 1172 1032 1234 peccarat;
1064 1176 1241 1232 neque
1293 1175 1486 1217 rursus
1534 1160 1749 1230 positus

185 1268 264 1316 est
310 1259 362 1313 in
413 1258 523 1312 illis
563 1256 1001 1327 praecellentibus
1040 1256 1197 1316 locis,
1243 1253 1382 1308 cmlo
1428 1251 1515 1307 vel
1563 1252 1751 1307 lirma-

184 1359 378 1414 mento,
414 1348 553 1404 nihil
590 1349 737 1403 enim
776 1348 954 1401 adhuc.
996 1346 1119 1400 honi
1162 1352 1403 1416 patrarat
1434 1360 1449 1397 :
1480 1344 1573 1399 sed
1608 1343 1750 1413 quod

181 1432 595 1497 consentaneum
646 1447 785 1503 erat,
819 1437 1109 1493 collocavit
1162 1438 1343 1507 ipsum
1390 1433 1534 1491 Deus
1575 1436 1627 1489 in
1686 1448 1753 1490 eo

180 1511 295 1587 loco
339 1532 431 1601 qui
480 1532 625 1585 inter
675 1541 938 1597 utrosque
1003 1529 1127 1584 illos
1178 1527 1358 1583 medio
1406 1542 1467 1583 se
1517 1524 1753 1581 habebat

181 1620 368 1686 modo;
421 1620 527 1675 hoc
573 1630 678 1685 est,
728 1620 1033 1689 paradiso:
1072 1619 1158 1672 hic
1194 1616 1339 1671 enim
1381 1624 1443 1670 ut
1488 1631 1597 1670 non
1637 1621 1748 1670 tam

1858 423 1949 479 hic
1972 423 2171 493 aliquis
2204 420 2320 476 fieri
2355 436 2459 475 non
2494 434 2657 491 posse
2688 420 2836 490 (cum
2871 430 3013 476 terra
3043 423 3222 477 omnis
3278 426 3442 480 unius

1856 513 2211 585 ejusdemque
2263 522 2475 569 natura!
2517 512 2592 569 sit
2638 522 2802 585 atque
2852 514 3129 586 essentia)
3177 526 3237 571 ut
3267 518 3435 586 altera

1852 607 1974 679 ejus
1995 621 2122 679 pars
2142 606 2377 672 subtilis,
2408 618 2566 676 pura,
2597 604 2845 673 sincera;
2876 606 3045 662 altera
3075 621 3202 663 vero
3227 622 3438 675 crassa,

1859 702 2093 772 impura,
2143 700 2332 765 mista,
2379 697 2723 769 confusaque
2767 713 2890 753 esse
2940 703 3145 772 queat.‘
3179 701 3285 757 Sed
3340 718 3440 756 nos

1856 792 2275 862 respondemus,
2319 788 2432 845 ﬁeri
2486 790 2712 844 omnino
2762 789 2811 844 id
2868 782 3031 860 posse
3081 810 3095 847 :
3146 792 3346 865 quippe
3384 794 3438 849 in

1856 885 2013 957 aquis
2065 899 2187 956 qua:
2234 892 2363 939 sunt
2413 882 2659 953 ejusdem
2713 886 2966 940 essentia:
3017 902 3251 954 omnes,
3305 888 3447 945 alias

1856 974 2037 1034 tamen
2089 976 2371 1048 limpidas,
2417 977 2556 1032 alias
2606 976 2888 1045 turbidas;
2925 980 3190 1049 quasdam
3249 979 3442 1037 dulces

1856 1084 2099 1149 poloque
2149 1085 2399 1138 suaves;
2432 1070 2569 1126 alias
2646 1086 2884 1137 amaras,
2933 1082 3097 1142 atque
3147 1073 3203 1129 in
3251 1084 3440 1147 potum

1854 1168 2062 1235 ineptas
2092 1183 2103 1220 :
2137 1166 2263 1219 item
2298 1163 2351 1219 in
2394 1179 2553 1231 aere,
2590 1163 2755 1219 alium
2789 1179 3034 1220 crassum
3074 1165 3442 1239 densumque.

1855 1258 2024 1314 alium
2055 1258 2344 1328 liquidum,
2374 1257 2726 1329 naturalique
2762 1267 3124 1328 temperatum
3163 1262 3440 1330 puritate;

1855 1363 2054 1405 rursus
2080 1349 2249 1404 alium
2280 1347 2486 1404 salubri
2514 1358 2678 1420 atque
2704 1362 2922 1406 amoena
2955 1351 3251 1420 temperie,
3272 1353 3440 1407 alium

1856 1439 2019 1495 noxia
2056 1438 2395 1510 intemperie
2441 1422 2780 1511 ingrataque
2837 1438 3007 1496 odore
3055 1442 3373 1511 experimur
3426 1462 3439 1494 :

1855 1531 2095 1601 denique
2126 1530 2241 1600 ipsa
2277 1531 2444 1586 etiam
2477 1532 2728 1602 corporis
2764 1533 2937 1588 nostri
2982 1534 3227 1587 membra
3259 1535 3441 1589 omnia

1852 1622 2098 1694 quidem,
2145 1624 2308 1677 unius
2352 1631 2515 1694 atque
2561 1621 2811 1693 ejusdem
2862 1640 3073 1701 munra:
3120 1641 3241 1681 esse
3278 1641 3443 1681 nemo

178 1729 341 1786 purus
372 1705 647 1784 putusqu'e
672 1722 759 1767 est
790 1728 953 1782 quam
986 1711 1417 1775 ﬁrmamentum,
1447 1710 1521 1764 ita
1553 1723 1750 1765 rursus
1783 1722 1825 1777 Β
1856 1714 2168 1787 negaverit:
2218 1726 2272 1770 et
2318 1724 2500 1771 tamen
2557 1717 2754 1772 oculus
2794 1718 3012 1775 lucidus
3042 1730 3128 1776 est
3164 1731 3329 1791 atque
3368 1721 3438 1774 li-

179 1820 281 1861 non
318 1794 423 1859 tam
459 1820 649 1861 crassa
697 1814 998 1874 coactaque
1034 1803 1263 1858 materie
1307 1810 1543 1871 constat,
1583 1809 1748 1873 atque

178 1898 289 1955 hec
328 1905 516 1953 nostra
555 1912 677 1966 qua:
726 1902 882 1951 ex‘tra
934 1896 1246 1967 paradisum
1297 1902 1419 1959 est,
1466 1902 1635 1949 terra.
1686 1891 1749 1947 Et

175 2004 319 2057 vero,
349 2004 417 2045 eo
450 1984 683 2045 consilio
721 1989 939 2044 videtur
978 1987 1247 2059 ejusmodi
1296 1985 1476 2042 medio
1524 1984 1647 2042 loco
1678 1985 1748 2040 ab

173 2083 358 2155 opilice
383 2083 494 2137 Deo
520 2082 610 2136 ille
643 2082 855 2152 positus
883 2092 1023 2143 esse,
1054 2090 1113 2134 ut
1144 2078 1189 2133 si
1222 2079 1529 2149 morigerus
1553 2077 1745 2133 obser-

173 2175 524 2244 varetjussa,
562 2173 960 2228 subveheretur
1000 2172 1051 2224 in
1100 2171 1503 2223 llrmamentnm
1567 2169 1746 2223 locum

172 2266 647 2339 pmoellentiorem
682 2266 1073 2335 purioreinque
1107 2264 1362 2332 paradiso
1397 2279 1413 2317 :
1446 2262 1531 2317 sin
1564 2271 1747 2316 autem

172 2358 438 2414 mandatis
485 2372 618 2412 non“
647 2366 886 2427 pareret,
930 2356 1024 2436 sed
1077 2356 1443 2425 delinqueret,
1479 2366 1647 2426 atque
1680 2355 1748 2409 ab

170 2466 230 2507 ea
258 2467 424 2524 quam
454 2451 557 2505 sibi
589 2466 724 2505 suus
756 2452 979 2504 etIector
1012 2448 1413 2518 imperavisset,
1442 2448 1558 2518 lege
1585 2445 1749 2503 delle-

172 2551 361 2609 cteret,
400 2543 769 2612 conjiceretur
796 2542 851 2595 iu
885 2542 1027 2595 hanc
1050 2540 1465 2603 exsecrabilem,
1504 2555 1747 2595 crassam

169 2649 232 2691 ac
257 2636 485 2692 densam
519 2644 717 2690 terram
747 2648 911 2705 quam
942 2649 1043 2688 nos
1070 2642 1223 2688 extra
1254 2633 1570 2703 paradisum
1604 2647 1751 2688 nunc

169 2727 497 2784 habitamus.
528 2728 670 2795 Quin
721 2722 1032 2797 paradisum
1068 2727 1240 2782 fuisse
1285 2729 1464 2781 medio
1505 2726 1627 2781 loco
1667 2735 1749 2781 te-

171 2831 343 2877 statur
373 2823 542 2877 etiam
589 2820 920 2891 Philoxenus
966 2818 1212 2891 Mabugze
1258 2821 1551 2889 epist-Opus
1593 2819 1648 2874 iu
1682 2833 1748 2874 eo

168 2928 421 2972 sermone
470 2931 635 2986 quem
701 2915 769 2969 de
834 2914 1302 2985 contemplatione
1363 2914 1579 2969 arboris
1626 2914 1761 3001 vitae,

168 3009 492 3081 conscripsit
541 3009 627 3064 his
677 3008 860 3065 verbis
902 3027 917 3063 :
954 3007 1045 3063 Sic
1090 3010 1339 3063 consitus
1382 3023 1413 3063 a
1444 3006 1557 3063 Deo
1590 3022 1749 3079 para-
1788 3044 1795 3049 ι

167 3100 315 3156 disus
363 3111 481 3168 est,
534 3111 595 3156 ut
644 3102 885 3156 medium
935 3112 1168 3173 occupet
1215 3104 1430 3169 locum;
1480 3103 1745 3174 quidquid
1775 3090 1819 3147 (ἶ

167 3194 307 3247 enim
338 3195 598 3263 superius
623 3204 727 3259 est,
756 3204 853 3249 aut
883 3195 1082 3250 coelum
1112 3205 1195 3252 est
1223 3205 1319 3251 aut
1348 3196 1487 3253 ctelo
1515 3208 1751 3254 censen-

168 3292 385 3340 taneum
424 3303 439 3340 :
478 3301 699 3341 rursum
748 3286 1009 3357 quidquid
1063 3287 1315 3354 inferius,
1361 3291 1445 3344 vel
1491 3299 1634 3345 terra
1667 3300 1750 3345 est

166 3379 247 3431 vel
273 3378 340 3432 ad
372 3386 575 3433 terram
609 3380 867 3449 pertinet.
900 3381 1113 3452 Quippe
1143 3382 1322 3451 qualis
1354 3393 1471 3437 erat
1507 3383 1747 3437 conditio

165 3472 603 3542 compositioque
654 3462 915 3541 hominis,
970 3476 1131 3529 talem
1185 3477 1475 3545 oportebat
1528 3493 1651 3533 esse
1693 3489 1743 3533 et

164 3546 339 3619 locum
378 3565 437 3619 in
480 3581 588 3636 quo
636 3576 754 3620 erat
806 3566 896 3621 ille
943 3567 1265 3635 ponendus;
1322 3569 1412 3624 illa
1465 3585 1591 3624 vero
1626 3570 1747 3642 ejus

163 3669 277 3711 erat
316 3659 491 3724 modi,
531 3668 589 3713 ut
639 3660 691 3713 in
732 3660 970 3715 hominis
1006 3673 1153 3716 esset
1199 3664 1380 3732 posita
1428 3664 1656 3720 arbitrio
1695 3676 1748 3720 et

162 3750 286 3806 boni
316 3762 371 3807 et
407 3753 533 3806 mali
569 3753 765 3808 eiectio
799 3773 812 3809 :
840 3753 954 3821 jam
992 3770 1120 3809 vero
1152 3759 1244 3826 qui
1281 3758 1360 3811 sic
1389 3772 1448 3813 se
1480 3758 1666 3824 habet,
1701 3759 1747 3815 is

160 3845 303 3901 inter
329 3856 629 3916 utrumque
665 3848 880 3904 medius
908 3858 1014 3913 est,
1048 3866 1149 3905 nec
1175 3866 1240 3905 ex
1275 3848 1420 3907 bono
1444 3861 1612 3919 totus,
1648 3870 1749 3909 nec

158 3951 379 3992 rursum
430 3950 578 3993 totus
622 3955 688 3992 ex
736 3942 878 3994 malo
925 3940 1215 4006 conﬂatus,
1266 3943 1358 3997 sed
1410 3957 1509 4013 pro
1554 3954 1749 4014 suopte

158 4029 394 4086 arbitrio
430 4029 499 4084 ad
548 4033 821 4086 utrumvis
851 4032 1009 4101 juxta
1047 4048 1106 4088 se
1152 4033 1384 4089 habens.
1427 4034 1497 4088 At
1530 4050 1592 4089 ea
1627 4036 1747 4106 qui-

158 4122 279 4177 dem
312 4134 435 4179 erat
463 4123 596 4179 Adae
627 4126 893 4192 conditio,
922 4127 1224 4197 eademque
1256 4129 1501 4199 cognitio
1534 4129 1749 4185 arboris

158 4212 286 4270 boni
317 4225 374 4271 et
410 4216 537 4270 mali
569 4233 583 4270 :
611 4232 784 4287 quare
807 4227 855 4272 et
888 4220 1153 4287 ejusmodi
1186 4231 1305 4275 erat
1336 4236 1559 4293 quoque
1588 4238 1744 4293 para-

157 4294 262 4366 disi
290 4310 435 4365 ratio
460 4310 516 4365 in
545 4311 726 4365 medio
751 4311 964 4367 scilicet
988 4313 1267 4379 collocati,
1292 4323 1351 4369 ut
1376 4330 1541 4385 supra
1571 4318 1747 4387 ipsum

158 4413 340 4459 essent
388 4411 763 4474 corporatura:
828 4406 1175 4477 materiaeque
1219 4418 1476 4478 expertes
1524 4411 1747 4477 spiritus

157 4499 250 4569 qni
299 4500 416 4555 sola
467 4499 682 4554 ratione
725 4500 1120 4570 intelliguntur,
1171 4511 1225 4555 et
1276 4502 1541 4573 quidquid
1589 4514 1745 4560 extra

156 4606 375 4646 omnem
408 4591 864 4663 compositionem
894 4602 979 4647 est
1004 4609 1018 4646 :
1046 4592 1185 4646 intra
1213 4608 1340 4647 vero
1374 4593 1529 4648 illum
1557 4594 1746 4650 bestia:

155 4691 208 4737 et
252 4684 516 4754 pecudes,
556 4692 861 4754 caateraque
903 4686 1115 4738 ratione
1160 4686 1424 4739 carentia.
1460 4687 1577 4756 Ipse
1612 4702 1744 4741 vero

155 4778 449 4845 paradisus
497 4777 642 4832 inter
682 4776 798 4832 haec
827 4786 883 4831 et
914 4778 1004 4830 illa
1046 4776 1257 4832 medius
1295 4786 1545 4833 maneret
1579 4787 1745 4850 atque

156 4865 259 4923 hac
291 4868 507 4923 ratione
535 4883 659 4923 eum
692 4869 932 4922 hominis
966 4870 1363 4924 constitutione
1392 4881 1741 4940 congrueret,

155 4961 249 5028 qui
286 4970 342 5015 et
390 4961 506 5032 ipse
538 4975 603 5015 ex
640 4961 820 5014 anima
853 4961 1016 5015 simul
1061 4971 1113 5016 et
1160 4977 1389 5031 corpore
1434 4962 1740 5019 constabat.

156 5051 437 5109 Hactenus
480 5054 589 5108 ille.
627 5054 1033 5108 Animadvertis
1070 5054 1235 5125 igitur
1263 5056 1538 5111 doctorem
1576 5055 1740 5111 istum

156 5148 451 5217 perspicua
499 5148 712 5201 ratione
761 5147 1071 5202 ostendisse
1118 5148 1431 5217 paradisum
1470 5149 1524 5203 in
1560 5147 1775 5204 medio.

154 5252 275 5295 esse
310 5240 588 5310 positum;
625 5254 801 5310 neque
832 5248 939 5295 tam
978 5240 1161 5295 subtili
1196 5242 1459 5297 tenuitate
1493 5242 1739 5298 dotatum

155 5345 319 5400 quam
349 5347 411 5405 ea
439 5347 560 5403 quae
593 5348 755 5402 supra
783 5333 962 5403 ipsum
1009 5332 1306 5397 exsistunt,
1341 5349 1516 5405 neque
1547 5348 1743 5390 rursus

155 5439 217 5479 ea
268 5426 638 5481 crassitudine
689 5426 930 5480 materia:
975 5440 1081 5495 qua
1125 5424 1213 5479 illa
1265 5426 1562 5495 composita
1614 5436 1741 5480 sunt

157 5532 278 5584 qua
315 5517 458 5572 intra
496 5518 674 5588 ipsum
711 5518 1002 5572 habentur.
1039 5515 1158 5571 Non
1188 5532 1319 5587 ergo
1354 5518 1407 5571 in
1441 5522 1541 5573 hac
1572 5534 1737 5588 quant

156 5623 256 5665 nos
286 5610 596 5667 habitamus
630 5610 1095 5682 terra'paradisns
1128 5612 1356 5675 exstitit,
1387 5610 1479 5665 sed
1517 5612 1567 5665 in
1600 5613 1735 5679 alia;

154 5714 263 5757 non
294 5704 511 5776 quidem
559 5705 672 5775 ipsa
710 5719 805 5759 sua
843 5716 1037 5761 natura
1085 5703 1391 5773 dili‘erente,
1421 5705 1512 5760 sed
1558 5707 1734 5761 tenui—

1856 1808 2080 1881 quidus,
2130 1824 2499 1886 manus_vero
2546 1825 2733 1866 crassa
2766 1819 2823 1866 et
2858 1812 3140 1869 materiata
3177 1828 3443 1885 compage

1857 1906 2103 1973 consitat;
2133 1897 2318 1972 itaque
2342 1910 2398 1955 et
2421 1899 2477 1955 in
2503 1908 2665 1961 terrae
2687 1903 2937 1981 partibus
2964 1901 3110 1960 idem
3140 1920 3242 1960 usu
3270 1906 3440 1967 venit,

1857 2000 1918 2048 ut
1959 1989 2173 2050 scilicet
2200 1992 2372 2049 altera
2413 2001 2562 2051 esset
2594 2005 2734 2066 pura
2782 2004 2913 2067 puta
2948 2005 3004 2056 et
3038 1998 3221 2053 omnis
3249 2013 3443 2054 excre—

1858 2084 2025 2141 menti
2061 2101 2256 2151 vacua,
2290 2101 2355 2142 ac
2386 2087 2567 2143 tennis
2602 2088 2953 2160 subtilisque,
2988 2092 3168 2160 qualis
3200 2101 3317 2146 erat
3348 2092 3439 2147 illa

1860 2180 2137 2250 paradisi;
2176 2181 2349 2236 altera
2381 2197 2510 2236 vero
2535 2197 2744 2243 crassa,
2782 2183 2965 2246 mista,
2998 2190 3440 2243 excrementosa.

1857 2262 2167 2340 cujnsnioiii
2214 2281 2299 2325 est
2338 2270 2455 2325 haec
2504 2286 2627 2340 qua:
2669 2280 2822 2325 extra
2866 2271 3178 2341 paradisum
3220 2286 3250 2327 a
3284 2274 3445 2328 nobis

1857 2351 2114 2416 habetur.
2146 2358 2283 2416 Nam
2314 2370 2369 2417 et
2400 2362 2454 2417 in
2486 2362 2610 2418 oleo
2648 2363 2753 2418 hoc
2790 2364 2967 2433 ipsum
2999 2363 3359 2435 deprehendis
3389 2383 3445 2423 et
3479 2426 3485 2435 ,
3522 2430 3525 2434 ,

1856 2454 1915 2508 in
1949 2454 2077 2509 vino
2105 2462 2126 2510 ':
2159 2456 2271 2517 etsi
2295 2459 2440 2511 enim
2476 2458 2599 2514 unis
2628 2460 2792 2514 etiam
2830 2464 2942 2517 haec
2973 2473 3225 2519 constent
3254 2481 3446 2522 essen-

1858 2546 1970 2610 tiis,
1997 2555 2177 2601 tamen
2206 2551 2442 2619 partium
2470 2550 2591 2607 alia:
2619 2550 2942 2623 liquidiores
2968 2554 3441 2631 defecatioresquc

1858 2651 1923 2692 ac
1967 2637 2132 2695 veluti
2188 2641 2363 2712 magis
2416 2642 2728 2711 percolatae,
2782 2645 2975 2716 quales
3027 2658 3155 2704 sunt
3202 2666 3232 2706 a
3277 2652 3445 2708 lurida

1859 2728 2219 2795 remotiores,
2272 2729 2395 2787 aliae
2450 2734 3058 2819 rursus‘turbidiores,
3115 2740 3444 2799 feculentio-

1860 2833 2056 2889 resque
2091 2829 2255 2891 atque
2298 2824 2525 2879 omnino
2572 2825 2903 2896 impuriores
2937 2844 3061 2888 esse
3102 2848 3440 2906 cernuntur;

1857 2926 1935 2966 ea:
1966 2924 2161 2982 nempe
2190 2930 2313 2984 quae
2333 2930 2371 2981 ,a
2403 2914 2575 2972 l‘undo
2605 2919 2827 2990 propius
2857 2923 3079 2982 absunt.

2462 3029 2693 3087 CAPUT
2736 3034 2827 3089 ix.
2887 3020 2892 3026 ’

1927 3141 2066 3198 Eam
2107 3152 2250 3199 terra
2290 3146 2344 3199 in
2386 3161 2491 3215 qua
2530 3157 2609 3202 est
2650 3151 2936 3218 paradisus
2976 3154 3077 3209 hac
3112 3166 3298 3212 nostra
3344 3177 3440 3215 su-

1854 3236 2147 3291 blimiorem
2183 3252 2317 3292 esse.
2366 3263 2441 3277 --
2491 3238 2627 3295 Illud
2678 3242 2906 3315 insuper
2953 3248 3275 3316 asserimus,
3316 3268 3437 3308 eam

1847 3336 2054 3387 terram
2090 3334 2140 3385 in
2173 3346 2280 3402 qua
2335 3344 2420 3389 est
2455 3336 2747 3405 paradisus
2782 3338 3028 3396 altiorem
3063 3346 3236 3400 multo
3265 3348 3442 3401 suhli-

1853 3423 2195 3492 mioremque
2242 3424 2507 3481 exsistere
2557 3426 2662 3481 hac
2712 3443 2877 3498 quam
2930 3445 3029 3487 nos
3079 3434 3352 3502 colimus;
3388 3436 3441 3493 id

1848 3514 1994 3568 enim
2050 3513 2124 3568 ita
2178 3531 2238 3571 se
2293 3517 2572 3582 habere,.
2608 3520 2817 3575 indicio
2873 3532 3003 3577 sunt
3061 3534 3298 3594 quatuor
3352 3528 3443 3583 illa

1850 3604 2077 3674 grandia
2122 3604 2351 3690 ﬂumina
2379 3623 2530 3679 quae,
2576 3614 2725 3678 orta,
2757 3612 2812 3667 in
2845 3615 3088 3683 paradisi
3140 3625 3283 3673 terra
3348 3635 3443 3690 per

1852 3688 2274 3771 hancnostram
2304 3704 2375 3758 ab
2406 3703 2497 3760 illa
2528 3703 2802 3777 diversam
2836 3705 3111 3765 feruntur.
3139 3709 3259 3767 Nisi
3293 3688 3441 3769 enim

1855 3790 1946 3847 illa
1998 3800 2143 3847 terra
2189 3794 2352 3850 altior
2389 3806 2651 3861 exstaret,
2691 3799 2807 3855 tieri
2846 3815 2957 3856 non
3012 3816 3218 3873 posset,
3270 3818 3330 3862 ut
3378 3825 3443 3863 ea

1856 3882 2082 3941 ﬂumina
2134 3887 2284 3943 illiue
2331 3890 2597 3960 praecipiti
2628 3906 2790 3948 cursu
2832 3896 2939 3949 sub
2984 3910 3137 3953 mare
3183 3916 3442 3971 magnum

1850 3979 2052 4046 delata,
2103 3982 2320 4037 tandem
2356 3999 2451 4054 per
2488 3986 2628 4040 hanc
2658 4002 2687 4041 a
2723 3987 2884 4044 nobis
2924 3989 3127 4047 cultam
3163 3996 3439 4065 regionem

1851 4074 2194 4143 erumpentia
2251 4087 2672 4146 spargerentur.
2726 4079 2951 4139 Certum
2994 4084 3162 4156 igitur
3211 4098 3326 4155 est,
3378 4108 3443 4147 ea

1852 4167 2101 4233 ﬂumina,
2135 4170 2263 4240 quia
2294 4186 2325 4225 e
2356 4172 2577 4227 sublimi
2626 4173 2749 4230 loco
2788 4190 3137 4247 promanant,
3173 4180 3290 4252 ipsa
3342 4200 3442 4240 sua

1853 4262 2120 4333 praecipiti
2147 4263 2389 4320 ﬂuxione
2414 4276 2604 4323 coacta
2636 4270 2960 4341 strictaque,
2984 4283 3040 4329 et
3064 4277 3289 4345 proinde
3314 4294 3439 4335 cum

1855 4356 2057 4424 impetu
2091 4358 2272 4412 delata
2323 4359 2426 4414 sub
2474 4352 2671 4416 terram
2706 4356 2761 4419 et
2797 4380 3054 4434 magnum
3104 4384 3253 4425 mare
3301 4375 3441 4443 rapi.

1778 4447 1825 4505 ι)
1851 4456 2015 4517 atque
2052 4449 2125 4503 ob
2158 4449 2335 4519 ipsum
2378 4465 2506 4507 eum
2553 4453 2843 4524 impetum,
2872 4473 2982 4527 quo
3026 4477 3152 4516 sunt
3193 4463 3441 4535 delapsa.

1850 4556 2045 4597 rursus
2080 4542 2333 4612 prosilire
2376 4544 2429 4598 in
2477 4546 2582 4603 hac
2616 4557 2803 4602 nostra
2856 4558 3020 4616 terra,
3072 4568 3169 4621 per
3215 4570 3442 4625 eantque

1849 4631 2039 4688 liuere.
2076 4633 2214 4690 Nam
2246 4647 2484 4707 quatuor
2514 4638 2603 4692 illa
2633 4638 2858 4694 ﬂumina
2896 4641 3160 4714 (Tigrim,
3193 4647 3439 4717 inquam.

1850 4725 2224 4797 Euphratem,
2281 4728 2591 4792 Gihonem.
2646 4739 2704 4786 et
2750 4730 3082 4806 Phisonem)
3134 4738 3237 4791 sub
3288 4755 3441 4794 mare

1836 4818 2001 4886 rt‘erri,
2047 4830 2213 4890 atque
2260 4824 2311 4875 in
2364 4821 2469 4877 hac
2493 4822 2714 4879 demum
2754 4839 2921 4896 quam
2960 4841 3061 4881 nos
3124 4829 3438 4885 habitamus

1848 4919 1991 4964 terra
2050 4911 2307 4982 prodire,
2362 4922 2596 4970 testatur
2647 4915 2813 4972 etiam
2870 4916 3127 4975 dominus
3181 4920 3433 4990 Ephraem

1846 5003 2269 5059 Commentariis
2301 5004 2356 5059 in
2388 5003 2681 5076 Geuesim;
2708 5017 2762 5063 et
2800 5024 2925 5064 cum
2974 5026 3040 5065 eo
3070 5013 3184 5067 alii.
3213 5012 3434 5069 Clarum

1849 5096 2013 5167 igitur
2036 5111 2101 5152 ex
2134 5097 2220 5155 his
2250 5107 2355 5166 est,
2382 5114 2504 5154 eam
2539 5096 2738 5156 terram
2768 5101 2822 5155 in
2850 5117 2956 5174 qua
2992 5105 3133 5161 situs
3162 5115 3246 5160 est
3277 5121 3438 5176 para-

1846 5190 2000 5244 disus
2066 5189 2240 5246 multo
2305 5192 2726 5247 eminentiorem
2776 5194 3265 5266 sublimioremque
3311 5215 3435 5255 esse

1849 5284 1950 5338 hac
1984 5300 2282 5354 quam.nos
2312 5299 2671 5356 occupamus.

2463 5401 2699 5458 CAPUT
2743 5404 2811 5459 Χ.

1917 5532 1992 5574 ne
2023 5536 2179 5590 regno
2211 5518 2407 5575 cmlesti
2436 5520 2489 5575 in
2517 5538 2617 5593 quo
2640 5520 2779 5590 justi
2810 5522 3078 5592 voluptate
3107 5524 3431 5596 afﬁcientur,

1844 5613 1977 5666 sitne
2023 5614 2076 5665 in
2120 5614 2272 5667 terris
2314 5630 2384 5667 an
2427 5629 2587 5683 supra
2636 5611 2846 5669 talum.
2880 5644 2950 5655 ——
2981 5614 3227 5686 Regnum
3267 5632 3431 5687 porro

1844 5706 2067 5764 caeleste
2096 5706 2229 5762 illud
2260 5707 2404 5778 quod
2440 5708 2713 5776 justorum
2747 5707 2957 5765 deliciis
2992 5710 3317 5765 destinatum
3348 5720 3431 5768 est
