4008 6342
544 258 652 320 495

1802 257 2032 320 MOSIS
2074 259 2221 319 ΒΑΗ
2261 261 2350 319 (ΣΕ
2360 260 2507 320 PIIA

3679 260 3779 329 496

544 379 897 440 posteaquam
954 368 1250 425 revixerint
1299 367 1578 435 mortales,
1629 378 1687 426 ut
1734 370 1806 426 ait
1852 370 2114 429 Dominus
2144 379 2186 437 Α
2218 374 2414 439 acturi,
2456 374 2609 443 juxta
2658 384 2816 427 verax
2866 372 3081 427 Domini
3125 374 3490 444 promissum;
3530 366 3593 430 in
3629 392 3783 447 para-

546 472 749 527 noster,
785 475 894 516 non
927 476 1048 518 esse
1088 463 1140 515 in
1173 460 1353 523 terris.
1400 460 1497 516 sed
1527 478 1689 533 supra
1731 462 1931 519 ctelum
1978 464 2116 537 (hoc

460 631 465 636 η
546 564 647 621 est,
678 560 843 625 supra
875 553 1324 626 ﬁrmamentum),
1354 555 1501 626 quod
1532 558 1780 627 proxime
1808 573 1968 628 supra
2011 573 2115 615 nos

542 656 647 713 est,
684 648 874 703 multis
915 648 1253 718 argumentis
1287 650 1694 719 comprobatur.
1738 648 1925 705 Primo
1956 651 2112 715 ,enim

544 744 722 812 ipsum
759 740 1078 796 vocabulum
1113 740 1218 795 hoc
1246 741 1442 812 arguit,
1472 757 1581 813 quo
1607 743 1830 799 cteleste
1862 757 2112 813 regnum,

544 850 651 889 non
690 842 946 889 terrestre
992 848 1024 888 a
1072 831 1303 888 Domino
1352 834 1681 903 appellatum
1729 845 1814 887 est
1868 847 1882 887 :
1920 830 2117 888 deinde

544 928 686 982 idem
722 925 809 981 ille
858 924 1124 1001 Dominus
1170 924 1307 981 dixit
1355 941 1369 979 :
1420 916 1565 978 vado
1602 940 1796 994 parare
1844 924 1985 980 vobis
2027 922 2111 978 to-

542 1034 661 1072 tum
702 1018 770 1080 9⁷.
816 1016 929 1072 Et:
966 1012 1065 1072 Ubi
1109 1032 1202 1090 ego
1248 1002 1388 1083 sunt,
1438 1016 1546 1071 itlic
1590 1026 1641 1070 et
1680 1014 1923 1069 minister
1969 1029 2114 1069 meus

540 1115 663 1168 erit.
704 1111 823 1167 Jam
871 1123 997 1168 vero
1035 1109 1262 1165 dubium
1320 1109 1530 1164 nullum
1559 1118 1663 1175 est,
1706 1106 1839 1178 quin
1865 1105 2117 1162 Christus

544 1220 669 1260 vere
692 1203 745 1259 in
770 1203 972 1260 caelum
1004 1201 1404 1258 conscenderit.
1434 1200 1693 1255 Praeterea
1725 1192 1885 1254 divus
1914 1196 2117 1255 Paulus

542 1297 731 1352 scribit
775 1295 830 1351 in
882 1293 999 1351 IIth
1046 1301 1209 1351 verba
1256 1310 1272 1352 ;
1331 1279 1648 1376 Vos‘autetu
1698 1290 1997 1345 accessistis
2045 1286 2118 1343 ad

542 1400 769 1443 montem
802 1386 954 1455 Sion,
978 1396 1028 1442 et
1056 1388 1125 1441 ad
1152 1387 1419 1441 civitatem
1444 1382 1543 1438 Dei
1572 1384 1696 1447 vitii,
1722 1384 1791 1437 ad
1817 1380 2115 1438 Jerusalem

541 1498 659 1552 quw
691 1493 766 1537 est
803 1482 859 1536 in
891 1482 1040 1547 creto,
1075 1489 1132 1535 et
1172 1479 1242 1533 ad
1273 1488 1436 1534 castus
1477 1480 1773 1549 myriadum
1808 1476 2115 1549 angelorum

543 1585 699 1644 atque
734 1576 802 1641 ad
840 1572 1131 1628 Ecciesium
1161 1574 1629 1643 printogeuitoruiu
1659 1571 1752 1643 qui
1779 1569 1963 1640 scripti
1989 1580 2111 1624 sunt

542 1670 596 1721 in
643 1669 769 1722 casto
794 1668 862 1725 ".
907 1666 972 1722 Et
1004 1666 1132 1721 alibi
1179 1683 1195 1721 :
1242 1664 1640 1733 Scimus_enim
1687 1663 1826 1757 φριοά
1874 1662 2113 1735 quamvis

2218 464 2399 520 disum
2432 479 2560 522 vero
2591 473 2714 535 post
2748 465 3199 521 resurrectionem
3226 482 3387 522 nemo
3432 467 3782 538 ingredietur,

2218 554 2315 608 sed
2349 568 2641 609 mansurus
2670 563 2754 610 est
2784 554 2873 611 ille
2913 557 3216 611 cultoribus
3251 572 3477 613 vacuus.
3511 557 3785 613 Postremo

2216 646 2433 702 diversa
2482 646 2624 701 inter
2669 662 2729 703 se
2759 663 2881 703 esse
2932 662 3161 719 regnum
3212 648 3337 704 coeli
3368 660 3422 703 et
3453 648 3784 719 paradisum.

2218 737 2487 792 atlirinant
2534 740 2697 793 etiam
2734 738 3009 805 doctores,
3056 753 3195 808 quos
3242 738 3467 795 honoris
3497 728 3662 793 causa
3694 749 3790 791 no-

2220 831 2366 885 tnino
2413 848 2427 885 :
2474 832 2731 888 dominus
2776 829 3018 888 Joannes
3066 833 3286 903 quidem
3321 834 3373 887 in
3408 846 3473 887 ea
3523 831 3788 895 oratione,

2217 925 2306 979 cui
2356 924 2547 979 titulus
2592 935 2697 989 est,
2766 923 2875 979 Cur
2914 928 3094 978 arbor
3140 925 3233 978 illa
3282 923 3525 979 scientia:
3568 922 3697 978 boni
3739 932 3792 976 et

2220 1018 2347 1072 mali
2382 1017 2649 1087 appellata
2694 1016 2800 1083 sit;
2839 1026 2893 1072 et
2935 1018 3066 1087 quid
3099 1016 3201 1072 sibi
3245 1017 3377 1071 velit
3408 1014 3544 1070 illud
3588 1012 3791 1069 Corisd

2218 1109 2285 1164 ad
2339 1109 2630 1177 latronem,
2677 1107 2852 1165 Hodie
2900 1126 3102 1165 mecum
3149 1111 3254 1164 eris
3299 1109 3355 1165 in
3397 1107 3675 1176 .paradiso
3707 1106 3791 1164 ’ἐ

2221 1198 2456 1257 Severus
2510 1197 2676 1267 vero.
2722 1203 2970 1257 oratione
3016 1202 3088 1257 22
3136 1201 3477 1272 Epithronii,
3529 1212 3589 1257 ut
3630 1214 3791 1270 supe-

2218 1292 2338 1350 rius
2372 1292 2450 1365 (2)
2487 1294 2854 1349 ostendimus.

2814 1386 3048 1444 CAPUT
3086 1385 3201 1441 XII.

2295 1478 2485 1535 Utrum
2525 1481 2579 1534 in
2619 1479 2717 1536 hac
2749 1490 3017 1536 terrarum
3057 1482 3180 1535 orbe
3226 1497 3380 1551 quem
3419 1477 3673 1535 mortales
3707 1479 3798 1531 ha-

2221 1573 2391 1628 bitant
2418 1589 2488 1627 an
2512 1584 2665 1628 extra
2689 1590 2808 1628 eum
2832 1575 2899 1628 sit
2927 1575 3234 1643 paradisus.
3255 1600 3325 1614 —-
3348 1571 3795 1643 Philosophorum

2219 1662 2615 1735 profanorum,
2662 1665 2773 1721 imo
2819 1665 3426 1744 nonnullorutn'etiam
3472 1664 3799 1721 ecclesiasti-

542 1762 728 1812 domus
760 1760 870 1813 haec
896 1767 1079 1811 nostra
1107 1772 1225 1825 qua
1253 1756 1307 1809 in
1340 1756 1497 1810 terris
1527 1764 1631 1821 est,
1660 1739 1861 1824 eo‘rpus
1902 1767 2116 1822 nempe,
2148 1739 2194 1800 Β
2222 1771 2413 1813 eorum
2487 1754 2777 1812 doctorum
2836 1759 3105 1813 sententia
3168 1739 3256 1813 est
3279 1797 3294 1823 ,
3360 1756 3630 1812 elementa
3686 1754 3797 1824 ipsa

542 1850 884 1917 dissolvatur,
920 1862 1248 1903 structuram
1282 1858 1457 1901 tamen
1484 1838 1779 1900 habeamus
1814 1860 1933 1916 quia
1954 1862 1985 1897 a
2010 1842 2118 1897 Deo

542 1955 640 2010 est,
672 1947 885 1999 domum
914 1961 1016 1997 non
1046 1953 1407 1999 constructam
1448 1941 1690 1995 manibus
1712 1936 1782 1995 ‘in
1819 1940 1947 1993 caelo
1984 1955 2119 1993 sem.

541 2039 799 2107 piternant
837 2039 901 2091 ”.
952 2037 1033 2091 Ad
1088 2036 1190 2090 hoc
1233 2034 1473 2090 Joannes
1510 2020 1831 2099 monachus,
1864 2046 2119 2088 sermone

544 2128 723 2198 priore
771 2142 934 2200 quem
984 2127 1051 2183 de
1101 2126 1310 2182 mundo
1362 2140 1503 2180 novo
1554 2125 1799 2193 scripsit,
1847 2124 1932 2181 sic
1982 2124 2059 2177 ait
2101 2138 2117 2177 :

544 2219 837 2275 Enimvero
882 2235 1108 2291 regnum
1161 2217 1293 2287 illud
1338 2219 1559 2274 caeleste
1601 2216 1827 2282 Christi,
1858 2230 1969 2273 non
2002 2224 2122 2270 erat

544 2313 647 2366 sub
678 2310 1041 2373 ﬁrmamento.
1077 2311 1170 2366 sed
1203 2325 1367 2380 supra
1398 2310 1619 2371 cmlum,
1654 2308 1745 2363 ubi
1789 2316 2118 2377 potestatum

543 2407 763 2461 ordines
793 2407 1087 2461 exsistunt.
1122 2405 1316 2475 Liquet
1352 2405 1515 2475 igitur
1547 2406 1768 2460 cmleste
1790 2408 2028 2474 ‘regnum
2062 2404 2117 2458 in

542 2513 651 2567 quo
684 2498 825 2552 beati
859 2497 1133 2568 voluptate
1177 2496 1429 2551 fruentur
1478 2507 1763 2565 postquam
1798 2496 2118 2562 revixerint,

543 2602 709 2656 supra
737 2589 935 2642 caelum
965 2588 1094 2656 (hoc
1122 2596 1206 2641 est
1238 2585 1661 2656 ﬁrmamentum)
1686 2587 1745 2645 id
1776 2587 1920 2656 quod
1949 2602 2117 2657 supra

544 2693 646 2733 nos
676 2688 922 2750 apparet.
955 2679 1192 2753 positum
1226 2693 1369 2732 esse.

1148 2767 1377 2825 CAPUT
1421 2769 1508 2825 XI.

613 2865 773 2921 Aliud
806 2882 920 2921 esse
954 2880 1169 2937 regnum
1211 2848 1632 2931 cwlcstefaliud
1677 2856 2007 2934 paradisum.
2049 2893 2118 2904 —

544 2960 641 3015 Est
683 2976 809 3016 vero
859 2962 1001 3029 inter
1030 2961 1251 3016 etuleste
1301 2977 1526 3030 regnum
1561 2972 1614 3014 et
1648 2961 1958 3030 paradisum
1998 2974 2116 3012 ma-

478 3094 481 3095 ν
543 3065 647 3119 gna
700 3051 991 3104 admodmn
1045 3051 1349 3106 dim-rentia
1401 3064 1562 3121 atque
1619 3052 1931 3105 diversitas.
1984 3049 2115 3105 Nam

545 3157 771 3211 regnum
818 3144 1040 3197 caeleste
1092 3158 1255 3213 supra
1302 3145 1422 3198 (ἀξιὶ
1472 3148 1872 3197 ﬁrmamentum
1921 3151 2027 3209 est,
2064 3152 2120 3196 at
2148 3137 2185 3153 “’

1767 3235 1834 3289 ad
1871 3235 1995 3301 hoc,
2032 3249 2121 3291 re-
2158 3306 2161 3311 _

544 3234 828 3305 paradisus
862 3235 968 3288 sub
1003 3234 1343 3289 ﬁrmamento
1390 3236 1441 3287 in
1468 3236 1648 3289 terris
1698 3252 1713 3290 :

545 3341 711 3395 gnum
771 3325 991 3380 rceleste
1028 3326 1271 3392 spiritale
1304 3339 1422 3394 est;
1460 3328 1745 3397 paradisus
1780 3341 1911 3383 vero
1970 3336 2023 3382 et
2051 3326 2119 3383 ad

542 3434 742 3491 corpus
770 3429 824 3473 et
853 3424 918 3473 ad
952 3420 1201 3488 spiritum
1236 3431 1466 3490 spectat,
1496 3432 1555 3476 nt
1585 3424 1837 3491 superius
1867 3436 2121 3492 compro-

544 3512 813 3565 bavimus.
845 3512 1049 3567 Deinde
1072 3513 1311 3569 ccclesiis
1342 3515 1493 3584 regni
1526 3516 1781 3584 voluptas
1805 3529 1867 3569 ea
1891 3524 1975 3569 est
1997 3530 2120 3585 quae

541 3619 607 3659 ex
644 3602 753 3658 Deo
799 3619 924 3659 cum
982 3604 1155 3660 beatis
1184 3605 1390 3676 angelis
1424 3606 1670 3676 capitur;
1717 3606 1953 3675 paradisi
1988 3621 2118 3661 vero

545 3684 753 3753 delicia:
775 3713 839 3752 ex
870 3698 1161 3754 arboribus
1190 3700 1421 3755 arumnis
1449 3710 1613 3770 atque
1640 3699 2115 3763 desiderabilibus.

546 3806 650 3845 nec
676 3805 781 3844 non
813 3804 879 3844 ex
911 3790 1113 3860 ingenti
1155 3790 1245 3844 illo
1274 3789 1498 3846 ﬂumine
1537 3793 1820 3847 habentur.
1856 3790 2117 3847 Przterea

545 3897 771 3953 regnum
802 3883 1023 3938 caeleste
1066 3898 1159 3937 nec
1189 3882 1371 3937 oculus
1402 3880 1553 3947 vidit,
1589 3870 1696 3939 nec‘
1718 3885 1865 3937 auris
1892 3884 2118 3951 audivit,

544 3988 707 4044 neque
732 3972 785 4027 in
813 3990 904 4027 cor
931 3974 1160 4028 hominis
1191 3977 1450 4042 ascendit,
1480 3986 1540 4029 ut
1567 3976 1939 4048 apostolorum
1972 3979 2120 4047 prin-

543 4080 669 4135 Ceps
699 4066 900 4122 Paulus
935 4067 1121 4133 ait";
1166 4066 1261 4122 sed
1298 4067 1581 4137 paradisus
1630 4076 1685 4121 et
1713 4067 1843 4121 Adae
1900 4074 1955 4121 et
1996 4067 2121 4123 Eva:

544 4158 721 4213 oculis
754 4168 1009 4227 aspectus
1048 4168 1154 4224 est,
1193 4158 1528 4230 auribusque
1570 4159 1813 4221 auditus,
1857 4169 1913 4214 et
1953 4159 2121 4215 subiit

544 4250 601 4304 in
636 4236 873 4320 ipsorum
923 4255 1159 4307 animos.
1202 4250 1429 4321 Insuper
1462 4266 1589 4307 eum
1636 4252 1690 4307 in
1744 4252 1879 4323 lege,
1916 4260 2031 4307 tum
2065 4251 2119 4307 in

550 4344 845 4414 Evangelio
906 4344 1315 4411 distinguuntur
1370 4362 1383 4397 :
1438 4345 1492 4399 in
1546 4346 1663 4416 lege
1726 4346 1870 4401 enim
1929 4346 2121 4400 beatus

2220 1850 2453 1905 alterum
2495 1848 2549 1904 in
2602 1851 2776 1923 altero
2825 1866 2970 1915 esse,
3018 1862 3180 1918 atque
3232 1852 3462 1906 alterum
3507 1850 3577 1905 ab
3631 1848 3800 1902 altero

2222 1943 2609 1997 circumdari:
2660 1953 2859 1997 terram
2901 1944 3046 1997 enim
3099 1943 3170 1999 ab
3221 1945 3335 2014 ipsa
3385 1957 3552 2012 aqua,
3605 1955 3797 2011 aquam

2220 2038 2291 2089 ah
2338 2050 2490 2103 aere,
2532 2049 2713 2100 acrem
2754 2036 2824 2091 ab
2874 2036 2997 2108 igne
3032 2036 3298 2091 contineri
3333 2035 3425 2105 (de
3463 2050 3570 2103 qua
3614 2049 3670 2088 re
3708 2050 3801 2087 nos

2223 2142 2442 2197 quoque
2492 2127 2732 2184 dilucide
2777 2130 2991 2198 egimus
3029 2128 3083 2183 in
3129 2142 3195 2183 eo
3231 2128 3370 2182 libro
3414 2140 3575 2196 quem
3613 2126 3679 2180 de
3712 2138 3799 2179 sex

2220 2220 2415 2276 diebus
2440 2222 2923 2291 conscripsimus),
2949 2229 3005 2276 et
3043 2221 3270 2291 proinde
3304 2218 3623 2274 existimant
3654 2232 3799 2271 mare

2223 2312 2506 2369 Oceanum
2559 2323 2727 2369 letam
2770 2313 2978 2367 ambire
3023 2322 3249 2374 terram,
3299 2326 3405 2365 non
3448 2325 3605 2365 secus
3645 2318 3805 2378 atque

2219 2417 2480 2459 cortinam
2526 2414 2713 2473 caput,
2763 2414 2856 2457 aut
2902 2401 3181 2471 cingulum
3234 2399 3486 2467 lumbos;
3538 2400 3611 2454 ita
3646 2409 3707 2453 ut
3742 2397 3803 2452 ah

2218 2502 2466 2552 extrema
2496 2494 2695 2550 Oceani
2748 2504 2901 2564 parte
2949 2494 3096 2548 nulla
3134 2508 3362 2563 prorsus
3394 2500 3535 2546 terra
3589 2490 3682 2554 sit,
3716 2492 3802 2543 sed

2220 2601 2315 2640 aer
2346 2586 2397 2639 ei
2431 2600 2542 2639 ora:
2587 2600 2652 2639 ex
2700 2585 2848 2638 omni
2901 2585 3121 2654 regione
3167 2581 3560 2638 circumfusus.
3608 2584 3678 2635 At
3717 2580 3803 2633 alii

2222 2678 2545 2748 Opinantur,
2583 2675 2836 2746 amplecti
2884 2676 3108 2746 quidem
3158 2690 3305 2730 mare
3341 2673 3618 2730 Oceanum
3661 2674 3807 2727 hunc

2222 2769 2573 2825 habitabilem
2607 2769 2821 2835 orbem,
2855 2777 3095 2839 quantus
3138 2778 3244 2831 est,
3292 2776 3349 2821 ut
3384 2781 3587 2821 corona
3622 2778 3804 2832 caput,

2220 2862 2302 2916 vel
2334 2877 2472 2917 zona
2520 2877 2723 2932 corpus
2755 2861 2959 2933 cingit;
3005 2871 3058 2915 et
3106 2872 3288 2916 tamen
3326 2859 3467 2913 ultra
3504 2868 3803 2913 extremam

2211 2955 2375 3019 illam
2424 2954 2630 3012 Oceani
2667 2972 2819 3011 oram
2853 2971 3142 3026 superesse
3189 2971 3309 3009 eam
3358 2963 3583 3016 terram,
3615 2954 3668 3005 in
3703 2967 3805 3021 qua

2219 3048 2470 3105 consitus
2507 3048 2611 3104 fuit
2640 3048 2956 3120 paradisus.
2983 3048 3172 3119 Itaque
3202 3058 3393 3119 putant
3416 3046 3469 3101 lii
3493 3046 3804 3116 paradisum

2222 3144 2378 3198 extra
2427 3143 2573 3197 hunc
2602 3157 2633 3198 a
2671 3142 2993 3197 mortalibus
3043 3142 3447 3210 frequentatum
3492 3140 3679 3195 orbein
3718 3153 3809 3194 ex-

2222 3236 2463 3301 stitisse;
2501 3236 2647 3304 quod
2680 3250 2810 3290 sane
2842 3235 2958 3292 suis
2989 3231 3326 3304 argumentis
3362 3249 3527 3303 posse
3560 3245 3810 3301 compro-

2224 3328 2340 3390 bari
2389 3327 2627 3383 videtur.
2678 3325 2848 3383 Nemo
2894 3329 3040 3382 enim
3097 3341 3336 3395 unquam
3390 3325 3709 3395 regulorum
3746 3343 3807 3378 co

2222 3421 2504 3493 profectus
2564 3422 2882 3492 paradisum
2926 3421 3214 3489 conspexit
3249 3439 3260 3473 :
3295 3419 3387 3489 qui
3430 3419 3476 3474 si
3514 3420 3651 3473 intra
3689 3432 3805 3473 eam

2223 3514 2411 3570 mundi
2442 3524 2650 3585 partem
2684 3529 2805 3584 quas
2831 3512 2901 3567 ab
2934 3513 3247 3568 hominibus
3283 3511 3562 3566 habitatur
3600 3512 3809 3581 positus

2223 3616 2389 3671 esset,
2431 3606 2621 3677 procul
2650 3607 2818 3660 dubio
2851 3620 3005 3676 reges
3050 3606 3139 3676 qui
3202 3605 3253 3658 id
3290 3604 3474 3659 facere
3501 3605 3809 3677 puluissmit

2223 3697 2402 3751 visum
2428 3708 2554 3751 eum
2586 3697 2812 3750 ivisseut
2839 3712 2855 3749 :
2884 3711 2913 3750 a
2940 3711 3048 3767 qua
3078 3711 3136 3751 re
3169 3708 3353 3751 tamen
3382 3709 3576 3750 omnes
3604 3694 3804 3758 adhuc,

2223 3788 2293 3843 ob
2322 3804 2441 3844 eam
2470 3798 2532 3845 ut
2562 3792 2774 3843 videtur
2804 3806 2968 3859 quam
3000 3792 3165 3845 modo
3217 3790 3325 3845 dixi
3359 3804 3609 3851 causam.
3639 3789 3805 3843 absti-

2221 3898 2413 3938 nuere.
2443 3885 2535 3937 Ait
2580 3884 2746 3946 enim,
2780 3884 2873 3954 qui
2908 3885 2963 3938 in
2996 3884 3096 3939 bac
3136 3892 3266 3938 sunt
3310 3883 3605 3947 sententia,
3657 3883 3806 3935 aiunt

2223 3990 2375 4030 mare.
2400 3974 2531 4031 illud
2555 3978 2699 4046 quod
2730 3976 2872 4030 inter
2900 3976 3038 4029 hanc
3065 3983 3309 4030 nostram
3341 3984 3400 4030 et
3428 3974 3576 4029 illam
3607 3980 3803 4028 terram

2222 4066 2525 4134 interﬂuit,
2593 4067 2956 4139 innavigabile
3019 4082 3177 4132 esse,
3241 4066 3475 4135 ideoque
3534 4064 3803 4119 neminem

2226 4175 2414 4232 regum
2452 4158 2579 4215 illuc
2617 4163 2920 4229 traiecisse.
2966 4161 3070 4215 Alii
3114 4175 3242 4216 vero
3286 4159 3363 4214 illi
3400 4161 3493 4230 qui
3536 4160 3803 4214 elementa

2224 4254 2422 4309 ambiri
2454 4252 2687 4310 alterum
2722 4255 2791 4310 ab
2826 4255 3020 4318 altero,
3048 4265 3211 4325 atque
3244 4251 3449 4310 Oceani
3481 4268 3655 4322 aquas
3690 4252 3805 4305 uni-

2223 4362 2439 4419 versam
2492 4348 2717 4403 omnino
2777 4349 3122 4403 circumdare
3191 4355 3391 4402 terram
3462 4352 3698 4416 putant,
3749 4350 3803 4397 ut

544 4437 724 4519 iloses
766 4439 820 4492 in
849 4455 915 4493 eo
958 4440 1099 4493 libre
1126 4436 1287 4509 quem
1335 4440 1591 4495 Genesim
1630 4440 1768 4509 (hoc
1810 4447 1913 4504 est,
1944 4440 2008 4494 de
2035 4455 2121 4494 η-
2154 4455 2196 4509 ι)
2225 4440 2437 4496 nullum
2469 4442 2713 4511 supersit
2737 4442 2915 4497 solum
2949 4442 3088 4498 ultra
3117 4456 3288 4505 mare,
3318 4440 3632 4511 paradisum
3667 4440 3802 4493 intra

547 4547 665 4583 runt
699 4533 849 4601 ortu)
880 4546 1161 4593 vocamus,
1189 4535 1251 4588 de
1282 4534 1536 4603 paradiso
1572 4532 1790 4587 locutus
1820 4542 1923 4597 est,
1966 4547 2123 4587 eum-

544 4638 654 4694 que
698 4625 815 4679 suis
860 4625 1007 4680 notis
1052 4624 1374 4701 descripsit;
1426 4629 1494 4680 de
1536 4625 1661 4681 cmli
1715 4633 1898 4680 autem
1948 4639 2118 4695 regno

547 4735 653 4776 non
704 4722 929 4801 verbum
977 4721 1200 4790 quidem
1262 4719 1409 4773 fecit.
1462 4719 1676 4775 Rursus
1723 4720 1777 4774 in
1828 4717 2117 4788 Evangelia

548 4813 809 4867 Dominus
839 4819 1063 4877 'noster,
1094 4813 1325 4883 ejusque
1370 4811 1622 4882 discipuli
1666 4821 1723 4867 et
1750 4809 1986 4873 Joannes
2020 4810 2122 4885 Ba-

542 4906 709 4974 ptista
755 4906 1167 4969 concionantes,
1217 4905 1491 4960 adhortati
1568 4915 1694 4959 sunt
1744 4904 2005 4959 mortales
2053 4902 2121 4957 ad

540 5002 962 5070 ptenitentiam,
1029 4998 1163 5074 quia
1215 5002 1272 5057 in
1328 5001 1635 5073 propinquo
1690 5011 1833 5057 esset
1894 5015 2117 5071 regnum

546 5094 765 5149 mdeste
796 5094 874 5161 al;
927 5096 1018 5149 sed
1069 5096 1385 5166 paradisum
1421 5110 1541 5151 esse
1590 5095 1828 5149 vicinum
1882 5107 1987 5147 non
2037 5092 2122 5145 di-

547 5202 693 5241 xere.
733 5189 974 5256 Denique
1006 5187 1109 5242 hoc
1140 5204 1359 5256 qucque
1388 5188 1530 5243 inter
1565 5187 1653 5243 illa
1689 5185 1982 5241 discrimen
2011 5196 2115 5248 cst,

543 5278 686 5346 quod
719 5289 839 5348 post
875 5280 1329 5334 resurrectionem
1358 5280 1714 5338 conscensuri
1749 5279 1862 5335 sint
1884 5278 2018 5349 justi
2052 5283 2117 5333 ad

544 5370 765 5423 cmlcstc
813 5388 1060 5442 regnum,
1112 5384 1279 5442 atque
1328 5373 1435 5428 illic
1486 5376 1537 5430 in
1581 5389 1794 5429 summa
1844 5374 2119 5445 voluptate

556 5542 557 5545 η
612 5520 654 5551 ’⁷
682 5514 838 5570 Joan.
876 5532 981 5578 xw,
1012 5519 1063 5571 2.

542 5605 700 5649 XXIII,
737 5587 828 5641 65.

1144 5520 1187 5550 ’⁸
1222 5518 1388 5575 IIehr.
1426 5536 1519 5585 sit,
1554 5522 1641 5586 22,
1671 5522 1761 5576 ‘25.

606 5728 686 5789 42)
721 5728 897 5797 Supra
929 5741 1049 5795 cap.
1082 5728 1111 5781 7
1141 5730 1243 5784 sub
1274 5729 1454 5785 linem.

1839 5521 1885 5554 ¹⁹
1914 5520 1951 5575 II
1980 5520 2106 5577 Cor.
2149 5537 2201 5588 v,
2236 5522 2287 5576 1.

2226 4549 2380 4589 mare
2405 4536 2624 4607 quidem
2659 4536 2894 4609 positum
2920 4550 3044 4591 esse
3069 4537 3244 4601 aiunt,
3272 4550 3460 4589 verum
3490 4534 3561 4589 ob
3592 4541 3802 4588 montes

2228 4626 2577 4683 dimcillimos
2604 4636 2659 4681 et
2689 4629 2904 4697 penitus
2934 4627 3110 4681 invios
3140 4628 3231 4697 qui
3270 4626 3413 4681 inter
3445 4626 3597 4679 illum
3626 4635 3682 4678 et
3710 4638 3802 4677 nos

2227 4721 2535 4784 exsistunt,
2590 4722 2862 4774 neminem
2915 4719 3224 4774 mortalium
3282 4718 3414 4773 illuc
3480 4717 3797 4771 accessisse.

2225 4812 2529 4869 Conficitur
2578 4814 2762 4884 itaque
2809 4829 2876 4869 ex
2931 4813 3039 4879 his,
3096 4811 3414 4883 paradisum
3469 4822 3619 4865 extra
3678 4824 3797 4864 eum

2226 4915 2383 4963 terrae
2424 4908 2611 4963 orbem
2659 4923 2819 4977 quem
2872 4907 3123 4962 homines
3155 4906 3415 4971 colimus,
3445 4905 3611 4959 situm
3657 4918 3795 4956 esse.

2808 4998 3035 5055 CAPUT
3079 4998 3215 5053 XIII.

2297 5093 2363 5148 In
2399 5111 2502 5165 qua
2549 5092 2733 5147 mundi
2784 5094 2990 5164 regione
3028 5095 3231 5162 positus
3277 5093 3347 5145 sit
3392 5091 3701 5163 paradisus.
3732 5115 3798 5130 —-

2224 5187 2326 5241 Sed
2380 5196 2593 5257 quaerat
2642 5185 2881 5254 aliquis,
2936 5187 2988 5238 in
3044 5199 3281 5253 quanam
3339 5184 3527 5240 mundi
3581 5185 3797 5254 regione

2221 5281 2437 5351 positus
2480 5283 2551 5334 sit
2590 5280 2872 5350 paradisus
2910 5294 2923 5331 :
2962 5292 3148 5330 versus
3183 5277 3483 5342 Orientem,
3527 5293 3593 5331 an
3644 5276 3795 5329 Ocri-

2222 5376 2471 5438 denteni,
2525 5374 2589 5426 ad
2644 5372 2950 5435 Mt‘t'ItIlmll,
3008 5387 3074 5423 an
3127 5370 3605 5441 Septentrionem?
3665 5369 3795 5422 Iluic

2405 5522 2449 5553 ³⁸³
2484 5521 2501 5575 I
2542 5520 2670 5574 Cor.
2726 5536 2783 5585 ιι,
2830 5521 2882 5574 9.
2999 5522 3037 5553 "
3084 5522 3269 5577 Matth.
3322 5538 3403 5587 ιιι,
3458 5524 3509 5576 ι.
3586 5522 3631 5554 δ’
3669 5519 3796 5578 Luc.
