4008 6342
258 358 353 415 197

1367 348 1464 408 DE
1509 346 1915 419 PAliADlSO.
1957 368 2026 380 -
2065 345 2265 406 PARS
2304 346 2354 405 ῐ.

3383 340 3487 404 498

258 462 655 535 τετηρηιιιΙιεηιιις,
710 460 971 515 Basiiium
1034 458 1250 528 quidem
1302 467 1357 512 et
1403 459 1521 528 ejus
1585 456 1805 511 fratrem

1912 454 2033 509 diso
2080 452 2224 508 alliui
2275 462 2419 508 terra
2460 451 2513 507 in
2583 453 2723 506 hanc
2772 459 3012 508 nostram
3087 467 3181 522 per
3227 454 3485 509 vadosum

256 556 557 627 Gregorium
591 551 913 624 Nysseuum,
960 562 1123 622 atque
1166 558 1362 621 pra'ter
1404 550 1502 606 hos
1532 551 1809 606 dominum

259 654 531 710 Severum,
582 644 1002 714 compluresque
1050 643 1189 700 alios
1235 643 1445 714 cpinari
1496 641 1821 713 paradisum

254 740 316 795 ad
364 736 691 794 Orientalem
748 746 902 790 terrae
962 736 1236 803 regionem
1286 744 1524 790 exstare.
1575 734 1811 790 Basilius

252 829 388 882 enim
441 840 695 881 sermone
742 840 906 893 super
953 823 1081 879 illud
1133 822 1282 878 Pauli
1327 807 1396 887 ⁵³.
1428 822 1525 877 .Iu
1567 825 1709 877 omni
1757 839 1811 878 re

249 923 442 993 gratias
473 911 632 990 agite,
682 919 746 972 ad
792 919 935 974 hunc
970 916 1191 973 modum
1226 916 1411 973 scribit
1453 934 1469 972 :
1520 936 1537 969 ε
1570 916 1696 972 ideo
1741 915 1809 971 ad

249 1015 520 1081 Orientem
558 1012 701 1067 versi
748 1013 889 1066 inter
920 1011 1183 1065 orandum
1228 1008 1499 1077 stetimus,
1533 1018 1592 1064 ut
1621 1007 1809 1064 oculos

247 1113 460 1160 nostros
493 1102 559 1158 ad
608 1101 1080 1172 contemplandum
1128 1100 1455 1171 paradisum
1497 1098 1811 1157 assueface-

154 1227 158 1229 Α
243 1206 444 1259 remus,
487 1210 660 1265 coque
705 1194 886 1249 locum
933 1203 1179 1249 nostrum
1208 1193 1524 1260 pristinum
1565 1192 1809 1262 require-

243 1302 439 1343 remus.
466 1285 762 1355 Gregorius
814 1300 948 1340 vero
989 1283 1287 1356 Nyssenus,
1342 1298 1595 1337 sermone
1644 1297 1806 1352 quem

242 1381 293 1433 in
344 1375 656 1435 Orationem
725 1377 1067 1433 Dominicam
1127 1374 1474 1446 composuit,
1531 1375 1613 1430 sic
1661 1376 1737 1429 ait
1792 1393 1806 1427 :

239 1470 619 1525 Convertimus
670 1485 777 1523 uos
826 1469 894 1523 ad
944 1468 1257 1530 Orientem,
1316 1481 1422 1521 non
1470 1466 1593 1521 ideo
1647 1467 1807 1520 modo

239 1560 381 1629 quod
427 1559 541 1617 illic
585 1558 731 1615 Deus
777 1558 849 1614 sit
893 1556 1261 1629 aspectabilis,
1309 1556 1402 1628 qui
1457 1550 1659 1625 ubique
1702 1567 1805 1619 est,

238 1666 415 1720 neque
440 1651 552 1705 ullo
583 1650 901 1718 particulari
935 1652 1054 1706 loco
1080 1650 1303 1705 omnino
1337 1644 1653 1704 continetur
1680 1665 1803 1703 cum

235 1757 453 1798 omnem
496 1757 559 1796 ex
605 1756 763 1811 aequo
796 1748 1055 1812 occupet,
1104 1742 1197 1797 sed
1238 1739 1366 1809 quia
1419 1740 1573 1796 idcus
1619 1749 1806 1795 uoster

235 1828 501 1907 pristinus
547 1834 599 1890 in
646 1833 871 1891 Oriente
909 1844 991 1891 est
1029 1832 1139 1889 :de
1165 1848 1229 1890 ea
1261 1835 1368 1889 vita
1404 1832 1598 1903 loquor
1640 1847 1802 1901 quant

235 1931 289 1982 in
318 1927 577 1999 paradiso
601 1926 967 1998 agitabamus,
994 1941 1063 1981 ex
1092 1922 1203 1995 quo'
1231 1920 1429 1981 deinde
1456 1922 1762 1980 excidimus
1787 1940 1802 1990 ;

230 2029 517 2076 conservat
545 2021 690 2075 enim
725 2015 864 2074 Deus
887 2018 1197 2089 paradisum
1220 2018 1273 2072 in
1295 2018 1462 2086 Eden,
1484 2017 1537 2071 in
1558 2016 1800 2072 Oriente.

228 2112 365 2166 Cum
394 2113 562 2181 igitur
586 2112 653 2167 ad
678 2110 953 2167 Orientem
980 2110 1267 2193 dirigituus
1291 2112 1572 2166 oculorum
1595 2120 1804 2165 nostro-

228 2218 349 2257 rum
382 2201 584 2267 aciem,
614 2210 776 2275 atque
807 2189 994 2257 casum
1041 2201 1118 2271 (5)
1149 2189 1400 2257 nostrum
1440 2218 1553 2272 quo
1583 2217 1648 2257 ex
1681 2203 1804 2257 bea-

225 2288 461 2353 tissiiuis
496 2296 604 2353 illis
632 2297 765 2353 locis
795 2293 1128 2361 excidimus,
1157 2312 1477 2353 revocamus
1507 2296 1561 2353 in
1587 2298 1803 2352 animos

224 2398 473 2451 nostros.
511 2391 708 2444 merito
754 2389 896 2445 hanc
941 2402 1087 2446 tuam
1134 2391 1503 2463 precationem
1547 2391 1641 2447 tihi
1672 2390 1804 2447 offe-

221 2480 423 2545 rimus,
452 2492 560 2534 etc.
586 2479 829 2550 Denique
854 2482 1111 2537 dominus
1136 2482 1393 2545 Severus,
1420 2484 1666 2538 oratione
1695 2476 1801 2552 qua

221 2573 453 2629 disserit
480 2587 579 2627 cur
608 2573 750 2627 versi
780 2571 848 2626 ad
874 2573 1150 2641 Orientem
1187 2573 1498 2638 adoremus,
1532 2575 1646 2635 bmc
1673 2590 1813 2644 pro:

219 2663 360 2717 didit
394 2680 411 2718 :
444 2663 578 2730 Quia
622 2664 912 2733 paradisus
942 2666 996 2719 in
1030 2662 1252 2720 Oriente
1293 2674 1397 2730 est,
1441 2676 1495 2721 et
1525 2666 1675 2720 illinc
1706 2679 1801 2723 su-

225 2770 354 2811 mus
395 2756 626 2825 egressi,
678 2763 839 2825 atque
883 2754 949 2810 ad
995 2755 1176 2811 locum
1221 2763 1467 2812 nostrum
1516 2758 1800 2827 antiquum

219 2850 424 2904 reverti
455 2862 763 2917 speramus,
784 2856 893 2905 etc.
920 2847 1061 2901 Sunt
1081 2848 1247 2902 etiam
1272 2849 1368 2917 qui
1400 2848 1529 2904 hinc
1553 2853 1803 2905 constare

214 2940 565 3002 existiment,
616 2938 931 3008 paradisum
980 2939 1035 2992 in
1083 2938 1304 2993 Oriente
1349 2953 1490 2999 esse.
1536 2940 1661 3008 quia
1707 2940 1801 3009 qui

216 3032 427 3100 templa
477 3039 571 3085 aut
614 3032 758 3086 ades
803 3042 1127 3086 construere
1177 3031 1365 3085 volunt
1410 3032 1477 3085 ad
1523 3029 1797 3086 Orientem

212 3122 551 3193 spectantia,
601 3122 673 3177 ita
717 3122 1056 3187 describunt,
1089 3133 1148 3177 ut
1195 3122 1261 3177 ad
1290 3121 1480 3178 .solem
1523 3122 1578 3177 in
1616 3139 1873 3215 mensec

214 3215 387 3272 Nisan
420 3213 699 3270 Orientem
729 3214 957 3270 obversa
1000 3214 1072 3268 sit
1113 3212 1344 3279 fabrica,
1374 3214 1634 3270 nimirum
1676 3216 1801 3285 quia

212 3311 308 3364 illo
365 3323 559 3363 mense
604 3306 685 3360 sol
733 3321 897 3375 supra
949 3305 1188 3376 paradisi
1235 3305 1417 3362 locum
1455 3307 1685 3363 oriatur.
1722 3306 1805 3381 Et

212 3400 422 3455 horum
456 3398 547 3453 alii
578 3398 799 3470 quidem
833 3398 976 3452 diem
1018 3397 1292 3453 decimum
1320 3398 1571 3469 quintum
1600 3399 1805 3455 mensis

212 3493 388 3550 Nisan
452 3492 783 3558 observant,
836 3492 992 3560 quasi
1047 3506 1114 3546 eo
1163 3491 1299 3547 solis
1348 3491 1489 3548 radii
1539 3498 1686 3547 recte
1734 3506 1799 3547 ex

207 3585 590 3643 orientalibus
630 3583 886 3639 fenestris
911 3583 1227 3653 prosiliant;
1254 3583 1343 3639 alii
1369 3597 1499 3640 vero
1520 3592 1799 3655 quartum,

206 3696 392 3750 eoque
438 3679 491 3733 id
527 3679 641 3733 ticri
679 3686 890 3745 putant,
929 3676 1070 3746 quod
1113 3676 1288 3731 soleo
1333 3677 1405 3731 sit
1432 3674 1521 3731 die
1562 3685 1801 3743 creatus,

203 3781 264 3826 et
303 3785 538 3827 cursum
585 3785 745 3824 suum
799 3768 1090 3838 occeperit.
1139 3767 1339 3822 Verum
1380 3767 1628 3838 Ephrmm
1672 3767 1803 3823 dicit

204 3862 537 3933 paradisum
568 3862 877 3916 universam
921 3861 1130 3917 ambire
1175 3848 1400 3917 terram
1421 3903 1436 3926 ,
1469 3868 1634 3932 atque
1662 3861 1801 3919 ultra

204 3954 510 4010 Oceanum
559 3951 632 4007 ita
668 3952 903 4021 positum
936 3966 1058 4006 esse
1092 3959 1151 4006 ut
1194 3958 1367 4006 totum
1414 3957 1692 4005 terrarum
1708 3962 1802 4006 or-

202 4050 335 4105 bem
370 4046 450 4102 ab
478 4044 627 4109 omni
664 4042 967 4099 circumdet
1005 4042 1249 4111 regione,
1291 4054 1400 4096 non
1445 4040 1602 4097 aliter
1634 4048 1803 4112 atque

202 4142 361 4195 luna:
411 4138 567 4194 orbis
618 4136 806 4191 lunam
856 4135 1047 4206 cingit.
1098 4133 1239 4190 Sunt
1285 4143 1468 4190 autem
1523 4134 1639 4189 haec
1681 4133 1803 4204 ejus

204 4232 329 4290 fere
374 4231 567 4295 verba,
610 4228 809 4299 quibus
839 4227 892 4283 in
921 4243 985 4284 ea
1032 4242 1129 4283 sua
1170 4227 1539 4299 disputatione
1585 4227 1798 4283 utitur:
1843 4280 1858 4287 ,

202 4320 355 4386 Quia
406 4316 604 4389 procul
653 4325 805 4371 extra
847 4327 1201 4386 conspectum
1253 4317 1480 4372 dissitus
1520 4326 1602 4372 est
1638 4332 1801 4387 para-

200 4411 400 4475 disus,
434 4423 613 4478 neque
659 4416 767 4463 tam
814 4418 970 4464 acuta
1003 4408 1144 4464 inest
1183 4409 1359 4464 oculis
1388 4409 1593 4465 nostris
1633 4411 1798 4475 acies,

1913 562 2064 603 mare
2087 545 2319 617 pedibus
2347 559 2709 610 commeasse,
2735 560 2858 600 cum
2890 552 3075 602 essent
3106 555 3332 601 statura:
3363 562 3489 615 pro-

1913 638 2250 703 oerissimre;
2310 629 2473 707 atque
2544 636 2648 692 hoc
2717 646 2832 690 tum
2890 651 2954 692 ex
3015 638 3484 715 Athanasio‘tum

1912 749 1944 786 e
1969 730 2172 802 Cyrillo
2209 729 2568 800 comprobare
2596 729 2871 794 nituntur,
2918 730 3010 802 qui
3043 731 3180 785 inter
3214 731 3315 785 alia
3355 732 3490 784 scri-

1911 824 2078 891 bunt,
2108 822 2496 879 habitationem
2526 821 2756 893 primam
2791 830 2913 892 post
2941 820 3255 892 paradisum
3317 820 3489 877 fuisse

1912 918 2120 973 Adamo
2170 918 2227 973 in
2268 917 2456 973 Judaea
2508 932 2523 971 :
2572 924 2835 987 praeterea
2884 914 3087 985 ipsum.
3137 922 3488 985 posteaquam

1911 1024 2009 1081 per
2038 1010 2303 1080 plurimas
2332 1008 2586 1079 regiones
2626 1016 2858 1078 vagatus
2917 1006 2973 1062 in
3008 1006 3132 1062 aliis
3162 1016 3333 1089 atque
3366 1006 3489 1061 aliis

1871 1147 1881 1167 .
1912 1102 2214 1158 habitasset
2237 1100 2378 1164 locis
2394 1122 2413 1168 ‘,
2453 1101 2672 1156 tandem
2704 1101 2809 1157 sub
2839 1100 2964 1155 vitae
2994 1099 3151 1155 tinem
3185 1100 3402 1156 venisse
3433 1096 3487 1153 in

1912 1198 2151 1249 montem
2185 1192 2374 1256 Jebus.
2411 1192 2597 1264 ibique
2646 1193 2918 1263 sepultum
2968 1206 3125 1258 esse;
3162 1203 3371 1247 certum
3407 1199 3491 1246 est

1911 1297 2095 1340 autem
2126 1266 2301 1341 Jebtts‘
2329 1299 2453 1343 esse
2482 1284 2807 1339 Jerusalem.
2841 1282 2906 1339 Et
2936 1299 3066 1340 vero
3113 1283 3368 1339 dominus
3397 1282 3491 1338 Ja-

1913 1377 2085 1433 cobus
2114 1376 2409 1433 Orrohaita
2446 1377 2610 1433 tradit
2648 1376 2814 1433 etiam
2846 1371 3017 1431 Neam
3047 1375 3158 1431 illic
3190 1374 3488 1441 habitasse,

1910 1476 2073 1536 atque.
2104 1467 2158 1521 in
2188 1469 2408 1538 regione
2430 1467 2796 1523 Sodomorum
2830 1466 3108 1538 plantasse
3141 1465 3265 1523 illas
3292 1465 3489 1547 cedros

1910 1574 1975 1614 ex
2025 1557 2225 1629 quibus
2279 1573 2459 1614 arcam
2499 1557 2809 1614 construxit
2857 1574 2872 1612 :
2921 1572 3087 1629 quam
3127 1571 3312 1611 arcam
3361 1570 3487 1612 cum

1908 1661 2052 1707 esset
2097 1667 2201 1705 una
2250 1667 2376 1707 cum
2429 1651 2616 1708 liberis
2666 1652 2780 1708 suis
2827 1646 3488 1729 conscensurus-impetr-

1909 1744 2073 1799 dente
2104 1744 2334 1808 diluvio.
2366 1759 2551 1800 secum
2587 1745 2640 1798 in
2675 1759 2797 1802 eam
2828 1744 3081 1800 intulisse
3110 1758 3237 1800 ossa
3270 1738 3487 1807 Adami,

1915 1849 2088 1906 eaque
2134 1835 2330 1892 deinde
2370 1842 2492 1906 post
2538 1833 2801 1906 diluvium
2843 1849 2967 1909 arra
3016 1849 3335 1906 egressum.
3373 1835 3491 1891 suis

1913 1924 2041 1980 [iliis
2073 1923 2437 1989 distribuisse,
2474 1934 2631 1995 prout
2666 1925 2853 1980 orbem
2892 1933 3160 1983 terrarum
3190 1928 3335 1981 inter
3367 1926 3487 1982 illos

1889 2002 2266 2071 'babitandum
2308 2016 2662 2087 particbatur.
2715 2010 2877 2073 Verbi
2909 2018 3083 2091 gratia
3124 2035 3139 2074 :
3177 2016 3485 2074 Calvariam

1911 2106 2101 2163 Adami
2155 2108 2372 2164 dedisse
2418 2108 2788 2179 primogenita
2833 2121 2933 2164 suo
2982 2107 3133 2175 Sem,
3183 2122 3237 2166 et
3288 2121 3485 2167 terram

1911 2200 2297 2269 assignasseei
2327 2198 2591 2267 Juda'am,
2622 2209 2787 2273 atque
2814 2202 2888 2258 ita
2918 2205 3287 2273 posteritatem
3320 2204 3443 2259 Sem
3470 2244 3485 2267 ,

1912 2304 2037 2346 cum
2082 2294 2131 2347 ei
2166 2291 2407 2348 Iudaeam
2452 2309 2553 2349 ceu
2609 2310 2764 2350 suam
2820 2296 3192 2353 liazreriitatem
3223 2286 3487 2364 venieset,

1912 2384 2059 2441 illam
2100 2384 2229 2441 Adae
2276 2385 2583 2441 Calvariam
2634 2403 2757 2457 quae
2806 2388 2913 2445 sibi
2964 2390 3112 2447 unus
3162 2377 3489 2452 ossibus.“
3556 2412 3559 2413 ί

1911 2488 2135 2549 paterna
2169 2476 2557 2535 distributione
2605 2481 2925 2549 obvenerat,
2962 2484 3017 2540 lu
3052 2474 3193 2547 Adte
3232 2470 3507 2560 sepulcro.

1909 2564 2059 2639 quod
2099 2570 2302 2640 alioqui
2349 2572 2463 2641 jam
2515 2571 2630 2628 tum
2679 2560 2791 2630 illic
2838 2563 3111 2643 exstabat,
3147 2560 3503 2649 repas'uisse.
3542 2610 3545 2613 -
3598 2606 3599 2609 η

1911 2661 2017 2716 Sed
2042 2661 2135 2717 alii
2160 2662 2500 2729 existimant,
2516 2663 2649 2729 inde
2669 2680 2743 2728 ex,
2761 2677 2871 2735 quo
2895 2667 3197 2739 deliquerat
3218 2668 3485 2743 Adamus.
3536 2658 3537 2661 η
3564 2664 3567 2665 ⁷

1910 2767 2050 2823 eque
2080 2754 2337 2823 paradiso
2382 2742 2562 2835 fuerat
2605 2754 2972 2813 eliminatos:
3002 2768 3178 2830 usque
3219 2746 3507 2823 adrdilu?

1908 2846 2080 2911 vium,
2130 2848 2389 2911 mortales
2436 2844 2629 2907 omnes
2675 2851 2945 2918 mansisse
2983 2852 3136 2921 inea
3181 2846 3491 2925 terraque

1910 2946 2061 2993 trans
2091 2935 2367 2993 Oceanum
2414 2938 2620 2993 circum
2654 2936 2969 3010 paradisum
3001 2942 3254 2999 exstabat
3297 2962 3311 2999 :
3346 2945 3485 3001 hanc

1908 3042 2038 3084 vero
2068 3045 2230 3100 quam
2268 3044 2367 3085 nos
2404 3029 2521 3101 jam
2558 3030 2831 3088 habemus
2855 3037 3066 3089 terram
3104 3023 3187 3101 ad
3220 3035 3273 3091 id
3311 3052 3487 3107 usque

1910 3130 2121 3192 tempus
2146 3134 2373 3177 vacuam
2408 3137 2636 3193 prorsus
2666 3123 2959 3195 hominum~
2984 3109 3159 3183 fuisse
3184 3126 3485 3184 degertam-
3559 3124 3563 3127 ’

1905 3230 2050 3286 que;
2088 3215 2320 3286 illosque
2364 3230 2559 3270 omnes
2604 3216 2810 3273 diluvio
2842 3218 3071 3297 ob'qttos
3104 3209 3324 3291 prapter
3359 3224 3481 3279 vitae

1906 3305 2271 3376 impuritatem
2295 3307 2546 3378 periisse,
2568 3321 2683 3364 uno
2702 3306 2820 3365 Noa
2844 3310 2959 3366 viro
2976 3311 3129 3381 justo
3152 3328 3277 3368 cum
3302 3313 3483 3371 tribus

1905 3395 2089 3452 liberis
2120 3407 2284 3467 atque
2321 3398 2653 3470 coniugibus
2684 3402 3001 3470 superstite,
3038 3414 3096 3458 ut
3128 3405 3326 3477 reliqui
3366 3413 3480 3461 tum
3549 3412 3559 3422 ’

1904 3489 2107 3546 fuerint
2136 3491 2239 3546 soli
2273 3498 2396 3547 octo
2424 3492 3004 3550 utortalcs-Caeterum
3073 3492 3242 3552 Noam
3289 3499 3482 3553 cedrus

1904 3581 1961 3637 in
1990 3580 2081 3637 illa
2114 3597 2240 3653 quae
2272 3582 2414 3639 ultra
2448 3585 2724 3641 Oceanum
2758 3594 2843 3643 est
2870 3599 3014 3643 terra
3042 3590 3276 3653 sevisse,
3319 3600 3484 3661 atque

1902 3677 1984 3730 ex
2018 3675 2127 3729 illis
2174 3690 2359 3730 arcam
2396 3676 2507 3731 illic
2560 3678 2867 3745 struxisse;
2923 3695 3095 3749 eaque
3132 3692 3313 3737 vectos
3357 3694 3483 3739 octo

1905 3765 2031 3822 illos
2063 3767 2333 3835 homines,
2366 3783 2491 3823 cum
2524 3784 2554 3822 a
2581 3769 2789 3825 diluvio
2823 3773 3024 3827 servati
3057 3784 3260 3837 esseut,
3292 3791 3357 3830 ex
3392 3775 3489 3830 illa

1904 3854 2143 3926 paradisi
2182 3857 2402 3928 regione
2444 3858 2672 3925 in’hane
2702 3858 2947 3917 nostram
2984 3864 3299 3933 pervenisse
3328 3885 3342 3922 :
3374 3884 3487 3924 non

1904 3958 2087 4004 autem
2138 3949 2365 4019 pedibus
2414 3949 2589 4028 maris
2668 3948 2870 4007 vadum
2924 3956 3318 4013 transmisisse.
3376 3958 3519 4025 Qui;

1905 4035 2047 4094 hanc
2092 4042 2418 4096 sententiam
2464 4048 2710 4108 tuentur,
2756 4038 3004 4114 Ephrauu
3042 4058 3318 4104 auctorem
3368 4050 3485 4105 latt-

1901 4131 2077 4195 dant.
2144 4133 2239 4205 qui
2290 4133 2347 4187 in
2407 4134 2523 4191 suis
2580 4134 3007 4199 Commentariis
3072 4140 3153 4196 sic
3217 4143 3504 4213 scriptum'

1903 4224 2127 4293 reliquit
2153 4240 2167 4279 :
2204 4242 2225 4278 α
2253 4224 2318 4279 Et
2344 4224 2507 4295 eiecit
2532 4240 2749 4289 eumpex
2777 4243 2843 4283 eo
2870 4229 3483 4305 (paradisumintellige)

1905 4315 2316 4386 assignavitque
2368 4316 2469 4387 ipsi
2519 4332 2631 4373 non
2679 4318 2869 4389 procul
2917 4324 2986 4376 ah
3025 4337 3113 4377 eo.
3165 4320 3478 4394 Benignitas

1904 4416 2069 4478 atque
2098 4406 2271 4478 gratia
2310 4421 2511 4483 scopus
2537 4418 2625 4466 est
2654 4421 2952 4481 perpetuus
2989 4412 3137 4479 Deo;
3167 4414 3289 4483 ejus
3313 4418 3475 4471 etiam

201 4518 270 4561 ut
303 4503 472 4561 illum
507 4500 731 4571 assequi
782 4500 1091 4571 possimus;
1132 4500 1176 4555 si
1225 4501 1291 4555 de
1334 4500 1455 4570 ipso
1490 4501 1794 4575 periculum
1832 4498 1876 4556 D
1904 4500 1981 4555 rei
2025 4500 2168 4570 apud
2224 4499 2429 4557 inferos
2481 4503 2708 4574 vestigia
2776 4514 3013 4562 exstant.
3072 4494 3475 4564 llahitationem

202 4597 407 4653 facere
447 4593 605 4655 velis.
656 4591 814 4648 facile
858 4591 1157 4648 contuleris
1201 4607 1327 4648 cum
1371 4593 1578 4648 circulo
1609 4593 1794 4648 lunam

200 4686 535 4753 ambiente,
586 4694 751 4755 atque
803 4684 876 4739 ita
926 4685 1202 4740 intellecm
1256 4685 1736 4754 comprehenderis
1777 4702 1793 4740 :

208 4798 343 4838 nam
400 4779 476 4836 ita
526 4756 617 4835 ille
663 4787 718 4831 et
765 4792 919 4833 mare
947 4787 999 4831 et
1032 4787 1231 4832 terram
1286 4778 1426 4833 intra
1465 4792 1525 4834 se
1554 4777 1798 4849 comple-

202 4875 413 4930 ctitur.

808 4964 1036 5021 CAPUT
1076 4963 1217 5020 XIV.

282 5059 574 5126 Quomodo
616 5060 916 5128 trajecerth
965 5059 1122 5127 primi
1164 5070 1405 5129 parentes
1445 5074 1511 5113 ea:
1557 5056 1797 5129 paradisi

203 5164 371 5209 terra
416 5167 471 5204 tu
523 5149 655 5203 hanc
698 5160 917 5204 terram.
972 5148 1038 5202 Et
1088 5149 1407 5203 habitaritne
1460 5147 1695 5202 Atlanta:
1742 5149 1798 5200 in

199 5245 438 5317 regione
468 5240 975 5313 Hierosolymorum,
1022 5257 1215 5295 annon.
1252 5274 1318 5284 -—
1346 5241 1574 5309 Quidam
1605 5256 1795 5297 corum

197 5340 537 5399 doctorum,
585 5335 678 5405 qui
720 5346 944 5391 censent
984 5335 1293 5402 paradisum
1331 5336 1470 5389 ultra
1521 5332 1796 5389 Oceanum

197 5443 339 5488 esse
370 5426 637 5499 positum,
669 5425 858 5482 dixere
892 5428 1101 5497 primos
1137 5426 1385 5483 homines
1414 5443 1478 5482 ex
1516 5425 1607 5482 illa
1643 5442 1801 5497 para-

278 5606 331 5639 ³³
370 5602 391 5659 Ι
430 5599 622 5659 Thess.
654 5620 702 5669 ν,
743 5604 829 5660 18.

285 5789 377 5851 (5)
412 5787 560 5845 Alias
593 5789 813 5843 exitum.

1905 4592 2131 4649 dederat
2176 4591 2279 4663 ipsi
2332 4593 2389 4649 in
2438 4594 2718 4665 paradiso,
2768 4598 2863 4653 sed
2918 4582 3304 4669 pt‘atvat‘icatus
3348 4612 3475 4658 est:

1905 4699 2100 4741 rursus
2140 4700 2270 4756 ergo
2311 4686 2547 4743 extrusit
2595 4688 2873 4759 paradiso,
2917 4690 3011 4746 sed
3064 4691 3117 4746 in
3176 4696 3488 4765 propinquo

1906 4776 2214 4855 collocavit.
2278 4774 2385 4834 Sed
2413 4785 2471 4833 ct
2520 4777 2612 4835 hic
2666 4780 3018 4852 perditissimi
3060 4783 3310 4842 homines
3350 4785 3483 4843 deli—

1906 4854 2167 4937 querunt,
2212 4877 2267 4924 et
2300 4865 2393 4938 qui
2420 4866 2579 4938 juxta
2611 4850 2924 4940 paradisum
2962 4871 3292 4941 habitarent,
3344 4875 3483 4930 indi-
3538 4850 3557 4867 ’

1908 4958 1997 5027 gui
2027 4960 2320 5015 evaserunt
2351 4977 2363 5014 :
2395 4975 2539 5015 arcae
2566 4960 2731 5035 igitur
2761 4961 3065 5034 imperavit,
3104 4981 3166 5020 ca
3204 4966 3261 5019 in
3286 4968 3481 5022 Arme—

1905 5052 2052 5107 niam
2088 5052 2209 5108 illos
2236 5053 2522 5123 portavit.»
2551 5041 2828 5111 Hactenus
2851 5055 3121 5127 Ephraem.
3148 5055 3283 5123 Quae
3324 5055 3369 5113 si
3399 5060 3481 5115 sic

1906 5160 1966 5200 se
1998 5144 2221 5211 habent,
2258 5160 2559 5216 verumque
2583 5156 2687 5213 est,
2720 5148 2853 5204 Adae
2883 5148 3185 5204 Calvariam
3231 5150 3287 5204 in
3311 5148 3479 5208 Jebus

1908 5238 2037 5309 (hoc
2064 5247 2165 5304 est,
2199 5236 2526 5309 Jerusalem)
2580 5239 2873 5310 sepultam,
2927 5252 2977 5296 et
3013 5238 3215 5297 Christi
3261 5257 3487 5301 crucem

1910 5330 1963 5384 iu
1994 5345 2113 5385 eam
2146 5330 2376 5386 deﬁxam
2413 5328 2582 5385 fuisse
2616 5349 2629 5384 :
2656 5342 2865 5388 certum
2901 5345 3118 5403 quoque
3149 5335 3279 5398 crit,
3312 5334 3483 5391 Neam

1912 5430 2227 5491 asportasse
2259 5435 2387 5480 ossa
2420 5422 2618 5480 Adami
2658 5440 2723 5482 ex
2775 5424 2941 5479 altera
2980 5425 3071 5480 illa
3116 5432 3283 5492 terra,
3325 5442 3483 5485 eum.
