4008 6342
571 436 678 503 499

1845 443 2077 506 MOSIS
2118 444 2269 505 ΒΑΗ
2311 443 2557 506 CEPIIA
3725 440 3813 506 500

573 570 707 620 que,
770 553 863 611 ubi
924 553 978 610 in
1016 554 1157 610 hanc
1204 564 1451 612 nostram
1515 554 1843 628 trajecisset,
1897 556 2008 613 lilio
2058 536 2159 612 suo
2185 560 2233 620 Α
2266 557 2475 615 fruetus
2510 555 2747 628 paradisi
2784 555 2908 627 (etsi
2941 555 3166 611 arbores
3200 553 3518 624 fructusque
3550 554 3814 624 appellen-

574 646 943 719 primogenito
994 648 1123 704 Sent
1174 660 1340 721 caput
1366 651 1633 707 dedisse:
1664 651 1936 723 hujusque
1972 659 2154 721 poste-

573 743 793 798 ritatem
843 741 972 797 illud
1027 741 1082 797 in
1120 742 1289 799 Jebus
1317 744 1529 815 (utpote
1593 760 1692 802 sua
1749 747 1992 814 ipsorum
2029 760 2154 815 pose

574 834 846 904 sessione)
891 836 1234 906 sepelivisse.
1279 836 1403 891 Ilaec
1434 837 1596 908 igitur
1641 839 1708 892 ab
1760 838 1868 893 illis
1899 838 2154 892 dicuntur

573 926 1023 997 qui.opinantur
1078 930 1394 998 paradisum
1471 931 1611 985 ultra
1676 946 1825 985 mare
1875 929 2150 986 Oceanum

570 1017 883 1087 exsistere;
917 1029 973 1075 at
1021 1021 1236 1076 illorum
1277 1022 1369 1091 qui
1422 1029 1617 1093 putant
1647 1022 1959 1092 paradisum
2012 1022 2151 1076 intra

568 1106 851 1166 Oceanum
888 1127 1009 1167 esse
1040 1113 1307 1183 positum.
1344 1129 1520 1183 neque
1548 1130 1647 1169 nos
1682 1115 1821 1169 mari
1860 1114 1953 1169 sed
1993 1114 2152 1170 inviis

569 1210 623 1256 et
654 1205 798 1258 haud
832 1204 1266 1275 penetrabilibus
1297 1208 1577 1261 montibus
1614 1206 1683 1260 ab
1730 1205 1822 1261 illo
1852 1205 2149 1275 prohiberi,

572 1295 772 1363 partim
799 1296 990 1351 dicunt
1016 1298 1145 1352 Adae
1185 1309 1410 1368 nepotes
1440 1298 1672 1368 pedibus
1706 1312 1770 1353 ex
1812 1297 1901 1352 illa
1931 1298 2153 1367 regione

569 1387 625 1439 iu
678 1387 817 1441 hanc
866 1402 1110 1444 neStram
1167 1405 1532 1456 commeasse,
1563 1389 1765 1461 partim
1812 1404 1943 1445 vero
1988 1390 2150 1445 ober-

571 1487 724 1533 rante
755 1494 882 1535 area
909 1480 1217 1539 illinc-esse
1246 1484 1353 1538 huc
1384 1482 1620 1539 delatos.

640 1580 643 1581 ⁷
1162 1574 1392 1632 CAPUT
1430 1575 1552 1631 XV.

639 1662 815 1729 Quam
875 1667 945 1720 sit
1013 1668 1253 1737 amplum
1310 1672 1557 1737 paradisi
1613 1676 1865 1743 spatium.
1908 1702 1978 1712 —
2026 1670 2151 1725 Sive

566 1764 747 1810 autem
780 1757 1072 1827 paradisus
1108 1760 1161 1813 in
1195 1760 1420 1831 regione
1448 1763 1615 1818 modo
1652 1764 1911 1819 Orientali
1943 1765 2151 1835 positus

2262 654 2369 719 tur)
2429 652 2561 706 tales
2615 650 2842 707 omnino
2886 648 3094 713 fuisse,
3152 647 3339 718 quales
3386 647 3478 701 hic
3528 647 3670 718 apud
3728 664 3815 706 nos

2259 745 2696 816 pregignuntur;
2742 742 2835 798 sed
2881 742 3042 813 longe
3078 741 3163 795 his
3194 740 3678 810 przecelleutiores,
3718 742 3816 797 ele-

2258 838 2553 907 gantiores,
2606 837 2865 906 majores.
2896 832 3033 889 Nam
3087 843 3145 889 ut
3196 832 3270 887 ita
3301 841 3638 896 statuamus,
3681 832 3817 889 hisee

2258 928 2570 983 inducimur
2616 928 2946 984 rationibus.
3000 926 3246 981 Primum
3303 925 3381 979 illi
3450 923 3667 981 fruetus
3719 941 3815 981 non

2257 1021 2411 1077 fuere
2448 1021 2820 1076 esseerationi
2850 1020 3048 1074 divina:
3081 1018 3307 1073 obnoxii
3361 1032 3539 1087 neque
3564 1017 3816 1085 damnati,

2258 1125 2317 1171 ut
2367 1116 2419 1169 hi
2471 1115 2691 1179 nostri;
2738 1114 2934 1169 deinde
2982 1114 3025 1168 si
3074 1114 3129 1168 in
3172 1114 3273 1167 hac
3305 1121 3492 1166 nostra
3525 1111 3816 1167 detestabili

2256 1189 2398 1261 terra
2434 1215 2596 1273 atque
2634 1204 2870 1271 infelice,
2912 1204 3015 1259 alia
3049 1204 3187 1267 loca,
3238 1203 3386 1265 aliis,
3426 1201 3818 1273 praestantiores

2255 1297 2478 1352 arbores
2508 1305 2561 1351 et
2588 1296 2792 1351 fructus
2832 1295 3085 1350 meliores
3119 1290 3613 1362 fuerunt;’quanto
3662 1290 3821 1363 magis

2253 1390 2677 1445 existimandum
2716 1389 2899 1457 fuerit,
2949 1388 3178 1443 arbores
3218 1385 3544 1456 fructusque
3592 1384 3817 1454 paradisi

2256 1482 2341 1536 his
2413 1482 2618 1536 nostris
2689 1480 2863 1536 multo
2936 1478 3390 1550 praecellentiores
3469 1476 3821 1545 melioresque

2255 1569 2272 1625 l
2282 1571 2465 1626 uisse!
2501 1570 2565 1626 Et
2593 1585 2721 1625 vero
2749 1569 2894 1626 bane
2922 1576 3170 1624 nostram
3202 1566 3532 1623 sententiam
3568 1563 3823 1636 approbat

2254 1663 2419 1719 etiam
2480 1664 2836 1737 Philoxenus,
2895 1678 2959 1718 ea
3008 1663 3259 1719 oratione
3292 1676 3453 1732 quam
3511 1660 3580 1715 de
3636 1658 3823 1713 arbore

2250 1755 2377 1811 vitre
2410 1756 2669 1826 scriptam
2705 1757 2963 1825 reliquit;
3018 1770 3144 1810 nam
3180 1756 3248 1809 de
3275 1754 3557 1825 paradiso,
3602 1753 3825 1822 ejusque

565 1857 674 1915 est,
740 1860 800 1905 ut
860 1850 1049 1908 dixere
1107 1852 1366 1921 Basilius,
1426 1855 1748 1929 Gregorius,
1813 1856 2048 1913 Severus
2097 1868 2144 1914 et

2251 1847 2455 1916 plantis
2515 1847 2681 1902 verba
2742 1845 2950 1902 faciens
3014 1845 3524 1914 ait:Nequaquam
3577 1842 3825 1911 subjecta

562 1941 878 2011 complures
909 1943 1022 2010 alii,
1057 1920 1360 2002 necessum,
1400 1956 1485 2004 est
1522 1920 1824 2019 spatiosum
1849 1950 2143 2005 admodum

2255 1929 2797 1994 sunt'essecrationi
2850 1946 3013 2008 atque
3044 1937 3421 2003 damnationi;
3458 1937 3543 1991 ha:
3582 1936 3729 1991 enim
3773 1933 3823 1988 in

562 2041 736 2105 atque
798 2037 1041 2107 amplum
1115 2037 1325 2106 fuisse;
1388 2041 1439 2096 ei
1487 2042 1633 2096 enim
1679 2043 1753 2097 rei
1808 2042 1967 2098 fidem
2018 2042 2149 2099 facit

562 2126 759 2197 ingens
805 2129 936 2184 illud
974 2131 1175 2186 (lumen
1218 2148 1330 2203 quo
1381 2134 1686 2205 rigabatur.
1742 2133 1879 2190 Nam
1932 2137 1976 2192 si
2018 2137 2145 2203 hoc,

562 2212 655 2270 ubi
703 2217 1020 2286 paradisum
1078 2220 1214 2277 satis
1265 2222 1464 2287 abluit,
1528 2225 1579 2279 in
1624 2234 1859 2294 quatuor
1914 2225 2149 2294 grandes

561 2306 759 2364 ﬂuvios
789 2311 1119 2376 dissecatur,
1152 2316 1247 2387 qui
1286 2331 1542 2385 magnam
1590 2319 1741 2375 orbis
1792 2321 1953 2389 hujus
1982 2336 2146 2389 quem

561 2414 665 2453 nos
711 2402 943 2459 colimus
971 2416 1181 2475 partem
1215 2423 1317 2463 suo
1354 2424 1520 2466 cursu
1553 2410 1785 2487 allunnt,
1844 2413 2145 2467 maximum

559 2492 827 2566 profecto,
873 2500 1276 2586 amplissimum
1328 2512 1493 2575 atque
1539 2503 2060 2574 profundissimum,
2087 2514 2148 2563 ut

560 2587 635 2642 sit
679 2600 1114 2648 consentaneum
1163 2604 1268 2661 est,
1306 2606 1619 2668 antequam,
1646 2598 1700 2653 in
1746 2606 1988 2668 quatuor
2020 2599 2147 2657 Illos

554 2680 839 2737 diductum
870 2691 1032 2755 atque
1052 2687 1398 2759 dispertitum
1434 2690 1503 2745 sit
1525 2693 1757 2762 grandes
1789 2692 2003 2749 ﬂuvios.
2025 2691 2145 2748 lam

559 2787 689 2829 vero
718 2788 783 2829 ex
811 2774 1056 2834 ﬂuminis
1086 2780 1462 2852 magnitudine
1485 2782 1801 2849 conficitur,
1828 2783 2143 2853 paradisum

555 2864 650 2933 qui
704 2866 797 2921 illo
851 2867 1063 2937 rigatur
1139 2871 1542 2941 amplissimum
1592 2864 1812 2945 quoque
1848 2890 1991 2931 esse.
2046 2875 2144 2930 Sin

555 2971 691 3012 vero
722 2958 866 3029 (qua:
896 2958 1172 3031 prrsemi
1203 2964 1474 3019 sententia
1514 2972 1622 3036 est)
1646 2980 1864 3019 omnem
1902 2967 2145 3037 undique

557 3059 763 3109 terram
822 3062 1069 3110 nostram
1134 3071 1261 3112 cum
1319 3057 1544 3115 Oceano
1597 3059 1795 3113 ambit.
1835 3062 2142 3129 paradisus.

556 3141 803 3216 profecto
849 3145 984 3203 nihil
1033 3163 1262 3220 prorsus
1304 3139 1667 3208 dubitationis
1718 3152 1988 3223 reliquum
2036 3163 2141 3219 est.

553 3239 691 3309 quin
724 3239 797 3296 sit
828 3242 1209 3313 amplissimus
1240 3244 1786 3315 patentissimusque.

1142 3353 1373 3411 CAPUT
1414 3353 1553 3411 XVI.

626 3466 769 3533 Quid
807 3467 878 3521 sit
928 3466 1112 3533 Eden,
1136 3476 1185 3522 et
1220 3483 1318 3521 cur
1355 3468 1638 3536 paradisus
1680 3479 1891 3525 vocetur
1922 3470 2143 3540 paradi-

555 3576 670 3615 sus.
714 3590 785 3600 —-
826 3559 978 3615 Eden
1032 3559 1275 3617 Hebreis
1332 3551 1623 3633 uoluptatis
1698 3564 2140 3637 signiﬁcationem

555 3652 734 3720 liabet,
788 3662 839 3708 et
886 3653 1135 3736 credibile
1186 3666 1260 3709 est
1314 3654 1527 3712 Graecos
1584 3672 1741 3710 suam
1791 3656 1962 3729 ἡδονὴ
2021 3658 2143 3713 inde

557 3748 841 3816 formasse.
872 3746 1237 3803 —C:eterum
1292 3748 1442 3803 Eden
1491 3749 1649 3804 locus
1705 3759 1787 3805 est
1821 3751 2035 3819 amplus
2078 3767 2143 3807 ac

555 3839 857 3915 spatiosus.
911 3838 991 3894 sic
1036 3837 1241 3904 dictus,
1296 3839 1446 3911 quod
1488 3839 1777 3905 delicatus,
1831 3856 1895 3895 ac
1953 3842 2143 3896 multis

556 3929 835 4000 var‘isque
868 3930 1163 3988 arboribus
1192 3944 1493 3987 exornatus
1519 3933 1613 3990 sit.
1655 3932 1950 3989 Paradisus
2008 3949 2142 3989 vero

553 4022 867 4093 appellatur
920 4024 1214 4094 paradisus
1264 4027 1409 4097 quod
1450 4027 1603 4083 locus
1652 4028 1724 4082 sit
1755 4027 1937 4082 cultus
1973 4026 2143 4097 pluri-

556 4114 664 4169 mis
713 4112 1206 4180 pulcherrimisque
1266 4118 1512 4187 plantis,
1545 4134 1669 4181 eum
1726 4118 1955 4173 odoratu
2023 4127 2140 4173 tum

555 4218 776 4283 gustatu
822 4209 1109 4281 jucundis,
1161 4209 1432 4280 planeque
1475 4224 1779 4277 congruus,
1833 4207 2139 4278 appositus,

554 4303 1046 4369 accommodatus,
1111 4312 1171 4357 ut
1226 4301 1298 4356 sit
1362 4300 1701 4356 domicilium
1760 4299 2030 4369 sedesque
2087 4308 2142 4353 et

553 4398 852 4452 ammnitas
929 4396 1260 4462 hominum;
1334 4410 1460 4450 nam
1525 4393 1902 4463 hujuscemodi
1958 4393 2138 4447 locum

554 4497 965 4546 consueverunt
984 4488 1255 4559 mortales
1282 4487 1555 4558 appellare
1586 4484 1924 4557 paradisum.
1956 4483 2141 4551 Quare

555 4586 749 4639 beatus
789 4583 1001 4654 Moyses
1038 4596 1260 4652 quoque
1326 4579 1584 4663 Iordanis
1630 4578 1793 4634 etiam
1839 4581 2138 4647 regionem,

552 4677 683 4746 quia
734 4692 953 4733 amoena
997 4686 1163 4746 atque
1210 4673 1527 4744 spectabilis
1572 4681 1721 4728 esset
1756 4672 1806 4725 id
1855 4672 2139 4745 temporis,

458 4828 461 4831 .
554 4769 871 4839 paradisum
910 4768 1239 4824 nominavit.
1288 4766 1461 4822 Porro
1499 4772 1559 4821 ut
1611 4764 1762 4837 regio
1813 4762 1961 4816 Edcn
2003 4777 2143 4815 cun—

549 4873 670 4917 ctas
707 4862 949 4931 reliquas
982 4861 1244 4932 praecellit
1276 4868 1483 4925 terras;
1532 4859 1685 4913 ita'et
1713 4872 1777 4911 ea
1831 4855 1953 4925 ejus
1987 4869 2134 4925 pars,

551 4955 605 5008 in
661 4970 769 5023 qua
837 4954 975 5008 situs
1026 4961 1113 5007 est
1162 4950 1492 5023 paradisus,
1544 4959 1738 5004 caetera
1791 4948 1973 5002 omnia
2028 4962 2151 5016 quas

552 5045 703 5100 Eden
747 5044 1130 5114 complectitur
1174 5043 1295 5097 loca
1350 5052 1576 5112 superat
1621 5058 1634 5094 :
1687 5055 1867 5110 neque
1895 5040 2039 5093 enim
2092 5038 2148 5090 in

552 5137 703 5190 Eden
765 5137 933 5190 ullum
990 5145 1068 5191 est
1136 5135 1316 5193 solum
1368 5133 1722 5204 pmstantius
1782 5148 1847 5187 eo
1913 5131 1966 5184 In
2032 5146 2143 5203 quo

558 5227 847 5296 paradisus
877 5238 960 5283 est
991 5227 1260 5283 consitus.

1105 5340 1360 5397 CAPUT
1409 5339 1574 5395 XVII.

630 5438 715 5488 An
766 5438 971 5504 [uerinl
1020 5436 1238 5491 arbores
1300 5436 1615 5507 [ructusque
1670 5432 1913 5505 paradisi
1960 5432 2142 5503 quales

562 5535 673 5582 Iure
732 5537 917 5582 nostis
963 5538 1104 5581 terra
1136 5529 1260 5598 fert,
1314 5544 1382 5580 an
1439 5528 1520 5582 his
1568 5526 1874 5581 dissimiles.
1908 5555 1975 5564 —
2007 5524 2140 5578 Illud

564 5634 733 5691 porro
773 5617 1111 5674 afﬁrmamus
1157 5632 1400 5689 quoque,
1458 5632 1633 5688 neque
1660 5617 1912 5683 arbores,
1964 5629 2141 5686 neque

636 5800 715 5872 (ι)
755 5801 900 5858 Cave
939 5808 1219 5856 auctorem
1245 5799 1410 5854 istum
1438 5812 1624 5853 errore
1656 5794 1967 5872 Graecorum
1996 5811 2137 5872 quo-

565 5868 815 5930 rumdam
866 5872 1219 5943 implicitum,
1272 5869 2005 5943 sanctorumanimusante
2049 5868 2139 5937 ju-

565 5945 693 6002 dicii
716 5945 859 6002 diem
882 5936 1203 6001 iu'terrestri
1230 5940 1482 5999 oaradiso
1504 5941 1753 5998 detineri.
1787 5936 1913 5996 Vide
1938 5936 2134 5995 librum

2248 2047 2368 2086 eam
2430 2033 2592 2088 modo
2647 2042 2851 2087 terram
2905 2031 3272 2099 pronuntiata:
3322 2036 3474 2094 sunt,
3518 2044 3640 2098 qua:
3677 2034 3824 2083 extra

2250 2124 2563 2194 paradisum
2602 2134 2706 2187 est,
2742 2134 2863 2195 post
2893 2123 3153 2198 violatam
3188 2123 3257 2177 ab
3281 2122 3492 2177 Adamn
3527 2120 3725 2191 legem,
3755 2106 3824 2175 ita

2250 2224 2309 2269 ut
2360 2215 2429 2270 ab
2469 2215 2606 2286 ipsis
2637 2216 2926 2286 paradisus
2974 2224 3221 2269 maneret
3264 2213 3549 2280 immunis,
3582 2210 3726 2267 sicut
3772 2210 3824 2266 in

2248 2306 2391 2362 hanc
2438 2323 2614 2378 usque
2664 2308 2807 2363 diem
2848 2322 3071 2379 quoque
3113 2306 3379 2364 immunis
3428 2306 3674 2374 liberque
3720 2310 3824 2367 est,

2247 2414 2425 2469 eoque
2454 2407 2510 2455 et
2544 2398 2950 2454 delicatissimas!
2976 2406 3029 2453 ct
3058 2396 3478 2469 speciosissima:
3511 2394 3738 2451 arbores
3774 2392 3826 2447 in

2249 2492 2368 2564 ipso
2394 2493 2557 2548 etiam
2590 2500 2830 2548 exstant.

2810 2603 3038 2660 CAPUT
3078 2602 3263 2659 XVIII.

2318 2737 2419 2795 Cui
2443 2740 2520 2795 uel
2548 2757 2708 2807 nunc,
2748 2740 2828 2795 uel
2849 2750 2968 2810 post
3013 2740 3452 2794 resurrectionem
3486 2738 3611 2793 ιιιιὶ
3634 2738 3832 2794 serviat

2246 2832 2557 2903 paradisus.
2582 2862 2655 2874 -—
2684 2832 2789 2888 Sed
2816 2833 2997 2887 solent
3021 2832 3242 2901 quidam
3270 2831 3686 2902 disciplinarum
3718 2840 3830 2887 stn-

2247 2926 2385 2983 diosi
2421 2940 2691 2997 quasrere,
2725 2924 2850 2997 quis
2876 2926 2948 2981 sit
2976 2926 3055 2980 vel
3083 2924 3197 2997 jam
3227 2936 3374 2979 nunc.
3406 2924 3644 2997 paradisi
3673 2938 3830 2985 usus.

2246 3020 2329 3075 vel
2386 3018 2513 3088 quis
2555 3019 2686 3074 olim
2727 3019 2947 3074 futurus
2978 3061 2993 3086 ,
3046 3029 3362 3089 postquam.
3395 3018 3655 3073 mortales
3703 3030 3830 3072 cum

2246 3112 2575 3180 corporibus
2629 3109 3061 3183 reviserintﬂ).
3124 3109 3219 3165 llis
3260 3125 3359 3167 nos
3413 3108 3830 3179 respondemus,

2246 3220 2313 3260 eo
2344 3205 2516 3261 fuisse
2549 3214 2796 3261 creatum
2847 3206 3029 3275 primo
3081 3205 3469 3274 consitumque
3518 3202 3588 3256 ab
3633 3200 3834 3271 opifice

2166 3285 2213 3347 C
2248 3298 2361 3352 Deo
2388 3297 2726 3368 paradisum,
2751 3286 2818 3353 ut
2848 3297 3018 3352 Adam
3050 3312 3175 3352 cum
3212 3289 3327 3351 suis
3370 3294 3423 3348 in
3462 3294 3579 3364 ipso
3613 3292 3836 3347 habita-

2247 3399 2353 3446 ret.
2416 3389 2521 3457 Qui
2596 3389 2692 3446 ubi
2751 3399 2943 3447 contra
3002 3388 3323 3444 Conditoris
3380 3386 3466 3443 sui
3538 3385 3831 3455 imperium

2246 3476 2901 3553 peccassent,‘eliminati
2940 3479 3069 3534 inde
3105 3478 3354 3549 pulsique
3403 3485 3552 3531 sunt.
3611 3477 3687 3529 Ex
3738 3473 3833 3529 illo

2246 3589 2413 3646 porro
2447 3582 2692 3643 tempore
2741 3587 2915 3644 usque
2943 3571 3008 3625 ad
3040 3570 3244 3626 Christi
3294 3567 3592 3624 adventum
3623 3567 3827 3623 versati

2244 3676 2375 3721 sunt
2404 3667 2459 3721 in
2491 3665 2747 3737 paradiso
2778 3662 2967 3719 Enoch
3003 3672 3167 3731 atque
3215 3661 3406 3726 Elias;
3451 3668 3506 3713 at
3535 3674 3666 3713 vero
3704 3664 3834 3727 post

2245 3758 2449 3827 Christi
2478 3758 2620 3829 regis
2656 3756 2977 3821 adventum,
3001 3754 3132 3809 huic
3164 3765 3427 3824 praeterea
3458 3754 3535 3807 rei
3561 3753 3737 3809 servit
3765 3760 3831 3806 ut

2246 3851 2303 3905 in
2347 3850 2467 3921 ipso
2524 3848 2774 3904 habitent
2822 3847 3018 3901 animae
3061 3846 3343 3901 hominum
3386 3844 3658 3915 justorum
3716 3843 3834 3914 pio-

2247 3957 2507 4013 rnmque,
2541 3950 2708 4012 atque
2738 3953 2930 3995 eorum
2960 3940 3052 4008 qui
3093 3953 3190 4007 per
3225 3936 3473 4007 corporis
3494 3937 3579 3993 sui
3616 3937 3835 3991 crucia-

2245 4046 2335 4093 tus
2404 4034 2611 4091 Christi
2680 4032 2841 4089 Iidem
2902 4032 3326 4101 comprobarunt
3386 4030 3588 4105 quique
3646 4029 3833 4084 fideles

2246 4129 2416 4183 Deum
2449 4134 2727 4191 amarunt,
2760 4137 2937 4182 exuta)
2963 4123 3288 4195 corporibus
3331 4137 3505 4192 usque
3538 4122 3605 4176 ad
3640 4137 3831 4176 resur-

2246 4218 2505 4273 rectio’nis
2543 4218 2726 4274 diem:
2766 4218 2911 4288 quod
2957 4218 3011 4271 in
3047 4232 3113 4271 eo
3162 4230 3418 4273 sermone
3462 4215 3831 4279 ostendimus,

2244 4326 2408 4381 quem
2435 4310 2505 4366 de
2534 4311 2717 4366 anima
2748 4310 3000 4366 fecimus.
3050 4308 3183 4365 Nam
3213 4309 3445 4365 latronis
3478 4308 3716 4364 animam
3761 4321 3831 4361 eo

2245 4404 2493 4459 subvexit
2526 4404 2811 4468 Dominus.
2844 4404 3062 4460 dicebat
3092 4406 3235 4458 enim
3262 4403 3327 4457 ad
3367 4403 3545 4474 ipsum
3581 4419 3597 4455 :
3635 4400 3827 4470 Profe-

2246 4510 2329 4554 cto
2360 4502 2479 4554 dico
2508 4500 2603 4553 tibi
2630 4540 2646 4566 ,
2675 4499 2829 4554 hodie
2875 4516 3075 4553 mecum
3120 4501 3225 4552 eris
3257 4499 3307 4551 in
3340 4496 3617 4567 paradiso.
3658 4492 3831 4547 Porro

2250 4602 2370 4661 post
2394 4592 2538 4648 diem
2577 4592 3025 4656 resurrectionis,
3055 4592 3237 4646 nullos
3264 4604 3489 4661 prorsus
3532 4589 3648 4657 ejus
3679 4585 3829 4640 futu-

2251 4702 2345 4741 rus
2378 4696 2461 4741 est
2491 4703 2643 4751 usus,
2676 4687 2769 4741 sed
2796 4700 3235 4757 supervacancus
3260 4682 3499 4737 manebit
3525 4693 3578 4735 et
3598 4693 3827 4733 vacuus.

2246 4780 2365 4836 lam
2399 4796 2529 4835 vero
2582 4796 2649 4833 ne
2696 4781 2820 4849 quis
2858 4795 2954 4849 per
3002 4778 3375 4847 conjecturam
3428 4776 3543 4830 haec
3590 4790 3617 4828 a
3669 4772 3828 4827 nobis

2250 4872 2395 4927 dicta
2432 4882 2607 4943 putet,
2642 4872 2771 4927 libet
2808 4871 3081 4926 nonnullis
3115 4870 3165 4925 id
3199 4869 3467 4924 aﬂirmare
3497 4866 3825 4921 rationibus.

2251 4963 2439 5020 Primo
2495 4972 2713 5019 constat
2759 4964 2863 5018 alia
2925 4965 3088 5019 etiam
3154 4964 3382 5032 spiritus
3450 4960 3630 5015 dicata
3681 4958 3826 5015 loca.

2251 5058 2564 5127 cujusmodi
2619 5066 2746 5111 sunt
2786 5072 2848 5111 ea
2894 5072 2960 5111 ex
2994 5056 3196 5125 quibus
3228 5054 3478 5107 diabolus
3531 5066 3652 5106 cum
3702 5046 3828 5102 suis

2251 5151 2429 5219 copiis
2455 5150 2681 5212 excidit,
2712 5164 2880 5204 vacua
2922 5149 3101 5203 adhuc
3158 5162 3380 5202 manere
3427 5157 3590 5216 atque
3626 5157 3823 5209 super-

2252 5260 2492 5301 vacanea
2525 5262 2538 5297 :
2574 5245 2637 5298 ad
2670 5244 2771 5299 hoc
2804 5258 2931 5314 pars
2981 5241 3103 5297 (mli
3136 5241 3358 5295 dimidia
3402 5256 3464 5293 ea
3492 5254 3652 5309 quam
3681 5234 3823 5305 justi

2253 5347 2378 5407 post
2433 5338 2896 5409 resurrectionem.
2940 5334 3201 5400 iucolcnt,
3251 5335 3429 5387 adhuc
3480 5347 3647 5385 vacua
3694 5338 3821 5392 est;

2249 5440 2513 5501 praeterea
2560 5430 2675 5501 ipse
2708 5438 2975 5485 terrarum
3024 5428 3173 5482 orbis
3210 5428 3522 5481 universum
3558 5424 3825 5491 tantisper

2250 5523 2379 5578 dum
2413 5522 2608 5592 linguae
2638 5520 3038 5584 dividerentur,
3085 5518 3365 5572 desolatus
3414 5530 3510 5586 per
3539 5512 3821 5567 hominum

2252 5613 2681 5683 infrequentiam
2734 5612 3014 5675 manebat,
3061 5618 3254 5680 pra-ter
3304 5620 3469 5659 unam
3515 5600 3823 5674 Babylonia:

2248 5796 2435 5854 fratris
2463 5796 2687 5851 Tliomm
2724 5795 3038 5859 Nahiendas,
3075 5792 3332 5865 theologi,
3374 5789 3587 5847 ordinis
3616 5780 3819 5845 ιη’εῶ-

2252 5879 2519 5937 catorum,
2553 5870 2620 5924 de
2649 5867 2924 5938 paradiso,
2961 5883 3010 5922 c.
3044 5867 3097 5919 9.
