4008 6342
199 393 290 463 5M

1321 395 1420 457 DE
1457 394 1861 462 PARADISO.
1900 419 1970 434 ·--
2007 394 2202 455 PARS
2243 393 2295 454 Ι.

3352 381 3457 452 5οὲ

201 509 464 583 regionem
517 509 570 564 in
611 524 775 579 quam
827 508 984 568 multi
1035 510 1409 564 convenerant
1451 509 1710 582 mortales
1745 527 1758 564 :
1793 509 1838 569 Α
1871 524 2021 564 nere.
2060 507 2217 575 Quod
2250 519 2416 577 porro
2451 503 2662 560 nullam
2691 504 2809 576 ipsa
2842 495 3216 575 cognitionem
3248 501 3457 555 Adaino

198 605 406 674 insuper
448 602 617 657 haece
657 601 821 656 etiam
881 611 1204 674 tempestate
1246 601 1480 670 plurima
1525 614 1655 658 sunt
1707 603 1760 656 in

197 684 320 751 orbe
371 695 490 748 loca
551 708 674 763 qua:
731 709 911 766 neque
963 695 1034 750 ab
1085 693 1402 750 hominibus
1459 709 1635 765 neque
1696 695 1762 749 ab

197 785 392 856 angelis
437 784 780 850 incoluntur,
815 785 1046 854 plurima
1083 785 1209 840 item
1246 785 1419 840 maria
1475 786 1760 855 innaviga-

197 878 341 932 bilia.
375 875 617 948 Denique
650 883 773 948 post
812 877 1278 937 resurrectionem
1315 879 1453 934 nihil
1493 879 1596 935 erit
1629 893 1766 948 Opus

196 978 285 1024 aut
333 970 466 1035 sole,
513 978 608 1025 aut
658 969 809 1036 luna,
862 979 958 1026 aut
1008 970 1182 1028 stellis
1229 973 1466 1038 caeteris,
1509 972 1592 1028 vel
1641 972 1767 1028 ullis

199 1060 417 1114 omnino
471 1060 888 1125 animantibus,
940 1061 1330 1133 serpentibus,
1385 1064 1602 1120 avibus.
1661 1063 1771 1118 Po-

111 1214 114 1218 ,
201 1158 401 1206 stremo
434 1161 558 1221 post
587 1153 1050 1210 resurrectionem
1086 1155 1274 1213 nullus
1297 1155 1575 1229 iustorum
1610 1171 1771 1212 man-

196 1255 354 1296 surus
381 1249 467 1297 est
497 1243 552 1297 in
584 1243 767 1310 terris,
802 1246 1005 1316 quippe
1029 1246 1124 1318 qui
1161 1248 1331 1319 supra
1360 1247 1770 1321 firmamentum

195 1335 577 1402 conscendent,
606 1337 702 1401 sed
737 1337 836 1394 soli
868 1339 981 1395 illic
1005 1341 1390 1412 relinquentur
1417 1350 1471 1398 et
1498 1342 1772 1399 moraturi

198 1431 321 1479 sunt
351 1423 524 1494 impii.
574 1425 644 1482 Ut
669 1442 802 1499 ergo
849 1429 903 1484 in
936 1429 1025 1486 bis
1072 1431 1332 1488 omnibus
1360 1447 1488 1488 cum
1525 1432 1602 1488 ita
1649 1448 1775 1492 sese

199 1513 448 1580 habeant,
495 1517 634 1574 nihil
664 1519 968 1577 absurdum
1015 1526 1112 1579 aut
1153 1522 1599 1591 dissentaneum,‘
1637 1527 1774 1583 nihil

201 1605 446 1662 mutilum
485 1618 583 1664 aut
615 1610 774 1667 hians
805 1625 928 1668 esse
954 1614 1192 1672 dicimus
1224 1633 1240 1672 :
1275 1615 1350 1672 ita
1384 1597 1642 1688 neque-in
1676 1632 1772 1683 eo.

193 1700 335 1770 quod
363 1697 655 1770 paradisus
692 1715 817 1775 post
865 1709 1328 1766 resurrectionem
1360 1711 1526 1768 nullis
1579 1713 1776 1769 usibus

194 1791 430 1856 serviet,
481 1795 785 1865 quidquam
835 1797 1086 1856 deforme
1132 1813 1231 1856 aut
1281 1803 1534 1860 hiulcum
1591 1804 1778 1862 inesse

195 1887 470 1942 statueris.
505 1885 735 1960 Insuper
775 1905 929 1961 reges
973 1908 1120 1964 saepe
1170 1897 1425 1953 maximis
1464 1899 1778 1968 sumptibus

196 1989 390 2046 magna
427 1987 693 2035 extruunt
720 1982 993 2052 aedificia,
1021 2002 1144 2056 quae
1175 1999 1474 2060 postquam
1527 1991 1775 2062 ipsorum

195 2069 317 2127 usui
351 2069 532 2127 fecere
584 2073 746 2141 satis,
794 2090 968 2132 vacua
1023 2078 1224 2136 deinde
1270 2082 1681 2152 relinquuntur,
1723 2094 1778 2141 et
1816 2069 1822 2076 ’

193 2171 372 2218 tamen
442 2163 667 2220 minime
737 2176 980 2236 temere,
1051 2180 1148 2226 aut
1209 2172 1618 2231 inconsiderate
1690 2175 1782 2230 illa

191 2262 402 2312 structa
453 2256 842 2312 existimantur
868 2276 884 2315 :
916 2261 1042 2330 quis
1077 2263 1240 2332 igitur
1264 2261 1434 2319 Deum
1466 2265 1783 2336 prudentis-

194 2347 398 2402 simum
446 2363 630 2404 rerum
670 2349 1104 2421 dispensatorem
1157 2357 1644 2418 inconsiderantiae
1689 2377 1785 2418 ar-

195 2446 344 2508 gnat,
374 2438 471 2511 qui
502 2454 626 2496 cum
653 2443 970 2511 paradisum
999 2449 1338 2508 condidisset
1359 2452 1554 2509 Adami
1581 2456 1782 2525 gratia,

195 2545 437 2601 eumque
493 2531 548 2586 in
615 2531 709 2586 illo
773 2534 1139 2606 collocasset,
1195 2551 1256 2598 ut
1320 2558 1446 2598 cum
1506 2544 1788 2614 voluptate

198 2623 448 2690 haberet,
480 2631 795 2694 peccantem
829 2624 959 2686 inde
1007 2630 1195 2702 ejecit,
1233 2649 1586 2709 vacuumque
1629 2636 1788 2693 illum

195 2714 458 2789 reliquit!
1000 2725 1002 2727 ’

785 2818 1018 2877 CAPUT
1057 2817 1203 2874 XIX.

263 2903 593 2976 Cujusutodi
642 2911 806 2982 fuerit
876 2915 1038 2967 arbor
1083 2913 1320 2970 scientia
1367 2915 1491 2988 Itoni
1551 2926 1601 2972 et
1637 2919 1790 2988 mali,

195 3012 356 3066 quam
419 3001 782 3059 interdixerat
829 3005 1033 3062 Adamo
1077 3005 1244 3072 Deus,
1293 3017 1341 3060 et
1372 3025 1490 3080 quc
1527 3009 1602 3064 sit
1651 3013 1793 3066 ratio

178 3089 311 3160 ejus
341 3096 603 3151 nominis.
635 3128 705 3139 -
735 3095 938 3154 Beatus
967 3097 1147 3154 lloses
1188 3100 1365 3170 primo
1401 3102 1544 3157 libro
1570 3104 1795 3173 scripsit

1866 601 2098 663 dederit,
2123 608 2334 655 certum
2373 606 2477 661 est,
2509 594 2962 666 quandoquidem
2990 593 3082 650 ille
3114 590 3318 662 alioqui
3345 592 3457 660 jam

1867 702 1994 748 ante
2028 690 2210 746 fuerat
2232 689 2462 746 scicntia
2487 688 2618 744 boni
2652 688 2893 757 malique
2919 695 3193 751 ornatus:
3234 697 3463 751 compo-

1868 785 2006 841 situs
2073 787 2221 841 enim
2281 793 2403 838 erat
2451 797 2517 836 ex
2576 782 2764 838 anima
2825 779 3079 837 rationali
3148 793 3272 850 quae
3335 775 3467 831 boui

1870 878 2111 949 malique
2156 875 2367 945 judicio
2407 875 2594 946 pollet.
2629 874 2712 929 Ad
2763 873 2890 936 hoc,
2948 871 3036 928 lex
3088 870 3466 941 imperabatur

1871 972 2107 1035 Adamo,
2147 970 2328 1042 qualis
2382 983 2492 1025 non
2545 967 2652 1024 nisi
2703 967 2774 1024 iis
2804 967 2908 1038 qui
2955 965 3100 1022 inter
3151 965 3357 1020 bonum
3415 969 3474 1017 et

1872 1065 2079 1121 malum
2128 1073 2329 1120 norunt
2375 1061 2700 1124 discrimen,
2754 1069 2904 1116 recte
2957 1057 3263 1131 imponitur
3297 1074 3312 1111 :
3343 1069 3470 1110 nam

1873 1157 2088 1229 alioqui
2111 1155 2283 1228 (quod
2333 1155 2533 1226 absit!)
2584 1153 2876 1210 habuisset
2921 1151 3013 1208 ille
3048 1151 3197 1224 quod
3245 1151 3313 1205 de
3361 1148 3474 1203 Deo

1874 1257 2226 1322 quereretur,
2279 1247 2378 1319 qui
2425 1247 2600 1318 legem
2651 1245 2757 1302 sibi
2805 1243 2989 1300 omnis
3019 1257 3250 1315 prorsus
3275 1240 3470 1310 judicii

1875 1342 2085 1414 experti
2167 1341 2619 1414 praescripsisset.
2695 1341 2932 1411 Insuper
3009 1339 3114 1393 nisi
3180 1334 3476 1392 illiusmodi

1876 1436 2106 1495 scientia
2152 1435 2266 1507 jam
2321 1447 2438 1490 tum
2475 1432 2678 1490 fuisset
2717 1432 2969 1487 imbutus
3009 1430 3206 1492 Adam,
3237 1429 3332 1499 qui
3376 1441 3477 1497 po,-

1879 1531 2078 1586 tuisset
2110 1529 2336 1585 nomina
2366 1525 2749 1584 animantibus
2785 1523 3012 1579 indere?
3051 1522 3144 1593 qui
3174 1533 3481 1593 agnoscere

1879 1623 2048 1680 Evam
2087 1636 2316 1677 uxorem
2349 1627 2734 1690 suam,.atque
2763 1616 2833 1672 de
2859 1631 2923 1672 ea
2961 1615 3145 1672 dicere
3175 1633 3190 1670 :
3227 1612 3344 1668 Hoc
3361 1611 3484 1683 jam

1879 1732 1938 1770 os
1973 1731 2040 1771 ea:
2075 1715 2286 1770 ossibus
2331 1716 2481 1778 meis,
2515 1724 2566 1768 et
2622 1727 2749 1767 caro
2791 1709 2857 1766 de
2907 1724 3069 1764 came
3123 1723 3240 1762 mea
3265 1705 3334 1772 “,
3368 1714 3481 1759 etc.

1883 1807 2147 1879 Denique
2188 1806 2499 1863 divinitatis
2555 1803 2838 1860 desiderio
2894 1802 3225 1872 tangebatur
3287 1801 3486 1861 Adam,

1885 1908 2067 1971 atque
2121 1899 2244 1970 ejus
2309 1900 2682 1970 adipiscenda:
2754 1915 2924 1955 causa
2981 1899 3050 1954 de
3119 1897 3320 1952 arbore
3393 1893 3487 1948 illa

1885 1993 2157 2065 gustabat
2212 2010 2227 2048 :
2283 2008 2459 2063 quare
2533 2006 2826 2048 necessum
2896 2000 2981 2046 est
3041 1989 3171 2046 boni
3244 1985 3489 2056 malique

1883 2086 2255 2156 cognitionem
2311 2084 2366 2138 in
2423 2083 2544 2154 ipso
2595 2082 2789 2147 fuisse,
2831 2081 2927 2154 qui
2979 2080 3292 2138 divinitatis
3335 2092 3491 2150 pne-

1885 2178 2144 2234 stantiam
2181 2177 2624 2246 dignitatemque
2659 2175 3024 2244 iutelligebat,
3073 2187 3307 2241 eamque
3355 2171 3491 2226 aﬂ'e-

1887 2270 2091 2324 ctabat.
2137 2267 2368 2337 Insuper
2419 2266 2734 2329 considerat
2775 2266 2958 2336 ipsum
2996 2261 3139 2319 Deus
3186 2263 3252 2316 ad
3294 2259 3492 2330 imagi-

1891 2377 2015 2417 nem
2078 2359 2614 2428 similitudinemque
2665 2342 2864 2422 suam,
2942 2365 2998 2414 et
3059 2356 3309 2411 omnium
3370 2368 3495 2424 qum

1890 2453 2163 2517 viverent,
2203 2451 2690 2507 absolutissimum
2742 2449 2975 2505 fecerat.
3023 2447 3159 2504 lium
3217 2463 3348 2503 vero
3397 2448 3493 2517 qui

1895 2543 2021 2600 talis
2066 2558 2096 2598 a
2143 2544 2252 2598 Deo
2297 2543 2486 2597 fuerat
2532 2542 2820 2607 conditus,
2870 2541 2998 2612 quis
3049 2547 3231 2612 neget.
3286 2538 3495 2608 judicio

1894 2636 2023 2707 (hoc
2052 2643 2160 2699 est,
2185 2633 2318 2689 boni
2349 2634 2588 2704 malique
2627 2633 2968 2705 cognitione)
2999 2634 3252 2689 dotatqu
3288 2630 3497 2687 fuisse?

1893 2727 2031 2784 Nam
2054 2725 2204 2798 quod
2234 2724 2644 2782 caeodaamonis
2677 2723 2780 2780 fuit
2809 2721 3005 2780 fraude
3052 2723 3336 2787 seductus,
3386 2737 3497 2776 non

1897 2819 2029 2877 boni
2082 2818 2330 2889 malique
2383 2817 2735 2888 ignoratione
2776 2815 3000 2881 evenit;
3062 2814 3159 2870 sed
3212 2814 3340 2884 quia
3383 2829 3501 2870 suae

1898 2914 2030 2985 ipsae
2092 2911 2407 2986 cupiditati,
2468 2909 2762 2988 pellectus,
2821 2906 3074 2963 indulsit.
3133 2905 3272 2961 Nam
3329 2907 3495 2960 etiam

1898 2994 2046 3058 nunc
2066 3000 2162 3072 qui
2188 3011 2443 3072 peccant,
2473 3013 2828 3071 nequaquam
2857 3005 2917 3054 ut
2947 2995 3131 3054 omnis
3163 2994 3499 3065 cognitionis

1899 3095 2057 3149 vacui
2106 3101 2366 3164 peccant,
2401 3106 2504 3146 cur
2567 3089 2716 3145 enim
2765 3089 2907 3144 tales
2959 3085 3502 3159 condemnarentur?

200 3182 253 3237 in
291 3183 460 3251 ,hanc
514 3189 846 3245 seintentiam
878 3207 894 3244 :
930 3189 998 3244 Et
1056 3195 1306 3261 priet-epit
1351 3193 1608 3250 Dominus
1653 3195 1794 3251 De.“
1820 3196 1866 3259 ο
1901 3185 2019 3240 sed-
2042 3199 2074 3239 a
2125 3197 2230 3238 suo
2263 3183 2514 3253 ipsorum
2552 3174 2751 3237 aﬂ'ectu
2804 3179 3167 3236 seducuntur.
3208 3176 3500 3233 Postremo

199 3271 354 3340 Alte,
383 3277 638 3348 dixitque
673 3279 768 3334 ei:
805 3279 879 3333 De
921 3280 1166 3335 omnibus
1213 3282 1498 3338 arboribus
1544 3285 1792 3356 paradisi

199 3365 408 3434 edendo
437 3369 560 3424 edes
592 3386 612 3426 :
643 3383 695 3424 at
727 3373 792 3425 de
825 3371 1013 3427 arbore
1059 3374 1299 3430 scientia:
1324 3374 1447 3430 boni
1473 3387 1523 3431 et
1570 3379 1702 3433 mali
1733 3396 1796 3441 ue

196 3460 328 3516 edas
354 3476 378 3518 :
408 3478 536 3516 nam
567 3479 673 3533 quo
709 3462 796 3518 die
825 3463 892 3519 de
919 3463 1020 3518 hac
1056 3465 1202 3532 edes,
1235 3478 1460 3522 mortem
1497 3480 1702 3536 appetes
1725 3469 1792 3526 ³⁸.

198 3553 268 3610 Et
324 3555 498 3627 paulo
556 3565 678 3624 post
726 3574 740 3612 :
793 3556 858 3611 Et
912 3559 1113 3629 accepit
1166 3559 1363 3614 mulier
1415 3560 1481 3615 de
1531 3561 1796 3630 fructibus

197 3645 442 3713 arboris,
465 3647 694 3718 editque,
725 3665 790 3702 ae
811 3648 955 3702 dedit
985 3652 1148 3704 etiam
1188 3651 1302 3705 viro
1333 3666 1452 3715 suo,
1483 3652 1575 3722 qui
1605 3663 1656 3706 et
1685 3643 1800 3722 ipse

202 3738 317 3793 edit
343 3739 416 3795 ³³.
468 3741 572 3795 IIic
618 3724 720 3794 tria
755 3756 815 3796 se
850 3740 1088 3796 oﬂ‘erunt
1118 3741 1504 3813 disquirenda,
1556 3760 1796 3814 quorum

204 3832 454 3900 primum
499 3841 605 3900 est,
649 3847 748 3887 cur
793 3833 959 3888 arbor
989 3833 1083 3888 illa
1134 3835 1411 3905 appellata
1441 3835 1514 3891 sit
1547 3836 1800 3892 scientiae

204 3921 341 3978 boni
392 3932 450 3977 et
501 3924 672 3988 mali;
715 3925 973 3990 alterum,
1005 3926 1137 3996 quid
1193 3927 1265 3980 sit
1316 3927 1546 3991 bonum,
1581 3929 1801 3999 etquid

207 4013 464 4082 malum;
507 4015 750 4080 tertium,
806 4016 962 4086 cujus
1007 4017 1224 4086 generis
1266 4017 1432 4075 fuerit
1469 4020 1561 4074 illa
1615 4023 1800 4079 arbor.

201 4102 384 4173 Igitur
413 4107 559 4176 quod
597 4106 662 4159 ad
718 4107 955 4176 primum
995 4109 1217 4176 attinet,
1252 4109 1358 4166 hoc
1399 4123 1505 4179 est,
1551 4113 1802 4169 vocabuli

206 4199 516 4262 rationem,
548 4198 790 4254 dicimus
838 4201 1069 4258 minime
1099 4203 1428 4274 appellatam
1470 4221 1595 4261 esse
1639 4207 1802 4262 arbo-

209 4305 330 4346 rem
369 4290 618 4347 scientiae
656 4294 782 4347 boni
806 4302 861 4348 et
892 4295 1044 4360 mali,
1075 4297 1222 4366 quod
1257 4299 1374 4368 ipsa
1408 4308 1555 4354 esset
1578 4301 1803 4372 praedita

206 4383 534 4452 cognitione
603 4400 711 4454 qua
769 4385 911 4440 inter
973 4387 1177 4442 bonum
1235 4399 1293 4443 et
1359 4391 1564 4445 malum
1620 4408 1807 4462 posset

207 4474 549 4545 diiudicare,
575 4491 754 4546 neque
788 4480 953 4532 etiam
990 4479 1134 4548 quod
1179 4481 1300 4550 ipsa
1340 4481 1461 4552 ejus
1496 4484 1574 4537 rei
1624 4485 1803 4540 scien-

209 4543 348 4619 tiam
392 4565 448 4619 in
481 4543 750 4621 Adamum
805 4543 1120 4624 contulerit.
1174 4543 1306 4624 Nam
1361 4543 1658 4628 illiusmodi
1715 4591 1806 4628 co-
1838 4543 1884 4601 θ

208 4659 488 4730 gnitionis
546 4668 822 4729 expertem
885 4663 1104 4731 penitus
1168 4662 1337 4718 fuisse
1405 4666 1660 4720 arborem
1722 4668 1806 4722 vel

207 4751 346 4807 hinc
398 4751 693 4821 intelligas,
749 4753 893 4821 quod
950 4770 1017 4809 ne
1064 4755 1224 4810 bruta
1273 4757 1494 4826 quidem
1553 4759 1806 4828 (necdum

210 4842 504 4915 rationali)
576 4844 758 4898 anima
811 4845 975 4900 fuerit
1031 4847 1304 4916 praedita:
1341 4865 1467 4903 nam
1526 4850 1572 4905 si
1623 4851 1809 4915 bruta,

214 4937 510 4992 mactanda
575 4938 814 5007 primum
873 4938 1074 4994 fuisset
1127 4950 1187 4995 ut
1236 4956 1431 4996 caetera
1489 4943 1812 5011 animantia,

212 5039 520 5101 antequam
559 5035 624 5086 de
662 5049 720 5086 ea
759 5038 1068 5101 potuissent
1117 5035 1282 5090 edere
1322 5035 1482 5106 primi
1517 5045 1808 5100 parentes;

218 5123 485 5178 rationali
523 5113 656 5180 vero
704 5128 930 5182 omnino
983 5130 1232 5185 caruisse
1284 5129 1656 5184 certissimum
1705 5140 1810 5192 est,

217 5230 352 5269 cum
418 5217 566 5270 nulla
625 5217 881 5274 facultate
934 5221 1099 5276 rebus
1170 5237 1269 5290 pro
1333 5221 1565 5277 arbitrio
1623 5223 1810 5277 utendi

215 5310 417 5366 dotata
461 5311 650 5378 fuerit,
704 5331 879 5386 neque
933 5317 1173 5386 aliquam
1223 5332 1252 5369 a
1295 5317 1592 5371 funditore
1638 5317 1810 5386 legem

217 5404 523 5471 acceperit,
576 5407 794 5476 qualem
849 5407 915 5462 iis
962 5408 1051 5461 ille
1108 5409 1371 5476 imposuit
1422 5424 1544 5478 quae
1601 5408 1814 5462 ratione

223 5495 481 5552 donavit.
513 5498 694 5564 Quare
723 5501 766 5554 si
800 5515 897 5573 per
926 5509 1175 5555 neutram
1202 5501 1471 5555 dictarum
1499 5501 1810 5556 animarum

223 5586 445 5641 vivebat
483 5589 649 5642 arbor
672 5589 785 5653 illa,
821 5590 1094 5660 colligitur
1123 5605 1298 5661 neque
1345 5589 1631 5643 scientiam
1667 5591 1718 5644 in
1753 5606 1814 5646 sc

223 5680 406 5735 ullam
443 5681 699 5737 habuisse
739 5699 846 5752 qua
878 5684 1081 5737 bonum
1132 5692 1315 5755 posset
1365 5702 1392 5738 ιι
1431 5684 1574 5738 man
1604 5684 1812 5740 discer-

303 5861 351 5893 “
383 5861 517 5919 Gen.
555 5880 614 5931 Il,
664 5864 743 5934 l6,
790 5867 868 5923 l7.
952 5869 993 5897 "
1022 5869 1154 5924 (icti.
1194 5883 1274 5931 III,
1308 5867 1361 5920 ti.
1441 5867 1483 5896 ³⁸
1510 5865 1644 5922 Gen.
1683 5883 1741 5929 ιι,
1776 5868 1829 5928 2.
1862 5866 1952 5922 25.

1901 3275 2018 3331 ficri
2065 3289 2178 3329 non
2212 3274 2389 3344 potuit
2437 3280 2498 3329 ut
2542 3273 2710 3328 arbor
2759 3287 2826 3328 eo
2870 3270 3145 3326 Adamum
3201 3270 3498 3336 imbueret,

1899 3383 2012 3440 quo
2045 3367 2162 3438 ipsa
2194 3368 2438 3422 carebat.
2471 3365 2762 3422 Pet-ficitur
2800 3380 2932 3436 ergo
2963 3380 3033 3422 ex
3063 3364 3134 3419 iis
3161 3378 3284 3434 qua:
3317 3364 3502 3420 adhuc

1899 3458 2044 3515 dicta
2074 3444 2226 3524 sunt,
2257 3474 2368 3514 non
2395 3459 2522 3517 ideo
2554 3458 2814 3514 arborem
2851 3457 3098 3514 scientia:
3128 3457 3256 3513 boui
3289 3466 3342 3513 et
3371 3456 3500 3513 om

1898 3562 2148 3610 vocatam
2200 3568 2348 3616 esse,
2395 3551 2545 3622 quod
2577 3551 2664 3607 vel
2711 3551 2880 3606 ullam
2927 3550 3048 3622 ipsa
3099 3549 3229 3605 boni
3283 3565 3313 3604 a
3356 3551 3502 3604 malo

1901 3644 2276 3717 distinguendi
2306 3644 2564 3714 peritiam
2615 3643 2914 3710 habuerit;
2968 3645 3054 3700 vel
3084 3645 3298 3699 Adamn
3341 3641 3411 3699 dc
3441 3658 3504 3698 se

1901 3737 2085 3794 edenti
2146 3738 2434 3794 scientiam
2482 3738 2756 3809 ejusmodi
2812 3736 3340 3793 accommodaret-it.
3391 3736 3502 3792 Sed

1903 3845 2005 3885 cur
2051 3828 2269 3884 demum
2337 3827 2390 3882 id
2447 3827 2689 3884 nominis
2747 3829 2943 3882 sortita
3003 3826 3077 3881 sit
3118 3827 3288 3898 prius
3332 3842 3498 3896 quam

1904 3922 2302 3994 expediamus,
2353 3922 2650 3977 dicendum
2706 3931 2829 3988 est;
2879 3921 3014 3993 quid
3065 3921 3218 3989 boui,
3257 3922 3506 3998 quidque

1907 4015 2034 4071 mali
2084 4013 2368 4070 vocabulis
2422 4013 2496 4070 sit
2546 4012 2986 4084 intelligendum.
3041 4012 3252 4069 Bonum
3307 4013 3506 4084 igitur,

1907 4117 1991 4164 est
2047 4107 2165 4178 ipsa
2223 4106 2581 4173 obedientia;
2649 4105 2854 4160 malum
2913 4120 3088 4173 vero,
3160 4106 3504 4160 contrarium

1910 4199 2235 4256 obcdientias
2298 4199 2528 4263 vitium,
2594 4199 2842 4254 rebellio.
2917 4196 3053 4252 Nam
3129 4198 3556 4281 obedientiam0

1910 4295 2115 4350 bonum
2174 4307 2295 4348 esse
2353 4291 2654 4349 ostendunt
2701 4291 2792 4345 illa
2859 4289 2997 4360 legis
3051 4291 3215 4346 verba
3273 4311 3287 4347 :
3337 4291 3508 4362 Dilige

1910 4388 2196 4444 Dominum
2247 4387 2416 4440 Deum
2460 4397 2611 4440 tuum
2640 4386 2723 4452 '7;
2786 4401 2850 4440 ex
2897 4401 3087 4441 amore
3135 4387 3282 4441 enim
3344 4395 3510 4455 atque

1911 4481 2180 4537 charitatc
2239 4480 2551 4535 ohedicntia
2615 4480 2881 4536 nascitur.
2957 4480 3053 4537 Est
3095 4481 3258 4551 igitur
3302 4482 3507 4547 bonum

1910 4571 2248 4626 obedientia.
2287 4569 2505 4626 Rursus
2542 4572 2752 4626 malum
2797 4588 2921 4627 esse
2972 4573 3326 4627 rebellionem
3375 4589 3510 4644 pro-

1913 4665 2043 4719 bant
2078 4663 2168 4718 illa
2199 4663 2292 4717 Dei
2324 4667 2487 4718 verba
2525 4681 2538 4718 :
2575 4664 2695 4717 Duo
2721 4665 2866 4719 mala
2898 4665 3021 4735 fecit
3044 4666 3272 4736 populus
3316 4683 3507 4731 meus;

1917 4773 1998 4810 me
2047 4756 2444 4826 dereliquerunt
2473 4797 2485 4818 ,
2542 4757 2744 4826 [cratem
2782 4774 2937 4822 aqua:
2979 4759 3145 4824 rium,
3192 4768 3242 4812 et
3287 4758 3513 4828 profecti

1915 4845 2162 4914 {oderunt
2232 4847 2336 4898 sibi
2393 4847 2566 4915 fossus
2629 4849 2886 4917 eﬂ‘ractas
2951 4865 3071 4920 qua:
3120 4865 3224 4902 non
3290 4859 3512 4919 possunt
3564 4904 3571 4912 ,

1917 4945 2190 5020 continere
2233 4946 2288 4997 in
2323 4961 2378 4998 se
2406 4962 2574 5015 aquas
2601 4944 2667 5000 ³⁸.
2710 4945 2830 4999 Jant
2867 4961 2999 5000 vero
3045 4946 3305 5009 dicimus,
3341 4947 3512 5000 arbo-

1925 5053 2038 5090 rcm
2080 5037 2325 5091 scientia:
2356 5038 2484 5092 boni
2516 5048 2570 5090 et
2621 5037 2748 5090 mali
2784 5037 2934 5090 illam
2983 5052 3110 5093 esse
3160 5038 3512 5107 appellatam,

1921 5128 2046 5198 quia
2108 5144 2204 5197 per
2269 5144 2415 5195 eam,
2469 5130 2648 5196 reipsa
2715 5127 2864 5184 facto
2929 5131 3199 5201 periculo,
3262 5129 3509 5188 Adamus

1923 5219 2144 5288 agnovit
2195 5221 2400 5273 bonum
2461 5230 2515 5274 ct
2566 5220 2797 5274 malum.
2847 5222 2916 5276 At
2966 5214 3112 5276 enim
3166 5223 3340 5285 dices,
3385 5224 3514 5278 hinc

1921 5311 2136 5380 colligi.
2170 5312 2440 5366 Adamum
2496 5311 2669 5367 fuisse
2725 5314 3030 5368 cariturum
3096 5305 3223 5368 hoiii
3290 5326 3341 5370 et
3384 5317 3512 5370 mali

1920 5401 2280 5470 cognitione,
2337 5401 2443 5455 nisi
2494 5401 2561 5456 de
2627 5403 2718 5458 illa
2779 5405 2975 5460 arbore
3043 5414 3336 5476 gustasset.
3409 5407 3512 5461 Sed

1919 5497 2342 5566 respondemus,
2389 5495 2620 5552 scivisse
2654 5499 2878 5569 quidem
2925 5499 3198 5554 Adamum
3251 5501 3513 5555 obedien-

1920 5588 2049 5643 tiam
2092 5587 2300 5643 bonum
2345 5603 2490 5653 esse,
2523 5598 2580 5644 et
2628 5591 2980 5645 rebellionem
3035 5593 3266 5656 malum,
3316 5606 3376 5648 ut
3420 5593 3514 5662 qui

1924 5689 2070 5736 esset
2120 5682 2184 5735 ad
2249 5679 2340 5736 Dei
2388 5681 2812 5739 similitudinem
2865 5684 3146 5747 conditus,
3203 5697 3254 5740 ct
3306 5689 3514 5740 ratione

2994 5865 3078 5919 1-3.

2043 5865 2073 5895 ’⁷
2103 5861 2258 5920 Deut.
2294 5880 2366 5928 vi,
2402 5863 2452 5918 5.
2574 5866 2616 5895 ³³⁸
2646 5862 2850 5921 Jet'cm.
2889 5879 2926 5920 ιι
