4008 6342
581 313 688 379 503

1742 374 1746 387 ς
1819 328 2051 390 MOSIS
2092 330 2240 390 ΒΑΗ
2275 331 2517 394 CEPHA

3723 338 3813 404 50l

587 424 1232 521 pollensufacultateque
1265 404 1450 485 reruni
1481 446 1618 503 quas
1652 432 1838 488 animo
1867 433 2158 507 concepis-
2189 439 2235 497 Α
2263 435 2490 495 edoctus
2522 440 2653 511 quid
2682 448 2828 497 esset
2870 444 3071 499 bonum
3110 455 3164 501 et
3191 446 3322 517 quid
3368 446 3598 513 malum,
3634 452 3815 521 quippe

586 529 668 572 set
697 518 1169 588 dijudicandarum
1204 538 1218 577 :
1258 512 1638 579 verumtamen
1686 523 1739 579 id
1802 524 1980 593 ipsum
2012 534 2154 594 post,

585 626 684 680 per
723 613 1117 683 experientiam
1159 629 1380 687 quoque
1424 616 1505 671 rei
1534 616 1813 681 didicisse,
1846 618 1937 671 ubi
1965 618 2159 673 \conti-

584 704 757 773 gisset
805 714 969 774 atque
1018 716 1290 777 gustasset
1360 710 1556 765 vetitos
1618 709 1849 765 fructus.
1902 708 2057 766 Sicut
2102 720 2158 766 et

581 796 719 850 tlain
780 810 887 851 non
947 797 1232 869 ignorabat
1290 801 1511 871 quidem
1582 818 1696 857 rem
1758 803 1956 857 malam
2035 817 2155 858 esse

583 885 962 957 homicidium,
1019 891 1339 960 priusquam
1396 893 1446 947 id
1503 903 1913 963 perpetrasset;
1965 909 2152 949 verum

580 977 777 1033 deinde
822 981 1025 1037 clarius
1080 982 1183 1037 hoc
1238 984 1416 1057 ipsum
1469 1001 1564 1057 per
1618 987 2009 1056 experientiam
2072 986 2152 1042 rei

578 1070 772 1127 didicit
823 1072 1117 1129 homicidio
1170 1076 1433 1143 admisso,
1466 1094 1587 1132 cum
1621 1076 1800 1150 fugaci
1848 1080 2151 1135 mobilitate

576 1171 720 1218 esset
765 1164 1051 1221 multatus.
1089 1165 1235 1232 Quin
1266 1177 1321 1223 et
1363 1184 1460 1223 nos
1511 1169 1733 1242 quoque
1784 1171 2036 1227 novimus
2085 1186 2148 1226 ea

574 1268 697 1322 qua:
754 1254 897 1309 mala
949 1267 1120 1321 sunt,
1181 1268 1474 1329 antequam
1538 1262 1680 1317 mala
1741 1263 2147 1332 designemus:

574 1358 765 1398 verum
801 1345 892 1401 ubi
931 1346 1045 1416 jam
1079 1349 1193 1418 ipsa
1219 1351 1579 1420 patravimus,
1616 1362 1727 1407 tum
1765 1355 1942 1424 reipsa
1990 1354 2150 1411 intel-

574 1434 799 1506 ligimus
838 1437 977 1491 mala
1005 1453 1160 1506 esse;
1202 1453 1258 1496 et
1295 1443 1512 1511 quidem
1546 1445 1719 1501 multo
1761 1448 1991 1513 certius,
2031 1455 2143 1502 tum

572 1542 698 1582 cum
736 1530 986 1585 meritam
1019 1535 1090 1587 ob
1138 1535 1226 1589 illa
1265 1552 1486 1607 pennam
1542 1542 1853 1609 pendimus.
1898 1542 2145 1614 Denique

568 1620 1035 1689 quemadmodum
1069 1629 1270 1695 malum
1307 1646 1431 1686 esse
1456 1635 1707 1687 morbum
1736 1650 1841 1689 non
1866 1636 2143 1701 nescimus

570 1709 728 1782 longe
755 1723 1051 1785 antequam
1076 1728 1427 1789 :egrotamus,
1451 1732 1505 1776 et
1530 1733 1709 1778 tamen
1737 1724 1879 1779 iacto
1902 1726 2143 1795 periculo

571 1802 677 1858 hoc
721 1804 901 1874 ipsum
957 1808 1186 1879 propius
1238 1814 1573 1883 penitusque
1620 1818 1968 1886 agnoscimus
2014 1834 2138 1873 cum

573 1894 762 1949 morbo
796 1912 1093 1965 vexamur;
1145 1910 1293 1957 etut
1349 1907 1640 1959 sanitatem
1694 1922 1886 1962 omnes
1940 1919 2142 1965 norunt

512 2056 513 2059 η
568 1982 769 2039 bonam
821 2001 942 2043 esse
1001 1990 1165 2044 etiam
1220 1991 1445 2061 quando
1490 2009 1555 2048 ea
1612 2005 1825 2060 carent,
1880 1974 2138 2051 caeterum

568 2076 661 2131 ubi
697 2079 955 2134 fruuntur
1000 2081 1260 2148 sanitate,
1298 2084 1409 2155 jam
1436 2085 1746 2156 cuiusmodi
1782 2094 1837 2141 et
1874 2096 2137 2156 quantum

568 2169 770 2224 bonum
805 2171 897 2236 sit,
945 2187 1041 2242 per
1088 2176 1486 2246 experientiam
1527 2177 1738 2233 certius
1773 2179 2081 2250 intelligunt
2120 2198 2132 2233 :

566 2262 638 2318 ita
661 2274 713 2317 et
745 2263 997 2321 Adamus
1043 2268 1251 2324 sciebat
1279 2268 1840 2341 quidem,antequam
1868 2271 1938 2326 de
1975 2272 2139 2325 vetita

564 2358 759 2412 arbore
805 2367 1101 2427 gustasset,
1156 2361 1354 2416 b0nam
1409 2377 1531 2418 esse
1579 2362 1969 2429 obedientiam,
2025 2380 2141 2418 ma-

567 2446 780 2517 Iamque
825 2449 1215 2517 rebellionem;
1253 2469 1440 2513 verum
1478 2470 1603 2509 cum
1648 2454 1988 2519 rebellasset,
2023 2456 2133 2511 hoc

564 2538 739 2608 ipsum
770 2541 1109 2610 experientia
1178 2545 1437 2614 magistra
1482 2548 1688 2602 rectius
1733 2548 1976 2614 agnovit.
2020 2548 2137 2613 Qua

562 2629 707 2683 enim
757 2635 1027 2686 sententia
1066 2634 1133 2689 de
1163 2636 1404 2704 paradisi
1448 2638 1608 2692 bonis
1649 2639 1919 2709 dejectus,
1971 2647 2139 2708 atque

564 2724 617 2777 in
658 2722 796 2778 hanc
826 2722 1142 2781 damnatam
1192 2736 1392 2783 terram
1432 2730 1702 2801 relegatus
1748 2740 1853 2792 est,
1888 2732 2135 2785 eamdem

561 2830 656 2885 per
689 2816 988 2886 periculum
1024 2818 1217 2876 didicit
1255 2832 1519 2891 quantum
1569 2823 1772 2879 bonum
1802 2832 1951 2880 esset
2000 2823 2136 2878 obe-

559 2906 786 2973 dientia,
814 2917 869 2965 et
899 2921 1165 2982 quantum
1196 2924 1384 2968 contra
1423 2915 1627 2969 malum
1684 2915 1924 2971 rebellio.
1966 2914 2137 2987 igitur

558 3010 751 3056 vocata
800 3014 884 3059 est
952 3003 1118 3061 arbor
1178 3005 1424 3061 scientia:
1467 3006 1593 3061 boni
1662 3016 1717 3062 et
1782 3006 1953 3074 mali,
2006 3006 2133 3076 quia

2264 528 2322 590 in
2357 544 2419 583 ea
2453 529 2648 584 arbore
2676 532 2910 601 positum
2937 544 3053 589 erat
3086 536 3390 606 periculum
3421 546 3475 617 et
3508 536 3818 596 obedientim

2261 630 2313 676 et
2344 622 2661 678 rebellionis
2690 623 2906 690 Adami,
2960 636 3122 696 atque
3160 643 3259 697 per
3286 643 3406 683 eam
3441 628 3587 683 clare
3612 633 3818 700 agnovit

2258 710 2350 766 ille
2380 711 2506 766 boui
2556 711 2796 784 malique
2832 716 3097 770 rationem
3152 718 3272 788 ipso
3305 717 3380 772 rei
3427 719 3650 782 eﬂ‘ectu,
3683 721 3818 775 didi~

2257 804 2439 875 citque
2492 814 2756 876 quantum
2819 820 2971 864 esset
3028 810 3154 865 boni
3216 812 3271 866 in
3330 811 3674 867 observando
3732 813 3813 869 Dei

2258 898 2515 953 mandato
2576 900 2813 969 positum
2846 941 2861 966 ,
2911 913 2963 959 et
3023 912 3287 971 quantum
3345 913 3536 959 contra
3588 903 3714 957 mali
3767 903 3814 960 in

2256 989 2682 1057 praevaricando.
2712 992 2911 1047 Parere
2942 993 3086 1047 enim
3124 1002 3395 1064 pracepto
3424 993 3668 1058 bonum;
3716 1008 3815 1048 non

2254 1096 2467 1151 parere,
2500 1081 2702 1136 malum
2738 1084 3029 1153 appellavit
3061 1084 3362 1154 Scriptura.
3405 1082 3532 1140 Haec
3562 1086 3727 1156 igitur
3753 1085 3815 1140 de

2253 1173 2492 1229 nominis
2538 1170 2747 1229 ratique
2778 1174 2923 1231 dicta
2970 1177 3105 1232 satis
3146 1186 3344 1243 sunto;
3389 1176 3501 1247 jam
3554 1177 3813 1247 reliquum

2250 1274 2332 1319 est
2365 1278 2422 1320 ιιι
2453 1267 2821 1337 expendamus
2848 1266 3010 1340 cujus
3054 1269 3146 1324 illa
3181 1270 3397 1339 generis
3439 1270 3603 1324 arbor
3635 1271 3811 1326 fuerit.

2255 1354 2393 1410 Sunt
2420 1357 2643 1427 quidam
2676 1359 2768 1429 qui
2799 1359 3115 1415 existiment
3141 1374 3250 1413 non
3284 1358 3453 1415 fuisse
3480 1359 3734 1413 arborem
3763 1359 3811 1413 id

2248 1455 2314 1508 dc
2343 1469 2452 1523 quo
2502 1454 2738 1525 gustavit
2784 1455 2983 1520 Adam,
3023 1456 3116 1511 sed
3161 1470 3456 1511 venereum
3508 1455 3812 1524 amplexum

2247 1560 2357 1615 quo
2401 1561 2523 1600 cum
2569 1561 2744 1602 uxore
2796 1547 2887 1603 ille
2935 1562 3134 1618 corpus
3167 1548 3418 1611 miscuit;
3469 1562 3704 1618 eamque
3748 1548 3814 1603 ob

2251 1653 2363 1692 rem
2399 1643 2551 1695 aiunt
2580 1651 2794 1710 partum
2828 1640 3075 1696 mulieris
3097 1655 3219 1696 esse
3241 1653 3336 1710 per
3366 1639 3458 1694 Dei
3494 1641 3812 1696 sententiam

2246 1730 2533 1787 doloribus
2566 1731 2769 1788 factum
2805 1732 3146 1799 obnoxium;
3181 1747 3357 1802 neque
3396 1732 3540 1786 aliud
3585 1732 3816 1789 voluisse

2248 1823 2377 1879 illud
2421 1832 2773 1895 praeceptum,
2804 1822 2882 1879 Ne
2931 1824 3109 1880 edatis
3141 1824 3208 1879 de
3248 1823 3339 1879 illa
3374 1824 3595 1888 arbore,
3627 1838 3812 1893 quam,

2243 1913 2358 1969 Non
2409 1917 2637 1989 coeatis,
2682 1917 2775 1972 sed
2824 1915 3030 1971 sancte
3062 1924 3119 1972 et
3162 1916 3367 1985 absque
3413 1917 3559 1970 omni
3604 1914 3823 1971 Venere.

2244 2006 2476 2072 vivatis;
2515 2016 2570 2063 et
2603 2025 2616 2062 :
2650 2006 2768 2074 Quo
2800 2007 2885 2062 die
2919 2011 2984 2063 de
3012 2006 3101 2063 illa
3131 2007 3321 2072 edetis,
3355 2016 3586 2062 mortem
3615 2006 3814 2061 morie-

2244 2099 2405 2164 mini,
2444 2099 2497 2154 id
2548 2116 2669 2155 esse
2708 2114 2817 2170 quo
2847 2100 2937 2155 die
2975 2114 3205 2171 corpora
3252 2098 3571 2154 miscebitis.
3619 2097 3812 2153 Verum

2244 2189 2385 2244 banc
2439 2191 2767 2246 sententiam
2804 2192 3031 2245 minime
3077 2205 3263 2245 veram
3303 2204 3429 2245 esse
3470 2189 3553 2242 vel
3591 2188 3645 2243 id
3686 2189 3815 2245 satis

2243 2283 2615 2355 arguit~quod
2693 2284 2905 2354 integra
2979 2282 3294 2350 virginitate
3358 2281 3500 2351 pulsi
3564 2282 3678 2336 sint
3737 2281 3812 2336 illi

2242 2375 2520 2444 paradiso.
2547 2374 2785 2433 Censent
2808 2388 2938 2444 ergo
2970 2373 3059 2427 alii
3093 2373 3433 2429 frumentum
3466 2372 3643 2428 fuisse
3674 2374 3813 2429 hanc

2242 2466 2536 2530 arborem,
2606 2474 2770 2535 atque
2834 2466 2955 2520 ideo
3008 2465 3284 2521 Christum
3359 2479 3580 2535 quoque
3640 2480 3808 2520 suum

2241 2574 2443 2628 corpus
2498 2558 2554 2614 in
2605 2573 2744 2628 pane
2801 2558 3016 2613 dedisse
3050 2566 3153 2612 :ut
3190 2571 3298 2626 qua
3359 2570 3419 2610 re
3467 2563 3811 2612 contractum

2240 2659 2387 2706 esset
2423 2650 2689 2715 debitum,
2720 2649 2908 2704 eadem
2942 2658 2997 2704 et
3031 2650 3427 2704 exsolveretur.
3472 2646 3687 2703 Rursus
3718 2645 3812 2701 alii

2240 2743 2405 2797 vitem
2458 2741 2629 2796 fuisse
2675 2739 3051 2805 contendunt,
3115 2749 3172 2795 et
3226 2739 3433 2795 ideirco
3494 2740 3815 2809 sanguinem

2239 2849 2399 2889 suum
2428 2832 2645 2887 dedisse
2676 2830 2959 2887 Christum
3006 2832 3062 2887 in
3092 2830 3222 2886 vino
3256 2846 3360 2901 pro
3400 2832 3672 2901 expianda
3703 2832 3818 2901 pri-

2239 2938 2455 2977 morum
2483 2933 2773 2992 parentum
2801 2935 2965 2976 noxa.
3001 2920 3105 2975 Sed
3132 2935 3234 2975 nos
3269 2921 3382 2975 hac
3404 2935 3530 2975 vera
3558 2935 3669 2975 non
3694 2932 3818 2975 esse

2238 3021 2528 3083 putamus;
2556 3010 2888 3066 frumentum
2911 3010 3057 3064 enim
3079 3024 3258 3081 seges,
3279 3025 3386 3066 non
3410 3010 3573 3065 arbor
3593 3009 3817 3077 dicitur,

560 3094 804 3151 Adamus
834 3110 931 3166 per
961 3096 1134 3167 ipsam
1167 3107 1425 3167 expertus
1466 3106 1551 3154 est
1584 3097 1715 3169 quid
1750 3106 1895 3153 esset
1932 3097 2134 3153 bonum
2164 3106 2207 3164 (ζ
2242 3114 2301 3160 ιιι
2328 3118 2505 3174 neque
2545 3102 2690 3157 vitis.
2733 3100 2901 3172 igitur
2925 3100 3259 3157 Philoxenus
3286 3100 3660 3171 Mabugensis,
3692 3114 3819 3156 ora-

557 3191 774 3264 etquid
806 3192 1035 3260 malum,
1066 3199 1229 3263 atque
1281 3192 1458 3263 reipsa
1512 3192 1729 3264 agnovit
1766 3191 2131 3247 obedientiam

508 3278 510 3281 ’
557 3299 680 3341 esse
714 3285 942 3352 bonum,
977 3286 1182 3339 malum
1224 3299 1357 3339 vero
1407 3284 1778 3339 rebellionem.
1819 3282 1927 3338 Sed
1961 3282 2133 3351 enim,

558 3378 704 3434 dicet
733 3378 933 3448 aliquis
962 3417 976 3441 ,
1017 3376 1210 3432 demus
1240 3377 1512 3431 Adamum
1554 3390 1653 3447 per
1697 3375 1845 3430 illam
1881 3375 2133 3430 arborem

558 3486 681 3527 esse
709 3481 988 3540 expertum
1025 3470 1153 3538 quid
1201 3468 1404 3523 bonum
1445 3477 1500 3523 et
1548 3468 1678 3539 quid
1729 3466 1929 3522 malum
1966 3476 2132 3533 esset,

560 3579 672 3620 non
701 3562 933 3635 proinde
959 3562 1103 3633 justa
1136 3560 1277 3617 ratio
1310 3576 1375 3616 ea
1406 3559 1641 3625 videtur,
1672 3560 1743 3615 ob
1774 3574 1937 3630 quam
1970 3557 2138 3613 arbor

558 3656 677 3728 ipsa
733 3654 973 3711 scientiae
1020 3654 1146 3709 boni
1184 3662 1238 3708 et
1282 3652 1408 3707 mali
1443 3660 1750 3717 vocaretur,
1798 3666 1920 3722 qua
1952 3650 2137 3705 scien-

559 3747 691 3802 tiam
723 3746 777 3800 in
806 3759 865 3799 se
897 3743 1103 3798 nullam
1131 3743 1378 3799 haberet.
1411 3741 1826 3813 Respondemus
1862 3758 1985 3821 eum
2011 3756 2135 3800 esse

559 3853 766 3893 morem
799 3850 1081 3893 sacrarum
1112 3833 1467 3898 Litterarum,
1513 3842 1570 3890 ut
1598 3844 1652 3888 et
1675 3833 1809 3890 locis
1841 3844 1897 3891 et
1926 3844 2135 3906 tempo-

561 3929 712 3985 ribus
756 3941 945 3982 earum
1013 3940 1198 3982 rerum
1252 3924 1667 3980 accommodent
1708 3923 1956 3991 nomina,
2013 3938 2136 3995 qua

560 4020 724 4097 rebus
759 4020 891 4091 ipsis
928 4018 982 4073 in
1007 4018 1141 4073 locis
1170 4027 1222 4073 et
1252 4016 1590 4088 temporibus
1614 4015 1721 4071 illis
1758 4014 2135 4072 evenientibus

560 4111 850 4167 debentur.
884 4111 975 4166 Sic
1005 4118 1226 4181 puteum
1261 4110 1553 4181 quemdam
1572 4108 1744 4179 jurgii
1767 4108 2129 4179 appellarunt,

558 4221 684 4260 cum
717 4211 915 4275 puteus
943 4220 1050 4258 non
1079 4202 1354 4273 jurgasset
1404 4202 1499 4257 sed
1536 4202 1605 4256 de
1634 4210 1798 4280 puteo
1846 4201 1965 4271 ipso
1994 4200 2138 4256 inter

488 4272 505 4293 ’
560 4314 619 4350 se
679 4272 1092 4348 contendissent
1146 4272 1398 4363 pastores
1424 4290 1490 4346 ³⁹.
1557 4291 1622 4345 Et
1701 4272 1895 4347 rursus
1962 4292 2133 4347 alium

559 4398 775 4457 puteum
818 4385 1134 4456 juramenti,
1176 4398 1285 4438 non
1336 4384 1495 4454 quasi
1548 4383 1663 4453 ipse
1704 4382 1927 4453 juratus
1965 4391 2133 4447 esset,

562 4477 659 4531 sed
725 4474 853 4547 quia
920 4476 989 4529 de
1059 4476 1179 4544 ipso
1234 4472 1379 4528 facta
1444 4474 1665 4528 fuerant
1725 4473 2038 4543 juramenta
2066 4472 2135 4526 “.

565 4568 824 4622 Similiter
877 4566 1158 4621 cumulum
1239 4564 1530 4635 quemdam
1587 4564 1829 4635 lapidum
1873 4574 2141 4620 vocarunt

562 4660 833 4737 tantulum
889 4659 1177 4713 testimonii
1200 4659 1267 4725 δ’,
1322 4656 1415 4727 qui
1475 4656 1685 4711 nullum
1721 4657 1902 4727 potuit
1954 4658 2139 4714 dicere

563 4750 961 4816 testimonium,
1009 4750 1101 4805 sed
1131 4749 1259 4820 quia
1291 4748 1435 4819 apud
1485 4749 1663 4819 ipsum
1703 4758 1922 4819 peracta
1960 4748 2139 4804 fuerat

565 4844 893 4899 contestatio
927 4842 1070 4896 inter
1102 4839 1271 4897 Iacob
1299 4849 1354 4895 et
1398 4839 1623 4896 Labam.
1664 4838 1911 4909 Denique
1965 4836 2140 4893 Jacob

564 4935 754 4989 Bethel
790 4934 1095 4989 nominavit
1122 4934 1411 4987 exercitum
1437 4931 1532 4986 Dei
1561 4930 1630 4996 δ’,
1666 4945 1790 4986 cum
1822 4931 1978 4986 locus
2026 4931 2143 5001 ipse

570 5027 717 5082 haud
763 5036 909 5082 esset
956 5028 1233 5081 exercitus
1270 5025 1388 5092 Dei,
1427 5040 1612 5079 verum
1646 5024 1772 5095 quia
1824 5023 1877 5077 in
1909 5038 1976 5077 eo
2022 5022 2142 5076 loco

569 5119 867 5172 exercitum
925 5117 1018 5172 Dei
1078 5118 1166 5172 ille
1227 5117 1472 5173 vidisset.
1537 5116 1927 5171 Adeumdem
1979 5114 2143 5184 igitur

568 5211 790 5265 modum
837 5211 1006 5264 arbor
1052 5210 1141 5263 illa
1192 5209 1573 5279 cognominata
1613 5216 1700 5262 est
1732 5207 1976 5263 scientiae
2014 5205 2144 5261 boni

567 5309 621 5353 et
670 5298 823 5359 mali.
866 5313 971 5353 non
1008 5299 1151 5369 quod
1188 5297 1303 5367 ipsa
1339 5298 1420 5353 vel
1475 5300 1526 5352 in
1566 5313 1629 5352 se
1660 5297 1821 5351 talem
1856 5298 2143 5353 scientiam

573 5389 826 5443 habuerit
862 5398 954 5442 aut
979 5405 1098 5444 eam
1134 5390 1186 5444 in
1227 5390 1439 5444 Adamn
1472 5388 1733 5451 eﬂ‘ecerit,
1771 5404 1877 5458 qua
1911 5388 1999 5443 hic
2027 5389 2143 5457 jam

571 5490 697 5534 ante
730 5481 987 5551 pollebat,
1024 5484 1115 5537 sed
1149 5483 1279 5552 quia
1329 5496 1424 5553 per
1470 5496 1590 5535 eam
1638 5482 1891 5536 arborem
1925 5491 2006 5536 est
2052 5480 2147 5536 ille

571 5572 747 5641 reipsa
792 5582 1074 5643 expertus,
1122 5584 1287 5644 atque
1322 5574 1405 5642 (ιιι
1455 5574 1525 5626 ita
1584 5572 1787 5642 dicam)
1845 5573 2143 5628 eﬂicienter

1410 5712 1423 5738 δ

642 5754 683 5784 τ’
709 5750 839 5807 Gen.
881 5767 996 5815 xm,
1040 5752 1087 5803 7.
1172 5750 1211 5780 *θ
1240 5753 1369 5805 Gen,
1416 5769 1521 5815 xxi,
1556 5754 1622 5812 '29
1656 5754 1741 5808 52.

1828 5758 1862 5787 δι
1889 5754 2023 5811 Gcn.
2066 5772 2217 5823 xxxi,
2249 5759 2335 5814 47.

2242 3196 2391 3251 tione
2414 3196 2481 3249 de
2505 3195 2703 3249 arbore
2731 3193 2875 3260 vita,
2917 3202 2973 3249 et
3004 3193 3161 3251 multi
3187 3193 3279 3248 alii
3304 3192 3625 3248 existimant
3649 3193 3818 3258 ticum

2241 3286 2417 3343 fuisse
2445 3301 2565 3341 eam
2597 3284 2876 3349 arborem,
2909 3300 3040 3354 qua,
3073 3300 3197 3339 cum
3225 3293 3372 3339 esset
3400 3284 3613 3339 Adamo
3644 3284 3821 3340 inter-

2240 3379 2469 3443 dictum,
2492 3392 2601 3431 non
2646 3377 2928 3433 abstinuit.
2968 3374 3105 3431 Huic
3146 3375 3429 3432 sententiae
3464 3390 3563 3429 nos
3593 3389 3817 3446 quoque

2238 3479 2297 3525 ut
2323 3484 2454 3526 vero
2498 3469 2748 3525 similiori
2775 3454 3197 3524 subscribimus.
3233 3465 3509 3523 Credibile
3536 3467 3684 3521 enim
3706 3474 3819 3530 est,

2238 3564 2402 3619 simul
2445 3570 2610 3631 atque
2659 3561 2726 3616 de
2758 3574 2821 3615 ea
2866 3559 3063 3615 arbore
3104 3558 3365 3622 edissent,
3395 3558 3603 3626 pudore
3632 3572 3821 3613 corre-

2238 3662 2379 3725 ptos,
2406 3668 2473 3707 ex
2502 3666 2569 3707 eo
2596 3651 2741 3722 quod
2779 3651 3029 3721 proxime
3062 3651 3129 3705 ad
3155 3664 3374 3705 manum
3402 3658 3544 3711 erat.
3568 3650 3814 3720 subliga-

2237 3746 2359 3813 cula
2390 3744 2495 3800 sibi
2524 3744 2939 3814 comparavisse
2975 3743 3178 3813 quibus
3207 3756 3307 3798 sua
3345 3740 3668 3797 obvelarent
3712 3756 3816 3811 pu-

2237 3838 2413 3896 denda
2439 3877 2454 3903 ,
2482 3852 2546 3893 ea
2591 3852 2722 3892 vero
2744 3852 2811 3892 ex
2842 3835 3090 3892 ﬁculneis
3121 3834 3269 3892 foliis
3315 3834 3485 3890 luisse
3534 3834 3676 3890 facta
3732 3842 3815 3889 te-

2244 3940 2423 3987 statur
2449 3929 2567 3999 ipsa
2618 3927 2902 3999 Scriptura
2934 3929 3002 3983 “.
3046 3926 3235 3998 Neque
3281 3927 3428 3982 enim
3475 3926 3656 3981 simile
3703 3924 3816 3981 veri

2238 4028 2419 4094 potest
2446 4019 2775 4085 existimari,
2807 4019 2952 4088 ipsos
2970 4018 3339 4091 praetermissa
3374 4031 3439 4071 ea
3458 4017 3657 4072 arbore
3694 4030 3816 4088 qua

2238 4113 2486 4186 proxima
2512 4120 2651 4180 erat,
2699 4111 2765 4167 ad
2812 4110 2972 4167 aliam
3008 4110 3350 4181 longiuscule
3373 4109 3623 4165 dissitam
3667 4108 3817 4164 [esti-

2241 4220 2438 4272 uasse;
2461 4219 2527 4260 ex
2553 4204 2714 4275 cujus
2745 4201 2889 4259 follis
2906 4203 3250 4259 concinnatis
3278 4200 3636 4271 subligaculis
3659 4214 3812 4257 suam

2240 4306 2590 4368 contegerent
2642 4295 2967 4351 nuditatem.
3012 4294 3079 4350 Et
3139 4308 3270 4364 ergo
3321 4294 3460 4349 licus
3514 4294 3682 4348 arbor
3726 4293 3817 4346 illa

2244 4390 2489 4447 scientia:
2518 4388 2646 4445 boni
2691 4402 2748 4445 et
2795 4388 2961 4454 mali;
3000 4401 3105 4456 qua
3137 4401 3247 4441 non
3286 4385 3429 4441 vesci
3470 4400 3595 4441 cum
3634 4393 3818 4439 essent

2241 4484 2403 4555 iussi,
2438 4496 2548 4537 non
2579 4487 2878 4553 paruerunt
2910 4479 3113 4533 edicto.
3153 4477 3291 4533 Sunt
3318 4488 3495 4531 tamen
3526 4477 3618 4546 qui
3652 4474 3817 4529 velint

2246 4572 2668 4641 haudquaquam
2715 4570 2877 4623 ticum
2928 4565 3118 4629 fuisse,
3187 4565 3282 4619 sed
3335 4563 3514 4632 potius
3564 4562 3812 4616 arborem

2246 4662 2559 4734 quampiam
2598 4660 2725 4715 novi
2764 4658 2985 4730 generis
3020 4666 3182 4726 atque
3222 4655 3489 4719 inusitati,
3525 4655 3686 4722 longe
3730 4668 3819 4706 re-

2247 4754 2420 4825 liquis,
2454 4749 2924 4821 praestantiorem;
2960 4746 3119 4816 cujus
3160 4744 3427 4801 fructibus
3473 4743 3815 4799 interdictum

2250 4844 2412 4899 fuerit
2441 4844 2647 4896 Adamo
2680 4857 2695 4893 :
2732 4841 2896 4907 idque
2959 4839 3062 4894 hac
3107 4838 3374 4907 colligunt
3425 4836 3658 4901 ratione,
3688 4835 3818 4905 quia

2248 4934 2485 5005 peccarit
2526 4932 2698 4984 Adam
2730 4928 2938 4983 edendo
2974 4938 3029 4985 et
3068 4928 3327 4982 multatus
3387 4926 3480 4981 sit.
3530 4915 3667 4979 Nam
3697 4925 3819 4978 vul-

2249 5029 2365 5100 gari
2394 5027 2688 5097 (inquiunt)
2726 5024 2905 5079 fructu
2952 5021 3244 5087 vescendo,
3281 5036 3458 5091 neque
3488 5018 3821 5091 peccavisset

2254 5120 2361 5183 ille,
2391 5134 2569 5187 neque
2614 5133 2828 5187 pinnam
2862 5116 3299 5171 commeruisset.
3334 5111 3536 5168 Verum
3582 5113 3648 5166 ad
3703 5113 3820 5165 haec

2245 5210 2636 5279 respotidemus
2670 5226 2683 5262 :
2716 5208 2851 5261 Cum
2901 5222 2991 5262 res
3036 5207 3218 5275 aliqua
3255 5206 3370 5277 lege
3410 5204 3680 5275 prohibita
3715 5213 3818 5264 est,

2248 5318 2357 5355 non
2384 5300 2459 5355 rei
2495 5302 2578 5355 vel
2607 5300 2974 5371 praestantiam
3020 5299 3449 5368 dignitatemque
3501 5297 3581 5350 vel
3619 5296 3820 5349 utilita-

2255 5402 2359 5449 tem
2398 5400 2562 5463 atque
2596 5393 2997 5465 indignitatem,
3028 5392 3153 5446 dum
3185 5402 3279 5445 aut
3314 5390 3495 5444 editur
3527 5399 3621 5445 aut
3656 5387 3820 5443 omit-

2254 5487 2386 5540 titur
2438 5484 2773 5556 quidquam,
2813 5484 3014 5540 referre
3050 5494 3144 5539 aut
3184 5483 3249 5536 ad
3295 5490 3571 5553 peccatum
3616 5489 3713 5535 aut
3754 5476 3818 5532 ad

2244 5577 2516 5646 justitiam
2564 5577 2643 5632 vel
2692 5577 2756 5631 ad
2804 5592 3015 5632 umnam
3072 5575 3440 5645 praemiumve,
3495 5574 3587 5627 sed
3647 5572 3818 5642 ipsam

2433 5761 2476 5793 δ’
2506 5760 2640 5820 Gen.
2675 5777 2843 5825 xxxu,
2875 5760 2964 5815 50.
3044 5760 3083 5791 δ’
3114 5758 3247 5814 Gen.
3281 5773 3358 5825 lli,
3393 5756 3442 5814 7.
