4008 6342
625 365 727 429 507

1899 331 2128 427 nosts
2163 363 2315 423 BAR
2355 362 2599 427 caena
3764 367 3846 431 sos

627 479 904 549 inquiunt,
950 480 1208 551 imposuit
1236 480 1377 537 Deus
1404 481 1613 536 Adamo
1648 480 1842 550 legem,
1870 492 2033 548 quam
2065 490 2198 547 prae-
2230 476 2277 534 Δ
2306 473 2395 529 illa
2421 476 2619 531 arbore
2646 482 2812 541 esset,
2856 476 2909 531 in
2944 477 3159 534 animas
3198 494 3388 535 eorum
3420 481 3512 551 qui
3556 480 3647 535 illo
3674 482 3851 537 aleren-

627 571 833 627 sciebat
880 573 1059 642 ipsum
1115 588 1224 628 non
1279 588 1403 629 esse
1453 570 1905 628 observaturum?
1953 570 2203 625 Proiecto

629 660 733 716 nisi
772 661 858 714 lex
903 660 977 715 illi
1022 660 1213 716 fuisset
1256 665 1403 727 data,
1442 661 1494 716 in
1541 660 1715 716 multo
1773 659 1951 728 majus
1997 656 2201 711 malum

636 753 944 817 incidisset,
976 767 1140 823 quam
1188 754 1377 810 incidit
1399 754 1567 809 Satan
1601 767 1617 807 :
1647 751 1947 823 praesertim
1987 765 2110 805 cum
2148 749 2201 804 in

630 856 742 897 tam
789 844 953 913 regali
990 856 1300 901 versaretur
1337 846 1557 915 palatio,
1590 846 1709 913 ipso
1744 842 1994 913 paradiso
2027 841 2207 896 omni-

629 933 734 988 bus
766 932 978 989 deliciis
1008 933 1280 1001 ailluente,
1324 934 1586 1005 imperata
1624 943 1707 988 est
1739 948 1870 1004 ergo
1902 933 1973 986 illi
2008 933 2089 987 lex
2115 931 2204 986 cui

634 1040 738 1079 non
766 1039 885 1086 erat
912 1006 1404 1094 obsecundatione,
1439 1042 1506 1082 ne
1537 1028 1589 1081 in
1617 1026 1796 1095 majus
1834 1024 2039 1079 malum
2073 1038 2206 1093 pro-

630 1118 931 1184 laberetur,
954 1135 1115 1191 quam
1140 1119 1265 1175 data
1291 1119 1405 1190 lege
1438 1119 1564 1173 ruit.
1603 1116 1741 1173 Sunt
1765 1131 1894 1171 vero
1914 1115 2035 1171 alia
2054 1129 2207 1172 com-

630 1212 814 1280 plures
877 1216 1114 1271 rationes
1163 1213 1581 1284 prazscribendze
1639 1213 1785 1266 illius
1836 1212 1971 1283 legis
2001 1228 2014 1265 :
2044 1224 2204 1281 quas,

630 1306 847 1360 volente
881 1306 1008 1369 Deo.
1039 1314 1164 1379 post
1195 1322 1385 1363 sumus
1408 1305 1748 1377 explicaturi.
2144 1310 2145 1313 ‘

705 1398 901 1453 Verum
937 1400 1218 1455 enimvero
1271 1408 1481 1469 quaerat
1558 1397 1793 1467 aliquis,
1861 1413 1961 1453 cur
2014 1396 2208 1453 Adami

631 1500 913 1559 peccatum
945 1492 1089 1561 quod
1121 1491 1339 1562 quidem
1372 1505 1479 1544 non
1510 1490 1797 1545 videbatur
1824 1490 2209 1562 gravissimum

632 1582 930 1637 durissima
974 1583 1054 1638 sit
1106 1597 1267 1652 paena
1334 1590 1653 1645 consecuta,
1691 1582 1803 1652 ipsa
1850 1596 2021 1637 mors.
2074 1579 2211 1636 Huic

629 1672 811 1742 primo
850 1670 1266 1742 rcSpondemus,
1309 1672 1482 1742 magis
1530 1671 1683 1725 illum
1730 1672 2014 1727 admisisse
2061 1670 2213 1741 ﬂagi-

631 1764 791 1829 tium,
838 1780 1003 1835 quam
1048 1765 1378 1836 pependisse
1429 1779 1643 1835 pmnam
1683 1763 2018 1835 :multiplici
2064 1763 2208 1819 enim

2308 578 2420 633 tur,
2448 570 2557 625 vim
2578 570 2872 641 quamdam
2911 572 3319 647 ellicaciamque
3349 578 3535 633 indere
3563 578 3807 643 divinam.
3832 596 3854 635 a

2307 662 2520 717 ueteris
2566 662 2762 718 anima:
2800 664 3009 722 viribus
3046 666 3355 733 diversam;
3402 670 3544 725 sicut
3600 674 3773 726 carnis
3807 688 3857 726 ac

2307 754 2420 810 vini
2448 755 2553 809 alia
2583 764 2669 811 est
2708 755 2762 810 in
2788 756 3029 813 humano
3059 760 3603 830 corpore'efﬁcientia
3632 803 3646 826 ,
3676 764 3773 817 alia
3796 763 3861 817 le-

2309 847 2594 919 guminum
2626 864 2641 902 :
2668 849 2875 918 quaevis
2922 850 3107 906 divina
3158 852 3561 923 ellicacitasque
3607 854 3800 908 bonum
3840 872 3863 909 a

2309 941 2456 996 malo
2480 950 2749 997 secernat.
2779 941 2979 998 Eadem
3012 944 3179 1014 igitur
3199 946 3361 1000 etiam
3392 946 3604 1001 ratione
3635 949 3866 1002 arborem

2308 1033 2434 1089 vita:
2468 1043 2741 1101 vocatam,
2766 1036 2891 1106 quia
2919 1038 3083 1091 vitam
3116 1038 3478 1114 immortalem
3518 1041 3871 1110 suppeditaret
3910 1104 3911 1109 η

2310 1125 2379 1182 iis
2412 1126 2505 1195 qui
2543 1141 2611 1181 ex
2660 1128 2774 1195 ipsa
2824 1126 3007 1181 cibum
3048 1130 3553 1199 nntrimentumque
3595 1138 3872 1199 raperent;
3910 1160 3913 1185 ι

2311 1217 2473 1288 idque
2508 1216 2691 1271 divina
2735 1218 2990 1287 quapiam
3030 1218 3337 1274 eﬂicientia.
3370 1218 3523 1275 lianc
3563 1221 3875 1276 sententiam
3910 1202 3915 1288 ίῖ

2313 1282 2493 1367 ﬁrmat
2530 1282 2827 1381 Numysi'us
2848 1282 3217 1381 philosophus
3260 1309 3610 1368 Christianus
3638 1313 3719 1368 sic
3752 1314 3880 1368 scri-
3910 1282 3919 1365 1η

2313 1399 2449 1454 bens
2484 1418 2498 1455 :
2537 1398 2619 1454 Ett
2662 1400 2831 1453 Adam
2876 1402 3038 1455 euasit
3072 1402 3247 1470 qualis
3276 1417 3410 1455 unus
3442 1419 3468 1457 e
3517 1402 3670 1457 nobis
3698 1404 3768 1457 ad
3802 1420 3882 1457 co-
3914 1386 3921 1431 Ἰ

2311 1490 2662 1563 gnoscendunt
2709 1492 2901 1545 bonum
2952 1502 3001 1546 et
3037 1493 3273 1557 malum;
3311 1509 3372 1547 ne
3437 1494 3605 1565 igitur
3646 1493 3884 1549 extendat

2312 1598 2533 1637 manum
2566 1599 2720 1637 suam
2746 1592 2797 1637 et
2832 1592 3009 1637 sumat
3036 1585 3100 1638 de
3126 1584 3312 1639 arbore
3339 1587 3485 1648 vim,
3518 1594 3882 1655 caueturque,

2312 1682 2362 1727 st
2392 1674 2529 1727 uiuat
2546 1685 2792 1741 perpetuo
2810 1671 2876 1726 ".
2892 1671 3010 1728 Non
3032 1672 3149 1729 haec
3168 1673 3382 1729 dicebat
3416 1673 3559 1730 Deus
3589 1689 3684 1745 per
3709 1675 3887 1730 odium
3930 1694 3931 1743 ᾖ

2317 1772 2481 1835 atque
2526 1764 2812 1828 invidiam,
2857 1765 2951 1819 sed
3001 1766 3132 1832 quia
3179 1761 3435 1836 indignus
3463 1762 3611 1821 esset
3650 1766 3890 1822 Adamas
3930 1756 3935 1825 Ξ

630 1834 900 1913 noxarum
927 1834 1135 1929 genere
1172 1858 1397 1914 rebellio
1434 1834 1529 1913 illa
1557 1857 1864 1920 constabat,
1898 1834 2213 1921 inscientia,
2248 1834 2287 1888 Β
2319 1834 2410 1925 qui
2443 1856 2606 1910 vitam
2641 1858 3028 1925 sempiternam
3061 1834 3504 1925 consequeretur,
3536 1856 3744 1925 quippe
3772 1870 3893 1912 com
3930 1838 3939 1937 ξ

630 1965 837 2016 errore,
866 1949 1147 2020 superbia,
1187 1949 1592 2013 incredulitate,
1632 1948 1929 2011 calumnia,
1964 1958 2213 2003 contem-

629 2052 725 2110 ptu
765 2041 1024 2111 denique.
1080 2040 1372 2097 lnscientia
1419 2040 1639 2111 quidem
1676 2082 1691 2104 ,
1742 2040 1868 2109 quia
1932 2039 2209 2108 iumentis,

632 2133 934 2203 bestiisque
964 2133 1163 2189 similis
1199 2134 1394 2199 evasit,
1427 2134 1527 2204 qui
1558 2132 1765 2202 alioqui
1807 2132 2074 2203 sapientia
2127 2141 2215 2185 at-

630 2238 738 2293 que
776 2224 990 2279 ratione
1042 2224 1296 2295 pollebat.
1337 2223 1534 2279 Errare
1564 2239 1715 2286 vero.
1742 2223 1939 2293 quippe
1968 2221 2215 2278 insidiosi

631 2314 951 2385 itnpostoris
990 2314 1075 2369 sui
1108 2315 1290 2370 verbis
1342 2315 1602 2370 seductus
1632 2323 1735 2371 est.
1774 2314 2042 2385 Superbia
2071 2328 2214 2384 quo-

633 2423 763 2476 quc,
804 2423 928 2463 nam
955 2407 1301 2463 divinitatem
1332 2407 1639 2463 aﬂectabat.
1670 2406 1896 2478 insuper
1924 2406 2220 2462 increduli-

629 2508 760 2565 tate,
796 2513 907 2554 non
938 2499 1205 2555 credebat
1222 2500 1368 2555 enim
1400 2510 1663 2555 eventura
1694 2515 1758 2555 ea
1793 2516 1915 2571 qua:
1950 2499 2055 2555 sibi
2083 2514 2219 2555 suus

629 2582 883 2646 conditor
907 2591 1193 2655 Deus_erat
1212 2591 1617 2648 interminatus.
1637 2590 1936 2647 Calumniis
1960 2592 2218 2662 denique,

633 2694 689 2737 ut
722 2683 919 2753 quibus
950 2683 1042 2739 ille
1072 2698 1235 2740 suum
1279 2694 1364 2740 est
1411 2685 1719 2740 insectatus
1759 2692 2063 2754 parentem.
2112 2684 2218 2739 Po-

631 2786 840 2830 stremo
894 2776 1058 2830 etiam
1138 2786 1497 2847 contemptu;
1561 2792 1685 2831 nam
1736 2776 2055 2846 imperatam
2113 2777 2219 2833 sibi

633 2869 805 2937 legem
838 2867 1145 2937 vilipendit,
1176 2869 1401 2938 sprevit,
1432 2869 1688 2938 neglexit.
1712 2867 1895 2938 Neque
1923 2868 2067 2925 enim
2101 2884 2221 2925 sce-

632 2961 765 3016 leris
791 2960 939 3016 illius
964 2960 1374 3016 existimatione
1404 2961 1733 3028 spectandus
1764 2969 1847 3015 est
1867 2961 2026 3015 cibus
2054 2976 2218 3031 quem

633 3055 890 3123 sumpsit.
924 3053 1019 3109 sed
1050 3054 1193 3123 quod
1219 3063 1405 3124 spreto
1433 3069 1535 3109 suo
1572 3053 1829 3110 eﬂ‘ectore
1878 3052 2012 3119 Deo,
2042 3054 2206 3124 bujus

2320 1959 2402 2003 tra
2435 1964 2594 2019 quem
2636 1948 2747 2019 jam
2781 1957 2906 2003 ante
2940 1948 3045 2002 lata
3090 1948 3269 2003 fuerat
3316 1950 3587 2004 sententia
3620 1967 3634 2004 :
3675 1947 3750 2002 In
3779 1950 3895 2019 ραι·
3930 1946 3941 2033 1

2316 2058 2489 2097 verem
2516 2042 2786 2097 reverteris
2809 2041 3140 2101 ".Semovit
3180 2042 3361 2112 itaque
3410 2041 3561 2096 illum
3590 2043 3659 2097 ab
3708 2042 3898 2097 arbore
3940 2064 3943 2069 λ

2318 2133 2463 2197 vitae,
2501 2148 2569 2188 ne
2600 2132 2668 2188 de
2707 2132 2796 2187 illa
2834 2132 3016 2187 cibum
3058 2142 3310 2188 sumeret
3342 2151 3355 2190 :
3383 2134 3475 2205 qui
3516 2135 3672 2189 cibus
3717 2135 3900 2189 divino

2320 2228 2543 2281 decreto
2592 2225 2665 2280 illi
2716 2234 2863 2282 esset
2893 2226 3180 2281 adversus.
3206 2224 3330 2281 Haec
3378 2225 3468 2281 ille
3512 2225 3897 2297 philosophus.
3950 2294 3951 2297 η

2321 2318 2522 2389 quibus
2549 2319 2683 2375 satis
2712 2318 2891 2374 innuit
2930 2318 3249 2373 existimare
3280 2332 3361 2382 se,
3412 2306 3685 2388 eiusmodi
3740 2317 3903 2373 fuisse

2320 2425 2441 2465 eam
2462 2410 2719 2466 arborem
2741 2420 2801 2466 ut
2825 2411 2991 2465 vitam
3014 2410 3169 2491 daret
3191 2410 3258 2466 iis
3277 2409 3367 2481 qui
3399 2410 3576 2481 ipsam
3596 2420 3899 2491 gustarem.

2322 2500 2588 2557 Dominus
2611 2514 2741 2554 vero
2773 2497 3014 2555 Jacobus
3047 2497 3400 2570 Sarugensis,
3426 2499 3676 2555 oratione
3710 2516 3821 2554 sua
3846 2502 3905 2556 de

2320 2593 2494 2662 eiecto
2533 2591 2745 2647 Adamo
2762 2605 2828 2645 ex
2858 2592 3132 2661 paradiso,
3152 2592 3284 2647 dicit
3326 2591 3439 2646 lleri
3466 2606 3629 2660 posse
3654 2600 3718 2646 ut
3749 2592 3907 2647 arbor

2324 2685 2416 2740 illa
2450 2685 2617 2739 vitam
2644 2684 2879 2741 allatura
2908 2683 3075 2739 fuerit
3110 2683 3479 2738 immortalem
3520 2682 3737 2738 Adamo
3766 2684 3816 2738 si
3849 2685 3909 2737 de

2322 2792 2385 2832 ea
2416 2777 2636 2837 edisset.
2688 2785 2974 2847 propterea
3013 2776 3160 2846 quod
3228 2774 3554 2844 mysterium
3603 2774 3910 2831 Christi-in

2322 2871 2413 2926 illa
2442 2870 2653 2932 lateret.
2695 2884 2760 2923 ac
2801 2868 3031 2940 proinde
3068 2868 3285 2923 occulta
3330 2866 3566 2935 quadam
3612 2864 3914 2921 eﬂicientia

2320 2962 2498 3033 ipsius
2551 2962 2763 3016 fructus
2812 2959 3063 3029 ramique
3116 2958 3429 3029 pollerent,
3474 2972 3598 3013 cum
3653 2958 3937 3015 Christutv

2324 3056 2442 3125 ipse
2469 3063 2662 3124 suapte
2691 3064 2885 3107 natura
2910 3053 3016 3107 vita
3056 3049 3147 3114 sit,
3169 3064 3233 3105 ac
3270 3050 3581 3120 ubicunque
3630 3049 3722 3105 ille
3759 3051 3918 3107 adest

628 3145 787 3216 jussa
818 3146 1072 3201 violarit:
1093 3156 1284 3202 contra
1308 3162 1440 3201 vero
1466 3145 1712 3201 insidiosi
1740 3144 1917 3201 hostis
1948 3145 2031 3201 sui
2054 3146 2220 3202 verba
2246 3183 2291 3243 ο
2328 3146 2381 3201 in
2415 3147 2741 3217 propinquo.
2776 3144 2929 3200 illinc
2959 3144 3115 3214 longe
3142 3142 3284 3197 absit
3317 3157 3489 3197 mors.
3516 3139 3585 3196 Et
3604 3157 3741 3197 vero
3777 3144 3917 3198 bane

610 3240 824 3309 .magni
859 3238 1088 3305 fecerit;
1128 3240 1179 3295 id
1212 3255 1344 3295 vero
1368 3240 1421 3294 in
1459 3241 1725 3295 rationem
1759 3241 2065 3303 vocandum
2114 3250 2221 3307 est,

634 3333 760 3387 inde
777 3330 1062 3402 ﬂagitium.
1086 3332 1221 3387 illud
1246 3348 1501 3405 magnum
1528 3332 1702 3390 [uitet
1719 3336 2039 3406 gravissima
2064 3350 2223 3407 paena

635 3424 895 3495 piandum
932 3439 1041 3480 non
1074 3424 1130 3480 in
1161 3425 1290 3480 Ade
1319 3434 1483 3496 caput
1532 3421 1746 3492 solum,
1780 3427 1876 3483 sed
1916 3428 1970 3483 in
2000 3444 2221 3484 omnem

636 3533 867 3587 prorsus
908 3518 1285 3588 posteritatem
1322 3527 1636 3589 propagata.
1657 3517 1817 3575 Sicut
1849 3530 1903 3575 et
1923 3518 2095 3586 Esau,
2126 3519 2221 3591 qui

637 3612 720 3678 (ut
750 3611 826 3665 ait
861 3610 1159 3681 Apostolus
1182 3611 1255 3680 ")
1296 3627 1397 3665 non
1432 3611 1627 3665 invenit
1662 3611 1836 3665 locum
1858 3614 2221 3683 pcniten'tic;

640 3718 747 3759 non
779 3719 935 3770 sane,
965 3702 1095 3772 quia
1144 3717 1258 3757 rem
1303 3704 1617 3774 quampiam
1667 3704 1986 3759 inusitatam
2036 3720 2225 3760 come-

638 3798 811 3853 disset
858 3797 1053 3867 (lentes
1097 3796 1243 3851 enim
1295 3797 1458 3851 modo
1486 3796 1721 3863 ederat),
1750 3798 1842 3852 sed
1885 3798 2030 3868 quod
2078 3788 2223 3853 esset

640 3906 756 3946 suae
803 3890 1215 3946 obsecundatus
1259 3890 1568 3960 cupiditati,
1615 3898 2008 3961 auctoremque
2056 3906 2219 3945 suum

641 3983 809 4038 Deum
844 3982 1289 4053 contempsisset.

1228 4072 1460 4131 CAPUT
1497 4072 1620 4131 XX.

715 4170 846 4233 Quir
873 4170 1037 4237 fuerit
1090 4170 1251 4223 arbor
1281 4169 1377 4223 illa
1420 4170 1542 4223 uita
1573 4170 1623 4222 in
1661 4168 1832 4223 studio
1874 4169 2127 4239 paradiso
2173 4173 2224 4221 et

640 4279 739 4317 cur
760 4264 880 4316 vita:
906 4264 1068 4316 arbor
1091 4263 1161 4317 sit
1194 4271 1399 4317 vocata.
1431 4262 1707 4333 Scriptum
1736 4274 1817 4317 est
1857 4264 1909 4315 in
1954 4264 2092 4318 libro
2118 4260 2225 4316 Ge-

642 4372 837 4411 neseos
868 4373 883 4409 :
914 4359 983 4409 Et
1016 4366 1384 4423 procreaverat
1418 4356 1673 4409 Dominus
1706 4356 1846 4409 Deus
1874 4371 1901 4409 e
1944 4365 2085 4409 terra
2114 4371 2228 4408 om-

642 4467 757 4504 nem
790 4452 1030 4503 arboreta
1052 4452 1163 4503 visa
1187 4449 1548 4517 appetibilem,
1568 4461 1615 4503 et
1653 4450 1704 4502 in
1730 4442 2226 4516 cibum‘pulchram;

2325 3238 2656 3296 sententiam
2706 3238 2783 3292 ait
2847 3236 3186 3291 Philoxenus
3238 3233 3584 3305 Mabugensis
3646 3249 3706 3289 se
3768 3238 3919 3291 nolle

2327 3328 2670 3400 oppugnare,
2701 3342 2828 3383 cum
2858 3325 3046 3381 credat
3075 3324 3188 3380 Deo
3216 3324 3398 3379 omnia
3427 3339 3551 3379 esse
3584 3323 3732 3379 iactu
3774 3324 3920 3380 faci-

2326 3424 2419 3480 lia.
2456 3423 2725 3480 Caeterum
2757 3420 2848 3477 alii
2878 3420 3152 3487 doctores,
3192 3433 3333 3491 quos
3380 3433 3479 3474 nos
3529 3418 3796 3475 libentius
3825 3435 3921 3473 se-

2326 3518 2575 3589 quimur,
2607 3513 2782 3578 aiunt,
2814 3512 2958 3569 baud
2994 3511 3113 3580 ideo
3145 3511 3293 3582 quod
3330 3511 3515 3568 vitam.
3548 3510 3667 3581 ipsa
3724 3510 3925 3565 conci-

2327 3610 2485 3666 liaret
2510 3606 2881 3671 vescentibus,
2910 3612 3155 3660 vocatam
3184 3618 3308 3659 esse
3339 3603 3459 3658 vita:
3476 3603 3726 3657 arborem
3761 3602 3927 3674 (per-

2328 3702 2454 3758 inde
2500 3701 2647 3757 enim
2681 3686 2835 3755 rudis
2866 3711 2930 3757 ac
2960 3696 3112 3753 stulti
3166 3694 3366 3767 ingenii
3405 3708 3550 3760 esse,
3597 3694 3927 3748 existimare

2327 3795 2579 3851 arborem
2633 3790 2798 3846 ullam
2837 3788 2969 3846 boni
3023 3788 3263 3857 malique
3312 3787 3678 3857 cognitionem
3723 3785 3923 3855 largiri

2326 3900 2487 3957 posse
2523 3884 2590 3939 iis
2626 3897 2657 3937 a
2695 3880 2896 3951 quibus
2928 3879 3181 3935 ederetur
3208 3896 3223 3933 :
3254 3887 3308 3933 et
3343 3892 3463 3933 esse
3491 3878 3741 3931 arborem
3763 3915 3781 3939 ,
3809 3891 3927 3945 qua

2326 3979 2372 4033 si
2404 3991 2654 4040 vescare,
2678 3972 2884 4030 evadas
2906 3969 3283 4040 immortalis),
3318 3970 3412 4025 sed
3453 3969 3524 4024 ob
3571 3968 3646 4034 id,
3695 3968 3806 4023 boc
3841 3966 3931 4022 illi

2329 4084 2529 4125 nomen
2562 4082 2594 4121 a
2628 4065 2737 4121 Deo
2767 4064 2954 4119 datum
2985 4075 3129 4127 esse,
3166 4075 3277 4131 quo
3326 4059 3573 4115 Adamus
3604 4060 3669 4113 ad
3708 4073 3931 4129 pam-

2328 4162 2458 4217 dum
2512 4158 2839 4229 praescripta
2905 4155 3012 4210 sibi
3068 4153 3170 4224 legi
3215 4151 3571 4207 animare-tur.
3607 4150 3740 4205 Nam
3790 4166 3926 4205 cum

2329 4256 2500 4310 soleat
2528 4251 2731 4323 quaevis
2759 4249 2843 4304 lex
2872 4246 3085 4303 duabus
3123 4230 3234 4301 fere
3267 4244 3468 4299 muniri
3496 4244 3679 4306 rebus,
3739 4258 3927 4312 paena

2331 4349 2545 4403 scilicet
2608 4341 3058 4405 denuntiatione,
3111 4347 3165 4393 et
3221 4337 3430 4407 premii
3495 4336 3923 4406 pollicitatione,

2329 4416 2561 4510 quarum
2602 4436 2691 4490 illa
2742 4429 3238 4503 przevaricationem
3262 4468 3277 4491 ,
3313 4428 3428 4482 ba-c
3468 4427 3913 4481 observationem

641 4544 811 4612 ipsam
853 4545 1013 4596 etiam
1059 4542 1297 4594 arborem
1325 4543 1441 4595 vitae
1470 4542 1524 4594 in
1552 4544 1720 4595 medio
1754 4542 2029 4609 paradiso,
2061 4550 2111 4594 et
2138 4558 2217 4595 ar-

2323 4516 2619 4584 comitetnr
2665 4523 3035 4597 (nequeenim
3084 4522 3267 4574 minus
3303 4518 3487 4573 deberi
3514 4517 3729 4573 videtur
3778 4532 3930 4585 prr-

638 4638 819 4690 borem
844 4637 1078 4689 scientia:
1119 4636 1241 4687 boni
1267 4646 1314 4688 et
1346 4634 1473 4687 mali
1491 4635 1558 4696 ”,
1588 4644 1694 4688 etc.
1728 4632 1799 4687 De
1838 4632 2033 4687 arbore
2055 4634 2231 4688 scien-

643 4728 733 4780 tiae
770 4724 894 4777 boni
925 4734 975 4776 et
1014 4723 1141 4775 mali
1174 4724 1313 4776 satis
1343 4737 1373 4775 a
1410 4723 1567 4775 nobis
1608 4722 1722 4791 jam
1747 4719 1951 4775 dictum
1992 4728 2095 4787 est,
2140 4736 2233 4776 su-

646 4827 828 4889 perest
883 4818 1050 4886 igitur
1082 4826 1142 4869 ut
1172 4816 1239 4870 de
1268 4816 1467 4869 arbore
1509 4814 1632 4868 vita:
1675 4830 1819 4868 nunc
1871 4816 2229 4880 disseramus,

647 4916 715 4966 de
746 4913 849 4981 qua
876 4912 988 4965 duo
1020 4912 1135 4964 haec
1174 4910 1401 4963 veniunt
1431 4907 1782 4977 disquirenda
1818 4924 1832 4961 :
1861 4924 1958 4961 cur
1987 4908 2113 4962 vita:
2145 4924 2234 4961 ar-

645 5003 747 5055 bor
777 5011 1022 5068 vocetur,
1056 5011 1111 5055 et
1141 5000 1445 5070 cujusmodi
1480 5003 1643 5052 arbor
1670 4997 1786 5065 ipsa
1816 4998 1908 5052 sit.
1952 4999 2091 5051 Sunt
2138 5013 2234 5051 au-

650 5108 759 5151 tem
796 5096 887 5165 qui
918 5095 1039 5149 ideo
1068 5095 1193 5148 vita:
1219 5095 1469 5148 arborem
1505 5092 1828 5162 appellatam
1867 5100 2055 5162 putent
2086 5089 2232 5159 quod

648 5208 711 5245 ea
747 5199 891 5245 esset
928 5191 1097 5259 ipsius
1126 5190 1369 5244 conditio
1401 5198 1568 5257 atque
1608 5200 1801 5243 natura
1832 5197 1891 5240 ut
1926 5186 2092 5238 vitam
2134 5184 2237 5236 im-

652 5286 939 5340 mortalem
979 5285 1046 5338 iis
1076 5283 1393 5337 conciliaret
1430 5284 1519 5354 qui
1567 5298 1623 5337 se
1656 5291 2036 5343 vescerentur;
2085 5278 2233 5331 enim

654 5395 783 5435 vero
810 5382 860 5434 bi
893 5381 1146 5435 arborem
1185 5378 1427 5432 scientiae
1453 5377 1577 5429 boni
1613 5384 1666 5429 ct
1692 5374 1841 5437 mali,
1874 5372 1987 5443 pari
2016 5385 2235 5441 quoque

653 5471 865 5527 ratione
888 5472 1086 5525 dictam
1121 5470 1333 5535 volunt,
1363 5468 1490 5539 quia
1538 5468 1907 5538 cognitionem
1940 5465 2066 5519 boui
2123 5480 2239 5517 ma-

653 5570 801 5635 lique
832 5567 901 5618 iis
932 5574 1142 5634 pareret
1174 5565 1268 5633 qui
1317 5563 1490 5633 ipsam
1540 5562 1783 5627 ederent,
1825 5561 2119 5628 cibumque
2170 5573 2235 5610 ex

650 5679 713 5717 ea
751 5668 1041 5731 caperent;
1104 5673 1224 5711 nam
1280 5660 1486 5725 Deum,
1526 5672 1620 5727 per
1648 5672 1772 5710 cum
1816 5656 1996 5709 cibum
2039 5654 2133 5723 qui
2170 5667 2234 5706 ex

726 5847 768 5877 "
800 5847 965 5903 ilcbr.
1020 5858 1115 5909 att,
1156 5841 1237 5895 l'i.
1315 5841 1514 5897 "ch.
1551 5857 1611 5908 tt,
1638 5841 1691 5897 9.
1769 5840 1811 5871 "‘
1841 5839 1974 5894 Gen.
2020 5852 2101 5900 ill,
2133 5836 2222 5889 τινὶ.

2333 4623 2501 4676 miunt
2533 4622 2599 4675 iis
2628 4619 2719 4689 qui
2752 4619 3170 4684 obtemperant,
3198 4627 3360 4682 quam
3413 4610 3579 4665 multa
3611 4612 3677 4664 iis
3703 4612 3799 4679 qui
3837 4626 3929 4662 re-

2334 4712 2556 4783 bellant)
2592 4712 2810 4779 lataque
2839 4723 2869 4761 a
2914 4706 3025 4760 Dco
3070 4706 3155 4760 lex
3196 4713 3361 4767 esset,
3416 4719 3482 4757 ne
3525 4704 3693 4756 Adam
3747 4702 3822 4755 de
3863 4716 3927 4755 ea

2334 4808 2530 4861 arbore
2558 4820 2680 4874 quae
2709 4801 2951 4857 scientiae
2996 4799 3119 4851 boni
3155 4806 3208 4852 et
3237 4796 3361 4851 mali
3394 4796 3701 4864 dicebatur,
3733 4804 3931 4864 guSta-

2335 4908 2437 4965 ret,
2484 4906 2537 4952 et
2592 4892 2966 4966 praevaricanti
3016 4906 3171 4960 pinna
3218 4889 3506 4958 prostituta
3552 4881 3664 4955 ipsa
3715 4902 3874 4940 mors
3912 4902 3926 4937 :

2338 4993 2455 5057 Qua
2483 4993 2620 5044 enim
2658 4988 2762 5051 die,
2793 4985 2986 5056 inquit,
3027 4984 3090 5037 de
3125 4982 3221 5036 illa
3248 4981 3443 5042 aderis,
3474 4988 3689 5033 mortem
3728 4978 3933 5038 abibis;

2337 5086 2606 5152 reliquum
2668 5087 2826 5142 erat,
2883 5090 2942 5131 ut
2986 5076 3263 5147 praemium
3309 5071 3471 5125 etiam
3517 5070 3933 5142 promitteretnr

2337 5174 2652 5232 observanti
2702 5173 2895 5241 legem.
2931 5172 3119 5237 itaque
3158 5165 3299 5219 Deus
3330 5164 3774 5219 'commonstrata
3820 5162 3934 5214 alia

2338 5274 2533 5337 arbore
2566 5285 2686 5339 qua:
2721 5266 2775 5319 in
2808 5261 3113 5318 meditullio
3145 5258 3377 5327 paradisi
3430 5266 3568 5320 sata,
3604 5270 3800 5326 magno
3835 5271 3937 5307 ex-

2340 5367 2519 5419 stabat
2558 5361 2790 5431 insignis
2819 5359 3033 5415 decore,
3070 5352 3191 5405 vitte
3243 5364 3362 5404 eam
3400 5346 3711 5418 appellavit,
3761 5343 3939 5414 quasi

2340 5458 2591 5511 diceret:
2628 5454 2685 5507 Si
2736 5452 2803 5506 ab
2864 5450 2954 5502 illa
3008 5448 3202 5499 arbore
3257 5442 3503 5497 scientiae
3533 5440 3658 5493 boni
3706 5448 3764 5494 et
3800 5435 3944 5489 mali

2343 5563 2395 5606 te
2462 5547 2824 5609 continueris,
2871 5543 3079 5613 legique
3127 5554 3257 5594 mea:
3306 5531 3793 5603 obtemperaveris,
3871 5545 3947 5582 cn

2346 5646 2443 5702 tibi
2486 5647 2737 5697 arborem
2784 5640 2904 5693 vita:
2936 5636 3001 5693 de
3031 5653 3135 5706 qua
3169 5634 3319 5695 cdes,
3355 5630 3612 5698 vivesque
3645 5626 3699 5680 in
3736 5638 3918 5695 perpe

2301 5832 2345 5863 ³³
2380 5829 2510 5887 ibid.
2553 5828 2630 5882 i9.
