4008 6342
89 444 183 512 509
1193 452 1293 513 DE
1334 449 1736 513 PARADISO.
1780 476 1852 487 —
1887 451 2082 514 PARS
2121 450 2174 514 ῐ.
2764 515 2771 524 ,
2997 445 3003 453 ’
3216 448 3336 512 510

86 573 242 617 tuum.
276 559 378 618 Pro
409 561 748 617 cohortando
785 561 950 634 igitur
1002 563 1211 619 Adamn
1237 565 1303 619 ad
1333 564 1637 635 obsequen-
1668 573 1710 629 Α
1743 563 1991 630 duraret,
2037 564 2141 619 hac
2189 569 2405 634 gustata
2463 560 2720 618 evaderet
2763 561 3132 618 immortalis?
3165 561 3335 630 Igitur

81 655 199 712 dum
247 656 368 726 legi,
427 665 621 710 vocata
663 657 773 710 est'
803 657 964 711 arbor
1028 657 1118 712 illa
1170 658 1296 712 vitae
1343 659 1526 723 arhor,
1587 669 1647 714 ut
1747 671 1810 711 ex
1850 657 1916 712 iis
1966 673 2088 727 qua»
2125 655 2237 724 jam
2290 655 2432 710 dicta
2481 663 2630 720 sunt,
2668 655 2877 710 clarum
2907 663 3023 720 est,
3059 655 3182 710 ideo
3209 654 3336 708 vitae

80 758 324 819 quantum
353 749 544 804 mortis
584 748 803 804 nomine
839 765 868 804 a
897 750 1209 805 rebellando
1229 751 1600 806 ilctcrreretur
1627 791 1642 816 ,
1749 764 1942 804 nomen
1985 764 2015 803 a
2049 745 2158 802 Deo
2208 745 2392 800 arbori
2445 747 2521 801 illi
2551 762 2674 803 esse
2719 747 2977 811 inditum,
3009 755 3067 800 ut
3111 761 3178 801 en
3225 763 3332 801 non

86 847 282 893 tantum
314 832 436 891 vitae
465 837 731 893 vocabulo
772 839 836 893 ad
890 839 1189 910 parendum
1245 837 1642 906 impelleretur;
1748 842 1934 896 minus
1960 841 2230 894 Adamum
2252 837 2320 895 ad
2349 829 2746 894 observandam
2771 840 2886 912 jam
2933 848 3048 894 tum
3087 839 3335 911 praescri-

91 947 253 1002 eaque
289 932 459 1000 gratia
506 933 786 1002 premium
841 947 1061 1003 quoque
1103 931 1258 1002 plane
1307 947 1375 986 ex
1417 931 1645 985 adverso
1746 941 1893 1004 ptam
1923 949 1950 986 a
1979 947 2039 988 se
2073 932 2247 1001 legem
2279 932 2550 987 animaret
2581 943 2744 1002 atque
2767 950 3098 1004 propensum
3137 933 3335 988 redde-

83 1040 244 1096 paena!
282 1025 656 1095 responderet,
688 1037 743 1081 et
777 1026 883 1100 vita
929 1026 1112 1080 morti.
1142 1024 1289 1079 Hanc
1320 1024 1641 1082 sententiam
1745 1035 1851 1086 ret,
1909 1038 2074 1094 quam
2107 1023 2281 1100 paulo,
2315 1034 2440 1078 ante
2482 1021 2679 1078 mortis
2720 1025 2940 1081 nomine
2962 1041 2993 1080 a
3024 1025 3339 1081 rebellando

79 1117 255 1190 probat
281 1117 442 1172 etiam
475 1119 633 1174 divus
678 1098 932 1182 Severus,
963 1122 1209 1175 oratione
1265 1121 1354 1184 35,
1406 1119 1471 1173 de
1524 1115 1644 1188 epi-
1744 1117 2101 1172 deterruerat.
2126 1114 2232 1172 Sed
2257 1098 2370 1171 haec
2393 1117 2460 1172 de
2486 1117 2728 1173 nominis
2755 1119 2972 1172 ratione
2995 1119 3128 1174 satis
3150 1127 3338 1175 sunto.

80 1211 304 1278 thronio,
338 1212 430 1266 ubi
457 1212 524 1267 de
557 1226 720 1266 cruce
767 1212 966 1269 Christi
1021 1213 1249 1283 loquens
1301 1213 1376 1266 ait
1411 1211 1642 1265 :‘Altera
1746 1208 1901 1276 Quod
1933 1225 2101 1280 porro
2129 1216 2323 1275 restat,
2355 1209 2517 1277 cujus
2563 1225 2623 1264 ea
2673 1210 2840 1264 arbor
2883 1211 3099 1280 generis
3153 1211 3338 1274 fuerit,

78 1319 198 1358 vero
223 1303 312 1357 illa
337 1303 479 1371 (vitae
505 1303 754 1356 arborem
789 1303 933 1373 dico)
971 1303 1197 1374 gloriam
1234 1302 1363 1356 Adae
1399 1298 1641 1369 paritura
1745 1303 2016 1360 nemiuem
2074 1302 2254 1358 adhuc
2308 1302 2593 1360 doctorum
2661 1304 2907 1358 nuntium
2957 1302 3188 1376 legimus
3241 1305 3336 1375 qui

76 1404 201 1458 erat,
232 1395 335 1450 nisi
405 1395 493 1448 ille
557 1393 924 1463 intempestivi
969 1395 1226 1464 cupidine
1295 1393 1401 1448 eihi
1442 1392 1637 1456 victus,

1746 1397 1924 1468 qualis
1974 1395 2150 1470 rcipsa
2205 1404 2370 1466 atque
2420 1395 2556 1450 adeo
2611 1396 2857 1464 corporis
2904 1396 3092 1451 habitu
3143 1394 3329 1457 fuerit,

81 1503 177 1541 non
210 1487 480 1558 paruisset
517 1487 717 1542 edicto.
745 1496 853 1542 etc.
889 1487 958 1542 At
990 1487 1134 1541 enim
1185 1496 1388 1556 qua'ret
1419 1485 1638 1554 aliquis,
1743 1489 2071 1560 explicarit;
2115 1503 2238 1542 nam
2267 1488 2359 1557 qui
2410 1487 2638 1559 mystice
2673 1487 3163 1558 interpretarentur
3187 1486 3342 1539 inve-

78 1595 168 1634 cur
201 1594 305 1634 non
343 1580 526 1649 potius
555 1594 805 1650 regnum,
841 1589 935 1634 aut
972 1579 1282 1650 incorrupta
1328 1575 1641 1632 immutabi-
1751 1583 1935 1637 "intus
1963 1579 2299 1649 complures,
2331 1587 2385 1634 et
2418 1593 2518 1633 nos
2549 1591 2768 1649 quoque
2802 1574 2911 1633 Deo
2943 1575 3089 1644 freti,
3119 1576 3341 1648 quando

77 1673 240 1742 lisque
266 1673 510 1730 conditio
558 1675 682 1728 vitae
709 1674 972 1744 promissa
1003 1673 1074 1730 sit
1096 1673 1246 1739 Adae,
1271 1671 1316 1728 si
1353 1670 1494 1726 foret
1524 1683 1641 1723 mn-
1742 1674 1797 1730 in
1834 1672 2014 1745 operis
2045 1671 2208 1742 hujus
2260 1685 2553 1740 progressu
2597 1668 2910 1741 paradisum
2965 1669 3202 1736 figurare
3247 1683 3343 1724 ex-

76 1766 296 1836 rigerus.
326 1767 430 1820 Sed
465 1766 860 1836 respondemus
914 1782 1172 1838 capacem
1205 1765 1354 1820 illum
1392 1764 1642 1835 perfectae
1743 1767 2067 1838 plicahimus
2094 1805 2111 1830 ,
2143 1780 2206 1821 ea
2239 1779 2362 1835 qua:
2390 1762 2456 1817 ad
2491 1775 2695 1817 arcana
2727 1761 2890 1832 hujus
2921 1762 3140 1816 arboris
3179 1775 3341 1817 sensa

75 1855 390 1926 disciplinae,
421 1855 585 1909 simul
616 1865 779 1927 atque
804 1857 1054 1912 conditus
1083 1865 1217 1921 erat,
1248 1871 1370 1911 esse
1403 1865 1510 1910 non
1545 1869 1640 1923 pn-
1749 1867 2040 1929 spectant,
2074 1872 2433 1928 exponemus.
2472 1855 2710 1925 Ingenue
2745 1855 2910 1926 igitur
2940 1856 3176 1910 fatemur
3202 1869 3342 1910 unn-

77 1947 234 2003 tuisse
269 1946 396 2033 (.P).
449 1945 505 2002 Si
535 1948 679 2004 enim
715 1957 837 2019 post
868 1949 1172 2004 universam
1225 1948 1370 2004 illam
1422 1947 1555 2020 legis
1595 1957 1647 2003 et
1679 1929 1722 1984 Β
1751 1954 1878 2008 dum
1913 1951 2172 2008 didicisse
2207 1964 2315 2005 nos
2344 1949 2652 2019 qualisnam
2685 1948 2852 2002 arbor
2885 1946 3047 2002 fuerit
3072 1961 3194 2016 qua:
3219 1945 3345 2002 vitat

74 2036 448 2108 prophetarum
478 2039 806 2111 doctrinam,
834 2038 1146 2108 Judmorum
1181 2041 1402 2111 quidam
1429 2041 1484 2095 in
1511 2039 1649 2095 Sad-
1747 2044 2082 2110 vocabatur,
2137 2042 2358 2097 interim
2415 2049 2764 2111 corporatam
2815 2053 3004 2095 revera
3066 2037 3344 2096 exstitisse

73 2129 401 2197 ducanrum,
429 2110 740 2197 ut‘vocant,
788 2141 992 2187 sectam
1031 2110 1268 2203 prolapsi
1297 2144 1449 2198 sunt,
1495 2147 1646 2187 mor-

1760 2147 1899 2195 :ertn
1957 2136 2205 2208 persuasi
2271 2151 2504 2202 sumus,
2557 2134 2850 2206 ipsumque
2895 2133 3226 2189 vocabulqu
3277 2148 3343 2188 ex

75 2227 400 2292 tuorumque
452 2224 915 2280 resurrectionem
963 2234 1019 2280 et
1062 2226 1166 2280 alia
1209 2239 1344 2281 sana
1391 2224 1645 2296 dogmata
1756 2231 2060 2287 creatinnis
2113 2229 2255 2285 libro
2310 2227 2670 2291 didiScimus,
2721 2226 2865 2296 quod
2916 2239 3016 2296 pro
3067 2223 3344 2279 incitando

73 2322 327 2383 negarunt
383 2331 399 2370 :
479 2326 690 2386 quanto
750 2317 926 2388 magis
992 2318 1415 2372 existimandum
1484 2316 1649 2373 fuerit
1745 2323 1958 2378 Adamn
1990 2323 2055 2377 ad
2085 2321 2450 2378 obedientiam
2483 2320 2674 2374 datum
2709 2318 2782 2373 illi
2819 2317 3076 2388 essejam
3111 2317 3343 2372 demon-

72 2406 350 2474 Adamum,
381 2407 436 2461 in
465 2403 586 2478 ipso
621 2410 804 2465 statim
831 2409 1126 2466 creationis
1157 2425 1270 2466 sua
1303 2409 1643 2477 rudimenm,
1747 2417 2044 2473 stravimus
2078 2435 2093 2471 :
2129 2430 2316 2470 verum
2348 2414 2584 2486 speciem
2609 2414 2884 2483 ipsam,et
2914 2410 3128 2466 fructus
3154 2413 3343 2481 quales

74 2497 374 2565 incapacem
410 2498 580 2556 fuisse
624 2499 891 2558 absoluta:
920 2501 1066 2558 illius
1096 2502 1359 2558 doctrinm
1381 2499 1486 2574 qua
1520 2517 1646 2572 pcr-
1747 2507 1988 2572 fuerint,
2049 2507 2364 2579 quibusque
2387 2517 2606 2576 compta
2656 2505 2821 2560 fuerit
2856 2503 3167 2567 frondibus,
3199 2519 3341 2558 non-

74 2590 302 2663 suaderif
343 2591 652 2662 quivisset,
700 2609 924 2650 manere
971 2595 1189 2667 aliquod
1221 2595 1458 2651 sublime
1484 2611 1648 2666 'praa-
1751 2603 1883 2656 dum
1915 2600 2178 2657 discendo
2213 2615 2403 2656 sumus
2433 2598 2691 2655 assecuti.

75 2684 227 2740 mium
277 2671 376 2742 eos
423 2687 518 2756 qui
573 2686 743 2760 Deum
809 2697 1095 2754 amarent,
1146 2699 1647 2761 praeceptoremque
2323 2690 2558 2748 CAPUT
2615 2690 2756 2748 XXI.

77 2775 184 2844 ejus
234 2768 599 2835 observantes
649 2789 871 2845 essent;
933 2781 1111 2852 ipsum
1171 2796 1363 2853 nempe
1427 2783 1649 2839 ctelcste
1810 2785 1898 2842 "De
1921 2787 2084 2856 ﬂuvio
2128 2786 2221 2856 qui
2273 2785 2590 2854 paradisum
2641 2783 2874 2855 rigabat,
2914 2781 3065 2837 etde
3112 2789 3343 2853 quatuor

74 2871 330 2940 regnum?
403 2870 660 2928 Profecto
706 2873 931 2951 utﬁlins
981 2884 1200 2930 nostros
1238 2889 1376 2945 quos
1420 2875 1649 2931 tenellos
1748 2879 1925 2949 fluviis
1943 2879 2034 2950 qui
2067 2893 2132 2932 ea:
2168 2877 2267 2932 illo
2299 2876 2710 2930 diducebantur.
2769 2905 2841 2917 —
2900 2875 3074 2931 Porro
3127 2876 3194 2930 de
3229 2873 3334 2929 nu.

75 2961 134 3016 ad
180 2963 368 3019 ludum
420 2965 748 3020 litterarium
815 2967 1082 3022 mittimus
1131 2965 1486 3032 erudiendos,
1520 2967 1648 3037 quia
1692 2986 1694 2988 ν
1749 2968 1899 3024 utine
1945 2967 2094 3039 quod
2154 2965 2468 3038 paradisqu
2536 2967 2746 3036 irrigat,
2796 2967 2911 3022 haec
2941 2969 3142 3037 scripta
3175 2969 3335 3022 nubts

75 3053 278 3126 ingenio
315 3056 504 3112 adhuc
535 3057 656 3114 rudi
688 3067 838 3125 sunt,
871 3067 926 3115 et
957 3058 1197 3114 nondum
1231 3059 1504 3126 absoluto,
1537 3076 1646 3116 non
1751 3061 1974 3131 reliquit
2025 3061 2183 3116 divus
2235 3057 2413 3116 Moses
2443 3078 2459 3116 :
2506 3060 2572 3114 Et
2612 3063 2808 3134 ﬁumen
2860 3059 3221 3132 egrediebatur
3267 3075 3334 3113 ea:

76 3146 446 3218 hujuscemodi
503 3151 683 3206 verbis
708 3153 1107 3222 prosequimur
1137 3167 1154 3208 :
1191 3152 1229 3218 I,
1290 3151 1358 3207 da
1424 3167 1645 3222 operam
1758 3153 1904 3209 Edim
1931 3153 2363 3224 adirrigaudum
2389 3153 2728 3224 paradisum,
2761 3164 2922 3224 atque
2951 3152 3074 3207 inde
3102 3152 3336 3207 divisum

75 3241 280 3310 litteris,
327 3250 390 3298 u't
445 3243 500 3298 in
532 3247 708 3299 virum
741 3246 1059 3316 prudentem
1106 3254 1270 3318 atque
1301 3247 1521 3303 doctum
1545 3288 1560 3312 ,
1593 3258 1648 3302 et
1676 3289 1719 3348 ϐ
1752 3247 1918 3303 euasit
1946 3246 2006 3300 in
2030 3253 2264 3316 quatuor
2292 3246 2550 3316 capita".
2590 3244 2685 3302 Est
2733 3255 2918 3301 autem
2953 3261 2983 3301 a
3033 3245 3334 3325 nobisljaut

74 3337 408 3406 popularium
455 3346 675 3394 tuorum
732 3342 1018 3408 primatem
1057 3339 1256 3396 evadas
1283 3358 1298 3396 :
1325 3341 1422 3396 sed
1479 3342 1645 3397 meris
1680 3337 1718 3348 ’⁸
1748 3340 1956 3396 dictum
2004 3341 2183 3409 capite
2213 3338 2299 3393 l6.
2331 3339 2478 3395 Etlcu
2537 3355 2664 3395 esse
2695 3339 2972 3410 regionem
2997 3341 3331 3408 spatiosum,

74 3429 341 3488 blanditiis
377 3433 448 3487 ad
499 3432 959 3504 frequentandum
1014 3434 1198 3489 ludum
1252 3435 1646 3506 discendasque
1746 3432 2592 3502 amplam.antmuam,variam.
2623 3430 2948 3492 Paradisum
2995 3431 3333 3487 verolocum

74 3522 272 3580 litteras
349 3525 730 3592 cohortamur,
783 3535 838 3581 et
911 3527 1221 3582 inducimus
1258 3545 1274 3582 :
1307 3527 1380 3582 ita
1439 3527 1646 3582 Adamn
1719 3542 1892 3592 esse,
1925 3526 2193 3598 pulchris,
2228 3525 2552 3591 fructuosis,
2585 3527 3004 3597 praestantibus,
3038 3526 3330 3582 laudabili—

75 3631 277 3689 quoque
337 3617 509 3684 Deus,
545 3635 737 3676 recens
767 3635 798 3675 a
823 3635 882 3676 se
905 3621 1150 3677 conditio
1182 3622 1354 3693 legem
1402 3622 1648 3693 praescri-
1745 3619 1957 3688 busque
1980 3618 2296 3681 arboribus.
2327 3633 2440 3688 pra:
2474 3619 2758 3687 quibusvis
2793 3619 2918 3674 aliis
2955 3620 3144 3673 intota
3179 3619 3329 3673 Edcn

75 3707 243 3774 bcbat,
278 3725 380 3780 per
409 3725 574 3781 quam
615 3725 676 3766 se
717 3713 953 3768 revereri
999 3713 1260 3778 disceret,
1291 3729 1520 3784 eamque
1567 3715 1646 3769 le-
1746 3711 1884 3767 locis
1913 3719 2168 3765 ornatum
2210 3729 2225 3765 :
2259 3711 2586 3771 Paradisum
2616 3711 2764 3767 enim
2789 3711 2910 3780 ejus
2936 3712 3176 3783 regionis
3207 3727 3332 3782 quae

75 3815 182 3871 gem
207 3803 254 3857 si
287 3801 614 3869 transiliret,
639 3814 869 3859 mortem
900 3805 1154 3860 denuntia
1167 3806 1296 3862 bat:
1334 3808 1416 3863 sin
1458 3807 1646 3862 obser-
1745 3803 1895 3858 Eden
1923 3803 2147 3867 dicitur,
2183 3813 2390 3875 partem
2443 3819 2568 3860 esse
2618 3804 2759 3860 inter
2793 3805 2930 3860 alias
2957 3821 3152 3861 omnes
3185 3821 3331 3876 pre-

75 3902 246 3962 varet,
294 3910 696 3951 concessurum
737 3912 800 3952 se
841 3899 945 3968 ipsi
986 3901 1343 3968 promittebat
1388 3899 1642 3954 arborem
1744 3899 2164 3962 stantissimam,
2224 3897 2740 3962 laudabilissimam,
2801 3909 2968 3969 atque
3018 3900 3328 3955 cultoribus

75 3983 208 4050 νίιεν
233 3985 304 4040 de
331 4001 444 4057 qua
473 3985 563 4040 tibi
592 3993 888 4056 gustasset,
913 3986 1143 4058 adeptus
1175 3985 1641 4044 immortalitatem
1745 3992 1865 4048 suis
1913 3991 2440 4046 commodissimam.
2508 3989 2676 4062 Igitur
2739 3991 2870 4046 illud
2900 3990 3105 4045 flumen
3141 4007 3333 4048 revera

73 4075 306 4135 victurus
349 4086 497 4132 esset
540 4078 704 4132 vitam
747 4079 1156 4148 sempiternam.
1187 4077 1305 4134 Non
1344 4094 1476 4149 ergo
1520 4079 1643 4135 rudi
1746 4085 1960 4156 ingens,
1991 4082 2256 4152 amplum,
2288 4085 2595 4153 copiosum,
2625 4085 2858 4155 insigne,
2901 4100 2965 4139 ex
3004 4093 3145 4140 terra
3178 4086 3327 4140 Eden

75 4172 244 4230 adhuc
270 4185 325 4229 et
353 4173 578 4228 indocili
612 4173 820 4236 homini
849 4173 1100 4230 dicebat?
1134 4174 1369 4230 Daturus
1398 4191 1519 4230 sum
1545 4174 1640 4230 tibi
1743 4179 2056 4233 sraturiens
2083 4185 2246 4242 atque
2301 4192 2654 4247 prnmauans,
2700 4177 2754 4232 in
2799 4179 3038 4232 medium
3083 4187 3334 4248 penetrat

70 4263 306 4332 jussibus
357 4264 494 4319 meis
538 4265 749 4334 parenti
789 4263 1011 4319 caeleste
1055 4279 1324 4333 regnum;
1357 4263 1454 4318 sed
1482 4263 1644 4318 arbn-
1744 4268 2061 4338 paradisum
2086 4308 2102 4333 ,
2130 4284 2370 4338 eumque
2417 4268 2736 4324 universum
2798 4270 3025 4344 irrigat;
3059 4287 3170 4342 qun
3207 4287 3330 4342 pet-

75 4367 178 4408 rcm
211 4354 381 4408 veluti
415 4353 588 4423 digito
608 4355 930 4409 ostendebat
963 4369 1180 4410 3!!thqu
1219 4356 1400 4424 specie
1437 4351 1644 4424 appeti-
1741 4360 1879 4427 luto,
1916 4361 2139 4416 linditnr
2193 4362 2246 4416 in
2296 4369 2533 4432 quatuor
2595 4363 2792 4418 deinde
2847 4364 3063 4426 fluvios.
3101 4374 3154 4420 et
3178 4365 3333 4435 ipsos

78 4450 249 4516 bilem,
281 4451 575 4521 fructuque
608 4461 879 4520 comptam
917 4465 1042 4514 suo,
1105 4468 1269 4522 quam
1322 4452 1444 4506 vita:
1477 4452 1640 4505 arbo-
1742 4453 1999 4525 grandes,
2032 4453 2125 4523 qui
2165 4453 2235 4507 ab
2283 4454 2376 4508 illo
2411 4455 2644 4519 diducti,
2709 4456 2872 4511 simul
2905 4465 3072 4526 atque
3116 4459 3332 4525 paradi-

77 4555 181 4595 rem
219 4544 470 4608 vocabat,
499 4543 882 4614 norigeroque
914 4543 988 4598 illi
1021 4544 1365 4621 promittebat
1413 4542 1530 4598 fore
1583 4549 1640 4596 ut
1742 4562 1864 4603 sum
1895 4546 2193 4617 reliquere,
2226 4549 2332 4602 sub
2385 4548 2503 4618 ipsa
2564 4549 2734 4604 maris
2766 4549 2972 4604 Oceani
3017 4553 3150 4608 vada
3181 4551 3332 4606 dela-

75 4647 130 4686 ca
177 4644 492 4689 vesceretur
529 4645 583 4690 et
633 4635 885 4690 evaderet
930 4636 1278 4690 immortalis.
1321 4633 1507 4706 Neque
1553 4644 1640 4691 est
1671 4638 1716 4694 D
1745 4638 1979 4705 buntur;
2014 4647 2178 4708 atque
2207 4638 2333 4692 inde
2357 4654 2550 4694 rursus
2594 4640 2648 4694 in
2676 4641 2826 4695 haca
2876 4641 3036 4696 nobis
3088 4641 3328 4696 habitata

76 4725 211 4793 quod
255 4727 382 4796 quis
433 4727 549 4781 hac
596 4727 823 4780 miretur
856 4728 908 4781 iu
943 4729 1186 4794 Adamn,
1237 4729 1457 4807 tutando
1506 4728 1639 4799 ipsis
1745 4739 2030 4802 emergunt
2066 4741 2230 4785 terra.
2268 4729 2457 4800 Neque
2486 4748 2616 4787 vero
2649 4734 2761 4789 hmo
2818 4735 2975 4789 nobis
3035 4735 3328 4807 ipsilingi-

76 4744 211 4793 quou
255 4744 382 4796 quts
433 4744 549 4781 Ita’c
596 4744 823 4780 miretur
856 4744 908 4781 tu
943 4744 1186 4794 Auamo,
1313 4744 1457 4784 anno
1506 4744 1639 4799 tpsns
1745 4744 2030 4802 emergunt
2066 4744 2230 4785 terra.
2268 4744 2457 4800 neque
2486 4748 2616 4787 vero
2649 4744 2761 4789 haec
2818 4744 2975 4789 nobis
3035 4744 3328 4807 ipsiﬁngi-

76 4815 228 4871 etiam
260 4815 468 4874 Iudaeis
495 4828 617 4888 post
645 4819 936 4874 omnifaria
986 4822 1120 4890 legis
1162 4744 1426 4890 erepta
1474 4832 1639 4892 atque
1750 4839 1872 4880 tuus
1917 4824 2012 4878 sed
2044 4833 2306 4895 tanquam
2340 4823 2506 4880 Mosis
2540 4827 2815 4896 propheta:
2860 4827 3041 4882 verbis
3090 4845 3328 4884 conseu-
3380 4884 3386 4887 _

78 4907 316 4964 instituta
353 4951 370 4976 ,
407 4926 512 4964 non
551 4911 776 4966 cteleste
807 4927 1030 4981 regnum
1079 4928 1109 4966 a
1152 4911 1262 4967 Deo
1308 4915 1636 4982 promissum
1746 4927 1907 4972 tanea
1965 4919 2406 4986 pronuntiamus,
2439 4935 2559 4989 qua:
2615 4931 2808 4974 sancto
2865 4919 3070 4992 Spiritu
3103 4932 3328 4977 auctore

79 5010 176 5068 est,
199 5003 244 5058 si
291 5004 454 5059 dictis
509 5005 628 5075 ejus
667 5005 1124 5069 obsccundarent,
1163 5007 1259 5061 sed
1304 5016 1446 5060 terra
1503 5006 1641 5061 lacte
1748 5010 1953 5080 scripta
1986 5023 2134 5065 sunt.
2166 5009 2302 5064 Nam
2335 5013 2534 5066 flumen
2567 5013 2699 5068 illud
2733 5030 2798 5068 ex
2862 5022 3004 5069 terra
3032 5014 3179 5069 Eden
3215 5017 3324 5071 nri-

78 5093 332 5164 melleque
372 5094 618 5160 amuens,
649 5105 704 5148 et
737 5096 992 5148 arborum
1034 5095 1421 5167 fructuumque
1465 5098 1640 5162 ferax,
1749 5103 1929 5174 ginem
1957 5104 2177 5169 ducere,
2208 5115 2372 5175 atque
2403 5105 2676 5176 profluere
2718 5107 2803 5162 his
2835 5108 3015 5162 verbis
3047 5107 3323 5164 affirmat:

80 5187 260 5252 quales
287 5198 417 5243 sunt
452 5189 577 5242 mali
616 5188 853 5258 punicm,
883 5189 1049 5255 oleae,
1102 5192 1330 5260 palmae,
1362 5203 1467 5247 etc.
1501 5192 1641 5260 Quid
1748 5193 1974 5250 Flumen
2007 5198 2375 5267 egrediebatur
2430 5215 2494 5252 ea:
2543 5198 2713 5253 Eden.
2747 5199 2959 5254 Rursus
2990 5202 3136 5270 quod
3168 5218 3323 5271 para-

80 5276 239 5345 igitur
290 5281 490 5334 mirum
545 5281 590 5336 si
642 5282 874 5348 Adamn,
925 5285 1011 5337 cui
1061 5300 1236 5353 nuper
1283 5287 1420 5342 adeo
1474 5289 1642 5356 legem
1687 5293 1694 5296 “
1747 5287 1922 5342 disum
1956 5290 3192 5366 perluatatqueirriget,his:Addrrigaudum
3221 5312 3322 5364 pa-

82 5367 447 5440 imposuerat,
477 5375 692 5428 edulem
725 5376 975 5431 arborem
1009 5379 1246 5433 ostendit
1271 5419 1285 5443 ,
1309 5396 1474 5449 quam
1523 5383 1644 5437 vitae
1750 5384 2010 5438 radisum.
2052 5383 2322 5440 Przcterea
2353 5386 2746 5441 derivationem
2768 5388 2913 5441 illam
2939 5403 3100 5457 quam
3136 5388 3314 5458 ingen-

81 5464 380 5531 appellavi:,
406 5481 468 5521 ca
496 5467 860 5536 promissione
886 5469 1116 5540 adjecta,
1143 5481 1200 5526 ut
1231 5471 1276 5527 si
1307 5473 1360 5527 in
1386 5475 1646 5545 obsequio
1750 5480 1829 5525 tes
1857 5470 2052 5528 fluvios
2078 5474 2191 5529 fieri
2215 5474 2478 5543 diximus,
2501 5477 2733 5545 irrigato
2760 5478 2870 5547 jam
2894 5487 3004 5531 tum
3028 5478 3279 5533 naradiso
3303 5496 3318 5546 ;

149 5637 191 5670 “
221 5637 352 5694 Gen.
387 5657 448 5702 It,
486 5642 572 5696 10.

152 5782 857 5875 Sili-fallitur.'liar-Ccplta.
879 5791 1011 5874 Nam
1038 5810 1162 5846 vera
1192 5793 1642 5875 theologiadncet
1750 5802 2276 5875 super-naturalium,
2311 5820 2432 5875 qum
2474 5791 2769 5875 principem
2803 5814 2856 5858 rt
2889 5821 3053 5872 caput
3096 5809 3319 5863 humani

87 5847 342 5947 falari-tum
389 5847 751 5944 conditum}.
806 5861 914 5918 Deo
968 5864 1020 5918 iu
1080 5875 1224 5918 statu
1276 5847 1641 5947 perfecturum

1497 5847 1641 5921 .i’.;.‘..‘
1745 5847 2769 5947 έὲἧιῖὲὲζέᾖὲέἰὶἔῖἓ.’ἮῖυιὶὶἻῇνῖίῗ
2791 5847 2859 5932 ὁὶ
2890 5847 3080 5932 Ξῖἶζᾞξ.

84 5933 417 5982 attenuarqu
450 5942 503 5985 ct
539 5933 935 5999 cognitionum,
967 5943 1074 5990 tam
1114 5937 1441 5990 naturalium
1476 5954 1637 6008 quant
