4008 6342
748 330 845 393 511

2017 333 2246 395 MOSIS
2284 332 2305 390 Ι

2407 333 2435 391 t
2474 333 2721 394 CEPHA
3294 346 3297 347 '
3853 347 3918 410 εις

752 443 867 494 lut'c
901 438 1061 505 verba
1097 438 1407 510 signiﬂcant
1438 459 1453 497 :
1487 440 1556 496 Et
1582 441 1730 498 illinc
1752 444 2003 514 ﬁnditur,
2053 458 2100 502 et
2147 446 2325 501 evadit
2354 445 2400 502 Α
2431 456 2527 510 per
2555 444 2701 516 quod
2733 442 2931 512 ﬂuunt,
2964 443 3264 513 dulciores,
3296 449 3622 517 amariores,
3656 451 3919 527 iusulsiorcs.

747 536 803 587 in
836 534 869 585 ι
892 534 1109 600 capita:
1144 534 1377 604 denique
1408 550 1531 589 cum
1559 535 1714 593 addit
1739 538 1924 596 Moses
1950 541 2119 597 unius
2172 542 2321 597 ﬂuvii

749 640 947 679 nomen
984 641 1106 680 esse
1147 624 1370 693 Phison,
1425 644 1660 699 eumque
1712 632 1952 688 circuire
2011 634 2324 690 universam

748 729 949 771 terram
979 715 1199 782 I'evila;
1254 718 1480 773 alterius
1536 735 1665 774 vero
1697 719 1909 786 Gehon,
1941 724 2033 792 qui
2069 726 2324 794 pervadat

750 816 916 860 totam
986 808 1257 876 regionem
1288 802 1646 879 'Ethiopia;
1685 813 1903 866 tertium
1954 828 2120 883 porro
2153 815 2323 870 Diclat

746 899 1048 967 appellari,
1108 914 1349 968 eumque
1416 908 1606 954 contra
1680 902 1842 957 Attur
1893 904 2009 971 ire;
2085 907 2322 979 denique

745 1000 999 1059 quartum
1040 993 1223 1047 vocari
1257 991 1581 1063 Euphratem
1621 1016 1634 1051 :
1668 997 1800 1070 satis
1849 998 2054 1054 indicat
2089 1012 2324 1071 quatuor

744 1098 839 1138 eos
869 1082 1087 1149 ﬂuvios,
1114 1094 1463 1154 posteaquam
1491 1088 1802 1156 paradisum
1835 1091 2193 1162 reliquerunt,
2219 1098 2322 1150 sub

745 1179 943 1223 terram
972 1171 1243 1240 delapsos,
1277 1174 1492 1228 tandem
1521 1176 1575 1230 in
1624 1176 1729 1233 hoc
1771 1195 1800 1233 a
1833 1182 1991 1239 nobis
2013 1184 2160 1239 culto
2189 1186 2322 1243 orbe

745 1274 1120 1329 prorumpere,
1178 1266 1580 1336 scaturireque.
1641 1267 1715 1323 Ea
1764 1270 1933 1343 igitur
1954 1290 2079 1345 quae
2103 1285 2219 1332 tum
2252 1280 2320 1335 de

743 1368 854 1407 uno
882 1354 973 1407 illo
1013 1354 1260 1422 ﬂumine,
1294 1368 1407 1414 tum
1432 1360 1499 1415 de
1526 1373 1763 1429 quatuor
1790 1365 1915 1422 aliis
1937 1372 2005 1422 ab
2062 1370 2155 1425 illo
2177 1370 2323 1427 deri-

743 1444 881 1498 vatis
912 1444 1149 1502 diximus
1177 1464 1301 1504 cum
1350 1450 1517 1507 Mosis
1545 1452 1718 1510 divini
1760 1457 2001 1516 hominis
2044 1465 2317 1519 sententia

2424 537 2681 594 salsiores
2738 539 2992 605 evadunt,
3048 556 3147 597 cur
3196 557 3306 597 non
3366 545 3790 605 existimabimus
3841 554 3921 612 illos

2424 647 2640 702 quoque
2667 633 2861 690 ﬂuvios
2893 636 3156 707 tantisper
3201 637 3331 693 dum
3392 654 3490 709 per
3536 640 3922 703 beatissimum:

2428 725 2813 782 felicissimum
2848 728 3025 784 locum
3076 731 3391 800 paradisum
3445 731 3665 802 ﬂuunt,’
3702 736 3924 804 iucundit-

2424 819 2563 875 simo
2596 829 2763 891 atque
2806 823 3135 878 suavissimo
3169 839 3364 895 sapore
3395 841 3519 883 esse
3548 846 3563 895 ;
3626 829 3678 883 in
3710 830 3802 885 hoc
3836 849 3922 889 vero

2425 911 2785 968 exsecrabilis
2818 922 3019 968 nostra:
3050 923 3227 970 tractu
3258 925 3416 973 terra:
3455 919 3523 973 de
3577 918 3665 975 illa
3717 926 3923 981 suavitate

2424 1004 2720 1073 plurimum
2747 1006 3062 1063 remittere?
3096 1007 3263 1075 Porro
3283 1011 3472 1068 beatus
3497 1013 3673 1069 Moses
3694 1024 3744 1070 et
3768 1021 3925 1075 nomina

2424 1097 2640 1153 illorum
2670 1107 2907 1167 quatuor
2943 1099 3256 1167 ﬂuviorum,
3281 1110 3335 1156 et
3376 1102 3491 1158 loca
3525 1120 3621 1174 per
3651 1123 3764 1176 qua:
3794 1108 3926 1164 ierun-

2423 1195 2532 1255 tur,
2586 1190 2805 1260 aliaque
2846 1192 3051 1271 eodem
3087 1194 3392 1263 spectantia
3444 1196 3647 1252 diserte
3676 1191 3926 1268 explicavit,

2423 1290 2483 1335 ut
2515 1296 2637 1352 qua:
2670 1283 2759 1337 illa
2789 1292 2949 1338 aetate
3004 1299 3111 1338 non
3176 1285 3355 1355 ignota
3420 1297 3646 1343 esseut:
3688 1290 3759 1345 ait
3787 1293 3926 1347 etum:

2423 1370 2631 1427 Nomen
2694 1375 2853 1429 unius
2925 1372 3157 1441 Phison,
3214 1378 3305 1448 qui
3349 1378 3645 1447 perlabitur
3690 1383 3925 1437 animum

2423 1475 2619 1522 terram
2671 1466 2900 1534 Ηαυειω,
2971 1468 3081 1523 illic
3129 1479 3207 1523 est
3252 1486 3468 1535 aurum,
3522 1482 3572 1526 et
3619 1474 3730 1539 ejus
3756 1476 3927 1545 regioni:

740 1548 1066 1609 tongruunt.
1131 1542 1234 1597 Sed
1289 1544 1503 1616 urgebit
1548 1547 1795 1619 aliquis:
1843 1526 1949 1619 (iui
1997 1555 2171 1625 possit
2201 1557 2305 1611 fieri

2421 1572 2610 1611 aurum
2676 1526 2937 1627 pra'stans
2997 1567 3115 1622 est;
3167 1557 3279 1611 illic
3354 1526 3662 1625 Bedalach:

740 1641 799 1683 ut
827 1639 1060 1699 quatuor
1087 1634 1161 1687 illi
1197 1633 1347 1691 ﬂuvii
1381 1638 1641 1706 paradiso
1666 1644 1875 1711 egressi
1906 1647 2318 1716 praecipitentur
2378 1690 2381 1693 μ
2419 1647 2654 1713 Berilli;
2683 1650 2840 1719 quasi
2871 1650 3017 1705 dicat
3043 1668 3056 1703 :
3092 1647 3248 1705 Unus
3281 1650 3498 1705 illorum
3526 1661 3761 1721 quatuor
3786 1651 3927 1709 ﬂuvio-

739 1723 841 1778 sub
879 1720 1080 1779 Oceani
1108 1727 1265 1793 vada,
1294 1738 1459 1799 atque
1492 1732 1617 1788 inde
1642 1736 1862 1792 tandem
1917 1738 1971 1794 in
2004 1739 2107 1795 huc
2131 1752 2315 1799 nostra
2333 1769 2392 1839 -Β
2421 1755 2565 1839 rum.
2628 1740 2833 1839 Phison
2870 1742 2948 1813 (5)
3016 1754 3262 1839 vocatur,
3294 1742 3637 1839 qui__ubia_b
3666 1744 3849 1839 ingenti
3872 1745 3927 1803 ilic

740 1825 883 1871 terra
914 1822 1245 1888 erumpant?
1285 1821 1421 1879 lluic
1454 1824 1631 1895 primo
1658 1830 2070 1900 respondemus,
2101 1850 2162 1891 ea
2192 1851 2318 1908 qua;
2348 1821 2392 1839 "
2420 1827 2639 1885 ﬂumine
2670 1829 2903 1884 medium
2936 1829 3216 1898 perluente
3235 1830 3549 1902 paradisum
3577 1830 3838 1887 derivatus
3860 1841 3926 1894 est,

738 1923 769 1963 a
800 1910 959 1966 nobis
994 1912 1108 1968 fieri
1135 1928 1241 1969 non
1270 1930 1435 1985 posse
1482 1919 1886 1988 existimantur,
1951 1924 2132 1982 facilia
2193 1945 2316 1986 esse

738 2005 849 2056 Deo
879 2021 895 2058 :
934 2003 1085 2058 illum
1116 2021 1243 2060 vero
1271 2023 1433 2077 quem
1473 2009 1715 2068 diximus
1747 2026 1985 2084 quatuor
2022 2017 2312 2079 ﬂuviorum

734 2109 976 2161 cursum,
1008 2104 1173 2167 atque
1194 2099 1315 2169 eius
1346 2102 1561 2168 generis
1584 2104 1711 2171 alia,
1736 2107 1979 2165 divinum
2010 2126 2134 2167 esse
2152 2130 2311 2184 opus,

736 2194 846 2234 non
912 2182 1236 2241 humanum.
1313 2186 1519 2245 Deinde
1584 2192 1687 2247 hoc
1739 2210 1958 2267 quoque
1988 2182 2310 2271 responsum

733 2272 1009 2338 volumus,
1033 2278 1350 2345 paradisum
1384 2282 1559 2338 multo
1584 2286 1907 2346 sublimiore
1933 2295 2169 2362 positum
2192 2313 2312 2356 esse

734 2362 975 2434 regione,
1004 2375 1168 2438 atque
1198 2369 1315 2426 haec
1349 2382 1540 2429 nostra
1591 2389 1765 2435 exstet
1786 2387 1930 2437 terra
1951 2399 1968 2450 ;
1993 2401 2168 2456 eoque
2193 2390 2308 2447 ﬂeri

732 2456 968 2512 utillinc
1014 2474 1110 2528 per
1158 2461 1525 2531 praecipitium
1587 2468 1913 2527 delabantur
1968 2474 2116 2531 ﬂuvii
2158 2488 2308 2538 tanto

732 2563 855 2601 cum
880 2548 1101 2618 impetu,
1129 2564 1396 2621 quantum
1425 2558 1611 2615 verbis
1630 2562 1940 2633 exprimere
1964 2583 2071 2624 non
2104 2574 2305 2640 possis,

729 2653 904 2709 coque
929 2641 1130 2712 impetu
1174 2644 1417 2715 impulsi,
1448 2652 1731 2723 pressique
1775 2658 1878 2712 sub
1920 2664 2111 2717 oceani
2168 2667 2304 2720 vada

731 2730 1033 2799 rapiantur,
1093 2735 1238 2790 unde
1302 2753 1494 2796 rursus
1521 2745 1807 2810 prosiliant
1837 2734 2221 2823 ebulliantque
2248 2756 2302 2811 in

732 2822 833 2875 hoc
861 2836 892 2876 a
925 2823 1082 2880 nobis
1111 2826 1261 2881 culto
1291 2830 1446 2885 orbe.
1471 2830 1608 2888 Nam
1631 2834 1725 2905 qui
1782 2852 1958 2909 aquas
1991 2843 2043 2897 in
2066 2822 2302 2904 sublime

727 2911 950 2977 ducere,
987 2923 1149 2985 atque
1176 2932 1241 2973 ex
1266 2919 1396 2976 altis
1445 2923 1757 3003 erectisque
1799 2931 2083 2988 canalibus
2137 2937 2304 2997 veluti

730 3000 1056 3071 siphonibus
1104 3008 1440 3076 profundere
1463 3000 1737 3083 laborant,
1772 3016 1809 3073 ii
1838 3035 1906 3076 ex
1940 3022 2103 3095 longo
2127 3026 2303 3085 inter-

2418 1922 2661 1993 atquein
2698 1932 2896 1978 terram
2931 1923 3033 1995 sub
3073 1922 3276 1978 Oceani
3303 1923 3437 1979 vade
3489 1938 3548 1979 se
3585 1922 3801 1993 recepit,
3844 1938 3928 1976 rur-

2415 2030 2509 2071 sus
2533 2016 2764 2083 prosilit,
2794 2016 3012 2081 emicat,
3044 2015 3382 2084 scaturitque
3433 2016 3488 2070 in
3522 2014 3760 2072 Occidua
3796 2014 3929 2069 mundi

2415 2104 2655 2177 regiune,
2688 2107 2833 2162 unde
2862 2106 3349 2176 Septentrionalem
3402 2118 3619 2175 petens,
3682 2115 3837 2170 totam
3877 2103 3932 2159 la-

2412 2199 2604 2269 dorum
2633 2198 2891 2254 ditionem
2953 2197 3103 2253 alluit
3150 2198 3288 2267 (hac
3332 2196 3479 2253 enim
3523 2196 3727 2252 Havila:
3767 2195 3931 2249 nomine

2415 2291 2800 2362 signiﬁcatur),
2858 2306 2923 2346 ac
2976 2290 3193 2345 tandem
3248 2289 3303 2345 in
3359 2306 3509 2347 mare
3534 2290 3755 2345 desinit.
3799 2287 3931 2344 Grece

2412 2379 2614 2436 Phison
2679 2379 2888 2436 Diiobis
2952 2391 3195 2445 vocatur.
3262 2378 3469 2435 Ferunt
3531 2389 3713 2435 autem
3755 2380 3929 2450 pleram-

2409 2486 2517 2541 que
2556 2471 2690 2542 ripze
2740 2470 2905 2541 hujus
2947 2472 3095 2527 ﬂuvii
3140 2487 3362 2529 arenam
3420 2479 3587 2542 atque
3641 2472 3797 2526 etiam
3839 2470 3928 2524 alui

2409 2548 2703 2632 priestante
2723 2578 2860 2617 auro
2888 2564 3259 2629 abundare,et
3273 2564 3503 2635 gemmis
3527 2564 3783 2634 pretiosis
3807 2580 3819 2628 ς
3849 2578 3929 2615 nam

2407 2669 2512 2709 vox
2542 2654 2789 2719 Hebraea,
2823 2654 3076 2718 Bedotalt,
3098 2657 3422 2727 margaritas
3451 2656 3743 2727 significat.
3777 2654 3928 2711 Securi.

2408 2745 2459 2799 di
2487 2743 2634 2799 ﬂuvii
2668 2758 2866 2799 nomen
2915 2753 2999 2800 est
3026 2744 3237 2801 Gehon.
3275 2745 3328 2802 ls
3374 2756 3629 2817 peragrat
3677 2749 3929 2802 universam

2410 2845 2612 2891 terram
2671 2834 2845 2898 Cbns.
2904 2836 2955 2890 id
2990 2838 3110 2901 'est,
3146 2835 3476 2907 Ethiopian;
3533 2838 3625 2893 hic
3649 2853 3680 2892 a
3706 2837 3929 2892 nonnullis

2405 2930 2569 2985 etiam
2594 2928 2795 2985 Sichor
2830 2927 2907 2999 (6)
2944 2930 3267 2999 appellatur.
3303 2926 3507 2986 “Grcci
3528 2926 3713 2986 Nilum
3742 2939 3928 2987 vocant:

2405 3021 2497 3091 qui
2532 3036 2561 3075 a
2591 3036 2788 3093 magno
2846 3021 3071 3076 ﬂumine
3129 3022 3431 3092 digressus,
3495 3030 3662 3093 atque
3690 3023 3789 3079 sub
3816 3022 3927 3078 marit

729 3091 873 3148 vallo
926 3102 1259 3154 cataractam
1294 3102 1408 3158 sive
1462 3107 1822 3178 pracipitium
1858 3110 1992 3183 ipsis
2028 3091 2303 3188 quoddam
2333 3123 2378 3185 ο
2408 3110 2635 3166 fundum
2661 3091 2936 3181 delapsus,
2961 3111 3174 3178 prosilit
3196 3112 3413 3169 tandem
3435 3091 3740 3187 ebuli—itque
3760 3116 3809 3170 in
3829 3116 3929 3185 plaga

730 3184 839 3239 alta
870 3185 1172 3245 devexitate
1199 3192 1491 3262 abruptum
1516 3208 1681 3270 atque
1703 3201 1929 3262 difﬂcile
1961 3184 2306 3283 comparant,

731 3292 825 3346 per
853 3280 997 3348 quod
1028 3281 1330 3341 deturbate:
1356 3304 1559 3367 magno
1574 3308 1698 3348 cum
1733 3295 1937 3369 impetu
1966 3304 2069 3359 sub
2094 3280 2299 3365 terram

728 3372 1035 3428 condantur
1068 3392 1083 3431 :
1111 3377 1216 3432 sub
1241 3394 1347 3449 qua
1385 3392 1673 3455 postquam
1707 3399 1933 3458 coactae,
1987 3404 2152 3466 atque
2201 3414 2304 3459 suo

730 3466 968 3533 ipsarum
1001 3467 1203 3539 impetu
1228 3486 1428 3547 pressa:
1449 3475 1813 3550 aliquousque
1834 3482 2061 3555 ﬂuxere,
2089 3491 2301 3548 tandem

729 3570 825 3623 per
879 3558 1095 3614 canales
1155 3560 1276 3617 illos
1300 3579 1498 3634 magna
1548 3568 1599 3623 vi
1650 3586 1758 3641 qua
1815 3590 1880 3630 ex
1910 3582 2176 3650 praecipiti
2210 3585 2303 3641 illo

726 3660 859 3701 casu
902 3660 1183 3719 urgentur,
1207 3668 1428 3709 sursum
1469 3660 1727 3717 emicant.
1762 3664 1885 3720 [Lee
1910 3668 1983 3723 ita
2015 3686 2074 3726 se
2103 3674 2302 3731 habere

726 3738 981 3794 dominus
1023 3743 1187 3797 etiam
1248 3743 1520 3816 Ephraem,
1556 3762 1763 3809 etcum
1821 3773 1887 3812 eo
1914 3761 2165 3823 doctores
2208 3766 2301 3824 alii

727 3827 1040 3886 afﬁrmant:
1074 3850 1245 3905 quare
1277 3852 1378 3893 nos
1408 3832 1629 3912 quoque
1686 3847 1915 3904 libenter
1944 3859 2300 3919 assentimur.

724 3918 994 3976 Caeterum
1043 3924 1189 3994 quod
1230 3927 1301 3982 ad
1350 3944 1602 4001 saporem
1647 3948 1877 4007 spectat,
1931 3942 2148 4003 idemne
2190 3918 2301 4006 illis

724 4010 883 4103 aquis
912 4024 1141 4071 maneat
1162 4016 1304 4089 apud
1331 4035 1455 4086 nos,
1490 4026 1583 4094 qui
1610 4022 1789 4085 fuerat
1814 4030 1869 4086 in
1903 4035 2181 4103 paradiso.
2226 4058 2297 4097 an

726 4101 952 4178 minime
984 4124 999 4161 :
1029 4122 1130 4165 nos
1152 4114 1509 4179 pronuntiare
1539 4132 1648 4173 non
1676 4118 2019 4200 dubitamus,
2053 4129 2106 4183 iu
2136 4101 2300 4201 para-

723 4197 846 4252 diso
876 4212 994 4255 esse
1024 4211 1243 4272 gustatu
1290 4207 1633 4275 gratissimas
1661 4197 2153 4292 suavissimasque,
2175 4224 2301 4281 inde

724 4299 905 4351 autem
935 4308 1275 4365 progressas,
1336 4299 1633 4369 plurimum
1682 4309 1972 4370 suavitatis
2024 4315 2297 4384 amittere,

722 4383 996 4442 acredinis
1024 4403 1152 4444 vero
1178 4393 1523 4461 contrahere,
1543 4414 1669 4453 cum
1692 4400 1822 4458 illud
1854 4405 2089 4471 paradisi
2117 4383 2295 4465 solum

725 4476 843 4533 beta
894 4478 989 4534 Dei
1038 4484 1351 4552 precatione
1412 4487 1630 4545 beatqu
1687 4507 1743 4549 et
1797 4495 1926 4553 felix
1950 4496 2061 4564 sit;
2098 4509 2155 4555 at
2189 4502 2292 4559 hoc

722 4586 965 4632 nostrum
1025 4591 1251 4648 contra,
1313 4588 1689 4645 exsecratione
1740 4591 1929 4648 infelix
1993 4604 2049 4649 et
2112 4598 2286 4656 triste.

720 4672 996 4733 Quantum
1044 4670 1213 4743 igitur
1260 4673 1489 4733 interest
1545 4679 1687 4736 inter
1742 4696 1869 4740 cum
1934 4684 2138 4741 fontem
2195 4689 2284 4746 cui

720 4760 1049 4815 benedicunt
1076 4778 1287 4832 omnes,
1312 4780 1366 4823 et
1395 4784 1521 4824 eum
1551 4787 1715 4843 quem
1763 4790 1929 4830 nemo
1990 4794 2099 4834 non
2142 4781 2293 4837 dete-

721 4862 897 4908 statur
928 4872 943 4921 ;
981 4864 1190 4911 tantum
1244 4859 1419 4914 dlﬂert
1447 4864 1720 4949 suavitate.
1764 4876 1930 4938 atque
1954 4871 2292 4941 amoenitate,

724 4945 938 4999 illorum
971 4946 1259 5004 ﬂuviorum
1310 4967 1475 5023 sapor
1505 4936 1665 5026 quem
1696 4936 1748 5013 in
1778 4936 2059 5030 paradiso,
2107 4967 2176 5021 ab
2227 4983 2293 5022 eo

722 5054 886 5106 quem
922 5043 1059 5110 apud
1090 5058 1189 5099 nos
1219 5043 1490 5101 obtinent.
1518 5048 1651 5106 Nam
1689 5052 1733 5107 si
1788 5065 2063 5112 nostrates
2116 5076 2293 5131 aqum,

724 5133 891 5211 unius
918 5133 1272 5207 ejusdemque
1297 5148 1505 5196 naturae
1539 5159 1663 5199 cum
1696 5146 1825 5211 sint,
1860 5164 1957 5217 pro
1984 5151 2083 5204 soli
2120 5151 2296 5208 indole

802 5340 876 5406 (5)
904 5338 1059 5395 Unde
1095 5341 1227 5419 hoc_
1266 5358 1480 5419 nomen
1506 5348 1715 5419 habeat
1774 5350 1984 5419 nescire
2013 5368 2097 5409 me
2114 5352 2303 5419 fateor,

726 5412 866 5487 iner
916 5422 1105 5487 autem
1140 5413 1304 5467 habet
1333 5414 1564 5487 Dijabis,
1594 5434 1715 5487 cap.
1746 5418 1837 5474 ‘28.

798 5470 1105 5565 (6)'$l.0ll0r
1130 5500 1239 5565 (vox
1266 5497 1360 5565 _est
1393 5470 1683 5565 lleh_r_a_ica‘
1702 5470 2032 5565 significans
2088 5500 2295 5565 nigrum

726 5567 789 5605 ac
822 5549 1096 5635 r‘nhidnm.‘
1126 5552 1276 5618 Quod
1298 5549 1834 5635 atttct_i_tNilus_ctiavtn_
1858 5578 1884 5612 a
1909 5549 2177 5618 veteribus
2207 5568 2301 5635 μὲ-

727 5624 823 5704 ).15
848 5622 1026 5676 dictus
1054 5624 1126 5678 sit
1171 5635 1401 5681 testatur
1437 5626 1762 5684 Plutarchus
1804 5629 1983 5687 llllt:|lt)
2019 5635 2091 5689 Dc
2126 5622 2301 5704 ﬂuinio

730 5694 905 5747 nibus.

803 5764 878 5837 (7)
915 5764 1126 5831 Melius,
1160 5767 1211 5821 in
1247 5755 1719 5844 Mediterraneum,
1754 5794 1871 5844 cap.
1908 5776 1995 5831 ‘28.

2411 3203 2771 3267 meridionall,
2805 3213 2969 3275 atque
2999 3204 3313 3261 universam
3342 3205 3668 3278 Ethiopum
3705 3210 3925 3280 regionem

2408 3310 2728 3367 peragrans,
2758 3294 2977 3352 demum
3004 3298 3058 3354 in
3085 3297 3310 3353 Adrism
3338 3308 3669 3355 exoneratur
3701 3301 3777 3370 (7)
3802 3300 3926 3370 :quod

2408 3406 2558 3445 mare
2611 3390 2823 3461 [Egypti
2896 3390 3031 3448 ﬂnes
3085 3392 3262 3450 alluit.
3303 3388 3525 3449 Tertius
3554 3392 3756 3450 ﬂuvius
3780 3394 3928 3453 Diclal.

2407 3483 2511 3539 hoc
2540 3490 2645 3549 est,
2680 3480 2879 3553 Tigris,
2919 3492 3110 3540 contra
3137 3484 3299 3541 Attur
3331 3485 3411 3556 (8)
3456 3483 3611 3541 ﬂuit.
3638 3486 3930 3553 Quartusest

2406 3574 2628 3641 Perath,
2690 3576 2740 3629 id
2793 3585 2897 3639 est,
2948 3575 3270 3645 Euphrates.
3310 3576 3378 3631 Et
3419 3577 3472 3632 hi
3507 3593 3733 3649 quoque
3752 3574 3931 3647 duo.tb

2407 3666 2502 3721 illo
2528 3666 2819 3738 grandiore
2846 3666 3080 3730 diducti.
3110 3678 3166 3723 et
3194 3666 3299 3725 sub
3327 3682 3477 3725 mare
3506 3670 3678 3725 mersi
3716 3674 3932 3742 prodeunt

2397 3760 2619 3813 tandem
2665 3758 2719 3813 in
2784 3759 2964 3814 medio
3028 3758 3131 3814 hoc
3170 3769 3359 3815 nostro
3380 3761 3511 3825 orbe
3533 3760 3734 3819 vicinis
3758 3764 3934 3817 interro

2404 3848 2646 3906 fontibus
2685 3849 2992 3921 perlnitque
3017 3850 3189 3905 Diclat
3214 3852 3535 3907 orientalem
3567 3852 3935 3926 Mesopotamia

2402 3942 2714 4014 regionem;
2744 3951 2928 4011 quem,
2962 3953 3020 3998 ut
3044 3941 3244 3999 Perath
3276 3952 3453 4019 tractu
3511 3946 3701 4003 vicino
3738 3948 3933 4019 aliquaue

2401 4035 2493 4091 diu
2529 4036 2819 4091 comitatus
2848 4043 2953 4100 est,
2974 4035 3230 4092 labuntur
3268 4038 3434 4094 ambo
3461 4038 3518 4094 iu
3546 4056 3802 4114 maguum
3833 4055 3934 4096 mare

2400 4128 2658 4184 australze
2686 4127 2868 4184 Busta
2899 4128 3002 4199 (9).

2970 4220 3199 4278 CAPUT
3251 4221 3421 4281 XXII.

2480 4311 2609 4367 Tria
2638 4313 2757 4367 loca
2792 4327 2888 4379 pro
2932 4312 3138 4369 Adamo
3202 4318 3419 4371 condita
3459 4336 3491 4375 α
3538 4318 3648 4377 Deo
3675 4352 3748 4365 -—-
3792 4321 3931 4376 Solent

2399 4406 2621 4477 quidam
2657 4406 2988 4477 percontari,
3044 4408 3175 4478 quid
3219 4408 3432 4466 Adamo
3456 4410 3696 4484 Eratque
3741 4413 3930 4471 futurum

2400 4500 2611 4568 fuisset,
2643 4502 2690 4557 si
2753 4500 3063 4572 impositam
3119 4502 3224 4557 sibi
3272 4518 3302 4557 a
3341 4502 3449 4558 Deo
3495 4504 3669 4576 legem
3721 4505 3774 4562 in
3816 4517 3931 4576 para-

2396 4595 2519 4651 diso
2615 4609 2719 4649 non
2804 4593 3113 4665 fregissent.
3203 4594 3299 4653 His
3361 4599 3793 4669 respondemus,
3842 4596 3930 4653 sub-

2398 4688 2671 4744 vehendos
2705 4687 2873 4743 fuisse
2898 4703 2964 4742 ex
2995 4687 3250 4758 paradiso
3274 4704 3439 4760 supra
3487 4689 3593 4747 hoc
3622 4693 3747 4749 cali
3794 4691 3930 4746 tirun-

2400 4790 2643 4836 mentum
2674 4779 2818 4851 quod
2851 4794 3015 4848 supra
3037 4795 3139 4835 nos
3172 4780 3409 4852 positum
3462 4782 3763 4848 intuemur,
3813 4789 3931 4849 atque

2399 4875 2454 4929 in
2492 4874 2699 4931 caelesti
2745 4888 2914 4942 regno
2941 4875 3215 4944 voluptate
3245 4875 3549 4937 incredibili
3600 4885 3658 4932 et
3699 4877 3930 4932 immorta-

2398 4970 2550 5024 litate
2575 4984 2802 5039 prorsus
2819 4968 3054 5024 beandos
3079 4984 3094 5033 ;
3125 4968 3227 5023 hoc
3241 4968 3386 5024 enim
3406 4968 3614 5037 premii
3642 4978 3801 5039 atque
3816 4960 3926 5038 pretii

2400 5077 2497 5133 pro
2523 5063 2810 5116 observata
2852 5061 2968 5133 lege
3001 5062 3239 5117 dandum
3279 5061 3385 5116 illis
3447 5060 3633 5117 fuisse.
3669 5062 3793 5117 Tria
3824 5059 3925 5115 enim

2399 5155 2517 5209 loca
2552 5155 2867 5209 condiderat
2891 5171 2990 5225 pro
3020 5154 3228 5209 Adamo
3287 5152 3471 5210 Deus:
3499 5156 3721 5223 caelum,
3761 5149 3925 5226 pandi.

2487 5354 2561 5424 (8)
2593 5354 2789 5416 Ascnr,
2823 5352 3225 5427 infraLTigrin
3248 5355 3419 5427 etiam
3448 5356 3609 5411 hodie
3654 5355 3771 5427 Syri
3802 5352 3926 5427 Diclat

2405 5428 2565 5493 vulgo
2606 5435 2839 5489 vocant;
2875 5435 2926 5478 et
2957 5423 3167 5478 Plinius
3197 5426 3356 5483 aliine
3390 5428 3656 5480 vocabulo
3695 5423 3923 5496 'Diglusm

2406 5498 2730 5561 appellatum
2764 5505 3050 5558 memorat,
3092 5512 3195 5565 qua
3232 5500 3406 5551 lenior
3438 5496 3577 5560 ﬂuit,
3618 5498 3713 5552 lib.
3738 5512 3804 5559 vr,
3836 5507 3919 5561 Cap

2405 5567 2493 5621 ‘27.

2492 5638 2567 5703 (9)
2618 5636 2842 5691 Bosram
2882 5638 3034 5691 aiunt
3088 5638 3206 5707 Syri
3270 5639 3457 5707 urbem
3509 5655 3633 5691 esse
3692 5636 3920 5691 :ulsiuum

2414 5709 2717 5767 Persicum.
2747 5707 2945 5776 nIiOqui
2981 5706 3143 5760 Anius
3182 5726 3239 5767 ιι,
3272 5708 3322 5760 in
3367 5706 3581 5761 Idumen
3619 5716 3917 5764 reccuscm':

2412 5790 2457 5831 et
2492 5780 2629 5847 apud
2662 5779 2970 5845 .lcretniam,
3009 5798 3055 5833 ι’.
3101 5780 3185 5841 48,
3229 5780 3277 5831 in
3307 5778 3614 5835 Munbititle.
