4008 6342
49 309 135 376 513
1137 296 1234 357 DE
1271 289 1587 357 PARADIS

1715 315 1785 327 -
1825 290 2021 351 PARS
2062 289 2115 350 Ι.

3164 284 3268 352 514

45 440 169 487 sum,
192 431 240 475 et
266 418 399 471 hanc
447 427 569 484 qua:
624 418 776 465 extra
833 408 1145 481 paradisum
1200 417 1286 463 est
1344 416 1540 461 terram
1570 423 1583 459 :
1616 412 1660 469 Α
1690 416 1939 474 parentes
1962 400 2131 457 nostri
2163 400 2436 457 cavissent
2457 400 2561 458 sibi
2586 410 2749 472 atque
2786 401 3072 458 Dominum
3103 408 3264 457 suum

44 515 182 581 idque
212 508 306 561 bac
326 503 626 575 justissima
674 501 885 555 ratione
936 498 1144 555 scilicet
1173 509 1232 552 ut
1271 497 1425 552 illum
1461 513 1490 550 a
1520 511 1581 551 se

42 604 260 660 ed‘ecturn
288 598 577 653 oblectaret
609 594 662 646 in
698 591 968 663 paradiso,
1000 591 1163 646 simul
1198 598 1253 647 et
1274 588 1578 660 periculum

45 695 251 755 faceret,
302 687 676 756 morigerusne
733 683 875 739 foret
936 684 990 738 in
1056 681 1392 738 observanda
1443 682 1581 753 lege,

49 802 99 842 an
127 756 327 839 rebellis
360 798 374 833 :
436 787 496 833 et.
537 777 810 848 morigero
861 775 1079 846 quidem
1128 776 1410 846 praemium
1451 767 1582 829 culti

45 876 265 951 praecepti
306 872 527 928 daretur
561 885 782 940 regnum
818 871 1063 935 caeleste,
1096 869 1149 921 in
1182 881 1293 940 quo
1328 883 1391 922 ex
1419 880 1583 936 para-

40 972 142 1027 diso
162 964 552 1026 sustolleretur,
589 972 648 1018 ut
698 963 772 1017 ibi
810 961 990 1018 omnis
1011 976 1208 1032 expers
1233 961 1584 1016 mortalitatis

47 1062 91 1116 in
116 1071 314 1115 summa
342 1055 619 1126 voluptate
675 1054 835 1110 vitam
867 1057 1133 1126 agitaret;
1182 1054 1402 1111 rebellis
1449 1068 1585 1108 vero

42 1160 181 1221 atque
206 1148 584 1219 pravaricator
642 1160 673 1198 e
701 1146 956 1218 paradiso
982 1147 1036 1201 iu
1068 1147 1209 1201 bane
1239 1144 1581 1202 maledictam

41 1250 213 1294 terram
242 1237 636 1293 detruderetur.
669 1236 803 1294 Nam
835 1248 889 1293 et
917 1237 1090 1309 angeli
1116 1238 1273 1309 jussa
1299 1243 1583 1307 peragunt,

39 1329 313 1400 divinaeque
348 1329 613 1384 voluntati
650 1330 1012 1401 obsequentes
1040 1337 1190 1397 sunt,
1224 1344 1331 1384 non
1368 1329 1575 1398 absque

38 1434 119 1488 spe
148 1419 342 1488 pramii
368 1420 515 1489 quod
554 1419 687 1490 ipsis
711 1420 929 1474 dabitur
950 1426 1071 1489 post
1103 1419 1409 1489 generalem
1434 1434 1583 1473 rnor-

38 1512 200 1566 talium
231 1512 682 1566 resurrectionem
718 1511 829 1583 (l0)
859 1527 889 1566 τη
903 1512 1066 1584 igitur
1089 1512 1133 1567 si
1163 1512 1339 1581 angeli
1363 1527 1425 1566 ea
1457 1526 1581 1567 cum

37 1620 119 1674 spe
145 1603 232 1660 Dei
265 1605 470 1659 cultum
500 1616 895 1676 exsequuntur,
956 1606 1128 1660 Adam
1178 1621 1395 1675 quoque
1421 1615 1586 1677 atque

37 1692 129 1749 Eva
161 1708 275 1749 cum
322 1696 468 1751 omni
500 1710 598 1751 sua
630 1696 949 1765 posteritate
987 1695 1091 1766 legi
1117 1695 1313 1752 divinae
1345 1698 1397 1752 in
1430 1711 1586 1768 para-

35 1786 138 1842 diso
162 1787 257 1841 bac
289 1802 386 1857 spe
408 1787 739 1856 paruissent,
770 1787 1141 1856 virtutemque
1189 1790 1578 1852 excoluissent,

34 1877 159 1949 quod
183 1878 301 1933 inde
328 1879 394 1934 ad
422 1879 547 1934 caeli
588 1894 812 1950 regnum
833 1888 1016 1935 essent
1033 1879 1316 1935 evebendi.
1340 1878 1583 1935 Etllcitur

34 1982 146 2038 ergo
174 1977 229 2023 ut
264 1971 720 2040 quemadmodum
753 1971 947 2039 abjecti
997 1982 1125 2026 sunt
1171 1971 1224 2026 in
1258 1972 1398 2028 banc
1431 1973 1585 2027 dete-

35 2062 257 2117 rtabilem
293 2071 489 2118 terram
538 2074 764 2135 propter
794 2080 953 2120 suum
980 2074 1259 2136 peccatum
1302 2066 1583 2137 legemque

36 2150 114 2208 Dei
141 2153 409 2217 violatam,
444 2154 518 2210 ita
545 2155 590 2210 si
631 2156 763 2227 legis
813 2157 1168 2214 observantes
1226 2159 1583 2228 mansissent,

34 2241 246 2298 futurum
279 2243 476 2309 fuisse,
512 2255 570 2301 ut
590 2246 813 2303 caeleste
845 2261 1072 2318 regnum
1119 2249 1583 2314 conscenderent,

34 2344 175 2403 atque
198 2334 328 2390 inibi
358 2336 413 2391 in
460 2336 672 2393 deliciis
727 2349 1047 2410 perpetuum
1086 2340 1344 2411 degerent
1382 2353 1582 2397 aevum.

38 2421 142 2478 liae
170 2424 239 2479 ita
256 2438 380 2482 esse
430 2434 660 2481 testatur
707 2426 1002 2499 Gregorius
1027 2427 1335 2501 Tlieologus
1367 2445 1429 2485 ea
1454 2447 1584 2487 ura-

37 2518 158 2572 tione
184 2533 344 2588 quam
378 2519 604 2590 scripsit
634 2520 690 2575 in
721 2522 1056 2576 Dominicam
1105 2538 1324 2591 novam,
1358 2523 1441 2579 bis
1463 2539 1585 2579 ver-

40 2608 104 2662 bis
135 2625 150 2663 :
181 2608 234 2663 Si
263 2611 662 2668 mansissemus
701 2613 752 2667 id
812 2614 956 2683 quod
1007 2628 1250 2678 eramus,
1304 2616 1587 2685 legemque

46 2696 113 2754 Dei
144 2698 614 2767 observassemus,
644 2701 697 2759 id
732 2701 858 2758 facti
901 2719 1143 2759 essemus
1176 2704 1318 2774 quod
1344 2720 1447 2759 non
1468 2707 1587 2761 fue-

46 2803 218 2854 motus,
250 2807 343 2860 per
370 2807 659 2848 accessum
694 2795 951 2849 nimirum
977 2794 1042 2849 ad
1077 2795 1282 2865 lignum
1311 2798 1434 2850 vita:
1464 2805 1587 2866 post

39 2883 210 2953 lignum
239 2886 512 2942 scientiae.
574 2886 678 2941 Sed
706 2887 833 2957 quid
868 2887 992 2944 facti
1021 2888 1042 2942 2
1074 2888 1200 2943 facti
1228 2888 1582 2954 immortales,

35 2987 172 3046 atque
205 2978 269 3031 ad
297 2977 471 3034 Deum
513 2980 734 3049 propius
784 2980 1033 3037 admissi.
1067 2978 1400 3037 Philoxenus
1452 2998 1588 3053 prae~

36 3076 157 3124 terea
205 3071 457 3127 oratione
511 3073 580 3127 de
633 3074 1095 3144 contemplatione
1155 3076 1286 3144 ligni
1334 3076 1458 3130 vita:
1509 3077 1659 3141 sicc

34 3161 239 3216 scribit:
280 3160 432 3218 Deus
464 3177 571 3218 non
604 3164 782 3218 solum
817 3179 912 3231 per
947 3174 1156 3219 naturae
1182 3166 1502 3221 instinctum
1532 3176 1589 3223 et

36 3248 300 3322 Scriptores
351 3256 733 3311 auctoritatem
776 3258 929 3312 ducit
990 3274 1090 3313 nos
1144 3259 1196 3312 in
1247 3261 1585 3331 agnitionem

34 3346 386 3415 mysteriorum
455 3349 661 3425 crucis,
714 3349 809 3404 sed
849 3366 945 3420 per
1000 3352 1176 3420 ipsum
1219 3353 1384 3407 etiam
1422 3368 1585 3422 quem

33 3439 284 3493 conseruit
306 3439 646 3507 paradisum,
678 3456 811 3517 quas.
829 3442 996 3510 prima
1038 3441 1141 3497 fuit
1168 3445 1381 3514 generis
1407 3445 1581 3498 nostri

33 3528 283 3585 habitatio.
321 3529 462 3585 Nam
495 3541 552 3587 ut
580 3536 895 3602 angelorum
928 3536 1085 3588 sedes
1106 3544 1189 3588 est
1224 3536 1447 3600 cmlum,
1475 3537 1585 3599 dm:

33 3634 228 3678 menum
257 3616 385 3680 vero
443 3634 565 3692 post
613 3627 852 3695 ipsorum
906 3642 1093 3682 casum
1156 3643 1251 3683 aer
1287 3628 1584 3697 (nimirum

35 3716 186 3770 medio
207 3718 424 3787 positus
457 3717 634 3788 loco);
671 3720 891 3789 insuper
920 3720 1281 3775 animantium
1302 3722 1584 3776 brutorum
1633 3774 1645 3787 ,

32 3816 76 3860 et
109 3810 378 3865 hominum
414 3822 536 3879 pOSt
566 3813 821 3870 violatam
855 3812 1050 3884 legem,
1081 3812 1195 3867 lucc
1230 3823 1371 3867 terra
1398 3813 1451 3867 in
1478 3828 1585 3883 qua

36 3914 165 3956 nune
207 3917 533 3969 versamur;
599 3904 833 3973 denique
886 3904 1116 3973 piscium
1182 3912 1237 3959 et
1280 3906 1583 3959 natatilinm

37 3991 246 4048 omnium
287 4009 488 4065 aqua;
525 4004 798 4062 postremo
832 3996 1025 4049 animae
1082 4010 1282 4065 corpus
1336 3996 1389 4049 in
1441 3986 1586 4065 quod

42 4084 238 4149 primum
270 4087 687 4155 estinspirata:
724 4087 804 4141 sic
828 4102 1045 4158 quoque
1074 4086 1380 4143 destinatus
1408 4088 1587 4145 fuerat

39 4172 295 4237 paradisus
346 4183 407 4230 ut
450 4183 597 4230 esset
642 4175 947 4241 hominum,
999 4178 1313 4248 priusquam
1366 4194 1588 4248 peccas-

36 4274 151 4330 sent,
203 4265 568 4323 domicilium.
630 4269 764 4323 Cum
821 4283 984 4338 porro
1047 4271 1101 4324 in
1143 4286 1210 4325 eo
1248 4271 1368 4326 leve
1422 4284 1585 4341 atque

34 4354 297 4413 observatu
338 4359 500 4413 facile
537 4360 847 4414 mandatum
883 4361 1182 4431 accepisset
1242 4363 1502 4426 Adamus,
1537 4365 1582 4418 si

1685 496 2054 564 agnovissent,
2080 494 2309 563 ejusque
2331 493 2645 562 paruissent
2666 492 2856 563 jussis,
2876 504 2929 549 et
2958 494 3125 549 animi
3152 509 3271 548 mo-

1683 584 1912 639 destiam
1952 584 2423 652 liumilitatemque
2478 584 2871 651 retinuissent,
2924 599 3266 656 nequaquam

1683 676 1999 731 amisissent
2056 675 2109 730 id
2140 690 2249 745 quo
2306 675 2515 742 praediti
2554 674 2766 730 fuerant
2800 676 2965 731 decus
2998 686 3160 747 atque
3181 692 3271 731 or-

1684 772 2027 819 namentum.
2061 764 2306 834 Denique
2342 763 2598 819 dominus
2621 762 2859 820 Iacobus
2879 764 3267 828 Botuanensis,

1684 856 1934 911 oratione
1964 855 2031 911 de
2081 856 2257 925 ejecto
2286 856 2500 910 Adamo
2541 865 2695 912 extra
2757 858 3107 929 paradisum,
3156 859 3272 912 haec

1685 948 1887 1020 scripta
1944 949 2163 1019 reliquit
2202 965 2218 1002 :
2265 947 2593 1003 Condiderat
2635 947 2775 1005 Deus
2836 949 3127 1014 Adamum,
3162 964 3271 1004 non

1684 1039 2079 1112 qubparadiso
2099 1040 2350 1111 pelleret,
2382 1040 2478 1097 sed
2510 1048 2570 1094 ut
2606 1028 2922 1111 paradisum
2954 1039 3122 1096 veluti
3146 1041 3272 1119 jure
3358 1034 3361 1039 ’

1686 1131 2033 1187 ιιωτεαίωτίο
2087 1132 2414 1198 possideret,
2452 1132 2503 1185 in
2545 1146 2722 1202 eoque
2772 1131 3170 1200 dominaretur,
3203 1148 3271 1189 eo

1689 1224 1969 1277 hominem
2002 1222 2252 1287 ﬁnxerat,
2284 1222 2483 1293 quippe
2518 1224 2678 1294 cujus
2712 1224 2887 1295 gratia
2920 1226 3082 1280 etiam
3107 1240 3273 1280 mun-

1687 1316 1813 1368 dum
1858 1313 2039 1384 ipsum
2088 1322 2422 1370 creaverat:
2485 1316 2842 1385 quamobrem
2895 1317 3060 1372 simul
3111 1328 3276 1388 atque

1686 1405 1936 1459 conditus
1986 1412 2092 1471 est,
2154 1404 2396 1460 incolere
2454 1407 2769 1475 paradisum
2820 1410 3010 1478 cmpit,
3054 1412 3274 1480 quando

1686 1494 1865 1548 adhuc
1899 1494 2047 1548 nulla
2077 1496 2387 1565 nuptiarum
2420 1496 2628 1551 mentio
2658 1506 2798 1554 erat.
2821 1497 2961 1552 Tum
2987 1513 3113 1553 mox
3143 1501 3275 1556 sub-

1682 1586 1804 1656 jicit
1835 1604 1852 1644 :
1880 1584 1948 1641 Et
1976 1598 2036 1640 ut
2067 1588 2135 1645 jn
2163 1589 2438 1658 paradiso,
2475 1588 2551 1642 ita
2579 1590 2631 1644 in
2672 1590 2811 1646 caelo
2840 1605 3058 1661 quoque
3078 1590 3274 1646 victuri

1686 1689 1843 1735 erant
1879 1679 1932 1735 in
1969 1680 2297 1735 suavissima
2334 1696 2459 1736 cum
2514 1679 2624 1737 Deo
2664 1683 3081 1749 consuetudine,
3111 1692 3276 1754 atque

1685 1768 1888 1823 familia
1899 1768 2059 1824 ritate
2077 1810 2094 1835 ,
2116 1779 2224 1824 etc.
2246 1768 2732 1841 Colligituritaque
2752 1787 2816 1828 ex
2852 1773 2934 1827 bis
2961 1780 3272 1828 sanctorum

1681 1862 1901 1916 Patrum
1931 1872 2092 1932 atque
2112 1864 2462 1930 probatorum
2490 1873 2774 1919 auctorum
2803 1866 2982 1933 dictis,
3007 1865 3272 1921 Adamum

1682 1965 1735 2011 et
1770 1952 1964 2021 Evam,
2011 1955 2056 2010 si
2085 1955 2323 2009 mandati
2362 1956 2530 2010 divini
2557 1956 2911 2012 observantes
2940 1946 3275 2013 mansissent

1686 2062 1868 2115 neque
1920 2046 2276 2123 deliquissent
2316 2048 2685 2107 sustollendos
2742 2048 2912 2104 fuisse
2945 2050 2997 2103 in
3048 2050 3272 2105 caeleste

1685 2154 1913 2209 regnum
1950 2155 2113 2208 supra
2156 2142 2584 2205 armamentum,
2621 2140 2711 2195 ubi
2741 2156 2967 2210 prorsus
2990 2142 3273 2195 immorta-

1684 2231 1836 2284 litate
1864 2230 2070 2297 donati,
2102 2232 2155 2285 in
2182 2231 2511 2300 sempiterna
2530 2232 2793 2287 vixissent
2809 2235 3104 2301 voluptate.
3129 2231 3271 2300 Quin

1687 2320 1793 2377 boc
1822 2321 1999 2391 ipsum
2032 2320 2229 2375 rationi
2290 2336 2445 2391 aeque
2475 2332 2623 2377 certe
2669 2333 3097 2379 consentaneum
3141 2334 3272 2389 est;

1687 2424 1743 2467 ut
1770 2413 1915 2467 enim
1975 2420 2197 2483 propter
2243 2412 2456 2469 violata
2510 2412 2645 2483 legis
2677 2427 2960 2483 peccatum
3017 2417 3275 2485 paradiso

1686 2502 1951 2560 eliminati
1996 2512 2144 2567 sunt,
2174 2514 2339 2573 atque
2393 2505 2446 2558 in
2478 2505 2621 2559 banc
2668 2506 3009 2560 maledictum
3057 2497 3267 2561 det‘rusi

1689 2606 1912 2660 terrain,
1944 2597 2017 2649 ita
2049 2597 2094 2649 si
2116 2595 2317 2649 divinis
2331 2596 2502 2666 jussis
2523 2599 3074 2667 obtemperavissent,
3099 2613 3275 2669 eoque

1684 2688 1819 2760 justi
1860 2688 2036 2745 effecti
2073 2688 2329 2757 fuissent,
2365 2686 2470 2745 hoc
2522 2699 2681 2745 erant
2712 2692 2939 2761 praemio
2964 2682 3272 2756 alliciendi;

1689 2784 1904 2838 scilicet
1933 2793 1989 2836 ut
2027 2798 2093 2837 ex
2138 2782 2391 2853 paradiso
2426 2786 2480 2837 in
2510 2784 2732 2840 cmleste
2766 2800 2993 2856 regnum
3036 2788 3275 2859 emigra-

1690 2883 1829 2937 rent,
1848 2889 1957 2944 quo
1995 2875 2121 2930 inde
2159 2875 2230 2929 ab
2252 2874 2631 2953 orbeconilito
2651 2876 2782 2947 ipsis
2806 2878 3273 2949 fueratparatum,

1690 2973 1749 3019 ut
1774 2967 1849 3020 ait
1879 2964 2163 3029 Dominus,
2216 2965 2283 3019 ad
2318 2966 2447 3021 Adae
2475 2975 2531 3022 et
2578 2964 2707 3022 Eva!
2735 2971 3132 3038 posteritatem.

2238 3055 2468 3112 CAPUT
2533 3058 2721 3113 XXIII.

1763 3150 2018 3215 Quandiu
2078 3151 2132 3204 in
2167 3151 2423 3220 paradiso
2472 3152 2795 3207 mansissent
2835 3156 3148 3224 priusquam
3208 3158 3277 3210 ad

1688 3245 1891 3299 calcate
1926 3258 2138 3314 regnum
2168 3245 2480 3299 traducendi
2502 3246 2764 3315 fuissent,
2796 3250 2842 3302 si
2871 3266 2973 3304 non
3009 3252 3274 3322 deliquis-

1687 3347 1801 3389 sent
1820 3336 1981 3404 primi
2009 3347 2273 3404 parentes.
2307 3366 2379 3376 —
2427 3336 2534 3391 Sed
2561 3340 2676 3406 jam
2735 3346 2970 3410 quaestio
2995 3346 3173 3399 oritur
3207 3349 3278 3403 de

1698 3428 1955 3496 temporis
1978 3429 2155 3497 spatio
2187 3430 2508 3500 quantisper
2540 3432 2749 3487 scilicet
2775 3434 2828 3487 in
2858 3436 3111 3504 paradiso
3142 3437 3277 3495 fuis-

1690 3528 1813 3572 sent
1835 3522 2228 3575 commoraturi
2260 3521 2423 3590 primi
2455 3524 2627 3576 nostri
2668 3537 2945 3595 parentes,
2979 3537 3270 3601 antequam

1687 3613 1753 3665 ad
1817 3613 2041 3667 caeleste
2102 3627 2327 3682 regnum
2383 3613 2783 3684 emigrassent,
2844 3617 2889 3673 si
2964 3624 3279 3688 paruissent

1689 3702 1887 3781 divinze
1918 3702 2043 3772 legi.
2073 3701 2360 3772 Tantisper
2384 3718 2519 3759 sane
2569 3705 2697 3758 dum
2764 3722 2863 3776 pro
2895 3708 3079 3765 divina
3109 3712 3275 3767 bene-

1687 3796 1925 3850 dictione
1964 3811 1981 3851 :
2040 3793 2272 3851 Crescite
2328 3807 2377 3851 et
2413 3797 2880 3880 multiplicamini,
2922 3803 3065 3858 aucti
3127 3807 3276 3874 prole

1689 3895 1852 3956 atque
1914 3888 2250 3958 multiplicati
2308 3888 2560 3946 homines
2617 3907 2908 3947 numerum
2968 3907 3276 3965 aequassent

1690 3978 1904 4033 Satanae
1952 3988 2012 4033 et
2050 3994 2269 4043 ,earum
2300 3980 2605 4051 'copiarum
2657 3997 2779 4052 quae
2832 3998 2955 4038 cum
3006 3984 3120 4055 ipso
3178 4004 3275 4042 ex-

1686 4074 1929 4128 ciderant
1958 4074 2118 4128 caalo.
2164 4065 2431 4129 Eo-e'nim
2468 4090 2700 4130 numero
2755 4076 2990 4147 expleto,
3025 4081 3115 4148 qui
3173 4098 3273 4135 nu-

1677 4153 1873 4220 'merus
1918 4167 1972 4219 in
2025 4164 2117 4221 Dei
2148 4166 2465 4237 cognitione
2496 4166 2605 4240 fuit
2654 4168 2928 4237 deﬁnitus,
2980 4174 3274 4242 elapsoque

1682 4257 1795 4327 jam
1850 4264 1962 4310 tum
2005 4257 2156 4327 justo
2208 4267 2495 4328 tempore;
2552 4259 2902 4333 traducturus
2958 4271 3075 4315 erat
3124 4262 3273 4332 ipsos

1690 4350 1833 4405 Deus
1865 4351 1917 4404 in
1950 4366 2175 4422 regnum
2208 4350 2452 4406 cmleste.
2502 4352 2632 4420 Ejus
2662 4351 2807 4406 enim
2843 4352 2918 4407 rei
2960 4355 3128 4424 gratia
3162 4364 3270 4411 tam

5 4450 104 4521 ,cui
146 4454 433 4520 paruisset,
460 4453 514 4506 in
544 4453 743 4507 malum
778 4454 925 4510 illinc
955 4453 1268 4510 evehendus
1300 4465 1417 4510 erat
1450 4473 1465 4510 :
1493 4458 1583 4511 illo

1690 4442 2008 4512 spatiosum,
2033 4442 2297 4512 amplum,
2323 4456 2575 4512 capacem
2600 4443 2915 4499 condiderat
2937 4448 3270 4516 paradisum,

33 4550 217 4610 spreto,
280 4545 486 4613 Deique
535 4545 779 4616 neglecto
808 4547 996 4611 verbo,
1062 4563 1171 4603 non
1218 4549 1378 4603 modo
1411 4550 1589 4604 caruit

31 4635 170 4702 creto,
193 4638 336 4706 quod
365 4635 470 4692 sibi
500 4637 702 4706 alioqui
736 4654 857 4692 cum
890 4640 1231 4709 incorporeis
1254 4640 1358 4695 illis
1413 4641 1587 4709 copiis
1651 4686 1659 4693 .

32 4738 300 4782 (omniane
337 4726 586 4783 futurum
634 4726 859 4794 fuisset;
893 4744 1077 4783 rerum
1117 4730 1285 4785 etiam
1306 4731 1582 4799 paradiso,

31 4816 109 4883 qui
135 4820 342 4875 medius
373 4829 493 4873 erat
522 4818 694 4884 locus,
728 4836 824 4890 per
857 4820 1209 4890 ignominiam
1236 4805 1476 4890 dejectus
1497 4829 1580 4876 est

32 4903 233 4965 iubanc
259 4920 463 4966 terram
521 4923 741 4981 peccato
789 4913 1105 4978 obnoxiam,
1156 4919 1217 4967 ut
1247 4912 1303 4967 in
1338 4927 1400 4967 ea
1456 4927 1581 4967 cum

30 4998 186 5056 brutis
257 5004 559 5073 pecudibus
628 5013 957 5059 versaretur.
1010 5005 1275 5060 Praeterea
1331 5005 1583 5060 dominus

29 5087 248 5149 Joannes
264 5096 511 5150 oratione
541 5106 730 5151 contra
762 5112 857 5151 eos
883 5098 973 5167 qui
1009 5096 1269 5153 mundum
1294 5097 1584 5168 gubernari

30 5196 56 5233 a
81 5183 405 5242 damonibus
434 5198 644 5256 putant,
679 5189 937 5257 scriptum
966 5188 1181 5258 reliquit
1208 5189 1261 5242 in
1291 5191 1426 5243 lianc
1450 5202 1576 5263 sen-

32 5276 273 5330 tentiam:
309 5275 365 5331 Si
391 5278 690 5347 ejiciendus
723 5288 839 5331 erat
868 5278 1037 5331 Adam
1069 5279 1137 5333 de
1184 5279 1459 5348 paradiso,
1484 5293 1583 5331 cur

32 5364 90 5418 ab
114 5365 262 5423 initio
292 5349 522 5425 donatus
544 5381 624 5424 est
654 5385 683 5422 a
727 5370 833 5424 Deo
875 5370 1172 5439 paradiso?
1198 5378 1383 5424 nostra
1435 5378 1582 5424 rerte

32 5469 179 5513 causa
205 5463 315 5515 haec
352 5462 425 5518 ita
476 5465 694 5517 evenire
740 5463 1040 5531 opertebat.
1067 5460 1200 5514 Nam
1234 5461 1277 5515 si
1306 5462 1467 5529 primi
1502 5461 1576 5515 illi

96 5666 200 5743 ('0)
228 5670 393 5726 Caute
450 5674 563 5743 lege
601 5689 613 5726 :
677 5673 811 5727 nibil
864 5674 1010 5727 enim
1038 5673 1245 5742 praemii
1278 5673 1585 5729 essentialis

36 5740 224 5806 angulis
246 5743 464 5798 obvenit
506 5740 603 5803 aut
637 5753 914 5801 accrescct
957 5740 1083 5813 post
1128 5745 1435 5815 generalem
1476 5746 1579 5799 lio-

1693 4540 1751 4586 ut
1781 4533 2052 4587 universa:
2080 4526 2387 4602 posteritati
2420 4535 2549 4589 Adae
2587 4536 2723 4591 satis
2761 4537 2813 4590 in
2857 4536 2973 4607 ipso
3000 4548 3143 4593 esset
3168 4539 3270 4596 loci

1695 4624 1761 4678 ad
1792 4624 2139 4679 morandum.
2174 4626 2229 4679 In
2259 4627 2360 4681 liae
2407 4627 2571 4682 etiam
2624 4630 2889 4690 sententia
2930 4642 3014 4684 est
3062 4630 3274 4700 Grego-

1689 4717 1803 4771 rius
1825 4713 2135 4787 Tbeologus
2162 4720 2291 4771 dum
2352 4718 2429 4772 ait
2467 4719 2731 4774 mundum
2775 4721 3134 4791 superiorem,
3181 4739 3273 4777 ex-

1688 4809 1822 4879 pleri
1845 4811 2075 4874 debere;
2097 4822 2250 4866 vocat
2284 4812 2427 4867 enim
2452 4813 2715 4866 mundum
2744 4814 3103 4882 superiorem,
3129 4815 3273 4884 ipsas

1691 4902 1940 4957 cmlestes
1966 4903 2171 4972 copias,
2202 4919 2431 4971 quarum
2461 4919 2749 4959 numerum
2770 4945 2787 4971 ,
2821 4907 3013 4960 diaboli
3065 4914 3119 4961 et
3150 4905 3273 4975 ejus

1694 4994 1971 5049 sociorum
2025 5010 2157 5050 casu
2196 4995 2551 5061 diminutum,
2600 5009 2789 5052 censet
2852 4998 3269 5053 instaurandum

1694 5101 1817 5141 esse
1870 5096 2035 5156 atque
2059 5088 2443 5157 supplendum,
2479 5089 2667 5143 aseitis
2704 5089 2922 5142 totidem
2961 5090 3012 5141 in
3055 5090 3271 5144 illorum

1692 5179 1785 5249 qui
1816 5180 2064 5234 excidere
2115 5181 2331 5245 locum:
2364 5181 2470 5235 hoc
2501 5189 2606 5243 est,
2652 5182 2918 5236 traductis
2956 5182 3008 5234 in
3048 5183 3269 5236 caeleste

1689 5286 1917 5340 regnum
1971 5270 2305 5326 hominibus.
2366 5270 2658 5340 Gregorius
2703 5289 2922 5343 quoque
2978 5273 3269 5343 Nyssaenns

1690 5362 2100 5420 Commentario
2125 5366 2192 5419 de
2232 5365 2633 5434 compositione
2684 5367 2945 5423 hominis.
2974 5368 3137 5436 capit.
3180 5367 3268 5431 t8,

1688 5458 1753 5511 ad
1778 5457 1923 5512 hunc
1950 5458 2170 5511 modum
2201 5457 2433 5513 scribit:
2467 5456 2571 5513 Sed
2637 5458 2830 5513 modus
2868 5458 2954 5512 ille
3006 5459 3271 5527 multipli-

1698 5670 1907 5725 minum
1962 5669 2444 5731 resurrectionem,
2501 5668 2606 5724 nisi
2667 5676 2876 5721 tantum
2933 5668 3270 5724 accidentalc

1692 5740 1824 5797 Vide
1874 5740 2089 5797 Sixtu'n
2126 5743 2220 5796 lib.
2259 5757 2309 5808 ι’,
2346 5738 2619 5807 Biblioth.,
2664 5750 2849 5795 auuol.
2899 5740 3013 5793 126.
