4008 6342
664 286 667 287 ί
723 200 835 266 διε».

1993 197 2224 260 MOSIS
2264 197 2294 256 Ὲ

2393 197 2413 254 ι
2451 186 2698 255 CEPHA
3530 183 3535 188 ’
3842 198 3912 266 stt

718 313 874 368 candi
901 310 990 382 qui
1026 311 1081 366 in
1107 310 1420 381 angelorum
1453 319 1646 366 natura
1675 316 1784 372 est,
1809 307 1863 362 in
1894 307 1962 363 iis
2001 309 2164 363 etiam
2192 307 2286 377 qui
2318 315 2362 370 Α
2391 305 2483 361 sed
2501 304 2641 360 idem
2660 305 2748 360 illc
2763 303 3398 375 modusquoaugeiorum
3415 311 3608 360 natura
3624 305 3912 377 inultipncsu

720 405 942 474 paulum
969 403 1219 459 diminuti
1269 410 1396 458 sunt
1416 402 1483 456 ab
1524 401 1731 471 angelis
1755 401 1882 469 (hoc
1935 408 2052 463 est,
2102 400 2155 452 in
2190 399 2287 452 ho-

724 495 984 566 minibus)
1006 497 1145 549 viam
1179 509 1334 550 suam
1349 493 1676 562 exercuisset
1715 492 1782 547 ad
1819 490 2309 562 multiplicandum.

721 602 894 654 genus
951 588 1250 640 humanum
1289 598 1456 655 usque
1497 585 1564 639 ad
1593 583 1876 638 definitum
1907 581 2127 652 Opilicis
2161 595 2293 636 cun-

718 679 843 735 silio
872 693 1182 736 numerum.

1274 787 1501 847 CAPUT
1534 786 1728 844 XXIV.

789 907 1054 962 Adamunt
1074 916 1122 961 et
1147 877 1314 960 Esaia
1348 881 1450 960 non
1479 905 1616 958 solos
1649 902 1704 957 iit
1729 901 1984 973 paradiso
2012 915 2292 956 mansuros

657 1010 665 1021 ’
718 999 907 1068 fttisss,
923 999 1011 1055 sed
1046 997 1219 1052 sobole
1247 996 1418 1051 nauita
1439 993 1728 1066 augendos,
1748 995 1796 1051 si
1831 995 2144 1048 mandatum
2193 993 2292 1047 Dei

716 1103 823 1142 non
839 1086 1401 1142 eiotassent.—Soient
1416 1099 1580 1155 porro
1595 1085 1699 1140 hoc
1717 1084 1881 1140 etiam
1896 1099 2140 1156 quaerere
2155 1082 2204 1155 (ι
2218 1083 2290 1155 Ι),

715 1171 828 1250 qui
875 1194 1052 1234 rerum
1114 1177 1636 1249 cognoscendarum.
1672 1176 1948 1232 desiderio
2001 1185 2288 1239 tenentur;

716 1270 947 1326 fuissent
981 1284 1052 1326 ne
1085 1268 1242 1340 primi
1292 1277 1543 1340 parentes
1576 1266 1678 1323 soli
1733 1268 1788 1322 in
1826 1267 2080 1339 paradiso
2110 1281 2291 1322 mora-

720 1361 850 1424 turi,
881 1361 930 1417 si
982 1362 1152 1429 legem
1177 1360 1610 1425 observassent;
1658 1374 1727 1414 an
1758 1375 1890 1414 vero
1932 1360 2118 1415 sobole
2166 1374 2292 1430 pro.

714 1463 894 1531 creata
945 1453 1302 1510 nihilominus
1357 1453 1665 1509 crevissent
1724 1467 1953 1507 numero
2017 1451 2290 1508 homines.

714 1547 923 1614 Quibus
936 1561 1254 1617 responsum
1279 1547 1530 1601 volumus
1545 1555 1924 1617 generaturos,
1944 1545 2293 1613 maximoque

713 1646 942 1694 numera
990 1637 1424 1708 multiplicandos
1471 1635 1685 1693 fuisse:
1738 1637 1903 1706 idque
1947 1634 2030 1690 vel
2070 1633 2288 1724 ex_ipsa
2321 1665 2364 1724 Β

713 1730 1086 1786 benedictione
1143 1746 1249 1799 qua
1302 1729 1452 1800 ipsos
1512 1737 1837 1800 prosecutus
1887 1727 2068 1781 fuerat
2145 1722 2290 1780 Deus

712 1833 990 1886 constare,
1023 1805 1160 1878 cum~
1191 1821 1438 1877 diceret:
1469 1819 1702 1876 Crescite
1732 1829 1782 1874 et
1840 1817 2287 1888 multiplicamini,

715 1924 1012 1984 terramque
1045 1912 1238 1984 replete
1277 1921 1327 1967 et
1373 1929 1490 1967 eam
1522 1911 1766 1984 subigite.
1815 1910 1893 1968 Ea
1924 1913 2070 1968 enim
2126 1911 2292 1968 verba

713 2022 838 2061 eum
872 2006 1186 2072 simul.cum
1220 2004 1398 2062 fausu
1433 2006 1752 2076 precatione
1809 1992 2128 2061 mandatum
2159 2021 2294 2062 con-

714 2093 959 2162 tineant;
989 2093 1112 2163 quis
1146 2094 1406 2162 ambigat.
1437 2093 1569 2165 quin
1625 2092 1720 2149 Dei
1771 2104 1828 2149 et
1877 2095 2191 2165 apprccatio
2237 2102 2292 2150 et

695 2187 1031 2256 ,tuandatum
1080 2199 1306 2256 prorsus
1341 2186 1648 2256 praestanda
1700 2185 1950 2256 fuerint?
1994 2180 2294 2242 coniicitur

716 2276 939 2345 itaque.
1004 2275 1274 2331 Adamum
1335 2287 1391 2332 et
1442 2275 1609 2332 Evam
1657 2278 1904 2340 sobolem
1943 2291 2291 2333 numerosam

715 2379 1104 2438 propagaturos
1145 2370 1354 2433 fuisse;
1401 2385 1577 2441 neque
1619 2372 1769 2427 solos
1817 2371 1944 2427 illos
1969 2369 2290 2441 “paradisum

718 2462 1077 2527 habitaturus,
1109 2463 1152 2518 si
1179 2463 1497 2518 obodientes
1529 2463 1882 2518 mansissent.

1259 2575 1492 2633 CAPUT
1561 2576 1733 2632 XXV.

781 2691 1075 2760 Caeterum,
1097 2692 1242 2765 quod
1265 2693 1437 2765 quaeri
1461 2693 1619 2760 solet,
1641 2709 1735 2764 per
1753 2693 2123 2750 Venereumne
2145 2709 2295 2749 com-

716 2787 935 2857 plexum
999 2800 1219 2855 operam
1254 2785 1442 2843 liberis
1495 2785 1781 2858 gignendis
1831 2786 2010 2842 daturi
2066 2784 2296 2842 fuissent

719 2879 968 2933 homines
1005 2876 1056 2930 in
1087 2877 1368 2948 paradiso.
1393 2891 1464 2933 an
1515 2879 1722 2948 absque
1757 2878 1961 2950 nuptiis
1991 2896 2007 2935 :
2033 2875 2290 2946 dicimus,

717 2983 779 3026 ut
812 2973 928 3042 ipsa
977 2981 1162 3027 nostra
1200 2978 1400 3030 natura
1457 2986 1663 3027 arcano
1727 2973 2025 3029 conditoris
2075 2975 2163 3028 sui
2196 2972 2290 3028 Dei

718 3063 947 3119 consilio
995 3062 1129 3119 scite
1157 3061 1506 3132 fecundatur,
1559 3079 1809 3136 augetur,
1852 3066 2289 3140 multiplicatur;

717 3155 792 3210 ita
824 3156 1140 3210 universum
1174 3170 1394 3228 quoque
1433 3155 1733 3211 humanum
1773 3173 1946 3227 genus
1995 3156 2293 3213 fecundan-

717 3248 870 3312 dum,
901 3249 1231 3320 augendum,
1264 3251 1736 3320 multiplicandum
1770 3251 1960 3316 fuisse,
1985 3262 2042 3308 et
2068 3252 2288 3323 quidem

717 3341 928 3410 absque
975 3341 1290 3398 concubitu.
1320 3339 1453 3396 Nam
1479 3352 1534 3397 et
1571 3342 1748 3413 angeli
1799 3345 1956 3399 multi
1999 3355 2293 3403 evaserunt

715 3433 957 3504 quidem,
989 3433 1083 3488 sed
1115 3435 1324 3502 absque
1379 3436 1604 3505 nuptiis.
1642 3446 1697 3490 et
1736 3427 1907 3490 Adam
1961 3449 2124 3507 atque
2179 3438 2290 3497 Eva

716 3525 834 3580 sine
875 3525 1080 3581 Venere
1119 3526 1231 3582 nati
1276 3525 1522 3594 fuerant;
1554 3529 1620 3582 ad
1677 3529 1804 3592 boc,
1845 3525 2185 3586 etiamnunc
2211 3533 2294 3587 vi-

715 3619 844 3674 dere
873 3625 958 3674 est.
995 3619 1162 3673 multa
1193 3620 1512 3675 animalium
1549 3637 1744 3690 genera
1773 3623 1981 3694 absque
2001 3626 2144 3680 coitu
2174 3640 2294 3696 pro-

714 3712 922 3780 pagari,
941 3713 1100 3780 quale
1124 3721 1206 3766 est
1224 3714 1485 3767 vermium
1506 3730 1701 3785 genus,
1728 3725 1778 3771 et
1801 3717 2061 3784 culicum,
2079 3719 2293 3790 aliaque
2355 3720 2382 3762 ’-

715 3803 1014 3870 complura.
1050 3803 1198 3860 llauc
1230 3808 1555 3862 sententiam
1601 3809 1864 3878 approbat
1897 3825 2115 3879 quoque
2146 3811 2291 3867 Gre-

716 3897 898 3965 gorius
935 3895 1209 3968 Nyssaaus,
1234 3900 1655 3956 Commentariis
1676 3902 1743 3955 de
1765 3901 2002 3958 hominis
2020 3905 2294 3974 composi-

719 3988 885 4051 tione,
914 3989 1076 4057 capit.
1112 3987 1197 4053 18,
1226 3989 1481 4059 inquiens
1515 4006 1531 4047 :
1559 3990 1727 4063 Aiuqt
1759 3993 2015 4063 quidam,
2049 3996 2092 4049 si
2115 3995 2320 4052 nullus.

718 4083 987 4150 l'uissetiu
1014 4083 1268 4151 paradiso
1313 4083 1953 4154 complexus,‘bumanas
1997 4090 2208 4144 animas
2241 4089 2294 4142 in

718 4190 915 4246 magno
947 4193 1168 4232 nmuero
1191 4178 1401 4234 luturas
1432 4193 1538 4234 non
1571 4179 1758 4236 fuisse.
1786 4180 1893 4236 Nos
1915 4198 2042 4237 vero
2064 4185 2296 4247 dicimus

718 4264 991 4320 hominem
1023 4281 1150 4324 ante
1195 4283 1471 4338 peccatum
1533 4272 1833 4326 admissum
1876 4275 2292 4346 luasiaugelum

2315 3021 2362 3085 C

2392 409 2477 454 est
2523 399 2577 452 in
2617 400 2853 452 humano
2910 413 3106 468 genere
3142 397 3284 467 quod
3338 396 3630 452 Paululum
3669 401 3732 452 ab
3767 401 3916 472 angelis

2393 491 2650 544 minutum
2685 490 2843 554 est",
2867 489 3050 544 eﬂicax
3091 488 3302 552 fuisset,
3327 502 3384 545 ut
3414 491 3481 545 ad
3502 505 3628 546 eum
3655 505 3918 562 augesceret

2393 597 2678 637 numerum
2696 582 2788 652 qui
2819 581 2913 636 Dei
2940 582 3168 638 consilio
3185 583 3442 639 definitus
3464 591 3604 638 erat.
3622 581 3770 649 Quod
3784 586 3920 656 siquis

2392 691 2522 730 vero
2546 684 2752 746 quaerat
2788 675 3242 746 procreandarum
3277 675 3583 730 animarum
3618 677 3814 747 absque
3846 696 3918 733 nu-

2394 767 2520 837 ptiis
2543 769 2808 820 rationem
2849 766 3180 836 modumque
3204 806 3220 830 ,
3254 766 3301 822 is
3331 766 3567 822 vicissim
3612 767 3766 821 nobis
3796 766 3920 828 dicat.

2297 852 2302 856 ’
2392 873 2504 929 quo
2537 857 2839 913 subsistant
2869 859 3030 912 modo
3063 857 3260 928 angeli,
3293 858 3375 914 sic
3397 857 3539 914 enim
3571 858 3813 914 homines
3837 860 3922 914 sine

2393 951 2676 1022 complexu
2712 951 2941 1007 fuissent
2968 951 3303 1022 multiplicati
3331 959 3390 1006 ut
3413 951 3615 1023 angeli.
3648 950 3791 1006 Idem
3811 950 3919 1021 Nyt~

2393 1059 2555 1107 saeus,
2585 1060 2704 1115 cap.
2742 1045 2828 1100 ιι.
2859 1034 2979 1115 ejus
3034 1044 3238 1113 operis,
3293 1045 3375 1100 sic
3420 1045 3583 1099 habet
3619 1063 3632 1099 :
3677 1044 3733 1098 Si
3767 1060 3841 1099 me
3863 1046 3923 1099 in-

2392 1139 2776 1208 tcrrogavet-is,
2817 1139 2910 1208 qui
2963 1137 3270 1206 potuissent
3316 1145 3397 1192 tot
3453 1125 3740 1192 hominum
3795 1137 3924 1192 millia

2395 1231 2690 1299 procreari,
2723 1231 2768 1286 si
2817 1231 3138 1286 concubitus
3178 1231 3363 1286 nullus
3417 1230 3634 1295 fuisset,
3697 1245 3795 1303 ego
3839 1249 3924 1287 mu-

2395 1337 2545 1380 tuttm
2575 1339 2641 1379 ex
2677 1335 2728 1380 te
2774 1333 2976 1394 petam,
3013 1323 3104 1392 qui
3158 1325 3228 1380 sit
3284 1335 3580 1396 prognatus
3616 1325 3808 1392 Adam,
3857 1329 3924 1397 qui

2395 1415 2526 1480 Eva,
2550 1418 2769 1488 quando
2797 1419 2958 1472 nolite
2977 1417 3342 1472 intervenerat
3371 1417 3603 1488 nuptis!
3629 1417 3771 1486 Quid
3796 1420 3924 1489 ergo?

2393 1512 2458 1566 ad
2483 1525 2683 1566 eumne
2717 1511 2966 1577 modum,
2999 1527 3111 1580 quo
3130 1510 3220 1566 “illi
3270 1522 3394 1566 sunt
3444 1509 3646 1578 eﬂ‘ecti,
3707 1512 3923 1567 nascituri

2393 1611 2550 1657 erant
2609 1603 2866 1672 deinceps
2909 1617 3100 1656 omnes
3149 1600 3459 1656 mortales?
3516 1600 3659 1656 Sane
3710 1601 3926 1671 genitura

2395 1694 2590 1749 modus
2620 1695 2814 1750 talisne
2848 1709 2916 1749 an
2967 1692 3104 1748 alius
3136 1692 3296 1748 fuerit
3330 1692 3566 1754 futurus.
3602 1693 3655 1747 id
3691 1693 3800 1762 jam
3828 1695 3924 1746 milii

2394 1799 2500 1839 non
2537 1793 2620 1840 est
2657 1783 3034 1854 explicandum
3071 1802 3086 1838 :
3140 1785 3242 1838 hoc
3287 1782 3431 1838 enim
3469 1783 3632 1838 modo
3685 1782 3924 1853 quatitur,

2394 1878 2740 1934 conuubione
2774 1892 2912 1947 opus
2965 1875 3160 1930 fuisset
3210 1875 3318 1931 Deo
3349 1876 3416 1931 ad
3468 1877 3769 1931 hutnattum
3796 1889 3927 1944 genus

2366 1970 2864 2040 .multiplicandum
2924 1972 2978 2023 in
3030 1969 3212 2033 terris,
3269 1983 3337 2023 an
3387 1968 3634 2024 minime.
3698 1967 3928 2023 Hactenus

2391 2074 2456 2115 ex
2491 2060 2737 2131 Nyssaeo.
2774 2059 2878 2114 Sed
2926 2068 2982 2114 et
3028 2058 3285 2114 dominus
3307 2056 3544 2114 Jacobus
3572 2057 3640 2114 de
3691 2057 3926 2113 Botnam:

2393 2151 2469 2208 Et
2501 2153 2702 2224 quibus
2729 2151 2952 2224 (inquit)
2980 2167 3164 2223 quasso
3200 2151 3408 2220 nuptiis
3442 2151 3623 2207 editus
3653 2161 3743 2206 est
3767 2152 3929 2206 Adam?

2393 2261 2531 2316 quos
2562 2256 2756 2316 passus
2793 2245 2909 2314 ipse
2940 2245 3157 2300 dolores
3205 2255 3262 2298 ut
3295 2243 3459 2298 Evam
3495 2244 3756 2314 pareret?
3779 2242 3926 2298 Milites

2393 2338 2710 2409 angelorum
2767 2338 2937 2391 millia
2996 2345 3141 2391 stant
3191 2351 3375 2390 coram
3437 2334 3569 2403 Deo,
3623 2351 3734 2392 nec
3791 2345 3925 2391 tamen

2393 2446 2582 2486 eorum
2633 2430 2782 2487 ullus
2817 2439 2973 2486 utero
3011 2439 3276 2498 gestatus.
3303 2436 3398 2483 aut
3443 2427 3665 2499 gravida
3701 2428 3820 2484 alvo
3840 2444 3926 2482 cum

2394 2523 2678 2578 doloribus
2718 2523 2775 2576 iu
2810 2521 2987 2576 lucem
3042 2522 3223 2578 editus
3253 2531 3336 2576 est
3365 2538 3379 2575 :
3417 2521 3591 2574 multo
3619 2534 3758 2591 ergo
3802 2518 3929 2588 magis

2396 2611 2820 2668 existimandum
2873 2621 2956 2668 est
2996 2611 3244 2683 Opiﬁcem
3272 2610 3440 2666 Deum
3474 2612 3732 2668 homines
3769 2613 3928 2680 absque

2394 2707 2601 2776 nuptiis
2644 2716 3060 2778 procreaturum
3091 2705 3293 2773 fuisse,
3328 2708 3468 2761 sicut
3501 2705 3716 2776 primos
3758 2719 3931 2774 quoque

2396 2800 2518 2856 illos
2549 2809 2826 2871 parentes,
2873 2813 2901 2854 e
2931 2800 3132 2867 quibus
3177 2799 3432 2854 universa
3465 2797 3579 2854 bac
3621 2798 3837 2869 generis
3866 2798 3931 2849 lut-

2396 2893 2542 2948 mani
2597 2893 2888 2964 posteritas
2919 2903 3042 2946 nata
3075 2900 3182 2957 est,
3231 2892 3558 2962 procreavit.
3593 2887 3663 2944 Et
3705 2889 3857 2961 paulo
3880 2890 3933 2941 in-

2397 2983 2568 3038 ferius
2597 3000 2611 3038 :
2645 2981 2785 3050 Quid
2813 2998 2966 3054 ergo,
3009 2984 3178 3037 dicito
3209 2981 3363 3048 mihi,
3395 2981 3716 3037 Abrahamo
3771 2979 3930 3050 proluit

2396 3091 2464 3131 ne
2511 3077 2839 3132 concubitus
2871 3079 2939 3130 ad
2976 3076 3372 3144 procreandam
3413 3074 3714 3130 sobolem?
3754 3073 3930 3129 Minime

2394 3168 2526 3225 saite
2557 3187 2571 3222 :
2603 3170 2805 3240 quippe
2859 3168 2952 3238 qui
3008 3176 3086 3224 tot
3137 3169 3297 3224 annis
3329 3183 3548 3238 operam
3597 3166 3808 3224 frustra
3845 3168 3930 3222 linit

2392 3263 2633 3318 dedisset
2654 3303 2668 3326 ,
2703 3263 2853 3318 bisce
2881 3262 3023 3333 apud
3066 3263 3234 3317 Deum
3283 3262 3466 3317 verbis
3496 3262 3659 3316 etiam
3693 3275 3810 3316 tum
3841 3276 3930 3317 usus

2392 3363 2477 3410 est
2508 3371 2524 3408 :
2557 3353 2800 3422 Domine,
2837 3354 2964 3424 quid
2987 3355 3114 3409 mihi
3146 3355 3370 3408 daturus
3396 3372 3448 3409 es
3479 3356 3569 3424 qui
3586 3354 3772 3409 liberis
3789 3355 3932 3408 certe!

2392 3444 2559 3518 Igitur
2585 3459 2646 3502 ut
2687 3454 2818 3502 tunc
2864 3461 2929 3502 ex
2962 3458 3178 3503 mortuo
3208 3447 3354 3503 eﬂeti
3387 3449 3536 3503 senis
3569 3447 3723 3502 illius
3750 3462 3930 3515 corpore

2392 3538 2562 3595 edidit
2593 3538 2738 3594 De‘us
2770 3551 2879 3594 tam
2910 3540 3077 3594 multa
3113 3541 3391 3595 hominum
3429 3543 3598 3596 millia
3625 3559 3638 3595 :
3666 3543 3745 3596 ita
3777 3544 3820 3597 si
3847 3543 3931 3595 inde

2394 3631 2464 3685 ab
2525 3631 2684 3686 initio
2749 3631 2870 3694 Dei.
2906 3633 3188 3703 praeceptis
3265 3636 3676 3701 acquievisscnt
3735 3635 3932 3689 Adsmus

2397 3741 2644 3794 uxorque
2673 3724 2803 3791 Era,
2837 3737 3001 3796 atque
3045 3728 3110 3780 ab
3141 3729 3334 3783 arbore
3363 3728 3670 3798 appetenda
3712 3744 3773 3785 se
3811 3730 3936 3782 absti-

2396 3820 2673 3883 nuissent;
2729 3835 2836 3874 non
2888 3820 3150 3875 defuisset
3205 3821 3311 3876 Deo
3373 3822 3701 3878 fecundantli
3763 3822 3936 3893 genitis

2397 3908 2619 3962 humani
2687 3911 2846 3964 ratio.
2907 3909 3208 3965 Conficitur
3254 3926 3384 3981 ergo
3415 3927 3480 3967 ex
3517 3913 3581 3968 iis
3620 3929 3749 3983 qua!
3798 3915 3935 3966 adhuc

2395 4001 2538 4056 dicta
2571 4013 2721 4063 sunt,
2750 4003 2999 4057 homines
3059 4004 3112 4056 iit
3151 4006 3403 4072 paradiso
3458 4003 3665 4074 absque
3691 4005 3832 4074 ;ullo
3867 4018 3935 4056 nu-

2405 4093 2566 4164 ptiali
2605 4095 2886 4164 complexu
2923 4096 3099 4165 reipsa
3136 4095 3492 4150 fetiticaturos
3529 4098 3739 4164 fuisse,
3773 4101 3856 4152 sed
3894 4109 3934 4147 ω

2398 4187 2559 4242 modo
2597 4202 2760 4256 quem
2795 4187 2946 4241 solus
2987 4187 3168 4257 epifex
3205 4189 3343 4245 Deus
3376 4190 3548 4244 novit.

2951 4277 3185 4334 CAPUT
3235 4279 3426 4334 XXVI.

719 4358 909 4425 fuisse,
946 4362 1047 4415 scd
1097 4378 1191 4432 per
1227 4372 1506 4432 peccatum
1549 4365 1757 4429 ruisse;
1795 4368 1907 4436 ipsa
1937 4368 2079 4423 enim
2119 4385 2295 4426 resur-
2328 4373 2368 4426 D
2470 4372 2624 4428 Sicut
2659 4384 2836 4428 autem
2874 4374 3077 4441 absque
3109 4375 3405 4429 concubitu
3439 4374 3673 4430 fuissent
3698 4375 3930 4445 prognati.

719 4456 889 4508 rectio
927 4454 1132 4510 reditus
1163 4463 1244 4510 est
1275 4459 1338 4508 ad
1373 4457 1657 4525 pristinam
1722 4459 2111 4521 conditionem.
2157 4461 2297 4532 Ergo

718 4544 762 4597 si
798 4553 917 4613 post
953 4549 1408 4602 resurrectionem
1444 4550 1651 4604 erimus
1691 4551 1856 4604 veluti
1909 4553 2109 4622 angeli,
2157 4569 2293 4608 cou-

718 4636 965 4703 scquitur
999 4636 1128 4690 tales
1156 4652 1373 4706 quoque
1410 4636 1581 4693 fuisse
1627 4647 1753 4694 ante
1784 4647 2092 4710 peccatum.
2127 4643 2291 4712 Atqui

717 4726 891 4796 angeli
930 4742 1032 4780 non
1057 4728 1648 4800 junguntutfantplexo;
1680 4747 1807 4802 ergo
1846 4749 2021 4802 neque
2047 4737 2292 4790 homines

713 4817 890 4885 junCti
945 4819 1174 4874 fuissent.
1222 4823 1323 4875 nisi
1362 4836 1674 4892 peccassent
1723 4843 1736 4879 :
1786 4829 1876 4881 sed
1917 4829 2057 4883 sicut
2117 4832 2292 4903 angeli

721 4909 924 4978 absque
956 4914 1158 4981 nuptiis
1194 4915 1386 4968 millies
1423 4916 1568 4970 mille
1596 4921 1747 4984 sunt,
1778 4930 1828 4972 et
1877 4923 2146 4991 myriades
2178 4941 2295 4994 my-

721 4999 934 5054 riadum
989 5019 1213 5059 numero
1259 5017 1542 5076 superant,
1571 5009 1642 5061 ita
1672 5024 1769 5064 nos
1795 5026 2032 5080 quoque,
2060 5014 2163 5067 nisi
2196 5030 2293 5067 au-

719 5096 925 5166 gelicus
941 5098 1024 5151 ille
1043 5106 1211 5153 status
1230 5101 1280 5154 in
1300 5101 1454 5156 nobis
1473 5112 1713 5157 mutatus
1735 5105 1926 5158 fuisset
1943 5107 2215 5161 connubio
2228 5108 2295 5162 ad

721 5190 894 5244 nostri
923 5193 1425 5262 multiplicatioucm
1458 5197 1682 5252 minime
1713 5212 1850 5269 Opus
1895 5199 2294 5267 habuissemus,

790 5335 834 5365 "
871 5335 1013 5389 Psal.
1049 5352 1162 5401 rm,
1205 5337 1238 5391 5
1263 5355 1277 5403 ;
1306 5335 1469 5393 Hebr.
1501 5354 1558 5404 tt,
1587 5340 1636 5394 7.

793 5453 904 5522 (ll)
939 5460 1106 5511 caute
1138 5458 1251 5526 lege
1281 5458 1383 5512 hoc
1409 5467 1592 5527 caput,
1621 5474 1745 5510 nam
1799 5460 2046 5513 dissonat
2087 5477 2115 5515 a
2141 5477 2294 5516 com-

723 5528 875 5580 muni
928 5542 1089 5598 sensu
1155 5530 1534 5598 theologorum
1603 5532 1914 5582 docentium
1951 5533 2003 5583 in
2034 5542 2175 5585 statu
2211 5535 2294 5586 in-

719 5596 1236 5671 itocentitul‘uturam
1267 5596 1435 5653 fuisse
1465 5601 1744 5671 hominum
1772 5604 2174 5671 generationem
2210 5621 2299 5671 per

721 5667 1163 5724 counnistiouetu
1196 5671 1362 5724 maris
1393 5680 1447 5724 et
1481 5669 1667 5727 lemin.
1698 5667 1829 5726 the
1852 5670 1909 5725 S.
1946 5671 2136 5727 Thom.
2171 5667 2219 5742 ι,’
2247 5692 2298 5743 p.

2406 4468 2662 4534 auctique
2721 4480 2948 4519 numero
2981 4462 3230 4519 homines
3263 4465 3315 4518 in
3354 4466 3628 4535 paradiso,
3654 4467 3727 4520 ita
3762 4470 3810 4519 in
3848 4482 3893 4514 τυ
3917 4480 3932 4509 3

2400 4560 2696 4626 voluptate,
2734 4565 2900 4626 atque
2930 4555 3159 4610 infinitis
3181 4556 3430 4625 partibus
3467 4558 3673 4623 majore
3699 4571 3854 4626 quani
3877 4560 3933 4606 est

2397 4665 2460 4703 ea
2494 4665 2597 4717 qua
2639 4649 2796 4703 hodie
2833 4648 3094 4711 mortales
3128 4647 3385 4704 fruuntur
3414 4653 3675 4711 tnaxima,
3710 4649 3818 4702 illic
3841 4658 3934 4700 ata-

2401 4748 2507 4793 tem
2564 4741 2894 4809 ugitassent,
2927 4749 3111 4808 utpote
3161 4742 3340 4810 omnis
3395 4741 3632 4806 laboris,
3689 4741 3934 4810 peritu-La-

2403 4835 2589 4897 tionis,
2648 4836 2932 4899 molestiae,
2986 4835 3229 4903 doloris,
3292 4837 3466 4891 morbi
3521 4835 3758 4906 denique
3811 4844 3932 4898 atque

2398 4925 2740 4992 aegritudinis
2759 4937 3024 4994 expertes.
3050 4925 3301 4983 Edisseut
3317 4929 3460 4982 enim
3481 4928 3546 4982 de
3569 4924 3933 4996 paradisiarbto

2402 5017 2575 5080 ribus,
2597 5027 2650 5070 et
2667 5018 3051 5079 suavissimum
3075 5035 3139 5072 ex
3166 5021 3401 5074 maximo
3436 5022 3528 5075 illo
3550 5020 3932 5081 doleissimoqlte

2405 5109 2640 5177 paradisi
2675 5108 2896 5164 ﬂumine
2922 5119 3106 5179 potum
3132 5112 3392 5166 bibissent
3419 5114 3625 5184 absque
3650 5110 3796 5166 omni
3829 5110 3930 5160 inter

2404 5217 2464 5258 se
2498 5202 2729 5257 dissidio
2790 5206 3013 5270 rixave;
3060 5206 3272 5275 qualem
3306 5207 3479 5278 angeli
3513 5208 3635 5278 ipsi,
3669 5217 3722 5260 et
3755 5199 3928 5274 qualem

2398 5483 2453 5541 g_.
2487 5467 2578 5541 98.
2604 5475 2714 5541 ert.
2757 5467 2811 5541 f2.
2838 5443 3064 5539 ejusque
3120 5479 3448 5541 interpretes
3483 5465 3716 5541 Danaes,
3757 5459 3926 5541 Comei.

2404 5535 2732 5603 Valentiam,
2762 5535 3040 5604 Molinam,
3074 5551 3127 5596 et
3162 5535 3375 5596 Sixiutn
3433 5540 3630 5595 Senen.
3665 5535 3802 5593 ἔξω.
3856 5535 3924 5587 ιώ.

2406 5626 2482 5676 v,.
2526 5608 2661 5662 Bibl.
2698 5623 2884 5665 nunot.
2927 5611 3016 5665 20.
