4086 6344
377 373 480 438 19⁷1

1310 362 1667 425 EPISTOLA
1714 360 1811 421 AD
1846 359 2154 422 LEONEM
2195 362 2290 423 III
2329 364 2599 429 PAPAM.

3482 376 3583 444 198

379 493 739 567 προσρνθεῖσιν
785 489 1157 557 ἀπηντήκαμενι
1182 487 1479 555 θαυμαζέτω
1541 479 1715 552 μηδείς
1736 517 1753 544 ,
1806 475 1927 546 pedi

2033 471 2258 536 suimus,
2308 473 2664 537 occurrimus,
2726 472 2779 527 id
2809 487 2966 528 nemo
3002 475 3247 541 miretur,
3292 495 3465 550 neque
3483 500 3581 540 no.

379 584 722 656 κατηγορείτω
774 587 867 639 τῆς
917 578 1162 649 ἦμετίρας
1207 573 1510 643 ὑπολήψεως
1533 611 1549 637 ,
1598 571 1722 625 ἀλλά
1772 590 1923 640 ’γινω-

379 673 546 731 σκέτω
579 673 667 741 μὲν
709 671 741 727 ἦ
788 666 1026 738 Θεοφιλὴς
1069 666 1208 734 ὑμῶν
1246 661 1551 732 ἀδελφότης,
1582 662 1651 719 ὥς
1701 659 1927 721 ἔξουσίας

377 764 550 830 γνώμη
577 757 769 826 σκληρᾶ
800 775 854 811 τε
898 756 984 809 καί
1015 753 1295 821 ἀμείλικτος
1336 751 1678 824 ίπρυτάνευσε
1721 748 1927 800 κωλύειν

383 856 513 920 ἡμᾶς
540 854 645 908 τοῖς
671 845 978 916 δεδογμένοις
1012 842 1234 916 χρῆσθαι
1258 839 1523 910 δυναμένη,
1549 840 1651 908 οὐχ
1682 837 1928 910 ίερατικόν

384 936 493 998 ἶθος
535 943 821 1009 παρῶπταί
865 939 943 989 καί
987 933 1331 988 διαπέπτωκεν
1356 970 1371 992 ,
1400 928 1517 985 οὐδὲ
1571 931 1624 983 ix
1682 929 1925 1004 ῥᾳθυμίας

383 1031 532 1087 τινὸς,
563 1034 664 1082 τῶν
705 1008 913 1080 δεόντων
950 1027 1033 1076 καί
1075 1023 1507 1079 ίκκλησιαστεκοῖς
1532 1016 1775 1089 ἀνδράσιν
1808 1018 1929 1074 ἀνη-

381 1116 560 1170 κόντων
588 1114 872 1183 ὑπερόπται
894 1107 1181 1183 γεγόναμεν.
1218 1111 1312 1165 Καί
1340 1108 1721 1176 συγγινωσγίτω
1758 1107 1788 1162 ἠ
1821 1106 1928 1173 ἴερά

381 1206 518 1276 ὑμῶν
558 1203 727 1274 ψυχὴ.
764 1200 814 1256 εἴ
854 1204 904 1254 τί
952 1220 1039 1271 μοι
1087 1198 1248 1269 μίλλοι
1296 1206 1389 1257 τῆς
1433 1195 1752 1270 βραδυτῆτος
1800 1196 1928 1263 μίμ-

376 1298 578 1368 φεσθαι,
601 1296 652 1348 ἐν
678 1296 829 1367 πείρᾳ
854 1293 1148 1346 καθεστῶσα
1177 1292 1260 1343 καί
1306 1291 1464 1351 αὐτῆ,
1512 1291 1582 1348 ὡς
1621 1288 1705 1341 ούκ
1750 1283 1928 1345 εὔοδός

382 1387 489 1440 ἐστι
512 1386 640 1457 πρὸς
667 1381 960 1439 δυναστείας
983 1379 1342 1451 ἀντιφέρεσθαι,
1362 1376 1503 1437 ίδίοις
1528 1377 1940 1449 ύπενηνεγμίνους

282 1516 287 1517 γ
378 1475 616 1542 θελήμασε
652 1474 736 1525 καί⁵
760 1469 929 1524 πάντα
965 1470 1184 1541 πληροῦν
1229 1464 1609 1531 σπουδάζοντας
1656 1465 1719 1519 τά
1764 1485 1925 1518 καταο

374 1561 548 1632 θύμια.
566 1546 758 1617 ’Ἐδόκει
780 1563 877 1633 γὰρ
906 1566 977 1627 τῷ
1004 1556 1215 1628 εἵργοντι
1242 1560 1323 1610 καὶ
1350 1559 1574 1627 ἀφορμήν
1599 1557 1928 1627 εὐπρόσωπον

373 1650 740 1725 προϐάλλεσθαι
781 1650 978 1717 ίςῖἠμῖν
1014 1652 1111 1699 τῶν
1150 1645 1556 1699 ίπιτελεσθὶντων
1584 1649 1674 1699 τοῦ
1703 1643 1929 1713 χρίσμα-

376 1760 462 1799 τος
486 1742 660 1801 ἕνεκεν,
688 1741 771 1793 καί
812 1742 879 1796 ὡς
906 1741 1047 1804 ὑμεῖς
1080 1743 1169 1794 τῆς
1200 1736 1486 1794 Ἐκκλησίας
1523 1734 1736 1794 ἑαυτούς
1763 1735 1923 1802 ἀπερο

2027 570 2195 617 stram
2218 561 2288 615 ob
2324 561 2378 615 id
2416 562 2861 617 existimationem
2911 564 2964 617 in
2994 567 3387 623 accusationem
3418 573 3584 627 addu-

2026 658 2136 712 cat,
2166 650 2296 720 quin
2323 650 2503 719 potius
2530 650 2641 705 Deo
2677 651 2867 706 dilecta
2892 662 3071 707 vestra
3099 654 3407 714 fraternitas
3433 670 3587 718 certo

2026 736 2128 792 sibi
2156 753 2468 807 persuasum
2501 739 2695 793 habeat
2736 743 3119 797 sacerdotalem
3146 749 3584 806 consuetudinem

2027 840 2362 895 nequaquam
2387 826 2472 880 hic
2500 827 2815 892 exolevisse,
2844 838 2935 883 aut
2957 845 3050 899 per
3071 841 3457 903 contemptum,
3502 838 3585 893 vel

2028 914 2291 984 ignaviam
2343 916 2613 984 quidpiam
2658 932 2841 970 eorum
2870 933 2988 986 quae
3033 920 3410 979 ecclesiasticis
3453 926 3586 983 viris

2028 1004 2351 1057 conveniunt
2378 1004 2615 1073 neglccm
2646 1006 2916 1068 habuisse.
2969 1024 3153 1064 verum
3180 1012 3365 1067 duram
3397 1016 3587 1086 impla-

2027 1094 2361 1163 cabilemque
2407 1098 2747 1164 prarpotentis
2776 1100 3054 1165 potestatis
3084 1106 3424 1168 sententiam,
3454 1121 3587 1175 quo-

2028 1186 2203 1241 minus
2248 1184 2480 1239 decretis
2517 1195 2805 1249 uteremur,
2846 1190 3116 1244 obstitisse
3184 1192 3425 1260 ignoscat
3463 1211 3589 1264 pro-

2027 1273 2149 1328 inde
2183 1275 2335 1327 beata
2375 1283 2550 1328 vestra
2594 1279 2796 1340 anima,
2844 1277 3077 1345 siquam
3131 1297 3324 1335 noxam
3366 1296 3587 1338 iuncta-

2028 1363 2170 1419 tione
2198 1378 2316 1417 mea
2345 1364 2639 1432 promerui,
2671 1366 2968 1435 cogite-tque
2994 1369 3401 1440 haudquaquam
3430 1372 3589 1429 facile

2025 1468 2144 1509 esse
2189 1454 2493 1521 potentibus
2538 1456 2748 1524 propria
2783 1457 3050 1513 voluntate
3098 1460 3271 1523 elatis,
3333 1470 3388 1514 et
3422 1465 3589 1531 quod—

2026 1558 2233 1613 cunque
2272 1544 2451 1599 animo
2477 1543 2684 1598 libitum
2718 1544 2876 1601 fuerit
2901 1548 3193 1618 adimplere
3229 1552 3589 1620 satagentibus

2025 1652 2142 1692 sese
2169 1653 2457 1708 opponere.
2499 1639 2709 1693 Etenim
2742 1642 2841 1694 rati
2873 1657 3087 1697 causam
3110 1644 3392 1697 admodum
3439 1644 3589 1714 plano

2024 1727 2253 1792 sibilem,
2299 1742 2404 1796 qua
2459 1744 2557 1782 nos
2577 1727 2690 1795 jam
2723 1738 2834 1783 tum
2887 1732 3188 1793 sacerdotio
3231 1732 3466 1787 initiatos
3516 1735 3587 1788 ab

377 1830 579 1900 ῥήξατε,
609 1826 879 1904 διεθρύλλει
904 1830 989 1881 καί
1010 1826 1333 1896 ὶχαλὲπαενι-
1372 1827 1451 1880 Διὸ
1478 1828 1563 1879 καί
1590 1826 1743 1893 ύμιῖς
1767 1821 1926 1896 ἀφ’ὧν

2025 1814 2198 1870 olﬁcio
2237 1817 2613 1885 przepedirenl,
2644 1832 2763 1871 sese
2814 1828 3019 1883 nactos,
3053 1820 3391 1875 stomachuse
3435 1822 3589 1879 nobis

379 1918 428 1971 ἓν
456 1920 649 1976 τούτοις
692 1919 751 1971 τό
797 1918 1160 1988 ἠναγκασμένον
1210 1915 1507 1978 πεπόνθατε,
1537 1914 1753 1969 δύνασθε
1801 1935 1929 1985 συγ-

374 2008 624 2074 ’γνώμονες
683 2002 887 2058 ἔσεσθαι
938 2012 1041 2065 τοῖς
1084 2003 1270 2069 ὁμοίοις
1326 2006 1720 2078 περιπίπτουσιν
1769 2003 1928 2058 ἀϐου-

374 2094 558 2152 λήτως.
593 2096 679 2145 καί
711 2091 795 2146 διὰ
828 2099 1010 2153 ταῦτα,
1040 2089 1196 2163 οἶμαι.
1227 2092 1341 2144 οὐδὲ
1368 2090 1535 2151 δεήσει
1559 2092 1795 2145 πλειόνων
1827 2097 1928 2145 τῶν

382 2184 501 2253 περί
541 2188 630 2239 τῆς
668 2181 867 2251 ἀλογίας
913 2178 1229 2249 [ἀπολογίας]
1268 2181 1446 2251 λόγων,
1486 2181 1588 2235 ἀλλ’
1608 2182 1818 2235 ἐνταῦθά
1845 2202 1929 2237 σοι

378 2271 640 2340 εὐκαίρως,
677 2273 1176 2341 παραγραφήσονται,
1215 2271 1299 2321 καί
1342 2275 1593 2340 μαρτυρεῖ
1636 2289 1691 2339 γε
1730 2271 1796 2323 τὰ
1842 2276 1928 2322 νῦν

387 2356 709 2429 πραττόμενα
737 2359 815 2412 καί
859 2355 1143 2426 τελούμενα.
1186 2354 1385 2415 Ἐπεσδή
1412 2360 1442 2415 ἡ
1468 2358 1599 2417 κλεῖς
1634 2358 1931 2431 περιεθραύ·

386 2447 505 2510 can,
528 2449 616 2501 καί
640 2449 669 2504 ἠ
692 2444 824 2506 πύλη
863 2447 1146 2500 ἀναπίπται
1175 2443 1589 2516 [inanimum],
1627 2449 1711 2500 καί
1740 2445 1786 2499 οί
1808 2445 1929 2500 λίθοι

382 2542 473 2589 τοῦ
502 2531 891 2607 προσκόμματος
931 2543 1020 2595 τῆς
1054 2533 1168 2590 ὁδοῦ
1207 2534 1495 2601 δώρθησαν,
1525 2537 1608 2588 καί
1646 2539 1794 2588 πᾶσα
1819 2534 1928 2591 λεία

380 2625 464 2676 καί
499 2621 782 2681 ἀποστιϐής
819 2624 1167 2691 ίξωμάλισται,
1200 2626 1284 2678 καί
1324 2622 1524 2694 ἔχεται
1549 2624 1719 2678 λοιπὸν
1746 2627 1810 2679 τά
1838 2628 1925 2677 λυ·

380 2714 539 2786 πηρά,
584 2712 798 2767 ίκποδὼν
852 2716 1016 2786 more
1060 2718 1130 2773 τά
1171 2703 1444 2777 σκάνδαλα,
1489 2712 1678 2785 φροῦδα
1722 2716 1788 2769 τά
1834 2722 1927 2775 τῆς

380 2805 617 2877 ἐπηρείας
657 2810 743 2857 νῦν
786 2806 1104 2869 καθίσταται,
1147 2806 1215 2861 τοὶ
1257 2805 1431 2858 ἐκεῖθεν
1464 2803 1632 2858 σκῶλα
1676 2803 1920 2870 λε’λυνται,

380 2899 464 2949 καί
491 2903 591 2967 φῶς
618 2896 881 2966 ἐλευθέριον
920 2902 981 2968 τῇ
1023 2894 1282 2969 Ἐκκλησία
1328 2892 1595 2963 ἰπίλαμψε.
1640 2893 1730 2947 Διά
1768 2901 1923 2953 τοῦτο

382 2987 565 3058 χῶραν
593 2983 728 3055 ἔσχε
754 2986 819 3040 τὰ
849 2993 941 3045 τῆς
968 2985 1193 3056 hinc,
1221 2988 1419 3043 καὶτῆς
1451 2981 1738 3057 κρατούσης
1777 2983 1925 3054 ἱερα-

372 3084 524 3137 τικῆς
547 3079 802 3136 συνηθείας
824 3076 1058 3132 ἀνύεσθαι
1082 3077 1171 3133 καί
1188 3076 1528 3152 περαίνεσθαι.

434 3666 704 3732 ’ωδείσίν
744 3668 819 3736 οἷς
841 3675 908 3732 τὰ
931 3677 1044 3731 θεῖα
1063 3673 1155 3730 ούκ
1179 3673 1452 3746 ίμίλησαν,
1473 3674 1659 3735 οἰκείαις
1693 3672 1747 3730 δί
1783 3673 1929 3739 δόξης

392 3772 569 3839 χάριν,
592 3761 917 3820 ίσπούδασαν
962 3764 1270 3834 κατόψεσθαι
1295 3762 1376 3818 οἶα
1421 3766 1594 3825 αὐτοῖς
1630 3766 1696 3819 τά
1736 3765 1790 3818 ίκ
1835 3769 1927 3819 τοῦ

382 3854 515 3907 θείου
557 3854 901 3911 ἀπαντήσεται
946 3850 1266 3923 δικαστήρια.
1318 3852 1407 3913 Ὡς
1433 3853 1531 3927 γὰρ
1574 3853 1709 3924 φίλον
1757 3854 1928 3914 αὐτοῖς

385 3944 508 4002 πρὸς
532 3948 621 4001 τήν
641 3949 907 4016 παροῦσαν
933 3943 1177 4013 κεχηνόσι
1199 3941 1341 4006 δόξαν
1380 3947 1458 3997 καὶ
1496 3944 1833 4014 περιφάνειαν,
1864 3948 1930 4002 τά

382 4033 501 4103 πρὸς
546 4030 776 4090 ἀλλήλους
812 4030 995 4097 ἔθεντο,
1021 4034 1162 4101 ἡμεῖς
1211 4030 1264 4087 δί
1308 4040 1398 4093 τῆς
1441 4036 1556 4107 περί
1593 4033 1714 4088 Θεὸν
1759 4032 1926 4098 δόξης,

380 4124 463 4175 καί
497 4130 586 4182 τῆς
620 4122 1031 4195 ίκκλησιαστικῆς
1081 4131 1247 4194 τιμῆς,
1298 4127 1377 4178 καί
1421 4123 1670 4195 ὁμονοίας,
1697 4127 1783 4179 καί
1829 4132 1928 4179 τῶν

380 4211 527 4284 ίερῶν
583 4212 775 4282 θεσμῶν
824 4220 1031 4289 τηρήσει
1086 4217 1298 4274 τιθέντες
1346 4217 1403 4271 τό
1442 4216 1770 4287 σπούδασμα,
1825 4225 1925 4271 τῶν

379 4302 629 4375 ἡμετίρων
665 4303 904 4373 ίχόμεθα.
926 4307 1008 4358 καί
1050 4306 1178 4379 ύπίρ
1215 4302 1301 4361 τοῦ
1325 4314 1412 4360 νῦν
1441 4307 1820 4379 ἀναδειχθέντος
1847 4312 1928 4364 εύ-

2025 1903 2386 1971 objectabant,
2413 1904 2719 1974 passimque
2760 1906 3103 1977 invulgabant
3137 1922 3233 1961 vos
3267 1923 3297 1962 a
3327 1909 3590 1965 Constan-

2026 1996 2375 2064 tinopolitana
2399 1996 2630 2051 Ecclrsia
2659 1996 2860 2050 alienos
2896 2013 3035 2062 esse,
3077 2007 3385 2069 tenuemque
3427 2004 3494 2056 ab
3521 2018 3589 2061 ea

2027 2096 2122 2136 vos
2153 2083 2464 2136 devulsisse.
2498 2082 2630 2137 Cum
2656 2098 2783 2148 ergo
2812 2085 2949 2148 lucc,
2979 2086 3089 2140 sive
3118 2089 3221 2150 vis,
3251 2091 3364 2143 sive
3393 2089 3463 2157 inj
3487 2094 3589 2147 tria

2030 2174 2098 2227 ad
2134 2188 2229 2227 vos
2251 2188 2462 2241 quoque
2484 2174 2781 2247 attinuerit,
2803 2175 2957 2228 venia
2984 2190 3078 2230 eos
3102 2178 3472 2245 dignabimini,
3496 2183 3590 2249 qui

2027 2270 2222 2330 prteter
2263 2262 2591 2316 voluntatem
2625 2263 2739 2331 pari
2789 2264 3106 2318 necessitate
3149 2268 3423 2321 constricti
3478 2267 3591 2323 fue-

2027 2359 2169 2404 runt.
2201 2350 2272 2403 At
2297 2366 2418 2404 cum
2440 2358 2752 2419 praesentem
2777 2350 3025 2405 Ecclesiae
3060 2352 3265 2422 locique
3303 2355 3461 2421 hujus
3487 2365 3593 2412 sta-

2028 2445 2140 2493 tum
2170 2440 2282 2510 jam
2309 2454 2414 2492 non
2443 2439 2508 2492 ad
2538 2440 2878 2495 sanctitatem
2904 2450 3046 2494 tuam
3092 2444 3590 2512 perscripserimus,

2025 2537 2080 2585 et
2121 2545 2218 2583 suo
2262 2530 2513 2598 deinceps
2557 2540 2854 2599 opportuno
2906 2539 3142 2599 tempore
3179 2548 3298 2601 quae
3346 2535 3433 2590 hic
3462 2536 3593 2593 flent

2024 2621 2361 2688 perscribere
2402 2628 2550 2673 certo
2575 2621 2989 2685 decreverimus,
3022 2635 3126 2675 non
3153 2625 3260 2676 erit
3297 2638 3432 2694 Opus
3456 2640 3588 2694 pro-

2028 2706 2217 2762 lixiore
2244 2716 2302 2761 nt
2326 2708 2557 2762 arbitror
2577 2725 2717 2764 nunc
2753 2711 3083 2779 purgatione.
3112 2710 3387 2780 Siquidem
3435 2728 3589 2784 repa-

2027 2795 2207 2866 gulum
2232 2796 2727 2865 quodimpediebat,
2745 2798 2855 2866 jam
2882 2808 2964 2855 cst
2986 2811 3316 2868 perruptum,
3343 2813 3589 2871 apertum

2027 2890 2109 2936 est
2146 2898 2179 2936 ο
2213 2884 2363 2947 tium,
2402 2883 2603 2952 lapides
2636 2884 2945 2941 uﬂ'ensionis
2968 2905 2998 2941 e
3041 2889 3216 2942 medio
3254 2891 3466 2955 sublati,
3497 2892 3585 2949 via

2025 2971 2151 3036 lata,
2184 2973 2362 3042 plana,
2400 2975 2767 3044 scrupulisque
2795 2976 2960 3030 libera
2982 2984 3034 3029 et
3064 2989 3341 3046 enequata
3372 2981 3585 3048 teritur,

1951 3077 2000 3143 ρ
2028 3063 2203 3118 tristia
2245 3064 2428 3133 procul
2460 3067 2527 3119 ab
2562 3066 2732 3120 oculis
2778 3079 3133 3131 evanuerunt,
3169 3070 3419 3124 scandala
3444 3072 3588 3128 sedi-

2028 3153 2305 3223 tiunesque
2328 3158 2769 3225 conquieverunt,
2790 3159 2966 3212 omnia
2989 3160 3214 3228 denique
3236 3161 3587 3230 impedimen-

2028 3247 2080 3297 ta
2103 3254 2297 3306 amota,
2324 3244 2630 3314 luminaque
2652 3248 2872 3315 pristina
2898 3248 3147 3304 Ecclesiae
3171 3251 3412 3305 restituta
3436 3259 3585 3308 sunt.

2025 3328 2203 3398 Quare
2230 3345 2348 3401 qua:
2377 3334 2654 3388 charitatis
2693 3337 3143 3407 sacerdotalisque
3185 3341 3589 3398 consuetudinis

2024 3421 2240 3490 prepria
2262 3432 2402 3485 sunt,
2432 3423 2603 3478 locum
2632 3440 2785 3479 suum
2809 3427 2982 3481 denuo
3012 3429 3201 3498 adepta
3247 3429 3391 3484 nullo
3413 3431 3590 3502 impo-

2024 3514 2229 3564 sterum
2271 3513 2484 3581 negotio
2508 3512 2694 3582 perlici
2715 3515 3096 3586 observarique
3118 3526 3389 3587 poterunt.

2093 3684 2163 3737 At
2182 3692 2305 3739 sunt
2330 3686 2542 3741 interim
2564 3688 2799 3742 nonnulli
2821 3690 2993 3745 adhuc
3016 3694 3106 3761 qui
3136 3694 3311 3750 divina
3333 3695 3483 3754 flocci
3509 3696 3592 3755 fa-

2027 3767 2190 3836 ciunt;
2224 3776 2555 3844 proprimque
2589 3777 2997 3833 existimationis
3038 3796 3197 3837 causa
3229 3786 3441 3853 quidvis
3471 3803 3588 3843 mo-

2027 3859 2248 3927 liuntur,
2280 3879 2452 3932 neque
2480 3865 2634 3932 quale
2662 3880 2724 3919 ex
2750 3866 2858 3921 Deo
2883 3867 3143 3935 judicium
3177 3872 3279 3927 sibi
3310 3874 3587 3933 immineat

2027 3951 2316 4020 quidquam
2357 3955 2507 4022 pensi
2559 3954 2775 4009 habent.
2831 3958 3026 4011 Verum
3068 3961 3342 4016 enimvero
3377 3976 3435 4020 ut
3483 3966 3588 4024 illis

2026 4038 2281 4095 usitatum
2324 4050 2637 4111 gratumque
2688 4052 2771 4098 est
2811 4048 3059 4113 prazsenti
3108 4049 3290 4118 gloriae
3338 4055 3586 4123 splendo-

2027 4125 2180 4195 rique
2201 4127 2430 4192 inhiare,
2456 4144 2623 4198 eaque
2651 4130 2716 4184 de
2742 4146 2902 4187 causa
2932 4134 3071 4188 inter
3095 4150 3214 4192 sese
3248 4143 3582 4212 conspirare,

2025 4215 2098 4270 ita
2148 4216 2300 4286 plane
2347 4228 2763 4275 consentaneum
2815 4232 2915 4287 est,
2955 4235 3011 4278 ut
3043 4242 3140 4282 nos
3187 4229 3379 4284 divina!
3399 4232 3585 4303 glorite

2025 4306 2491 4376 eeclesiasticoqne
2523 4310 2738 4375 decoro,
2765 4322 2819 4367 et
2849 4318 3168 4381 concordia,
3200 4334 3583 4392 sacrorumque

377 4393 564 4452 σεϐοῦς
604 4398 689 4447 καί
725 4395 1090 4469 κραταιοτάτου
1134 4399 1271 4466 ἡμῶν
1318 4398 1583 4467 βασιλέως,
1623 4403 1708 4475 καί
1747 4404 1923 4456 τίκνου

2026 4411 2287 4451 canonum
2318 4398 2676 4453 observationi
2707 4402 2876 4455 modis
2928 4404 3174 4458 omnibus
3217 4422 3436 4474 operam
3482 4417 3590 4464 'na-

376 4491 584 4557 γνησίου
609 4496 699 4549 τῆς
721 4487 1006 4549 Ἐκκλησίας
1032 4493 1110 4543 καί
1137 4490 1276 4548 ἤθεσι
1301 4490 1588 4564 θεαρέστοις
1613 4495 1696 4547 καὶ
1721 4496 1927 4566 τρόποις

2025 4500 2230 4550 vemus,
2271 4489 2576 4557 nostrisque
2627 4491 2822 4544 muniis
2855 4491 2941 4545 die
2984 4502 3249 4563 noctuque
3306 4486 3603 4552 incumbao’

368 4575 709 4649 ἀγαθουργίας
732 4576 1137 4647 προλὰμποντος.
1153 4578 1318 4644 εύχάς
1331 4580 1412 4631 καί
1442 4576 1639 4640 δεήσεις
1660 4584 1927 4647 συντόνους

2024 4594 2164 4643 mus,
2209 4586 2265 4633 et
2301 4595 2397 4647 pro
2418 4580 2735 4648 imperatore
2761 4590 2944 4637 nostro
2983 4585 3241 4653 piissimo.
3272 4587 3579 4654 potentissi-

372 4667 496 4734 πρὸς
515 4671 598 4718 τὸν
619 4665 873 4734 στέψαντα
895 4667 981 4717 καί
1005 4665 1443 4738 ουρ-ϐασιλεύοντα
1471 4666 1927 4749 [συμϐουλεύοντα]

2024 4680 2215 4735 moque
2238 4667 2346 4736 jam
2368 4668 2658 4731 declarato,
2691 4670 2904 4724 sincero
2933 4687 3291 4743 germanoque
3330 4675 3581 4732 Ecclesiae

2025 4756 2151 4817 ﬁlio.
2192 4770 2254 4812 ac
2296 4758 2533 4811 moribus
2567 4758 2676 4812 Deo
2716 4762 2882 4828 gratis
2918 4763 3260 4833 honestaeque
3308 4768 3430 4821 vitm
3451 4784 3580 4822 eon-

2023 4848 2324 4901 versatione
2368 4847 2579 4917 egregie
2623 4857 2830 4912 ornato,
2884 4851 2991 4904 Deo
3027 4855 3115 4921 qui
3163 4855 3307 4908 illum
3354 4865 3579 4911 coronat

2025 4951 2353 5004 regnumque
2381 4952 2482 4989 una
2515 4952 2634 4991 cum
2663 4938 2751 4991 illo
2780 4939 3134 5003 administrat.
3159 4946 3438 4999 continuas
3457 4962 3585 5015 prec

2023 5041 2115 5080 ccs
2137 5026 2639 5093 obsecrationcsque
2661 5026 3085 5099 oll'eramus,quo
3112 5034 3271 5087 vitam
3300 5034 3576 5103 pacificam

2024 5116 2409 5184 imperiumque
2432 5132 2590 5185 qnam
2616 5120 2846 5173 maxime
2871 5121 3174 5178 diuturnum
3202 5125 3273 5177 illi
3296 5126 3575 5194 largiatur,

2022 5204 2316 5260 barbaricis
2347 5207 2628 5275 triumphis
2656 5217 2900 5273 exornet,
2950 5210 3155 5265 felicem
3181 5212 3467 5267 Christiani
3490 5230 3580 5269 or-

2018 5293 2106 5349 bis
2148 5296 2565 5351 moderationem
2593 5300 2869 5361 concedat,
2903 5300 2968 5352 ad
3008 5301 3314 5354 orthodoxe
3344 5301 3463 5355 fidei
3491 5317 3579 5357 ze-

2023 5384 2129 5437 lum
2160 5384 2363 5449 incitet,
2388 5386 2441 5439 in
2481 5386 2780 5440 divinorum
2828 5388 3040 5441 tandem
3076 5396 3459 5457 przeceptorum
3484 5390 3579 5445 ob-

2021 5476 2322 5528 servatione
2367 5476 2442 5529 ita
2480 5476 2742 5546 perficiat,
2777 5485 2838 5531 ut
2873 5477 3058 5534 liberis
3104 5474 3215 5533 suis
3256 5493 3378 5532 cum
3424 5480 3574 5549 regni

2022 5563 2373 5633 potentiaeque
2414 5565 2765 5623 diuturnitate
2794 5569 3051 5624 honorem
3075 5576 3130 5624 et
3165 5569 3387 5641 gloriam
3418 5570 3578 5625 relin-

2021 5657 2151 5720 quat
2190 5668 2296 5706 non
2338 5653 2608 5726 vulgarem
2622 5686 2636 5703 .

379 4753 513 4819 αὗτῷ
566 4753 686 4806 Θεὸν
733 4754 1108 4828 ἀναπίμπομεν,
1165 4754 1305 4816 ὅπως
1356 4760 1490 4830 αὐτῷ
1539 4762 1780 4832 εἰρηνικὸν
1834 4768 1925 4820 τήν

378 4843 531 4903 ζωήν,
560 4845 642 4896 καί
680 4843 737 4896 τὸ
773 4844 1025 4914 βασίλειον
1055 4849 1332 4917 χαρίσηται
1361 4850 1441 4901 ἐπὶ
1470 4832 1710 4917 μήκιστον
1741 4850 1925 4924 διαφυη

376 4926 567 4982 λάττων
609 4929 814 5001 χρόνον,
840 4939 947 4992 τοῖς
973 4936 1100 4987 κατὰ
1126 4935 1398 5006 βαρϐάρων
1420 4938 1679 5009 τροπαίοις
1722 4948 1925 5010 κοσμῶν

380 5016 547 5079 αὐτὸν,
577 5022 656 5071 καί
683 5020 742 5074 τὸ
781 5024 1124 5093 Χριστιανικόν
1150 5022 1550 5099 διακυβερνῶντα
1579 5028 1757 5087 αἰσίως
1784 5029 1926 5085 πολί-

379 5124 561 5176 τευμα.
592 5109 717 5180 πρός
746 5111 890 5173 ζῆλον
918 5111 1200 5187 ὀρθοδοξίας
1244 5118 1682 5189 καταρτιζόμενος,
1713 5122 1795 5173 καί
1825 5128 1924 5175 τῶν

378 5191 517 5246 θείων
544 5196 748 5251 ἓντολῶν
766 5202 996 5272 τήρησιν,
1016 5204 1095 5254 καί
1116 5204 1298 5265 τὲκνοις
1320 5205 1375 5259 τὸ
1400 5204 1654 5275 εὐδόκιμον
1673 5210 1724 5261 ἓν
1750 5217 1812 5282 τῇ
1834 5218 1925 5270 τῆς

380 5283 610 5347 ίξωσίας
638 5285 846 5363 διαμονῇ
874 5293 1137 5362 κτώμενον.
