4008 6342
109 149 199 210 517

1223 145 1318 205 DE
1360 143 1659 205 PARADI:

1805 166 1875 176 -
1915 142 2106 202 PARS
2149 141 2196 202 Ι.
3247 135 3350 201 518

106 261 341 308 Manius
367 272 491 310 cu'n
526 255 634 310 Eva
675 264 799 309 ante
831 253 1024 309 fartam
1064 255 1257 326 legem,
1279 257 1444 311 vitam
1481 256 1671 311 viveu-
1705 263 1746 317 Α
1776 267 2097 322 corporeum
2121 249 2362 322 quidem,
2385 249 2430 306 si
2465 249 2644 321 ipsum
2672 247 3058 318 aspectabilem
3078 261 3310 319 anguem
3338 271 3353 312 ;

105 359 182 402 tes
215 349 266 401 in
304 346 545 416 perfecta
584 362 737 418 pace,
792 347 1074 411 charitate,
1116 349 1432 402 concordia.
1457 347 1671 419 Quippe

104 437 182 489 his
208 437 411 503 quibus
441 436 551 500 jam
580 437 838 491 mortales
877 437 1111 491 fruimur
1144 439 1538 506 voluptatibus,
1570 453 1669 492 sua

98 528 289 596 cuique
353 528 605 582 molestia
634 529 890 594 coita-ret,
925 531 1084 584 veluti
1115 530 1239 585 ciho
1294 532 1511 603 largiori
1544 531 1671 586 c'ru-

98 619 275 672 ditatis
337 619 579 685 malum,
637 619 788 688 potui
841 620 1134 688 copiosiori
1213 637 1453 688 nausea,
1511 624 1670 678 home

97 708 386 763 valetudini
481 715 745 777 adversa,
819 713 1000 767 robori
1073 703 1453 780 imbecillit'as,
1519 716 1670 770 bona:

97 798 278 852 forma:
337 797 692 867 deformitas;
743 810 902 873 atque
947 803 1001 856 in
1051 804 1174 859 aliis
1231 821 1469 875 quoque.
1500 806 1566 861 At
1612 807 1666 861 in

98 891 344 961 paradiso
361 892 510 945 nulla
539 893 728 971 fuisset
753 895 1086 965 cjuscemodi
1108 913 1288 953 rerum
1315 900 1665 968 vicissitudo;

96 997 238 1037 mera
288 985 442 1039 enim
503 986 612 1060 illic
659 988 911 1058 voluptas
961 988 1185 1057 fuisset,
1245 992 1505 1047 molestiae
1536 1008 1667 1048 vero

94 1087 316 1143 prorsus
348 1076 536 1141 nullae,
565 1087 761 1149 utquae
783 1087 905 1150 post
929 1081 1187 1137 violatum
1220 1083 1312 1139 Dei
1347 1085 1664 1141 mandatum

97 1167 304 1222 tandem
336 1179 517 1241 enata:
545 1171 678 1254 sintT
719 1172 1017 1243 Majoribus
1047 1192 1176 1246 ergo
1197 1177 1410 1234 deliciis
1438 1194 1503 1235 ex
1540 1181 1666 1236 cibo

93 1265 328 1329 potuque
377 1261 490 1318 illic
531 1263 709 1320 affecti
756 1265 1027 1334 fuissent,
1064 1283 1228 1338 quam
1259 1272 1462 1342 quibus
1505 1272 1666 1329 hodie

93 1353 354 1408 mortales
383 1354 792 1412 demulcentnr.

631 1449 862 1507 CAPUT
911 1453 1128 1510 XXVII.

162 1538 237 1591 De
278 1548 521 1608 serpente
551 1541 642 1611 qui
693 1541 861 1597 Evam
896 1546 1117 1600 adortus
1151 1546 1458 1616 decepit.-—
1495 1549 1662 1605 Porro

1775 346 2075 414 spiritalem
2133 359 2285 410 vero,
2335 344 2382 399 si
2447 359 2668 400 sensum
2729 356 2951 397 omnem
3003 340 3350 410 effugiendum

1776 437 2034 492 Satanam
2067 437 2161 507 qui
2199 437 2340 491 intra
2393 436 2545 490 illum
2581 436 2782 490 latebat
2832 443 2998 504 atque
3032 434 3156 489 inde
3190 438 3352 490 verba

1774 529 2005 583 faciebat
2023 529 2359 602 consideres.
2382 527 2565 582 Altera
2601 526 2834 596 quaestio
2884 534 2991 580 est.
3027 523 3106 577 Ex
3141 542 3358 594 genere-

1774 637 1841 676 ne
1874 621 2171 691 reptilium,
2195 636 2262 674 an
2289 635 2421 676 vero
2453 628 2776 674 cancrorum
2805 616 3171 672 animantium
3198 616 3358 670 fuerit

1774 711 1861 768 ille
1890 726 2138 780 serpens,
2164 710 2217 763 in
2241 724 2402 779 quem
2445 724 2504 764 se
2528 708 2784 762 Satanam
2834 707 3165 771 insinuasse,
3193 715 3382 775 atque,

1774 802 1845 855 ita
1877 817 2001 856 cum
2031 801 2264 856 muliere
2286 801 2617 856 collocutum
2643 799 2929 854 diximus?
2961 801 3358 856 Existimamus
3398 811 3404 820 ·

1771 909 1898 949 vero
1936 909 2000 948 ex
2047 893 2348 948 bestiarum
2381 909 2489 949 non
2535 892 2842 962 repentium
2893 909 3124 950 numero
3155 893 3354 958 fuisse,

1771 986 1934 1056 idque
1965 985 2050 1041 his
2085 986 2235 1040 ducti
2259 987 2619 1057 argumentis.
2637 984 2821 1041 Primo
2838 985 3016 1042 Moses
3033 989 3107 1042 ait
3131 1003 3358 1056 serpen-

1772 1085 1878 1131 tem
1931 1078 2101 1133 fuisse
2129 1077 2450 1132 astutiorem
2482 1077 2741 1132 omnibus
2767 1079 2994 1144 bestiis;
3033 1095 3142 1133 non
3169 1088 3354 1134 autem

1767 1166 1928 1231 dixit,
1962 1167 2219 1221 omnibus
2248 1165 2558 1236 reptilibtts.
2602 1167 2668 1218 Et
2712 1167 2877 1236 paulo
2905 1175 3028 1237 post
3064 1169 3182 1237 ipse
3214 1168 3359 1224 Deus

1734 1264 1742 1271 ”
1769 1259 1834 1312 ad
1862 1267 2171 1327 serpentem
2193 1256 2356 1312 verba
2381 1273 2576 1312 rursus
2597 1257 2810 1314 faciens
2849 1276 2864 1313 :
2903 1257 3224 1313 Maledictus
3248 1259 3356 1330 (in-

1760 1351 1904 1422 quit)
1934 1367 2046 1421 prta
2072 1351 2215 1404 omni
2246 1350 2412 1403 bestia
2458 1351 2600 1420 agri,
2631 1361 2680 1405 et
2708 1367 2820 1420 pra:
2840 1351 2985 1406 omni
3009 1352 3234 1405 animali
3255 1392 3270 1414 ,
3305 1359 3358 1405 et

1766 1460 1876 1513 pra
1904 1442 2148 1498 omnibus
2183 1443 2481 1521 reptttibus,
2513 1443 2722 1498 dictum
2773 1458 2886 1498 non
2921 1452 3027 1505 est,
3082 1445 3161 1498 Ad
3218 1443 3354 1510 hoc,

1767 1539 2008 1592 Adamus
2067 1538 2120 1592 in
2150 1536 2154 1541 ’
2185 1537 2304 1606 ipso
2338 1536 2496 1590 initio
2545 1525 2771 1591 nomina
2817 1536 3012 1592 bestiis
3044 1537 3354 1608 avibusque

91 1627 155 1682 de
186 1639 445 1696 serpente
481 1633 560 1686 sic
593 1633 808 1690 locutus
857 1645 943 1691 est
987 1639 1146 1694 dit-us
1198 1637 1376 1696 Moses
1408 1660 1423 1695 τ
1456 1641 1527 1695 [ε
1555 1658 1669 1697 εον-
1702 1618 1740 1673 Β
1771 1629 2072 1694 indiderat,
2106 1636 2164 1682 ut
2195 1636 2426 1680 testatur
2475 1625 2785 1697 Scriptura,
2811 1643 2924 1682 non
2951 1629 3113 1694 etiam
3147 1628 3356 1696 reptili-

89 1733 208 1788 pens
238 1719 498 1775 callidior
528 1734 641 1778 erat
687 1725 925 1782 erunibus
958 1731 1320 1787 animantibus
1366 1730 1503 1802 agri,
1548 1751 1667 1805 qua!

86 1811 393 1867 condiderat
423 1813 682 1872 Dominus
704 1818 882 1888 Deus;
904 1823 1145 1896 dixitque
1166 1841 1378 1894 serpens
1405 1829 1617 1882 mulieri
1644 1845 1666 1884 .°

101 1899 222 1956 Vere
267 1905 410 1959 dixit
465 1907 624 1974 Deus,
671 1928 733 1966 ne
772 1917 1107 1970 vescersutiui
1140 1919 1204 1972 de
1237 1920 1476 1975 omnibus
1504 1937 1666 1989 para-

88 1991 271 2047 disi“.
321 1992 426 2053 Hic
483 1999 667 2056 decem
724 2003 882 2062 nobis
919 2011 1284 2077 expendenda:
1324 2021 1485 2081 atque
1534 1995 1664 2068 exa-

90 2088 353 2142 ntinandae
377 2094 713 2160 qumstioues
760 2109 1331 2170 occurrunt,quarum
1369 2104 1544 2173 prima
1580 2115 1666 2160 est

88 2175 316 2234 fueritne
370 2196 696 2254 corporatus
748 2203 972 2260 serpens
1027 2192 1100 2247 ita
1155 2203 1214 2248 ut
1275 2196 1452 2252 oculis
1515 2205 1664 2253 esset

90 2270 431 2336 aspectabilis
453 2275 547 2343 qui
577 2290 702 2330 cum
741 2280 964 2336 muliere
988 2283 1420 2352 colloqnehatur,
1439 2303 1507 2342 an
1535 2305 1661 2345 vero

91 2359 250 2449 Satan
300 2367 582 2434 corporali
630 2371 902 2439 serpentis
943 2376 1181 2444 speciem
1216 2393 1330 2447 prae
1361 2394 1420 2435 se
1456 2379 1659 2449 ferens,

93 2448 226 2541 illam
262 2454 334 2508 sit
363 2454 688 2524 all'atus;an
718 2461 956 2532 denique
982 2466 1144 2519 Satan
1176 2468 1314 2522 intra
1351 2448 1660 2541 serpentem

93 2538 279 2608 latens,
310 2546 480 2600 verba
515 2547 603 2603 illa
633 2549 701 2606 ad
744 2554 1026 2610 mulierem
1063 2555 1276 2615 fecerit.
1306 2538 1460 2618 Sane
1487 2565 1664 2623 domi-

95 2646 187 2686 nus
218 2630 476 2704 Ephrem
509 2634 751 2709 quodam
793 2658 896 2698 suo
929 2651 1323 2705 commentario
1348 2653 1427 2706 ait
1454 2671 1659 2726 corpo-

94 2729 256 2777 ratum
286 2736 600 2796 serpentem
621 2727 808 2796 fuisse,
830 2733 920 2802 qui
940 2736 1223 2792 mulierem
1245 2740 1518 2798 allocutus
1542 2754 1658 2801 est:

94 2805 342 2866 Satanam
364 2814 515 2868 enim
539 2831 570 2870 a
599 2815 706 2873 Deo
727 2817 1005 2887 petivisse,
1024 2832 1081 2878 ut
1101 2828 1338 2894 serpenti
1389 2835 1661 2890 sermonis

93 2896 393 2958 facultatem
457 2907 779 2962 concederet
849 2911 917 2964 ad
972 2915 1293 2970 tentandum
1347 2919 1657 2990 Adamuut;

79 2989 225 3085 sicut
255 3005 390 3065 epes
412 2992 539 3063 Jobi
573 3013 792 3070 quoque
816 3002 916 3057 sibi
940 3007 1176 3072 permitti
1206 3011 1524 3077 postulavit,
1545 3029 1658 3085 quo

86 3081 155 3138 de
185 3084 301 3154 ejus
337 3089 603 3158 patientia
632 3090 836 3147 faceret
861 3098 1184 3172 periculum.
1214 3100 1293 3156 Ex
1327 3119 1436 3173 quo
1466 3081 1662 3162 con-ee-

93 3175 286 3243 quitnr,
319 3177 395 3234 ita
450 3180 526 3235 illi
572 3197 839 3252 corporeo
874 3190 1125 3255 serpenti.
1161 3196 1464 3254 sermonis-
1495 3212 1657 3254 usum

50 3320 51 3323 η
95 3259 253 3320 fuisse
299 3268 516 3335 datum,
567 3282 626 3328 ut
684 3273 858 3330 asina:
903 3275 1160 3347 Balaam;
1195 3282 1304 3337 into
1358 3300 1489 3340 vero
1549 3304 1656 3344 non

95 3355 250 3411 solam
299 3361 693 3432 elecutionem,
739 3383 924 3423 verum
968 3373 1130 3426 etiam
1193 3375 1529 3433 intellectum
1580 3382 1655 3436 illi

95 3453 321 3542 serpenti
376 3455 612 3511 inditum
672 3458 842 3514 fuisse
895 3461 1128 3542 allirmat
1187 3464 1472 3536 Ephrwm,
1530 3489 1654 3527 cum

99 3537 228 3597 Deus
260 3544 443 3612 ipsum
495 3558 551 3602 ut
581 3549 973 3618 intelligentetn
1014 3537 1327 3614 sit-affatus
1362 3560 1446 3617 his
1481 3565 1654 3618 male-

97 3627 240 3685 dictis
275 3638 652 3707 perstringens
699 3659 712 3694 :
763 3640 1035 3698 Pulverem
1078 3647 1220 3714 edes,
1255 3658 1307 3702 et
1351 3668 1508 3721 super
1534 3670 1657 3708 ven-

95 3728 216 3776 tretn
237 3737 379 3780 tuum
403 3729 785 3794 nitibulabis”.
811 3735 1044 3806 Cyrillus
1065 3754 1214 3805 vero,
1229 3743 1477 3798 oratione
1500 3747 1655 3802 tertia

99 3815 343 3877 adversus
371 3821 651 3878 Julianum
682 3826 989 3896 perfugam,
1015 3831 1090 3884 ait
1114 3832 1292 3900 ipsum
1317 3833 1574 3891 Satanam
1598 3855 1657 3894 se

97 3905 146 3962 in
185 3925 437 3982 serpente
479 3916 921 3985 transformassc,
951 3929 1114 3991 atque
1147 3924 1222 3979 ita
1269 3942 1393 3980 cum
1429 3931 1656 3987 muliere

98 4001 409 4060 collocutum
454 4023 612 4074 esse;
660 4025 722 4063 ac
777 4012 1005 4080 proinde
1059 4014 1232 4083 ipsum
1285 4032 1503 4088 queque
1551 4024 1654 4076 sub

98 4098 347 4161 serpentis
365 4114 596 4168 persona
626 4101 824 4157 divinis
843 4099 1148 4161 maledictis
1170 4123 1291 4164 esse
1313 4113 1652 4180 perculsum.

101 4183 373 4244 Existimat
425 4191 570 4246 enim
642 4193 905 4264 Cyrillus,
969 4197 1267 4254 daemonem
1335 4219 1496 4273 posse
1534 4223 1653 4277 pro

1769 1721 1876 1780 bus
1912 1736 1929 1777 :
1971 1736 2037 1776 ac
2087 1717 2317 1791 proinde
2374 1719 2486 1772 Eva
2540 1733 2570 1772 a
2625 1717 2744 1772 viro
2794 1719 2990 1775 edocta
3049 1719 3350 1775 bestiarum

1769 1813 1989 1868 nomine
2015 1818 2346 1883 serpentem,
2374 1811 2521 1881 quod
2539 1826 2607 1866 ex
2633 1810 2933 1889 bestiarum
2955 1828 3156 1886 genere
3177 1823 3349 1878 esset,

1771 1905 1970 1973 (levio;
2018 1907 2123 1962 hoc
2169 1915 2276 1969 est,
2310 1906 2504 1960 bestia:
2546 1905 2772 1959 nomine
2820 1907 3160 1976 appellavit;
3195 1908 3374 1977 quod

1766 2013 1966 2054 nomen
2019 1999 2089 2054 ab
2140 1995 2349 2053 Adamo
2383 1997 2652 2053 didicerat
2703 1997 2934 2054 Scilicet.
2996 1997 3124 2054 Erat
3180 2001 3346 2068 igitur

1767 2106 1993 2160 serpens
2039 2106 2105 2144 ex
2157 2091 2456 2146 bestiarum
2513 2106 2730 2161 genere,
2766 2107 2874 2145 non
2924 2100 3106 2145 autem
3153 2107 3347 2146 eorum

1767 2183 2126 2238 animantium
2163 2199 2286 2253 qure
2320 2182 2530 2254 reptilia
2584 2182 2862 2237 dicuntur.
2897 2181 3142 2248 Quastio
3193 2184 3350 2236 tertia

1764 2283 1848 2331 est
1881 2294 1893 2328 :
1923 2277 2006 2328 An
2027 2276 2190 2345 pedes
2217 2275 2469 2329 habuerit
2489 2290 2749 2343 serpens;
2774 2284 2848 2337 et,
2869 2275 2914 2328 si
2938 2274 3128 2328 habuit
3150 2275 3347 2344 pedes;

1763 2366 2020 2436 hipesne,
2051 2382 2118 2420 an
2152 2383 2281 2421 vero
2313 2367 2626 2436 quadrupes
2663 2365 2825 2419 fuerit
2855 2365 2881 2418 ?
2903 2367 2985 2420 Ad
3016 2370 3155 2420 hanc
3195 2383 3348 2436 qua:—

1763 2461 1997 2515 stionem
2059 2459 2478 2529 respondemus,
2534 2458 2944 2528 quadrupedem
2980 2458 3183 2526 fuisse,
3220 2475 3347 2520 cum

1763 2565 1830 2605 cx
1887 2550 2182 2606 bestiarum
2242 2565 2441 2618 genere
2480 2547 2652 2619 (Mose
2706 2553 2870 2617 teste)
2915 2547 3354 2619 fuerit;easque

1762 2631 2090 2707 animantes,
2151 2656 2290 2712 quas
2320 2641 2526 2695 bestias
2565 2639 2809 2697 solemus
2859 2655 3078 2704 vocare,
3108 2643 3354 2710 quadru-
3435 2700 3437 2702 η

1762 2733 1926 2804 pedes
1985 2737 2107 2790 esse
2163 2735 2462 2789 videamus.
2516 2735 2582 2790 Et
2640 2749 2768 2789 vero
2814 2733 3073 2789 dominus
3098 2734 3347 2804 Ephrem

1761 2827 1888 2881 dum
1923 2826 2038 2880 haec
2081 2825 2133 2879 in
2185 2827 2301 2880 suis
2333 2823 2762 2880 Commentariis
2791 2823 3051 2893 explicat,
3077 2825 3220 2880 inter
3239 2825 3349 2880 alia

1763 2915 1889 2970 ait:
1931 2916 2080 2970 itane
2136 2915 2386 2980 volebas,
2427 2925 2487 2970 ut
2537 2916 2711 2970 Adam
2772 2915 3050 2968 amitteret
3111 2914 3344 2984 gloriam

1762 3021 1956 3073 suam;
1988 3021 2210 3077 serpens
2262 3020 2390 3060 vero
2459 3022 2527 3061 ne
2576 3005 2809 3078 pedibus
2840 3006 3057 3074 quidem
3089 3006 3352 3060 multare-

1764 3099 1886 3152 tur?
1918 3097 2046 3152 Erat
2073 3113 2202 3166 ergo
2234 3098 2546 3168 quadrupes
2569 3099 2766 3168 anguis
2792 3114 2808 3150 :
2835 3098 2930 3152 sed
2955 3098 3083 3168 quia
3111 3097 3349 3153 fuit-Sa-

1765 3199 1904 3244 tana:
1938 3205 2231 3260 organum,
2265 3199 2320 3243 et
2375 3191 2596 3244 inhaesit
2646 3191 2748 3259 ipsi
2801 3188 2986 3243 divina
3015 3190 3346 3254 exsecratio,

1760 3299 1823 3336 ex
1853 3282 2027 3337 bestia
2083 3282 2263 3336 factus
2309 3289 2394 3336 est
2456 3283 2648 3352 reptile
2709 3281 2936 3344 animal,
2966 3292 3022 3335 et
3055 3299 3180 3336 cum
3217 3291 3347 3337 ante

1798 3374 1986 3430 edibus
2001 3375 2328 3443 gradiretur,
2358 3375 2616 3445 deinceps
2636 3389 2808 3445 prono
2827 3385 3014 3430 ventre
3037 3377 3308 3445 prorepsit
3331 3393 3343 3429 :

1759 3467 1901 3521 sicut
1934 3475 1988 3521 et
2023 3454 2213 3532 Sat-an,
2255 3469 2380 3537 quia
2422 3469 2810 3538 przevat-icatus
2835 3467 3030 3532 fuerat,
3059 3482 3124 3521 ex
3149 3468 3347 3538 angelo

1759 3569 2005 3616 evaserat
2041 3561 2407 3626 daemonium;
2447 3570 2500 3615 et
2527 3571 2584 3616 ut
2612 3577 2750 3616 uxor
2778 3560 2900 3626 Lot,
2923 3562 3050 3630 quia
3084 3562 3348 3632 respexit,

1761 3666 1827 3704 ex
1862 3652 2087 3706 muliere
2117 3667 2238 3722 quae
2263 3645 2389 3708 ante
2423 3661 2569 3718 erat,
2609 3653 2996 3707 transformata
3023 3663 3104 3707 est
3141 3652 3194 3707 in
3225 3662 3343 3708 sta-

1761 3751 1908 3798 tuant
1956 3745 2110 3799 salis.
2142 3745 2345 3811 Quarta
2389 3745 2622 3815 quzesﬁo
2647 3754 2750 3807 est,
2786 3746 2831 3800 si
2866 3745 3101 3801 Satanas
3139 3749 3192 3800 in
3248 3763 3348 3802 an-

1759 3850 1917 3904 guem
1938 3850 1998 3889 se
2029 3836 2347 3900 insinuavit,
2378 3845 2543 3907 atque
2565 3851 2627 3890 ex
2651 3850 2717 3890 eo
2742 3837 2855 3905 ipse
2885 3839 2952 3890 ad
2983 3836 3150 3890 Evam
3183 3838 3343 3892 verba

1762 3926 1918 3994 fecit;
1971 3942 2069 3981 cur
2122 3927 2172 3980 id
2226 3943 2256 3980 a
2312 3927 2461 3981 Mose
2495 3928 2758 3996 scriptum
2797 3944 2902 3981 non
2928 3927 3021 3989 sit.
3045 3929 3140 3982 sed
3172 3928 3344 3984 solius

1755 4021 1947 4088 anguis
1967 4017 2107 4072 facta
2131 4019 2352 4072 mentio.
2378 4017 2476 4072 Hic
2494 4019 2916 4086 respondemus:
2937 4019 3137 4074 Mosem
3159 4021 3231 4074 rei
3253 4035 3346 4089 ge-

1757 4122 1854 4166 sta:
1877 4113 2218 4180 scriptorem,
2258 4128 2365 4166 non
2402 4111 2748 4180 interpretem
2775 4113 2952 4180 egisse
2988 4128 3091 4166 :ac
3116 4113 3346 4182 proinde

1757 4204 1935 4274 qualis
1977 4219 2204 4275 ipseque
2258 4219 2342 4258 res
2387 4188 2818 4268 visa‘est,talem
2851 4204 2918 4257 ah
2945 4204 3064 4274 ipso
3096 4220 3218 4259 esse
3247 4206 3344 4258 de-

104 4275 317 4334 arbitrio
366 4295 462 4336 aut
511 4286 778 4355 serpentis
829 4299 922 4342 aut
957 4291 1097 4346 alius
1128 4295 1382 4350 animalis
1413 4275 1650 4368 speciem
1691 4332 1732 4386 ο
1762 4296 2042 4365 scriptam,
2079 4313 2184 4350 non
2225 4297 2352 4351 item
2378 4298 2708 4365 explicatum
2738 4295 2831 4364 qui
2860 4311 2917 4350 se
2946 4311 3134 4351 revera
3174 4297 3344 4351 habe-

101 4383 250 4435 quam
287 4375 515 4430 voluerit
542 4395 776 4434 sumere.
822 4381 890 4436 At
938 4383 1193 4441 dominus
1227 4385 1460 4445 Iacobus
1493 4391 1656 4447 Satu-

1766 4393 1864 4439 ret.
1887 4383 1997 4438 Eva
2025 4395 2203 4439 autem
2226 4397 2532 4454 serpentem
2562 4388 2797 4453 videbat,
2821 4398 3130 4456 serpentem
3154 4404 3341 4443 secum

103 4465 292 4531 gensis,
344 4473 739 4525 commentario
793 4489 893 4529 suo
937 4477 1192 4546 depulso
1243 4481 1454 4536 Adamo
1500 4465 1653 4539 extra

101 4559 421 4624 paradisum,
464 4562 615 4628 dicit,
657 4565 914 4621 Satanam
947 4586 1006 4623 se
1037 4572 1441 4641 incorporatum
1487 4586 1652 4647 atque

100 4651 465 4728 aspectabilem
511 4670 741 4725 anguem
776 4656 1108 4728 insinuasse,
1134 4670 1188 4715 et
1219 4662 1344 4718 inde
1371 4681 1496 4720 cum
1526 4683 1649 4720 mu-

101 4736 222 4794 liere
293 4759 414 4799 esse
486 4749 815 4804 collocutum
877 4771 890 4806 :
951 4770 1114 4824 quam
1168 4758 1482 4826 Opinionem
1553 4776 1653 4814 nos

101 4829 251 4886 etiam
326 4839 693 4908 approbamus
775 4851 938 4914 atque
1021 4851 1426 4917 amplectimur.
1505 4851 1654 4907 lianc

100 4922 231 4978 enim
289 4945 470 4984 veram
518 4948 638 4988 esse
686 4934 767 4989 vel
824 4936 877 4991 id
932 4941 1131 5008 arguit,
1179 4944 1322 5010 quod
1369 4946 1655 5014 paradisus

104 5019 280 5088 duplex
313 5038 459 5092 erat;
489 5043 783 5098 corporeus
829 5044 880 5086 et
919 5034 1203 5101 spiritalis,
1247 5046 1304 5090 ut
1331 5037 1542 5108 magnis
1571 5054 1657 5092 ra-

106 5109 327 5169 tionibus
364 5129 448 5175 est
494 5136 522 5173 a
581 5121 736 5177 nobis
785 5123 1218 5180 demonstratum
1256 5147 1266 5182 :
1302 5129 1475 5183 Adam
1524 5130 1652 5185 item

106 5196 304 5302 Et‘aque
332 5211 562 5280 duplicis
590 5223 641 5268 et
668 5219 985 5286 compositae
1020 5219 1171 5273 fuere
1200 5230 1428 5284 natura),
1456 5224 1654 5292 quippe

103 5304 185 5357 Ἷιιι
223 5310 282 5349 el
315 5315 538 5370 corpore
564 5315 877 5361 constarent
910 5317 964 5362 et
994 5309 1202 5375 anima;
1236 5327 1407 5381 quare
1432 5327 1655 5382 serpen-

108 5389 201 5439 tem
253 5405 462 5464 qnoque
513 5397 784 5468 duplicem
831 5400 1003 5457 fuisse
1042 5403 1468 5459 existimandum
1513 5416 1646 5462 est:

170 5565 210 5598 “
231 5571 354 5631 Ceu.
392 5595 474 5650 ιιι,
509 5580 559 5634 l.

635 5583 678 5613 °’
714 5580 850 5638 Gen.
904 5597 980 5650 ttt,
1026 5583 1110 5638 lt.
1189 5584 1231 5614 ‘°
1265 5583 1306 5638 ll
1340 5583 1469 5639 Cor.
1504 5600 1564 5653 tt,
1595 5586 1650 5641 ὅ.

1765 4477 2073 4547 loquentem
2134 4479 2388 4532 audiebat
2419 4493 2433 4532 :
2472 4479 2575 4533 hoc
2624 4481 2788 4549 igitur
2819 4480 2998 4548 ipsum
3035 4479 3212 4536 Moses
3241 4495 3344 4534 suo

1763 4570 1967 4640 scripto
2031 4570 2308 4640 prodidit,
2355 4571 2820 4640 quemadmodum
2884 4571 3014 4626 alibi
3064 4581 3173 4628 tres
3224 4573 3342 4626 illos

1762 4680 1901 4734 quos
1932 4665 2531 4728 videbatAhraltamus,
2568 4664 2716 4719 viros
2748 4665 3060 4735 appellavit,
3093 4680 3215 4718 cum
3241 4663 3340 4716 viri

1765 4773 1870 4810 non
1921 4765 2122 4810 essent.
2157 4755 2236 4807 Ad
2304 4755 2428 4820 hoc,
2485 4755 2528 4810 si
2584 4756 2741 4810 divus
2804 4755 3025 4819 Paulus,
3069 4755 3161 4824 qui
3192 4763 3340 4807 tanto

1767 4849 2020 4919 temporis
2070 4848 2351 4902 intervallo
2393 4848 2592 4902 Moscm
2652 4860 2874 4904 secutus
2923 4857 3043 4910 est,
3089 4863 3215 4901 cum
3255 4863 3340 4902 res

1759 4943 1871 5013 jam
1923 4953 2038 4997 tum
2094 4943 2378 5012 explicatae
2433 4949 2638 5006 essent,
2685 4941 2924 5011 serpenti
2979 4957 3085 4994 non
3125 4938 3340 4994 Satantc

1765 5033 2126 5103 imposturam
2157 5032 2425 5093 attribuit,
2457 5031 2708 5100 inquiens
2748 5049 2761 5085 :
2810 5029 3004 5097 Vereor
3051 5033 3190 5085 sicut
3230 5047 3337 5083 ser-
3387 5032 3390 5036 ’

1756 5137 1883 5190 pens
1925 5125 2124 5193 decepit
2172 5122 2335 5177 Evam
2359 5122 2425 5188 ‘°,
2465 5131 2596 5186 εις..
2638 5137 2738 5178 cur
2763 5139 2870 5177 non
2906 5123 3100 5177 merito
3135 5120 3337 5183 Moses,

1758 5216 1850 5285 qui
1876 5227 1985 5271 tam
2013 5215 2198 5270 multis
2231 5215 2484 5269 aetatibus
2512 5213 2742 5270 Paulum
2773 5218 3070 5286 praecessit,
3093 5215 3338 5268 fraudem

1757 5309 1996 5379 serpenti
2045 5308 2362 5377 ascripsisse
2393 5307 2686 5364 videatur?
2723 5308 3022 5376 Scriptoris
3049 5309 3196 5361 enim
3235 5317 3338 5370 est,

1758 5421 1844 5461 res
1871 5413 2050 5474 gestas
2069 5419 2329 5470 narrare;
2357 5415 2410 5459 at
2430 5403 2740 5473 interpretis
2769 5417 2991 5468 munus,
3017 5416 3046 5455 a
3073 5399 3336 5469 scriptore
3429 5411 3434 5414 ’
