4008 6342
606 235 713 303 519

1894 228 2124 291 MOSIS
2164 226 2316 291 ΒΑΗ
2354 228 2603 290 CEPlIA

3783 226 3879 293 520

606 351 819 422 prodita
839 346 1123 419 explicare
1158 365 1171 402 :
1204 359 1268 401 ac
1317 341 1543 415 proinde
1577 336 1775 408 Moses,
1804 342 1896 410 qui
1943 341 2180 411 scriptor
2210 345 2254 402 Α
2286 354 2391 395 nus
2449 340 2711 395 obsecuta
2749 337 2941 395 fuisset
2975 336 3156 395 dictis.
3206 334 3398 411 Igitur,
3432 349 3491 395 ut
3540 354 3654 395 suae
3707 340 3880 397 fraudi

603 458 711 498 non
772 441 1064 507 interpres
1101 455 1222 495 esse
1291 436 1499 502 voluit,
1561 447 1705 491 reetc
1764 433 2008 489 narravit
2068 449 2185 488 scr-

599 542 818 602 pentem
858 547 984 587 cum
1018 530 1125 585 Eva
1149 529 1477 586 collocutum
1517 543 1658 594 esse,
1688 520 1810 583 non'
1828 538 2010 583 autem
2044 528 2186 584 dixit

604 603 866 679 Stitanam
901 626 1043 678 intra
1071 631 1376 693 serpentem
1428 621 1599 677 fuisse
1632 621 1987 677 occultatum.
2024 619 2186 686 Qua:-

603 721 713 775 stio
743 720 934 791 quinta
965 728 1068 781 est,
1096 722 1453 788 quamobrem
1488 715 1717 773 Satanas
1754 713 2020 769 Adamum
2056 730 2179 769 cum

602 828 773 867 uxore
806 810 1103 866 seduxerit.
1143 808 1257 866 Nos
1284 809 1661 864 existimamus
1719 822 1942 863 causam
1966 807 2185 863 Satanae

600 903 771 959 fuisse
806 904 1063 959 invidiam
1092 920 1201 975 qua
1236 902 1357 958 illos
1388 901 1861 972 prosequebatur;
1893 916 2019 955 nam
2056 914 2179 954 cum

600 996 692 1050 ille
747 995 971 1051 sublimi
1030 1011 1128 1051 sua
1189 994 1453 1064 dignitate
1507 994 1792 1063 gloriaque
1851 992 2180 1058 excidisset,

599 1085 915 1155 videretque
948 1100 1109 1155 porro
1134 1081 1403 1139 Adamuui
1432 1098 1497 1138 es
1524 1083 1637 1137 luto
1667 1082 2092 1149 conformatum,
2112 1083 2181 1138 ad

598 1180 893 1249 imaginem
929 1188 1109 1233 tamen
1137 1176 1659 1247 similitudinemque
1681 1175 1771 1231 Dei
1805 1175 2008 1233 factum
2034 1192 2177 1243 esse,

596 1282 762 1341 atque
790 1271 1033 1326 omnium
1072 1285 1251 1325 rerum
1282 1285 1404 1341 quae
1436 1271 1489 1323 in
1525 1269 1687 1326 terris
1715 1277 1899 1325 essent
1950 1271 2180 1340 imperio

594 1366 861 1436 potitum;
935 1374 1191 1435 preterea
1273 1363 1586 1433 paradisum
1649 1362 1863 1419 deliciis
1921 1366 2177 1419 omnibus

595 1459 812 1529 plenum
854 1458 1211 1525 incolentem,
1253 1465 1420 1529 atque
1466 1457 1832 1537 angeliearum
1889 1458 2175 1528 copiarum

595 1548 864 1604 fruentem
890 1549 1175 1613 societate,
1197 1565 1256 1605 se
1285 1564 1413 1605 vero
1434 1557 1625 1605 contra
1647 1549 2003 1605 deturbatum
2015 1559 2179 1621 atque

592 1641 887 1711 dejcetum,
924 1642 1164 1697 maxima
1217 1650 1495 1712 permotus
1521 1643 1788 1697 adversus
1824 1642 2093 1698 Adamum
2122 1652 2176 1697 et

2292 430 2447 486 locus
2509 440 2653 485 esset
2716 430 3005 502 verbisque
3062 430 3218 499 fides,
3272 430 3451 486 induit
3520 443 3879 502 corporatura

2290 522 2422 578 illud
2460 538 2751 595 organum,
2782 532 3090 594 serpentem
3110 561 3126 587 ,
3156 538 3330 594 eoque
3362 523 3551 580 habitu
3588 524 3877 579 visendum

2289 629 2350 670 se
2371 614 2641 671 exhibuit.
2677 614 2920 686 Septima
2952 616 3183 685 quaestio
3231 624 3337 681 est,
3371 631 3472 670 cur
3523 632 3635 686 prie
3667 617 3881 671 caeteris

2290 704 2479 760 bestiis
2545 720 2777 776 anguem
2811 704 2912 760 sibi
2946 703 3179 761 Satanas
3206 705 3259 761 in
3294 720 3562 778 organum
3593 706 3882 777 delegerit.

2288 797 2463 865 Hujus
2508 796 2587 853 rei
2634 811 2832 853 causas
2871 798 3071 852 multas
3096 812 3218 853 esse
3248 796 3482 853 dicimus
3518 796 3705 853 Primo
3738 798 3886 852 enim

2286 890 2497 945 nullum
2545 899 2666 944 erat
2697 904 2874 961 angue
2920 890 3120 945 animal
3152 891 3219 947 ad
3278 890 3580 947 fallendum
3610 891 3887 954 astutius;

2283 981 2337 1034 id
2370 982 2516 1051 quod
2552 981 2709 1037 divus
2742 981 2919 1039 Moses
2949 999 3172 1055 quoque
3200 983 3285 1039 bis
3313 984 3495 1040 verbis
3542 984 3837 1057 signieat
3868 1002 3886 1038 :

2287 1069 2357 1124 Et
2406 1087 2617 1141 serpens
2655 1081 2771 1127 erat
2819 1073 3069 1128 callidior
3097 1076 3240 1145 omni
3285 1075 3455 1129 bestia
3489 1076 3629 1145 agri.
3660 1073 3808 1130 Nam
3836 1083 3892 1131 et

2290 1166 2657 1221 animantium
2717 1166 2823 1221 alia
2885 1165 3102 1221 vafritie
3156 1167 3450 1233 excellunt,
3522 1176 3581 1222 ut
3642 1168 3884 1239 vulpes;

2290 1260 2420 1325 alia,
2447 1261 2566 1315 rudi
2622 1259 2973 1331 simplicitate
3022 1271 3173 1324 sunt,
3206 1270 3265 1314 ut
3295 1275 3452 1316 oves.
3490 1259 3696 1316 Deinde
3753 1275 3885 1315 cum

2284 1351 2482 1421 anguis
2542 1348 2731 1405 lethali
2789 1362 3001 1403 veneno
3044 1348 3260 1418 plenum
3308 1348 3547 1410 animal,
3584 1355 3890 1402 consents-

2283 1457 2446 1497 neunt
2488 1451 2632 1505 erat,
2668 1451 2725 1496 ut
2773 1441 2856 1497 vel
2909 1451 3129 1511 propter
3181 1450 3391 1521 natura:
3434 1440 3889 1509 congruentiam,

2282 1534 2628 1589 mortiferum
2692 1548 2855 1588 suum
2915 1532 3156 1587 toxicum
3220 1530 3604 1586 commisceret
3643 1530 3892 1586 Satanas

2278 1642 2405 1681 cum
2442 1627 2714 1695 serpentis
2744 1640 2974 1681 veneno.
3006 1624 3217 1689 Tertio,
3278 1632 3338 1678 ut
3388 1624 3529 1677 idem
3561 1623 3893 1678 usureniret

592 1734 760 1789 Evam
793 1734 1021 1799 invidia,
1054 1736 1203 1805 ipsos
1226 1734 1467 1789 seduxit.
1491 1731 1760 1788 Nimirum
1786 1733 2169 1804 hujuscemodi
2203 1725 2244 1779 Β
2275 1713 2491 1770 Satanan
2536 1716 2682 1785 quod
2746 1715 2857 1770 lilio
2912 1714 2986 1768 illi
3023 1714 3295 1784 proditio:
3334 1714 3380 1769 is
3411 1714 3558 1768 enim
3585 1722 3889 1805 postquam

590 1828 1021 1898 cegitationibus
1071 1822 1379 1898 exagitatus
1426 1835 1511 1881 est
1546 1843 1559 1880 :
1596 1826 1709 1895 Ego
1771 1826 1866 1896 qui
1917 1826 2175 1896 spiritalis

592 1938 737 1987 sum,
772 1921 997 1985 exsule;
1038 1930 1093 1976 at
1124 1920 1295 1975 Adam
1327 1921 1419 1989 qui
1450 1935 1746 1988 corporeus
1784 1930 1887 1985 est,
1924 1921 2067 1975 intro
2092 1930 2175 1975 cst

592 2022 844 2082 receptus
879 2031 893 2067 :
927 2027 1029 2082 ego
1077 2009 1398 2081 proﬂigatus
1429 2015 1689 2085 omnique
1716 2011 1888 2081 gloria
1936 2021 2170 2077 exutus;

590 2104 681 2158 ille
712 2104 877 2173 gloria
914 2102 1139 2158 indutus
1168 2103 1505 2175 vestitusque
1539 2120 1555 2158 :
1583 2119 1681 2175 ego
1712 2104 1765 2157 iu
1812 2104 1953 2168 imo,
1995 2104 2085 2157 ille
2119 2105 2171 2157 in

588 2211 805 2253 summo
830 2214 844 2248 :
870 2208 969 2265 ego
985 2196 1128 2266 apud
1153 2196 1375 2262 bestias,
1403 2195 1488 2249 ille
1518 2196 1657 2266 apud
1688 2195 1910 2268 angelos
1943 2213 1958 2251 :
1989 2209 2090 2263 ego
2119 2194 2172 2248 iu

585 2296 741 2342 vasta
795 2285 1109 2353 solitudine,
1159 2286 1248 2342 ille
1305 2286 1449 2341 inter
1481 2287 1886 2342 amoenissimas
1932 2286 2173 2357 paradisi

586 2380 813 2434 arbores
842 2389 1112 2435 versatur.
1144 2375 1550 2448 Huiuscemodi,
1586 2377 1834 2447 inquam,
1877 2378 2173 2450 cogitatio-

589 2486 688 2527 nes
748 2468 817 2524 ad
876 2469 1293 2540 prosequendos
1346 2469 1469 2524 illos
1516 2469 1720 2525 invidia
1792 2468 2172 2539 fallendosque

586 2564 768 2633 ipsum
803 2562 1141 2632 impulerunt
1177 2579 1191 2617 :
1223 2563 1422 2633 quippe
1463 2562 1801 2631 intelligebat
1829 2578 1893 2618 ex
1927 2578 1994 2618 eo
2023 2562 2168 2633 quod

585 2656 689 2711 sibi
722 2655 1020 2722 acciderat,
1050 2653 1096 2710 si
1128 2655 1591 2726 pecearetAdam,
1614 2654 1857 2710 futurum
1892 2666 1952 2711 ut
1985 2664 2173 2712 rueret

585 2749 729 2803 sicut
801 2747 917 2816 ipse
970 2747 1122 2817 prior
1193 2748 1712 2820 cecideratzatque
1774 2764 1837 2803 ex
1911 2758 2167 2819 peccato,

584 2840 779 2894 borum
829 2839 989 2910 plane
1038 2839 1268 2895 alterum
1317 2840 1527 2895 Adamo
1573 2852 1898 2896 eventurum
1931 2854 2076 2909 esse,
2109 2850 2170 2898 ut

583 2931 665 2986 vel
694 2939 1020 2990 moreretur.
1055 2946 1153 3001 pro
1187 2932 1294 2987 lata
1324 2932 1437 3003 jam
1468 2944 1595 2987 ante
1620 2933 1910 2995 sententia,
1947 2934 2063 3001 Quo
2082 2935 2170 2989 die

583 3025 867 3077 comederis
921 3024 985 3075 de
1046 3024 1171 3088 illa,
1227 3037 1449 3079 mortem
1499 3032 1744 3094 appetes;
1779 3025 1861 3079 vel
1911 3029 2238 3121 paradisoc

581 3111 972 3181 expelleretur,
1004 3120 1165 3181 atque
1215 3112 1409 3165 deinde
1438 3113 1624 3166 sobole
1665 3122 1945 3179 procreata
1979 3114 2166 3168 multi-

582 3205 877 3273 plicarctur
919 3206 1219 3259 secundum
1270 3204 1500 3260 faustam
1536 3206 1681 3259 illam
1715 3193 2165 3277 apprecationem

581 3314 687 3369 qua
710 3298 852 3355 Deus
872 3299 937 3354 ad
960 3300 1083 3355 illos
1104 3314 1236 3353 usus
1261 3298 1508 3353 dixerat:
1532 3300 1760 3353 Crescite
1776 3309 1822 3353 et
1843 3300 2171 3371 multiplica-

584 3394 754 3458 mini;
787 3395 893 3446 hoc
937 3386 1065 3445 vero
1097 3393 1142 3445 si
1174 3392 1246 3444 illi
1278 3394 1636 3459 contingeret,
1670 3401 1779 3445 tum
1815 3392 1928 3446 fore
1968 3402 2030 3447 ut
2057 3392 2171 3463 ipse

582 3496 633 3539 ct
658 3487 714 3540 in
742 3486 891 3539 illum
917 3484 1184 3554 ips’um,et
1206 3486 1257 3538 in
1284 3484 1427 3540 illius
1453 3500 1667 3539 omnem
1689 3485 2172 3555 posteritatemim-

580 3578 793 3647 perium
826 3587 1126 3635 exerceret.
1148 3578 1314 3647 Igitur
1336 3578 1401 3631 ad
1422 3578 1572 3631 illum
1608 3577 1901 3632 fallendum
1929 3578 2171 3649 percitus

581 3678 666 3723 est
696 3684 841 3722 nicra
871 3668 1095 3723 invidia.
1131 3669 1291 3734 Sexta
1329 3672 1556 3739 quaestio
1588 3679 1690 3733 est,
1726 3687 1825 3724 cur
1855 3687 1963 3724 non
2000 3686 2167 3742 appa—

580 3763 751 3816 ruerit
798 3760 961 3815 Satan
994 3762 1181 3830 primis
1229 3763 1549 3832 parentibus
1583 3763 1819 3817 humana
1852 3764 2055 3833 specie,
2086 3764 2167 3817 vel

580 3857 759 3910 divina
797 3856 966 3925 (quali
1006 3855 1481 3925 Douiinus‘nostcr
1520 3856 1571 3909 in
1628 3860 1856 3927 tuente),
1883 3855 2167 3927 autfigbra

582 3947 851 4017 iuajorum
912 3948 1235 4014 bestiarum,
1272 3947 1462 4017 quales
1500 3958 1629 4003 sunt
1659 3949 1877 4012 cameli,
1905 3950 2167 4017 elephan-

584 4046 683 4099 tes,
714 4046 764 4088 et
796 4036 979 4105 cjusce
1020 4038 1240 4104 generis
1282 4036 1402 4089 alia:
1438 4053 1451 4089 :
1504 4047 1597 4089 aut
1649 4036 1885 4105 denique
1932 4052 2031 4090 cur
2059 4054 2166 4091 non

582 4144 681 4182 suo
712 4131 884 4198 ipsius
915 4131 1137 4195 proprio
1167 4140 1332 4198 atque
1363 4130 1544 4183 nativo
1583 4129 1793 4195 habitu,
1832 4128 1927 4184 sed
1957 4145 2167 4197 organo

581 4232 720 4286 opus
780 4218 1055 4272 habuerit.
1108 4216 1248 4271 Sane
1283 4218 1519 4270 humana
1551 4220 1733 4287 specie
1757 4232 1862 4271 non
1895 4220 2163 4289 apparuit,

583 4309 728 4379 quod
784 4311 949 4364 sciret
994 4310 1159 4363 Evam
1197 4326 1303 4365 non
1350 4310 1601 4380 ignorare
1661 4310 1849 4376 alium,
1885 4320 2081 4380 printer
2109 4324 2166 4365 se

582 4412 856 4464 suumque
913 4400 1167 4451 maritum
1229 4399 1502 4451 hominem
1538 4398 1747 4451 nullum
1796 4414 1948 4465 esse;
1985 4414 2159 4469 neque
2194 4416 2235 4471 υ
2271 4392 2499 4462 qumslio
2553 4391 2866 4461 huiusmodi
2925 4402 3005 4447 est
3050 4408 3067 4446 :

585 4506 712 4543 vero
756 4490 896 4543 Deus
929 4491 1029 4567 ipsi
1060 4490 1410 4559 permittebat
1446 4502 1503 4543 ut
1536 4490 1812 4544 hominem
1849 4490 2157 4557 simularet,

582 4600 650 4637 ne
701 4583 902 4651 justam
947 4583 1168 4637 haberet
1218 4582 1326 4637 Eva
1360 4582 1563 4636 erroris
1598 4582 1683 4636 sui
1729 4582 2156 4648 excusationem,

579 4672 894 4740 conspicata
956 4671 1228 4724 hominem
1266 4670 1369 4725 sibi
1392 4669 1623 4724 similem
1654 4685 1683 4724 a
1708 4685 1817 4739 quo
1860 4670 2156 4725 falleretur.

580 4760 752 4816 Perro
801 4762 1020 4828 divina,
1055 4760 1139 4815 vel
1174 4760 1442 4831 majorum
1496 4761 1797 4817 bestiarum
1838 4762 2009 4832 figura
2050 4776 2158 4814 non

586 4860 857 4928 apparuit,
896 4860 1041 4929 quod
1097 4861 1179 4913 hie
1221 4860 1430 4928 species
1466 4860 1637 4914 nimio
1668 4868 1815 4915 metu
1850 4861 2166 4916 concussis-

584 4959 706 5007 sent
751 4952 1271 5021 perturbasscntque
1333 4952 1636 5017 mulierem,
1673 4954 1871 5006 nedum
1916 4953 1985 5006 ad
2062 4968 2164 5007 au-

584 5044 931 5099 scultandum
990 5043 1171 5098 verbis
1199 5044 1316 5099 suis
1371 5043 1733 5098 induxissent.
1767 5042 1876 5097 Sua
1930 5044 2166 5115 denique

521 5149 523 5151 ‘
581 5137 754 5206 ipsius
805 5136 1040 5188 naturali
1089 5135 1269 5209 specie
1314 5150 1419 5189 non
1452 5144 1534 5190 est
1577 5136 1721 5189 illam
1754 5135 2004 5201 adortus,
2035 5137 2170 5206 quia

585 5229 757 5293 magis
813 5228 975 5281 etiam
1044 5236 1385 5282 consternata
1425 5226 1543 5296 ipsa
1591 5224 1784 5282 fuisset
1832 5228 1875 5281 si
1910 5227 2028 5297 ejus
2061 5227 2155 5298 qui

581 5318 796 5372 videndi
835 5335 1055 5375 sensum
1105 5318 1310 5373 falleret
1347 5319 1505 5372 verba
1544 5318 1816 5384 audisset;
1850 5334 2019 5389 coque
2064 5319 2168 5373 mi-

602 5496 643 5525 ⁶¹
677 5494 814 5549 an.
850 5510 942 5561 xv,
980 5496 1036 5548 ll
1073 5512 1229 5567 seqq.

581 5725 729 5779 bolo.

2279 1824 2495 1865 summo
2553 1808 2766 1863 honore
2804 1806 3117 1873 excidisset,
3152 1806 3204 1861 in
3238 1821 3330 1861 eas
3351 1810 3605 1861 redactus
3631 1817 3715 1860 est
3753 1804 3888 1859 vita:

2280 1901 2531 1957 miserias
2576 1909 2636 1955 ut
2676 1915 2870 1971 porcos
2900 1914 3126 1970 pascere
3169 1912 3459 1970 cogeretur
3485 1900 3527 1931 ⁶¹
3573 1916 3586 1954 :
3626 1899 3707 1952 sic
3774 1900 3890 1953 sci-

2278 1993 2404 2048 licet
2457 1994 2624 2046 Satan
2661 2008 2727 2047 ex
2768 2006 2866 2046 sua
2901 1994 3158 2061 delapsus
3207 1992 3400 2061 gloria,
3445 1994 3497 2045 iu
3531 2006 3773 2060 anguem
3824 2006 3887 2045 se

2278 2084 2598 2139 insinuavit.
2638 2083 2875 2149 Quarto,
2914 2094 2973 2136 ut
3017 2097 3142 2136 cum
3174 2092 3316 2137 esset
3350 2082 3647 2153 aliquando
3674 2084 3888 2151 anguis

2277 2192 2440 2247 super
2471 2186 2710 2231 ventrem
2747 2191 2910 2231 suum
2944 2186 3333 2246 prorepturus;
3368 2175 3419 2229 id
3451 2178 3648 2243 ipsum,
3720 2175 3884 2228 humi

2277 2283 2517 2338 serpere,
2558 2266 2872 2337 diaboliqui
2910 2267 2964 2321 in
2996 2283 3171 2338 angue
3205 2266 3457 2331 latuerat,
3492 2266 3650 2320 nobis
3676 2280 3882 2320 casum

2276 2360 2347 2413 ob
2378 2361 2570 2415 oculos
2600 2368 2849 2428 poneret.
2884 2359 3129 2429 Denique
3161 2359 3233 2413 ita
3269 2367 3463 2412 natura
3484 2367 3881 2428 comparatum

2275 2462 2362 2506 est
2419 2460 2731 2521 serpentum
2786 2466 2981 2522 genus,
3016 2459 3075 2504 ut
3130 2449 3345 2504 occulta
3404 2448 3654 2519 quaedam
3694 2449 3880 2505 veluti

2276 2542 2519 2598 fraterna
2576 2543 2775 2599 indolis
2833 2543 3163 2611 conjunctio
3214 2542 3315 2611 ipsi
3364 2557 3487 2596 cuin
3520 2541 3881 2597 daemonibus

2276 2633 2578 2689 intercedat
2609 2633 2747 2705 (ιε),
2790 2636 2895 2689 etsi
2932 2649 2996 2688 ea
3057 2648 3157 2687 nos
3189 2634 3371 2687 lateat.
3401 2630 3882 2703 Octavaquastio

2274 2734 2379 2791 est,
2406 2741 2507 2781 cur
2534 2726 2845 2797 permiserit
2871 2726 3015 2781 Deus
3034 2724 3251 2781 Satanas
3271 2734 3325 2779 et
3354 2726 3589 2795 serpenti
3620 2726 3676 2779 in
3703 2742 3882 2796 pauc

2255 2820 2455 2881 .disum
2519 2819 2748 2874 introire
2784 2837 2797 2872 :
2831 2820 2943 2873 imo
2986 2834 3116 2874 vero
3146 2818 3383 2885 Satanae,
3425 2818 3695 2873 Adamum
3738 2834 3879 2874 cum

2272 2927 2447 2968 uxore
2481 2912 2692 2968 fallere.
2734 2912 2815 2966 Ad
2854 2912 2995 2967 hanc
3025 2912 3382 2980 qumstionem
3415 2913 3834 2981 respondemus
3862 2952 3881 2979 ,

2275 3006 2455 3060 varias
2499 3006 2571 3060 ob
2622 3020 2710 3059 res
2741 3005 3008 3075 permissa
3042 3005 3132 3059 illa
3170 3018 3315 3059 esse.
3383 3002 3639 3058 Permisit
3676 3006 3876 3064 enim.

2270 3101 2397 3155 dum
2456 3098 2674 3157 Salone
2728 3102 3033 3157 libertatem
3087 3089 3202 3157 non'
3248 3102 3524 3171 impedivit
3561 3104 3881 3173 quominus

2268 3199 2462 3260 suopte
2493 3190 2721 3246 arbitrio
2744 3202 3016 3256 uteretur,
3076 3192 3214 3247 sicut
3249 3207 3429 3262 neque
3453 3193 3637 3246 Oziam
3665 3194 3879 3262 probi-

2274 3284 2390 3337 buit
2447 3299 2476 3337 a
2513 3284 2877 3338 sanctissimis
2926 3284 3125 3354 adytis,
3151 3298 3217 3337 ne
3250 3299 3348 3352 pro
3402 3283 3675 3354 voluptate
3714 3286 3777 3339 in
3811 3302 3873 3342 ea

2270 3384 2614 3447 penetraret.
2646 3374 2910 3431 Pi-aiterea
2960 3377 3087 3431 sivit
3134 3375 3275 3431 Deus
3335 3378 3422 3430 illa
3470 3378 3715 3443 evenire,
3758 3396 3911 3450 qno'

2270 3468 2601 3533 ostenderet,
2636 3467 3098 3537 quemadmodum
3145 3465 3259 3523 fieri
3285 3468 3460 3537 potuit
3478 3454 3547 3522 ἰιι
3578 3470 3867 3525 Adamum

2270 3558 2353 3613 sui
2403 3558 2692 3629 imaginem
2740 3558 3267 3629 siuiilitudinemque
3294 3558 3362 3613 de
3392 3568 3535 3615 terra
3577 3562 3865 3620 aboleret:

2271 3649 2343 3702 ita
2386 3663 2581 3703 rursus
2634 3664 2693 3702 se
2747 3649 2876 3703 huic
2923 3648 3022 3718 ipsi
3081 3650 3393 3718 permisisse
3435 3659 3491 3704 ut
3540 3663 3741 3721 posset
3769 3668 3870 3723 per

2270 3744 2584 3813 superbiam
2616 3753 2777 3814 atque
2805 3743 3000 3798 fastum
3039 3744 3294 3799 allectare
3328 3745 3567 3800 divinam
3596 3746 3870 3817 majesta-

2272 3849 2402 3891 tciu.
2450 3838 2679 3908 Insuper
2727 3847 2784 3891 ut
2833 3854 2898 3893 ue
2956 3838 3092 3892 nihil
3144 3847 3292 3893 esset
3348 3853 3473 3893 cum
3517 3855 3627 3909 quo
3653 3840 3859 3895 Adami

2272 3930 2493 3985 libertas
2526 3930 2736 3985 arbitrii
2767 3941 2951 4001 posset
2988 3930 3271 3985 decertare
3304 3931 3578 4001 :denlquc
3615 3941 3671 3985 ut
3703 3934 3861 4001 peri-

2271 4024 2454 4075 culum
2489 4022 2641 4075 fieret
2673 4022 2740 4074 de
2762 4022 2971 4075 Adamn
3007 4022 3381 4076 observansne
3409 4022 3649 4078 mandati
3678 4023 3859 4077 divini

2272 4124 2442 4181 esset,
2481 4129 2548 4168 an
2582 4114 2829 4168 minime.
2893 4113 3061 4169 Erant
3112 4116 3278 4185 igitur
3328 4130 3454 4169 cum
3501 4116 3663 4171 arbor
3710 4117 3855 4187 ipsa,

2270 4216 2384 4261 tum
2443 4204 2677 4260 Satanas
2711 4216 2874 4275 atque
2908 4222 3131 4276 serpens
3162 4207 3226 4260 ad
3279 4206 3669 4277 explorandam
3726 4209 3861 4263 Adae

2270 4299 2480 4351 arbitrii
2513 4299 2820 4353 libertatem
2852 4300 3265 4353 accommodata
3295 4300 3680 4353 instrumenta.
3701 4298 3857 4356 Nona

3120 4390 3232 4446 Cur
3287 4393 3450 4461 angui
3509 4391 3857 4448 maledixerit

2268 4484 2432 4550 Deus,
2484 4483 2578 4554 qui
2635 4484 2844 4537 nullum
2904 4483 3085 4540 scelus
3143 4492 3404 4553 patrarat,
3454 4481 3668 4539 Satanae
3718 4498 3855 4539 Vero

2266 4576 2454 4647 ﬂagitii
2500 4592 2594 4630 reo
2642 4577 2915 4647 noxioque
2962 4576 3099 4630 nihil
3159 4565 3287 4628 mali
3336 4575 3671 4645 imprecatus
3725 4575 3851 4632 sit’

2268 4686 2446 4740 neque
2466 4670 2609 4724 enim
2634 4669 2808 4724 libero
2829 4670 3082 4723 utebatur
3104 4668 3297 4737 anguis
3320 4667 3571 4733 arbitrio,
3595 4676 3651 4720 ut
3667 4654 3853 4737 posset

2268 4778 2327 4819 se
2360 4760 2576 4818 Satanas
2620 4777 2718 4832 pro
2764 4762 3130 4815 instrumento
3171 4776 3276 4814 non
3311 4767 3589 4829 prazstare.
3621 4759 3698 4814 Ad
3736 4760 3850 4815 hac

2268 4856 2503 4911 dicimus
2567 4856 2891 4910 detestatum
2949 4868 3069 4909 esse
3119 4868 3352 4923 anguem
3412 4852 3624 4908 ut-boc
3666 4852 3846 4922 ipsum
3898 4918 3901 4919 ν

2268 4948 2490 5003 Satanae
2539 4948 2825 5002 molestum
2887 4949 3179 5009 accideret,
3213 4944 3306 5015 qui
3335 4944 3447 5024 illo
3477 4945 3732 5001 utebatur
3768 4946 3851 4999 in-

2270 5051 2611 5107 strumento;
2647 5039 2815 5094 veluti
2862 5040 2909 5095 si
2958 5039 3083 5110 quis
3119 5039 3390 5093 musicum
3424 5035 3846 5092 instrumentum

2270 5132 2603 5202 confringat,
2634 5146 2742 5203 quo
2773 5147 2898 5188 eum
2941 5131 3033 5200 qui
3068 5130 3159 5184 illo
3224 5130 3455 5185 canebat
3519 5128 3797 5185 excruciet
3830 5146 3844 5180 :

2271 5240 2477 5295 equum
2536 5225 2793 5280 nimirum
2848 5223 3083 5296 graviter
3136 5222 3448 5294 prostravit,
3480 5229 3539 5277 ut
3579 5236 3843 5277 sessorem

2281 5318 2445 5374 simul
2481 5327 2893 5383 consterneret;
2930 5331 3231 5387 navemque
3287 5315 3574 5382 subvertit,
3619 5324 3676 5366 ut
3716 5328 3846 5365 nau-

649 5653 761 5733 (Ιὲ)
797 5653 1289 5726 Οαυιοιιτεο;ηιιηι
1325 5655 1627 5715 similitudo
1658 5657 1921 5733 quaedam
1972 5656 2198 5727 indolis,
2240 5673 2348 5714 non
2440 5657 2679 5717 fraterna
2734 5661 3049 5733 coniunctio
3106 5664 3242 5720 inest
3295 5660 3523 5720 colubro
3565 5674 3685 5716 cuni
3726 5658 3839 5716 dia-
