4008 6342
198 305 284 372 εει
354 372 357 374 .

1300 309 1396 369 DE
1440 304 1816 367 PAIIADISO
1880 330 1945 340 -
1984 304 2175 364 PARS
2216 302 2265 363 Ι.

3303 288 3407 349 ωε
3424 252 3427 253 ί

198 438 294 480 tam
346 422 619 477 multaret.
675 421 999 490 Serpentem
1053 433 1182 490 ergo
1241 406 1547 475 maledictis
1600 416 1748 472 feriit
1774 422 1822 481 Α
1850 415 1966 471 haec
2024 424 2245 488 propter
2300 410 2646 466 Hebraeorum
2712 417 2932 474 quoque
2989 399 3409 457 imbecillitatem

196 515 343 578 Deus,
373 521 430 567 ut
459 500 717 567 Satanam
777 510 962 575 dolore
1014 519 1236 581 angeret
1279 512 1456 578 quiin
1490 506 1791 577 serpente
1848 506 2026 560 noluit
2093 502 2272 558 Moses
2344 500 2590 570 spiritum
2669 499 2806 552 intra
2875 509 3103 565 anguem
3162 494 3415 548 latentem

194 606 533 675 loquebatur;
589 602 731 654 sicut
783 610 838 654 et
888 599 1151 669 legionem
1205 599 1399 654 amixit
1468 598 1748 669 perdetde

192 710 376 768 porcos
394 694 438 727 “
468 710 482 746 :
515 691 679 745 simul
704 698 870 759 atque
898 691 1040 746 enim
1072 691 1305 745 Satanas
1330 689 1612 758 conspexit
1644 704 1746 743 an-

194 801 336 859 gucm
357 782 574 837 amissis
596 782 824 851 pedibus
857 782 1008 836 humi
1031 781 1287 844 volutari,
1320 781 1519 837 acerbo
1544 796 1748 851 angore

190 874 523 931 excruciatus
574 881 677 927 est.
712 869 979 926 Prarterea
1033 872 1152 926 idco
1201 862 1419 941 quoque
1469 870 1750 926 maledixit

190 961 437 1032 serpenti,
471 960 617 1032 quod
667 960 878 1016 Adamo
911 971 1079 1029 atque
1122 959 1246 1015 Evte
1293 961 1548 1030 peccandi
1583 976 1747 1014 causa

189 1053 512 1118 exstitisset;
562 1050 706 1105 sicut
763 1051 1069 1119 iumentum
1122 1050 1389 1118 lapidibus
1417 1050 1750 1105 obruebatur

190 1158 307 1199 cum
333 1158 441 1212 quo
472 1156 674 1211 corpus
721 1145 1017 1197 miscuerat
1045 1142 1282 1206 homo“,
1318 1157 1384 1198 eo
1410 1144 1552 1212 quod
1581 1158 1747 1198 causa

1849 597 2118 667 prodere;
2163 611 2232 649 ne
2276 593 2482 649 scilicet
2512 592 2594 646 illi
2644 588 3015 645 adversariam
3048 584 3159 640 Deo
3186 594 3416 652 potesta-

1850 697 1957 742 tem
1991 702 2112 742 esse
2153 684 2317 740 ullam
2366 687 2741 753 opinarentur,
2784 696 2902 749 quae
2950 677 3251 748 majoribus
3281 674 3423 729 freta

1850 779 2060 833 viribus
2107 786 2294 847 posset
2346 773 2551 844 aliquid
2586 773 2756 827 invito
2785 786 2943 840 agerc
2972 772 3102 826 Deo.
3131 766 3266 823 Nam
3300 766 3423 822 ideo

1847 870 2012 924 etiam
2046 869 2364 940 angelorum
2402 866 2546 920 nulla
2582 874 2666 920 est
2695 880 2725 918 a
2754 861 2904 917 Mose
2934 862 3073 916 facta
3120 860 3324 914 mentio
3355 860 3436 914 ad-

1850 961 2045 1031 Agaris
2071 975 2243 1031 usque
2259 968 2494 1022 atatem,
2519 972 2589 1011 ne
2615 954 2785 1011 Judaei
2814 953 3221 1024 suspicarentur
3243 951 3425 1020 plures

1800 1082 1807 1091 -
1849 1068 1970 1109 esse
2003 1054 2156 1106 deos.
2195 1050 2420 1120 Insuper
2462 1049 2712 1119 quamvis
2746 1062 2855 1103 non
2904 1054 3095 1117 aperte
3150 1046 3425 1101 maledixit

1817 1144 2071 1199 'Satana:
2113 1142 2288 1207 Deus,
2352 1153 2530 1196 tamen
2571 1140 2784 1195 occulte
2816 1148 2981 1207 atque
3013 1136 3332 1193 abscondite
3376 1135 3428 1188 id

190 1234 309 1289 mali
341 1234 564 1298 luisset;
596 1234 854 1304 scriptum
886 1244 970 1290 est
991 1234 1138 1288 enim
1176 1250 1190 1287 :
1224 1232 1306 1288 Eu
1354 1235 1555 1288 malum
1590 1237 1746 1301 uenit,
1849 1235 1919 1290 ab
1982 1235 2077 1289 illo
2131 1235 2370 1289 maxime
2423 1242 2605 1288 actum
2684 1247 2805 1287 csse
2865 1230 3221 1285 aﬂlrmamns.
3292 1230 3451 1308 Dum;

178 1306 272 1380 sed
289 1340 360 1377 ea:
377 1324 460 1376 illi
484 1341 575 1392 per
591 1342 741 1393 quem
760 1329 895 1380 venit
914 1327 985 1381 “.
1004 1329 1083 1381 Ad
1106 1330 1218 1382 haec
1236 1331 1309 1384 ita
1332 1329 1609 1383 maledixit
1633 1343 1750 1385 ser-
1849 1324 1994 1379 enim
2013 1339 2268 1395 expresse
2290 1339 2521 1395 anguem
2544 1325 2957 1386 exsecrabatur,
2985 1321 3147 1375 tacite
3169 1306 3451 1401 Satanam;

190 1414 329 1487 μεΞηί
365 1426 584 1485 propter
618 1418 899 1481 Satanam,
928 1427 987 1472 ut
1021 1429 1179 1475 term
1204 1431 1424 1489 propter
1452 1419 1746 1476 Adamum.
1826 1400 2153 1471 'malcdictis
2177 1414 2573 1485 pet-stringebat
2593 1431 2607 1477 ;
2629 1414 2771 1480 quod
2792 1424 2910 1484 post
2936 1409 3430 1483 probabimusgbeo

189 1508 411 1577 Insuper
446 1509 547 1564 hac
593 1511 754 1563 etiam
813 1510 880 1565 de
929 1509 1095 1566 cauSa
1154 1512 1433 1566 maledixit
1485 1513 1748 1582 serpenti,
1846 1506 2094 1575 iurante.
2135 1505 2287 1560 llattc
2338 1508 2482 1559 enim
2546 1505 2760 1559 Saturne
2796 1502 3233 1559 maledictionem
3286 1500 3429 1555 clare

187 1612 291 1667 quo
311 1600 478 1652 Adam
509 1600 725 1669 Evaque
743 1599 854 1669 (ubi
890 1602 1133 1656 viderent
1166 1612 1425 1671 quantam
1456 1604 1751 1658 sustineret
1851 1604 2089 1664 arguunt
2120 1596 2208 1649 illa
2242 1595 2444 1650 Christi
2474 1594 2635 1650 Verba
2663 1595 2716 1650 Ῐιι
2742 1593 3075 1665 Evangelio:
3112 1594 3252 1659 Qui"
3276 1593 3423 1664 μάλ’

186 1693 516 1758 κτρεοεει
568 1690 752 1745 divina
804 1692 1191 1753 maledictione
1222 1694 1472 1774 multam,
1519 1694 1743 1763 pedibus

1852 1703 1970 1752 ceps
2033 1688 2217 1758 mundi
2272 1686 2429 1756 hujus
2460 1687 2579 1755 jam
2616 1687 2889 1757 judicatus
2929 1696 3007 1741 est
3049 1687 3115 1744 ⁸³.
3148 1686 3213 1740 Et
3244 1689 3370 1743 alibi
3411 1708 3427 1743 :

185 1780 344 1836 orbus
366 1790 529 1850 atque
554 1797 715 1852 super
752 1793 993 1838 ventrem
1024 1764 1369 1854 proreptans)
1404 1759 1748 1842 a‘nimadver-
1782 1759 1822 1814 θ
1852 1778 2276 1843 Discediteame,
2301 1778 2591 1843 maledicti,
2610 1782 2663 1832 in
2682 1781 2852 1849 ignem
2871 1781 3431 1851 wteruum,qui‘paru-

186 1882 352 1929 tercnt
398 1885 563 1945 atque
597 1875 961 1945 intelligerent
991 1876 1045 1931 in
1080 1892 1243 1946 quam
1280 1892 1496 1945 gravem
1530 1875 1751 1930 incidis-

184 1970 301 2019 sent
352 1978 619 2028 errorem,
652 1976 1027 2035 quantumque
1078 1966 1341 2036 ﬂagitium
1396 1965 1751 2021 admisissent

184 2056 418 2124 serpenti
470 2056 908 2126 obtemperantes
937 2071 953 2112 :
984 2071 1048 2111 ac
1080 2056 1306 2126 proinde
1371 2056 1425 2110 in
1469 2056 1758 2125 posterum

176 2161 378 2222 magno
402 2156 550 2202 metu
580 2147 1015 2203 continerentur.
1051 2146 1153 2203 Sed
1178 2147 1330 2217 juvet
1358 2149 1499 2218 apud
1532 2163 1628 2205 eos
1655 2148 1751 2221 qui

182 2235 320 2291 hanc
350 2247 568 2293 movent
609 2240 963 2308 quaestionem
1020 2238 1121 2292 hac
1167 2248 1418 2293 mutuum
1448 2238 1751 2309 quastione

180 2319 255 2382 uti
287 2345 304 2382 :
333 2329 483 2381 Itane
513 2344 631 2394 vos,
658 2331 923 2399 serpentis
952 2329 1263 2384 vindicandi
1294 2330 1467 2400 gratia
1504 2330 1750 2401 quaeritis

179 2434 273 2474 cur
322 2419 703 2474 exsecratione
729 2420 1044 2489 perstrictus
1094 2421 1165 2474 sit
1194 2420 1288 2490 qui
1320 2420 1548 2477 arbitrio
1579 2422 1751 2478 libero

96 2562 99 2569 π
178 2512 403 2568 minime
452 2514 688 2568 donatus
736 2514 863 2568 mali
892 2514 964 2568 nil
1004 2514 1282 2585 patraret?
1311 2513 1475 2570 dicite
1496 2556 1510 2581 ,
1539 2518 1759 2586 quaeso,

176 2605 417 2661 vicissim
444 2606 599 2668 mihi,
638 2619 738 2660 cur
766 2603 917 2669 forte,
966 2605 1236 2674 jumenta,
1268 2604 1520 2660 volucres
1549 2605 1751 2679 diluvio

98 2720 99 2723 η
176 2699 413 2768 periere.
459 2713 580 2766 qua:
611 2712 718 2752 non
773 2696 1154 2765 deliquerunt?
1184 2706 1280 2752 aut
1331 2698 1461 2767 quid
1502 2713 1752 2754 meruere

174 2803 333 2853 oves,
369 2790 644 2858 bovesque
684 2796 737 2842 et
764 2803 891 2846 aves
922 2804 1042 2859 qua,
1086 2788 1331 2859 quotidie
1385 2789 1632 2845 insontes
1681 2788 1746 2844 ad

174 2867 443 2934 sacrillcia
489 2880 867 2936 debebantur?
917 2880 1058 2947 Quid
1103 2881 1492 2936 commiserant
1553 2872 1751 2951 pecora

171 2967 295 3035 Job,
312 2954 449 3040 quae.
464 2972 681 3026 innoxia
701 2987 823 3026 cum
859 2982 1062 3038 essent,
1079 2973 1189 3045 igni
1212 2982 1341 3029 sunt
1366 2972 1564 3029 tradita
1583 2974 1750 3030 devo-

1853 1879 1936 1923 tus
1953 1855 2037 1924 est
2051 1869 2259 1924 diabolo
2276 1879 2325 1925 et
2342 1870 2542 1940 angelis
2567 1869 2703 1940 ejus.
2729 1869 2947 1925 Decima
2967 1873 3193 1940 quaestio
3208 1882 3310 1931 cst.
3331 1887 3430 1927 cur

1852 1958 2029 2015 Moses
2058 1970 2363 2031 serpentem
2390 1961 2670 2031 scripserit
2693 1963 3011 2017 astutiorem
3050 1961 3218 2018 fuisse
3240 1962 3431 2018 bestiis

1821 2086 1824 2092 ς
1854 2052 1992 2121 agri,
2031 2066 2141 2106 non
2171 2062 2354 2107 autem
2391 2052 2817 2124 prudentiorem.
2860 2055 2940 2108 Ad
2969 2054 3110 2109 hanc
3134 2057 3431 2126 responde-

1853 2155 1978 2197 mus
2038 2142 2382 2211 prudcntiam
2412 2142 2591 2197 virtuti
2620 2143 2831 2198 allinem
2878 2159 3000 2199 esse
3026 2160 3040 2210 ;
3075 2152 3252 2201 ustum
3277 2160 3428 2213 vero,

1850 2233 2020 2289 vitiis.
2056 2233 2126 2288 Et
2161 2245 2289 2289 sunt
2325 2236 2461 2290 inter
2509 2236 2713 2291 bestias
2752 2236 2872 2291 alite
2931 2236 3255 2304 hebetiores,
3308 2239 3431 2293 alia

1850 2325 2190 2385 callidiores:
2234 2342 2410 2396 neque
2465 2327 2553 2381 hic
2601 2325 2815 2398 Moyses
2844 2308 3101 2398 anguem,
3147 2332 3426 2386 hominum

1849 2418 2276 2488 comparatione,
2299 2417 2714 2474 callidissimum
2756 2421 3149 2491 pronuntiarit,
3183 2426 3275 2483 sed
3299 2438 3426 2487 cum
3484 2424 3496 2434 ’

1814 2516 1817 2519 ’
1852 2508 2068 2565 exteris
2126 2509 2384 2564 collatum
2420 2510 2630 2578 bestiis,
2686 2513 3001 2569 hominibus
3046 2528 3176 2570 vero
3210 2520 3427 2587 propria

1851 2601 2118 2670 sapientia
2143 2601 2539 2670 prudentiaque
2584 2603 2747 2658 tribui
2778 2598 3286 2678 solet,‘.quialioqui
3316 2624 3427 2664 non
3526 2618 3531 2625 ‘

1852 2692 2033 2749 solum
2058 2703 2285 2747 tta-teras
2310 2694 2638 2759 animantes,
2691 2690 2785 2750 sed
2816 2697 2964 2767 ipsos
2993 2698 3156 2754 etiam
3220 2714 3428 2771 angues

1849 2794 1970 2839 astu
2005 2791 2167 2852 atque
2192 2783 2408 2837 solertia
2434 2785 2591 2854 longe
2619 2797 2897 2851 anteeant.

2376 2877 2606 2935 CAPUT
2650 2880 2890 2938 XXVIII.

1922 2969 2066 3041 (15⁸)
2094 2970 2324 3042 Scripsit
2352 2981 2532 3027 autem
2572 2973 2764 3029 beatus
2794 2973 2970 3033 Moses
2996 2978 3061 3034 de
3078 2978 3333 3050 paradiso
3356 2982 3425 3037 ad

174 3061 380 3115 nuda?
428 3061 543 3115 Cur
590 3059 843 3117 Christus
889 3063 1088 3134 legioni
1128 3064 1375 3133 permisit
1433 3078 1629 3134 porcos
1689 3065 1743 3119 in
1773 3090 1819 3152 ε
1853 3063 2243 3118 Ιωηοωοάυηι
2280 3080 2296 3119 :
2332 3062 2397 3117 Et
2431 3064 2766 3133 plantaverat
2793 3068 3057 3126 Dominus
3086 3072 3227 3128 Deus
3253 3091 3422 3145 para-

173 3152 715 3216 mari‘suﬂ'ocandos,
747 3154 840 3224 qui
871 3170 978 3209 non
1017 3155 1348 3225 peccaram?
1389 3155 1503 3211 Cur
1531 3155 1745 3210 sacriﬁ-

173 3244 464 3311 cabantur,
519 3244 994 3315 oll‘erebantttrque
1050 3246 1319 3301 columbae
1381 3262 1447 3303 ac
1501 3255 1743 3304 turtures

173 3353 269 3408 pro
290 3352 355 3392 ex
366 3339 583 3408 piandis
600 3338 835 3408 peccatis
864 3352 1097 3407 quorum
1127 3339 1258 3410 ipsa:
1284 3350 1533 3410 expertes
1556 3341 1746 3396 erant?

172 3428 282 3482 Cur
313 3431 437 3484 ovis
474 3444 570 3498 pro
606 3428 787 3498 populi
813 3429 1183 3499 redemptione
1212 3431 1621 3499 immolabatur,
1647 3443 1745 3486 aut

172 3524 370 3579 hmdus
412 3525 748 3579 iniectabatur
779 3541 873 3593 pro
902 3523 1148 3578 ecclesiae
1166 3523 1471 3593 impietate,
1508 3525 1592 3580 vel
1638 3525 1769 3580 bos

170 3627 268 3684 pro
299 3615 590 3670 sacerdOte
640 3614 926 3685 improbo,
975 3629 1097 3669 cum
1148 3629 1325 3685 neque
1373 3616 1513 3680 ovis,
1560 3630 1737 3686 neque

170 3705 388 3771 haedus,
425 3721 598 3775 neque
642 3706 741 3763 bos
786 3705 1178 3778 deliquissent?
1207 3705 1737 3772 Cur,eontumeliis,

169 3794 280 3850 imo
303 3797 472 3851 etiam
506 3806 676 3851 morte
708 3794 883 3852 affecti
927 3807 1053 3851 sunt
1084 3812 1181 3866 pro
1210 3796 1411 3867 populo
1465 3797 1739 3867 propheta:

124 3920 131 3927 -
168 3884 802 3952 inttucentissitnilQuid
859 3884 1145 3939 Christus?
1186 3899 1365 3941 nonne
1410 3885 1755 3956 suppliciunt‘

166 3974 350 4029 crucis
380 3974 640 4029 sustinuit
670 3988 767 4043 pro
800 3974 1003 4029 nostris
1032 3975 1270 4044 peccatis
1291 3973 1315 4027 ?
1335 3973 1447 4030 Cur
1470 3989 1599 4046 ergo
1619 3991 1732 4031 ser-

164 4068 346 4137 pentis
397 4069 620 4121 multam
677 4053 1316 4139 suggillatis?Numquid
1372 4072 1585 4141 aequius
1613 4087 1738 4128 esse

163 4162 443 4215 duceretis
467 4162 512 4215 si
536 4161 800 4215 Adatnum
837 4160 980 4215 Deus
1012 4162 1388 4217 maledictione
1417 4164 1737 4227 multasset,

163 4262 475 4322 serpentem
497 4268 621 4307 vero
644 4236 858 4306 interim
885 4251 953 4305 ab
978 4254 1126 4319 omni
1150 4268 1291 4307 noxa
1318 4253 1549 4309 liberum
1572 4264 1737 4326 atque

162 4344 446 4413 impunem
483 4344 753 4400 habuisset
787 4342 810 4397 τ
837 4341 1295 4401 Destituendusne
1324 4346 1420 4402 tibi
1452 4347 1736 4403 videbatur

1848 3155 2026 3207 disum
2056 3155 2110 3207 in
2162 3151 2311 3208 Eden
2351 3154 2415 3207 ab
2461 3155 2615 3217 initio
2654 3156 2721 3220 ‘f.
2771 3158 2836 3212 Et
2882 3160 2928 3216 si
2969 3164 3259 3232 paradisus
3295 3176 3422 3224 ante

1846 3244 2112 3308 Adamutn
2146 3247 2396 3302 conditus
2440 3260 2587 3327 esset
2633 3258 2815 3308 tamen
2886 3254 3063 3312 Moses
3092 3270 3287 3317 creato-
3300 3262 3415 3334 jam

1846 3337 2057 3393 Adamo
2103 3340 2213 3425 agit
2236 3339 2303 3394 de
2368 3341 2581 3397 consito
2649 3346 2927 3414 paradiso,
2968 3350 3244 3429 nimirum
3288 3358 3418 3426 quia

1846 3430 2137 3484 revertitur
2185 3430 2251 3514 ad
2294 3431 2631 3502 superiorem
2682 3436 2991 3496 historiam.
3026 3441 3316 3501 Narncum
3349 3450 3419 3505 ab

1844 3520 1913 3576 iis
1943 3520 2010 3576 de
2061 3522 2265 3591 quibus
2304 3523 2357 3577 in
2393 3539 2487 3579 sex
2542 3526 2738 3583 diebus
2784 3529 3130 3601 loquebatur,
3175 3540 3417 3596 nondum

1844 3612 2082 3682 perlecta
2113 3616 2424 3673 narratione
2455 3617 2730 3687 digressus
2752 3619 2923 3678 {fuerit
2950 3664 2966 3689 ,
3000 3626 3137 3682 redit
3166 3646 3312 3687 nunc
3345 3635 3414 3688 ad

1844 3705 2233 3761 absoltrendant
2307 3707 2455 3763 illam
2512 3711 2916 3781 narrationem,
2976 3732 3149 3788 eaque
3207 3725 3415 3783 ratione

1782 3805 1797 3825 ο
1843 3796 1952 3866 agit
1991 3797 2097 3860 hic,
2144 3805 2267 3868 post
2305 3808 2551 3855 creatum
2584 3802 2878 3871 Adamnm,
2928 3808 2995 3863 de
3029 3814 3282 3881 paradiso
3320 3820 3413 3887 qui

1841 3888 2047 3958 alioqui
2084 3898 2211 3944 ante
2243 3889 2391 3946 illum
2437 3889 2617 3947 fuerat
2644 3895 2919 3953 conditus.
2951 3898 3071 3955 Jam
3110 3920 3237 3960 vero
3278 3910 3415 3977 quid

1841 3980 1914 4035 sit
1948 3979 2259 4049 paradisus,
2285 3992 2338 4036 et
2366 3996 2465 4036 cur
2495 3998 2524 4037 a
2556 3985 2665 4040 Deo
2695 3989 2963 4056 consitus,
2998 4010 3108 4063 quo
3139 3997 3265 4054 item
3296 3990 3443 4069 die,“

1839 4081 1892 4126 ct
1919 4073 2010 4124 ubi
2040 4072 2313 4137 locorum,
2341 4072 2394 4127 in
2418 4083 2631 4130 terrane
2656 4092 2725 4148 an
2757 4079 2809 4133 in
2838 4082 2996 4148 etelo,
3020 4094 3072 4139 ct
3090 4086 3143 4141 in
3166 4104 3269 4159 qua
3292 4099 3419 4146 tan~

1838 4164 1959 4218 dem
1999 4163 2189 4218 mundi
2218 4165 2439 4234 regione
2465 4168 2702 4237 positus,
2736 4180 2849 4227 tum
2879 4178 3136 4245 quar’huc
3163 4192 3411 4249 spectant

1839 4256 1942 4310 alia
1995 4270 2163 4325 supra
2211 4264 2337 4309 sunt
2375 4273 2402 4309 a
2446 4259 2605 4314 nobis
2637 4261 2755 4317 suis
2828 4265 3130 4337 disceptata
3177 4276 3409 4331 reticui-

1840 4350 1960 4403 bus.
1987 4346 2255 4401 Caeterum
2292 4346 2434 4401 Eden
2468 4350 2618 4407 locus
2649 4362 2729 4409 est
2757 4371 3010 4415 amoenus
3039 4371 3202 4432 atque
3227 4370 3410 4425 omnis

160 4433 412 4487 Adantus
464 4441 611 4487 tanta
665 4432 835 4502 gloria
860 4472 875 4495 ,
934 4443 1191 4504 tantoque
1238 4435 1443 4490 honore
1465 4476 1481 4499 ,
1542 4439 1734 4507 anguis
1768 4424 1810 4476 Ῑ)
1840 4438 2056 4509 generis
2083 4437 2370 4494 arboribus
2404 4440 2607 4507 rarius,
2649 4444 2702 4498 in
2733 4461 2841 4513 quo
2866 4448 2984 4503 loco
3017 4424 3157 4508 Deus
3194 4456 3409 4529 paradi-

163 4539 295 4581 vero
355 4527 423 4580 ne
476 4525 725 4595 pedibus,
766 4527 984 4596 quidem
1045 4527 1422 4583 mutilandus?
1467 4528 1570 4584 Sed
1622 4531 1732 4600 jam

159 4610 349 4671 dicent
379 4634 393 4670 :
421 4618 529 4670 Cur
559 4618 751 4671 saltem
794 4633 901 4672 non
940 4619 1104 4673 etiam
1151 4618 1411 4673 Satanam
1454 4623 1616 4675 simul
1653 4633 1738 4678 est

158 4720 485 4762 exsecratus
534 4723 658 4762 cum
721 4713 1014 4779 serpente?
1086 4727 1273 4765 verum
1344 4716 1736 4783 respondemus

158 4796 335 4855 Deum
366 4800 571 4855 idcirco
602 4815 707 4855 non
736 4801 1092 4877 tnaledixisse
1116 4801 1333 4859 Satanas
1354 4805 1571 4879 (l5),ne
1592 4807 1739 4885 Ada-

159 4907 285 4947 mus
312 4892 533 4963 Evaque
554 4894 1049 4956 animadverterent
1072 4896 1322 4966 spiritum
1365 4898 1601 4969 aliquem
1630 4915 1734 4955 non

157 4986 551 5055 aspectabilem
605 5000 760 5052 esse,
789 5002 962 5056 eoque
997 4988 1051 5043 in
1084 4991 1258 5046 multo
1302 4990 1536 5061 majores
1574 5007 1733 5062 rape-

160 5087 354 5131 rentur
386 5091 598 5132 errores
626 5095 639 5131 :
664 5093 839 5148 neque
874 5079 1016 5133 enim
1049 5081 1226 5136 adhuc
1256 5081 1498 5137 sciebant
1526 5082 1730 5153 aliquid

158 5181 281 5225 esse
339 5176 536 5239 praeter
591 5167 780 5235 Deum,
814 5172 956 5240 quod
1002 5172 1176 5228 oculis
1218 5173 1367 5228 cerni
1403 5183 1629 5243 posset:
1661 5175 1728 5227 ad

265 5331 315 5363 δ’
369 5328 557 5386 Matth.
592 5346 709 5397 xm,
734 5330 822 5397 3|,
861 5330 949 5384 32.

239 5486 356 5555 (l5)
391 5485 615 5541 Temere
648 5486 750 5540 ista
806 5484 999 5539 astruit
1023 5483 1331 5553 Bar-Cepha
1365 5500 1485 5538 cum
1514 5494 1721 5539 certum

166 5556 238 5610 sit
293 5556 559 5609 Adaruum
607 5557 657 5609 in
707 5556 955 5624 paradiso
1002 5555 1283 5608 excellenti
1342 5556 1574 5621 quadam
1633 5571 1725 5608 t0-

164 5626 411 5694 gnitione
457 5627 670 5681 novisse
720 5625 1377 5692 substantias,spiritales.
1416 5626 1462 5676 id
1500 5634 1581 5677 est
1614 5628 1724 5677 An-

159 5693 308 5765 gelos
338 5693 398 5752 S.
438 5694 639 5749 Thom.
703 5710 717 5749 ι
750 5707 887 5763 part.
923 5709 978 5762 q.
1004 5696 1092 5760 94,
1130 5694 1287 5749 arui!
1314 5696 1381 5749 ad
1404 5694 1564 5751 linem
1602 5709 1724 5751 cor.

481 5793 745 5857 ΡΑτιιοῐ..
779 5791 892 5852 Gn.
934 5790 1079 5853 CXI.

1064 5331 1105 5362 ⁶¹
1149 5331 1323 5388 chit.
1352 5347 1445 5399 xx,
1477 5332 1565 5387 I5.
1644 5334 1688 5364 "
1730 5332 1923 5390 Matth.
1994 5352 2149 5404 xvut,
2180 5338 2232 5392 6.

1837 4543 1958 4582 sum
1993 4530 2278 4583 consuevit
2323 4538 2485 4600 atque
2527 4534 2818 4603 disposuit.
2869 4536 2995 4593 ΙΙωο
3020 4542 3165 4597 enim
3197 4545 3406 4603 verba:

1843 4617 1911 4672 Et
1952 4621 2286 4688 plantat'erat
2336 4621 2591 4678 Dominus
2641 4624 2781 4680 Deus
2822 4610 3174 4699 paradisum,
3221 4647 3405 4705 aperte

1838 4711 2151 4773 ostendunt,
2200 4728 2544 4785 nequaquam
2573 4717 2642 4773 ab
2687 4718 2910 4776 homine
2946 4722 3099 4777 illum
3130 4741 3248 4781 esse
3271 4742 3399 4781 con-

1843 4802 2007 4855 situm
2043 4802 2506 4878 dispositumque
2536 4848 2553 4871 ,
2605 4811 2829 4879 perinde
2896 4828 2961 4869 ac
3031 4814 3144 4871 Noe
3193 4818 3402 4873 vineam

1833 4896 2117 4966 plantavit,
2147 4907 2242 4952 aut
2270 4909 2335 4954 ut
2353 4901 2464 4965 jam
2492 4915 2787 4958 conserunt
2813 4907 3072 4969 tuortalcs
3096 4908 3402 4978 paradisus,

1832 4986 2128 5056 hortosque
2157 5006 2172 5055 ;
2207 4990 2301 5044 sed
2337 4990 2502 5045 Deum
2541 4992 2744 5062 ipsum,
2777 4992 2889 5049 'suo
2937 4998 3108 5066 ipsius
3141 4999 3324 5054 studio
3352 4980 3407 5055 et

1830 5080 2089 5135 mandato
2119 5081 2270 5137 illum
2305 5085 2580 5151 plautasse
2616 5088 2764 5141 sicut
2791 5089 2866 5142 ait
2900 5089 3107 5145 Psaltes
3135 5089 3300 5146 David
3336 5093 3403 5147 de

1829 5168 1940 5225 Deo
1993 5174 2157 5228 verba
2190 5173 2397 5231 faciens
2447 5194 2461 5230 :
2515 5176 2581 5230 Et
2630 5178 2773 5233 cedri
2802 5179 2991 5234 Libani
3020 5198 3153 5251 quas
3188 5186 3403 5253 planta-

2382 5339 2428 5371 ⁵⁸
2466 5339 2625 5394 Joan.
2652 5356 2764 5403 xvi,
2800 5340 2884 5394 II.
3010 5340 3054 5371 “
3093 5339 3224 5396 Gen.
3260 5354 3320 5408 tt,
3344 5344 3398 5397 8.

1837 5503 1984 5555 ports
2015 5499 2119 5543 art.
2876 5528 2877 5531 η

1839 5628 1844 5630 _
1908 5560 2039 5625 (15⁸)
2081 5562 2198 5614 Hoc
2255 5559 2433 5627 capite
2487 5561 2645 5614 verba
2700 5561 2862 5616 Mosis
2910 5561 2975 5615 de
3010 5561 3279 5630 paradiso,
3313 5580 3398 5615 re-

1834 5628 2043 5702 husque
2090 5645 2155 5682 eo
2194 5630 2603 5702 spectantibus:
2654 5646 2761 5687 non
2809 5628 3037 5701 mystico
3093 5637 3398 5702 sensu,scd

1834 5699 1964 5768 Ipsis
1994 5700 2409 5759 accommodata
2441 5700 2603 5760 rebus
2640 5699 3005 5774 explicantur.

3013 5793 3074 5869 ιτ
