4008 6342
585 330 689 393 523
1849 323 2078 383 110815
2122 323 2164 380 Β

2206 322 2270 380 .R
2302 320 2546 380 CEPHA
3700 326 3789 386 52$

585 444 654 492 rit
679 441 746 490 “.
802 437 864 491 Et
911 453 1042 493 vero
1076 439 1198 492 hinc
1238 436 1404 491 etiam
1463 443 1697 498 constat,
1751 434 2059 503 paradisum
2088 434 2152 486 ab
2182 447 2226 499 Α
2256 431 2562 499 ingessisse,
2595 444 2856 499 suamque
2899 445 3083 485 vocem
3115 431 3279 500 ipsius
3313 432 3682 502 intelligentiae
3713 452 3791 491 re-

585 533 702 597 ipso
733 529 843 583 Deo
868 542 989 584 esse
1021 529 1317 600 plantatum
1345 567 1359 591 ,
1413 525 1559 596 quod
1592 524 1869 593 Scriptura
1900 527 2062 585 dicat,
2090 522 2152 575 ab
2261 532 2635 591 praesentasse,
2664 524 2903 591 quando,
2923 523 3198 577 ntdictutn
3227 533 3329 586 est,
3352 524 3462 578 ﬁeri
3493 508 3602 578 non
3615 529 3794 592 potuit,

589 622 768 674 initio.
803 620 1062 689 Sequitur
1087 618 1228 688 apud
1261 619 1444 673 Mosen
1481 635 1494 670 :
1548 613 1614 669 Et
1663 617 1834 683 posuit
1874 615 1982 668 illic
2015 615 2158 667 Δάαι
2261 625 2319 667 ιιι
2350 614 2403 666 in
2433 613 2677 682 corporis
2703 628 2918 667 sensum
2959 614 3216 684 aliquem,
3249 630 3515 686 apparens
3548 615 3687 670 Deus
3724 621 3796 670 iu-

575 723 731 764 'munt
758 723 909 783 quem
934 711 1184 779 ﬁnxerat.
1219 707 1377 774 Quod
1407 709 1483 761 ait
1515 723 1528 760 :
1583 704 1649 757 Et
1678 706 1853 774 posuit
1881 705 1990 757 illic
2014 705 2157 756 Λεία·
2260 713 2525 758 curreret.
2552 703 2654 756 Sed
2683 703 2913 756 aliorum
2943 705 3130 774 opinio
3160 714 3261 768 est,
3283 705 3446 760 Deum
3487 721 3545 760 se
3574 709 3800 776 corporis

592 795 758 866 mum,
794 809 1175 871 argumentum
1211 809 1297 855 est
1327 798 1510 868 gloria:
1557 810 1719 865 quam
1769 797 1911 850 Deus
1952 795 2159 847 Adamo
2267 794 2459 848 Atlami
2484 794 2736 848 sensibus
2753 794 3104 862 corporaliter
3127 792 3514 864 (utsicldit-am)
3535 795 3796 856 ObltilISSI‘.

570 892 860 952 'attritiuit,
895 891 1022 944 dum
1049 889 1237 959 ipsum
1275 889 1569 944 collocaret
1605 890 1658 940 in
1706 886 1956 956 paradiso
1997 884 2160 938 variis
2267 896 2333 937 eo
2357 882 2636 951 quod,bae
2655 884 2816 935 modo
2842 883 3070 945 ratione,
3091 898 3260 951 neque
3286 895 3548 952 printerea
3571 885 3674 938 alia
3706 885 3809 948 ulla

591 981 880 1035 arboribus
913 995 1153 1044 alumno,
1178 988 1237 1032 ut
1261 994 1320 1034 se
1347 978 1478 1033 inibi
1505 978 1623 1046 ipse
1647 976 1967 1040 oblectaret,
1986 989 2161 1042 neque
2267 973 2486 1041 assequi
2515 972 2603 1026 ille
2638 979 2818 1027 mente
2837 981 3022 1042 posset
3053 972 3266 1028 divinas
3288 975 3658 1043 apparitiones
3689 992 3803 1029 eas-

590 1072 720 1125 sivit
749 1074 804 1125 in
836 1071 1018 1134 terris,
1072 1085 1221 1124 more
1268 1079 1592 1123 cancrorum
1635 1066 1989 1121 animantium
2041 1078 2202 1134 quae.
2262 1079 2370 1133 que
2423 1063 2722 1132 intelligere
2777 1081 2790 1116 :
2850 1064 3025 1134 ipsum
3078 1065 3222 1118 enim
3279 1065 3423 1120 illius
3478 1067 3800 1120 conditorem

592 1165 804 1218 ratione
838 1170 1044 1222 carent,
1079 1159 1337 1229 pabulum
1368 1173 1613 1228 carpere.
1638 1157 1792 1222 Quod
1822 1167 1985 1226 perro
2013 1156 2164 1210 addl-
2266 1153 2459 1216 Deum,
2489 1168 2611 1210 sese
2640 1154 2706 1207 ad
2743 1154 2860 1223 ejus
2897 1154 3250 1208 humilitatem
3277 1154 3578 1219 demisisse,
3613 1155 3810 1223 ipsique

598 1265 686 1309 tur
733 1273 749 1309 :
795 1256 958 1320 Quem
1010 1253 1242 1321 ﬁnxerat
1279 1250 1416 1320 (14),
1460 1251 1513 1303 in
1545 1249 1660 1302 haec
1689 1262 1790 1301 nos
1821 1261 1979 1300 sensa
2013 1247 2166 1300 ducit
2265 1244 2338 1299 ita
2353 1245 3027 1315 apparuisse,cateroquin
3060 1246 3417 1310 immensum;
3452 1245 3594 1299 unde
3628 1260 3812 1300 consc-

593 1353 771 1416 primo
801 1365 864 1402 ex
895 1350 1012 1402 sola
1055 1357 1200 1403 terra
1245 1348 1414 1402 Deum
1463 1359 1574 1398 non
1617 1342 1929 1398 condidisse
1974 1341 2164 1395 Adanii
2266 1350 2439 1404 quens
2469 1342 2578 1399 est,
2637 1333 2693 1390 lii
2752 1344 2812 1389 ut
2861 1335 3087 1390 ulterius
3135 1335 3338 1400 dicant,
3379 1337 3543 1390 Deum
3586 1335 3811 1390 humana

596 1453 820 1506 corpus,
871 1437 965 1492 sed
1021 1451 1088 1490 ex
1143 1445 1381 1506 quatuor
1410 1431 1694 1488 elementis
1745 1431 1967 1485 tinxisse
2003 1438 2167 1499 atque
2267 1427 2643 1506 eaqueregia
2695 1435 2750 1480 et
2817 1440 3039 1495 prorsus
3087 1424 3472 1496 augustissima
3525 1428 3705 1493 specie
3761 1439 3813 1478 se

594 1503 966 1598 composuisse
1000 1503 1178 1596 (cene—
1203 1526 1385 1596 ﬁglina
1414 1525 1623 1594 absque
1646 1537 1789 1593 aqua
1821 1538 1929 1576 non
1968 1521 2046 1591 ﬂt)
2075 1523 2169 1575 de-
2272 1503 2480 1568 Adolati
2551 1514 2868 1569 exhibuisse
2937 1515 3321 1584 aspectabilem
3389 1525 3443 1568 et
3504 1529 3810 1584 quanquam

595 1620 722 1675 inde
749 1635 856 1674 non
892 1620 963 1674 ita
992 1617 1110 1672 solo
1143 1619 1306 1672 verbo
1350 1615 1706 1687 progenuisse
1743 1613 2168 1682 Adami‘corpns
2269 1606 2443 1674 neque
2490 1619 2687 1659 manus
2741 1605 2981 1667 habeat,
3012 1620 3186 1676 neque
3231 1606 3416 1674 pedes.
3448 1614 3544 1659 aut
3591 1605 3809 1668 “Illum.

595 1725 664 1765 ex
704 1721 846 1764 terra
875 1750 891 1774 ,
931 1718 1073 1764 sicut
1103 1707 1308 1766 es-ltac
1345 1705 1464 1761 solo
1498 1718 1601 1759 suo
1621 1703 1779 1773 jussu
1813 1703 2008 1756 herbas
2040 1717 2166 1771 pro-
2202 1764 2242 1774 __
2273 1699 2357 1751 vel
2389 1714 2477 1761 cs,
2521 1707 2702 1752 tamen
2738 1697 3108 1774 dctnittente
3160 1713 3218 1752 se
3240 1699 3417 1768 ‘quasi
3454 1698 3538 1753 bis
3575 1698 3818 1752 omnibus

595 1799 848 1863 duxerat,
877 1764 1254 1866 'aniinaliaque
1279 1805 1509 1856 cetera,
1535 1764 1696 1860 atque
1724 1779 1790 1844 ex
1825 1790 1985 1859 aquis
2017 1764 2166 1842 varia
2202 1764 2244 1820 ι’
2269 1799 2411 1843 esset
2451 1789 2724 1858 praeditus,
2757 1769 2825 1843 ab
2863 1788 3070 1846 Adamo
3111 1764 3295 1842 visuui
3345 1803 3490 1854 esse,
3540 1797 3710 1856 atque
3751 1789 3818 1840 ita

597 1888 829 1960 piscium
866 1903 1101 1959 genera;
1149 1887 1244 1943 sed
1295 1885 1415 1941 suis
1463 1883 1597 1939 illud
1641 1881 1896 1936 inanibus
1943 1879 2170 1934 tinxisse
2271 1877 2521 1931 manibus
2546 1879 2662 1932 suis
2689 1877 2842 1934 illum
2867 1875 3152 1940 formasse,
3181 1876 3323 1944 quod
3355 1879 3436 1946 (ut
3471 1876 3730 1944 diximus)
3758 1877 3819 1929 ad

599 1990 762 2050 atque
789 1979 1186 2041 contormasse,
1221 1991 1342 2048 quae
1377 1991 1464 2031 res
1495 1973 1831 2057 amplissima
1862 1986 2018 2036 sane,
2070 1968 2202 2024 ho-L
2269 1968 2388 2037 ejus
2424 1969 2516 2035 qui
2569 1969 2908 2021 lormabatur
2956 1967 3180 2036 gloriam
3249 1966 3676 2038 dignitatemque
3706 1979 3822 2034 spe-

600 2073 799 2125 niinein
835 2085 944 2140 prae
989 2069 1217 2140 reliquis
1263 2067 1452 2132 rebus,
1490 2055 1675 2138 gloria
1703 2080 1732 2120 a
1767 2064 1875 2120 Deo
1907 2073 2170 2116 ornatum
2270 2067 2401 2114 ctat.
2431 2057 2538 2113 Sed
2565 2059 2833 2128 expendat
2861 2055 3184 2125 suojudicio
3215 2057 3383 2111 lector
3414 2060 3510 2110 tias
3543 2057 3680 2110 duas
3709 2057 3820 2124 opi-

601 2161 867 2216 ostendit.
921 2159 1189 2214 Przeterea
1231 2158 1492 2212 Mantum
1531 2172 1638 2211 non
1668 2163 1822 2209 utero
1854 2161 2171 2222 conceptum
2272 2152 2498 2214 itiones;
2552 2165 2619 2205 ac
2675 2162 2851 2203 utram
2896 2151 3067 2211 malit.
3095 2151 3266 2204 altera
3307 2149 3542 2212 omissa,
3581 2148 3821 2201 retineat.

599 2262 869 2323 partuque
911 2251 1106 2306 deinde
1147 2251 1351 2305 editum
1393 2263 1517 2303 esse
1543 2286 1559 2308 ,
1606 2254 1666 2300 ut
1717 2245 1873 2298 hodie
1917 2243 2168 2299 homines
2275 2239 2444 2294 Porro
2477 2241 2627 2294 luere
2673 2256 2738 2294 ex
2783 2239 3049 2293 haereticis
3085 2239 3180 2308 qui
3209 2239 3453 2293 dicerent
3521 2239 3661 2292 duos
3690 2236 3826 2290 Ada-

607 2340 882 2410 procreari
934 2339 1224 2405 vidi-inus;
1275 2337 1367 2391 Dei
1409 2333 1672 2411 inanibus
1702 2332 1980 2386 conditum
2015 2328 2180 2384 exsti-
2278 2347 2398 2386 mos
2443 2347 2475 2385 a
2515 2331 2636 2386 Deo
2679 2339 2890 2389 creatos
2943 2329 3150 2395 fuisse;
3194 2331 3356 2402 idque
3395 2344 3460 2386 ex
3513 2344 3580 2386 eo
3628 2328 3824 2398 colligi,

606 2439 758 2488 tisse.
809 2433 1033 2501 Insuper
1068 2439 1128 2484 ut
1171 2430 1545 2498 iumentorum
1582 2434 1636 2480 et
1673 2423 1932 2486 ferarum,
1959 2434 2178 2474 eorum-
2277 2422 2423 2492 quod
2472 2421 2650 2477 Moses
2696 2423 2924 2476 duorum
2977 2422 3303 2486 meminerit,
3351 2420 3540 2474 dicens
3599 2419 3822 2473 alterum

609 2543 716 2595 que
749 2539 870 2591 qua:
899 2525 1079 2577 volatu
1111 2531 1165 2577 et
1200 2536 1320 2590 qua:
1351 2528 1537 2573 natatu
1574 2524 1801 2570 utuntur
1821 2510 2178 2567 animantium
2279 2515 2366 2569 die
2399 2517 2554 2585 sexto
2584 2513 2862 2568 conditum
2895 2528 3015 2568 esse
3041 2550 3057 2574 ,
3107 2513 3335 2566 alterum
3389 2513 3476 2566 bic
3519 2518 3638 2579 post
3693 2511 3826 2565 diem

610 2631 836 2686 corpora
868 2613 1027 2692 sitqui
1056 2620 1113 2694 et
1143 2611 1356 2665 animas
1378 2623 1444 2662 ex
1476 2617 1615 2662 terra
1650 2614 1705 2660 et
1729 2605 1887 2672 aquis
1916 2600 2182 2658 condide-
2283 2619 2494 2660 sextum
2533 2621 2546 2657 :
2583 2606 2648 2659 ad
2697 2604 2848 2660 illum
2885 2605 3029 2659 enim
3082 2613 3328 2672 spectare
3378 2618 3440 2658 ea
3496 2605 3652 2656 verba
3692 2619 3709 2654 :
3767 2597 3829 2652 Et

608 2719 715 2769 rat,
748 2722 870 2776 qua
908 2693 1093 2758 omnia
1138 2703 1347 2756 ratione
1379 2708 1600 2762 carent;
1655 2711 1763 2749 non
1798 2696 1878 2750 sic
1914 2693 2182 2748 Adamum
2286 2697 2443 2763 ﬁnxit
2480 2695 2734 2748 Dominus
2763 2693 2900 2748 Deus
2931 2695 3194 2748 Adamum
3214 2693 3473 2762 pulverem
3505 2702 3726 2746 eterra.
3769 2693 3833 2744 At

609 2803 776 2854 etiam
803 2797 1072 2860 etlecisse,
1108 2795 1201 2848 sed
1238 2791 1402 2861 hujus
1433 2803 1636 2859 corpus
1669 2785 1887 2855 quidem
1920 2799 1985 2837 ex
2019 2783 2183 2836 humo
2294 2787 2473 2849 hunc,
2506 2800 2681 2854 neque
2711 2800 2774 2839 ex
2807 2784 3025 2853 pulvere
3055 2784 3236 2837 dicere
3265 2783 3470 2847 Hosen,
3501 2783 3594 2836 sed
3630 2781 3836 2852 simpli-

614 2889 1011 2961 composuisse,
1037 2894 1293 2940 creterum
1323 2882 1562 2940 animam
1595 2894 1658 2933 ex
1687 2877 1858 2938 nihilo
1884 2873 2182 2929 'creavisse.
2288 2875 2446 2940 eiter,
2491 2875 2754 2930 Adamnm
2811 2875 2920 2930 illic
2957 2874 3207 2944 posuisse
3255 2889 3414 2943 quem
3452 2873 3703 2928 tinxerat.
3739 2872 3836 2926 Sed

619 2985 861 3053 Denique
891 2994 998 3034 non
1030 2993 1148 3032 eam
1184 2975 1352 3029 fuisse
1384 2975 1452 3030 ab
1485 2972 1638 3026 initio
1663 2968 1946 3023 hominum
1974 3005 1990 3031 ,
2016 2981 2188 3035 popn-
2291 2984 2392 3023 nos
2439 2967 2547 3022 illis
2604 2967 2994 3036 respondemus
3049 2984 3061 3017 :
3113 2964 3188 3017 Ex
3220 2979 3287 3019 eo
3313 2963 3454 3034 quod
3485 2972 3610 3018 ante
3633 2964 3839 3019 dixerat

514 3131 524 3136 ,
618 3079 797 3129 lorum
821 3113 836 3136 ,
864 3073 1151 3126 nationum
1203 3066 1415 3120 turbam
1450 3065 1503 3116 in
1539 3072 1680 3116 terra
1716 3076 1880 3130 quam
1916 3058 2074 3111 hodie
2110 3058 2188 3107 vi-
2216 3059 2467 3154 cMoses
2509 3059 2773 3113 Adamum
2828 3058 2916 3112 die
2944 3067 3097 3112 serto
3157 3071 3276 3110 esse
3327 3065 3596 3119 creatum,
3628 3057 3840 3122 deinde.

614 3167 789 3230 detis;
827 3162 922 3217 sed
977 3161 1148 3215 Deum
1188 3158 1363 3227 primo
1415 3154 1964 3222 tinxisse-personam
2021 3161 2182 3200 unam

2251 3136 2262 3156 ’
2292 3151 2491 3205 omissa
2515 3151 2602 3205 illa
2637 3152 2971 3213 narratione,
2991 3147 3152 3201 etiam
3171 3157 3281 3202 tum
3308 3148 3640 3216 iinperlecta,
3661 3157 3834 3203 trans-

615 3259 816 3326 (ipsum
847 3252 972 3307 dico
1007 3251 1302 3316 Adamum)
1328 3244 1523 3300 deinde
1553 3259 1615 3298 es
1646 3243 1736 3295 illa
1771 3241 2038 3294 formasse
2064 3253 2185 3289 mu-
2296 3240 2392 3295 ivit
2432 3242 2499 3297 ad
2543 3240 2868 3295 mentionem
2911 3238 3019 3292 diei
3061 3239 3324 3309 septimae,
3359 3237 3499 3292 unde
3528 3253 3745 3304 rursus,
3775 3242 3834 3291 ad

615 3350 842 3409 heremi
891 3352 1054 3413 atque
1104 3341 1176 3394 ίῑίι
1211 3338 1469 3404 deinceps
1495 3349 1596 3403 Per
1638 3334 1812 3386 Virum
1846 3340 1899 3382 ί⁵ι
1932 3328 2186 3382 feminal"
2290 3331 2668 3392 absolvendam
2701 3329 2844 3384 illam
2871 3339 2996 3383 ante
3019 3338 3249 3398 emptam
3285 3329 3590 3390 historiam,
3623 3329 3841 3381 reverti-

617 3444 963 3507 procrealum
1017 3445 1138 3487 esse
1197 3443 1367 3498 genus
1423 3427 1722 3488 humanum
1786 3440 1798 3476 ε
1863 3431 2023 3490 atque
2077 3422 2188 3471 llil‘c
2293 3439 2380 3481 tur
2433 3425 2848 3494 haudquaquam
2897 3433 3320 3476 consentaneum
3366 3435 3485 3476 esse
3548 3426 3608 3474 ut
3657 3419 3842 3475 existi-

621 3531 805 3583 oinnia
848 3524 1198 3592 intelligimus
1246 3537 1310 3574 ex
1361 3520 1527 3572 verbo
1580 3517 1673 3569 illo
1710 3534 1722 3568 :
1765 3511 2046 3573 Finxerat,
2081 3526 2188 3579 quo
2255 3571 2261 3577 _
2293 3533 2501 3572 meum;
2531 3518 2666 3569 duos
2695 3529 2724 3566 a
2755 3512 2864 3566 Deo
2887 3511 3108 3566 effectos
3134 3511 3304 3565 fuisse
3327 3510 3586 3574 Adam“,
3609 3512 3707 3564 sed
3731 3509 3842 3562 uni.

624 3637 757 3675 usus
789 3628 870 3672 est
901 3615 1102 3670 Moses.
1269 3683 1278 3690 ‘
1664 3630 1672 3637 ·’
2294 3626 2440 3664 cum.
2473 3607 2606 3660 Nam
2643 3606 2781 3659 idem
2827 3619 3044 3675 quoque
3073 3607 3138 3657 de
3185 3604 3396 3668 bestiis,
3423 3601 3488 3655 de
3535 3601 3842 3658 arboribus,

698 3716 813 3776 Quo
859 3707 1043 3776 habitu
1089 3704 1229 3758 Deus
1281 3701 1588 3772 apparuerit
1619 3699 1825 3750 Αάαηιο
1864 3707 1909 3748 ει
1947 3693 2088 3748 Ευαε·
2126 3723 2194 3731 -
2295 3701 2362 3753 de
2381 3697 2657 3769 paradiso,
2675 3703 2727 3748 et
2750 3695 2970 3748 ﬂumine
2997 3695 3140 3749 hunc
3161 3694 3362 3764 rigante
3385 3693 3528 3747 fecit.
3551 3692 3685 3747 Cum
3710 3695 3844 3745 eum

625 3801 728 3856 Sed
780 3799 925 3852 enim
976 3810 1155 3864 opera:
1215 3790 1449 3860 pretium
1497 3785 1660 3840 fuerit
1707 3795 2039 3853 cognoscere
2088 3797 2194 3848 quo

2301 3789 2577 3844 historiam
2630 3785 2842 3839 illarum
2888 3799 3067 3838 rerum
3113 3785 3353 3838 nondum
3400 3783 3690 3853 perfectam
3725 3783 3841 3836 reli-

627 3894 813 3948 liabitn
862 3884 1174 3957 apparuerit
1220 3885 1376 3947 Deus.
1411 3879 1638 3940 Adamn,
1697 3876 1810 3930 sive
1868 3874 1992 3927 dum
2024 3871 2194 3940 ipsius
2298 3883 2544 3950 quissat,
2581 3879 2668 3932 hic
2709 3878 2822 3947 jam
2854 3876 2991 3929 redi;
3020 3876 3088 3928 ad
3119 3889 3234 3928 eam
3267 3874 3668 3927 αυεοινεηααιη,
3711 3874 3846 3926 pm.

625 3996 824 4050 coupus
881 3981 1129 4045 lingeret,
1180 3974 1297 4026 sive
1338 3969 1465 4022 dum
1508 3967 1677 4035 legem
1725 3964 1828 4033 ipsi
1873 3963 2193 4030 imponeret,

2300 3979 2445 4022 terea
2481 3969 2585 4019 hoc
2617 3980 2833 4034 quoque
2863 3963 2970 4016 illis
3002 3960 3410 4029 respondemus,
3439 3974 3614 4027 neque
3643 3958 3841 4022 Mosen,

632 4074 745 4127 sive
772 4068 992 4138 quando
1023 4081 1087 4117 ex
1126 4061 1298 4130 ipsius
1329 4069 1478 4112 costa
1510 4058 1689 4110 ablata
1722 4053 1978 4106 conderet
2009 4051 2195 4111 Evam,
2304 4073 2478 4126 neque
2509 4070 2831 4125 quemquam
2906 4053 3312 4123 prophetarum,
3344 4059 3436 4103 aut
3465 4051 3844 4127 apostolorum,

631 4165 740 4217 sive
767 4122 1002 4229 denique
1027 4156 1118 4210 ubi
1151 4156 1204 4208 in
1235 4151 1490 4222 paradiso
1520 4145 1878 4201 obambulans
1906 4156 2060 4195 suam
2092 4141 2199 4193 illis
2301 4122 2856 4212 vel-evangelistarum
2878 4122 3112 4209 unquam
3149 4152 3497 4200 memorasse,
3530 4137 3665 4191 duos
3691 4153 3722 4190 a
3749 4122 3844 4188 Deo

631 4271 649 4304 \
665 4268 816 4308 ocem
841 4223 1132 4319 ingereret,
1156 4244 1449 4299 inclinante
1467 4240 1570 4292 die.
1608 4235 1890 4289 Pliiloxeni
1914 4233 2201 4303 Maliugen-
2302 4244 2516 4289 creatos
2539 4231 2858 4298 eﬂcclusque
2881 4227 3050 4282 fuisse
3079 4229 3332 4290 Atlamos,
3355 4227 3446 4279 sed
3468 4239 3634 4277 unum
3658 4223 3842 4276 solum,

631 4348 708 4401 sis
745 4312 1011 4398 sententia
1045 4348 1153 4400 est,
1201 4336 1519 4406 priusquam
1555 4327 1875 4396 deliquisset
1906 4325 2074 4376 Adam
2101 4323 2199 4374 ad-
2305 4323 2472 4375 Porro
2512 4321 2791 4374 sciendum
2818 4327 2920 4380 est,
2961 4314 3124 4369 Vetus
3183 4314 3581 4367 Testamentum
3615 4312 3846 4381 pluribus

631 4451 826 4489 versus
878 4432 967 4484 Dei
1001 4402 1340 4489 mandatum,
1395 4423 1563 4476 Deum
1615 4432 1787 4487 neque
1829 4431 1923 4484 per
1949 4414 2198 4482 angelum
2234 4410 2278 4463 D
2310 4411 2756 4465 translationibus
2778 4424 2844 4461 ex
2880 4405 3099 4458 llebru-a
3131 4406 3181 4457 in
3205 4403 3443 4456 Graecam
3475 4402 3711 4471 linguam
3739 4415 3846 4454 esse

635 4541 810 4596 neque
839 4537 934 4593 per
965 4536 1080 4574 rem
1117 4518 1356 4586 aliquam
1383 4486 1726 4581 corporatam
1757 4506 1833 4558 illi
1865 4504 2201 4573 apparuisse,
2229 4565 2233 4569 η
2314 4501 2698 4569 transposituni
2719 4515 2733 4551 :
2754 4495 3076 4565 Syricevero
3099 4489 3362 4543 redditum
3385 4502 3502 4542 esse
3520 4503 3625 4540 una
3645 4486 3847 4556 quidem

637 4578 738 4673 sed
762 4578 942 4686 ips-um
968 4627 1089 4668 sese
1121 4578 1693 4676 illi-repraaseiitasse;
1741 4612 1849 4656 non
1891 4593 2039 4665 quod
2078 4607 2205 4646 cor-
2315 4592 2752 4660 interpretatione
2773 4602 2836 4639 ex
2857 4585 2971 4653 ipso
2986 4580 3409 4643 Hebraao,altera
3431 4593 3634 4632 veroex
3654 4578 3848 4631 Graeco.

639 4670 798 4780 poris.
818 4705 904 4759 sui
942 4702 1216 4763 sensibus,
1257 4670 1454 4759 Adam,
1485 4698 1832 4763 apparentem
1876 4685 2044 4739 Deum
2082 4699 2205 4754 per-
2317 4683 2586 4736 Caeterum
2626 4694 2748 4748 qum
2790 4677 2956 4730 fuerit
2989 4685 3094 4727 tam
3129 4675 3416 4725 multarum
3459 4670 3849 4724 translationum

636 4758 820 4870 Eisele
865 4801 1067 4864 posset,
1118 4758 1213 4844 sed
1261 4758 1460 4841 mentis
1513 4758 1886 4848 intelligentia.
1929 4775 2060 4827 Nam
2104 4773 2206 4827 etsi
2319 4766 2507 4834 causa,
2559 4779 2613 4824 et
2645 4785 2763 4838 quae
2802 4769 2942 4821 inter
2972 4767 3113 4870 ipsas
3157 4764 3367 4861 caneris
3416 4761 3636 4858 probior
3675 4758 3849 4853 existi-

637 4845 918 4945 harbitabat
971 4845 1188 4951 quidem
1241 4879 1382 4932 intra
1475 4887 1674 4940 corpus
1749 4867 1940 4921 Atlami
2005 4865 2212 4924 anima,
2321 4864 2454 4919 mari
2506 4860 2733 4920 debeat,
2797 4869 2918 4909 cum
2973 4852 3094 4906 aliis
3139 4849 3502 4951 ejushgeneris
3538 4845 3854 4915 argumentis

645 4996 823 5035 tamen
859 4994 964 5030 non
989 4936 1160 5028 Isecus
1205 4983 1366 5039 atque
1413 4961 1722 5033 incorporei
1769 4959 1968 5027 angeli,
2000 4946 2063 5010 ea
2095 4969 2212 5008 cer-
2318 4950 2675 5007 disseruimus
2717 4947 2768 4998 in
2802 4958 2865 4997 eo
2892 4943 3026 4996 libro
3058 4953 3215 5006 quem
3260 4937 3331 4990 De
3380 4949 3471 4988 se:
3517 4936 3691 5028 diebus
3728 4946 3850 5001 pr:-

646 5087 773 5126 nere
805 5070 950 5121 illam
981 5064 1245 5136 quivisse,
1277 5023 1399 5128 quae
1428 5072 1592 5126 snpra
1624 5066 1784 5107 omne
1813 5063 2011 5118 corpus
2041 5056 2209 5100 mate-
2320 5045 2584 5099 misimus.
2632 5037 2796 5107 Igitur
2841 5036 2894 5088 in
2935 5048 2996 5087 ea
3041 5031 3246 5098 Cra-ca,
3269 5023 3610 5128 traductioiie
3627 5039 3745 5094 qua

645 5165 890 5228 rictuque
916 5112 1260 5226 corporatam
1294 5112 1543 5204 i'eruntdr
1579 5164 1592 5198 :
1649 5146 1828 5211 itaque
1865 5155 1988 5195 cum
2021 5137 2210 5206 integri
2325 5131 2675 5201 Septuaginta
2724 5127 3098 5228 interpretum.
3138 5123 3217 5175 sic
3254 5119 3471 5228 feripta
3520 5123 3732 5228 e:stant
3771 5112 3846 5167 illa

646 5207 814 5308 ctiani'
845 5263 958 5304 tum
992 5207 1177 5301 erssent
1220 5245 1412 5296 anima:
1454 5237 1641 5292 Adanii
1676 5207 1886 5292 sensus,
1920 5244 2089 5296 neque
2117 5233 2214 5278 abs
2324 5225 2488 5278 Musis
2514 5222 2674 5274 verba
2717 5236 2732 5272 :
2791 5218 2856 5270 Et
2885 5217 3212 5285 plantaverut
3245 5211 3498 5265 Dominus
3531 5207 3667 5263 Deus
3696 5221 3846 5275 para-

648 5353 871 5414 peccato
913 5335 1292 5398 contaminati,
1342 5333 1508 5384 Deum
1540 5345 1596 5381 se
1639 5323 1836 5389 mentis
1865 5320 2009 5373 illius
2039 5319 2215 5372 oculs
2322 5316 2492 5365 disum
2530 5313 2580 5362 in
2609 5307 2754 5364 Eden
2797 5309 2860 5360 ab
2902 5308 3118 5368 oriente,
3161 5313 3210 5356 et
3244 5302 3411 5365 posuit
3451 5300 3562 5354 illic
3610 5297 3848 5352 nomine!

751 5547 792 5576 ”
838 5545 1114 5604 Psal.cttt,
1159 5540 1242 5592 16.

732 5727 842 5790 (lt)
883 5719 1039 5788 Quod
1092 5717 1228 5775 verti
1292 5717 1519 5785 ﬁnxerat
1555 5752 1571 5780 ,
1633 5682 1717 5768 est
1763 5706 1986 5763 verbum
2042 5699 2231 5766 Gabal,
2270 5699 2431 5768 quod-
2475 5699 2635 5768 plane
2660 5689 2950 5790 respondet
2979 5688 3185 5746 Greco.
3219 5691 3461 5752 πλατεις.
