  <div class='ocr_page' id='page_1' title='image "/cluster/home/n/w/nwhite01/storage/ocr_20150623/100/hvd.32044010574994/1164.png"; bbox 0 0 4008 6342; ppageno 0'>
   <div class='ocr_carea' id='block_1_1' title="bbox 219 280 310 342">
    <p class='ocr_par' dir='ltr' id='par_1_1' title="bbox 219 280 310 342">
     <span class='ocr_line' id='line_1_1' title="bbox 219 280 310 342; baseline -0.011 0"><span class='ocrx_word' id='word_1_1' title='bbox 219 280 310 342; x_wconf 77' lang='grc' dir='ltr'><strong>5Ξ5</strong></span> 
     </span>
    </p>
   </div>
   <div class='ocr_carea' id='block_1_2' title="bbox 1331 269 2292 332">
    <p class='ocr_par' dir='ltr' id='par_1_2' title="bbox 1331 269 2292 332">
     <span class='ocr_line' id='line_1_2' title="bbox 1331 269 2292 332; baseline 0.001 -2"><span class='ocrx_word' id='word_1_2' title='bbox 1331 271 1427 331; x_wconf 85' lang='lat' dir='ltr'><strong>DE</strong></span> <span class='ocrx_word' id='word_1_3' title='bbox 1462 269 1868 332; x_wconf 81' lang='lat' dir='ltr'><strong>PARADISO.</strong></span> <span class='ocrx_word' id='word_1_4' title='bbox 1903 296 1974 307; x_wconf 88' lang='grc'><strong><em>-</em></strong></span> <span class='ocrx_word' id='word_1_5' title='bbox 2010 272 2202 330; x_wconf 77' lang='lat' dir='ltr'><strong>PARS</strong></span> <span class='ocrx_word' id='word_1_6' title='bbox 2243 269 2292 332; x_wconf 83' lang='grc' dir='ltr'><strong>Ῐ.</strong></span> 
     </span>
    </p>
   </div>
   <div class='ocr_carea' id='block_1_3' title="bbox 3317 270 3422 333">
    <p class='ocr_par' dir='ltr' id='par_1_3' title="bbox 3317 270 3422 333">
     <span class='ocr_line' id='line_1_3' title="bbox 3317 270 3422 333; baseline -0.01 0"><span class='ocrx_word' id='word_1_7' title='bbox 3317 270 3422 333; x_wconf 72' lang='lat'><strong>525</strong></span> 
     </span>
    </p>
   </div>
   <div class='ocr_carea' id='block_1_4' title="bbox 216 377 3414 468">
    <p class='ocr_par' dir='ltr' id='par_1_4' title="bbox 216 377 3414 468">
     <span class='ocr_line' id='line_1_4' title="bbox 216 377 3414 468; baseline -0.003 -19"><span class='ocrx_word' id='word_1_8' title='bbox 216 398 442 468; x_wconf 69' lang='lat' dir='ltr'><strong>ﬁnxerat.</strong></span> <span class='ocrx_word' id='word_1_9' title='bbox 488 386 762 444; x_wconf 89' lang='lat' dir='ltr'><strong>Orientem</strong></span> <span class='ocrx_word' id='word_1_10' title='bbox 809 385 973 455; x_wconf 83' lang='lat' dir='ltr'><strong>igitur</strong></span> <span class='ocrx_word' id='word_1_11' title='bbox 1003 381 1373 453; x_wconf 34' lang='lat' dir='ltr'><strong>appellant-illi</strong></span> <span class='ocrx_word' id='word_1_12' title='bbox 1405 382 1751 450; x_wconf 83' lang='lat' dir='ltr'><strong>interpretes,</strong></span> <span class='ocrx_word' id='word_1_13' title='bbox 1783 393 1823 447; x_wconf 67' lang='grc' dir='ltr'>Α</span> <span class='ocrx_word' id='word_1_14' title='bbox 1860 381 2152 450; x_wconf 76' lang='lat' dir='ltr'><strong>prepltetia:</strong></span> <span class='ocrx_word' id='word_1_15' title='bbox 2187 379 2330 446; x_wconf 87' lang='lat' dir='ltr'><strong>dona</strong></span> <span class='ocrx_word' id='word_1_16' title='bbox 2356 378 2408 433; x_wconf 91' lang='lat' dir='ltr'><strong>in</strong></span> <span class='ocrx_word' id='word_1_17' title='bbox 2441 377 2620 448; x_wconf 91' lang='lat' dir='ltr'><strong>ipsum</strong></span> <span class='ocrx_word' id='word_1_18' title='bbox 2646 380 2896 442; x_wconf 90' lang='lat' dir='ltr'><strong>contulit,</strong></span> <span class='ocrx_word' id='word_1_19' title='bbox 2931 389 3248 450; x_wconf 80' lang='lat' dir='ltr'><strong>prophetam</strong></span> <span class='ocrx_word' id='word_1_20' title='bbox 3271 387 3414 438; x_wconf 89' lang='lat' dir='ltr'><strong>enim</strong></span> 
     </span>
    </p>
   </div>
   <div class='ocr_carea' id='block_1_5' title="bbox 181 473 1752 548">
    <p class='ocr_par' dir='ltr' id='par_1_5' title="bbox 181 473 1752 548">
     <span class='ocr_line' id='line_1_5' title="bbox 181 473 1752 548; baseline -0.014 -2"><span class='ocrx_word' id='word_1_21' title='bbox 181 502 320 546; x_wconf 65' lang='lat' dir='ltr'><strong>‘catn</strong></span> <span class='ocrx_word' id='word_1_22' title='bbox 350 495 610 540; x_wconf 86' lang='lat' dir='ltr'><strong>terrarum</strong></span> <span class='ocrx_word' id='word_1_23' title='bbox 649 477 924 548; x_wconf 77' lang='lat' dir='ltr'><strong>regionem</strong></span> <span class='ocrx_word' id='word_1_24' title='bbox 949 489 1013 530; x_wconf 86' lang='lat' dir='ltr'><strong>ex</strong></span> <span class='ocrx_word' id='word_1_25' title='bbox 1055 489 1161 543; x_wconf 80' lang='lat' dir='ltr'><strong>qua</strong></span> <span class='ocrx_word' id='word_1_26' title='bbox 1193 475 1273 528; x_wconf 86' lang='lat' dir='ltr'><strong>sol</strong></span> <span class='ocrx_word' id='word_1_27' title='bbox 1307 473 1593 538; x_wconf 82' lang='lat' dir='ltr'><strong>oboritur;</strong></span> <span class='ocrx_word' id='word_1_28' title='bbox 1631 487 1752 525; x_wconf 90' lang='lat' dir='ltr'><strong>nam</strong></span> 
     </span>
    </p>
   </div>
   <div class='ocr_carea' id='block_1_6' title="bbox 214 565 1758 639">
    <p class='ocr_par' dir='ltr' id='par_1_6' title="bbox 214 565 1758 639">
     <span class='ocr_line' id='line_1_6' title="bbox 214 565 1758 639; baseline -0.012 -2"><span class='ocrx_word' id='word_1_29' title='bbox 214 584 262 638; x_wconf 92' lang='lat' dir='ltr'><strong>in</strong></span> <span class='ocrx_word' id='word_1_30' title='bbox 290 579 377 635; x_wconf 90' lang='lat' dir='ltr'><strong>illo</strong></span> <span class='ocrx_word' id='word_1_31' title='bbox 404 583 580 631; x_wconf 88' lang='lat' dir='ltr'><strong>tractu</strong></span> <span class='ocrx_word' id='word_1_32' title='bbox 613 566 901 624; x_wconf 81' lang='lat' dir='ltr'><strong>&#39;mientalis</strong></span> <span class='ocrx_word' id='word_1_33' title='bbox 924 567 1256 639; x_wconf 76' lang='lat' dir='ltr'><strong>plantavcrat</strong></span> <span class='ocrx_word' id='word_1_34' title='bbox 1291 565 1758 634; x_wconf 86' lang='lat' dir='ltr'><strong>collocaveratque</strong></span> 
     </span>
    </p>
   </div>
   <div class='ocr_carea' id='block_1_7' title="bbox 213 656 1757 746">
    <p class='ocr_par' dir='ltr' id='par_1_7' title="bbox 213 656 1757 746">
     <span class='ocr_line' id='line_1_7' title="bbox 213 656 1757 746; baseline -0.012 -17"><span class='ocrx_word' id='word_1_35' title='bbox 213 671 547 746; x_wconf 59' lang='lat' dir='ltr'><strong>paradisum,</strong></span> <span class='ocrx_word' id='word_1_36' title='bbox 578 675 634 717; x_wconf 92' lang='lat' dir='ltr'><strong>ut</strong></span> <span class='ocrx_word' id='word_1_37' title='bbox 675 661 924 724; x_wconf 78' lang='lat' dir='ltr'><strong>Basilius,</strong></span> <span class='ocrx_word' id='word_1_38' title='bbox 988 668 1042 715; x_wconf 90' lang='lat' dir='ltr'><strong>et</strong></span> <span class='ocrx_word' id='word_1_39' title='bbox 1089 659 1207 728; x_wconf 84' lang='lat' dir='ltr'><strong>ejus</strong></span> <span class='ocrx_word' id='word_1_40' title='bbox 1258 657 1420 710; x_wconf 82' lang='lat' dir='ltr'><strong>frater</strong></span> <span class='ocrx_word' id='word_1_41' title='bbox 1465 656 1757 726; x_wconf 77' lang='lat' dir='ltr'><strong>Gregorius</strong></span> 
     </span>
    </p>
   </div>
   <div class='ocr_carea' id='block_1_8' title="bbox 219 747 1757 837">
    <p class='ocr_par' dir='ltr' id='par_1_8' title="bbox 219 747 1757 837">
     <span class='ocr_line' id='line_1_8' title="bbox 219 747 1757 837; baseline -0.014 -15"><span class='ocrx_word' id='word_1_42' title='bbox 219 769 553 837; x_wconf 68' lang='lat' dir='ltr'><strong>attestaptur,</strong></span> <span class='ocrx_word' id='word_1_43' title='bbox 601 763 656 811; x_wconf 90' lang='lat' dir='ltr'><strong>et</strong></span> <span class='ocrx_word' id='word_1_44' title='bbox 698 754 958 810; x_wconf 85' lang='lat' dir='ltr'><strong>Dominus</strong></span> <span class='ocrx_word' id='word_1_45' title='bbox 1021 751 1255 804; x_wconf 85' lang='lat' dir='ltr'><strong>Severus</strong></span> <span class='ocrx_word' id='word_1_46' title='bbox 1311 763 1546 819; x_wconf 87' lang='lat' dir='ltr'><strong>quoque.</strong></span> <span class='ocrx_word' id='word_1_47' title='bbox 1603 747 1757 813; x_wconf 84' lang='lat' dir='ltr'><strong>Quod</strong></span> 
     </span>
    </p>
   </div>
   <div class='ocr_carea' id='block_1_9' title="bbox 165 835 1760 917">
    <p class='ocr_par' dir='ltr' id='par_1_9' title="bbox 165 835 1760 917">
     <span class='ocr_line' id='line_1_9' title="bbox 165 835 1760 917; baseline -0.014 -5"><span class='ocrx_word' id='word_1_48' title='bbox 165 838 177 878; x_wconf 48' lang='grc' dir='ltr'><strong>ἱ</strong></span> <span class='ocrx_word' id='word_1_49' title='bbox 210 869 330 911; x_wconf 73' lang='lat' dir='ltr'><strong>vero</strong></span> <span class='ocrx_word' id='word_1_50' title='bbox 356 835 422 904; x_wconf 84' lang='lat' dir='ltr'><strong>ad</strong></span> <span class='ocrx_word' id='word_1_51' title='bbox 454 849 629 917; x_wconf 86' lang='lat' dir='ltr'><strong>ipsum</strong></span> <span class='ocrx_word' id='word_1_52' title='bbox 672 859 867 899; x_wconf 85' lang='lat' dir='ltr'><strong>nomen</strong></span> <span class='ocrx_word' id='word_1_53' title='bbox 915 840 1127 903; x_wconf 85' lang='lat' dir='ltr'><strong>attinet,</strong></span> <span class='ocrx_word' id='word_1_54' title='bbox 1156 852 1267 908; x_wconf 87' lang='lat' dir='ltr'><strong>quo</strong></span> <span class='ocrx_word' id='word_1_55' title='bbox 1306 838 1382 892; x_wconf 82' lang='lat' dir='ltr'><strong>illi</strong></span> <span class='ocrx_word' id='word_1_56' title='bbox 1419 835 1560 891; x_wconf 76' lang='lat' dir='ltr'><strong>LXX</strong></span> <span class='ocrx_word' id='word_1_57' title='bbox 1593 837 1760 890; x_wconf 80' lang='lat' dir='ltr'><strong>inter-</strong></span> 
     </span>
    </p>
   </div>
   <div class='ocr_carea' id='block_1_10' title="bbox 157 921 1759 1016">
    <p class='ocr_par' dir='ltr' id='par_1_10' title="bbox 157 921 1759 1016">
     <span class='ocr_line' id='line_1_10' title="bbox 157 921 1759 1016; baseline -0.011 -19"><span class='ocrx_word' id='word_1_58' title='bbox 157 951 376 1016; x_wconf 68' lang='lat' dir='ltr'><strong>~preles</strong></span> <span class='ocrx_word' id='word_1_59' title='bbox 449 921 535 992; x_wconf 81' lang='lat' dir='ltr'><strong>bic</strong></span> <span class='ocrx_word' id='word_1_60' title='bbox 612 935 784 990; x_wconf 82' lang='lat' dir='ltr'><strong>Adam</strong></span> <span class='ocrx_word' id='word_1_61' title='bbox 836 923 1044 986; x_wconf 73' lang='lat' dir='ltr'><strong>vocant</strong></span> <span class='ocrx_word' id='word_1_62' title='bbox 1119 931 1354 1000; x_wconf 82' lang='lat' dir='ltr'><strong>(vocant</strong></span> <span class='ocrx_word' id='word_1_63' title='bbox 1426 928 1569 983; x_wconf 90' lang='lat' dir='ltr'><strong>enim</strong></span> <span class='ocrx_word' id='word_1_64' title='bbox 1627 925 1759 980; x_wconf 85' lang='lat' dir='ltr'><strong>Bar-</strong></span> 
     </span>
    </p>
   </div>
   <div class='ocr_carea' id='block_1_11' title="bbox 207 1019 1756 1102">
    <p class='ocr_par' dir='ltr' id='par_1_11' title="bbox 207 1019 1756 1102">
     <span class='ocr_line' id='line_1_11' title="bbox 207 1019 1756 1102; baseline -0.011 -14"><span class='ocrx_word' id='word_1_65' title='bbox 207 1033 342 1088; x_wconf 81' lang='lat' dir='ltr'><strong>Noso</strong></span> <span class='ocrx_word' id='word_1_66' title='bbox 373 1027 530 1102; x_wconf 72' lang='grc'><strong>[15]),</strong></span> <span class='ocrx_word' id='word_1_67' title='bbox 563 1026 666 1082; x_wconf 85' lang='lat' dir='ltr'><strong>tria</strong></span> <span class='ocrx_word' id='word_1_68' title='bbox 688 1031 816 1079; x_wconf 92' lang='lat' dir='ltr'><strong>sunt</strong></span> <span class='ocrx_word' id='word_1_69' title='bbox 838 1021 1096 1076; x_wconf 83' lang='lat' dir='ltr'><strong>vocabula</strong></span> <span class='ocrx_word' id='word_1_70' title='bbox 1118 1020 1316 1091; x_wconf 86' lang='lat' dir='ltr'><strong>quibus</strong></span> <span class='ocrx_word' id='word_1_71' title='bbox 1338 1020 1448 1075; x_wconf 79' lang='lat' dir='ltr'><strong>fere</strong></span> <span class='ocrx_word' id='word_1_72' title='bbox 1476 1019 1756 1089; x_wconf 88' lang='lat' dir='ltr'><strong>Scriptura</strong></span> 
     </span>
    </p>
   </div>
   <div class='ocr_carea' id='block_1_12' title="bbox 204 1110 1759 1185">
    <p class='ocr_par' dir='ltr' id='par_1_12' title="bbox 204 1110 1759 1185">
     <span class='ocr_line' id='line_1_12' title="bbox 204 1110 1759 1185; baseline -0.011 -6"><span class='ocrx_word' id='word_1_73' title='bbox 204 1135 254 1179; x_wconf 86' lang='lat' dir='ltr'><strong>et</strong></span> <span class='ocrx_word' id='word_1_74' title='bbox 293 1126 389 1178; x_wconf 85' lang='lat' dir='ltr'><strong>hoc</strong></span> <span class='ocrx_word' id='word_1_75' title='bbox 419 1123 536 1176; x_wconf 90' lang='lat' dir='ltr'><strong>loco</strong></span> <span class='ocrx_word' id='word_1_76' title='bbox 565 1129 619 1177; x_wconf 88' lang='lat' dir='ltr'><strong>et</strong></span> <span class='ocrx_word' id='word_1_77' title='bbox 651 1116 904 1185; x_wconf 84' lang='lat' dir='ltr'><strong>superius</strong></span> <span class='ocrx_word' id='word_1_78' title='bbox 943 1114 1110 1168; x_wconf 90' lang='lat' dir='ltr'><strong>utitur</strong></span> <span class='ocrx_word' id='word_1_79' title='bbox 1144 1129 1240 1185; x_wconf 87' lang='lat' dir='ltr'><strong>pro</strong></span> <span class='ocrx_word' id='word_1_80' title='bbox 1278 1113 1472 1168; x_wconf 84' lang='lat' dir='ltr'><strong>Adami</strong></span> <span class='ocrx_word' id='word_1_81' title='bbox 1519 1110 1759 1181; x_wconf 89' lang='lat' dir='ltr'><strong>appella-</strong></span> 
     </span>
    </p>
   </div>
   <div class='ocr_carea' id='block_1_13' title="bbox 209 1203 1756 1280">
    <p class='ocr_par' dir='ltr' id='par_1_13' title="bbox 209 1203 1756 1280">
     <span class='ocr_line' id='line_1_13' title="bbox 209 1203 1756 1280; baseline -0.012 -8"><span class='ocrx_word' id='word_1_82' title='bbox 209 1219 379 1280; x_wconf 87' lang='lat' dir='ltr'><strong>tione;</strong></span> <span class='ocrx_word' id='word_1_83' title='bbox 425 1211 591 1274; x_wconf 83' lang='lat' dir='ltr'><strong>Noso,</strong></span> <span class='ocrx_word' id='word_1_84' title='bbox 643 1205 939 1271; x_wconf 82' lang='lat' dir='ltr'><strong>Bar-Noso,</strong></span> <span class='ocrx_word' id='word_1_85' title='bbox 983 1206 1176 1261; x_wconf 84' lang='lat' dir='ltr'><strong>Adam.</strong></span> <span class='ocrx_word' id='word_1_86' title='bbox 1227 1206 1293 1259; x_wconf 87' lang='lat' dir='ltr'><strong>Et</strong></span> <span class='ocrx_word' id='word_1_87' title='bbox 1335 1203 1490 1259; x_wconf 78' lang='grc' dir='ltr'><strong>Νοεο</strong></span> <span class='ocrx_word' id='word_1_88' title='bbox 1540 1203 1756 1272; x_wconf 82' lang='lat' dir='ltr'><strong>quidem</strong></span> 
     </span>
    </p>
   </div>
   <div class='ocr_carea' id='block_1_14' title="bbox 203 1293 1760 1372">
    <p class='ocr_par' dir='ltr' id='par_1_14' title="bbox 203 1293 1760 1372">
     <span class='ocr_line' id='line_1_14' title="bbox 203 1293 1760 1372; baseline -0.013 -7"><span class='ocrx_word' id='word_1_89' title='bbox 203 1316 388 1372; x_wconf 79' lang='lat' dir='ltr'><strong>vocat,</strong></span> <span class='ocrx_word' id='word_1_90' title='bbox 445 1304 572 1359; x_wconf 90' lang='lat' dir='ltr'><strong>dum</strong></span> <span class='ocrx_word' id='word_1_91' title='bbox 623 1301 777 1368; x_wconf 40' lang='lat' dir='ltr'><strong>ait‘:</strong></span> <span class='ocrx_word' id='word_1_92' title='bbox 849 1297 1128 1353; x_wconf 79' lang='lat' dir='ltr'><strong>Faciamus</strong></span> <span class='ocrx_word' id='word_1_93' title='bbox 1191 1294 1339 1350; x_wconf 85' lang='lat' dir='ltr'><strong>Naso</strong></span> <span class='ocrx_word' id='word_1_94' title='bbox 1395 1293 1470 1364; x_wconf 88' lang='lat' dir='ltr'><strong>(id</strong></span> <span class='ocrx_word' id='word_1_95' title='bbox 1536 1301 1618 1350; x_wconf 89' lang='lat' dir='ltr'><strong>est</strong></span> <span class='ocrx_word' id='word_1_96' title='bbox 1663 1295 1760 1346; x_wconf 82' lang='lat' dir='ltr'><strong>ho-</strong></span> 
     </span>
    </p>
   </div>
   <div class='ocr_carea' id='block_1_15' title="bbox 202 1385 1758 1466">
    <p class='ocr_par' dir='ltr' id='par_1_15' title="bbox 202 1385 1758 1466">
     <span class='ocr_line' id='line_1_15' title="bbox 202 1385 1758 1466; baseline -0.015 -7"><span class='ocrx_word' id='word_1_97' title='bbox 202 1399 422 1466; x_wconf 83' lang='lat' dir='ltr'><strong>minem)</strong></span> <span class='ocrx_word' id='word_1_98' title='bbox 467 1393 537 1448; x_wconf 83' lang='lat' dir='ltr'><strong>ad</strong></span> <span class='ocrx_word' id='word_1_99' title='bbox 573 1393 856 1464; x_wconf 85' lang='lat' dir='ltr'><strong>imaginem</strong></span> <span class='ocrx_word' id='word_1_100' title='bbox 883 1399 1134 1446; x_wconf 80' lang='lat' dir='ltr'><strong>nostranr</strong></span> <span class='ocrx_word' id='word_1_101' title='bbox 1152 1389 1441 1442; x_wconf 84' lang='lat' dir='ltr'><strong>secundum</strong></span> <span class='ocrx_word' id='word_1_102' title='bbox 1507 1385 1758 1440; x_wconf 82' lang='lat' dir='ltr'><strong>similitu—</strong></span> 
     </span>
    </p>
   </div>
   <div class='ocr_carea' id='block_1_16' title="bbox 201 1475 1759 1547">
    <p class='ocr_par' dir='ltr' id='par_1_16' title="bbox 201 1475 1759 1547">
     <span class='ocr_line' id='line_1_16' title="bbox 201 1475 1759 1547; baseline -0.011 -4"><span class='ocrx_word' id='word_1_103' title='bbox 201 1493 369 1543; x_wconf 80' lang='lat' dir='ltr'><strong>dinem</strong></span> <span class='ocrx_word' id='word_1_104' title='bbox 407 1485 640 1540; x_wconf 83' lang='lat' dir='ltr'><strong>nostram</strong></span> <span class='ocrx_word' id='word_1_105' title='bbox 665 1498 684 1547; x_wconf 80' lang='lat'><strong>,°</strong></span> <span class='ocrx_word' id='word_1_106' title='bbox 715 1481 885 1536; x_wconf 79' lang='lat' dir='ltr'><strong>Adam</strong></span> <span class='ocrx_word' id='word_1_107' title='bbox 916 1494 1046 1535; x_wconf 91' lang='lat' dir='ltr'><strong>vero</strong></span> <span class='ocrx_word' id='word_1_108' title='bbox 1072 1479 1201 1533; x_wconf 90' lang='lat' dir='ltr'><strong>dum</strong></span> <span class='ocrx_word' id='word_1_109' title='bbox 1231 1479 1362 1534; x_wconf 82' lang='lat' dir='ltr'><strong>dicit</strong></span> <span class='ocrx_word' id='word_1_110' title='bbox 1395 1496 1408 1532; x_wconf 90' lang='lat'>:</span> <span class='ocrx_word' id='word_1_111' title='bbox 1444 1475 1532 1530; x_wconf 82' lang='lat' dir='ltr'><strong>Et</strong></span> <span class='ocrx_word' id='word_1_112' title='bbox 1560 1475 1759 1530; x_wconf 80' lang='lat' dir='ltr'><strong>creavit</strong></span> 
     </span>
    </p>
   </div>
   <div class='ocr_carea' id='block_1_17' title="bbox 202 1560 1762 1640">
    <p class='ocr_par' dir='ltr' id='par_1_17' title="bbox 202 1560 1762 1640">
     <span class='ocr_line' id='line_1_17' title="bbox 202 1560 1762 1640; baseline -0.014 -6"><span class='ocrx_word' id='word_1_113' title='bbox 202 1579 336 1633; x_wconf 81' lang='lat' dir='ltr'><strong>Deus</strong></span> <span class='ocrx_word' id='word_1_114' title='bbox 393 1576 561 1632; x_wconf 80' lang='lat' dir='ltr'><strong>Adam</strong></span> <span class='ocrx_word' id='word_1_115' title='bbox 618 1573 684 1626; x_wconf 83' lang='lat' dir='ltr'><strong>ad</strong></span> <span class='ocrx_word' id='word_1_116' title='bbox 739 1569 1021 1640; x_wconf 82' lang='lat' dir='ltr'><strong>imaginem</strong></span> <span class='ocrx_word' id='word_1_117' title='bbox 1075 1583 1224 1622; x_wconf 87' lang='lat' dir='ltr'><strong>suam</strong></span> <span class='ocrx_word' id='word_1_118' title='bbox 1263 1587 1278 1622; x_wconf 89' lang='lat'><strong><em>:</em></strong></span> <span class='ocrx_word' id='word_1_119' title='bbox 1315 1564 1380 1618; x_wconf 84' lang='lat' dir='ltr'><strong>Et</strong></span> <span class='ocrx_word' id='word_1_120' title='bbox 1427 1564 1598 1634; x_wconf 80' lang='lat' dir='ltr'><strong>posuit</strong></span> <span class='ocrx_word' id='word_1_121' title='bbox 1649 1560 1762 1614; x_wconf 84' lang='lat' dir='ltr'><strong>illic</strong></span> 
     </span>
    </p>
   </div>
   <div class='ocr_carea' id='block_1_18' title="bbox 200 1651 1759 1737">
    <p class='ocr_par' dir='ltr' id='par_1_18' title="bbox 200 1651 1759 1737">
     <span class='ocr_line' id='line_1_18' title="bbox 200 1651 1759 1737; baseline -0.012 -13"><span class='ocrx_word' id='word_1_122' title='bbox 200 1670 368 1724; x_wconf 78' lang='lat' dir='ltr'><strong>Adam</strong></span> <span class='ocrx_word' id='word_1_123' title='bbox 412 1681 564 1737; x_wconf 73' lang='lat' dir='ltr'><strong>quem</strong></span> <span class='ocrx_word' id='word_1_124' title='bbox 622 1663 964 1733; x_wconf 74' lang='lat' dir='ltr'><strong>formaverat.</strong></span> <span class='ocrx_word' id='word_1_125' title='bbox 1017 1656 1260 1727; x_wconf 84' lang='lat' dir='ltr'><strong>Denique</strong></span> <span class='ocrx_word' id='word_1_126' title='bbox 1313 1654 1622 1718; x_wconf 84' lang='lat' dir='ltr'><strong>Bar-Noso,</strong></span> <span class='ocrx_word' id='word_1_127' title='bbox 1670 1651 1759 1706; x_wconf 88' lang='lat' dir='ltr'><strong>hic</strong></span> 
     </span>
    </p>
   </div>
   <div class='ocr_carea' id='block_1_19' title="bbox 1857 468 3414 545">
    <p class='ocr_par' dir='ltr' id='par_1_19' title="bbox 1857 468 3414 545">
     <span class='ocr_line' id='line_1_19' title="bbox 1857 468 3414 545; baseline 0.001 -20"><span class='ocrx_word' id='word_1_128' title='bbox 1857 472 2026 525; x_wconf 81' lang='lat' dir='ltr'><strong>fuisse</strong></span> <span class='ocrx_word' id='word_1_129' title='bbox 2057 471 2236 545; x_wconf 81' lang='lat' dir='ltr'><strong>Adam</strong></span> <span class='ocrx_word' id='word_1_130' title='bbox 2285 470 2364 523; x_wconf 74' lang='lat' dir='ltr'><strong>rel</strong></span> <span class='ocrx_word' id='word_1_131' title='bbox 2411 468 2536 525; x_wconf 86' lang='lat' dir='ltr'><strong>hinc</strong></span> <span class='ocrx_word' id='word_1_132' title='bbox 2566 477 2782 525; x_wconf 84' lang='lat' dir='ltr'><strong>constat</strong></span> <span class='ocrx_word' id='word_1_133' title='bbox 2809 472 2950 540; x_wconf 89' lang='lat' dir='ltr'><strong>quod</strong></span> <span class='ocrx_word' id='word_1_134' title='bbox 2984 488 3077 540; x_wconf 91' lang='lat' dir='ltr'><strong>per</strong></span> <span class='ocrx_word' id='word_1_135' title='bbox 3099 473 3414 542; x_wconf 82' lang='lat' dir='ltr'><strong>vaticinium</strong></span> 
     </span>
    </p>
   </div>
   <div class='ocr_carea' id='block_1_20' title="bbox 1857 549 3416 638">
    <p class='ocr_par' dir='ltr' id='par_1_20' title="bbox 1857 549 3416 638">
     <span class='ocr_line' id='line_1_20' title="bbox 1857 549 3416 638; baseline 0.001 -21"><span class='ocrx_word' id='word_1_136' title='bbox 1857 562 2094 618; x_wconf 82' lang='lat' dir='ltr'><strong>dixerit:</strong></span> <span class='ocrx_word' id='word_1_137' title='bbox 2125 563 2255 615; x_wconf 73' lang='lat' dir='ltr'><strong>Ilmc</strong></span> <span class='ocrx_word' id='word_1_138' title='bbox 2276 561 2394 630; x_wconf 86' lang='lat' dir='ltr'><strong>jam</strong></span> <span class='ocrx_word' id='word_1_139' title='bbox 2435 577 2559 616; x_wconf 90' lang='lat' dir='ltr'><strong>caro</strong></span> <span class='ocrx_word' id='word_1_140' title='bbox 2583 562 2645 615; x_wconf 88' lang='lat' dir='ltr'><strong>de</strong></span> <span class='ocrx_word' id='word_1_141' title='bbox 2697 578 2856 616; x_wconf 75' lang='lat' dir='ltr'><strong>carne</strong></span> <span class='ocrx_word' id='word_1_142' title='bbox 2896 579 3006 615; x_wconf 87' lang='lat' dir='ltr'><strong>mea</strong></span> <span class='ocrx_word' id='word_1_143' title='bbox 3038 573 3084 616; x_wconf 89' lang='lat' dir='ltr'><strong>et</strong></span> <span class='ocrx_word' id='word_1_144' title='bbox 3121 580 3175 618; x_wconf 88' lang='lat' dir='ltr'><strong>os</strong></span> <span class='ocrx_word' id='word_1_145' title='bbox 3203 565 3266 619; x_wconf 86' lang='lat' dir='ltr'><strong>de</strong></span> <span class='ocrx_word' id='word_1_146' title='bbox 3305 549 3416 638; x_wconf 17' lang='lat' dir='ltr'><strong>osi-e</strong></span> 
     </span>
    </p>
   </div>
   <div class='ocr_carea' id='block_1_21' title="bbox 1857 653 3416 720">
    <p class='ocr_par' dir='ltr' id='par_1_21' title="bbox 1857 653 3416 720">
     <span class='ocr_line' id='line_1_21' title="bbox 1857 653 3416 720; baseline 0.002 -12"><span class='ocrx_word' id='word_1_147' title='bbox 1857 670 1990 717; x_wconf 89' lang='lat' dir='ltr'><strong>meo,</strong></span> <span class='ocrx_word' id='word_1_148' title='bbox 2045 655 2155 708; x_wconf 70' lang='lat' dir='ltr'><strong>hinc</strong></span> <span class='ocrx_word' id='word_1_149' title='bbox 2209 653 2478 707; x_wconf 77' lang='lat' dir='ltr'><strong>vocabitur</strong></span> <span class='ocrx_word' id='word_1_150' title='bbox 2543 655 2750 720; x_wconf 87' lang='lat' dir='ltr'><strong>mulier,</strong></span> <span class='ocrx_word' id='word_1_151' title='bbox 2813 664 2920 709; x_wconf 88' lang='lat' dir='ltr'><strong>etc.</strong></span> <span class='ocrx_word' id='word_1_152' title='bbox 2977 655 3211 719; x_wconf 90' lang='lat' dir='ltr'><strong>Decimo,</strong></span> <span class='ocrx_word' id='word_1_153' title='bbox 3265 661 3416 711; x_wconf 72' lang='lat' dir='ltr'><strong>auxit</strong></span> 
     </span>
    </p>
   </div>
   <div class='ocr_carea' id='block_1_22' title="bbox 1857 728 3412 818">
    <p class='ocr_par' dir='ltr' id='par_1_22' title="bbox 1857 728 3412 818">
     <span class='ocr_line' id='line_1_22' title="bbox 1857 728 3412 818; baseline -0.001 -19"><span class='ocrx_word' id='word_1_154' title='bbox 1857 745 2031 816; x_wconf 88' lang='lat' dir='ltr'><strong>ipsum</strong></span> <span class='ocrx_word' id='word_1_155' title='bbox 2077 743 2363 799; x_wconf 81' lang='lat' dir='ltr'><strong>sacerdmii</strong></span> <span class='ocrx_word' id='word_1_156' title='bbox 2397 728 2617 814; x_wconf 83' lang='lat' dir='ltr'><strong>munere</strong></span> <span class='ocrx_word' id='word_1_157' title='bbox 2647 761 2660 806; x_wconf 89' lang='lat'><strong>;</strong></span> <span class='ocrx_word' id='word_1_158' title='bbox 2715 760 2834 796; x_wconf 84' lang='lat' dir='ltr'><strong>nam</strong></span> <span class='ocrx_word' id='word_1_159' title='bbox 2863 739 3034 798; x_wconf 65' lang='lat' dir='ltr'><strong>fuisse</strong></span> <span class='ocrx_word' id='word_1_160' title='bbox 3055 745 3412 818; x_wconf 83' lang='lat' dir='ltr'><strong>sacerdOtem,</strong></span> 
     </span>
    </p>
   </div>
   <div class='ocr_carea' id='block_1_23' title="bbox 1855 833 3420 904">
    <p class='ocr_par' dir='ltr' id='par_1_23' title="bbox 1855 833 3420 904">
     <span class='ocr_line' id='line_1_23' title="bbox 1855 833 3420 904; baseline -0.002 -12"><span class='ocrx_word' id='word_1_161' title='bbox 1855 850 1923 892; x_wconf 76' lang='lat' dir='ltr'><strong>ex</strong></span> <span class='ocrx_word' id='word_1_162' title='bbox 1971 833 2195 889; x_wconf 70' lang='lat' dir='ltr'><strong>Davidis</strong></span> <span class='ocrx_word' id='word_1_163' title='bbox 2241 833 2531 904; x_wconf 72' lang='lat' dir='ltr'><strong>psalntistre</strong></span> <span class='ocrx_word' id='word_1_164' title='bbox 2565 833 2741 888; x_wconf 84' lang='lat' dir='ltr'><strong>verbis</strong></span> <span class='ocrx_word' id='word_1_165' title='bbox 2770 837 3130 902; x_wconf 80' lang='lat' dir='ltr'><strong>cognoscitur,</strong></span> <span class='ocrx_word' id='word_1_166' title='bbox 3165 837 3292 889; x_wconf 87' lang='lat' dir='ltr'><strong>dum</strong></span> <span class='ocrx_word' id='word_1_167' title='bbox 3331 853 3420 889; x_wconf 82' lang='lat' dir='ltr'><strong>ve-</strong></span> 
     </span>
    </p>
   </div>
   <div class='ocr_carea' id='block_1_24' title="bbox 1843 924 3414 1006">
    <p class='ocr_par' dir='ltr' id='par_1_24' title="bbox 1843 924 3414 1006">
     <span class='ocr_line' id='line_1_24' title="bbox 1843 924 3414 1006; baseline 0.003 -27"><span class='ocrx_word' id='word_1_168' title='bbox 1843 927 1962 998; x_wconf 37' lang='lat' dir='ltr'><strong>.luti</strong></span> <span class='ocrx_word' id='word_1_169' title='bbox 2008 926 2317 996; x_wconf 88' lang='lat' dir='ltr'><strong>loquentem</strong></span> <span class='ocrx_word' id='word_1_170' title='bbox 2366 925 2635 978; x_wconf 83' lang='lat' dir='ltr'><strong>Adamum</strong></span> <span class='ocrx_word' id='word_1_171' title='bbox 2681 940 2803 978; x_wconf 88' lang='lat' dir='ltr'><strong>cutn</strong></span> <span class='ocrx_word' id='word_1_172' title='bbox 2857 924 2964 1006; x_wconf 70' lang='lat' dir='ltr'><strong>Deo</strong></span> <span class='ocrx_word' id='word_1_173' title='bbox 2995 928 3255 982; x_wconf 87' lang='lat' dir='ltr'><strong>inducens</strong></span> <span class='ocrx_word' id='word_1_174' title='bbox 3289 930 3365 982; x_wconf 86' lang='lat' dir='ltr'><strong>ait</strong></span> <span class='ocrx_word' id='word_1_175' title='bbox 3402 949 3414 983; x_wconf 91' lang='lat'><strong><em>:</em></strong></span> 
     </span>
    </p>
   </div>
   <div class='ocr_carea' id='block_1_25' title="bbox 1859 1011 3419 1085">
    <p class='ocr_par' dir='ltr' id='par_1_25' title="bbox 1859 1011 3419 1085">
     <span class='ocr_line' id='line_1_25' title="bbox 1859 1011 3419 1085; baseline 0.003 -20"><span class='ocrx_word' id='word_1_176' title='bbox 1859 1011 2092 1066; x_wconf 75' lang='lat' dir='ltr'><strong>Finxisti</strong></span> <span class='ocrx_word' id='word_1_177' title='bbox 2118 1027 2195 1066; x_wconf 86' lang='lat' dir='ltr'><strong>me</strong></span> <span class='ocrx_word' id='word_1_178' title='bbox 2221 1024 2271 1068; x_wconf 84' lang='lat' dir='ltr'><strong>et</strong></span> <span class='ocrx_word' id='word_1_179' title='bbox 2315 1013 2535 1081; x_wconf 73' lang='lat' dir='ltr'><strong>posuisti</strong></span> <span class='ocrx_word' id='word_1_180' title='bbox 2585 1027 2737 1079; x_wconf 87' lang='lat' dir='ltr'><strong>super</strong></span> <span class='ocrx_word' id='word_1_181' title='bbox 2785 1029 2996 1066; x_wconf 87' lang='lat' dir='ltr'><strong>manum</strong></span> <span class='ocrx_word' id='word_1_182' title='bbox 3042 1024 3184 1068; x_wconf 88' lang='lat' dir='ltr'><strong>tuam</strong></span> <span class='ocrx_word' id='word_1_183' title='bbox 3217 1017 3298 1085; x_wconf 85' lang='lat'><strong>“;</strong></span> <span class='ocrx_word' id='word_1_184' title='bbox 3331 1035 3419 1072; x_wconf 83' lang='lat' dir='ltr'><strong>sa-</strong></span> 
     </span>
    </p>
   </div>
   <div class='ocr_carea' id='block_1_26' title="bbox 1860 1103 3413 1173">
    <p class='ocr_par' dir='ltr' id='par_1_26' title="bbox 1860 1103 3413 1173">
     <span class='ocr_line' id='line_1_26' title="bbox 1860 1103 3413 1173; baseline 0.002 -13"><span class='ocrx_word' id='word_1_185' title='bbox 1860 1104 2158 1161; x_wconf 88' lang='lat' dir='ltr'><strong>cerdotium</strong></span> <span class='ocrx_word' id='word_1_186' title='bbox 2208 1103 2353 1158; x_wconf 92' lang='lat' dir='ltr'><strong>enim</strong></span> <span class='ocrx_word' id='word_1_187' title='bbox 2412 1119 2670 1157; x_wconf 87' lang='lat' dir='ltr'><strong>manuum</strong></span> <span class='ocrx_word' id='word_1_188' title='bbox 2723 1105 3069 1173; x_wconf 89' lang='lat' dir='ltr'><strong>impositioue</strong></span> <span class='ocrx_word' id='word_1_189' title='bbox 3117 1109 3413 1171; x_wconf 80' lang='lat' dir='ltr'><strong>confertur,</strong></span> 
     </span>
    </p>
   </div>
   <div class='ocr_carea' id='block_1_27' title="bbox 1861 1179 3416 1267">
    <p class='ocr_par' dir='ltr' id='par_1_27' title="bbox 1861 1179 3416 1267">
     <span class='ocr_line' id='line_1_27' title="bbox 1861 1179 3416 1267; baseline 0.002 -19"><span class='ocrx_word' id='word_1_190' title='bbox 1861 1193 2006 1248; x_wconf 73' lang='lat' dir='ltr'><strong>sicut</strong></span> <span class='ocrx_word' id='word_1_191' title='bbox 2044 1203 2096 1247; x_wconf 92' lang='lat' dir='ltr'><strong>ct</strong></span> <span class='ocrx_word' id='word_1_192' title='bbox 2124 1193 2424 1262; x_wconf 80' lang='lat' dir='ltr'><strong>baptismus</strong></span> <span class='ocrx_word' id='word_1_193' title='bbox 2449 1233 2464 1247; x_wconf 92' lang='lat'><strong>.</strong></span> <span class='ocrx_word' id='word_1_194' title='bbox 2505 1193 2823 1259; x_wconf 85' lang='lat' dir='ltr'><strong>Undecimo,</strong></span> <span class='ocrx_word' id='word_1_195' title='bbox 2854 1198 3000 1267; x_wconf 86' lang='lat' dir='ltr'><strong>regia</strong></span> <span class='ocrx_word' id='word_1_196' title='bbox 3028 1207 3190 1267; x_wconf 83' lang='lat' dir='ltr'><strong>atque</strong></span> <span class='ocrx_word' id='word_1_197' title='bbox 3217 1179 3416 1267; x_wconf 70' lang='lat' dir='ltr'><strong>piinci-</strong></span> 
     </span>
    </p>
   </div>
   <div class='ocr_carea' id='block_1_28' title="bbox 1860 1285 3417 1362">
    <p class='ocr_par' dir='ltr' id='par_1_28' title="bbox 1860 1285 3417 1362">
     <span class='ocr_line' id='line_1_28' title="bbox 1860 1285 3417 1362; baseline 0.002 -23"><span class='ocrx_word' id='word_1_198' title='bbox 1860 1286 1969 1356; x_wconf 86' lang='lat' dir='ltr'><strong>pali</strong></span> <span class='ocrx_word' id='word_1_199' title='bbox 2001 1285 2175 1354; x_wconf 90' lang='lat' dir='ltr'><strong>ipsum</strong></span> <span class='ocrx_word' id='word_1_200' title='bbox 2218 1285 2510 1340; x_wconf 82' lang='lat' dir='ltr'><strong>donatione</strong></span> <span class='ocrx_word' id='word_1_201' title='bbox 2557 1285 2949 1362; x_wconf 77' lang='lat' dir='ltr'><strong>ampliﬁcavit;</strong></span> <span class='ocrx_word' id='word_1_202' title='bbox 2995 1291 3069 1343; x_wconf 85' lang='lat' dir='ltr'><strong>ait</strong></span> <span class='ocrx_word' id='word_1_203' title='bbox 3109 1291 3252 1344; x_wconf 88' lang='lat' dir='ltr'><strong>cnint</strong></span> <span class='ocrx_word' id='word_1_204' title='bbox 3294 1308 3308 1343; x_wconf 89' lang='lat'><strong>:</strong></span> <span class='ocrx_word' id='word_1_205' title='bbox 3348 1289 3417 1342; x_wconf 80' lang='lat' dir='ltr'><strong>Et</strong></span> 
     </span>
    </p>
   </div>
   <div class='ocr_carea' id='block_1_29' title="bbox 1855 1379 3418 1448">
    <p class='ocr_par' dir='ltr' id='par_1_29' title="bbox 1855 1379 3418 1448">
     <span class='ocr_line' id='line_1_29' title="bbox 1855 1379 3418 1448; baseline -0.001 -14"><span class='ocrx_word' id='word_1_206' title='bbox 1855 1380 2208 1434; x_wconf 73' lang='lat' dir='ltr'><strong>dominamini</strong></span> <span class='ocrx_word' id='word_1_207' title='bbox 2233 1379 2459 1448; x_wconf 78' lang='lat' dir='ltr'><strong>piscibus</strong></span> <span class='ocrx_word' id='word_1_208' title='bbox 2493 1379 2678 1444; x_wconf 90' lang='lat' dir='ltr'><strong>maris,</strong></span> <span class='ocrx_word' id='word_1_209' title='bbox 2705 1388 2754 1433; x_wconf 87' lang='lat' dir='ltr'><strong>et</strong></span> <span class='ocrx_word' id='word_1_210' title='bbox 2785 1380 3082 1435; x_wconf 73' lang='lat' dir='ltr'><strong>volucribus</strong></span> <span class='ocrx_word' id='word_1_211' title='bbox 3101 1385 3235 1436; x_wconf 67' lang='lat' dir='ltr'><strong>cali.</strong></span> <span class='ocrx_word' id='word_1_212' title='bbox 3270 1383 3418 1438; x_wconf 77' lang='lat' dir='ltr'><strong>Duo.</strong></span> 
     </span>
    </p>
   </div>
   <div class='ocr_carea' id='block_1_30' title="bbox 1861 1469 3421 1543">
    <p class='ocr_par' dir='ltr' id='par_1_30' title="bbox 1861 1469 3421 1543">
     <span class='ocr_line' id='line_1_30' title="bbox 1861 1469 3421 1543; baseline 0.003 -19"><span class='ocrx_word' id='word_1_213' title='bbox 1861 1471 2098 1535; x_wconf 86' lang='lat' dir='ltr'><strong>decimo,</strong></span> <span class='ocrx_word' id='word_1_214' title='bbox 2147 1470 2219 1523; x_wconf 90' lang='lat' dir='ltr'><strong>ita</strong></span> <span class='ocrx_word' id='word_1_215' title='bbox 2262 1469 2439 1539; x_wconf 88' lang='lat' dir='ltr'><strong>ipsum</strong></span> <span class='ocrx_word' id='word_1_216' title='bbox 2471 1472 2825 1540; x_wconf 89' lang='lat' dir='ltr'><strong>comparavit,</strong></span> <span class='ocrx_word' id='word_1_217' title='bbox 2852 1472 3112 1528; x_wconf 89' lang='lat' dir='ltr'><strong>utanimo</strong></span> <span class='ocrx_word' id='word_1_218' title='bbox 3149 1483 3309 1543; x_wconf 89' lang='lat' dir='ltr'><strong>atque</strong></span> <span class='ocrx_word' id='word_1_219' title='bbox 3336 1475 3421 1529; x_wconf 86' lang='lat' dir='ltr'><strong>in-</strong></span> 
     </span>
    </p>
   </div>
   <div class='ocr_carea' id='block_1_31' title="bbox 1864 1544 3418 1642">
    <p class='ocr_par' dir='ltr' id='par_1_31' title="bbox 1864 1544 3418 1642">
     <span class='ocr_line' id='line_1_31' title="bbox 1864 1544 3418 1642; baseline 0.003 -26"><span class='ocrx_word' id='word_1_220' title='bbox 1864 1562 2159 1630; x_wconf 81' lang='lat' dir='ltr'><strong>telligentia</strong></span> <span class='ocrx_word' id='word_1_221' title='bbox 2231 1576 2328 1616; x_wconf 86' lang='lat' dir='ltr'><strong>sua</strong></span> <span class='ocrx_word' id='word_1_222' title='bbox 2415 1562 2619 1631; x_wconf 79' lang='lat' dir='ltr'><strong>angelis</strong></span> <span class='ocrx_word' id='word_1_223' title='bbox 2659 1571 2804 1618; x_wconf 88' lang='lat' dir='ltr'><strong>esset</strong></span> <span class='ocrx_word' id='word_1_224' title='bbox 2845 1544 3153 1642; x_wconf 67' lang='lat' dir='ltr'><strong>ialniliaris.</strong></span> <span class='ocrx_word' id='word_1_225' title='bbox 3198 1565 3418 1621; x_wconf 88' lang='lat' dir='ltr'><strong>Decimo</strong></span> 
     </span>
    </p>
   </div>
   <div class='ocr_carea' id='block_1_32' title="bbox 1865 1653 3420 1727">
    <p class='ocr_par' dir='ltr' id='par_1_32' title="bbox 1865 1653 3420 1727">
     <span class='ocr_line' id='line_1_32' title="bbox 1865 1653 3420 1727; baseline 0.003 -19"><span class='ocrx_word' id='word_1_226' title='bbox 1865 1653 2046 1716; x_wconf 83' lang='lat' dir='ltr'><strong>tertio,</strong></span> <span class='ocrx_word' id='word_1_227' title='bbox 2075 1653 2314 1708; x_wconf 81' lang='lat' dir='ltr'><strong>condidit</strong></span> <span class='ocrx_word' id='word_1_228' title='bbox 2345 1655 2520 1722; x_wconf 87' lang='lat' dir='ltr'><strong>ipsum</strong></span> <span class='ocrx_word' id='word_1_229' title='bbox 2562 1667 2788 1723; x_wconf 82' lang='lat' dir='ltr'><strong>corpore</strong></span> <span class='ocrx_word' id='word_1_230' title='bbox 2822 1654 2925 1709; x_wconf 77' lang='lat' dir='ltr'><strong>levi</strong></span> <span class='ocrx_word' id='word_1_231' title='bbox 2962 1664 3126 1726; x_wconf 83' lang='lat' dir='ltr'><strong>atque</strong></span> <span class='ocrx_word' id='word_1_232' title='bbox 3147 1660 3420 1727; x_wconf 87' lang='lat' dir='ltr'><strong>expedito,</strong></span> 
     </span>
    </p>
   </div>
   <div class='ocr_carea' id='block_1_33' title="bbox 200 1737 3419 1828">
    <p class='ocr_par' dir='ltr' id='par_1_33' title="bbox 200 1737 3419 1828">
     <span class='ocr_line' id='line_1_33' title="bbox 200 1737 3419 1828; baseline -0.007 -17"><span class='ocrx_word' id='word_1_233' title='bbox 200 1745 506 1828; x_wconf 88' lang='lat' dir='ltr'><strong>(sequamur</strong></span> <span class='ocrx_word' id='word_1_234' title='bbox 537 1749 678 1805; x_wconf 79' lang='lat' dir='ltr'><strong>LXX</strong></span> <span class='ocrx_word' id='word_1_235' title='bbox 700 1751 1054 1818; x_wconf 89' lang='lat' dir='ltr'><strong>interpretum</strong></span> <span class='ocrx_word' id='word_1_236' title='bbox 1085 1744 1540 1812; x_wconf 89' lang='lat' dir='ltr'><strong>translationem).</strong></span> <span class='ocrx_word' id='word_1_237' title='bbox 1573 1740 1759 1796; x_wconf 85' lang='lat' dir='ltr'><strong>Posuit</strong></span> <span class='ocrx_word' id='word_1_238' title='bbox 1792 1738 1834 1794; x_wconf 85' lang='grc' dir='ltr'><strong>Β</strong></span> <span class='ocrx_word' id='word_1_239' title='bbox 1865 1759 1972 1800; x_wconf 91' lang='lat' dir='ltr'><strong>non</strong></span> <span class='ocrx_word' id='word_1_240' title='bbox 1995 1752 2172 1799; x_wconf 86' lang='lat' dir='ltr'><strong>autem</strong></span> <span class='ocrx_word' id='word_1_241' title='bbox 2223 1744 2373 1814; x_wconf 88' lang='lat' dir='ltr'><strong>gravi</strong></span> <span class='ocrx_word' id='word_1_242' title='bbox 2399 1745 2556 1814; x_wconf 85' lang='lat' dir='ltr'><strong>quale</strong></span> <span class='ocrx_word' id='word_1_243' title='bbox 2579 1737 2979 1802; x_wconf 60' lang='lat' dir='ltr'><strong>demum&#39;evasil</strong></span> <span class='ocrx_word' id='word_1_244' title='bbox 3009 1759 3130 1818; x_wconf 74' lang='grc' dir='ltr'><strong>ροει</strong></span> <span class='ocrx_word' id='word_1_245' title='bbox 3167 1749 3419 1804; x_wconf 55' lang='lat' dir='ltr'><strong>violam“</strong></span> 
     </span>
    </p>
   </div>
   <div class='ocr_carea' id='block_1_34' title="bbox 199 1833 1758 1910">
    <p class='ocr_par' dir='ltr' id='par_1_34' title="bbox 199 1833 1758 1910">
     <span class='ocr_line' id='line_1_34' title="bbox 199 1833 1758 1910; baseline -0.011 -8"><span class='ocrx_word' id='word_1_246' title='bbox 199 1836 309 1902; x_wconf 85' lang='lat' dir='ltr'><strong>illic</strong></span> <span class='ocrx_word' id='word_1_247' title='bbox 338 1841 630 1900; x_wconf 58' lang='lat' dir='ltr'><strong>BarNoso</strong></span> <span class='ocrx_word' id='word_1_248' title='bbox 659 1841 733 1910; x_wconf 87' lang='lat' dir='ltr'><strong>(id</strong></span> <span class='ocrx_word' id='word_1_249' title='bbox 780 1847 885 1902; x_wconf 87' lang='lat' dir='ltr'><strong>est,</strong></span> <span class='ocrx_word' id='word_1_250' title='bbox 919 1836 1091 1892; x_wconf 80' lang='lat' dir='ltr'><strong>lilium</strong></span> <span class='ocrx_word' id='word_1_251' title='bbox 1120 1835 1379 1902; x_wconf 85' lang='lat' dir='ltr'><strong>hominis)</strong></span> <span class='ocrx_word' id='word_1_252' title='bbox 1412 1849 1561 1905; x_wconf 83' lang='lat' dir='ltr'><strong>quem</strong></span> <span class='ocrx_word' id='word_1_253' title='bbox 1591 1833 1758 1903; x_wconf 77' lang='lat' dir='ltr'><strong>ﬁnxe-</strong></span> 
     </span>
    </p>
   </div>
   <div class='ocr_carea' id='block_1_35' title="bbox 195 1925 1756 2006">
    <p class='ocr_par' dir='ltr' id='par_1_35' title="bbox 195 1925 1756 2006">
     <span class='ocr_line' id='line_1_35' title="bbox 195 1925 1756 2006; baseline -0.01 -14"><span class='ocrx_word' id='word_1_254' title='bbox 195 1946 299 1992; x_wconf 87' lang='lat' dir='ltr'><strong>rat.</strong></span> <span class='ocrx_word' id='word_1_255' title='bbox 353 1938 532 2006; x_wconf 82' lang='lat' dir='ltr'><strong>Atque</strong></span> <span class='ocrx_word' id='word_1_256' title='bbox 562 1934 676 1988; x_wconf 68' lang='lat' dir='ltr'><strong>haec</strong></span> <span class='ocrx_word' id='word_1_257' title='bbox 719 1931 821 2006; x_wconf 83' lang='lat' dir='ltr'><strong>tria</strong></span> <span class='ocrx_word' id='word_1_258' title='bbox 848 1929 1071 1984; x_wconf 90' lang='lat' dir='ltr'><strong>nomina</strong></span> <span class='ocrx_word' id='word_1_259' title='bbox 1100 1928 1240 1982; x_wconf 92' lang='lat' dir='ltr'><strong>inter</strong></span> <span class='ocrx_word' id='word_1_260' title='bbox 1281 1942 1340 1982; x_wconf 89' lang='lat' dir='ltr'><strong>se</strong></span> <span class='ocrx_word' id='word_1_261' title='bbox 1371 1927 1445 1981; x_wconf 85' lang='lat' dir='ltr'><strong>ita</strong></span> <span class='ocrx_word' id='word_1_262' title='bbox 1483 1925 1756 1989; x_wconf 81' lang='lat' dir='ltr'><strong>diﬂ&#39;erunt,</strong></span> 
     </span>
    </p>
   </div>
   <div class='ocr_carea' id='block_1_36' title="bbox 197 2019 1761 2096">
    <p class='ocr_par' dir='ltr' id='par_1_36' title="bbox 197 2019 1761 2096">
     <span class='ocr_line' id='line_1_36' title="bbox 197 2019 1761 2096; baseline -0.008 -13"><span class='ocrx_word' id='word_1_263' title='bbox 197 2039 256 2083; x_wconf 86' lang='grc' dir='ltr'><strong>ιιι</strong></span> <span class='ocrx_word' id='word_1_264' title='bbox 284 2027 432 2082; x_wconf 71' lang='lat' dir='ltr'><strong>Noso</strong></span> <span class='ocrx_word' id='word_1_265' title='bbox 462 2025 676 2096; x_wconf 87' lang='lat' dir='ltr'><strong>proprie</strong></span> <span class='ocrx_word' id='word_1_266' title='bbox 707 2023 1032 2080; x_wconf 57' lang='lat' dir='ltr'><strong>universum.</strong></span> <span class='ocrx_word' id='word_1_267' title='bbox 1067 2035 1237 2091; x_wconf 86' lang='lat' dir='ltr'><strong>genus</strong></span> <span class='ocrx_word' id='word_1_268' title='bbox 1263 2019 1544 2074; x_wconf 89' lang='lat' dir='ltr'><strong>hominum</strong></span> <span class='ocrx_word' id='word_1_269' title='bbox 1577 2027 1761 2073; x_wconf 82' lang='lat' dir='ltr'><strong>osten-</strong></span> 
     </span>
    </p>
   </div>
   <div class='ocr_carea' id='block_1_37' title="bbox 193 2111 1767 2184">
    <p class='ocr_par' dir='ltr' id='par_1_37' title="bbox 193 2111 1767 2184">
     <span class='ocr_line' id='line_1_37' title="bbox 193 2111 1767 2184; baseline -0.008 -9"><span class='ocrx_word' id='word_1_270' title='bbox 193 2121 316 2184; x_wconf 86' lang='lat' dir='ltr'><strong>dat;</strong></span> <span class='ocrx_word' id='word_1_271' title='bbox 353 2116 637 2172; x_wconf 82' lang='lat' dir='ltr'><strong>Bar-Noso</strong></span> <span class='ocrx_word' id='word_1_272' title='bbox 666 2131 793 2170; x_wconf 87' lang='lat' dir='ltr'><strong>vero</strong></span> <span class='ocrx_word' id='word_1_273' title='bbox 829 2129 954 2169; x_wconf 87' lang='lat' dir='ltr'><strong>eum</strong></span> <span class='ocrx_word' id='word_1_274' title='bbox 985 2112 1080 2183; x_wconf 85' lang='lat' dir='ltr'><strong>qui</strong></span> <span class='ocrx_word' id='word_1_275' title='bbox 1114 2128 1179 2167; x_wconf 86' lang='lat' dir='ltr'><strong>ex</strong></span> <span class='ocrx_word' id='word_1_276' title='bbox 1211 2111 1435 2166; x_wconf 82' lang='lat' dir='ltr'><strong>homine</strong></span> <span class='ocrx_word' id='word_1_277' title='bbox 1467 2117 1767 2180; x_wconf 83' lang='lat' dir='ltr'><strong>prognatus</strong></span> 
     </span>
    </p>
   </div>
   <div class='ocr_carea' id='block_1_38' title="bbox 194 2194 1761 2274">
    <p class='ocr_par' dir='ltr' id='par_1_38' title="bbox 194 2194 1761 2274">
     <span class='ocr_line' id='line_1_38' title="bbox 194 2194 1761 2274; baseline -0.01 -11"><span class='ocrx_word' id='word_1_278' title='bbox 194 2209 284 2274; x_wconf 90' lang='lat' dir='ltr'><strong>sit,</strong></span> <span class='ocrx_word' id='word_1_279' title='bbox 331 2207 439 2262; x_wconf 86' lang='lat' dir='ltr'><strong>hoc</strong></span> <span class='ocrx_word' id='word_1_280' title='bbox 493 2214 598 2270; x_wconf 84' lang='lat' dir='ltr'><strong>est,</strong></span> <span class='ocrx_word' id='word_1_281' title='bbox 637 2204 804 2259; x_wconf 86' lang='lat' dir='ltr'><strong>ﬁlium</strong></span> <span class='ocrx_word' id='word_1_282' title='bbox 857 2201 1093 2258; x_wconf 87' lang='lat' dir='ltr'><strong>hominis</strong></span> <span class='ocrx_word' id='word_1_283' title='bbox 1143 2201 1412 2270; x_wconf 78' lang='lat' dir='ltr'><strong>signiﬁcet</strong></span> <span class='ocrx_word' id='word_1_284' title='bbox 1453 2217 1466 2253; x_wconf 89' lang='lat'><strong>:</strong></span> <span class='ocrx_word' id='word_1_285' title='bbox 1514 2210 1568 2253; x_wconf 90' lang='lat' dir='ltr'><strong>et</strong></span> <span class='ocrx_word' id='word_1_286' title='bbox 1616 2194 1761 2250; x_wconf 85' lang='lat' dir='ltr'><strong>Noso</strong></span> 
     </span>
    </p>
   </div>
   <div class='ocr_carea' id='block_1_39' title="bbox 192 2287 1764 2369">
    <p class='ocr_par' dir='ltr' id='par_1_39' title="bbox 192 2287 1764 2369">
     <span class='ocr_line' id='line_1_39' title="bbox 192 2287 1764 2369; baseline -0.01 -15"><span class='ocrx_word' id='word_1_287' title='bbox 192 2301 415 2369; x_wconf 80' lang='lat' dir='ltr'><strong>quidem</strong></span> <span class='ocrx_word' id='word_1_288' title='bbox 463 2295 787 2367; x_wconf 80' lang='lat' dir='ltr'><strong>pluraliter,</strong></span> <span class='ocrx_word' id='word_1_289' title='bbox 823 2289 1105 2347; x_wconf 77' lang='lat' dir='ltr'><strong>Bar-Noso</strong></span> <span class='ocrx_word' id='word_1_290' title='bbox 1133 2305 1261 2345; x_wconf 79' lang='lat' dir='ltr'><strong>vero</strong></span> <span class='ocrx_word' id='word_1_291' title='bbox 1300 2287 1646 2361; x_wconf 89' lang='lat' dir='ltr'><strong>singulariter</strong></span> <span class='ocrx_word' id='word_1_292' title='bbox 1681 2287 1764 2358; x_wconf 90' lang='lat' dir='ltr'><strong>(ut</strong></span> 
     </span>
    </p>
   </div>
   <div class='ocr_carea' id='block_1_40' title="bbox 193 2378 1759 2456">
    <p class='ocr_par' dir='ltr' id='par_1_40' title="bbox 193 2378 1759 2456">
     <span class='ocr_line' id='line_1_40' title="bbox 193 2378 1759 2456; baseline -0.008 -12"><span class='ocrx_word' id='word_1_293' title='bbox 193 2389 270 2444; x_wconf 89' lang='lat' dir='ltr'><strong>sic</strong></span> <span class='ocrx_word' id='word_1_294' title='bbox 299 2387 504 2456; x_wconf 87' lang='lat' dir='ltr'><strong>dicam)</strong></span> <span class='ocrx_word' id='word_1_295' title='bbox 535 2384 893 2455; x_wconf 85' lang='lat' dir='ltr'><strong>accipiantur,</strong></span> <span class='ocrx_word' id='word_1_296' title='bbox 954 2392 1345 2453; x_wconf 79' lang='lat' dir='ltr'><strong>spectentque;</strong></span> <span class='ocrx_word' id='word_1_297' title='bbox 1377 2379 1523 2436; x_wconf 86' lang='lat' dir='ltr'><strong>Noso</strong></span> <span class='ocrx_word' id='word_1_298' title='bbox 1555 2378 1667 2434; x_wconf 83' lang='lat' dir='ltr'><strong>fere</strong></span> <span class='ocrx_word' id='word_1_299' title='bbox 1694 2379 1759 2432; x_wconf 85' lang='lat' dir='ltr'><strong>ad</strong></span> 
     </span>
    </p>
   </div>
   <div class='ocr_carea' id='block_1_41' title="bbox 191 2471 1760 2550">
    <p class='ocr_par' dir='ltr' id='par_1_41' title="bbox 191 2471 1760 2550">
     <span class='ocr_line' id='line_1_41' title="bbox 191 2471 1760 2550; baseline -0.005 -16"><span class='ocrx_word' id='word_1_300' title='bbox 191 2480 368 2550; x_wconf 85' lang='lat' dir='ltr'><strong>ipsam</strong></span> <span class='ocrx_word' id='word_1_301' title='bbox 399 2477 664 2548; x_wconf 86' lang='lat' dir='ltr'><strong>speciem,</strong></span> <span class='ocrx_word' id='word_1_302' title='bbox 699 2473 973 2530; x_wconf 83' lang='lat' dir='ltr'><strong>Bar-Noso</strong></span> <span class='ocrx_word' id='word_1_303' title='bbox 1011 2489 1139 2529; x_wconf 90' lang='lat' dir='ltr'><strong>vero</strong></span> <span class='ocrx_word' id='word_1_304' title='bbox 1167 2475 1231 2528; x_wconf 92' lang='lat' dir='ltr'><strong>ad</strong></span> <span class='ocrx_word' id='word_1_305' title='bbox 1265 2473 1560 2528; x_wconf 88' lang='lat' dir='ltr'><strong>individua.</strong></span> <span class='ocrx_word' id='word_1_306' title='bbox 1591 2471 1760 2526; x_wconf 81' lang='lat' dir='ltr'><strong>Porro</strong></span> 
     </span>
    </p>
   </div>
   <div class='ocr_carea' id='block_1_42' title="bbox 190 2562 1763 2634">
    <p class='ocr_par' dir='ltr' id='par_1_42' title="bbox 190 2562 1763 2634">
     <span class='ocr_line' id='line_1_42' title="bbox 190 2562 1763 2634; baseline -0.006 -8"><span class='ocrx_word' id='word_1_307' title='bbox 190 2572 257 2626; x_wconf 91' lang='lat' dir='ltr'><strong>de</strong></span> <span class='ocrx_word' id='word_1_308' title='bbox 307 2584 449 2624; x_wconf 75' lang='lat' dir='ltr'><strong>voce</strong></span> <span class='ocrx_word' id='word_1_309' title='bbox 499 2568 669 2622; x_wconf 81' lang='lat' dir='ltr'><strong>Adam</strong></span> <span class='ocrx_word' id='word_1_310' title='bbox 715 2566 903 2621; x_wconf 90' lang='lat' dir='ltr'><strong>dicunt</strong></span> <span class='ocrx_word' id='word_1_311' title='bbox 965 2565 1105 2634; x_wconf 91' lang='lat' dir='ltr'><strong>apud</strong></span> <span class='ocrx_word' id='word_1_312' title='bbox 1151 2579 1252 2618; x_wconf 89' lang='lat' dir='ltr'><strong>nos</strong></span> <span class='ocrx_word' id='word_1_313' title='bbox 1297 2562 1464 2634; x_wconf 85' lang='lat' dir='ltr'><strong>Syros</strong></span> <span class='ocrx_word' id='word_1_314' title='bbox 1516 2562 1763 2632; x_wconf 87' lang='lat' dir='ltr'><strong>plerique</strong></span> 
     </span>
    </p>
   </div>
   <div class='ocr_carea' id='block_1_43' title="bbox 188 2653 1756 2731">
    <p class='ocr_par' dir='ltr' id='par_1_43' title="bbox 188 2653 1756 2731">
     <span class='ocr_line' id='line_1_43' title="bbox 188 2653 1756 2731; baseline -0.005 -17"><span class='ocrx_word' id='word_1_315' title='bbox 188 2660 614 2731; x_wconf 84' lang='lat' dir='ltr'><strong>appellationem</strong></span> <span class='ocrx_word' id='word_1_316' title='bbox 662 2670 784 2711; x_wconf 89' lang='lat' dir='ltr'><strong>esse</strong></span> <span class='ocrx_word' id='word_1_317' title='bbox 833 2655 1215 2725; x_wconf 88' lang='lat' dir='ltr'><strong>particularem</strong></span> <span class='ocrx_word' id='word_1_318' title='bbox 1264 2653 1528 2722; x_wconf 83' lang='lat' dir='ltr'><strong>hominis,</strong></span> <span class='ocrx_word' id='word_1_319' title='bbox 1564 2669 1756 2722; x_wconf 87' lang='lat' dir='ltr'><strong>perso-</strong></span> 
     </span>
    </p>
   </div>
   <div class='ocr_carea' id='block_1_44' title="bbox 192 2741 1770 2822">
    <p class='ocr_par' dir='ltr' id='par_1_44' title="bbox 192 2741 1770 2822">
     <span class='ocr_line' id='line_1_44' title="bbox 192 2741 1770 2822; baseline -0.007 -15"><span class='ocrx_word' id='word_1_320' title='bbox 192 2768 444 2822; x_wconf 81' lang='lat' dir='ltr'><strong>namque</strong></span> <span class='ocrx_word' id='word_1_321' title='bbox 489 2766 650 2803; x_wconf 88' lang='lat' dir='ltr'><strong>unant</strong></span> <span class='ocrx_word' id='word_1_322' title='bbox 710 2757 1096 2818; x_wconf 63' lang='lat' dir='ltr'><strong>repraesentare</strong></span> <span class='ocrx_word' id='word_1_323' title='bbox 1150 2763 1162 2798; x_wconf 91' lang='lat'><strong>:</strong></span> <span class='ocrx_word' id='word_1_324' title='bbox 1216 2741 1402 2800; x_wconf 74' lang='lat' dir='ltr'><strong>verum</strong></span> <span class='ocrx_word' id='word_1_325' title='bbox 1453 2745 1542 2799; x_wconf 89' lang='lat' dir='ltr'><strong>alii</strong></span> <span class='ocrx_word' id='word_1_326' title='bbox 1581 2745 1770 2797; x_wconf 69' lang='lat' dir='ltr'><strong>existi-</strong></span> 
     </span>
    </p>
   </div>
   <div class='ocr_carea' id='block_1_45' title="bbox 191 2835 1765 2910">
    <p class='ocr_par' dir='ltr' id='par_1_45' title="bbox 191 2835 1765 2910">
     <span class='ocr_line' id='line_1_45' title="bbox 191 2835 1765 2910; baseline -0.006 -11"><span class='ocrx_word' id='word_1_327' title='bbox 191 2855 368 2906; x_wconf 79' lang='lat' dir='ltr'><strong>ntant,</strong></span> <span class='ocrx_word' id='word_1_328' title='bbox 425 2842 567 2910; x_wconf 88' lang='lat' dir='ltr'><strong>apud</strong></span> <span class='ocrx_word' id='word_1_329' title='bbox 609 2840 863 2894; x_wconf 65' lang='lat' dir='ltr'><strong>Hebraeos</strong></span> <span class='ocrx_word' id='word_1_330' title='bbox 909 2852 1106 2894; x_wconf 84' lang='lat' dir='ltr'><strong>nomen</strong></span> <span class='ocrx_word' id='word_1_331' title='bbox 1149 2851 1266 2892; x_wconf 89' lang='lat' dir='ltr'><strong>esse</strong></span> <span class='ocrx_word' id='word_1_332' title='bbox 1319 2835 1656 2905; x_wconf 85' lang='lat' dir='ltr'><strong>specillcum,</strong></span> <span class='ocrx_word' id='word_1_333' title='bbox 1707 2844 1765 2889; x_wconf 90' lang='lat' dir='ltr'><strong>et</strong></span> 
     </span>
    </p>
   </div>
   <div class='ocr_carea' id='block_1_46' title="bbox 191 2928 1769 3006">
    <p class='ocr_par' dir='ltr' id='par_1_46' title="bbox 191 2928 1769 3006">
     <span class='ocr_line' id='line_1_46' title="bbox 191 2928 1769 3006; baseline -0.006 -14"><span class='ocrx_word' id='word_1_334' title='bbox 191 2949 369 2992; x_wconf 88' lang='lat' dir='ltr'><strong>totum</strong></span> <span class='ocrx_word' id='word_1_335' title='bbox 407 2951 580 3006; x_wconf 80' lang='lat' dir='ltr'><strong>genus</strong></span> <span class='ocrx_word' id='word_1_336' title='bbox 615 2935 912 2989; x_wconf 89' lang='lat' dir='ltr'><strong>humanum</strong></span> <span class='ocrx_word' id='word_1_337' title='bbox 947 2949 1045 2988; x_wconf 87' lang='lat' dir='ltr'><strong>sua</strong></span> <span class='ocrx_word' id='word_1_338' title='bbox 1073 2934 1294 2990; x_wconf 87' lang='lat' dir='ltr'><strong>notione</strong></span> <span class='ocrx_word' id='word_1_339' title='bbox 1325 2928 1596 3003; x_wconf 89' lang='lat' dir='ltr'><strong>amplecti,</strong></span> <span class='ocrx_word' id='word_1_340' title='bbox 1626 2931 1769 2986; x_wconf 63' lang='lat' dir='ltr'><strong>sient</strong></span> 
     </span>
    </p>
   </div>
   <div class='ocr_carea' id='block_1_47' title="bbox 189 3025 1837 3117">
    <p class='ocr_par' dir='ltr' id='par_1_47' title="bbox 189 3025 1837 3117">
     <span class='ocr_line' id='line_1_47' title="bbox 189 3025 1837 3117; baseline -0.006 -33"><span class='ocrx_word' id='word_1_341' title='bbox 189 3030 441 3084; x_wconf 81' lang='lat' dir='ltr'><strong>antehac</strong></span> <span class='ocrx_word' id='word_1_342' title='bbox 479 3027 714 3081; x_wconf 80' lang='lat' dir='ltr'><strong>diximus</strong></span> <span class='ocrx_word' id='word_1_343' title='bbox 768 3027 819 3079; x_wconf 91' lang='lat' dir='ltr'><strong>in</strong></span> <span class='ocrx_word' id='word_1_344' title='bbox 870 3025 1274 3081; x_wconf 86' lang='lat' dir='ltr'><strong>Commentario</strong></span> <span class='ocrx_word' id='word_1_345' title='bbox 1318 3035 1502 3080; x_wconf 86' lang='lat' dir='ltr'><strong>nostro</strong></span> <span class='ocrx_word' id='word_1_346' title='bbox 1555 3025 1619 3080; x_wconf 89' lang='lat' dir='ltr'><strong>de</strong></span> <span class='ocrx_word' id='word_1_347' title='bbox 1671 3037 1837 3117; x_wconf 80' lang='lat' dir='ltr'><strong>sexc</strong></span> 
     </span>
    </p>
   </div>
   <div class='ocr_carea' id='block_1_48' title="bbox 187 3111 1763 3184">
    <p class='ocr_par' dir='ltr' id='par_1_48' title="bbox 187 3111 1763 3184">
     <span class='ocr_line' id='line_1_48' title="bbox 187 3111 1763 3184; baseline -0.004 -11"><span class='ocrx_word' id='word_1_348' title='bbox 187 3120 413 3174; x_wconf 84' lang='lat' dir='ltr'><strong>diebus.</strong></span> <span class='ocrx_word' id='word_1_349' title='bbox 451 3117 659 3171; x_wconf 74' lang='lat' dir='ltr'><strong>Rursus</strong></span> <span class='ocrx_word' id='word_1_350' title='bbox 692 3114 784 3169; x_wconf 91' lang='lat' dir='ltr'><strong>alii</strong></span> <span class='ocrx_word' id='word_1_351' title='bbox 813 3123 958 3174; x_wconf 87' lang='lat' dir='ltr'><strong>sunt.</strong></span> <span class='ocrx_word' id='word_1_352' title='bbox 995 3114 1083 3184; x_wconf 90' lang='lat' dir='ltr'><strong>qui</strong></span> <span class='ocrx_word' id='word_1_353' title='bbox 1113 3123 1305 3184; x_wconf 89' lang='lat' dir='ltr'><strong>putant</strong></span> <span class='ocrx_word' id='word_1_354' title='bbox 1340 3129 1534 3169; x_wconf 90' lang='lat' dir='ltr'><strong>nomen</strong></span> <span class='ocrx_word' id='word_1_355' title='bbox 1591 3111 1763 3167; x_wconf 82' lang='lat' dir='ltr'><strong>Adam</strong></span> 
     </span>
    </p>
   </div>
   <div class='ocr_carea' id='block_1_49' title="bbox 189 3204 1768 3280">
    <p class='ocr_par' dir='ltr' id='par_1_49' title="bbox 189 3204 1768 3280">
     <span class='ocr_line' id='line_1_49' title="bbox 189 3204 1768 3280; baseline -0.004 -16"><span class='ocrx_word' id='word_1_356' title='bbox 189 3220 481 3280; x_wconf 90' lang='lat' dir='ltr'><strong>sumptum</strong></span> <span class='ocrx_word' id='word_1_357' title='bbox 511 3210 632 3262; x_wconf 80' lang='lat' dir='ltr'><strong>esse</strong></span> <span class='ocrx_word' id='word_1_358' title='bbox 671 3223 734 3262; x_wconf 79' lang='lat' dir='ltr'><strong>ex</strong></span> <span class='ocrx_word' id='word_1_359' title='bbox 770 3207 888 3275; x_wconf 88' lang='lat' dir='ltr'><strong>ipso</strong></span> <span class='ocrx_word' id='word_1_360' title='bbox 920 3206 1154 3260; x_wconf 89' lang='lat' dir='ltr'><strong>hominis</strong></span> <span class='ocrx_word' id='word_1_361' title='bbox 1185 3219 1444 3275; x_wconf 87' lang='lat' dir='ltr'><strong>corpore,</strong></span> <span class='ocrx_word' id='word_1_362' title='bbox 1475 3204 1604 3259; x_wconf 87' lang='lat' dir='ltr'><strong>etei</strong></span> <span class='ocrx_word' id='word_1_363' title='bbox 1640 3217 1768 3274; x_wconf 79' lang='lat' dir='ltr'><strong>pro-</strong></span> 
     </span>
    </p>
   </div>
   <div class='ocr_carea' id='block_1_50' title="bbox 188 3297 1763 3371">
    <p class='ocr_par' dir='ltr' id='par_1_50' title="bbox 188 3297 1763 3371">
     <span class='ocr_line' id='line_1_50' title="bbox 188 3297 1763 3371; baseline -0.001 -18"><span class='ocrx_word' id='word_1_364' title='bbox 188 3301 311 3371; x_wconf 87' lang='lat' dir='ltr'><strong>prie</strong></span> <span class='ocrx_word' id='word_1_365' title='bbox 346 3299 668 3370; x_wconf 86' lang='lat' dir='ltr'><strong>intpositum</strong></span> <span class='ocrx_word' id='word_1_366' title='bbox 704 3312 825 3354; x_wconf 84' lang='lat' dir='ltr'><strong>esse</strong></span> <span class='ocrx_word' id='word_1_367' title='bbox 852 3312 916 3352; x_wconf 86' lang='lat' dir='ltr'><strong>eo</strong></span> <span class='ocrx_word' id='word_1_368' title='bbox 940 3297 1086 3364; x_wconf 87' lang='lat' dir='ltr'><strong>quod</strong></span> <span class='ocrx_word' id='word_1_369' title='bbox 1110 3312 1175 3350; x_wconf 82' lang='lat' dir='ltr'><strong>ex</strong></span> <span class='ocrx_word' id='word_1_370' title='bbox 1209 3305 1351 3351; x_wconf 89' lang='lat' dir='ltr'><strong>terra</strong></span> <span class='ocrx_word' id='word_1_371' title='bbox 1376 3313 1494 3366; x_wconf 75' lang='lat' dir='ltr'><strong>qua:</strong></span> <span class='ocrx_word' id='word_1_372' title='bbox 1525 3297 1763 3352; x_wconf 71' lang='lat' dir='ltr'><strong>Adamo-</strong></span> 
     </span>
    </p>
   </div>
   <div class='ocr_carea' id='block_1_51' title="bbox 190 3385 1764 3448">
    <p class='ocr_par' dir='ltr' id='par_1_51' title="bbox 190 3385 1764 3448">
     <span class='ocr_line' id='line_1_51' title="bbox 190 3385 1764 3448; baseline -0.003 -1"><span class='ocrx_word' id='word_1_373' title='bbox 190 3397 287 3448; x_wconf 87' lang='lat' dir='ltr'><strong>tho</strong></span> <span class='ocrx_word' id='word_1_374' title='bbox 316 3393 525 3446; x_wconf 88' lang='lat' dir='ltr'><strong>dicitur</strong></span> <span class='ocrx_word' id='word_1_375' title='bbox 544 3385 920 3444; x_wconf 81' lang='lat' dir='ltr'><strong>conﬁrmatum</strong></span> <span class='ocrx_word' id='word_1_376' title='bbox 950 3388 1022 3442; x_wconf 92' lang='lat' dir='ltr'><strong>sit</strong></span> <span class='ocrx_word' id='word_1_377' title='bbox 1051 3403 1065 3440; x_wconf 89' lang='lat'><strong>:</strong></span> <span class='ocrx_word' id='word_1_378' title='bbox 1101 3386 1246 3443; x_wconf 82' lang='lat' dir='ltr'><strong>Noso</strong></span> <span class='ocrx_word' id='word_1_379' title='bbox 1273 3402 1403 3443; x_wconf 78' lang='lat' dir='ltr'><strong>vero</strong></span> <span class='ocrx_word' id='word_1_380' title='bbox 1434 3389 1498 3443; x_wconf 90' lang='lat' dir='ltr'><strong>ad</strong></span> <span class='ocrx_word' id='word_1_381' title='bbox 1530 3390 1764 3444; x_wconf 78' lang='lat' dir='ltr'><strong>animam</strong></span> 
     </span>
    </p>
   </div>
   <div class='ocr_carea' id='block_1_52' title="bbox 188 3478 1765 3554">
    <p class='ocr_par' dir='ltr' id='par_1_52' title="bbox 188 3478 1765 3554">
     <span class='ocr_line' id='line_1_52' title="bbox 188 3478 1765 3554; baseline -0.002 -18"><span class='ocrx_word' id='word_1_382' title='bbox 188 3483 560 3554; x_wconf 85' lang='lat' dir='ltr'><strong>peculiariter</strong></span> <span class='ocrx_word' id='word_1_383' title='bbox 587 3489 850 3549; x_wconf 88' lang='lat' dir='ltr'><strong>spectare.</strong></span> <span class='ocrx_word' id='word_1_384' title='bbox 880 3478 1146 3546; x_wconf 70' lang='lat' dir='ltr'><strong>Caeterum</strong></span> <span class='ocrx_word' id='word_1_385' title='bbox 1179 3478 1310 3548; x_wconf 90' lang='lat' dir='ltr'><strong>quid</strong></span> <span class='ocrx_word' id='word_1_386' title='bbox 1342 3478 1447 3535; x_wconf 86' lang='lat' dir='ltr'><strong>sibi</strong></span> <span class='ocrx_word' id='word_1_387' title='bbox 1481 3479 1608 3533; x_wconf 79' lang='lat' dir='ltr'><strong>velit</strong></span> <span class='ocrx_word' id='word_1_388' title='bbox 1635 3479 1765 3534; x_wconf 90' lang='lat' dir='ltr'><strong>illud</strong></span> 
     </span>
    </p>
   </div>
   <div class='ocr_carea' id='block_1_53' title="bbox 189 3566 1766 3638">
    <p class='ocr_par' dir='ltr' id='par_1_53' title="bbox 189 3566 1766 3638">
     <span class='ocr_line' id='line_1_53' title="bbox 189 3566 1766 3638; baseline -0.003 -12"><span class='ocrx_word' id='word_1_389' title='bbox 189 3584 361 3627; x_wconf 62' lang='lat' dir='ltr'><strong>terra</strong></span> <span class='ocrx_word' id='word_1_390' title='bbox 399 3569 751 3632; x_wconf 80' lang='lat' dir='ltr'><strong>vocabulum,</strong></span> <span class='ocrx_word' id='word_1_391' title='bbox 784 3567 1105 3632; x_wconf 81' lang='lat' dir='ltr'><strong>Adautotho,</strong></span> <span class='ocrx_word' id='word_1_392' title='bbox 1163 3566 1272 3620; x_wconf 91' lang='lat' dir='ltr'><strong>illic</strong></span> <span class='ocrx_word' id='word_1_393' title='bbox 1304 3581 1522 3638; x_wconf 88' lang='lat' dir='ltr'><strong>quoque</strong></span> <span class='ocrx_word' id='word_1_394' title='bbox 1550 3583 1578 3621; x_wconf 90' lang='lat' dir='ltr'><strong>a</strong></span> <span class='ocrx_word' id='word_1_395' title='bbox 1611 3567 1766 3622; x_wconf 88' lang='lat' dir='ltr'><strong>nobis</strong></span> 
     </span>
    </p>
   </div>
   <div class='ocr_carea' id='block_1_54' title="bbox 185 3661 1712 3730">
    <p class='ocr_par' dir='ltr' id='par_1_54' title="bbox 185 3661 1712 3730">
     <span class='ocr_line' id='line_1_54' title="bbox 185 3661 1712 3730; baseline -0.006 -12"><span class='ocrx_word' id='word_1_396' title='bbox 185 3672 272 3718; x_wconf 83' lang='lat' dir='ltr'><strong>est</strong></span> <span class='ocrx_word' id='word_1_397' title='bbox 299 3661 663 3730; x_wconf 78' lang='lat' dir='ltr'><strong>explicatum.</strong></span> <span class='ocrx_word' id='word_1_398' title='bbox 1707 3707 1712 3709; x_wconf 90' lang='lat'>_</span> 
     </span>
    </p>
   </div>
   <div class='ocr_carea' id='block_1_55' title="bbox 262 3743 1762 3817">
    <p class='ocr_par' dir='ltr' id='par_1_55' title="bbox 262 3743 1762 3817">
     <span class='ocr_line' id='line_1_55' title="bbox 262 3743 1762 3817; baseline -0.004 -13"><span class='ocrx_word' id='word_1_399' title='bbox 262 3750 465 3804; x_wconf 64' lang='lat' dir='ltr'><strong>Dein</strong></span> <span class='ocrx_word' id='word_1_400' title='bbox 521 3747 766 3817; x_wconf 83' lang='lat' dir='ltr'><strong>beneﬁcia</strong></span> <span class='ocrx_word' id='word_1_401' title='bbox 824 3747 878 3799; x_wconf 90' lang='lat' dir='ltr'><strong>in</strong></span> <span class='ocrx_word' id='word_1_402' title='bbox 932 3744 1212 3800; x_wconf 81' lang='lat' dir='ltr'><strong>Adamttm.</strong></span> <span class='ocrx_word' id='word_1_403' title='bbox 1249 3743 1537 3799; x_wconf 75' lang='lat' dir='ltr'><strong>--Verum</strong></span> <span class='ocrx_word' id='word_1_404' title='bbox 1591 3761 1762 3800; x_wconf 85' lang='lat' dir='ltr'><strong>ennn-</strong></span> 
     </span>
    </p>
   </div>
   <div class='ocr_carea' id='block_1_56' title="bbox 190 3837 1768 3914">
    <p class='ocr_par' dir='ltr' id='par_1_56' title="bbox 190 3837 1768 3914">
     <span class='ocr_line' id='line_1_56' title="bbox 190 3837 1768 3914; baseline -0.006 -13"><span class='ocrx_word' id='word_1_405' title='bbox 190 3861 331 3901; x_wconf 78' lang='lat' dir='ltr'><strong>vero</strong></span> <span class='ocrx_word' id='word_1_406' title='bbox 364 3857 553 3914; x_wconf 65' lang='lat' dir='ltr'><strong>operat</strong></span> <span class='ocrx_word' id='word_1_407' title='bbox 585 3841 813 3911; x_wconf 86' lang='lat' dir='ltr'><strong>pretium</strong></span> <span class='ocrx_word' id='word_1_408' title='bbox 862 3849 944 3894; x_wconf 89' lang='lat' dir='ltr'><strong>est</strong></span> <span class='ocrx_word' id='word_1_409' title='bbox 993 3847 1052 3893; x_wconf 89' lang='lat' dir='ltr'><strong>ut</strong></span> <span class='ocrx_word' id='word_1_410' title='bbox 1097 3837 1366 3907; x_wconf 84' lang='lat' dir='ltr'><strong>expendas</strong></span> <span class='ocrx_word' id='word_1_411' title='bbox 1405 3838 1490 3892; x_wconf 84' lang='lat' dir='ltr'><strong>Itic</strong></span> <span class='ocrx_word' id='word_1_412' title='bbox 1519 3845 1768 3892; x_wconf 76' lang='lat' dir='ltr'><strong>accitrate</strong></span> 
     </span>
    </p>
   </div>
   <div class='ocr_carea' id='block_1_57' title="bbox 187 3929 1766 4018">
    <p class='ocr_par' dir='ltr' id='par_1_57' title="bbox 187 3929 1766 4018">
     <span class='ocr_line' id='line_1_57' title="bbox 187 3929 1766 4018; baseline -0.002 -32"><span class='ocrx_word' id='word_1_413' title='bbox 187 3935 348 4009; x_wconf 69' lang='lat' dir='ltr'><strong>apud</strong></span> <span class='ocrx_word' id='word_1_414' title='bbox 409 3934 860 3995; x_wconf 83' lang='lat' dir='ltr'><strong>animum&#39;tuutn,</strong></span> <span class='ocrx_word' id='word_1_415' title='bbox 893 3945 1054 3999; x_wconf 88' lang='lat' dir='ltr'><strong>quam</strong></span> <span class='ocrx_word' id='word_1_416' title='bbox 1088 3929 1275 3983; x_wconf 80' lang='lat' dir='ltr'><strong>multis</strong></span> <span class='ocrx_word' id='word_1_417' title='bbox 1321 3930 1497 4018; x_wconf 81' lang='lat' dir='ltr'><strong>modis</strong></span> <span class='ocrx_word' id='word_1_418' title='bbox 1525 3934 1766 3986; x_wconf 89' lang='lat' dir='ltr'><strong>cohone-</strong></span> 
     </span>
    </p>
   </div>
   <div class='ocr_carea' id='block_1_58' title="bbox 186 4019 1765 4084">
    <p class='ocr_par' dir='ltr' id='par_1_58' title="bbox 186 4019 1765 4084">
     <span class='ocr_line' id='line_1_58' title="bbox 186 4019 1765 4084; baseline -0.005 -1"><span class='ocrx_word' id='word_1_419' title='bbox 186 4025 445 4084; x_wconf 76' lang='lat' dir='ltr'><strong>staverit</strong></span> <span class='ocrx_word' id='word_1_420' title='bbox 470 4022 612 4077; x_wconf 85' lang='lat' dir='ltr'><strong>Deus</strong></span> <span class='ocrx_word' id='word_1_421' title='bbox 638 4020 926 4074; x_wconf 76' lang='lat' dir='ltr'><strong>Adamum.</strong></span> <span class='ocrx_word' id='word_1_422' title='bbox 957 4019 1136 4072; x_wconf 81' lang='lat' dir='ltr'><strong>Primo</strong></span> <span class='ocrx_word' id='word_1_423' title='bbox 1165 4020 1307 4072; x_wconf 86' lang='lat' dir='ltr'><strong>enim</strong></span> <span class='ocrx_word' id='word_1_424' title='bbox 1340 4034 1464 4074; x_wconf 91' lang='lat' dir='ltr'><strong>cum</strong></span> <span class='ocrx_word' id='word_1_425' title='bbox 1495 4019 1765 4076; x_wconf 73' lang='lat' dir='ltr'><strong>inrerum</strong></span> 
     </span>
    </p>
   </div>
   <div class='ocr_carea' id='block_1_59' title="bbox 188 4111 1768 4188">
    <p class='ocr_par' dir='ltr' id='par_1_59' title="bbox 188 4111 1768 4188">
     <span class='ocr_line' id='line_1_59' title="bbox 188 4111 1768 4188; baseline -0.004 -14"><span class='ocrx_word' id='word_1_426' title='bbox 188 4127 403 4174; x_wconf 88' lang='lat' dir='ltr'><strong>natura</strong></span> <span class='ocrx_word' id='word_1_427' title='bbox 465 4124 843 4184; x_wconf 86' lang='lat' dir='ltr'><strong>prorsus&#39;non</strong></span> <span class='ocrx_word' id='word_1_428' title='bbox 896 4121 1069 4175; x_wconf 89' lang='lat' dir='ltr'><strong>esset,</strong></span> <span class='ocrx_word' id='word_1_429' title='bbox 1114 4113 1451 4179; x_wconf 86' lang='lat' dir='ltr'><strong>procreavit,</strong></span> <span class='ocrx_word' id='word_1_430' title='bbox 1507 4111 1768 4188; x_wconf 83' lang='lat' dir='ltr'><strong>eﬂieitquc</strong></span> 
     </span>
    </p>
   </div>
   <div class='ocr_carea' id='block_1_60' title="bbox 186 4200 1766 4282">
    <p class='ocr_par' dir='ltr' id='par_1_60' title="bbox 186 4200 1766 4282">
     <span class='ocr_line' id='line_1_60' title="bbox 186 4200 1766 4282; baseline -0.006 -16"><span class='ocrx_word' id='word_1_431' title='bbox 186 4211 490 4282; x_wconf 82' lang='lat' dir='ltr'><strong>ipsumex</strong></span> <span class='ocrx_word' id='word_1_432' title='bbox 526 4204 695 4258; x_wconf 89' lang='lat' dir='ltr'><strong>nihilo</strong></span> <span class='ocrx_word' id='word_1_433' title='bbox 725 4211 786 4258; x_wconf 82' lang='lat' dir='ltr'><strong>ut</strong></span> <span class='ocrx_word' id='word_1_434' title='bbox 819 4200 1021 4272; x_wconf 84' lang='lat' dir='ltr'><strong>aliquid</strong></span> <span class='ocrx_word' id='word_1_435' title='bbox 1069 4209 1234 4255; x_wconf 88' lang='lat' dir='ltr'><strong>esset.</strong></span> <span class='ocrx_word' id='word_1_436' title='bbox 1267 4203 1470 4258; x_wconf 86' lang='lat' dir='ltr'><strong>Deinde</strong></span> <span class='ocrx_word' id='word_1_437' title='bbox 1511 4203 1576 4258; x_wconf 91' lang='lat' dir='ltr'><strong>ad</strong></span> <span class='ocrx_word' id='word_1_438' title='bbox 1613 4219 1766 4259; x_wconf 87' lang='lat' dir='ltr'><strong>suam</strong></span> 
     </span>
    </p>
   </div>
   <div class='ocr_carea' id='block_1_61' title="bbox 188 4292 1766 4370">
    <p class='ocr_par' dir='ltr' id='par_1_61' title="bbox 188 4292 1766 4370">
     <span class='ocr_line' id='line_1_61' title="bbox 188 4292 1766 4370; baseline -0.004 -15"><span class='ocrx_word' id='word_1_439' title='bbox 188 4302 380 4370; x_wconf 80' lang='lat' dir='ltr'><strong>ipsius</strong></span> <span class='ocrx_word' id='word_1_440' title='bbox 490 4295 774 4364; x_wconf 87' lang='lat' dir='ltr'><strong>imaginem</strong></span> <span class='ocrx_word' id='word_1_441' title='bbox 865 4303 920 4347; x_wconf 88' lang='lat' dir='ltr'><strong>et</strong></span> <span class='ocrx_word' id='word_1_442' title='bbox 1011 4292 1414 4349; x_wconf 80' lang='lat' dir='ltr'><strong>similitudinem</strong></span> <span class='ocrx_word' id='word_1_443' title='bbox 1510 4295 1766 4353; x_wconf 78' lang='lat' dir='ltr'><strong>candidit.</strong></span> 
     </span>
    </p>
   </div>
   <div class='ocr_carea' id='block_1_62' title="bbox 1861 1831 3418 1906">
    <p class='ocr_par' dir='ltr' id='par_1_62' title="bbox 1861 1831 3418 1906">
     <span class='ocr_line' id='line_1_62' title="bbox 1861 1831 3418 1906; baseline 0.003 -18"><span class='ocrx_word' id='word_1_444' title='bbox 1861 1834 2050 1903; x_wconf 83' lang='lat' dir='ltr'><strong>legem.</strong></span> <span class='ocrx_word' id='word_1_445' title='bbox 2137 1831 2353 1886; x_wconf 86' lang='lat' dir='ltr'><strong>Decimo</strong></span> <span class='ocrx_word' id='word_1_446' title='bbox 2429 1840 2624 1900; x_wconf 85' lang='lat' dir='ltr'><strong>quarto</strong></span> <span class='ocrx_word' id='word_1_447' title='bbox 2702 1833 2956 1904; x_wconf 85' lang='lat' dir='ltr'><strong>denique,</strong></span> <span class='ocrx_word' id='word_1_448' title='bbox 3003 1837 3181 1905; x_wconf 92' lang='lat' dir='ltr'><strong>posuit</strong></span> <span class='ocrx_word' id='word_1_449' title='bbox 3244 1840 3418 1906; x_wconf 90' lang='lat' dir='ltr'><strong>ipsum</strong></span> 
     </span>
    </p>
   </div>
   <div class='ocr_carea' id='block_1_63' title="bbox 1863 1921 3417 1998">
    <p class='ocr_par' dir='ltr' id='par_1_63' title="bbox 1863 1921 3417 1998">
     <span class='ocr_line' id='line_1_63' title="bbox 1863 1921 3417 1998; baseline 0.003 -18"><span class='ocrx_word' id='word_1_450' title='bbox 1863 1925 1916 1980; x_wconf 93' lang='lat' dir='ltr'><strong>in</strong></span> <span class='ocrx_word' id='word_1_451' title='bbox 1964 1923 2213 1994; x_wconf 87' lang='lat' dir='ltr'><strong>paradiso</strong></span> <span class='ocrx_word' id='word_1_452' title='bbox 2247 1962 2261 1987; x_wconf 98' lang='lat'><strong>,</strong></span> <span class='ocrx_word' id='word_1_453' title='bbox 2327 1931 2386 1976; x_wconf 92' lang='lat' dir='ltr'><strong>ut</strong></span> <span class='ocrx_word' id='word_1_454' title='bbox 2461 1923 2592 1978; x_wconf 89' lang='lat' dir='ltr'><strong>inibi</strong></span> <span class='ocrx_word' id='word_1_455' title='bbox 2659 1921 3015 1980; x_wconf 77' lang='lat' dir='ltr'><strong>obiectaretur</strong></span> <span class='ocrx_word' id='word_1_456' title='bbox 3057 1943 3229 1998; x_wconf 87' lang='lat' dir='ltr'><strong>neque</strong></span> <span class='ocrx_word' id='word_1_457' title='bbox 3293 1943 3417 1985; x_wconf 89' lang='lat' dir='ltr'><strong>cum</strong></span> 
     </span>
    </p>
   </div>
   <div class='ocr_carea' id='block_1_64' title="bbox 1863 2015 3418 2088">
    <p class='ocr_par' dir='ltr' id='par_1_64' title="bbox 1863 2015 3418 2088">
     <span class='ocr_line' id='line_1_64' title="bbox 1863 2015 3418 2088; baseline 0.003 -17"><span class='ocrx_word' id='word_1_458' title='bbox 1863 2016 2073 2071; x_wconf 69' lang='lat' dir='ltr'><strong>caeteris</strong></span> <span class='ocrx_word' id='word_1_459' title='bbox 2135 2015 2462 2071; x_wconf 87' lang='lat' dir='ltr'><strong>animalibus</strong></span> <span class='ocrx_word' id='word_1_460' title='bbox 2518 2015 2717 2071; x_wconf 87' lang='lat' dir='ltr'><strong>mentis</strong></span> <span class='ocrx_word' id='word_1_461' title='bbox 2782 2017 3092 2088; x_wconf 81' lang='lat' dir='ltr'><strong>expertibus</strong></span> <span class='ocrx_word' id='word_1_462' title='bbox 3149 2020 3202 2073; x_wconf 86' lang='lat' dir='ltr'><strong>iu</strong></span> <span class='ocrx_word' id='word_1_463' title='bbox 3277 2030 3418 2076; x_wconf 88' lang='lat' dir='ltr'><strong>terra</strong></span> 
     </span>
    </p>
   </div>
   <div class='ocr_carea' id='block_1_65' title="bbox 1869 2107 3420 2181">
    <p class='ocr_par' dir='ltr' id='par_1_65' title="bbox 1869 2107 3420 2181">
     <span class='ocr_line' id='line_1_65' title="bbox 1869 2107 3420 2181; baseline 0.003 -19"><span class='ocrx_word' id='word_1_464' title='bbox 1869 2107 2174 2164; x_wconf 85' lang='lat' dir='ltr'><strong>nascendo</strong></span> <span class='ocrx_word' id='word_1_465' title='bbox 2209 2107 2429 2178; x_wconf 81' lang='lat' dir='ltr'><strong>reliquit</strong></span> <span class='ocrx_word' id='word_1_466' title='bbox 2490 2125 2504 2162; x_wconf 88' lang='lat'><strong>:</strong></span> <span class='ocrx_word' id='word_1_467' title='bbox 2584 2107 2658 2163; x_wconf 80' lang='lat' dir='ltr'><strong>Et</strong></span> <span class='ocrx_word' id='word_1_468' title='bbox 2697 2110 2874 2162; x_wconf 82' lang='lat' dir='ltr'><strong>enasci</strong></span> <span class='ocrx_word' id='word_1_469' title='bbox 2919 2111 3110 2181; x_wconf 81' lang='lat' dir='ltr'><strong>fecerat</strong></span> <span class='ocrx_word' id='word_1_470' title='bbox 3164 2111 3420 2167; x_wconf 80' lang='lat' dir='ltr'><strong>Dominus</strong></span> 
     </span>
    </p>
   </div>
   <div class='ocr_carea' id='block_1_66' title="bbox 1865 2200 3421 2274">
    <p class='ocr_par' dir='ltr' id='par_1_66' title="bbox 1865 2200 3421 2274">
     <span class='ocr_line' id='line_1_66' title="bbox 1865 2200 3421 2274; baseline 0.003 -20"><span class='ocrx_word' id='word_1_471' title='bbox 1865 2200 2005 2256; x_wconf 87' lang='lat' dir='ltr'><strong>Deus</strong></span> <span class='ocrx_word' id='word_1_472' title='bbox 2033 2209 2227 2254; x_wconf 90' lang='lat' dir='ltr'><strong>eterra</strong></span> <span class='ocrx_word' id='word_1_473' title='bbox 2273 2216 2475 2254; x_wconf 80' lang='lat' dir='ltr'><strong>omnem</strong></span> <span class='ocrx_word' id='word_1_474' title='bbox 2519 2200 2762 2255; x_wconf 85' lang='lat' dir='ltr'><strong>arborem</strong></span> <span class='ocrx_word' id='word_1_475' title='bbox 2789 2203 2903 2271; x_wconf 83' lang='lat' dir='ltr'><strong>ipso</strong></span> <span class='ocrx_word' id='word_1_476' title='bbox 2944 2213 3421 2274; x_wconf 63' lang='lat' dir='ltr'><strong>aspectaeaneten:</strong></span> 
     </span>
    </p>
   </div>
   <div class='ocr_carea' id='block_1_67' title="bbox 1863 2289 3418 2360">
    <p class='ocr_par' dir='ltr' id='par_1_67' title="bbox 1863 2289 3418 2360">
     <span class='ocr_line' id='line_1_67' title="bbox 1863 2289 3418 2360; baseline 0.005 -17"><span class='ocrx_word' id='word_1_477' title='bbox 1863 2291 2006 2352; x_wconf 82' lang='lat' dir='ltr'><strong>dam,</strong></span> <span class='ocrx_word' id='word_1_478' title='bbox 2048 2298 2098 2344; x_wconf 85' lang='lat' dir='ltr'><strong>et</strong></span> <span class='ocrx_word' id='word_1_479' title='bbox 2135 2289 2406 2360; x_wconf 84' lang='lat' dir='ltr'><strong>pulchram</strong></span> <span class='ocrx_word' id='word_1_480' title='bbox 2434 2292 2501 2342; x_wconf 80' lang='lat' dir='ltr'><strong>ad</strong></span> <span class='ocrx_word' id='word_1_481' title='bbox 2529 2292 2828 2345; x_wconf 70' lang='lat' dir='ltr'><strong>vescendum</strong></span> <span class='ocrx_word' id='word_1_482' title='bbox 2853 2309 2871 2357; x_wconf 86' lang='lat'><strong>;</strong></span> <span class='ocrx_word' id='word_1_483' title='bbox 2893 2293 2981 2348; x_wconf 82' lang='lat' dir='ltr'><strong>die</strong></span> <span class='ocrx_word' id='word_1_484' title='bbox 3019 2295 3224 2353; x_wconf 71' lang='lat' dir='ltr'><strong>Scilicet</strong></span> <span class='ocrx_word' id='word_1_485' title='bbox 3255 2297 3418 2356; x_wconf 80' lang='lat' dir='ltr'><strong>tertio</strong></span> 
     </span>
    </p>
   </div>
   <div class='ocr_carea' id='block_1_68' title="bbox 1867 2379 3418 2452">
    <p class='ocr_par' dir='ltr' id='par_1_68' title="bbox 1867 2379 3418 2452">
     <span class='ocr_line' id='line_1_68' title="bbox 1867 2379 3418 2452; baseline 0.004 -18"><span class='ocrx_word' id='word_1_486' title='bbox 1867 2380 2195 2451; x_wconf 82' lang='lat' dir='ltr'><strong>produxerat</strong></span> <span class='ocrx_word' id='word_1_487' title='bbox 2248 2379 2512 2436; x_wconf 89' lang='lat' dir='ltr'><strong>Dominus</strong></span> <span class='ocrx_word' id='word_1_488' title='bbox 2565 2397 2657 2437; x_wconf 88' lang='lat' dir='ltr'><strong>eas</strong></span> <span class='ocrx_word' id='word_1_489' title='bbox 2705 2383 2931 2439; x_wconf 87' lang='lat' dir='ltr'><strong>arbores</strong></span> <span class='ocrx_word' id='word_1_490' title='bbox 2974 2400 3037 2438; x_wconf 87' lang='lat' dir='ltr'><strong>ex</strong></span> <span class='ocrx_word' id='word_1_491' title='bbox 3091 2395 3252 2452; x_wconf 89' lang='lat' dir='ltr'><strong>terra,</strong></span> <span class='ocrx_word' id='word_1_492' title='bbox 3297 2404 3418 2441; x_wconf 88' lang='lat' dir='ltr'><strong>emn</strong></span> 
     </span>
    </p>
   </div>
   <div class='ocr_carea' id='block_1_69' title="bbox 1865 2472 3420 2548">
    <p class='ocr_par' dir='ltr' id='par_1_69' title="bbox 1865 2472 3420 2548">
     <span class='ocr_line' id='line_1_69' title="bbox 1865 2472 3420 2548; baseline 0.003 -20"><span class='ocrx_word' id='word_1_493' title='bbox 1865 2475 2115 2529; x_wconf 74' lang='lat' dir='ltr'><strong>diceret:</strong></span> <span class='ocrx_word' id='word_1_494' title='bbox 2148 2472 2411 2527; x_wconf 83' lang='lat' dir='ltr'><strong>Producat</strong></span> <span class='ocrx_word' id='word_1_495' title='bbox 2434 2482 2574 2528; x_wconf 89' lang='lat' dir='ltr'><strong>terra</strong></span> <span class='ocrx_word' id='word_1_496' title='bbox 2603 2474 2816 2529; x_wconf 80' lang='lat' dir='ltr'><strong>lterbam</strong></span> <span class='ocrx_word' id='word_1_497' title='bbox 2844 2477 3060 2530; x_wconf 82' lang='lat' dir='ltr'><strong>uiridem</strong></span> <span class='ocrx_word' id='word_1_498' title='bbox 3087 2495 3258 2532; x_wconf 79' lang='lat' dir='ltr'><strong>semen</strong></span> <span class='ocrx_word' id='word_1_499' title='bbox 3282 2484 3420 2548; x_wconf 81' lang='lat' dir='ltr'><strong>[acti-</strong></span> 
     </span>
    </p>
   </div>
   <div class='ocr_carea' id='block_1_70' title="bbox 1867 2565 3419 2648">
    <p class='ocr_par' dir='ltr' id='par_1_70' title="bbox 1867 2565 3419 2648">
     <span class='ocr_line' id='line_1_70' title="bbox 1867 2565 3419 2648; baseline 0.002 -26"><span class='ocrx_word' id='word_1_500' title='bbox 1867 2567 2067 2648; x_wconf 73' lang='lat' dir='ltr'><strong>ﬁcans,</strong></span> <span class='ocrx_word' id='word_1_501' title='bbox 2098 2574 2147 2626; x_wconf 84' lang='lat' dir='ltr'><strong>et</strong></span> <span class='ocrx_word' id='word_1_502' title='bbox 2187 2565 2427 2620; x_wconf 84' lang='lat' dir='ltr'><strong>arborem</strong></span> <span class='ocrx_word' id='word_1_503' title='bbox 2459 2566 2815 2635; x_wconf 76' lang='lat' dir='ltr'><strong>fructiferam,</strong></span> <span class='ocrx_word' id='word_1_504' title='bbox 2861 2577 2965 2624; x_wconf 84' lang='lat' dir='ltr'><strong>etc.</strong></span> <span class='ocrx_word' id='word_1_505' title='bbox 3005 2567 3196 2623; x_wconf 80' lang='lat' dir='ltr'><strong>Verum</strong></span> <span class='ocrx_word' id='word_1_506' title='bbox 3241 2573 3328 2625; x_wconf 85' lang='lat' dir='ltr'><strong>hic</strong></span> <span class='ocrx_word' id='word_1_507' title='bbox 3353 2576 3419 2625; x_wconf 78' lang='lat' dir='ltr'><strong>ad</strong></span> 
     </span>
    </p>
   </div>
   <div class='ocr_carea' id='block_1_71' title="bbox 1867 2653 3424 2727">
    <p class='ocr_par' dir='ltr' id='par_1_71' title="bbox 1867 2653 3424 2727">
     <span class='ocr_line' id='line_1_71' title="bbox 1867 2653 3424 2727; baseline 0.004 -20"><span class='ocrx_word' id='word_1_508' title='bbox 1867 2655 2102 2724; x_wconf 89' lang='lat' dir='ltr'><strong>priorem</strong></span> <span class='ocrx_word' id='word_1_509' title='bbox 2128 2653 2273 2709; x_wconf 86' lang='lat' dir='ltr'><strong>illam</strong></span> <span class='ocrx_word' id='word_1_510' title='bbox 2310 2654 2674 2708; x_wconf 80' lang='lat' dir='ltr'><strong>narrationem</strong></span> <span class='ocrx_word' id='word_1_511' title='bbox 2709 2657 3035 2725; x_wconf 84' lang='lat' dir='ltr'><strong>regreditur,</strong></span> <span class='ocrx_word' id='word_1_512' title='bbox 3062 2657 3236 2727; x_wconf 89' lang='lat' dir='ltr'><strong>ipsam</strong></span> <span class='ocrx_word' id='word_1_513' title='bbox 3265 2659 3424 2715; x_wconf 79' lang='lat' dir='ltr'><strong>abso-</strong></span> 
     </span>
    </p>
   </div>
   <div class='ocr_carea' id='block_1_72' title="bbox 1866 2745 3422 2815">
    <p class='ocr_par' dir='ltr' id='par_1_72' title="bbox 1866 2745 3422 2815">
     <span class='ocr_line' id='line_1_72' title="bbox 1866 2745 3422 2815; baseline 0.002 -15"><span class='ocrx_word' id='word_1_514' title='bbox 1866 2745 2081 2801; x_wconf 81' lang='lat' dir='ltr'><strong>luturtts</strong></span> <span class='ocrx_word' id='word_1_515' title='bbox 2107 2745 2236 2815; x_wconf 87' lang='lat' dir='ltr'><strong>quin</strong></span> <span class='ocrx_word' id='word_1_516' title='bbox 2283 2745 2396 2815; x_wconf 85' lang='lat' dir='ltr'><strong>ipse</strong></span> <span class='ocrx_word' id='word_1_517' title='bbox 2441 2745 2601 2799; x_wconf 88' lang='lat' dir='ltr'><strong>etiam</strong></span> <span class='ocrx_word' id='word_1_518' title='bbox 2643 2747 2928 2814; x_wconf 86' lang='lat' dir='ltr'><strong>paradisus</strong></span> <span class='ocrx_word' id='word_1_519' title='bbox 2980 2749 3068 2803; x_wconf 87' lang='lat' dir='ltr'><strong>die</strong></span> <span class='ocrx_word' id='word_1_520' title='bbox 3115 2750 3205 2803; x_wconf 93' lang='lat' dir='ltr'><strong>illo</strong></span> <span class='ocrx_word' id='word_1_521' title='bbox 3261 2750 3422 2804; x_wconf 84' lang='lat' dir='ltr'><strong>tertio</strong></span> 
     </span>
    </p>
   </div>
   <div class='ocr_carea' id='block_1_73' title="bbox 1869 2835 3420 2910">
    <p class='ocr_par' dir='ltr' id='par_1_73' title="bbox 1869 2835 3420 2910">
     <span class='ocr_line' id='line_1_73' title="bbox 1869 2835 3420 2910; baseline 0.004 -19"><span class='ocrx_word' id='word_1_522' title='bbox 1869 2835 2122 2891; x_wconf 86' lang='lat' dir='ltr'><strong>consitus</strong></span> <span class='ocrx_word' id='word_1_523' title='bbox 2153 2836 2346 2889; x_wconf 79' lang='lat' dir='ltr'><strong>fuerat.</strong></span> <span class='ocrx_word' id='word_1_524' title='bbox 2379 2835 2651 2910; x_wconf 71' lang='lat' dir='ltr'><strong>Cmterum</strong></span> <span class='ocrx_word' id='word_1_525' title='bbox 2699 2836 2810 2898; x_wconf 84' lang='lat' dir='ltr'><strong>Deo</strong></span> <span class='ocrx_word' id='word_1_526' title='bbox 2840 2839 3089 2894; x_wconf 86' lang='lat' dir='ltr'><strong>attribuit</strong></span> <span class='ocrx_word' id='word_1_527' title='bbox 3116 2840 3290 2896; x_wconf 77' lang='lat' dir='ltr'><strong>Moses</strong></span> <span class='ocrx_word' id='word_1_528' title='bbox 3331 2843 3420 2897; x_wconf 84' lang='lat' dir='ltr'><strong>illa</strong></span> 
     </span>
    </p>
   </div>
   <div class='ocr_carea' id='block_1_74' title="bbox 1868 2923 3420 3002">
    <p class='ocr_par' dir='ltr' id='par_1_74' title="bbox 1868 2923 3420 3002">
     <span class='ocr_line' id='line_1_74' title="bbox 1868 2923 3420 3002; baseline 0.005 -20"><span class='ocrx_word' id='word_1_529' title='bbox 1868 2926 2032 2982; x_wconf 85' lang='lat' dir='ltr'><strong>verba</strong></span> <span class='ocrx_word' id='word_1_530' title='bbox 2067 2944 2081 2980; x_wconf 91' lang='lat'><strong>:</strong></span> <span class='ocrx_word' id='word_1_531' title='bbox 2114 2923 2182 2999; x_wconf 88' lang='lat' dir='ltr'><strong>E_t</strong></span> <span class='ocrx_word' id='word_1_532' title='bbox 2208 2927 2386 2980; x_wconf 82' lang='lat' dir='ltr'><strong>enasci</strong></span> <span class='ocrx_word' id='word_1_533' title='bbox 2418 2926 2614 2999; x_wconf 77' lang='lat' dir='ltr'><strong>fecerat</strong></span> <span class='ocrx_word' id='word_1_534' title='bbox 2643 2929 2873 2994; x_wconf 87' lang='lat' dir='ltr'><strong>arbores,</strong></span> <span class='ocrx_word' id='word_1_535' title='bbox 2909 2938 2970 2986; x_wconf 86' lang='lat' dir='ltr'><strong>ut</strong></span> <span class='ocrx_word' id='word_1_536' title='bbox 2997 2931 3420 3002; x_wconf 74' lang='lat' dir='ltr'><strong>intelliget-emus</strong></span> 
     </span>
    </p>
   </div>
   <div class='ocr_carea' id='block_1_75' title="bbox 1868 3016 3418 3089">
    <p class='ocr_par' dir='ltr' id='par_1_75' title="bbox 1868 3016 3418 3089">
     <span class='ocr_line' id='line_1_75' title="bbox 1868 3016 3418 3089; baseline 0.003 -15"><span class='ocrx_word' id='word_1_537' title='bbox 1868 3033 1977 3074; x_wconf 90' lang='lat' dir='ltr'><strong>non</strong></span> <span class='ocrx_word' id='word_1_538' title='bbox 2013 3016 2082 3072; x_wconf 89' lang='lat' dir='ltr'><strong>ab</strong></span> <span class='ocrx_word' id='word_1_539' title='bbox 2110 3017 2327 3072; x_wconf 87' lang='lat' dir='ltr'><strong>homine</strong></span> <span class='ocrx_word' id='word_1_540' title='bbox 2366 3027 2511 3073; x_wconf 85' lang='lat' dir='ltr'><strong>satas</strong></span> <span class='ocrx_word' id='word_1_541' title='bbox 2543 3019 2736 3082; x_wconf 75' lang='lat' dir='ltr'><strong>fuisse,</strong></span> <span class='ocrx_word' id='word_1_542' title='bbox 2783 3022 2852 3075; x_wconf 86' lang='lat' dir='ltr'><strong>ut‘</strong></span> <span class='ocrx_word' id='word_1_543' title='bbox 2886 3020 2998 3077; x_wconf 85' lang='lat' dir='ltr'><strong>Noe</strong></span> <span class='ocrx_word' id='word_1_544' title='bbox 3049 3025 3210 3078; x_wconf 85' lang='lat' dir='ltr'><strong>vitent</strong></span> <span class='ocrx_word' id='word_1_545' title='bbox 3258 3025 3418 3089; x_wconf 82' lang='lat' dir='ltr'><strong>sevit,</strong></span> 
     </span>
    </p>
   </div>
   <div class='ocr_carea' id='block_1_76' title="bbox 1871 3109 3419 3182">
    <p class='ocr_par' dir='ltr' id='par_1_76' title="bbox 1871 3109 3419 3182">
     <span class='ocr_line' id='line_1_76' title="bbox 1871 3109 3419 3182; baseline 0.005 -18"><span class='ocrx_word' id='word_1_546' title='bbox 1871 3117 1967 3164; x_wconf 83' lang='lat' dir='ltr'><strong>aut</strong></span> <span class='ocrx_word' id='word_1_547' title='bbox 1992 3109 2127 3162; x_wconf 88' lang='lat' dir='ltr'><strong>alias</strong></span> <span class='ocrx_word' id='word_1_548' title='bbox 2150 3109 2394 3175; x_wconf 86' lang='lat' dir='ltr'><strong>arbores,</strong></span> <span class='ocrx_word' id='word_1_549' title='bbox 2428 3109 2518 3164; x_wconf 86' lang='lat' dir='ltr'><strong>alii</strong></span> <span class='ocrx_word' id='word_1_550' title='bbox 2543 3127 2560 3177; x_wconf 86' lang='lat'><strong>;</strong></span> <span class='ocrx_word' id='word_1_551' title='bbox 2588 3113 2683 3166; x_wconf 85' lang='lat' dir='ltr'><strong>sed</strong></span> <span class='ocrx_word' id='word_1_552' title='bbox 2710 3111 2878 3182; x_wconf 79' lang='lat' dir='ltr'><strong>ipsius</strong></span> <span class='ocrx_word' id='word_1_553' title='bbox 2905 3111 2998 3167; x_wconf 89' lang='lat' dir='ltr'><strong>Dei</strong></span> <span class='ocrx_word' id='word_1_554' title='bbox 3028 3129 3158 3169; x_wconf 90' lang='lat' dir='ltr'><strong>cura</strong></span> <span class='ocrx_word' id='word_1_555' title='bbox 3191 3130 3255 3170; x_wconf 93' lang='lat' dir='ltr'><strong>ac</strong></span> <span class='ocrx_word' id='word_1_556' title='bbox 3283 3128 3419 3170; x_wconf 90' lang='lat' dir='ltr'><strong>nutu</strong></span> 
     </span>
    </p>
   </div>
   <div class='ocr_carea' id='block_1_77' title="bbox 1873 3196 3422 3272">
    <p class='ocr_par' dir='ltr' id='par_1_77' title="bbox 1873 3196 3422 3272">
     <span class='ocr_line' id='line_1_77' title="bbox 1873 3196 3422 3272; baseline 0.006 -20"><span class='ocrx_word' id='word_1_557' title='bbox 1873 3196 2249 3270; x_wconf 67' lang='lat' dir='ltr'><strong>praeceptaque</strong></span> <span class='ocrx_word' id='word_1_558' title='bbox 2290 3201 2588 3267; x_wconf 85' lang='lat' dir='ltr'><strong>exstitisse,</strong></span> <span class='ocrx_word' id='word_1_559' title='bbox 2614 3201 2768 3272; x_wconf 80' lang='lat' dir='ltr'><strong>juxta</strong></span> <span class='ocrx_word' id='word_1_560' title='bbox 2808 3202 2936 3258; x_wconf 90' lang='lat' dir='ltr'><strong>illud</strong></span> <span class='ocrx_word' id='word_1_561' title='bbox 2963 3203 3264 3261; x_wconf 74' lang='lat' dir='ltr'><strong>Psalmistze</strong></span> <span class='ocrx_word' id='word_1_562' title='bbox 3296 3225 3311 3261; x_wconf 85' lang='lat'><strong>;</strong></span> <span class='ocrx_word' id='word_1_563' title='bbox 3353 3206 3422 3261; x_wconf 78' lang='lat' dir='ltr'><strong>Et</strong></span> 
     </span>
    </p>
   </div>
   <div class='ocr_carea' id='block_1_78' title="bbox 1869 3290 3424 3368">
    <p class='ocr_par' dir='ltr' id='par_1_78' title="bbox 1869 3290 3424 3368">
     <span class='ocr_line' id='line_1_78' title="bbox 1869 3290 3424 3368; baseline 0.005 -22"><span class='ocrx_word' id='word_1_564' title='bbox 1869 3291 2012 3346; x_wconf 83' lang='lat' dir='ltr'><strong>cedri</strong></span> <span class='ocrx_word' id='word_1_565' title='bbox 2035 3290 2224 3345; x_wconf 87' lang='lat' dir='ltr'><strong>Libani</strong></span> <span class='ocrx_word' id='word_1_566' title='bbox 2275 3309 2404 3362; x_wconf 82' lang='lat' dir='ltr'><strong>quas</strong></span> <span class='ocrx_word' id='word_1_567' title='bbox 2447 3294 2709 3362; x_wconf 77' lang='lat' dir='ltr'><strong>plantavit</strong></span> <span class='ocrx_word' id='word_1_568' title='bbox 2750 3294 2818 3349; x_wconf 84' lang='lat'><strong>&quot;.</strong></span> <span class='ocrx_word' id='word_1_569' title='bbox 2853 3294 2959 3350; x_wconf 88' lang='lat' dir='ltr'><strong>Sed</strong></span> <span class='ocrx_word' id='word_1_570' title='bbox 2993 3297 3162 3351; x_wconf 87' lang='lat' dir='ltr'><strong>videri</strong></span> <span class='ocrx_word' id='word_1_571' title='bbox 3195 3309 3424 3368; x_wconf 81' lang='lat' dir='ltr'><strong>possunt</strong></span> 
     </span>
    </p>
   </div>
   <div class='ocr_carea' id='block_1_79' title="bbox 1872 3383 3422 3460">
    <p class='ocr_par' dir='ltr' id='par_1_79' title="bbox 1872 3383 3422 3460">
     <span class='ocr_line' id='line_1_79' title="bbox 1872 3383 3422 3460; baseline 0.006 -24"><span class='ocrx_word' id='word_1_572' title='bbox 1872 3383 2036 3439; x_wconf 86' lang='lat' dir='ltr'><strong>verba</strong></span> <span class='ocrx_word' id='word_1_573' title='bbox 2061 3384 2238 3449; x_wconf 90' lang='lat' dir='ltr'><strong>potius</strong></span> <span class='ocrx_word' id='word_1_574' title='bbox 2261 3386 2326 3436; x_wconf 90' lang='lat' dir='ltr'><strong>ad</strong></span> <span class='ocrx_word' id='word_1_575' title='bbox 2355 3385 2493 3439; x_wconf 89' lang='lat' dir='ltr'><strong>hunc</strong></span> <span class='ocrx_word' id='word_1_576' title='bbox 2523 3386 2741 3440; x_wconf 88' lang='lat' dir='ltr'><strong>modum</strong></span> <span class='ocrx_word' id='word_1_577' title='bbox 2771 3402 2892 3442; x_wconf 84' lang='lat' dir='ltr'><strong>esse</strong></span> <span class='ocrx_word' id='word_1_578' title='bbox 2918 3387 3137 3460; x_wconf 84' lang='lat' dir='ltr'><strong>legenda</strong></span> <span class='ocrx_word' id='word_1_579' title='bbox 3162 3407 3175 3442; x_wconf 91' lang='lat'><strong>:</strong></span> <span class='ocrx_word' id='word_1_580' title='bbox 3203 3388 3422 3445; x_wconf 84' lang='lat' dir='ltr'><strong>Omnem</strong></span> 
     </span>
    </p>
   </div>
   <div class='ocr_carea' id='block_1_80' title="bbox 1875 3473 3421 3549">
    <p class='ocr_par' dir='ltr' id='par_1_80' title="bbox 1875 3473 3421 3549">
     <span class='ocr_line' id='line_1_80' title="bbox 1875 3473 3421 3549; baseline 0.005 -23"><span class='ocrx_word' id='word_1_581' title='bbox 1875 3474 2115 3527; x_wconf 86' lang='lat' dir='ltr'><strong>arborem</strong></span> <span class='ocrx_word' id='word_1_582' title='bbox 2140 3473 2412 3542; x_wconf 79' lang='lat' dir='ltr'><strong>pulchram</strong></span> <span class='ocrx_word' id='word_1_583' title='bbox 2445 3475 2513 3528; x_wconf 81' lang='lat' dir='ltr'><strong>ad</strong></span> <span class='ocrx_word' id='word_1_584' title='bbox 2551 3480 2908 3544; x_wconf 87' lang='lat' dir='ltr'><strong>spectandum,</strong></span> <span class='ocrx_word' id='word_1_585' title='bbox 2946 3489 2995 3533; x_wconf 87' lang='lat' dir='ltr'><strong>et</strong></span> <span class='ocrx_word' id='word_1_586' title='bbox 3018 3484 3421 3549; x_wconf 73' lang='lat' dir='ltr'><strong>exspectandam</strong></span> 
     </span>
    </p>
   </div>
   <div class='ocr_carea' id='block_1_81' title="bbox 1873 3554 3423 3634">
    <p class='ocr_par' dir='ltr' id='par_1_81' title="bbox 1873 3554 3423 3634">
     <span class='ocr_line' id='line_1_81' title="bbox 1873 3554 3423 3634; baseline 0.003 -13"><span class='ocrx_word' id='word_1_587' title='bbox 1873 3567 1941 3621; x_wconf 83' lang='lat' dir='ltr'><strong>ad</strong></span> <span class='ocrx_word' id='word_1_588' title='bbox 1976 3554 2299 3631; x_wconf 75' lang='lat' dir='ltr'><strong>vescendum,</strong></span> <span class='ocrx_word' id='word_1_589' title='bbox 2329 3567 2670 3634; x_wconf 89' lang='lat' dir='ltr'><strong>pulchritudo</strong></span> <span class='ocrx_word' id='word_1_590' title='bbox 2691 3569 2836 3622; x_wconf 92' lang='lat' dir='ltr'><strong>enim</strong></span> <span class='ocrx_word' id='word_1_591' title='bbox 2865 3570 2930 3623; x_wconf 92' lang='lat' dir='ltr'><strong>ad</strong></span> <span class='ocrx_word' id='word_1_592' title='bbox 2963 3571 3175 3626; x_wconf 83' lang='lat' dir='ltr'><strong>videndi</strong></span> <span class='ocrx_word' id='word_1_593' title='bbox 3204 3587 3423 3628; x_wconf 71' lang='grc' dir='ltr'>ετιιιδιιιιι</span> 
     </span>
    </p>
   </div>
   <div class='ocr_carea' id='block_1_82' title="bbox 1875 3658 3418 3729">
    <p class='ocr_par' dir='ltr' id='par_1_82' title="bbox 1875 3658 3418 3729">
     <span class='ocr_line' id='line_1_82' title="bbox 1875 3658 3418 3729; baseline 0.001 -16"><span class='ocrx_word' id='word_1_594' title='bbox 1875 3661 2123 3728; x_wconf 88' lang='lat' dir='ltr'><strong>pertinet,</strong></span> <span class='ocrx_word' id='word_1_595' title='bbox 2168 3658 2437 3728; x_wconf 90' lang='lat' dir='ltr'><strong>appetitus</strong></span> <span class='ocrx_word' id='word_1_596' title='bbox 2468 3673 2596 3713; x_wconf 90' lang='lat' dir='ltr'><strong>vero</strong></span> <span class='ocrx_word' id='word_1_597' title='bbox 2632 3662 2697 3713; x_wconf 81' lang='lat' dir='ltr'><strong>ad</strong></span> <span class='ocrx_word' id='word_1_598' title='bbox 2730 3660 2911 3713; x_wconf 91' lang='lat' dir='ltr'><strong>cibum</strong></span> <span class='ocrx_word' id='word_1_599' title='bbox 2953 3672 3179 3729; x_wconf 88' lang='lat' dir='ltr'><strong>spectat.</strong></span> <span class='ocrx_word' id='word_1_600' title='bbox 3226 3660 3418 3716; x_wconf 74' lang='lat' dir='ltr'><strong>Verum</strong></span> 
     </span>
    </p>
   </div>
   <div class='ocr_carea' id='block_1_83' title="bbox 1871 3748 3421 3820">
    <p class='ocr_par' dir='ltr' id='par_1_83' title="bbox 1871 3748 3421 3820">
     <span class='ocr_line' id='line_1_83' title="bbox 1871 3748 3421 3820; baseline -0.001 -15"><span class='ocrx_word' id='word_1_601' title='bbox 1871 3750 2152 3809; x_wconf 81' lang='lat' dir='ltr'><strong>consuevit</strong></span> <span class='ocrx_word' id='word_1_602' title='bbox 2181 3748 2458 3818; x_wconf 90' lang='lat' dir='ltr'><strong>Scriptura</strong></span> <span class='ocrx_word' id='word_1_603' title='bbox 2485 3751 2845 3820; x_wconf 83' lang='lat' dir='ltr'><strong>appetentiam</strong></span> <span class='ocrx_word' id='word_1_604' title='bbox 2880 3751 3078 3807; x_wconf 78' lang='lat' dir='ltr'><strong>referre</strong></span> <span class='ocrx_word' id='word_1_605' title='bbox 3107 3754 3172 3807; x_wconf 90' lang='lat' dir='ltr'><strong>ad</strong></span> <span class='ocrx_word' id='word_1_606' title='bbox 3211 3755 3421 3818; x_wconf 71' lang='lat' dir='ltr'><strong>oculos,</strong></span> 
     </span>
    </p>
   </div>
   <div class='ocr_carea' id='block_1_84' title="bbox 1872 3825 3420 3917">
    <p class='ocr_par' dir='ltr' id='par_1_84' title="bbox 1872 3825 3420 3917">
     <span class='ocr_line' id='line_1_84' title="bbox 1872 3825 3420 3917; baseline 0.005 -23"><span class='ocrx_word' id='word_1_607' title='bbox 1872 3842 2030 3911; x_wconf 86' lang='lat' dir='ltr'><strong>quale</strong></span> <span class='ocrx_word' id='word_1_608' title='bbox 2074 3825 2156 3896; x_wconf 61' lang='lat' dir='ltr'><strong>e&#39;st</strong></span> <span class='ocrx_word' id='word_1_609' title='bbox 2188 3841 2314 3896; x_wconf 88' lang='lat' dir='ltr'><strong>illud</strong></span> <span class='ocrx_word' id='word_1_610' title='bbox 2364 3841 2588 3897; x_wconf 81' lang='lat' dir='ltr'><strong>Joannis</strong></span> <span class='ocrx_word' id='word_1_611' title='bbox 2629 3844 2996 3917; x_wconf 72' lang='lat' dir='ltr'><strong>erangelistze</strong></span> <span class='ocrx_word' id='word_1_612' title='bbox 3024 3845 3080 3898; x_wconf 90' lang='lat' dir='ltr'><strong>in</strong></span> <span class='ocrx_word' id='word_1_613' title='bbox 3132 3845 3368 3914; x_wconf 85' lang='lat' dir='ltr'><strong>Epistola</strong></span> <span class='ocrx_word' id='word_1_614' title='bbox 3401 3865 3420 3903; x_wconf 68' lang='grc' dir='ltr'><em>ε</em></span> 
     </span>
    </p>
   </div>
   <div class='ocr_carea' id='block_1_85' title="bbox 1872 3933 3422 4004">
    <p class='ocr_par' dir='ltr' id='par_1_85' title="bbox 1872 3933 3422 4004">
     <span class='ocr_line' id='line_1_85' title="bbox 1872 3933 3422 4004; baseline 0 -16"><span class='ocrx_word' id='word_1_615' title='bbox 1872 3933 2042 3988; x_wconf 81' lang='lat' dir='ltr'><strong>Omtte</strong></span> <span class='ocrx_word' id='word_1_616' title='bbox 2064 3933 2200 4002; x_wconf 83' lang='lat' dir='ltr'><strong>quod</strong></span> <span class='ocrx_word' id='word_1_617' title='bbox 2217 3935 2364 3986; x_wconf 81' lang='lat' dir='ltr'><strong>estin</strong></span> <span class='ocrx_word' id='word_1_618' title='bbox 2389 3937 2601 3995; x_wconf 82' lang='lat' dir='ltr'><strong>mundo,</strong></span> <span class='ocrx_word' id='word_1_619' title='bbox 2626 3936 3300 4004; x_wconf 82' lang='lat' dir='ltr'><strong>concupiscentia-corporis</strong></span> <span class='ocrx_word' id='word_1_620' title='bbox 3324 3947 3422 4002; x_wconf 84' lang='lat' dir='ltr'><strong>est,</strong></span> 
     </span>
    </p>
   </div>
   <div class='ocr_carea' id='block_1_86' title="bbox 1874 4023 3424 4092">
    <p class='ocr_par' dir='ltr' id='par_1_86' title="bbox 1874 4023 3424 4092">
     <span class='ocr_line' id='line_1_86' title="bbox 1874 4023 3424 4092; baseline 0.003 -16"><span class='ocrx_word' id='word_1_621' title='bbox 1874 4034 1922 4076; x_wconf 89' lang='lat' dir='ltr'><strong>et</strong></span> <span class='ocrx_word' id='word_1_622' title='bbox 1957 4025 2376 4092; x_wconf 76' lang='lat' dir='ltr'><strong>concupiscentia</strong></span> <span class='ocrx_word' id='word_1_623' title='bbox 2422 4024 2690 4077; x_wconf 86' lang='lat' dir='ltr'><strong>oculorum</strong></span> <span class='ocrx_word' id='word_1_624' title='bbox 2720 4024 2786 4077; x_wconf 82' lang='lat'><strong>“.</strong></span> <span class='ocrx_word' id='word_1_625' title='bbox 2839 4023 2905 4076; x_wconf 90' lang='lat' dir='ltr'><strong>Et</strong></span> <span class='ocrx_word' id='word_1_626' title='bbox 2955 4025 3190 4079; x_wconf 86' lang='lat' dir='ltr'><strong>arborem</strong></span> <span class='ocrx_word' id='word_1_627' title='bbox 3224 4027 3341 4078; x_wconf 79' lang='lat' dir='ltr'><strong>vita:</strong></span> <span class='ocrx_word' id='word_1_628' title='bbox 3370 4031 3424 4080; x_wconf 75' lang='lat' dir='ltr'><strong>in</strong></span> 
     </span>
    </p>
   </div>
   <div class='ocr_carea' id='block_1_87' title="bbox 1875 4114 3422 4182">
    <p class='ocr_par' dir='ltr' id='par_1_87' title="bbox 1875 4114 3422 4182">
     <span class='ocr_line' id='line_1_87' title="bbox 1875 4114 3422 4182; baseline 0.003 -16"><span class='ocrx_word' id='word_1_629' title='bbox 1875 4115 2041 4166; x_wconf 85' lang='lat' dir='ltr'><strong>medio</strong></span> <span class='ocrx_word' id='word_1_630' title='bbox 2079 4114 2349 4182; x_wconf 85' lang='lat' dir='ltr'><strong>paradiso,</strong></span> <span class='ocrx_word' id='word_1_631' title='bbox 2392 4124 2438 4167; x_wconf 88' lang='lat' dir='ltr'><strong>et</strong></span> <span class='ocrx_word' id='word_1_632' title='bbox 2485 4114 2726 4166; x_wconf 85' lang='lat' dir='ltr'><strong>arborem</strong></span> <span class='ocrx_word' id='word_1_633' title='bbox 2762 4116 2994 4169; x_wconf 69' lang='lat' dir='ltr'><strong>scientia:</strong></span> <span class='ocrx_word' id='word_1_634' title='bbox 3033 4115 3154 4168; x_wconf 89' lang='lat' dir='ltr'><strong>boni</strong></span> <span class='ocrx_word' id='word_1_635' title='bbox 3182 4127 3230 4169; x_wconf 88' lang='lat' dir='ltr'><strong>et</strong></span> <span class='ocrx_word' id='word_1_636' title='bbox 3273 4116 3422 4170; x_wconf 83' lang='lat' dir='ltr'><strong>ntali.</strong></span> 
     </span>
    </p>
   </div>
   <div class='ocr_carea' id='block_1_88' title="bbox 1877 4204 3425 4264">
    <p class='ocr_par' dir='ltr' id='par_1_88' title="bbox 1877 4204 3425 4264">
     <span class='ocr_line' id='line_1_88' title="bbox 1877 4204 3425 4264; baseline 0.004 -7"><span class='ocrx_word' id='word_1_637' title='bbox 1877 4205 2020 4259; x_wconf 87' lang='lat' dir='ltr'><strong>Duas</strong></span> <span class='ocrx_word' id='word_1_638' title='bbox 2049 4207 2125 4258; x_wconf 89' lang='lat' dir='ltr'><strong>ait</strong></span> <span class='ocrx_word' id='word_1_639' title='bbox 2157 4204 2439 4260; x_wconf 89' lang='lat' dir='ltr'><strong>Dominum</strong></span> <span class='ocrx_word' id='word_1_640' title='bbox 2468 4206 2648 4261; x_wconf 89' lang='lat' dir='ltr'><strong>enasci</strong></span> <span class='ocrx_word' id='word_1_641' title='bbox 2685 4206 2876 4262; x_wconf 79' lang='lat' dir='ltr'><strong>fecisse</strong></span> <span class='ocrx_word' id='word_1_642' title='bbox 2901 4209 3123 4263; x_wconf 88' lang='lat' dir='ltr'><strong>arbores</strong></span> <span class='ocrx_word' id='word_1_643' title='bbox 3163 4210 3425 4264; x_wconf 63' lang='lat' dir='ltr'><strong>inauedio</strong></span> 
     </span>
    </p>
   </div>
   <div class='ocr_carea' id='block_1_89' title="bbox 1876 4297 3423 4366">
    <p class='ocr_par' dir='ltr' id='par_1_89' title="bbox 1876 4297 3423 4366">
     <span class='ocr_line' id='line_1_89' title="bbox 1876 4297 3423 4366; baseline 0.005 -17"><span class='ocrx_word' id='word_1_644' title='bbox 1876 4297 2149 4366; x_wconf 83' lang='lat' dir='ltr'><strong>paradiso,</strong></span> <span class='ocrx_word' id='word_1_645' title='bbox 2186 4297 2404 4350; x_wconf 89' lang='lat' dir='ltr'><strong>alteram</strong></span> <span class='ocrx_word' id='word_1_646' title='bbox 2445 4299 2582 4362; x_wconf 67' lang='lat' dir='ltr'><strong>vitm,</strong></span> <span class='ocrx_word' id='word_1_647' title='bbox 2627 4299 2851 4352; x_wconf 81' lang='lat' dir='ltr'><strong>alteram</strong></span> <span class='ocrx_word' id='word_1_648' title='bbox 2905 4301 3166 4356; x_wconf 74' lang='lat' dir='ltr'><strong>scientiae.</strong></span> <span class='ocrx_word' id='word_1_649' title='bbox 3224 4303 3423 4357; x_wconf 83' lang='lat' dir='ltr'><strong>Viden-</strong></span> 
     </span>
    </p>
   </div>
   <div class='ocr_carea' id='block_1_90' title="bbox 193 4384 3422 4458">
    <p class='ocr_par' dir='ltr' id='par_1_90' title="bbox 193 4384 3422 4458">
     <span class='ocr_line' id='line_1_90' title="bbox 193 4384 3422 4458; baseline -0 -10"><span class='ocrx_word' id='word_1_650' title='bbox 193 4392 428 4456; x_wconf 74' lang='lat' dir='ltr'><strong>Tertio,</strong></span> <span class='ocrx_word' id='word_1_651' title='bbox 456 4404 585 4442; x_wconf 75' lang='lat' dir='ltr'><strong>eum</strong></span> <span class='ocrx_word' id='word_1_652' title='bbox 623 4387 797 4455; x_wconf 81' lang='lat' dir='ltr'><strong>ipsius</strong></span> <span class='ocrx_word' id='word_1_653' title='bbox 827 4384 988 4455; x_wconf 89' lang='lat' dir='ltr'><strong>longe</strong></span> <span class='ocrx_word' id='word_1_654' title='bbox 1034 4385 1373 4454; x_wconf 80' lang='lat' dir='ltr'><strong>praestantior</strong></span> <span class='ocrx_word' id='word_1_655' title='bbox 1401 4395 1544 4439; x_wconf 79' lang='lat' dir='ltr'><strong>esset</strong></span> <span class='ocrx_word' id='word_1_656' title='bbox 1583 4396 1770 4440; x_wconf 87' lang='lat' dir='ltr'><strong>natura</strong></span> <span class='ocrx_word' id='word_1_657' title='bbox 1806 4403 1848 4456; x_wconf 77' lang='grc' dir='ltr'><strong>ι)</strong></span> <span class='ocrx_word' id='word_1_658' title='bbox 1877 4389 2005 4441; x_wconf 89' lang='lat' dir='ltr'><strong>dum</strong></span> <span class='ocrx_word' id='word_1_659' title='bbox 2039 4388 2199 4456; x_wconf 91' lang='lat' dir='ltr'><strong>igitur</strong></span> <span class='ocrx_word' id='word_1_660' title='bbox 2236 4389 2327 4456; x_wconf 90' lang='lat' dir='ltr'><strong>qui</strong></span> <span class='ocrx_word' id='word_1_661' title='bbox 2376 4389 2488 4442; x_wconf 87' lang='lat' dir='ltr'><strong>lieri</strong></span> <span class='ocrx_word' id='word_1_662' title='bbox 2541 4391 2794 4458; x_wconf 87' lang='lat' dir='ltr'><strong>potuerit,</strong></span> <span class='ocrx_word' id='word_1_663' title='bbox 2855 4401 2907 4444; x_wconf 89' lang='lat' dir='ltr'><strong>ut</strong></span> <span class='ocrx_word' id='word_1_664' title='bbox 2957 4393 3077 4447; x_wconf 75' lang='lat' dir='ltr'><strong>dua:</strong></span> <span class='ocrx_word' id='word_1_665' title='bbox 3111 4394 3331 4448; x_wconf 84' lang='lat' dir='ltr'><strong>arbores</strong></span> <span class='ocrx_word' id='word_1_666' title='bbox 3372 4396 3422 4447; x_wconf 87' lang='lat' dir='ltr'><strong>in</strong></span> 
     </span>
    </p>
   </div>
   <div class='ocr_carea' id='block_1_91' title="bbox 190 4476 1768 4556">
    <p class='ocr_par' dir='ltr' id='par_1_91' title="bbox 190 4476 1768 4556">
     <span class='ocr_line' id='line_1_91' title="bbox 190 4476 1768 4556; baseline -0.007 -15"><span class='ocrx_word' id='word_1_667' title='bbox 190 4501 377 4556; x_wconf 82' lang='lat' dir='ltr'><strong>quam</strong></span> <span class='ocrx_word' id='word_1_668' title='bbox 432 4482 525 4536; x_wconf 92' lang='lat' dir='ltr'><strong>cui</strong></span> <span class='ocrx_word' id='word_1_669' title='bbox 563 4494 757 4533; x_wconf 90' lang='lat' dir='ltr'><strong>manus</strong></span> <span class='ocrx_word' id='word_1_670' title='bbox 797 4477 1053 4544; x_wconf 80' lang='lat' dir='ltr'><strong>vocisque</strong></span> <span class='ocrx_word' id='word_1_671' title='bbox 1094 4491 1225 4530; x_wconf 86' lang='lat' dir='ltr'><strong>usus</strong></span> <span class='ocrx_word' id='word_1_672' title='bbox 1255 4476 1476 4530; x_wconf 89' lang='lat' dir='ltr'><strong>attribui</strong></span> <span class='ocrx_word' id='word_1_673' title='bbox 1512 4478 1768 4541; x_wconf 84' lang='lat' dir='ltr'><strong>deberet,</strong></span> 
     </span>
    </p>
   </div>
   <div class='ocr_carea' id='block_1_92' title="bbox 190 4563 1775 4631">
    <p class='ocr_par' dir='ltr' id='par_1_92' title="bbox 190 4563 1775 4631">
     <span class='ocr_line' id='line_1_92' title="bbox 190 4563 1775 4631; baseline -0.008 1"><span class='ocrx_word' id='word_1_674' title='bbox 190 4585 394 4631; x_wconf 76' lang='lat' dir='ltr'><strong>tamen</strong></span> <span class='ocrx_word' id='word_1_675' title='bbox 429 4573 584 4626; x_wconf 92' lang='lat' dir='ltr'><strong>illum</strong></span> <span class='ocrx_word' id='word_1_676' title='bbox 618 4578 670 4624; x_wconf 90' lang='lat' dir='ltr'><strong>et</strong></span> <span class='ocrx_word' id='word_1_677' title='bbox 717 4567 964 4622; x_wconf 79' lang='lat' dir='ltr'><strong>manibus</strong></span> <span class='ocrx_word' id='word_1_678' title='bbox 998 4567 1112 4620; x_wconf 90' lang='lat' dir='ltr'><strong>suis</strong></span> <span class='ocrx_word' id='word_1_679' title='bbox 1141 4563 1381 4630; x_wconf 75' lang='lat' dir='ltr'><strong>ﬁnxisse,</strong></span> <span class='ocrx_word' id='word_1_680' title='bbox 1410 4575 1463 4620; x_wconf 90' lang='lat' dir='ltr'><strong>et</strong></span> <span class='ocrx_word' id='word_1_681' title='bbox 1490 4581 1618 4622; x_wconf 87' lang='lat' dir='ltr'><strong>voce</strong></span> <span class='ocrx_word' id='word_1_682' title='bbox 1647 4566 1775 4620; x_wconf 65' lang='lat' dir='ltr'><strong>alia-</strong></span> 
     </span>
    </p>
   </div>
   <div class='ocr_carea' id='block_1_93' title="bbox 185 4652 1773 4722">
    <p class='ocr_par' dir='ltr' id='par_1_93' title="bbox 185 4652 1773 4722">
     <span class='ocr_line' id='line_1_93' title="bbox 185 4652 1773 4722; baseline -0.009 0"><span class='ocrx_word' id='word_1_683' title='bbox 185 4674 288 4722; x_wconf 75' lang='lat' dir='ltr'><strong>tus</strong></span> <span class='ocrx_word' id='word_1_684' title='bbox 353 4677 490 4717; x_wconf 84' lang='lat' dir='ltr'><strong>esse</strong></span> <span class='ocrx_word' id='word_1_685' title='bbox 545 4659 650 4713; x_wconf 90' lang='lat' dir='ltr'><strong>dici</strong></span> <span class='ocrx_word' id='word_1_686' title='bbox 699 4656 890 4710; x_wconf 90' lang='lat' dir='ltr'><strong>voluit.</strong></span> <span class='ocrx_word' id='word_1_687' title='bbox 944 4652 1180 4720; x_wconf 84' lang='lat' dir='ltr'><strong>Quarto,</strong></span> <span class='ocrx_word' id='word_1_688' title='bbox 1239 4653 1515 4707; x_wconf 91' lang='lat' dir='ltr'><strong>conditum</strong></span> <span class='ocrx_word' id='word_1_689' title='bbox 1568 4655 1773 4707; x_wconf 84' lang='lat' dir='ltr'><strong>ratione</strong></span> 
     </span>
    </p>
   </div>
   <div class='ocr_carea' id='block_1_94' title="bbox 190 4743 1773 4820">
    <p class='ocr_par' dir='ltr' id='par_1_94' title="bbox 190 4743 1773 4820">
     <span class='ocr_line' id='line_1_94' title="bbox 190 4743 1773 4820; baseline -0.008 -8"><span class='ocrx_word' id='word_1_690' title='bbox 190 4755 462 4816; x_wconf 82' lang='lat' dir='ltr'><strong>ornavit,</strong></span> <span class='ocrx_word' id='word_1_691' title='bbox 508 4765 617 4820; x_wconf 88' lang='lat' dir='ltr'><strong>qua</strong></span> <span class='ocrx_word' id='word_1_692' title='bbox 671 4747 882 4803; x_wconf 59' lang='lat' dir='ltr'><strong>ceteris</strong></span> <span class='ocrx_word' id='word_1_693' title='bbox 926 4743 1294 4799; x_wconf 82' lang='lat' dir='ltr'><strong>animantibus</strong></span> <span class='ocrx_word' id='word_1_694' title='bbox 1343 4745 1431 4798; x_wconf 92' lang='lat' dir='ltr'><strong>illa</strong></span> <span class='ocrx_word' id='word_1_695' title='bbox 1464 4745 1773 4799; x_wconf 85' lang='lat' dir='ltr'><strong>carentibus</strong></span> 
     </span>
    </p>
   </div>
   <div class='ocr_carea' id='block_1_95' title="bbox 188 4834 1771 4920">
    <p class='ocr_par' dir='ltr' id='par_1_95' title="bbox 188 4834 1771 4920">
     <span class='ocr_line' id='line_1_95' title="bbox 188 4834 1771 4920; baseline -0.006 -18"><span class='ocrx_word' id='word_1_696' title='bbox 188 4853 526 4920; x_wconf 61' lang='lat' dir='ltr'><strong>prastat-et.</strong></span> <span class='ocrx_word' id='word_1_697' title='bbox 585 4840 810 4906; x_wconf 86' lang='lat' dir='ltr'><strong>Quinto,</strong></span> <span class='ocrx_word' id='word_1_698' title='bbox 841 4834 926 4893; x_wconf 89' lang='lat' dir='ltr'><strong>sui</strong></span> <span class='ocrx_word' id='word_1_699' title='bbox 964 4837 1274 4905; x_wconf 77' lang='lat' dir='ltr'><strong>cognitione</strong></span> <span class='ocrx_word' id='word_1_700' title='bbox 1315 4836 1490 4906; x_wconf 87' lang='lat' dir='ltr'><strong>ipsum</strong></span> <span class='ocrx_word' id='word_1_701' title='bbox 1520 4837 1771 4904; x_wconf 75' lang='lat' dir='ltr'><strong>dignatus</strong></span> 
     </span>
    </p>
   </div>
   <div class='ocr_carea' id='block_1_96' title="bbox 186 4927 1772 4998">
    <p class='ocr_par' dir='ltr' id='par_1_96' title="bbox 186 4927 1772 4998">
     <span class='ocr_line' id='line_1_96' title="bbox 186 4927 1772 4998; baseline -0.009 -4"><span class='ocrx_word' id='word_1_702' title='bbox 186 4949 301 4995; x_wconf 75' lang='lat' dir='ltr'><strong>cu.</strong></span> <span class='ocrx_word' id='word_1_703' title='bbox 339 4933 539 4998; x_wconf 80' lang='lat' dir='ltr'><strong>Sexto,</strong></span> <span class='ocrx_word' id='word_1_704' title='bbox 563 4932 784 4986; x_wconf 85' lang='lat' dir='ltr'><strong>admisit</strong></span> <span class='ocrx_word' id='word_1_705' title='bbox 811 4930 987 4996; x_wconf 84' lang='lat' dir='ltr'><strong>ipsum</strong></span> <span class='ocrx_word' id='word_1_706' title='bbox 1017 4927 1179 4982; x_wconf 76' lang='lat' dir='ltr'><strong>veluti</strong></span> <span class='ocrx_word' id='word_1_707' title='bbox 1216 4928 1268 4982; x_wconf 89' lang='lat' dir='ltr'><strong>in</strong></span> <span class='ocrx_word' id='word_1_708' title='bbox 1295 4943 1450 4982; x_wconf 89' lang='lat' dir='ltr'><strong>suam</strong></span> <span class='ocrx_word' id='word_1_709' title='bbox 1483 4927 1772 4995; x_wconf 71' lang='lat' dir='ltr'><strong>familiari-</strong></span> 
     </span>
    </p>
   </div>
   <div class='ocr_carea' id='block_1_97' title="bbox 189 5018 1774 5092">
    <p class='ocr_par' dir='ltr' id='par_1_97' title="bbox 189 5018 1774 5092">
     <span class='ocr_line' id='line_1_97' title="bbox 189 5018 1774 5092; baseline -0.009 -7"><span class='ocrx_word' id='word_1_710' title='bbox 189 5037 405 5092; x_wconf 81' lang='lat' dir='ltr'><strong>tatem,</strong></span> <span class='ocrx_word' id='word_1_711' title='bbox 449 5033 507 5079; x_wconf 86' lang='lat' dir='ltr'><strong>ut</strong></span> <span class='ocrx_word' id='word_1_712' title='bbox 546 5038 611 5079; x_wconf 87' lang='lat' dir='ltr'><strong>ea</strong></span> <span class='ocrx_word' id='word_1_713' title='bbox 652 5037 774 5078; x_wconf 86' lang='lat' dir='ltr'><strong>sese</strong></span> <span class='ocrx_word' id='word_1_714' title='bbox 818 5036 916 5090; x_wconf 89' lang='lat' dir='ltr'><strong>pro</strong></span> <span class='ocrx_word' id='word_1_715' title='bbox 947 5020 1177 5074; x_wconf 90' lang='lat' dir='ltr'><strong>arbitrio</strong></span> <span class='ocrx_word' id='word_1_716' title='bbox 1201 5019 1520 5083; x_wconf 83' lang='lat' dir='ltr'><strong>oblectaret,</strong></span> <span class='ocrx_word' id='word_1_717' title='bbox 1547 5018 1774 5072; x_wconf 79' lang='lat' dir='ltr'><strong>medita-</strong></span> 
     </span>
    </p>
   </div>
   <div class='ocr_carea' id='block_1_98' title="bbox 190 5101 1776 5183">
    <p class='ocr_par' dir='ltr' id='par_1_98' title="bbox 190 5101 1776 5183">
     <span class='ocr_line' id='line_1_98' title="bbox 190 5101 1776 5183; baseline -0.007 -9"><span class='ocrx_word' id='word_1_718' title='bbox 190 5120 464 5175; x_wconf 75' lang='lat' dir='ltr'><strong>tionibus</strong></span> <span class='ocrx_word' id='word_1_719' title='bbox 489 5113 1142 5183; x_wconf 80' lang='lat' dir='ltr'><strong>contemplationibusque</strong></span> <span class='ocrx_word' id='word_1_720' title='bbox 1161 5111 1360 5166; x_wconf 87' lang='lat' dir='ltr'><strong>divinis</strong></span> <span class='ocrx_word' id='word_1_721' title='bbox 1388 5101 1586 5165; x_wconf 74' lang='lat' dir='ltr'><strong>vacans</strong></span> <span class='ocrx_word' id='word_1_722' title='bbox 1615 5120 1776 5178; x_wconf 89' lang='lat' dir='ltr'><strong>atque</strong></span> 
     </span>
    </p>
   </div>
   <div class='ocr_carea' id='block_1_99' title="bbox 189 5202 1770 5279">
    <p class='ocr_par' dir='ltr' id='par_1_99' title="bbox 189 5202 1770 5279">
     <span class='ocr_line' id='line_1_99' title="bbox 189 5202 1770 5279; baseline -0.008 -13"><span class='ocrx_word' id='word_1_723' title='bbox 189 5211 537 5279; x_wconf 71' lang='lat' dir='ltr'><strong>indulgens.</strong></span> <span class='ocrx_word' id='word_1_724' title='bbox 613 5205 899 5274; x_wconf 76' lang='lat' dir='ltr'><strong>Septimo,</strong></span> <span class='ocrx_word' id='word_1_725' title='bbox 980 5202 1436 5258; x_wconf 86' lang='lat' dir='ltr'><strong>immortalitatem</strong></span> <span class='ocrx_word' id='word_1_726' title='bbox 1502 5202 1770 5279; x_wconf 79' lang='lat' dir='ltr'><strong>promisit.</strong></span> 
     </span>
    </p>
   </div>
   <div class='ocr_carea' id='block_1_100' title="bbox 187 5278 1774 5364">
    <p class='ocr_par' dir='ltr' id='par_1_100' title="bbox 187 5278 1774 5364">
     <span class='ocr_line' id='line_1_100' title="bbox 187 5278 1774 5364; baseline -0.006 -7"><span class='ocrx_word' id='word_1_727' title='bbox 187 5278 448 5364; x_wconf 77' lang='lat' dir='ltr'><strong>Octavo,</strong></span> <span class='ocrx_word' id='word_1_728' title='bbox 498 5296 734 5351; x_wconf 76' lang='lat' dir='ltr'><strong>maxima</strong></span> <span class='ocrx_word' id='word_1_729' title='bbox 779 5294 956 5364; x_wconf 80' lang='lat' dir='ltr'><strong>ipsum</strong></span> <span class='ocrx_word' id='word_1_730' title='bbox 1017 5294 1281 5364; x_wconf 89' lang='lat' dir='ltr'><strong>sapientia</strong></span> <span class='ocrx_word' id='word_1_731' title='bbox 1339 5292 1553 5350; x_wconf 89' lang='lat' dir='ltr'><strong>imbuit.</strong></span> <span class='ocrx_word' id='word_1_732' title='bbox 1603 5278 1774 5356; x_wconf 75' lang='lat' dir='ltr'><strong>Nono,</strong></span> 
     </span>
    </p>
   </div>
   <div class='ocr_carea' id='block_1_101' title="bbox 269 5451 934 5515">
    <p class='ocr_par' dir='ltr' id='par_1_101' title="bbox 269 5451 934 5515">
     <span class='ocr_line' id='line_1_101' title="bbox 269 5451 934 5515; baseline -0.006 -3"><span class='ocrx_word' id='word_1_733' title='bbox 269 5461 321 5492; x_wconf 84' lang='lat'><strong>“</strong></span> <span class='ocrx_word' id='word_1_734' title='bbox 368 5455 523 5511; x_wconf 77' lang='lat' dir='ltr'><strong>Psal.</strong></span> <span class='ocrx_word' id='word_1_735' title='bbox 551 5469 812 5515; x_wconf 73' lang='lat' dir='ltr'><strong>csxxvnt,</strong></span> <span class='ocrx_word' id='word_1_736' title='bbox 847 5451 934 5508; x_wconf 76' lang='lat' dir='ltr'><strong>i6.</strong></span> 
     </span>
    </p>
   </div>
   <div class='ocr_carea' id='block_1_102' title="bbox 1879 4477 3423 4546">
    <p class='ocr_par' dir='ltr' id='par_1_102' title="bbox 1879 4477 3423 4546">
     <span class='ocr_line' id='line_1_102' title="bbox 1879 4477 3423 4546; baseline 0.003 -15"><span class='ocrx_word' id='word_1_737' title='bbox 1879 4477 1996 4546; x_wconf 89' lang='lat' dir='ltr'><strong>ipso</strong></span> <span class='ocrx_word' id='word_1_738' title='bbox 2041 4486 2316 4532; x_wconf 89' lang='lat' dir='ltr'><strong>exstarent</strong></span> <span class='ocrx_word' id='word_1_739' title='bbox 2366 4479 2600 4546; x_wconf 86' lang='lat' dir='ltr'><strong>paradisi</strong></span> <span class='ocrx_word' id='word_1_740' title='bbox 2666 4482 2966 4535; x_wconf 87' lang='lat' dir='ltr'><strong>meditullio</strong></span> <span class='ocrx_word' id='word_1_741' title='bbox 3010 4501 3021 4536; x_wconf 96' lang='lat'>:</span> <span class='ocrx_word' id='word_1_742' title='bbox 3082 4499 3240 4536; x_wconf 90' lang='lat' dir='ltr'><strong>unam</strong></span> <span class='ocrx_word' id='word_1_743' title='bbox 3279 4484 3423 4536; x_wconf 88' lang='lat' dir='ltr'><strong>enim</strong></span> 
     </span>
    </p>
   </div>
   <div class='ocr_carea' id='block_1_103' title="bbox 1879 4569 3428 4650">
    <p class='ocr_par' dir='ltr' id='par_1_103' title="bbox 1879 4569 3428 4650">
     <span class='ocr_line' id='line_1_103' title="bbox 1879 4569 3428 4650; baseline 0.003 -27"><span class='ocrx_word' id='word_1_744' title='bbox 1879 4569 2049 4623; x_wconf 89' lang='lat' dir='ltr'><strong>solam</strong></span> <span class='ocrx_word' id='word_1_745' title='bbox 2081 4571 2522 4637; x_wconf 82' lang='lat' dir='ltr'><strong>possemedium</strong></span> <span class='ocrx_word' id='word_1_746' title='bbox 2563 4571 2812 4625; x_wconf 86' lang='lat' dir='ltr'><strong>obtinere</strong></span> <span class='ocrx_word' id='word_1_747' title='bbox 2861 4573 3039 4626; x_wconf 91' lang='lat' dir='ltr'><strong>locum</strong></span> <span class='ocrx_word' id='word_1_748' title='bbox 3077 4589 3233 4650; x_wconf 54' lang='lat' dir='ltr'><strong>nemo</strong></span> <span class='ocrx_word' id='word_1_749' title='bbox 3267 4590 3428 4643; x_wconf 68' lang='lat' dir='ltr'><strong>nega-</strong></span> 
     </span>
    </p>
   </div>
   <div class='ocr_carea' id='block_1_104' title="bbox 1882 4660 3426 4731">
    <p class='ocr_par' dir='ltr' id='par_1_104' title="bbox 1882 4660 3426 4731">
     <span class='ocr_line' id='line_1_104' title="bbox 1882 4660 3426 4731; baseline 0.003 -19"><span class='ocrx_word' id='word_1_750' title='bbox 1882 4660 2042 4726; x_wconf 78' lang='lat' dir='ltr'><strong>verit,</strong></span> <span class='ocrx_word' id='word_1_751' title='bbox 2079 4669 2131 4713; x_wconf 91' lang='lat' dir='ltr'><strong>at</strong></span> <span class='ocrx_word' id='word_1_752' title='bbox 2178 4660 2296 4715; x_wconf 68' lang='lat' dir='ltr'><strong>duae</strong></span> <span class='ocrx_word' id='word_1_753' title='bbox 2328 4671 2384 4714; x_wconf 91' lang='lat' dir='ltr'><strong>ut</strong></span> <span class='ocrx_word' id='word_1_754' title='bbox 2416 4661 2577 4714; x_wconf 90' lang='lat' dir='ltr'><strong>simul</strong></span> <span class='ocrx_word' id='word_1_755' title='bbox 2619 4663 2794 4724; x_wconf 85' lang='lat' dir='ltr'><strong>medio</strong></span> <span class='ocrx_word' id='word_1_756' title='bbox 2837 4664 3095 4731; x_wconf 83' lang='lat' dir='ltr'><strong>quopiam</strong></span> <span class='ocrx_word' id='word_1_757' title='bbox 3135 4665 3252 4718; x_wconf 91' lang='lat' dir='ltr'><strong>loco</strong></span> <span class='ocrx_word' id='word_1_758' title='bbox 3281 4668 3426 4719; x_wconf 83' lang='lat' dir='ltr'><strong>exsi-</strong></span> 
     </span>
    </p>
   </div>
   <div class='ocr_carea' id='block_1_105' title="bbox 1875 4749 3424 4825">
    <p class='ocr_par' dir='ltr' id='par_1_105' title="bbox 1875 4749 3424 4825">
     <span class='ocr_line' id='line_1_105' title="bbox 1875 4749 3424 4825; baseline 0.003 -22"><span class='ocrx_word' id='word_1_759' title='bbox 1875 4758 2041 4813; x_wconf 88' lang='lat' dir='ltr'><strong>stant,</strong></span> <span class='ocrx_word' id='word_1_760' title='bbox 2076 4750 2297 4825; x_wconf 76' lang='lat' dir='ltr'><strong>nenias</strong></span> <span class='ocrx_word' id='word_1_761' title='bbox 2339 4760 2443 4808; x_wconf 87' lang='lat' dir='ltr'><strong>est.</strong></span> <span class='ocrx_word' id='word_1_762' title='bbox 2479 4749 2615 4805; x_wconf 87' lang='lat' dir='ltr'><strong>Sunt</strong></span> <span class='ocrx_word' id='word_1_763' title='bbox 2663 4750 2824 4822; x_wconf 87' lang='lat' dir='ltr'><strong>igitur</strong></span> <span class='ocrx_word' id='word_1_764' title='bbox 2871 4755 2961 4822; x_wconf 89' lang='lat' dir='ltr'><strong>qui</strong></span> <span class='ocrx_word' id='word_1_765' title='bbox 3005 4753 3182 4808; x_wconf 84' lang='lat' dir='ltr'><strong>dicant</strong></span> <span class='ocrx_word' id='word_1_766' title='bbox 3215 4757 3424 4808; x_wconf 85' lang='lat' dir='ltr'><strong>unicam</strong></span> 
     </span>
    </p>
   </div>
   <div class='ocr_carea' id='block_1_106' title="bbox 1875 4840 3427 4913">
    <p class='ocr_par' dir='ltr' id='par_1_106' title="bbox 1875 4840 3427 4913">
     <span class='ocr_line' id='line_1_106' title="bbox 1875 4840 3427 4913; baseline 0.003 -19"><span class='ocrx_word' id='word_1_767' title='bbox 1875 4840 2044 4895; x_wconf 76' lang='lat' dir='ltr'><strong>fuisse</strong></span> <span class='ocrx_word' id='word_1_768' title='bbox 2090 4841 2143 4894; x_wconf 91' lang='lat' dir='ltr'><strong>in</strong></span> <span class='ocrx_word' id='word_1_769' title='bbox 2192 4841 2308 4908; x_wconf 87' lang='lat' dir='ltr'><strong>ipso</strong></span> <span class='ocrx_word' id='word_1_770' title='bbox 2361 4842 2538 4896; x_wconf 89' lang='lat' dir='ltr'><strong>medio</strong></span> <span class='ocrx_word' id='word_1_771' title='bbox 2597 4844 2901 4909; x_wconf 87' lang='lat' dir='ltr'><strong>consitam,</strong></span> <span class='ocrx_word' id='word_1_772' title='bbox 2952 4860 3070 4899; x_wconf 89' lang='lat' dir='ltr'><strong>eam</strong></span> <span class='ocrx_word' id='word_1_773' title='bbox 3128 4861 3245 4913; x_wconf 78' lang='lat' dir='ltr'><strong>qua:</strong></span> <span class='ocrx_word' id='word_1_774' title='bbox 3307 4847 3427 4900; x_wconf 80' lang='lat' dir='ltr'><strong>vita:</strong></span> 
     </span>
    </p>
   </div>
   <div class='ocr_carea' id='block_1_107' title="bbox 1877 4933 3426 5006">
    <p class='ocr_par' dir='ltr' id='par_1_107' title="bbox 1877 4933 3426 5006">
     <span class='ocr_line' id='line_1_107' title="bbox 1877 4933 3426 5006; baseline 0.006 -23"><span class='ocrx_word' id='word_1_775' title='bbox 1877 4941 2118 4996; x_wconf 88' lang='lat' dir='ltr'><strong>vocatur,</strong></span> <span class='ocrx_word' id='word_1_776' title='bbox 2145 4933 2366 4986; x_wconf 74' lang='lat' dir='ltr'><strong>alterum</strong></span> <span class='ocrx_word' id='word_1_777' title='bbox 2400 4950 2526 4987; x_wconf 86' lang='lat' dir='ltr'><strong>vero</strong></span> <span class='ocrx_word' id='word_1_778' title='bbox 2548 4939 2667 5004; x_wconf 72' lang='lat' dir='ltr'><strong>qua:</strong></span> <span class='ocrx_word' id='word_1_779' title='bbox 2688 4937 2986 5005; x_wconf 67' lang='lat' dir='ltr'><strong>appellatur</strong></span> <span class='ocrx_word' id='word_1_780' title='bbox 3012 4937 3249 4991; x_wconf 74' lang='lat' dir='ltr'><strong>scicntia:</strong></span> <span class='ocrx_word' id='word_1_781' title='bbox 3275 4940 3426 5006; x_wconf 76' lang='lat' dir='ltr'><strong>juxta</strong></span> 
     </span>
    </p>
   </div>
   <div class='ocr_carea' id='block_1_108' title="bbox 1877 5021 3428 5096">
    <p class='ocr_par' dir='ltr' id='par_1_108' title="bbox 1877 5021 3428 5096">
     <span class='ocr_line' id='line_1_108' title="bbox 1877 5021 3428 5096; baseline 0.005 -22"><span class='ocrx_word' id='word_1_782' title='bbox 1877 5021 2024 5074; x_wconf 90' lang='lat' dir='ltr'><strong>illam</strong></span> <span class='ocrx_word' id='word_1_783' title='bbox 2087 5023 2206 5076; x_wconf 70' lang='lat' dir='ltr'><strong>vita:</strong></span> <span class='ocrx_word' id='word_1_784' title='bbox 2258 5024 2527 5078; x_wconf 81' lang='lat' dir='ltr'><strong>exstitisse</strong></span> <span class='ocrx_word' id='word_1_785' title='bbox 2581 5035 2779 5080; x_wconf 86' lang='lat' dir='ltr'><strong>satam.</strong></span> <span class='ocrx_word' id='word_1_786' title='bbox 2836 5027 2937 5080; x_wconf 79' lang='lat' dir='ltr'><strong>Sed</strong></span> <span class='ocrx_word' id='word_1_787' title='bbox 2990 5027 3073 5079; x_wconf 88' lang='lat' dir='ltr'><strong>his</strong></span> <span class='ocrx_word' id='word_1_788' title='bbox 3139 5028 3428 5096; x_wconf 87' lang='lat' dir='ltr'><strong>objicimns</strong></span> 
     </span>
    </p>
   </div>
   <div class='ocr_carea' id='block_1_109' title="bbox 1877 5113 3428 5186">
    <p class='ocr_par' dir='ltr' id='par_1_109' title="bbox 1877 5113 3428 5186">
     <span class='ocr_line' id='line_1_109' title="bbox 1877 5113 3428 5186; baseline 0.002 -20"><span class='ocrx_word' id='word_1_789' title='bbox 1877 5113 2051 5181; x_wconf 80' lang='lat' dir='ltr'><strong>ipsam</strong></span> <span class='ocrx_word' id='word_1_790' title='bbox 2091 5114 2422 5183; x_wconf 81' lang='lat' dir='ltr'><strong>Scripturam</strong></span> <span class='ocrx_word' id='word_1_791' title='bbox 2450 5135 2463 5181; x_wconf 89' lang='lat'><strong>;</strong></span> <span class='ocrx_word' id='word_1_792' title='bbox 2498 5134 2616 5185; x_wconf 66' lang='lat' dir='ltr'><strong>quae</strong></span> <span class='ocrx_word' id='word_1_793' title='bbox 2641 5122 2793 5171; x_wconf 84' lang='lat' dir='ltr'><strong>verba</strong></span> <span class='ocrx_word' id='word_1_794' title='bbox 2831 5119 2916 5170; x_wconf 85' lang='lat' dir='ltr'><strong>illa</strong></span> <span class='ocrx_word' id='word_1_795' title='bbox 2949 5135 2962 5172; x_wconf 91' lang='lat'><strong>:</strong></span> <span class='ocrx_word' id='word_1_796' title='bbox 2990 5121 3054 5173; x_wconf 80' lang='lat' dir='ltr'><strong>In</strong></span> <span class='ocrx_word' id='word_1_797' title='bbox 3082 5120 3249 5172; x_wconf 87' lang='lat' dir='ltr'><strong>medio</strong></span> <span class='ocrx_word' id='word_1_798' title='bbox 3269 5136 3428 5186; x_wconf 83' lang='lat' dir='ltr'><strong>para-</strong></span> 
     </span>
    </p>
   </div>
   <div class='ocr_carea' id='block_1_110' title="bbox 1880 5203 3427 5274">
    <p class='ocr_par' dir='ltr' id='par_1_110' title="bbox 1880 5203 3427 5274">
     <span class='ocr_line' id='line_1_110' title="bbox 1880 5203 3427 5274; baseline 0.003 -18"><span class='ocrx_word' id='word_1_799' title='bbox 1880 5203 2016 5264; x_wconf 83' lang='lat' dir='ltr'><strong>diso,</strong></span> <span class='ocrx_word' id='word_1_800' title='bbox 2076 5205 2139 5259; x_wconf 90' lang='lat' dir='ltr'><strong>ad</strong></span> <span class='ocrx_word' id='word_1_801' title='bbox 2192 5218 2475 5274; x_wconf 89' lang='lat' dir='ltr'><strong>utramque</strong></span> <span class='ocrx_word' id='word_1_802' title='bbox 2534 5211 2779 5263; x_wconf 86' lang='lat' dir='ltr'><strong>arborem</strong></span> <span class='ocrx_word' id='word_1_803' title='bbox 2846 5213 3261 5272; x_wconf 89' lang='lat' dir='ltr'><strong>accommodat,</strong></span> <span class='ocrx_word' id='word_1_804' title='bbox 3321 5225 3427 5263; x_wconf 88' lang='lat' dir='ltr'><strong>n0n</strong></span> 
     </span>
    </p>
   </div>
   <div class='ocr_carea' id='block_1_111' title="bbox 1881 5298 3435 5368">
    <p class='ocr_par' dir='ltr' id='par_1_111' title="bbox 1881 5298 3435 5368">
     <span class='ocr_line' id='line_1_111' title="bbox 1881 5298 3435 5368; baseline 0.005 -19"><span class='ocrx_word' id='word_1_805' title='bbox 1881 5305 2064 5351; x_wconf 83' lang='lat' dir='ltr'><strong>autem</strong></span> <span class='ocrx_word' id='word_1_806' title='bbox 2100 5298 2165 5352; x_wconf 88' lang='lat' dir='ltr'><strong>ad</strong></span> <span class='ocrx_word' id='word_1_807' title='bbox 2196 5314 2314 5352; x_wconf 84' lang='lat' dir='ltr'><strong>eam</strong></span> <span class='ocrx_word' id='word_1_808' title='bbox 2345 5316 2464 5368; x_wconf 82' lang='lat' dir='ltr'><strong>qua:</strong></span> <span class='ocrx_word' id='word_1_809' title='bbox 2499 5302 2616 5355; x_wconf 77' lang='lat' dir='ltr'><strong>vita:</strong></span> <span class='ocrx_word' id='word_1_810' title='bbox 2644 5312 2749 5368; x_wconf 88' lang='lat' dir='ltr'><strong>est,</strong></span> <span class='ocrx_word' id='word_1_811' title='bbox 2785 5305 2975 5358; x_wconf 91' lang='lat' dir='ltr'><strong>solam.</strong></span> <span class='ocrx_word' id='word_1_812' title='bbox 3000 5303 3113 5357; x_wconf 91' lang='lat' dir='ltr'><strong>lloc</strong></span> <span class='ocrx_word' id='word_1_813' title='bbox 3134 5302 3277 5358; x_wconf 83' lang='lat' dir='ltr'><strong>enim</strong></span> <span class='ocrx_word' id='word_1_814' title='bbox 3308 5303 3435 5358; x_wconf 83' lang='lat' dir='ltr'><strong>inde</strong></span> 
     </span>
    </p>
   </div>
   <div class='ocr_carea' id='block_1_112' title="bbox 1025 5447 2094 5514">
    <p class='ocr_par' dir='ltr' id='par_1_112' title="bbox 1025 5447 2094 5514">
     <span class='ocr_line' id='line_1_112' title="bbox 1025 5447 2094 5514; baseline 0.006 -12"><span class='ocrx_word' id='word_1_815' title='bbox 1025 5449 1070 5480; x_wconf 81' lang='grc'><strong><em>⁸⁷</em></strong></span> <span class='ocrx_word' id='word_1_816' title='bbox 1105 5447 1247 5503; x_wconf 81' lang='lat' dir='ltr'><strong>Psal.</strong></span> <span class='ocrx_word' id='word_1_817' title='bbox 1281 5465 1393 5514; x_wconf 87' lang='lat' dir='ltr'><strong>cm,</strong></span> <span class='ocrx_word' id='word_1_818' title='bbox 1431 5449 1514 5502; x_wconf 82' lang='lat' dir='ltr'><strong>l6.</strong></span> <span class='ocrx_word' id='word_1_819' title='bbox 1592 5451 1636 5482; x_wconf 76' lang='lat'>“</span> <span class='ocrx_word' id='word_1_820' title='bbox 1675 5451 1693 5504; x_wconf 90' lang='lat' dir='ltr'><strong>l</strong></span> <span class='ocrx_word' id='word_1_821' title='bbox 1723 5449 1879 5505; x_wconf 83' lang='lat' dir='ltr'><strong>Joan.</strong></span> <span class='ocrx_word' id='word_1_822' title='bbox 1915 5469 1976 5514; x_wconf 90' lang='lat' dir='ltr'><strong>tt,</strong></span> <span class='ocrx_word' id='word_1_823' title='bbox 2009 5454 2094 5508; x_wconf 78' lang='lat' dir='ltr'><strong>Hi.</strong></span> 
     </span>
    </p>
   </div>
   <div class='ocr_carea' id='block_1_113' title="bbox 274 5585 3436 5664">
    <p class='ocr_par' dir='ltr' id='par_1_113' title="bbox 274 5585 3436 5664">
     <span class='ocr_line' id='line_1_113' title="bbox 274 5585 3436 5664; baseline 0.002 -20"><span class='ocrx_word' id='word_1_824' title='bbox 274 5592 407 5662; x_wconf 72' lang='lat' dir='ltr'><strong>(l5)</strong></span> <span class='ocrx_word' id='word_1_825' title='bbox 459 5591 611 5661; x_wconf 83' lang='lat' dir='ltr'><strong>Apud</strong></span> <span class='ocrx_word' id='word_1_826' title='bbox 644 5588 778 5647; x_wconf 76' lang='lat' dir='ltr'><strong>LXX</strong></span> <span class='ocrx_word' id='word_1_827' title='bbox 831 5589 882 5643; x_wconf 92' lang='lat' dir='ltr'><strong>in</strong></span> <span class='ocrx_word' id='word_1_828' title='bbox 926 5589 1110 5644; x_wconf 65' lang='lat' dir='ltr'><strong>Graeco</strong></span> <span class='ocrx_word' id='word_1_829' title='bbox 1139 5596 1265 5642; x_wconf 81' lang='lat' dir='ltr'><strong>cst.</strong></span> <span class='ocrx_word' id='word_1_830' title='bbox 1310 5585 1600 5655; x_wconf 54' lang='lat' dir='ltr'><strong>animos</strong></span> <span class='ocrx_word' id='word_1_831' title='bbox 1650 5589 1791 5658; x_wconf 82' lang='lat' dir='ltr'><strong>quod</strong></span> <span class='ocrx_word' id='word_1_832' title='bbox 1836 5591 1990 5647; x_wconf 72' lang='lat' dir='ltr'><strong>Sit-us</strong></span> <span class='ocrx_word' id='word_1_833' title='bbox 2062 5595 2346 5660; x_wconf 66' lang='lat' dir='ltr'><strong>inlerprt‘s,</strong></span> <span class='ocrx_word' id='word_1_834' title='bbox 2381 5611 2536 5664; x_wconf 77' lang='lat' dir='ltr'><strong>quem</strong></span> <span class='ocrx_word' id='word_1_835' title='bbox 2588 5605 2773 5650; x_wconf 82' lang='lat' dir='ltr'><strong>auctor</strong></span> <span class='ocrx_word' id='word_1_836' title='bbox 2818 5597 3083 5664; x_wconf 75' lang='lat' dir='ltr'><strong>sequitur,</strong></span> <span class='ocrx_word' id='word_1_837' title='bbox 3123 5598 3298 5654; x_wconf 66' lang='lat' dir='ltr'><strong>reddit</strong></span> <span class='ocrx_word' id='word_1_838' title='bbox 3329 5598 3436 5653; x_wconf 66' lang='lat' dir='ltr'><strong>illis,</strong></span> 
     </span>
    </p>
   </div>
   <div class='ocr_carea' id='block_1_114' title="bbox 190 5667 489 5723">
    <p class='ocr_par' dir='ltr' id='par_1_114' title="bbox 190 5667 489 5723">
     <span class='ocr_line' id='line_1_114' title="bbox 190 5667 489 5723; baseline -0.017 -4"><span class='ocrx_word' id='word_1_839' title='bbox 190 5667 489 5723; x_wconf 61' lang='lat' dir='ltr'><strong>Baianae.</strong></span> 
     </span>
    </p>
   </div>
  </div>
