4008 6342
226 339 326 408 52)

1315 384 1321 390 ρ
1372 313 1891 414 υΕ-Ῥλιιλῡιςθ
1952 374 2021 387 --
2063 348 2255 410 esas
2292 346 2347 410 Ῑ.

3342 336 3481 401 -530

228 458 365 513 ﬂuvii
392 458 553 515 simul
584 467 748 529 atque
774 461 1003 517 derivati
1030 471 1159 518 sunt
1187 464 1256 518 ab
1281 465 1374 518 illo
1401 466 1790 536 pnineipaliore
1821 458 2006 525 A-Illie
2029 466 2173 519 haud
2202 462 2297 518 diu
2330 460 2555 542 mansit,
2588 475 2719 523 sua,
2740 471 2852 513 non
2877 453 3166 513 Eﬂ'ectoris
3196 453 3281 510 sui
3315 451 3475 522 culpa

226 550 477 604 ﬂumine:
507 550 748 620 absorpti
780 554 884 607 sub
907 552 1207 620 Oceanum,
1239 558 1782 628 tandetnprosiliunt

225 643 274 693 in
311 641 487 696 medio
523 650 788 699 terrarum
821 646 969 704 orbe.
1011 648 1250 704 fontibus
1284 664 1395 704 non
1431 650 1618 719 procul
1648 650 1787 703 inter

222 746 275 785 se
296 731 572 796 dissipatis
599 749 665 790 ac
688 736 947 806 prolapsi.
966 738 1220 795 desinunt
1266 740 1319 794 itt
1351 756 1503 796 mare
1532 740 1787 811 Australe

224 820 388 888 ipsius
417 822 620 879 Bosra.
649 824 816 881 Porro
842 828 1015 883 Assur
1047 839 1205 884 vocat
1234 832 1507 900 regionem
1541 832 1699 886 Attur
1733 841 1790 886 et

220 910 586 970 Ninevitarum
618 933 682 972 ac
710 916 1070 987 Betltgarme,
1112 921 1328 991 aliaque
1358 925 1787 993 circumquaque

213 1005 298 1059 his
322 993 629 1075 adiacentia
660 1009 798 1066 loca.
828 1011 931 1066 Sed
954 1013 1107 1067 enim
1120 1022 1373 1083 quaerunt
1397 1016 1488 1071 hic
1513 1016 1782 1080 homines,

219 1095 309 1163 qui
345 1098 513 1167 possit
550 1102 663 1155 lieri
697 1110 756 1156 ttt
786 1102 839 1155 bi
872 1113 1118 1172 quatuor
1137 1103 1282 1158 l'luvii
1318 1106 1538 1161 veniant
1565 1121 1594 1161 e
1622 1122 1787 1176 parar-

219 1183 338 1241 diso
364 1228 379 1253 ,
406 1198 461 1243 et
495 1191 751 1262 absorpt'r
763 1193 870 1248 sub
897 1193 1173 1263 Decanum
1216 1196 1354 1252 intra
1389 1193 1549 1252 terra-
1578 1199 1785 1254 viscera

225 1280 423 1345 mrent,‘
451 1296 513 1335 ac
540 1283 755 1337 tandem
782 1295 1081 1355 emergant,
1120 1286 1576 1360 eﬂundanturque
1599 1290 1651 1345 in
1686 1290 1788 1345 hac

223 1374 406 1422 nostra
426 1370 605 1423 terra!
638 1361 840 1425 Verum
885 1372 1025 1428 hanc
1050 1375 1429 1442 quaestionem,
1466 1386 1521 1433 et
1547 1378 1668 1447 ejus
1694 1394 1788 1448 ge-

218 1458 360 1512 neris
407 1460 545 1516 alias
588 1461 699 1530 jam
746 1464 878 1519 satis
921 1465 1312 1523 dissolvimus-
1352 1468 1524 1526 Porro
1577 1469 1789 1537 Moses,

215 1544 480 1615 explicata
510 1551 824 1603 narratione
852 1566 1041 1607 earum
1072 1570 1256 1611 rerum
1292 1572 1414 1627 quae
1442 1558 1508 1615 ad
1546 1560 1783 1628 paradisi

217 1631 422 1688 laudem
483 1636 1053 1711 magniﬁcentiamque
1083 1660 1097 1696 :
1133 1642 1257 1698 item
1308 1659 1494 1701 earum
1545 1662 1667 1717 quae
1721 1649 1787 1703 ad

215 1718 412 1776 ﬂumen
443 1722 632 1791 ingens
661 1740 771 1795 quo
810 1725 898 1783 ille
930 1729 1140 1799 rigatur
1171 1749 1187 1786 :
1223 1732 1459 1804 denique
1485 1735 1552 1790 ad
1584 1736 1790 1790 seduli.

1893 556 2098 611 evenit.
2120 553 2463 625 Quod'porro
2483 551 2753 621 sequitur:
2772 549 2851 604 .Ut
2870 565 2989 604 eum
3014 546 3207 603 coleret
3231 556 3279 599 et
3306 556 3489 600 casto-

1893 648 2063 712 diret,
2098 662 2329 718 quanam
2380 644 2650 700 sententia
2708 643 2811 698 erit
2844 639 3265 713 accipiendum?
3330 638 3486 693 Νιιιιο

1895 738 2029 810 quid
2061 738 2348 810 paradisus
2379 736 2588 792 cultore
2617 736 2828 806 egebat,
2860 735 2915 790 in
2943 750 3053 805 quo
3085 732 3286 790 silvosa
3312 732 3486 789 senti-

1894 844 2129 900 cosaque
2148 828 2406 885 materies
2428 844 2534 884 non
2556 827 2974 886 succrescebat't
2994 828 3109 882 haec
3132 826 3277 881 enim
3300 833 3488 897 postea

1892 939 1991 995 per
2017 922 2445 979 exsecrationem
2458 921 2649 991 μακρὴ
2680 922 2819 978 inea
2856 915 3025 987 terra,
3053 934 3179 991 quin
3202 928 3353 974 extra
3384 933 3497 1005 ps-_

1895 1013 2139 1068 radisum
2188 1020 2337 1080 erat,
2378 1006 2584 1070 enasci.
2619 1010 2887 1067 Praeterea
2916 1011 3008 1082 qui
3057 1011 3235 1082 potuit
3277 1010 3489 1066 cultore

1895 1119 2056 1175 opus~
2094 1104 2297 1161 habere
2348 1105 2675 1175 paradisus,
2710 1102 2889 1159 omnis
2938 1102 3152 1174 generis
3194 1101 3509 1160 arboribus.

1894 1196 2220 1261 abundans?
2279 1195 2514 1267 denique
2576 1194 2853 1267 quomodo
2904 1194 3203 1258 coluisset,
3246 1193 3470 1266 quando
3514 1252 3519 1255 Α

1888 1298 2074 1357 neque
2102 1288 2341 1354 sarcula,
2390 1302 2582 1359 nequa
2631 1300 2832 1359 σουρξε,
2861 1295 2959 1341 aut
3008 1285 3486 1363 alteriusgeneris

1855 1388 1859 1392 ‘
1899 1378 2263 1435 instrumenta
2288 1379 2514 1435 cultura:
2537 1376 2675 1457 facta
2717 1385 2898 1449 erant.
2943 1376 3483 1449 Similiteraquorum

1898 1458 2915 1542 babebatcustodisopns.paradisus,
2942 1485 3070 1525 cum
3095 1469 3227 1525 nulli
3252 1486 3483 1540 usquam

1897 1567 2228 1623 exsisterent
2273 1565 2427 1638 egeni
2473 1563 2764 1633 homines?
2800 1562 2943 1631 Quid
2977 1572 3108 1633 ergo
3154 1563 3259 1619 sibi
3295 1563 3486 1619 volunt

1897 1658 1987 1715 illa
2014 1658 2198 1714 verba:
2239 1656 2309 1713 ω
2355 1657 2547 1714 colem
2594 1664 2649 1712 et
2688 1655 3015 1711 custodiret!
3067 1654 3485 1727 Respondemus

1899 1762 2007 1803 non
2042 1745 2116 1804 id
2144 1731 2465 1819 signiﬁcare.
2498 1738 2785 1803 fodiendae
2830 1744 2927 1801 illi
2949 1744 3121 1801 fuisse
3174 1745 3397 1805 scrobes
3426 1745 3481 1799 in

215 1820 377 1866 tatem
416 1812 509 1868 Dei
546 1816 850 1874 conditoris
893 1819 1039 1875 illius
1079 1831 1242 1888 atque
1268 1826 1467 1881 satoris
1496 1837 1744 1897 spectant
1775 1848 1790 1884 :
1815 1829 1867 1883 ’Β
1893 1839 2092 1911 quibus
2112 1812 2326 1910 plaga,
2351 1843 2773 1904 consumar“;
2792 1835 2919 1892 Νοθ.
2932 1836 3145 1891 vineam
3171 1876 3188 1901 ,
3213 1843 3317 1890 ουιη
3337 1834 3483 1889 laba.

213 1902 404 1956 transit
453 1903 519 1959 ad
559 1905 850 1963 dicentium
880 1910 947 1965 de
978 1910 1201 1971 inducto
1229 1916 1439 1973 Adamo
1467 1920 1519 1973 in
1568 1922 1787 1991 paradi-

210 2005 323 2045 sum
352 1992 439 2048 his
468 1996 646 2053 verbis
675 1997 790 2054 :Et
823 2004 1025 2073 accepit
1051 2003 1307 2062 Dominus
1330 2006 1469 2064 Deus
1492 2010 1783 2076 Adamum.

209 2090 258 2136 et
275 2085 450 2176 posuit
478 2086 651 2153 ipsum
684 2090 742 2144 in
764 2093 1028 2160 paradiso.
1048 2094 1218 2152 Edeu.
1244 2099 1365 2165 Quo
1403 2102 1588 2158 habitu
1618 2121 1786 2176 appa-

207 2173 377 2229 ruerit
405 2175 549 2232 Deus
575 2179 805 2245 Adamo,
839 2182 1077 2241 diximus
1112 2202 1311 2258 nuper.
1371 2189 1489 2246 Jam
1523 2173 1667 2249 vero
1687 2173 1790 2254 hoc

210 2263 634 2357 videndumest,
657 2275 820 2341 unde,
845 2284 900 2333 et
913 2268 1031 2348 quo
1055 2282 1343 2347 sustulerit
1362 2284 1538 2353 ipsum
1568 2290 1789 2357 quando

209 2354 491 2426 Scriptura
525 2360 598 2415 ait
631 2379 645 2417 :
676 2362 745 2417 Et
791 2368 989 2436 accepit
1020 2368 1277 2427 Dominus
1317 2372 1453 2429 Deus
1498 2354 1785 2435 Arionium.

208 2444 374 2515 Igitur
402 2442 626 2521 quidam
661 2467 855 2525 putant
877 2459 1272 2518 chcrusalem
1307 2465 1580 2523 sublatum
1614 2480 1790 2547 trape-

208 2540 394 2596 tullsse
424 2542 477 2597 in
512 2544 826 2615 paradisum
858 2566 873 2605 :
911 2565 1035 2606 nam
1071 2553 1123 2606 in
1151 2540 1785 2632 Jerusaleml’ormat'utu

204 2645 345 2698 esse,
384 2633 475 2689 ubi
501 2644 810 2709 etlmortem
845 2642 1009 2697 etiam
1042 2644 1259 2700 obierit.
1300 2646 1410 2703 Alii
1443 2665 1581 2706 vero
1596 2652 1786 2708 existi-

206 2734 349 2777 mant
377 2764 406 2791 ,.
444 2740 510 2780 ex
563 2726 687 2783 loco
719 2729 1009 2789 humiliore
1053 2745 1217 2807 atque
1248 2737 1436 2796 viliore
1494 2743 1786 2800 sustulisse

205 2813 257 2869 in
289 2815 471 2889 locum
499 2821 789 2882 sublimem
820 2825 1300 2903 magniﬁcumque,
1352 2841 1407 2887 et
1434 2834 1785 2896 veluticrca-

210 2915 319 2961 tum
360 2924 390 2964 a
428 2924 487 2965 se
522 2928 700 2984 regem
737 2908 1018 2974 induxiSse
1048 2919 1102 2975 itt
1150 2923 1643 2994 regalem‘sedem.
1678 2927 1785 2986 Sed

205 3002 623 3085 quonamillum
654 3008 815 3063 modo
842 3009 1479 3084 sustuliti.Respontlcnt
1504 3020 1782 3089 nonnulli,

202 3089 253 3145 id
288 3092 437 3163 quod
473 3094 748 3167 Scriptura
790 3100 905 3155 ait:
939 3100 1002 3157 Et
1043 3108 1245 3177 accepit
1267 3151 1282 3176 ,
1312 3109 1452 3171 nihil
1488 3111 1775 3183 aliudsibi

177 3183 340 3277 velle
361 3200 528 3277 quam
560 3186 727 3247 Deum
763 3193 969 3251 dixisse
1007 3198 1071 3251 ad
1115 3199 1271 3254 illum
1297 3219 1312 3254 :
1340 3201 1464 3268 Abi,
1492 3205 1783 3277 ipsumque

200 3268 463 3365 continuo
513 3280 820 3349 proiectum
863 3290 1156 3349 esse;.Sed
1207 3292 1291 3347 his
1343 3268 1633 3363 objiciunt.
1662 3268 1781 3365 alii,

203 3362 470 3452 incertum
498 3369 668 3427 fuisse
689 3373 922 3441 Adamo,
960 3378 1121 3444 unde,
1146 3391 1200 3436 et
1227 3397 1335 3452 quo
1356 3362 1513 3440 abire
1536 3362 1778 3445 deberet.

202 3448 411 3545 Quibus
440 3454 512 3508 illi
540 3460 888 3528 respondent,
918 3464 1018 3533 ipsi
1045 3466 1096 3521 in
1129 3448 1362 3526 men-tem
1393 3472 1780 3533 venisseunde

199 3552 249 3644 et
275 3559 387 3645 quin
408 3547 722 3645 abeundum
756 3552 882 3621 sibi,
910 3564 1073 3626 atque
1100 3558 1191 3615 ubi
1220 3560 1573 3620 habitandum
1603 3560 1776 3645 esset,

201 3633 358 3688 sicuti
421 3637 534 3692 visa
589 3642 868 3710 prophetis
916 3646 1092 3701 solent
1144 3651 1386 3709 evenire.
1437 3652 1641 3714 Verum
1667 3633 1778 3714 'alii

198 3725 407 3780 malunt
446 3715 782 3799 existimare,
852 3733 1018 3789 Deum
1057 3738 1265 3795 Adamo
1312 3720 1547 3801 humana
1598 3749 1782 3817 specie

176 3814 543 3885 apparuisse,
586 3817 881 3891 ipsumque
924 3825 1328 3892 apprehensum
1378 3814 1780 3901 transporvtasse

199 3904 250 3958 in
277 3907 619 3975 paradisum.
649 3910 754 3965 Sed
781 3912 968 3968 dices:
996 3915 1112 3971 sive
1137 3933 1234 3986 per.
1258 3921 1456 3979 mentis
1482 3923 1777 3993 visionem,

173 3996 313 4052 'sive
345 4015 444 4069 per
475 4000 771 4077 humanam
796 4006 1038 4078 ﬁguram
1089 4009 1164 4064 illi
1212 4016 1562 4083 apparuerit;
1613 4028 1779 4092 atque

166 4128 167 4131 η
197 4087 273 4143 ita
310 4090 670 4159 transtulerit,
703 4111 900 4168 magno
930 4097 1106 4157 luisse
1133 4117 1281 4173 opus
1310 4109 1569 4178 temporis
1599 4087 1777 4181 spatio

202 4179 268 4233 ad
320 4181 428 4241 iter
471 4183 576 4240 hoc
608 4186 1030 4245 conﬁciendum.
1081 4191 1253 4263 Igitur
1284 4206 1468 4254 nostra
1503 4179 1774 4259 sententia

200 4264 309 4338 est,
340 4273 508 4327 Deum
549 4276 815 4335 formasse
838 4281 1103 4338 A‘damum
1134 4295 1285 4341 extra
1321 4292 1659 4364 paradisum,
1690 4305 1777 4353 at-

202 4364 787 4460 que_illine.meptum
813 4374 1123 4432 sustullisse
1147 4378 1200 4433 in
1226 4384 1563 4452 paradisum,
1592 4386 1778 4460 ibique

204 4454 481 4513 dimisisse
510 4470 813 4526 :eagterunt
863 4480 931 4521 eo
983 4466 1261 4539 accepisse
1321 4476 1505 4544 modo,

204 4544 426 4618 Enorh,
465 4559 519 4606 et
549 4552 877 4626 Philippum.
911 4557 1047 4625 Nam
1083 4571 1142 4617 ut
1182 4564 1250 4619 de
1292 4564 1476 4646 Enocb
1509 4544 1779 4641 scriptum

205 4649 380 4695 exstat
411 4658 426 4695 :
460 4642 528 4696 Et
555 4645 675 4699 tulit
700 4648 874 4717 ipsum
897 4649 1039 4706 Deus
1058 4654 1139 4720 “;
1198 4642 1441 4728 itemque
1472 4657 1722 4733 Philippo
1751 4679 1776 4721 :~

210 4731 276 4783 tt
305 4731 541 4804 Spiritus
575 4736 790 4794 Domini
818 4740 995 4813 r’apuit
1022 4745 1195 4815 ipsum
1217 4748 1267 4779 "
1296 4765 1313 4803 :
1346 4751 1425 4809 sic
1450 4763 1505 4808 et
1534 4731 1768 4812 dicimus

206 4825 473 4882 Mantum
505 4845 627 4885 esse
654 4847 684 4885 a
725 4832 832 4889 Deo
862 4844 1076 4906 raptum
1107 4854 1175 4894 ex
1203 4855 1269 4896 eo
1304 4842 1427 4913 loco
1456 4860 1564 4915 quo
1589 4845 1771 4907 luerat

201 4918 490 4983 formatus.
522 4933 687 4995 atque
719 4926 771 4981 in
812 4931 1123 4999 paradisum
1158 4938 1574 5015 transpositum.
1597 4933 1769 4999 Dimi-

199 5015 367 5083 sitque
406 5017 575 5085 ipsum
619 5019 672 5071 in
722 5022 973 5089 paradiso
1014 5028 1196 5093 Edon,
1244 5038 1301 5083 ut
1334 5046 1453 5085 eum
1496 5034 1687 5091 coleret
1720 5048 1771 5092 et

201 5106 505 5189 custodiret.
533 5107 608 5162 Eo
630 5110 777 5180 quod
802 5113 936 5167 dicit
965 5131 979 5168 :
1009 5113 1078 5190 Et
1099 5116 1298 5174 dimisit
1324 5122 1495 5191 ipsum
1524 5125 1577 5179 iu
1608 5143 1772 5197 para-

200 5195 334 5261 tliso,
369 5197 611 5253 declarat
640 5199 805 5255 Deum
838 5204 1053 5261 sublato
1079 5200 1292 5266 Adamo
1324 5230 1432 5270 non
1457 5195 1768 5276 ostendisse

201 5284 359 5375 modo
388 5287 623 5356 paradisi
676 5290 1133 5360 pulchritudinem
1182 5304 1765 5379 tnagnilicentiantque,

203 5382 255 5425 et
282 5391 403 5431 mox
433 5378 559 5435 inde
584 5380 908 5451 abripuisse.
932 5387 1026 5441 sed
1057 5387 1188 5445 inibi
1218 5392 1425 5460 relicto,
1453 5378 1765 5457 facultatem

204 5470 452 5522 manendi
474 5486 641 5541 seque
659 5474 964 5531 oblectandi
986 5481 1304 5549 permisisse
1326 5494 1384 5539 ut
1407 5486 1460 5542 in
1480 5488 1601 5547 loco
1621 5492 1767 5550 illius

201 5558 369 5630 ipsius
420 5567 589 5635 gratia
644 5570 866 5625 condito
916 5572 1355 5647 concinnatoque
1394 5594 1568 5637 :nam
1620 5586 1767 5642 ouod

1556 4495 1669 4577 quo
1723 4491 1778 4539 et
1808 4517 1853 4577 υ

1895 1932 2065 1989 riosis
2088 1931 2265 2003 ipsum
2290 1930 2670 2003 instrumentis
2692 1923 2967 2000 operando
2991 1913 3293 1982 molesiiam
3317 1925 3479 2008 ullam

1889 2010 2074 2079 subire
2085 2022 2359 2087 debuisse,
2384 2021 2480 2077 sed
2500 2021 2554 2078 in
2576 2036 2643 2076 eo
2661 2018 2894 2101 positum
2912 2017 3083 2074 luisse
3105 2016 3308 2095 cultum
3329 2017 3479 2073 illum

1890 2118 1951 2170 ιιι
1987 2110 2122 2167 inibi
2146 2110 2328 2167 locum
2352 2110 2458 2167 sibi
2494 2104 2594 2180 pro
2613 2108 2953 2165 habitatione
2982 2116 3215 2179 aptaret,
3254 2107 3481 2177 viasque

1888 2214 1957 2256 ac
2004 2201 2495 2272 semitasquibus
2548 2200 2837 2257 commode
2885 2207 3079 2268 posset
3098 2198 3481 2263 obambulare,
3584 2248 3585 2251 η

1887 2280 2259 2362 eomplariaret
2282 2332 2298 2358 ,
2350 2308 2421 2349 ne
2453 2281 2661 2348 scilicet
2710 2292 2921 2369 otiosus
2950 2285 3127 2346 esset:
3158 2290 3378 2361 quando
3410 2305 3479 2346 ex

1896 2386 2010 2440 otio
2042 2383 2273 2455 plurima
2300 2395 2635 2442 enascantur
2659 2366 2836 2447 mala,
2858 2380 3177 2453 juxtaillutl
3204 2383 3481 2455 sapientis
3548 2448 3551 2457 ν
3629 2366 3635 2373 “

1870 2476 2170 2547 cujusdam
2208 2491 2225 2533 :
2260 2477 2465 2549 Otium.
2498 2477 2735 2533 malunt,
2762 2486 2847 2533 est
2871 2517 2887 2543 ,
2935 2486 3011 2533 et
3046 2476 3291 2534 fraudem
3341 2478 3485 2550 parit

1889 2568 2126 2638 pigritia.
2186 2568 2250 2622 Et
2300 2568 2462 2625 divus
2506 2566 2710 2624 Paulus
2740 2569 2871 2626 dicit
2910 2587 2925 2625 :
2961 2568 3087 2626 Nisi
3123 2568 3276 2625 aliud
3311 2586 3474 2642 quam

1887 2659 2056 2715 alim
2095 2669 2310 2730 agentes
2330 2661 2399 2718 ".
2436 2659 2502 2716 Et
2529 2660 2660 2717 alibi
2681 2662 2780 2724 ait,
2809 2660 3081 2732 quasdam
3110 2659 3343 2717 feminas
3367 2675 3483 2720 non
3520 2684 3523 2685 ν

1857 2813 1860 2817 ν
1886 2747 2062 2819 solum
2092 2749 2297 2807 otiosas
2324 2764 2686 2818 csse,..verum
2724 2751 2886 2806 etiam
2917 2750 3283 2829 quarumdam
3306 2750 3481 2808 mala-

1888 2856 2008 2896 rum
2040 2856 2221 2899 rerum
2260 2844 2609 2901 occasionem
2651 2844 2785 2900 dare
2802 2841 3212 2919 7".;Canterum;~
3233 2835 3379 2915 quod
3406 2845 3481 2900 tle

1887 2934 2244 2989 custodiendo
2297 2935 2571 3005 paradiso.
2606 2936 2816 2996 dictum
2859 2945 2964 3001 est,
2995 2935 3054 2991 id
3093 2934 3160 2989 ad
3209 2931 3477 2993 arcendas

1888 3020 2012 3077 inde
2035 3022 2241 3079 bestias
2268 3009 2509 3091 spectat;
2537 3023 2777 3095 paradisi
2819 3024 2964 3083 enim
3012 3024 3186 3079 vineae
3223 3025 3474 3096 hortique

1887 3114 2224 3185 sliiquaudo
2258 3118 2331 3170 ab
2361 3115 2675 3185 hominibus
2724 3118 2929 3173 deserti
2970 3128 3220 3183 manent,
3249 3121 3477 3191 concute

1889 3210 2106 3269 cantu’r,
2138 3207 2634 3280 opprimuntnrque
2657 3225 2686 3264 a
2731 3210 2881 3266 ieris.
2907 3210 3080 3281 Igitur
3116 3220 3171 3263 et
3199 3212 3381 3267 colere
3418 3220 3474 3269 et

1886 3292 2192 3360 custodire’,
2235 3288 2538 3355 adcuram
2578 3300 2928 3356 habitationis
2974 3300 3167 3359 Adami
3225 3313 3472 3377 spectat;

1885 3403 2062 3457 neque
2110 3389 2286 3443 enim.
2310 3390 2375 3445 ad
2426 3392 2686 3461 exiguum
2721 3392 2988 3471 duntaxat
3021 3403 3236 3466 tempus
3285 3397 3472 3452 datum
3508 3416 3509 3419 η

1864 3477 2065 3534 fuerat
2095 3477 2144 3535 ei
2178 3481 2310 3555 illud
2346 3483 2707 3541 domicilium
2750 3487 2804 3542 in
2838 3501 2948 3556 quo
2984 3496 3245 3553 maneret,
3282 3490 3374 3545 sed
3404 3490 3472 3547 ad

1882 3567 2206 3623 diuturnum
2249 3569 2608 3644 longumque.
2642 3573 2868 3645 Insuper
2911 3574 3018 3629 huc
3046 3590 3267 3647 quoque
3294 3578 3476 3634 cultus

1884 3656 1975 3711 ille
2002 3666 2056 3712 et
2084 3658 2331 3713 custodia
2366 3660 2673 3729 pertinent,
2710 3670 2769 3716 ut
2816 3671 2961 3718 esset
2987 3662 3230 3720 Adam‘us
3261 3664 3387 3736 vigil
3420 3678 3477 3722 et

1878 3750 2099 3815 cautus;
2119 3761 2549 3822 agnosceretque
2565 3763 2847 3817 parentem
2864 3770 3024 3809 suum
3043 3770 3108 3810 ex
3134 3755 3264 3826 ipsis
3279 3757 3475 3828 plantis

1852 3838 2263 3912 {rudibusque
2292 3841 2554 3911 paradisi,
2590 3847 2972 3901 ceu-colonus
3010 3836 3318 3921 plantarum
3368 3850 3473 3908 iut-

1880 3931 2201 3991 mortalium
2234 3952 2251 3992 :
2288 3933 2395 3990 hoc
2440 3944 2526 3991 est
2573 3934 2883 4011 divinarum
2941 3930 3375 4011 cogitationum,
3412 3956 3473 4000 ut

1880 4022 1959 4079 ait
1987 4022 2285 4095 Gregorius
2319 4024 2657 4100 Tlteolog‘us.
2699 4004 2944 4101 Denique
2994 4004 3101 4088 illis
3129 4034 3341 4091 colendi
3363 4004 3470 4092 ch-

1880 4115 2264 4190 stodiendique
2296 4119 2485 4175 verbis
2523 4122 2835 4177 ostenditur
2865 4123 3030 4179 etiam
3054 4163 3096 4191 ,η
3123 4125 3281 4197 longe
3312 4128 3472 4185 aliter

1882 4208 2134 4268 homines
2163 4212 2328 4268 vitam
2364 4228 2522 4268 suam
2554 4214 2841 4271 instituere
2870 4215 3072 4273 debere
3101 4232 3267 4300 quam
3304 4234 3469 4290 pecu-

1881 4303 1981 4359 des
2017 4304 2249 4361 rationis
2289 4315 2542 4376 expertes
2590 4307 2835 4379 degant:
2874 4310 2955 4364 lue
2999 4311 3146 4366 enim
3185 4312 3251 4367 ad
3284 4313 3470 4369 colen-

1880 4388 2013 4446 dum
2070 4391 2613 4470 custodiendumque
2658 4395 2974 4466 paradisum
3056 4398 3278 4454 minime
3335 4410 3467 4455 sunt

1880 4482 2201 4552 destinatae;
2255 4484 2350 4541 sed
2398 4487 2562 4544 homo
2612 4496 2699 4544 est
2746 4489 2892 4544 illius
2938 4489 3131 4546 cultor,
3163 4499 3218 4546 ct
3277 4501 3465 4549 custos

1879 4574 2218 4648 designatus,
2250 4594 2425 4651 eaque
2460 4595 2521 4635 re
2555 4580 2850 4650 plurimum
2883 4581 2985 4639 iste
3013 4581 3083 4638 ab
3112 4582 3220 4639 illis
3241 4582 3460 4651 diliert,

1877 4671 2042 4741 quod
2064 4670 2243 4739 ipsum
2282 4687 2503 4743 quoque
2533 4672 2663 4728 dum
2701 4673 2976 4728 hominem
3012 4674 3247 4746 prepriis
3282 4678 3460 4732 mani-

1860 4761 1983 4833 bus
2002 4760 2258 4837 lormaret
2280 4763 2444 4831 Deus,
2464 4765 2753 4822 ostendere
2773 4766 2961 4823 voluit.
2981 4765 3152 4827 Porro
3170 4779 3455 4839 postquam

1878 4853 1946 4911 de
1970 4854 2279 4911 introducto
2307 4857 2361 4911 in
2388 4859 2701 4928 paradisum
2726 4860 2939 4915 Adamo
2968 4860 3245 4927 disseruit,
3278 4870 3332 4915 et
3359 4878 3460 4917 cur

1875 4961 1999 5002 eum
2036 4949 2177 5003 Deus
2211 4948 2340 5004 illuc
2369 4949 2642 5005 intulisset
2670 4991 2685 5018 ,
2712 4950 3021 5021 explicavit,
3066 4952 3365 5022 digreditur
3389 4954 3457 5006 ad

1876 5036 2166 5093 dicendum
2196 5040 2266 5096 de
2299 5040 2417 5109 lege
2446 5039 2521 5094 illi
2553 5041 2808 5111 imposita
2849 5041 2931 5095 his
2958 5042 3139 5097 verbis
3171 5059 3186 5095 :
3220 5039 3288 5096 Et
3318 5059 3450 5112 pra!‘

1878 5128 2013 5197 cepit
2047 5130 2303 5186 Dominus
2344 5130 2486 5186 Deus
2518 5133 2725 5188 Adamo
2748 5176 2762 5200 ,
2786 5135 3022 5205 dixitque
3043 5135 3145 5206 ipsi
3169 5146 3192 5189 .‘.
3230 5134 3305 5191 De
3342 5152 3473 5189 out--

1868 5220 2021 5275 nibus
2058 5220 2337 5277 arboribus
2370 5240 2489 5297 qua:
2518 5236 2641 5280 sunt
2673 5227 2729 5280 iu
2766 5227 3040 5296 paradiso,
3070 5225 3272 5282 edendo
3305 5227 3445 5295 edes;

1869 5322 1924 5365 at
1950 5312 2015 5367 de
2043 5314 2230 5369 arbore
2257 5316 2491 5372 scientias
2516 5318 2708 5373 bouiet
2745 5317 2874 5373 mali
2920 5334 3023 5372 non
3054 5306 3172 5372 edes
3218 5320 3282 5373 de
3311 5319 3447 5389 ipsa.

1872 5402 1986 5461 lloc
2043 5406 2207 5476 igitur
2252 5418 2337 5464 est
2375 5419 2744 5480 praeceptum,
2807 5410 2922 5465 haec
2951 5397 3052 5464 'lex
3091 5424 3255 5478 quam
3308 5410 3452 5467 Deus

1872 5484 2081 5553 Adamn
2114 5499 2395 5570 imposuit,
2423 5516 2489 5555 ne
2515 5500 2703 5556 ederet
2732 5501 2802 5558 de
2825 5502 3023 5557 arbore
3051 5501 3310 5558 scientiae.
3339 5503 3445 5558 Sed

1869 5591 1983 5661 jam
2038 5591 2094 5646 in
2133 5591 2573 5663 disquisitionem
2608 5595 2792 5663 venit,
2831 5603 2962 5665 quot
3013 5594 3187 5652 modis
3234 5595 3444 5651 dicatur

276 5754 319 5787 "
352 5755 485 5831 Gen.
518 5773 571 5826 ι’,
597 5758 687 5815 21.
764 5758 809 5793 ⁷⁸
841 5760 959 5819 Act.
987 5775 1102 5831 ιἰιι,
1128 5762 1216 5820 59.
1294 5765 1335 5797 "
1368 5763 1411 5822 11
1445 5764 1637 5824 Thess.
1664 5785 1741 5837 ιιι,

1949 5728 2214 5829 "t't'im.
2254 5790 2305 5839 ι’,
2367 5738 2446 5829 t5.
2540 5752 2543 5755 ’
