4008 6342
524 319 621 385 531

1785 315 2011 399 nosrs
2051 312 2207 375 mn
2245 313 2492 374 CEPHA

3651 289 3751 354 532

525 442 656 511 legis
687 440 1031 504 vocabulum,
1063 447 1114 493 et
1141 437 1425 508 cuiusnam
1462 435 1678 508 generis
1709 435 1793 488 lex’
1829 434 2087 502 imperata
2118 432 2159 486 A
2189 444 2309 496 qua:
2359 429 2569 482 ratione
2618 433 2851 485 vacant,
2891 419 3311 511 haudquaquam
3347 422 3428 468 est
3453 422 3747 511 necnec-sse.

526 533 687 586 fuerit
735 533 971 594 Adamo,
1012 530 1243 598 denique
1281 545 1378 585 cur
1408 528 1571 582 ullam
1623 529 1697 581 illi
1731 527 1870 581 Deus
1915 525 2083 594 legem

524 625 794 679 statuerit.
825 623 1061 677 Dicimus
1091 623 1255 691 igitur
1285 622 1453 691 legem
1487 621 1700 675 duobus
1736 618 1841 672 diei
1872 613 2047 671 modis
2068 655 2084 679 ,

525 716 900 771 universaliter
923 754 938 779 ,
968 724 1022 769 et
1061 713 1456 785 particulariter
1491 733 1502 766 :
1539 711 1686 768 verbi
1707 698 1714 705 ’
1737 709 1932 779 gratia,
1962 706 2093 791 uni-_

523 808 748 862 versatis
794 807 877 861 lex
923 818 1004 862 est
1064 806 1302 876 cognitio
1338 806 1425 860 illa
1475 804 1732 859 naturalis
1763 817 1882 872 qua:
1931 797 2085 854 nobis

526 900 688 953 insita
716 910 798 954 est
822 939 839 965 ,
873 909 926 954 et
963 901 1040 954 vis
1089 900 1287 969 ingenii
1319 915 1424 969 qua
1455 899 1764 967 judicamus
1809 895 2012 950 bonum
2053 909 2083 947 a

525 991 668 1044 malo
704 1010 716 1044 :
748 1007 868 1045 eam
910 992 1051 1044 enim
1088 990 1282 1044 indidit
1325 991 1467 1045 Deus
1514 991 1758 1044 omnium
1806 985 2082 1042 hominum

522 1082 743 1147 animis,
779 1083 1007 1136 laudans
1035 1082 1204 1149 ipsos,
1242 1083 1288 1137 si
1321 1083 1463 1152 quod
1498 1082 1698 1137 bonum
1726 1089 1810 1137 est
1857 1079 1908 1135 id
1952 1094 2086 1150 ope-

523 1186 734 1239 rentur,
764 1185 813 1228 et
845 1175 1084 1228 vicissim
1114 1176 1340 1245 culpatis
1386 1177 1756 1241 damnansque
1790 1172 1834 1228 si
1883 1173 2082 1226 malum

520 1273 757 1339 patrem,
790 1267 1142 1334 quantumvis
1169 1266 1378 1320 occulte
1406 1281 1467 1319 ea
1498 1276 1840 1334 pcragantur.
1870 1262 2002 1317 Nam
2030 1269 2085 1317 et

521 1355 574 1408 in
625 1354 886 1423 gentium,
921 1365 977 1409 ut
1001 1355 1075 1410 ait
1112 1355 1331 1421 Paulus,
1373 1341 1616 1409 cordibus
1650 1355 1845 1422 scripta
1870 1353 1951 1407 lea:
1983 1361 2082 1414 est,

519 1453 568 1497 el
591 1454 668 1498 est
693 1446 822 1513 ipsis
853 1463 948 1500 sua
979 1449 1294 1501 conscientia
1327 1449 1472 1500 testis
1493 1445 1562 1512 ’_’,
1584 1457 1688 1502 etc.
1720 1439 1847 1515 Ejus
1873 1445 2084 1514 generis

517 1542 603 1588 est
631 1534 760 1587 illud
797 1535 1006 1590 Domini
1037 1537 1243 1591 dictum
1271 1555 1285 1591 :
1320 1536 1472 1592 Sicut
1500 1537 1656 1590 vultis
1681 1553 1767 1591 vos
1794 1548 1850 1590 ut
1885 1537 2083 1606 faciant

517 1624 660 1678 vobis
691 1624 944 1689 homines,
972 1627 1049 1680 sic
1081 1627 1240 1696 facile
1272 1627 1428 1679 etiam
1462 1643 1548 1681 ros
1577 1627 1708 1693 ipsis
1731 1626 1800 1680 ⁷⁸.
1841 1625 2084 1679 Particu-

492 1717 649 1771 .lnris
685 1718 764 1770 lett
807 1728 985 1772 autem
1012 1730 1124 1784 est,
1162 1719 1342 1789 qualis
1370 1733 1429 1773 ea
1467 1735 1630 1789 quam
1670 1719 1811 1774 Deus
1841 1717 2086 1787 praeseri-

518 1809 683 1864 bebat
716 1810 851 1880 ipsis
879 1809 1163 1867 Noacltitis
1187 1856 1202 1878 ,
1244 1829 1312 1866 ne
1343 1821 1690 1868 vescerentur
1725 1811 1992 1882 sanguine
2017 1810 2086 1874 7’;

517 1903 644 1956 item
682 1905 861 1973 qualis
910 1904 1160 1974 imposita
1191 1915 1309 1960 erat
1357 1905 1669 1960 indecorum
1704 1904 1993 1967 Nazarteis,
2023 1901 2091 1959 de

516 2006 625 2045 non
690 1993 920 2048 bibendo
973 1995 1119 2058 vino,
1153 2003 1244 2048 aut
1280 1995 1474 2058 sicera,
1529 2010 1707 2065 neque
1751 1995 2090 2051 admovenda

511 2086 676 2155 capiti
713 2087 975 2141 novacula
997 2087 1079 2151 ",
1115 2089 1305 2157 quales
1337 2088 1573 2160 denique
1610 2077 1921 2144 indecorum
1975 2099 2086 2145 sta-

513 2183 643 2231 tutae
667 2176 816 2232 fuere
842 2177 1237 2243 sacerdotibus,
1267 2178 1334 2233 de
1367 2179 1561 2244 rebus,
1591 2181 1712 2236 aliis
1755 2181 2090 2246 omittendis,

517 2270 641 2322 aliis
705 2270 949 2338 agendis.
998 2267 1134 2323 Cum
1189 2270 1350 2339 igitur
1405 2271 1537 2341 legis
1573 2271 1841 2327 vocabulo
1873 2272 2090 2330 duobus

518 2366 735 2411 utamur
777 2358 951 2412 modis
977 2398 991 2422 ,
1027 2366 1081 2412 ct
1126 2358 1547 2427 partieulariter,
1583 2369 1636 2416 et
1689 2361 2088 2426 universaliter,

514 2448 915 2518 respondemus
956 2449 1022 2502 ad
1063 2451 1285 2503 alteram
1327 2451 1702 2519 quaestionem,
1758 2468 1863 2507 non
1909 2449 2104 2508 'l'uisse/

513 2543 688 2610 legem
718 2541 1079 2596 universalem
1131 2544 1222 2597 sed
1271 2544 1652 2612 particularem
1685 2545 1864 2611 illam;
1895 2561 1964 2601 ne
1989 2561 2090 2616 gu-

514 2641 684 2688 staret
709 2634 774 2687 de
796 2633 990 2687 arbore
1020 2633 1292 2698 scientiae;
1319 2635 1420 2689 soli
1452 2636 1596 2690 enim
1628 2635 1834 2692 Adamo
1865 2636 2091 2705 ejusque

516 2724 732 2794 ronjugi
769 2740 888 2778 eam
938 2726 1298 2795 imperaverat
1326 2720 1609 2794 Deus‘non
1645 2728 1803 2782 etiam
1834 2727 2088 2781 universo

513 2817 698 2884 generi
740 2815 998 2871 humano.
1051 2815 1168 2871 Jam
1206 2825 1453 2884 superest
1501 2828 1558 2873 ut
1585 2828 1638 2874 et
1686 2822 1785 2873 lioc
1816 2820 2088 2886 disquira-

518 2917 659 2965 ntus,
695 2919 796 2972 qua
842 2903 910 2957 de
965 2920 1126 2959 causa
1179 2905 1390 2960 dederit
1446 2906 1586 2964 Deus
1636 2908 1844 2963 Adamo
1893 2910 2086 2979 legem.

515 2993 809 3051 Ceuseutus
855 3005 959 3048 aut-
984 3013 1032 3048 tn
1069 2997 1137 3050 ob
1174 2996 1306 3051 bene
1341 2999 1538 3055 inultas
1572 3016 1765 3056 causas
1802 3002 1851 3056 id
1885 3000 2085 3057 factum

512 3104 542 3142 a
591 3088 702 3142 Deo
741 3101 882 3142 esse.
920 3086 1101 3141 Primo
1150 3090 1316 3153 enim,
1368 3099 1427 3145 ut
1478 3091 1642 3146 sciret
1692 3108 1750 3148 se
1800 3093 2084 3147 Dominum
2114 3108 2158 3168 ο

511 3177 954 3246 conditoremque.
999 3176 1195 3232 habere
1231 3179 1319 3247 qui
1369 3179 1470 3233 sibi
1504 3195 1622 3233 eam
1650 3179 1818 3250 legem
1849 3181 2083 3251 impera-

510 3267 695 3330 visset,
740 3281 860 3319 nam
905 3265 1246 3338 dominorum
1285 3278 1368 3321 est
1403 3269 1546 3338 leges
1585 3269 1835 3334 sancire,
1893 3271 2086 3328 deinde

512 3366 574 3412 ut
622 3372 682 3412 se
711 3367 952 3412 creatum
983 3355 1344 3428 ellectumque
1377 3368 1695 3429 agnosceret
1728 3376 1742 3412 :
1774 3360 1970 3430 quippe
2003 3361 2088 3417 lex,

513 3449 786 3502 creaturis
809 3458 974 3516 atque
1021 3447 1226 3502 ct'l'ectis
1260 3449 1422 3504 statui
1470 3440 1638 3515 solet,
1668 3459 1722 3506 ut
1755 3452 1832 3506 ait
1870 3449 2034 3530 David
2067 3469 2080 3504 :

510 3537 702 3593 Statue
733 3537 860 3606 ipsis
893 3539 1268 3607 legislatorcm,
1299 3550 1352 3593 ut
1381 3541 1548 3594 sciant
1575 3552 1752 3612 gentes
1775 3559 1826 3596 se
1848 3543 2082 3597 homines

507 3635 727 3688 esse"'.
757 3631 843 3684 Ad.
871 3631 991 3696 hoc,
1019 3639 1076 3685 ut
1109 3632 1432 3700 intelligeret
1465 3633 1761 3688 libertatem
1791 3634 1889 3688 sibi
1916 3633 2086 3689 lacul-

509 3729 784 3792 tatemque
828 3721 1037 3775 arbitrii
1085 3737 1114 3774 a
1152 3720 1271 3788 Deo
1319 3723 1499 3778 datam
1535 3740 1654 3779 esse
1699 3738 1821 3780 cum
1868 3727 1937 3781 ab
1990 3725 2083 3781 illo

508 3813 874 3879 conderetur;
927 3828 1102 3883 neque
1152 3817 1294 3869 cnim
1361 3817 1530 3886 legctn
1585 3817 1683 3886 ipsi
1735 3818 2090 3887 imposuisset

507 3903 889 3974 particularem
923 3914 977 3960 et
1012 3921 1132 3974 quae
1161 3920 1224 3959 ex
1255 3907 1532 3960 voluntate
1587 3903 1860 3976 penderet,
1909 3925 1976 3964 ne
2015 3909 2082 3964 de

509 3995 707 4049 arbore
745 3996 928 4049 ederet
971 3995 1210 4051 scientiae
1235 4039 1249 4063 ,
1279 3997 1380 4053 nisi
1412 4007 1537 4052 ante
1569 3998 1816 4054 libertate
1847 4008 2082 4066 potesta-

510 4097 672 4156 teque
719 4087 924 4141 arbitrii
957 4089 1158 4158 proprii
1185 4089 1357 4158 ipsum
1410 4089 1684 4154 donasset,
1714 4107 1816 4160 qua
1850 4091 1895 4147 si
1926 4091 2082 4146 vellet

507 4180 825 4234 observaret
849 4179 1041 4248 legem,
1076 4181 1159 4235 sin
1191 4182 1351 4236 nollet
1373 4221 1388 4244 ,
1425 4197 1529 4236 non
1562 4184 1896 4239 observaret.
1936 4184 2078 4240 Pran-

507 4279 657 4324 terea
694 4269 860 4339 legem
895 4271 1014 4326 ideo
1044 4274 1224 4342 posuit
1252 4273 1460 4328 Adamo
1481 4266 1647 4338 Deus,
1687 4286 1744 4330 ut
1774 4277 1944 4330 libero
1993 4277 2078 4346 ip-

509 4361 627 4417 sius
666 4361 890 4417 arbitrio
923 4374 1065 4418 esset
1109 4367 1361 4421 materies
1407 4376 1460 4422 et
1492 4367 1652 4423 veluti
1681 4369 1927 4424 clibanus
1971 4387 2080 4440 quo

2189 513 2469 570 Postremo
2495 514 2564 569 ob
2590 514 2692 568 ltoc
2721 525 2934 583 quoque
2965 512 3069 562 lata
3103 516 3186 562 est
3215 504 3426 558 Atlanto
3453 500 3533 554 les
3568 513 3597 552 a
3624 499 3750 559 Deo,

2191 616 2248 658 ut
2283 606 2370 659 ille
2395 606 2558 660 sciret
2593 613 2755 672 atque
2792 601 3136 672 intelligeret,
3170 583 3397 650 alterum
3429 585 3756 658 Deosnpcr-

2186 697 2308 751 esse
2367 697 2622 751 saeculum
2691 696 2744 748 in
2807 708 2916 763 quo
2999 692 3220 761 dignum
3298 688 3527 755 pretium
3588 682 3755 736 solvet

2191 787 2432 853 utrisque
2455 797 2507 840 et
2534 788 2599 841 iis
2626 786 2717 854 qui
2743 773 3038 838 observant
3064 791 3117 836 et
3145 780 3211 833 iis
3240 779 3332 848 qui
3363 777 3566 829 violant
3585 773 3754 840 leges.

2190 873 2294 929 Sed
2329 865 2848 945 pergunt.qu:erere
2887 869 3133 926 nonnulli
3166 867 3394 922 ulterius
3416 905 3432 927 ,
3454 879 3556 920 cur
3585 862 3755 930 legem

2190 967 2372 1021 tulerit
2397 965 2539 1024 Deus
2565 967 2775 1022 Adamo
2800 980 2963 1035 quam
2991 962 3266 1032 praesciret
3297 960 3475 1030 ipsum
3501 971 3606 1009 non
3638 968 3759 1007 esse

2187 1059 2622 1132 observaturum.
2650 1058 2726 1111 Ad
2756 1058 2857 1112 boe
2879 1056 3054 1127 primo
3077 1045 3473 1128 respondemus
3493 1063 3599 1103 non
3637 1046 3759 1101 ideo

2187 1151 2520 1206 conditorem
2582 1151 2744 1203 Deum
2799 1149 2966 1218 legem
3014 1147 3222 1201 Adamo
3271 1143 3648 1213 imperavisse,
3701 1149 3761 1192 ut

2187 1257 2306 1294 eam
2355 1233 2702 1303 obsenaret‘,
2759 1255 2936 1310 neque
2991 1255 3209 1302 rursus,
3245 1247 3301 1291 ut
3355 1237 3583 1289 violaret
3616 1233 3763 1301 (quo

2187 1343 2368 1390 vestra
2395 1335 2506 1389 haec
2537 1335 2767 1405 quaestio
2795 1342 3006 1404 spectat
3033 1347 3158 1387 eum
3186 1329 3370 1384 dicitis
3401 1345 3415 1383 :
3444 1327 3574 1390 Cur,
3599 1329 3763 1393 quam

2189 1427 2464 1497 praesciret
2492 1428 2642 1482 illum
2678 1428 2849 1498 legem
2884 1441 2992 1481 non
3028 1425 3358 1494 praestitum,
3398 1417 3763 1491 praceperit),

2187 1520 2280 1576 sed
2309 1535 2402 1575 eas
2447 1520 2746 1574 ob-causas
2795 1533 2934 1590 quas
2973 1533 3146 1588 nuper
3189 1512 3763 1572 commemoravimus.

2186 1612 2398 1682 Quippe
2446 1613 2588 1666 aliud
2647 1622 2730 1666 est
2769 1613 3101 1678 observare,
3151 1609 3298 1664 aliud
3331 1621 3437 1661 non
3474 1607 3768 1658 observare

2188 1705 2379 1775 legem,
2443 1713 2496 1758 et
2533 1702 2677 1759 aliud
2719 1704 2860 1759 scire
2905 1718 2963 1758 se
3001 1701 3203 1757 habere
3236 1711 3560 1760 creatorem,
3601 1706 3769 1763 seque

2191 1813 2312 1854 esse
2337 1807 2576 1851 creatum
2616 1804 2671 1850 et
2699 1795 2981 1866 praeditum
3016 1793 3230 1848 arbitrii
3262 1791 3532 1854 libertate,
3570 1787 3767 1856 liuius-

2191 1903 2299 1958 que
2329 1888 2541 1959 generis
2569 1897 2763 1943 caetera
2797 1900 3149 1956 cognoscere.
3189 1884 3456 1939 Praeterea
3487 1881 3720 1936 dicimus
3751 1897 3765 1932 :

2193 1978 2346 2036 Sicut
2385 1980 2656 2049 prcscivit
2683 1979 2836 2034 illum
2870 1994 2978 2034 non
3009 1979 3434 2033 observaturum
3467 1975 3658 2042 legem,
3690 1971 3767 2026 ita

2191 2072 2461 2142 praesciuit
2497 2085 2718 2141 quoque
2751 2069 2996 2125 futurum
3031 2078 3090 2124 ut
3131 2079 3420 2140 postquam
3474 2067 3644 2135 legem
3677 2063 3770 2118 ille

2192 2163 2578 2217 transilivisset
2603 2171 2658 2216 et
2687 2177 2782 2232 per
2812 2171 3092 2231 peccatum
3126 2161 3438 2225 cecidisset,
3474 2159 3591 2229 ipse
3619 2155 3772 2213 veni-

2192 2264 2294 2317 ret,
2325 2255 2634 2319 redimeret,
2665 2254 2975 2308 sublevaret
3005 2255 3154 2308 illum
3191 2270 3220 2308 a
3257 2269 3384 2308 casu
3415 2248 3643 2321 peccati.
3680 2247 3772 2302 In-

2190 2359 2352 2416 super
2397 2347 2565 2416 legem
2597 2347 2718 2402 ideo
2738 2347 2862 2400 tulit
2893 2346 3016 2418 (etsi
3071 2347 3327 2402 violatam
3367 2345 3431 2400 iri
3483 2359 3590 2398 non
3619 2346 3772 2412 igno-

2193 2440 2359 2508 raret)
2383 2453 2492 2507 quo
2525 2439 2940 2506 intelligeretur,
2972 2439 3147 2507 ipsum
3183 2453 3302 2492 esse
3335 2437 3644 2506 Dominum.
3673 2435 3767 2503 qui

2195 2530 2598 2584 condendarum
2655 2530 2832 2601 legum
2868 2530 3088 2584 haberet
3121 2538 3469 2598 potestatem,
3500 2529 3765 2584 Adamum

2192 2636 2320 2694 vero
2352 2630 2658 2675 creaturam
2687 2662 2701 2686 ,
2737 2633 2790 2676 et
2818 2637 2942 2676 cum
2977 2621 3068 2690 qui
3103 2621 3300 2686 merito
3331 2620 3544 2690 legibus
3579 2634 3765 2688 parere

2190 2711 2429 2768 deberet.
2464 2713 2731 2769 Praeterea
2766 2697 2876 2784 quo
2910 2724 3186 2770 constaret
3222 2715 3452 2768 liberum
3479 2714 3764 2768 arbitrium

2191 2807 2273 2859 eis
2301 2805 2647 2876 peculiariter
2682 2820 3007 2860 concessum
3044 2794 3167 2860 esse
3216 2806 3378 2860 rebus
3424 2807 3622 2861 creatis
3647 2819 3767 2874 quas

2191 2900 2401 2953 ratione
2430 2899 2656 2968 pollent,
2694 2907 2753 2952 ut
2783 2914 2952 2968 penes
2981 2899 3128 2968 ipsas
3154 2909 3300 2953 esset
3326 2897 3411 2953 vel
3433 2912 3650 2952 servare
3676 2897 3765 2952 vel

2191 2990 2655 3060 t'rangererleges.
2691 2990 2776 3044 -Ad
2814 2989 2928 3044 haec
2979 2989 3211 3044 sancivit
3261 2988 3433 3058 legem
3484 2986 3761 3057 Deusjam

2193 3094 2305 3138 tum
2338 3082 2630 3152 pt'azsciens
2656 3082 2896 3136 futurum
2926 3092 2984 3137 ut
3013 3082 3328 3148 violaretur,
3381 3096 3492 3151 quo
3516 3096 3578 3135 ea
3606 3080 3766 3135 obse-

2189 3173 2369 3245 quiosi
2402 3190 2432 3228 a
2469 3174 2763 3229 rebellibus
2793 3182 3229 3238 secernerentur,
3265 3173 3536 3243 amicique
3566 3172 3633 3226 ab
3661 3174 3763 3226 lto.

2189 3267 2456 3333 stibus,et
2478 3267 2654 3339 legum
2682 3268 2917 3323 cultores
2949 3282 2979 3321 a
3014 3266 3553 3337 prmvaricatoribus,
3593 3273 3757 3334 atque

2189 3374 2311 3412 cum
2364 3359 2581 3415 illorum
2609 3361 2816 3422 virtus,
2853 3371 2967 3414 tum
3001 3360 3196 3415 lmrum
3234 3358 3504 3414 vitiositas
3532 3355 3759 3412 manife-

2187 3454 2354 3508 staria
2381 3453 2530 3508 lleret
2551 3491 2567 3515 ,
2596 3462 3133 3522 cognoscereturque
3161 3470 3175 3507 :
3210 3451 3424 3507 sublata
3455 3450 3599 3505 enim
3624 3450 3758 3519 lege,

2187 3543 2396 3598 nullum
2449 3543 2592 3598 inter
2641 3547 2906 3613 utrosque
2956 3541 3478 3607 discrimeut‘uerit.
3515 3541 3581 3596 Et
3629 3542 3760 3595 vero

2187 3639 2326 3694 hanc
2352 3638 2514 3692 etiam
2544 3637 2616 3692 ob
2647 3654 2758 3693 rem
2794 3638 2898 3692 lata
2934 3655 2962 3692 a
2991 3635 3100 3697 Deo
3125 3637 3208 3693 les
3239 3645 3346 3699 est,
3377 3651 3542 3708 quam
3578 3643 3774 3698 tamen,

2186 3746 2292 3784 non
2316 3731 2591 3786 nesciebat
2616 3731 3123 3793 transiliendamme
3145 3741 3202 3785 ut
3224 3729 3564 3785 nesciremus
3581 3730 3757 3798 ipsum

2185 3822 2526 3892 tuerito'jure
2574 3823 2641 3878 iis
2679 3825 2772 3893 qui
2813 3820 2916 3890 legi
2967 3831 3219 3894 parerent
3272 3817 3758 3876 retribuere‘deli-

2183 3912 2296 3966 cias
2327 3912 2514 3967 mundi
2540 3953 2555 3978 ,
2585 3923 2883 3982 contraque
2916 3911 3213 3968 rebellibus
3239 3925 3517 3968 aerumnas
3547 3908 3755 3963 mundi.

2184 4003 2457 4067 Prmterea
2508 4013 2568 4059 ut
2619 4005 2654 4059 ii
2685 4005 2776 4075 qui
2828 4005 3036 4060 ratione
3090 4014 3342 4068 utuntur,
3396 4002 3756 4073 intelligerent

2183 4094 2329 4164 quod
2361 4094 2527 4149 alium
2559 4095 2651 4150 ille
2686 4095 2882 4150 habeat
2928 4095 3190 4151 mundum
3244 4095 3298 4150 in
3333 4110 3445 4166 quo
3472 4091 3667 4149 ’merita
3697 4097 3756 4148 in

2183 4203 2460 4257 quemque
2485 4187 2726 4242 conferet
2743 4187 2990 4258 pratmia.
3022 4188 3264 4258 Denique
3286 4202 3396 4242 non
3424 4188 3527 4242 alia
3552 4187 3762 4242 ratione

2183 4277 2514 4347 praescripsit
2581 4277 2729 4333 illam
2784 4279 2994 4334 Adamo
3048 4279 3267 4350 legem,
3325 4295 3492 4350 quam
3553 4279 3762 4336 sciebat

2184 4373 2359 4441 ipsum
2391 4385 2860 4443 transgressurum
2885 4414 2902 4437 ,
2936 4385 3100 4443 atque
3141 4382 3264 4442 post
3313 4373 3437 4428 aliis
3515 4373 3759 4426 mortali-

509 4452 834 4522 proltarctur
859 4493 874 4518 ,
925 4453 1068 4508 sicut
1119 4455 1196 4509 ait
1249 4456 1543 4528 Gregorius
1591 4457 1896 4531 Tlteol0gus
1920 4461 2031 4532 (l7)
2061 4479 2076 4516 :
2111 4449 2154 4503 ι)
2183 4466 2286 4519 bus
2314 4465 2439 4520 lidei
2475 4467 2643 4538 leges,
2676 4482 2783 4523 non
2819 4468 3038 4522 nescius
3093 4466 3359 4536 plurimos
3408 4465 3524 4522 lore
3562 4451 3754 4520 incre-

512 4545 666 4602 Dedit
710 4545 1007 4616 (inquiens)
1043 4548 1212 4618 legem
1239 4589 1256 4614 ,
1293 4549 1573 4605 materiem
1619 4550 1790 4606 libero
1825 4553 2072 4609 arbitrio.

509 4636 665 4690 Sicut
722 4636 864 4691 enim
906 4653 1002 4709 per
1043 4639 1186 4710 ligna
1234 4640 1532 4708 periculum
1581 4642 1642 4696 lit
1676 4643 1742 4696 de
1777 4654 1891 4698 arte
1937 4644 2072 4700 l'abri

506 4727 744 4798 lignatii,
781 4745 849 4786 an
887 4732 1052 4802 probe
1081 4743 1242 4803 atque
1270 4728 1457 4789 esacie
1481 4751 1598 4790 eam
1627 4746 1798 4792 teneat
1818 4777 1833 4803 ,
1869 4752 1936 4791 an
1970 4738 2072 4793 mi-

507 4821 804 4884 ninte,itcm
828 4839 919 4889 per
936 4840 1125 4878 aurum
1144 4833 1365 4894 argeutu
1378 4842 1534 4895 mque
1550 4826 1615 4882 de
1633 4827 1894 4883 attrifabri
1912 4838 2029 4884 arte
2055 4845 2068 4882 :

509 4916 581 4967 ita
630 4929 721 4981 per
773 4915 940 4985 legem
994 4917 1197 4971 Adamo
1251 4920 1601 4974 constitutam
1656 4921 1943 4991 probatum
1989 4930 2076 4977 est

508 5006 679 5075 ipsius
709 5007 935 5063 liberum
965 5009 1274 5077 arbitrium,
1299 5022 1744 5087 compertumque
1767 5015 2071 5070 libertatem

507 5096 678 5166 ipsius
707 5101 982 5154 remissam
1022 5103 1362 5173 solutamque
1390 5119 1512 5160 esse
1545 5120 1607 5160 ac
1637 5107 1808 5174 magis
1842 5122 2074 5176 propen-

505 5190 632 5243 dere
682 5188 748 5242 ad
784 5195 1246 5270 praevaricaudum
1283 5199 1744 5266 peecandumque.
1791 5199 1925 5252 Nam
1976 5215 2071 5253 va-

509 5281 699 5335 luisset
755 5283 974 5350 quidem
1029 5287 1315 5342 observare
1370 5289 1564 5359 legem,
1621 5301 1675 5344 et
1724 5301 1903 5345 tamen
1962 5307 2067 5346 non

505 5371 829 5438 observavit,
860 5377 1037 5446 qualis
1063 5393 1193 5433 sane
1225 5381 1453 5436 facultas
1495 5382 1668 5438 brutis
1699 5384 2067 5438 animantibus

571 5548 617 5582 ’³
671 5556 828 5609 ltum.
867 5569 928 5619 tt,
965 5557 1048 5610 l5.
1127 5559 1171 5588 ⁷³
1199 5552 1385 5614 Matth.
1432 5576 1524 5625 vn,
1563 5562 1647 5620 l2.

566 5731 678 5802 (l7)
709 5730 968 5789 Oratione
998 5732 1053 5788 in
1082 5731 1253 5790 Natali
1281 5736 1504 5792 Christi.

1723 5563 1768 5595 "
1823 5562 1956 5618 Gen.
1997 5579 2072 5631 ix,
2106 5563 2159 5620 4.
2234 5565 2278 5599 ⁷⁸
2309 5564 2467 5623 Num.
2500 5582 2574 5632 vt,
2620 5567 2674 5623 ἓ.

2185 4557 2370 4611 dulos.

2251 4647 2362 4703 Cur
2395 4649 2484 4706 lea:
2506 4652 2849 4720 particularis
2877 4661 3071 4719 praeter
3094 4649 3396 4704 naturalem
3425 4648 3628 4703 Adamo
3653 4666 3754 4717 pa-

2181 4746 2286 4800 sita
2336 4749 2422 4801 sit.
2447 4776 2519 4786 —
2557 4742 2801 4799 Ulterius
2828 4742 3101 4814 quaerunt,
3133 4757 3258 4796 cum
3311 4751 3462 4796 esset
3508 4741 3750 4794 Adamus

2178 4827 2411 4889 naturali
2447 4836 2563 4902 lege
2592 4831 2918 4888 informatus
2941 4847 3064 4902 qua:
3098 4832 3151 4885 in
3180 4829 3532 4885 conscientia».
3547 4829 3751 4899 judicio

2182 4927 2355 4996 posita
2385 4935 2469 4981 est
2513 4925 2720 4979 bonum
2747 4965 2762 4987 .
2791 4941 2822 4980 a
2847 4925 2991 4979 malo
3026 4909 3419 4993 distinguente,
3460 4939 3558 4978 cur
3608 4923 3747 4976 banc

2179 5018 2404 5073 alteram
2441 5017 2818 5086 particularem
2847 5018 3010 5072 etiam
3056 5015 3195 5070 Deus
3248 5017 3346 5086 ipsi
3381 5014 3742 5082 imperaverit.

2177 5126 2243 5163 nc
2272 5110 2455 5163 ederet
2482 5110 2548 5162 de
2576 5109 2770 5162 arbore
2797 5105 3078 5162 scientiae?
3120 5104 3216 5160 llic
3249 5106 3657 5171 respondemus,
3686 5101 3742 5154 id

2175 5201 2379 5256 factum
2409 5215 2535 5256 esse
2569 5215 2679 5270 quo
2723 5198 2990 5254 illustrior
3034 5210 3180 5254 esset
3226 5199 3437 5253 bonitas
3475 5194 3746 5250 Creatoris

2172 5293 2387 5359 Adami,
2438 5302 2499 5348 ut
2541 5293 2634 5364 qui
2691 5307 2799 5346 non
2832 5291 2979 5346 .sivit
3030 5290 3208 5360 ipsum
3247 5291 3412 5345 rebus
3446 5284 3739 5359 majoribus

2173 5385 2415 5440 animum
2466 5401 2632 5441 suum
2679 5398 2946 5454 occupare
2977 5401 2993 5441 :
3025 5383 3218 5438 deinde
3267 5399 3332 5436 ue
3366 5397 3462 5453 per
3503 5389 3735 5434 errorem

2757 5565 2819 5598 ⁷⁸⁸
2851 5565 2994 5622 Psal.
3039 5580 3110 5630 ιι,
3153 5565 3242 5615 ill.
