4008 6342
503 292 608 352 5Σῖ5

1765 285 2000 347 MOSIS
2041 283 2190 344 ΒΑΗ
2228 284 2472 346 CEPII’A

3619 247 3624 251 ’
3644 273 3744 339 sas

449 391 460 398 ’
503 407 678 460 fuerat
716 404 816 460 sibi
852 402 1218 460 interdictum.
1247 400 1381 458 Nam
1421 411 1480 457 ut
1505 413 1711 458 caetera:
1765 415 1956 457 omnes
1981 415 2076 453 vc-
2105 398 2153 456 Δ
2182 398 2328 452 tione
2353 409 2408 453 ct
2439 413 2559 469 qua“:
2613 396 2794 452 anima
2823 401 3032 456 carent,
3066 399 3277 446 natura:
3324 387 3526 458 impetu
3587 374 3746 456 atque

502 496 616 548 ιίιπι
657 495 904 559 fuissent,
937 493 1161 562 solaque
1201 506 1311 547 una
1367 506 1651 561 concessa,
1701 492 1847 546 nulla
1887 499 2066 546 tamen

502 590 676 655 ipsum
709 585 1010 656 subegisset
1041 583 1338 640 necessitas
1359 583 1425 638 de
1453 583 1780 654 reliquarum
1808 598 1913 637 una
1935 598 2072 653 qua-

501 677 644 747 piant
677 688 911 750 gustare,
943 685 1148 746 quanto
1175 676 1359 732 minus
1393 691 1514 732 cum
1544 692 1734 731 omnes
1755 687 1950 747 praeter
1978 691 2071 731 so-

503 769 795 824 lumunam
841 769 1118 838 permissae
1179 777 1378 833 essent,
1434 758 1744 838 ulla‘ipsum
1802 767 2070 836 compulit

502 863 585 917 vis
610 876 726 916 eam
757 875 918 915 unam
958 859 1204 916 arborem
1234 861 1456 915 vetitam
1509 861 1798 928 attingere.
1848 859 2069 914 Certum

500 951 664 1018 igitur
700 964 763 1004 ex
817 949 902 1005 his
933 951 1133 1014 evadit,
1175 949 1390 1018 culpam
1441 949 1494 1004 in
1551 944 2071 1013 Adamo'inbtcrere,

497 1056 607 1092 non
649 1039 703 1094 in
763 1039 936 1110 ipsius
982 1039 1234 1095 cllectore
1273 1040 1404 1095 Deo.
1457 1039 1562 1094 Sed
1603 1048 1658 1094 et
1688 1040 1822 1095 illud
1858 1041 2074 1110 disqui-

499 1128 734 1185 reudum
808 1139 890 1186 cst
929 1146 945 1185 :
995 1129 1172 1185 soliue
1217 1130 1440 1186 'Adamo
1489 1131 1661 1200 legem
1727 1131 2076 1201 imperaverit

497 1223 667 1285 Deus,
687 1233 756 1275 an
782 1235 906 1274 vero
953 1219 1119 1275 etiam
1147 1221 1358 1277 caeteris
1387 1222 1550 1276 rebus
1577 1219 1706 1275 dum
1748 1220 1893 1292 ipsas
1945 1236 2078 1276 con-

505 1309 685 1376 deret,
738 1324 868 1366 suas
915 1312 1114 1381 cuique
1137 1311 1292 1384 leges
1323 1298 1577 1367 dederit?
1611 1311 1850 1367 Dicimus
1873 1322 2078 1376 autem,

501 1402 756 1460 omnibus
837 1402 1003 1459 rebus
1091 1417 1216 1460 esse
1304 1403 1509 1473 positas
1573 1403 1721 1470 leges
1788 1404 2080 1460 :-ratione

504 1493 770 1562 praeditis,
795 1503 850 1549 et
881 1495 1110 1550 rationis
1137 1496 1472 1567 expertibus,
1509 1495 1853 1558 mortalibus,
1891 1503 1944 1551 et
1980 1495 2082 1549 im-

504 1585 863 1651 mortalibus;
902 1586 1178 1651 animatis,
1235 1595 1289 1641 ct
1339 1586 1688 1655 inanimatis;
1743 1601 1864 1657 quae
1914 1601 2078 1642 sensu

506 1676 901 1746 percipiuntur,
957 1687 1010 1732 et
1045 1693 1168 1747 quae
1223 1692 1443 1733 sensum
1507 1683 1724 1734 omnem
1790 1677 2074 1748 eﬂ'ugiunt.

425 1826 429 1830 _
504 1765 665 1831 Nam,
696 1767 865 1837 (verbi
901 1769 1120 1839 gratia),
1155 1769 1364 1840 angelis
1406 1771 1638 1840 primam
1689 1769 1858 1842 legem
1912 1770 2078 1826 dabat

504 1874 632 1914 cum
691 1859 840 1930 ipsos
881 1869 1118 1927 crearet,
1176 1863 1438 1918 adversus
1481 1876 1644 1932 quam
1692 1863 2078 1933 praevaricator

507 1949 698 2016 Satan,
737 1965 862 2006 cum
895 1951 1009 2008 suis
1043 1952 1216 2022 cepiis
1253 1952 1439 2023 lapsus
1467 1961 1588 2020 est;
1617 1953 1816 2011 deinde
1849 1955 2076 2012 alteram

510 2041 626 2096 illis
656 2056 876 2098 rursum
903 2041 1068 2098 dabat
1095 2044 1288 2114 legem,
1319 2054 1377 2100 ut
1411 2060 1499 2101 res
1527 2054 1720 2101 natura
1761 2057 2080 2116 corporatas

511 2133 974 2200 administrarent,
1021 2145 1186 2206 atque
1238 2135 1353 2192 haec
1395 2137 1654 2192 inferiora
1699 2148 1753 2194 et
1782 2152 2080 2211 cognosce-

508 2232 634 2278 rent
663 2233 716 2279 ct
744 2225 1148 2296 gubernarent;
1198 2229 1310 2296 ipsa
1349 2229 1558 2285 scilicet
1583 2237 1789 2285 natura
1813 2230 2079 2286 elementa

511 2324 568 2370 ct
593 2331 716 2385 quas
750 2332 816 2371 ex
871 2319 1156 2375 elementis
1191 2322 1492 2390 composita
1554 2330 1683 2378 sunt
1724 2337 1975 2391 corpora,
2023 2333 2083 2380 ut

437 2425 448 2436 '
513 2409 591 2463 ait
624 2405 956 2467 Pbiloxenus
1003 2427 1254 2467 sermone
1289 2412 1356 2467 de
1393 2417 1589 2468 arbore
1626 2413 1767 2474 vita.
1824 2414 2083 2472 Similiter

515 2507 571 2553 et
603 2499 743 2554 curio
771 2509 824 2556 et
856 2509 1015 2556 terrae
1045 2502 1215 2572 legem
1253 2503 1461 2574 posuit,
1490 2514 1547 2558 ut
1586 2504 1640 2558 in
1671 2520 1852 2560 rerum
1886 2514 2082 2560 natura

514 2592 890 2660 perdurarent,
924 2601 983 2646 ut
1030 2594 1107 2648 ait
1133 2593 1298 2649 David
1333 2612 1350 2651 :
1391 2594 1660 2652 Stabiliuit
1687 2607 1886 2651 terram
1917 2613 2081 2666 supra

515 2683 690 2746 fulcra
719 2699 817 2737 sua
840 2684 908 2738 '°.
943 2683 1156 2742 Rursus
1195 2687 1296 2762 soli
1339 2695 1393 2742 et
1425 2689 1566 2744 lnnre
1605 2688 1925 2760 ceterisque
1954 2689 2084 2744 stel-

516 2775 590 2830 lis
614 2790 746 2832 suas
783 2776 1118 2846 prtescripsit
1159 2777 1328 2850 leges,
1377 2781 1577 2850 quibus
1624 2789 1806 2837 motus
1836 2770 2081 2850 ipsorum

514 2866 794 2938 aequalitas
849 2870 1078 2940 regitur,
1127 2870 1257 2926 dum
1319 2886 1464 2926 nunc
1525 2872 1789 2927 accedunt
1837 2869 2080 2944 propius,

516 2971 664 3012 nunc
693 2961 984 3023 recedunt;
1020 2961 1177 3031 juxta
1206 2961 1336 3016 illud
1369 2961 1614 3033 ejusdem
1652 2961 1870 3020 Davidis
1901 2983 1918 3021 :
1955 2965 2086 3020 Sta-

2172 490 2456 545 eﬂlcientia
2485 489 2756 544 ducuntur
2786 494 2846 540 ut
2871 485 3079 555 legibus
3105 481 3221 539 suis
3245 481 3640 567 obsequantur.
3664 479 3746 534 Ad

2173 583 2322 636 haec:
2354 581 2622 646 homines,
2653 580 2698 633 si
2737 579 2946 639 volunt,
2972 584 3235 641 servant;
3288 574 3333 628 si
3395 573 3592 626 nolunt
3637 586 3744 624 non

2172 683 2392 730 servant
2423 689 2552 731 suas
2586 675 2730 744 leges
2766 688 2784 725 :
2826 671 3059 739 pendent
3105 669 3251 724 enim
3271 683 3334 723 ex
3369 666 3542 720 libero
3567 664 3748 718 bomio

2175 783 2303 821 num
2325 765 2646 820 arbitrio.At
2667 766 2821 818 aliter
2847 778 2906 820 se
2935 762 3132 816 habent
3157 775 3343 814 carum
3371 771 3552 812 rerum
3585 755 3749 824 leges,
3827 787 3830 790 ~

2174 872 2296 922 qua:
2342 857 2555 912 ratione
2581 865 2635 910 et
2681 870 2802 926 qum
2864 869 3025 909 sensu
3075 861 3306 916 vacant;
3360 863 3537 929 neque
3599 845 3743 900 enim

2173 951 2278 1014 leo,
2319 954 2373 1005 et
2430 949 2605 1004 audax
2669 958 2722 1003 et
2758 946 2985 1001 timidus
3032 959 3153 999 esse
3210 951 3420 1014 potest;
3469 953 3644 1006 neque
3673 937 3750 990 le-

2176 1055 2300 1110 pus,
2335 1038 2563 1110 pavidus
2595 1047 2648 1092 et
2673 1037 2996 1107 impavidus,
3028 1034 3118 1090 sed
3147 1047 3252 1087 una
3276 1029 3500 1084 audacia
3529 1027 3747 1082 leonum

2175 1145 2279 1196 est,
2316 1148 2483 1203 pavor
2509 1147 2640 1186 vero
2673 1132 2823 1187 solus
2856 1130 3122 1198 leporum.
3164 1125 3348 1193 Neque
3398 1129 3461 1174 ut
3511 1121 3594 1174 leo
3641 1134 3749 1174 non

2176 1228 2246 1283 sit
2278 1227 2486 1292 audax,
2524 1224 2608 1279 vel
2656 1224 2807 1293 lepus
2845 1217 2972 1288 ,'non
3018 1219 3177 1291 fugax
3231 1217 3344 1272 ﬁeri
3382 1223 3575 1284 potest.
3604 1213 3752 1266 Con-

2179 1327 2501 1376 sentaneum
2532 1317 2698 1388 igitur
2728 1326 2834 1381 est,
2869 1315 2981 1368 haec
3012 1313 3058 1368 si
3100 1311 3217 1366 suis
3258 1309 3462 1380 legibus
3499 1315 3749 1376 pareant,

2181 1429 2286 1467 non
2336 1413 2457 1467 ideo
2485 1411 2648 1480 digna
2671 1425 2798 1465 esse
2828 1406 3072 1479 praemio,
3099 1403 3320 1474 quando
3364 1401 3510 1455 nttlla
3543 1398 3751 1452 arbitrii

2180 1503 2432 1558 libertate
2465 1502 2691 1571 pollent,
2725 1499 2816 1554 sed
2847 1507 3063 1572 naturze
3085 1493 3318 1550 vinculis
3349 1491 3640 1546 constricta
3675 1497 3756 1543 tc—

2182 1604 2378 1650 nentur
2410 1611 2424 1648 :
2461 1609 2563 1648 nos
2594 1608 2724 1648 vero
2771 1577 3204 1655 vel'observare,
3255 1585 3340 1640 vel
3377 1584 3579 1639 violare
3610 1583 3755 1651 leges

2181 1686 2339 1741 nobis
2369 1685 2670 1754 imperatas
2709 1683 2954 1754 quimus,
2994 1680 3278 1736 Postremo
3311 1677 3416 1732 hoc
3443 1676 3608 1731 etiam
3658 1673 3760 1727 ad-

2181 1778 2418 1833 dendum
2459 1776 2565 1831 huc
2617 1775 2893 1838 duximus.
2935 1772 3094 1828 nobis
3144 1772 3370 1840 insuper
3395 1781 3515 1824 esse
3555 1763 3759 1819 inditas

2184 1870 2346 1924 etiam
2375 1869 2546 1938 leges,
2590 1865 2698 1921 illis
2743 1863 2952 1935 legibus
3013 1869 3387 1918 creaturarum
3433 1857 3643 1913 ratione
3697 1861 3758 1907 et

2185 1977 2346 2017 sensu
2429 1959 2732 2015 carentium
2826 1955 3058 2012 similes.
3113 1952 3276 2008 Verbi
3325 1950 3527 2021 gratia;
3582 1945 3759 2003 oculis

2186 2054 2388 2117 nostris
2414 2051 2573 2106 insita
2607 2058 2688 2106 est
2724 2064 2756 2105 a
2787 2048 2896 2103 Deo
2922 2049 3003 2102 lex
3037 2045 3276 2109 videndi,
3303 2043 3550 2108 auribus,
3605 2039 3762 2095 audi—

2185 2146 2354 2214 endi;
2413 2145 2617 2217 palato.
2654 2141 2947 2215 gustandi;
3005 2141 3248 2206 naribus,
3287 2135 3584 2212 odorapdi;
3629 2149 3762 2188 ven-

2188 2237 2405 2304 triculo,
2448 2233 2866 2306 concoquendi;
2906 2243 3069 2304 atque
3103 2233 3176 2287 ita
3229 2231 3444 2287 czeteris
3495 2227 3760 2284 membris

2187 2344 2314 2385 Suas
2347 2328 2542 2384 indidit
2570 2342 2750 2382 rerum
2775 2325 2965 2396 Opilex
3007 2323 3350 2381 elitcacitates
3379 2337 3479 2394 pro
3506 2320 3710 2392 legibus
3737 2336 3754 2372 :

2190 2422 2329 2489 Quia
2360 2437 2463 2494 quo
2495 2419 2582 2475 die
2600 2420 2838 2474 comede:
2892 2417 2956 2472 de
2983 2435 3066 2479 ca.
3115 2427 3281 2471 morte
3319 2414 3582 2469 morieris.
3635 2411 3759 2466 Hec

2175 2515 2367 2570 oratio
2405 2514 2587 2569 minas
2640 2520 3020 2580 terroremque
3075 2509 3345 2572 continet,
3372 2516 3432 2563 ut
3478 2522 3584 2576 qua
3619 2505 3762 2560 Deus

2189 2607 2419 2671 Adamo,
2461 2605 2508 2662 si
2561 2602 3007 2675 praevaricaretur
3029 2609 3082 2656 et
3111 2601 3177 2655 de
3209 2599 3402 2655 arbore
3435 2598 3525 2652 illa
3555 2598 3759 2663 ederet,

2188 2696 2534 2752 obnuntiavit
2568 2693 2894 2765 periculum.
2927 2691 3030 2748 Sed
3051 2690 3332 2762 quaeritur,
3371 2703 3479 2759 qua
3501 2689 3567 2768 de
3593 2703 3762 2743 causa

2190 2788 2266 2844 illi
2304 2792 2376 2843 sit
2407 2786 2784 2842 interminans.
2810 2783 3005 2839 Facilis
3035 2791 3118 2839 est
3153 2781 3460 2852 responsio.
3480 2790 3542 2836 ut
3569 2797 3598 2835 a
3630 2779 3753 2836 vio-

2157 2912 2159 2914 -
2193 2877 2807 2950 lamlalege,illiusmodi
2841 2875 3028 2938 minis,
3053 2882 3108 2929 et
3129 2889 3302 2944 preme
3331 2872 3577 2944 periculo
3605 2870 3763 2927 cubi-

2192 2973 2435 3036 beretur,
2467 2985 2632 3040 quam
2672 2968 2776 3024 sibi
2800 2967 3140 3038 delinquenti
3194 2976 3394 3036 praesto
3451 2964 3758 3020 adiuturam

515 3051 617 3108 uit
655 3051 822 3121 ipsum
866 3053 921 3106 in
941 3054 1195 3119 secutum
1223 3055 1426 3120 sa'cull,
1457 3056 1618 3128 legem
1667 3059 1834 3126 dedit,
1878 3067 1929 3113 et
1983 3073 2083 3113 non

2192 3064 2489 3134 praeseiret.
2521 3061 2694 3132 Leges
2715 3062 2857 3115 enim
2891 3075 2986 3130 per
3015 3069 3124 3114 tres
3166 3072 3362 3113 causas
3409 3056 3521 3111 lere
3567 3057 3762 3111 obser-

515 3145 808 3212 pra-teribit
835 3145 898 3200 “.
941 3144 1187 3217 Denique
1221 3157 1274 3202 et
1309 3163 1459 3205 mare
1502 3164 1658 3205 suam
1685 3167 1715 3204 a
1758 3149 1871 3214 Deo
1915 3151 2082 3220 legem

517 3237 923 3307 accepit,ipsam
937 3253 1163 3294 arenam
1185 3259 1200 3308 ;
1222 3241 1288 3295 ad
1308 3243 1611 3311 quamdum
1634 3244 1907 3300 inundans
1927 3253 2090 3314 atque

520 3343 846 3396 procurrens
867 3332 1146 3403 pertingit,
1183 3335 1396 3390 sistitur
1424 3349 1601 3406 neque
1631 3335 1802 3406 ipsam
1834 3340 2088 3406 prmtcrit.

519 3421 664 3486 Quin
699 3431 753 3477 et
785 3422 991 3490 herbis,
1027 3427 1352 3493 seminibus,
1385 3427 1672 3482 arboribus
1719 3427 1803 3482 lex
1833 3427 1959 3483 data
1986 3437 2090 3491 est,

522 3520 582 3563 ut
632 3510 917 3580 pullulent,
966 3524 1391 3586 augescantque.
1448 3515 1739 3574 Postremo
1792 3519 2091 3574 animantia

520 3605 704 3659 omnia
733 3620 856 3673 qua:
896 3609 1106 3664 ratione
1145 3617 1349 3676 carent,
1381 3597 1620 3680 generali
1646 3611 1750 3668 hac
1776 3610 1892 3682 lege
1918 3611 2092 3666 infor-

523 3697 713 3760 mavit,
745 3707 804 3753 ut
837 3713 926 3754 res
953 3714 1116 3756 sensu
1179 3708 1282 3758 suo
1331 3702 1608 3773 percipere
1651 3711 1706 3760 et
1761 3712 1912 3760 motu
1971 3719 2094 3762 sese

523 3788 730 3859 agitare
763 3800 987 3861 queant.
1055 3792 1328 3848 Caeterum
1386 3794 1637 3850 leonibus
1691 3796 2093 3866 particulariter

522 3876 803 3939 audaciam
827 3897 928 3953 pro
959 3883 1078 3955 lego
1129 3884 1307 3950 dedit;
1369 3887 1668 3956 leporibus,
1709 3889 2090 3957 timiditatem;

518 3972 828 4043 pantheris.
855 3975 1116 4047 unguenti
1150 3991 1432 4038 amorem;
1465 3980 1738 4050 vulpibus,
1772 3981 2094 4037 fraudulen-

520 4067 652 4120 tiam
682 4074 844 4139 atque
871 4069 1174 4145 asturiam;
1211 4071 1388 4141 agnis,
1429 4088 1617 4143 puram
1649 4073 2048 4145 simplicitatem
2075 4095 2089 4143 ;

523 4159 743 4228 aquilis,
805 4175 1002 4216 saevam
1057 4157 1444 4234 rapacitatem;
1491 4165 1781 4232 columbis,
1832 4166 2094 4222 innocen-

523 4251 695 4318 tiam;
755 4261 917 4323 atque
971 4254 1040 4308 ita
1094 4256 1162 4310 de
1187 4257 1399 4311 ctetcris
1428 4257 1636 4330 legibus
1669 4261 2094 4328 particular-ibus

521 4360 696 4416 quaen
733 4344 842 4400 Deo
900 4346 1224 4412 bestiarum,
1265 4350 1470 4416 avium,
1525 4352 1803 4420 reptilium
1856 4351 2093 4424 denique

2194 3164 2424 3208 rantur:
2461 3162 2552 3207 aut
2575 3167 2669 3221 per
2693 3166 2932 3206 amorem
2953 3164 3062 3220 quo
3084 3148 3448 3219 legislatorem
3481 3147 3766 3219 prosequi-

2194 3262 2338 3314 mur,
2375 3251 2470 3300 aut
2518 3260 2612 3314 per
2645 3243 2850 3314 praemii
2885 3256 3035 3312 spem
3065 3241 3208 3311 quod
3243 3239 3561 3310 parentibus
3602 3237 3762 3294 nobis

2193 3338 2533 3410 prepositum
2567 3345 2670 3400 est,
2697 3344 2793 3391 aut
2823 3334 3056 3404 denique
3084 3348 3178 3403 per
3203 3342 3406 3388 metum
3433 3315 3606 3402 plena:
3639 3346 3764 3400 qua

2197 3429 2549 3500 peccantibus
2579 3437 2662 3511 est
2692 3427 3014 3499 praestituta.
3060 3423 3174 3480 Huc
3207 3424 3371 3496 igitur
3417 3432 3625 3494 spectat
3674 3421 3768 3478 illa

2192 3522 2549 3578 comminatio
2597 3536 2702 3591 qua
2740 3533 2870 3575 usus
2901 3513 3041 3574 Deus
3073 3519 3154 3591 ait
3186 3536 3201 3573 :
3235 3515 3352 3583 Quo
3402 3516 3488 3570 die
3529 3515 3768 3570 comedet

2193 3615 2258 3670 de
2278 3631 2361 3681 ea,
2393 3625 2562 3668 morte
2586 3613 2866 3676 morieris;
2901 3619 2960 3666 ut
3010 3607 3056 3664 si
3084 3609 3175 3666 illo
3224 3607 3500 3680 prioribus
3553 3608 3769 3664 duabus

2195 3706 2378 3762 causis
2421 3704 2566 3760 haud
2604 3703 2956 3759 induceretur
2999 3699 3066 3756 ad
3101 3700 3427 3771 parendum,
3487 3707 3765 3771 postrema

2197 3801 2387 3854 saltem
2420 3797 2536 3852 htec
2567 3796 2586 3864 (
2617 3792 2866 3865 supplicii
2891 3801 3036 3846 metu
3081 3791 3224 3863 dico)
3253 3792 3306 3846 in
3355 3789 3536 3846 oilicio
3590 3792 3765 3862 ipsum

2195 3890 2521 3944 contineret.
2559 3884 2695 3940 Nam
2742 3894 2796 3940 et
2847 3883 2977 3939 illud
3027 3897 3246 3954 quoque
3297 3881 3667 3952 intelligimus,
3701 3891 3763 3936 ut

2201 3995 2414 4050 paruam
2442 3979 2680 4034 minatus
2709 3986 2793 4034 est
2822 3977 3061 4046 peccanti
3096 3976 3262 4041 Deus,
3299 3975 3373 4029 ita
3403 3982 3458 4029 et
3483 3973 3764 4044 praemium

2198 4087 2316 4126 esse
2351 4071 2652 4140 pollicitum
2686 4067 3031 4139 obsequenti,
3060 4067 3308 4139 quamvis
3342 4065 3448 4121 hoc
3476 4081 3653 4137 neque
3681 4067 3766 4120 die

2203 4165 2346 4219 xerit
2394 4178 2571 4232 neque
2604 4161 2886 4232 scripserit
2920 4161 3078 4215 divus
3111 4158 3312 4235 Moses.
3358 4159 3453 4213 sed
3484 4158 3790 4213 contentus
3848 4172 3850 4174 '

2200 4272 2372 4328 ptume
2399 4255 2734 4315 meminisse.
2763 4253 2832 4310 de
2865 4252 3092 4324 prmuio
3137 4251 3388 4306 tacuerit.
3438 4247 3768 4306 Promiserat

2201 4351 2370 4414 enim,
2419 4349 2464 4403 si
2502 4348 2690 4419 posita:
2737 4346 2841 4417 legi
2887 4353 3120 4416 pareret,
3166 4344 3561 4415 permissurum
3611 4341 3764 4399 seilli

520 4437 732 4492 nturis
785 4446 912 4493 sunt
966 4439 1256 4508 impositae,
1303 4439 1446 4496 sicut
1503 4442 1707 4512 prolixe
1756 4443 1986 4498 antehac
2036 4445 2089 4498 in
2129 4441 2170 4495 D
2201 4451 2258 4497 ut
2282 4443 2349 4497 de
2373 4441 2568 4496 arbore
2623 4441 2748 4495 vita:
2789 4439 2994 4504 ederet,
3045 4445 3209 4506 atque
3262 4435 3337 4490 ita
3366 4435 3533 4489 vitam
3571 4436 3768 4489 viveret

519 4543 588 4584 eo
627 4528 768 4584 libro
816 4545 976 4600 quem
1008 4528 1074 4584 de
1112 4547 1205 4586 sex
1250 4531 1444 4586 diebus
1474 4531 1720 4598 iecimus,
1756 4549 1786 4588 a
1826 4533 1981 4590 nobis
2008 4544 2092 4589 est

444 4659 448 4662 .
520 4630 818 4676 ostensum.
859 4621 1099 4692 Denique
1129 4623 1452 4693 interrogari
1485 4626 1642 4690 solet,
1675 4625 1874 4695 quibus
1925 4627 1978 4680 in
2011 4641 2096 4681 rc-

521 4711 624 4766 lms
661 4711 909 4766 dill'erant
938 4728 1014 4766 ea:
1047 4713 1193 4784 leges
1224 4730 1361 4783 quas
1392 4714 1536 4770 Deus
1560 4717 1817 4785 imposuit
1848 4716 2097 4771 animau-

519 4807 668 4862 tibus
695 4804 917 4860 ratiOuis
947 4805 1280 4874 expertibus,
1315 4807 1584 4874 rebusque
1617 4806 1736 4862 aliis
1769 4797 2096 4878 corporalis,

519 4913 642 4965 qua!
671 4908 726 4952 et
756 4896 934 4950 aninta
963 4906 1018 4952 et
1047 4912 1210 4953 sensu
1241 4897 1452 4962 carent,
1495 4900 1563 4954 ab
1595 4900 1932 4969 illis‘legihus
1956 4917 2093 4971 quas

525 4989 833 5044 horninibus
892 4991 1221 5058 praescripsit
1282 5001 1335 5044 et
1377 4990 1499 5046 aliis
1556 4993 1836 5046 creaturis
1886 4995 2094 5048 ratione

525 5082 786 5150 pra-ditis.
833 5082 914 5138 Ad
943 5084 1045 5160 hoc
1074 5083 1490 5153 respondemus.
1522 5083 1772 5154 plurimis
1809 5099 1902 5138 eas
1954 5084 2094 5138 inter

520 5188 578 5227 se
605 5173 775 5226 modis
804 5174 1042 5234 dillerre.
1086 5174 1218 5229 Nam
1255 5175 1427 5245 legum
1463 5191 1581 5245 qua:
1622 5175 1934 5230 horninibus
1978 5175 2097 5230 latze

524 5274 674 5325 sunt.
713 5267 765 5320 in
793 5266 906 5336 ipsa
931 5269 1209 5322 voluntate
1225 5269 1396 5338 posita
1431 5266 1868 5331 estobservatio;
1905 5282 2092 5322 earum

528 5360 653 5414 vero
675 5360 852 5431 legqu
885 5362 1126 5415 custodia
1186 5377 1305 5429 qua:
1372 5376 1472 5415 nec
1534 5359 1715 5414 anima
1769 5374 1867 5414 nec
1929 5375 2092 5414 sensu

529 5452 764 5518 prmditis
842 5451 1008 5507 rebus
1087 5451 1352 5520 imposita:
1411 5461 1560 5516 sunt,
1623 5452 1674 5505 in
1733 5451 1848 5520 ipsa
1905 5465 2091 5505 earum

473 5539 478 5544 ’
530 5551 721 5594 natura
755 5551 832 5595 est
870 5542 993 5595 sita.
1040 5540 1178 5594 Tum
1215 5538 1463 5594 homines
1507 5541 1751 5595 doctrina
1791 5540 2097 5594 formantur

527 5635 593 5689 ad
636 5634 966 5703 prmstandas
1000 5636 1146 5704 leges
1171 5648 1308 5705 quas
1353 5633 1590 5696 debent;
1629 5641 1682 5686 at
1722 5647 1784 5688 ea
1842 5648 1960 5704 quae
2009 5647 2095 5687 ra-

595 5731 642 5762 ”
682 5731 826 5788 Psal.
852 5747 962 5794 cm,
996 5733 1046 5786 ὕ.
1124 5731 1164 5763 ⁸¹
1195 5731 1335 5788 Paul.
1361 5746 1579 5796 rth'ttt,
1604 5730 1656 5785 6.
1745 5778 1756 5782 -

2198 4534 2606 4604 sempiternam,
2645 4529 3080 4599 immortalisque
3131 4527 3403 4591 evaderet,
3436 4517 3602 4596 idque
3643 4525 3766 4580 hinc

2199 4636 2435 4692 constat,
2476 4623 2622 4696 quod
2655 4624 2744 4678 ubi
2778 4621 2979 4677 edisset
3011 4619 3249 4675 Adamus
3273 4618 3342 4673 de
3378 4618 3575 4673 arbore
3602 4619 3767 4673 scien-

2201 4719 2308 4787 tiae,
2340 4717 2534 4772 dixerit
2569 4714 2748 4771 Deus:
2786 4711 2868 4766 Ne
2897 4711 3034 4780 forte
3069 4709 3316 4764 extendat
3352 4725 3571 4762 ntauum
3592 4723 3761 4767 suam.
3854 4708 3860 4713 '

2203 4823 2250 4866 et
2284 4819 2457 4864 sumat
2493 4810 2557 4862 de
2585 4807 2772 4860 arbore
2817 4806 2958 4870 vitae,
2997 4802 3216 4874 edatque
3245 4818 3308 4855 ac
3334 4802 3472 4855 uiuat
3501 4801 3558 4854 in
3586 4815 3767 4870 perpe-

2204 4913 2294 4955 tuo
2330 4920 2344 4955 :
2372 4909 2656 4971 prmterea,
2680 4897 2821 4966 quod
2852 4907 3022 4950 morte
3048 4903 3106 4949 ut
3149 4908 3323 4964 paena:
3351 4893 3601 4963 opposita
3631 4891 3676 4947 si
3704 4908 3762 4946 ex

2203 4995 2432 5048 adverso
2483 4992 2591 5044 vita
2645 5000 2845 5042 arterua
2900 4987 3055 5057 quasi
3124 4985 3429 5056 praemium,
3464 4992 3520 5039 et
3559 4983 3765 5038 mortali

2203 5085 2498 5140 conditioni
2533 5097 2692 5150 quam
2719 5082 3025 5136 minabatur
3057 5079 3196 5132 Deus
3230 5078 3584 5143 immortalis,
3611 5092 3764 5148 quau

2205 5175 2576 5248 promittebat.
2601 5175 2788 5238 Porro,
2825 5173 2915 5227 ubi
2945 5173 3010 5225 de
3043 5171 3156 5241 lege
3178 5186 3340 5240 quam
3372 5170 3581 5224 Adamo
3610 5171 3766 5238 impe-

2205 5277 2420 5324 raverat
2451 5267 2592 5321 Drus
2649 5248 2864 5321 locutus
2907 5271 2992 5318 est
3049 5261 3247 5325 Moses,
3305 5263 3653 5333 progreditur
3705 5261 3764 5313 ad

2205 5357 2494 5412 dicendum
2558 5358 2621 5410 de
2653 5355 2972 5409 concinnata
3031 5350 3371 5424 formataque
3425 5351 3560 5413 Eva,
3603 5353 3766 5421 deque

2206 5448 2501 5503 bestiarum
2535 5457 2588 5503 et
2612 5447 2877 5517 pecudum
2912 5446 3305 5514 procreatioue,
3360 5454 3414 5500 et
3442 5445 3510 5498 de
3535 5441 3762 5520 [nomini-

2214 5543 2316 5597 bus
2351 5542 2551 5612 quibus
2583 5541 2683 5616 has
2731 5531 3018 5608 appellavit
3045 5539 3236 5602 Adam,
3283 5536 3573 5606 inquiens:
3603 5535 3666 5589 Et
3695 5533 3764 5586 ait

2203 5630 2459 5686 Dominus
2493 5629 2629 5684 Deut
2651 5649 2663 5685 :
2689 5626 2809 5683 Non
2839 5637 2912 5684 cat
2943 5631 3130 5688 bonum
3162 5629 3421 5685 Adamum
3453 5645 3562 5685 esse
3583 5627 3765 5691 solm.
