4008 6342
127 338 293 405 537’

1224 333 1326 395 DE
1361 319 1773 393 PARADISO.
1810 356 1879 407 .-
1922 330 2121 392 PARS
2158 330 2211 392 Ι.

3248 328 3359 392 538

184 448 287 505 Cur
317 446 511 500 Adamo
546 456 724 501 creato
776 462 879 500 non
910 445 1103 501 dixerit
1139 445 1281 501 Deus
1314 444 1509 502 bonum
1559 462 1672 500 esse
1697 448 1744 506 Δ
1773 445 2030 506 Numine.
2090 455 2144 499 ct
2182 443 2235 498 in
2270 444 2499 499 aliarum
2548 442 2814 497 virtutum
2865 443 3129 499 exercitio
3182 444 3357 505 virum

120 540 247 613 quod
285 539 604 609 [κείσεαι.-
645 537 787 616 Sunt
817 554 882 593 ex
920 524 1308 610 interpretibus
1353 539 1446 609 qui
1488 538 1672 594 dicant

121 624 356 686 ea’vcrba
385 643 416 683 a
448 630 555 684 Deo
587 630 936 697 pronuntiata
963 645 1087 689 esse
1133 646 1264 686 voce
1287 644 1410 701 qute
1472 631 1525 685 in
1573 644 1671 685 au-

120 720 285 776 diendi
328 735 548 775 sensum
613 717 852 787 caderet,
892 722 957 776 ad
989 721 1351 777 erudiendum
1404 722 1669 775 Adamutn

117 814 514 882 docendumque
567 802 712 884 quod
765 814 905 870 Deus
957 807 1171 870 creator
1229 815 1322 879 sit,
1375 814 1671 884 ipse'vcro

117 918 228 958 cum
249 916 415 957 uxore
444 902 716 973 rebusque
732 904 1001 974 aliisqua!
1030 920 1261 976 usquam
1286 914 1489 966 essent,
1512 919 1671 960 crea-

98 1002 257 1046 turae.
286 990 553 1058 Cales-um
582 1009 683 1049 cur
719 1009 843 1050 cum
899 996 1149 1051 ﬁnxisset
1209 996 1352 1051 Deus
1396 996 1665 1050 Adamum

115 1098 209 1138 non
257 1084 473 1150 dixerit,
506 1085 689 1155 videre
722 1102 779 1141 se
806 1088 856 1143 id
897 1087 1040 1157 quod
1066 1085 1398 1145 condidisset
1427 1105 1548 1144 esse
1568 1089 1664 1143 bo-

115 1191 251 1238 num,
280 1174 422 1231 sicut
458 1176 526 1231 de
559 1177 782 1246 reliquis
814 1179 976 1234 rebus
1016 1194 1048 1234 a
1101 1196 1162 1235 se
1214 1180 1420 1237 effectis
1459 1182 1667 1236 dixisse

113 1274 464 1334 memoratur;
501 1268 777 1339 duplicem
807 1271 1188 1328 existimamus
1235 1287 1357 1327 esse
1384 1286 1607 1327 causam
1646 1289 1663 1327 :

109 1361 339 1422 alteram.
372 1361 502 1433 quia
529 1361 618 1417 hic
665 1348 916 1418 dicturus
967 1373 1086 1419 erat
1116 1381 1225 1421 non
1285 1379 1406 1420 esse
1436 1365 1662 1430 bonum,

106 1466 279 1521 parum
316 1453 461 1508 enim
488 1453 579 1509 illa
606 1453 717 1509 duo
742 1455 883 1510 inter
910 1444 1356 1512 secousentanea
1388 1455 1623 1511 fuissent
1645 1472 1672 1520 ;ι

88 1543 337 1610 alteram,
389 1544 517 1615 quia
573 1545 629 1599 iu
682 1546 931 1602 libertate
959 1548 1185 1614 arbitrii
1238 1550 1370 1605 Adze
1418 1552 1656 1618 positum

101 1646 225 1697 erat,
251 1644 306 1690 ιιι
334 1645 430 1691 aut
457 1636 631 1693 bonus
661 1648 757 1693 aut
791 1656 897 1697 non
924 1641 1134 1697 'bonus
1162 1638 1310 1697 esset
1345 1660 1361 1698 :
1397 1643 1523 1698 Non
1554 1658 1656 1711 est,

105 1728 290 1797 inquit,
330 1728 545 1793 honuni,
571 1730 833 1789 Adamnm
855 1750 969 1787 esse
995 1735 1187 1790 solum.
1214 1735 1355 1802 Quid
1388 1737 1551 1808 igitur
1576 1738 1658 1793 fa-

1778 536 1894 606 ipsa
1938 535 2209 607 adjuvat:
2260 551 2385 590 nam
2436 547 2497 590 ut
2553 534 2757 590 Paulus
2789 534 2864 589 ait
2893 534 3135 589 :Clm'ui
3188 522 3357 599 salus,

1776 636 1826 680 et
1854 627 1981 682 viris
2034 638 2085 682 et
2115 627 2345 697 feminis'
2366 641 2432 680 ex
2480 642 2628 696 inquo
2661 636 2740 683 est
2770 628 3063 681 communis
3093 627 3159 681 ⁸¹.
3191 626 3348 693 Quod

1776 732 1940 787 porro
1988 718 2170 773 addit:
2204 717 2397 784 Qualis
2430 717 2540 785 ipse
2559 725 2659 780 est,
2706 715 2935 786 perinde
2980 722 3065 769 est
3098 731 3160 769 ae
3190 719 3242 771 si
3274 716 3360 770 di-

1775 812 1885 869 cat,
1945 820 2065 874 qua:
2145 806 2335 869 eadem
2390 813 2597 858 natura:
2662 804 2980 859 conditione
3051 818 3176 858 cum
3240 805 3358 857 viro

1758 899 2001 968 praedita
2028 896 2145 969 .sit,
2210 912 2317 950 non
2367 904 2549 950 autem
2606 900 2729 966 qua:
2776 904 2857 950 ut.
2906 895 3081 951 bestia
3137 896 3218 950 vel
3264 896 3356 965 ju-

1775 1000 2038 1054 mentum,
2079 1003 2298 1059 operam
2344 988 2417 1042 illi
2474 995 2718 1057 praestet,
2749 1000 2871 1056 quae
2902 987 3136 1042 humana
3169 996 3360 1041 carent
3404 1070 3408 1075 '

1772 1081 1973 1136 indole.
2035 1080 2299 1135 Praeterea
2349 1082 2634 1151 paritatetn
2700 1077 2919 1151 queque
2975 1090 3207 1144 naturae,
3265 1080 3355 1135 illa

1756 1175 1959 1240 verba,
2016 1183 2074 1229 et
2103 1174 2625 1244 consimilitudiuem
2677 1174 2732 1229 in
2773 1184 3007 1244 utroque
3056 1189 3187 1228 sexu
3260 1188 3376 1228 os-v

1768 1265 2017 1332 tendunt,
2061 1267 2134 1322 ita
2190 1275 2250 1325 ut
2276 1267 2550 1331 neutrius,
2605 1268 2687 1322 vel
2744 1266 3093 1337 praestantior
3123 1266 3204 1320 vel
3254 1268 3343 1323 de-

1756 1359 1966 1416 sertior
2039 1359 2341 1415 existimari
2404 1360 2622 1414 debeat.
2672 1358 2914 1427 Denique
2977 1357 3110 1414 cutn'
3177 1358 3351 1414 tribus

1768 1451 1881 1505 fere
1944 1450 2145 1516 modis,
2187 1466 2284 1507 eos
2336 1451 2432 1520 qui
2507 1452 2648 1506 alios
2697 1451 2961 1518 adjuvant
3015 1450 3351 1518 distinguere

1765 1541 2041 1625 soleamus
2085 1546 2205 1611 (aut
2240 1544 2401 1599 enim
2456 1544 2633 1625 major
2655 1557 2813 1614 opem
2846 1540 2952 1597 fert
3002 1542 3224 1605 minori,
3255 1552 3350 1597 aut

1766 1612 1943 1692 minor
1979 1636 2239 1707 majorem
2273 1636 2449 1706 juvat,
2480 1616 2574 1692 aut
2622 1612 2851 1706 aqualis
2875 1637 3073 1707 aequali
3106 1651 3345 1706 operam
3387 1685 3392 1691 .

1763 1728 2076 1784 commodat
2117 1744 2134 1793 ;
2177 1729 2327 1785 verbi
2380 1730 2577 1799 gra’tia,
2636 1728 2911 1789 interdum
2970 1744 3064 1784 rex
3111 1728 3349 1798 opitula-

102 1822 183 1874 διο
226 1836 363 1890 opus
394 1829 478 1876 est
505 1832 563 1877 ut
599 1823 764 1878 faciat
805 1826 853 1879 ei
904 1826 1278 1895 adiutorium?
1313 1804 1454 1884 Nam
1504 1832 1574 1886 si‘
1609 1833 1659 1888 id

1768 1828 1857 1874 tur
1888 1818 2115 1875 humilis
2147 1806 2479 1887 conditionis
2515 1815 2658 1884 viro,
2714 1827 2770 1873 et
2806 1818 2972 1872 etiam
3003 1818 3094 1875 ubi
3136 1832 3348 1887 pauper

99 1914 228 1981 quod
250 1929 353 1967 non
367 1923 452 1969 est
477 1914 676 1969 bonum
706 1915 1060 1986 rejiciendum
1082 1929 1188 1987 es',
1212 1921 1341 1976 illud
1370 1906 1501 1978 sane
1521 1925 1664 1993 quozl

100 2005 286 2059 bonum
314 2016 421 2073 est,
452 2008 611 2076 plane
642 2017 698 2063 ut
728 2010 1110 2065 “constituatur
1159 2014 1447 2079 convenit;
1498 2030 1666 2085 nega-

99 2097 167 2150 tio
203 2096 342 2151 enim
391 2098 439 2153 si
499 2098 647 2168 falsa,
685 2100 1242 2163 sit,‘aﬂirmationem
1298 2120 1421 2162 esse
1474 2088 1660 2162 veram

100 2201 368 2245 necessum
396 2202 480 2246 est
508 2209 523 2257 ;
564 2200 691 2246 sunt
723 2194 866 2247 enim
911 2194 999 2249 illa
1029 2196 1132 2251 sibi
1174 2196 1316 2252 inter
1358 2196 1419 2254 se
1450 2215 1517 2253 ex
1544 2201 1667 2255 dia-

98 2289 259 2334 metro
301 2282 549 2350 opposita
596 2301 610 2336 :
673 2282 892 2338 Fariam
950 2287 1054 2353 ipsi
1107 2288 1437 2356 adjutorium
1489 2291 1664 2360 quatis

96 2369 194 2439 ipse
219 2383 315 2425 est.
348 2372 530 2442 Nuper
561 2374 774 2431 dicebat
804 2376 947 2433 Deus
974 2395 992 2433 ι
1015 2377 1308 2435 Faciamus
1358 2382 1620 2437 hominem
1645 2400 1661 2451 ;

96 2463 175 2518 hic
202 2480 326 2519 vero
359 2466 491 2520 dicit
528 2485 543 2522 :
579 2465 828 2524 Faciant.
865 2467 1131 2526 Nimirum
1166 2472 1297 2526 illud
1348 2474 1507 2528 nobis
1536 2487 1662 2528 ora-

96 2554 263 2610 culum
321 2573 555 2611 numero
625 2559 819 2628 plurali
876 2559 1070 2631 'prodit
1118 2571 1230 2616 tres
1283 2575 1663 2618 sacrosanctos

95 2662 372 2717 personas,
406 2651 511 2705 ltoc
560 2667 708 2718 vero,
763 2653 1049 2722 singulari,
1102 2671 1269 2710 unam
1316 2654 1659 2710 essentiam:

97 2749 146 2794 ut
165 2756 224 2795 es
261 2742 345 2795 bis
371 2743 586 2797 duobus
619 2744 855 2799 oraculis
892 2745 1284 2816 intelligamus,
1338 2746 1509 2801 Deum
1541 2760 1663 2801 esse

96 2846 247 2885 uitam
277 2834 602 2899 essentiam,
632 2843 685 2888 et
720 2844 829 2890 tres
887 2850 1170 2905 personas.
1206 2836 1288 2891 Ad
1338 2836 1465 2902 hoc,
1497 2852 1659 2906 supra

97 2925 156 2980 de
209 2925 538 2981 formatione
590 2928 780 2981 Adami
848 2944 1013 2998 agens
1066 2930 1328 2985 dicebat:
1371 2929 1660 2984 Faciamus

94 3018 337 3084 hominem
366 3020 440 3072 ad
468 3021 752 3089 imaginem
780 3034 1041 3087 nostram,
1071 3038 1181 3093 quo
1209 3023 1539 3093 significaret
1564 3040 1661 3094 per

96 3108 303 3163 verbum
334 3110 550 3163 numeri
587 3110 831 3179 pluralis,
865 3112 1320 3168 consultationem
1361 3115 1652 3183 quamdam
1680 3146 1724 3192 ρ
1762 3119 1824 3157 ου
1858 3113 2039 3172 οιξδηῑν
2063 3108 2174 3173 iam
2228 3108 2273 3167 Si.
2317 3108 2449 3175 ipSiS
2497 3108 2564 3162 ad
2627 3111 2889 3179 patranda
2926 3111 3069 3165 mala
3098 3120 3337 3179 utamur.

96 3199 651 3268 deliberationentquc,
692 3202 854 3268 idque
914 3204 979 3257 ad
1015 3205 1155 3268 ejus,
1188 3205 1280 3268 qui
1334 3204 1655 3263 formandus
1697 3182 1726 3249 Ἴ
1762 3198 1865 3249 erit
1893 3211 2025 3250 sane
2062 3205 2247 3251 nostra
2295 3212 2357 3251 ea
2398 3198 2581 3268 culpa,
2614 3215 2724 3254 non
2766 3200 3075 3257 conditoris
3124 3203 3337 3258 illarum

1713 3230 1723 3249 \
1762 3213 1865 3249 l‘l‘Il
1893 3213 2025 3250 sane
2062 3213 2247 3251 DOSU'a
2295 3213 2357 3251 ea
2398 3213 2581 3261 culpa,
2614 3215 2724 3254 non
2766 3213 3075 3257 COIIGIlOl'IS
3124 3213 3278 3257 illaru

68 3199 651 3270 deliberationemque,
692 3202 854 3272 idque
914 3204 979 3257 ad
1015 3205 1155 3273 ejus,
1188 3205 1280 3275 qui
1334 3204 1655 3263 formandus

89 3303 211 3351 erat.
249 3294 568 3364 dignitatem
605 3297 906 3365 spectabat.
938 3306 997 3350 ut
1040 3296 1133 3366 qui
1186 3313 1294 3351 non
1336 3300 1660 3355 conderetur

92 3383 286 3454 absque
352 3386 524 3442 verbo
561 3397 616 3442 et
686 3388 918 3442 consilio
982 3389 1481 3461 deliberationeqne
1540 3392 1656 3459 Dei,

88 3486 262 3531 contra
287 3486 343 3533 at
365 3496 455 3548 lue
477 3480 664 3535 bestiae
691 3481 916 3535 rationis
943 3491 1191 3551 expertes
1209 3500 1330 3552 qua:
1360 3485 1478 3538 solo
1503 3484 1656 3567 iussu

88 3569 398 3625 exstiterunt
436 3590 449 3625 :
484 3571 571 3626 hic
608 3589 757 3640 vero,
784 3574 873 3628 ufi
907 3574 973 3627 de
1005 3574 1283 3629 formanda
1319 3575 1428 3630 Eva
1458 3586 1657 3631 tracta-

88 3668 184 3727 tur,
209 3664 317 3717 ait:
351 3658 591 3717 Faciam.
621 3665 681 3716 Et
715 3665 828 3719 lure
846 3665 1137 3730 variantia,
1164 3668 1473 3736 complures
1496 3668 1658 3725 habet

88 3753 337 3808 rationes.
361 3752 548 3807 Primo
568 3755 715 3809 enim
743 3755 1002 3813 ostendit.
1052 3772 1215 3810 unam
1275 3772 1399 3813 esse
1441 3759 1540 3813 viri
1574 3759 1657 3814 fe-

89 3844 343 3916 mina-que
391 3855 676 3912 naturam;
728 3845 924 3901 deinde
972 3847 1065 3901 Dei
1117 3848 1358 3903 studium
1394 3830 1656 3906 adversus

88 3936 342 3991 Adamum
411 3945 465 3991 et
518 3937 687 3999 Evam
716 3938 950 4010 explicat
982 3939 1218 4005 clarius;
1253 3940 1321 3993 ad
1366 3940 1491 4005 hoc,
1525 3957 1653 4010 pro-

89 4026 162 4080 tlit
188 4025 312 4081 Eva
339 4027 711 4083 conditionem
757 4026 981 4082 minime
1015 4043 1477 4099 supervacaneam
1509 4047 1649 4088 esse.

86 4114 304 4189 insuper
336 4119 493 4173 docet
543 4116 650 4173 Deo
689 4132 795 4173 non
832 4118 1048 4173 tandem
1082 4119 1376 4188 aliquando
1418 4110 1474 4176 in
1501 4137 1654 4176 men-

87 4217 183 4263 tem
244 4214 465 4266 venisse
513 4211 581 4265 de
627 4210 1026 4267 conformanda
1079 4211 1214 4276 Eva,
1264 4213 1358 4269 sed
1420 4213 1495 4272 in.
1532 4213 1653 4285 ipso

86 4304 261 4355 statim
295 4300 453 4355 initio
497 4300 661 4356 simul
713 4310 875 4370 atque
929 4301 1197 4356 Adamum
1243 4303 1522 4360 conderet.
1589 4305 1655 4361 Et

87 4387 192 4445 haec
235 4378 457 4460 quidem
515 4407 676 4446 sensa
729 4406 793 4446 ex
840 4394 1027 4457 verbo,
1087 4391 1331 4455 Faciam,
1367 4409 1650 4451 commen-

1767 1911 2014 1968 subsidio
2069 1920 2154 1968 est
2206 1910 2384 1976 diviti,
2445 1926 2590 1979 saepe
2670 1902 2899 1979 quoque
2958 1909 3043 1963 vir
3092 1909 3347 1989 princeps

1766 2003 1997 2075 principi
2045 2004 2186 2070 viro,
2235 2013 2332 2058 aut
2380 2002 2624 2071 plebeius
2663 2002 2896 2071 plebeio
2927 2001 3210 2070 suppetias
3256 2016 3351 2053 ve-

1765 2095 1867 2163 nit)
1931 2081 2159 2166 possunt
2210 2096 2389 2150 addita
2422 2094 2592 2149 videri
2637 2095 2800 2149 verba
2837 2093 2926 2148 illa
2962 2106 2978 2147 :
3014 2091 3206 2159 Qualis
3236 2093 3348 2159 ipse

1764 2196 1862 2252 est,
1903 2197 1961 2242 ut
2015 2187 2507 2258 arqualemmqnali
2542 2180 2747 2240 auxilio
2772 2200 2894 2241 esse
2953 2184 3364 2254 intelligamus”

1765 2279 1894 2332 dum
1937 2278 2047 2336 Eva
2097 2277 2367 2336 'Adamum
2416 2278 2663 2348 adjuvat.
2716 2277 2870 2343 Quod
2917 2285 2963 2334 si
3026 2293 3158 2333 vero
3219 2277 3345 2346 quis

1766 2370 2009 2440 objiciat,
2058 2371 2227 2427 Evam
2271 2368 2481 2425 Adatno
2527 2369 2649 2440 plus
2713 2370 3095 2440 angustiarum
3177 2383 3345 2438 quam

1747 2464 1885 2533 opis
1932 2463 2228 2518 attulisse:
2266 2464 2315 2517 ei
2350 2463 2828 2532 respondebimus.
2865 2464 3079 2533 culpam
3116 2464 3236 2530 ejus
3262 2462 3341 2521 rei

1764 2552 1953 2608 nonin
1998 2553 2125 2608 Eva:
2151 2553 2491 2613 conditorem
2534 2552 2727 2617 Deum,
2756 2554 2848 2609 sed
2882 2554 2936 2609 in
2969 2558 3142 2625 ipsam
3178 2556 3345 2612 Evam
3402 2559 3408 2569 ‘

1764 2658 1890 2701 esse
1930 2632 2371 2715 conferendam.
2415 2646 2571 2700 Sicut
2619 2645 2784 2700 hodie
2841 2646 3112 2725 videmus
3146 2645 3347 2700 multas

1764 2737 1997 2793 feminas
2028 2738 2183 2794 triste
2232 2739 2364 2793 viris
2399 2740 2519 2794 suis
2550 2792 2553 2795 γ
2581 2739 2917 2796 counubium
2947 2739 3210 2807 reddere;
3248 2740 3343 2798 sed

1762 2830 1814 2884 id
1891 2830 2105 2884 illarum
2180 2830 2421 2900 ipsarum
2485 2832 2617 2887 vitio
2670 2832 2810 2898 ﬁeri,
2870 2847 2977 2888 non
3030 2836 3212 2888 autem
3255 2832 3362 2903 ip-'

1697 2928 1709 2939 ‘
1762 2938 1944 2978 sarum
1973 2923 2150 2994 opifici
2183 2923 2293 2979 Deo
2321 2924 2423 2979 hoc
2470 2925 2688 2980 crimini
2725 2941 2886 2996 posse
2930 2928 3089 2981 verti.
3123 2925 3258 2981 Nam
3288 2936 3344 2982 et

1755 3009 1955 3071 tuan’us
1990 3026 2188 3071 nostra:
2229 3031 2294 3070 eo
2338 3016 2543 3072 eﬂ‘eetze
2574 3031 2721 3082 sunt,
2752 3032 2811 3074 ιιι
2842 3036 2964 3090 quau
3005 3020 3171 3088 proba
3214 3028 3344 3077 sunt

1762 3119 1824 3157 ea
1858 3104 2174 3173 agant,jam
2228 3104 2273 3167 si
2317 3105 2449 3175 ipsis
2497 3108 2564 3162 ad
2627 3111 2889 3179 patranda
2926 3111 3069 3165 mala
3098 3120 3383 3179 utamur,‘

1759 3287 1853 3342 Dei
1896 3297 1997 3342 :~t-t
2031 3288 2222 3345 oculos
2264 3302 2484 3345 nostros
2530 3290 2787 3346 formavit
2826 3292 2971 3348 Deus
3004 3304 3063 3347 ut
3094 3297 3345 3351 viderent

1759 3396 1882 3450 quae
1919 3389 2229 3458 recta'sunt
2269 3391 2406 3436 teste
2455 3381 2675 3447 Davide,
2726 3385 2770 3439 si
2810 3394 2989 3440 tamen
3036 3386 3102 3441 ad
3133 3404 3195 3443 ea
3220 3405 3340 3459 qua:

1758 3488 1972 3544 nnpura
2005 3482 2132 3528 sunt
2163 3475 2309 3545 ipsos
2331 3475 2697 3543 intendamus,
2730 3478 2856 3547 quis
2879 3477 2933 3533 id
2956 3478 3198 3536 effectori
3232 3482 3341 3537 Deo

1757 3580 1821 3620 ac
1849 3580 1954 3618 non
2002 3565 2183 3635 potius
2233 3574 2437 3621 nostra:
2486 3567 2771 3622 vitiositati
2801 3570 3080 3625 ascribat?
3124 3572 3193 3624 Et
3223 3571 3341 3641 for-

1756 3665 1992 3711 maverat
2020 3655 2275 3711 Dominus
2300 3657 2437 3713 Deus
2465 3675 2494 3714 e
2517 3670 2656 3713 terra
2674 3676 2881 3734 omnem.
2911 3662 3175 3720 uolucrem
3200 3664 3337 3721 cali.

1757 3746 1878 3803 Non
1918 3747 2029 3818 jam
2057 3746 2328 3812 formasse
2360 3749 2528 3805 Deum
2564 3752 2704 3806 alios
2729 3753 3067 3817 animantes,
3094 3756 3341 3826 aliasque

1720 3876 1723 3877 ν
1757 3841 2012 3895 volucres
2042 3848 2165 3909 post
2188 3842 2498 3909 superiores
2545 3841 2804 3908 affirmat,
2851 3844 2945 3898 sed
2975 3844 3044 3900 de
3069 3844 3180 3899 illis
3206 3844 3339 3914 ipsis

1758 3930 1981 4003 prorsus
2013 3934 2099 4011 llic
2140 3935 2339 4004 agitur,
2383 3943 2548 4005 atqu:
2582 3935 2650 3989 ad
2683 3935 2875 3989 eadem
2938 3936 3151 4004 euecta,
3200 3938 3339 3997 reiit

1756 4027 1949 4093 oratio,
2014 4008 2159 4096 quod
2219 4026 2340 4082 ideo
2367 4027 2461 4093 sit,
2514 4036 2575 4082 ut
2633 4027 3002 4097 intelligamus
3054 4030 3332 4084 Adamum

1755 4119 1936 4173 solum
1972 4127 2027 4174 et
2066 4112 2275 4189 absque
2333 4118 2445 4173 ullo
2507 4119 2784 4187 adiutorio
2835 4121 2980 4189 quod
3032 4123 3336 4179 consimilis

1755 4208 2070 4283 esse‘t’eum
2128 4209 2247 4279 ipso
2299 4217 2529 4274 naturae,
2595 4210 2887 4265 formatum
2920 4210 3095 4279 primo
3144 4211 3336 4281 fuisse,

1753 4292 1880 4357 cum
1912 4300 2122 4373 bestize,
2144 4301 2416 4371 iumenta,
2443 4316 2573 4357 aves
2612 4304 2832 4371 gemino
2862 4319 2992 4358 sexu
3020 4306 3180 4360 simul
3201 4321 3335 4361 con-

1755 4394 1866 4447 dita
1920 4394 2124 4451 essent.
2174 4393 2445 4449 Caeterum
2491 4393 2761 4475 formandi
2815 4396 3041 4451 Verbum
3086 4398 3176 4451 hic
3226 4415 3333 4453 non

86 4484 237 4537 tando
266 4483 465 4538 elicere
519 4475 832 4552 possumus.
875 4483 1042 4539 Porro
1095 4500 1219 4539 cum
1258 4487 1516 4555 adjutorii
1554 4503 1648 4542 νο·
1680 4498 1734 4559 Ῑ)
1760 4485 1835 4565 ita
1869 4486 2243 4554 accipiendum
2279 4497 2363 4542 est
2393 4488 2550 4558 quasi
2603 4505 2667 4545 ex
2702 4501 2844 4544 terra
2889 4491 2998 4546 sint
3026 4507 3337 4561 coagmen-

86 4572 328 4628 eabulum
381 4574 545 4629 variis
590 4586 883 4644 usurpetur
918 4575 1121 4640 modis,
1177 4576 1310 4631 illud
1366 4580 1655 4647 qua-ritur,

86 4676 185 4733 qua
234 4665 286 4718 in
352 4679 412 4719 re
446 4665 704 4734 adjuvare
762 4666 1009 4720 debuerit
1044 4666 1154 4722 Eva
1205 4668 1509 4736 Adamum;
1554 4671 1657 4726 hoc

87 4765 163 4812 est
218 4758 420 4813 femina
448 4759 662 4813 ,virutn.
699 4759 1001 4814 Statuimus
1043 4770 1227 4814 autem
1275 4760 1327 4813 in
1382 4760 1651 4830 plurimis.

88 4848 259 4905 Primo
304 4852 359 4907 in
427 4852 775 4921 procreandis
852 4852 1063 4917 liberis,
1143 4854 1246 4907 hoc
1308 4863 1413 4918 est,
1496 4864 1653 4907 utero

85 4944 375 5009 gestandis.
416 4943 680 4999 Praeterea
716 4944 771 4998 in
831 4945 1110 4999 educanda
1166 4945 1318 5014 prole
1369 4955 1653 5015 prognata.

84 5032 305 5106 Insuper
341 5047 401 5092 ut
453 5038 520 5091 ad
554 5036 729 5089 virum
771 5044 979 5106 spectat
1034 5052 1097 5091 ea
1146 5037 1525 5107 quibus~0pus
1575 5047 1660 5092 est

86 5126 329 5197 colligere
351 5139 797 5197 comportareque
841 5128 1062 5181 aliunde
1114 5128 1361 5193 domum,
1396 5130 1466 5182 ita
1505 5129 1658 5184 fetui-

88 5237 163 5275 nze
218 5232 320 5286 est,
356 5221 499 5276 domi
532 5221 714 5275 omnia
770 5221 1044 5288 ordinare,
1092 5233 1255 5293 atque
1298 5232 1356 5277 ut
1383 5223 1653 5301 inprom-

88 5323 175 5380 ptu
221 5316 330 5368 sint
369 5318 655 5385 disponere
714 5315 1225 5385 administrareque.
1285 5318 1507 5382 Adhaec,
1569 5316 1650 5373 fe-

89 5405 227 5460 mina
279 5418 339 5461 ut
381 5408 433 5462 in
468 5398 605 5462 lanis
659 5409 732 5462 ita
788 5419 843 5463 et
903 5408 957 5462 iu
988 5408 1234 5464 adversis
1287 5410 1651 5466 ferendisso-

90 5495 221 5550 ciam
260 5513 319 5552 se
351 5500 464 5553 viro
499 5510 799 5569 praestare,
832 5516 1049 5571 unaque
1104 5517 1269 5558 onera
1301 5504 1484 5558 omnia
1514 5504 1651 5560 sub--

50 5582 163 5640 ’ite
200 5590 376 5649 debet.
417 5591 659 5662 Denique
708 5602 761 5647 et
817 5592 868 5648 itt
937 5595 1254 5664 reverendo,
1314 5595 1651 5659 colendoque

158 5764 200 5797 ³³
230 5764 398 5833 Quiut.
437 5784 515 5830 ιιι,
567 5768 657 5824 28.

1714 4632 1717 4635 λ
1766 4587 1876 4641 tata
1907 4577 2228 4644 animantia,
2263 4578 2412 4645 ferae,
2468 4596 2632 4648 aves;
2673 4577 2790 4637 haec
2824 4583 2967 4637 enim
3022 4585 3136 4654 ipsa
3208 4602 3335 4654 pro-

1713 4718 1716 4723 .
1760 4672 1917 4729 duxit
1962 4662 2181 4737 natura,
2219 4676 2362 4729 sicut
2390 4684 2442 4730 et
2487 4676 2699 4745 reptilia
2752 4682 3090 4747 progeuuere
3153 4695 3333 4749 aqum,

1761 4775 1822 4818 nt
1879 4775 2005 4821 ante
2030 4779 2113 4821 est
2164 4781 2194 4820 a
2247 4766 2393 4823 Mose
2445 4769 2700 4825 dictum:
2746 4762 2845 4825 ‘sed
2903 4770 3027 4826 ideo
3062 4772 3334 4826 formandi

1758 4858 1875 4913 sive
1926 4859 2159 4928 ﬁngendi
2206 4860 2372 4924 verbo
2407 4860 2579 4914 utitur
2631 4860 2935 4931 Scriptura,
2978 4872 3038 4917 ut
3094 4864 3336 4919 sciamus

1756 4965 1867 5005 non
1928 4950 2099 5004 solam
2142 4960 2342 5004 terram
2388 4952 2477 5007 illa
2531 4955 2927 5022 procreavisse,
2970 4958 3115 5026 quod
3162 4957 3335 5014 Mosis

1759 5042 1917 5097 verba
1955 5060 1968 5096 :
2012 5042 2279 5098 Producat
2312 5055 2455 5100 terra
2500 5050 2737 5103 animum
2769 5051 3043 5113 viventem,
3058 5050 3329 5119 jumcnta,

1724 5190 1727 5193 ,
1756 5144 1806 5189 et
1833 5134 2072 5204 "milia,
2105 5148 2239 5202 εις..
2303 5138 2628 5202 videbantur
2670 5155 2911 5208 sonare;
2944 5143 3039 5197 sed
3069 5159 3134 5199 ex
3178 5153 3337 5197 terra:

1756 5227 1917 5282 simul
1956 5236 2010 5281 et
2050 5243 2313 5297 aquarum
2350 5229 2578 5301 coagulo
2626 5238 2784 5284 enata
2815 5246 2960 5299 esse,
2985 5245 3079 5287 aut
3104 5250 3167 5286 ex
3197 5249 3336 5301 qua-

1756 5330 1881 5374 tuor
1931 5320 2113 5390 potius
2142 5320 2448 5377 elemeutis.
2492 5323 2628 5377 Nam
2662 5339 2727 5379 es
2765 5326 2872 5391 his,
2922 5338 2983 5380 ιιι
3014 5325 3230 5391 Adami,
3261 5327 3333 5379 ita

1753 5420 2071 5465 cancrorum
2105 5426 2324 5482 quoque
2368 5414 2754 5477 animantium,
2811 5416 3073 5477 ferarum,
3123 5414 3330 5480 mium,

1754 5504 2027 5574 reptiliutn
2062 5520 2289 5575 corpora
2326 5516 2455 5561 sunt
2492 5509 2792 5578 composita
2833 5525 2849 5573 ;
2881 5508 2975 5562 sed
3013 5508 3160 5563 illius
3191 5524 3332 5562 cor-

1754 5610 1878 5665 pus,
1932 5595 2021 5650 Dei
2074 5596 2247 5666 ipsius
2284 5605 2371 5653 est
2417 5601 2674 5657 manibus
2703 5597 3096 5671 informatum,
3137 5603 3330 5677 horum
