4008 6342
634 308 741 370 539

637 517 976 570 (maluerunt.
1032 514 1100 570 Et
1145 517 1298 572 duxit
1355 533 1416 570 ea
1463 517 1533 570 ad
1571 517 1853 570 Adamsm.
1909 515 2063 571 Unde
2113 515 2213 570 ad-

637 612 796 664 duxit
828 608 994 671 feras.
1035 609 1300 680 jumenta,
1336 625 1484 672 aves,
1517 610 1582 663 ad
1615 609 1918 664 Adamum?
1953 610 2206 662 nimirum

637 720 666 751 ιτ
703 701 1004 765 montibus,
1084 701 1489 764 solitudinibus,
1543 700 1770 772 aliisque
1823 701 1954 754 locis
2012 702 2210 770 passim

638 794 892 859 collecta,
945 795 1064 849 solo
1094 802 1232 847 nutu
1267 811 1366 849 suo
1400 795 1463 848 ad
1497 794 1764 848 Adamum
1817 802 1946 863 egit,
1975 795 2109 847 sicut
2143 793 2212 847 ad

638 881 752 940 Noe
807 901 1024 957 quoque
1061 887 1251 941 diluvii
1320 897 1584 955 tempore.
1651 884 1784 940 Nam
1851 893 1910 938 ut
1963 886 2071 951 hic,
2141 887 2212 940 ita

641 977 858 1031 volente
887 977 1014 1040 Deo,
1060 977 1194 1032 nihil
1238 978 1336 1033 sibi
1381 978 1448 1032 ab
1492 979 1705 1032 illurnm
1746 977 1964 1032 feritate
2009 988 2214 1032 metue-

647 1067 758 1133 lrat,
809 1067 882 1121 ita
926 1083 1106 1140 neque
1151 1071 1411 1132 Adamus,
1460 1084 1526 1124 eo
1561 1071 1704 1140 quod
1752 1071 1930 1126 adhuc
1981 1085 2085 1124 non
2120 1069 2214 1124 de-

642 1155 894 1226 liquisset
951 1165 1209 1215 adversus
1245 1159 1337 1215 Dei
1384 1161 1697 1215 mandatum
1727 1179 1741 1214 :
1769 1161 1880 1216 imo
1939 1166 2065 1214 vero
2093 1161 2212 1230 ipsa

642 1249 910 1304 Adamum
941 1251 1345 1314 reverebantur,
1389 1254 1762 1322 pavebantque
1794 1269 1856 1308 ac
1915 1255 2214 1307 tremebant

648 1341 714 1393 ad
745 1336 916 1409 ipsius
950 1354 1323 1412 conspectum.
1382 1343 1482 1397 Sed
1528 1355 1580 1397 et
1630 1347 1732 1399 hoc
1776 1343 2212 1398 animadverten-

644 1429 776 1482 dum
817 1440 924 1492 est,
954 1429 1042 1484 hic
1075 1448 1299 1501 prorsus
1345 1442 1506 1503 atque
1553 1434 1774 1489 omnino
1818 1435 2066 1489 elici-tum
2095 1434 2211 1488 dari

643 1517 790 1586 quod
822 1530 949 1573 ante
989 1523 1201 1576 dixerat
1241 1523 1382 1578 Deus
1412 1525 1476 1577 ad
1508 1525 1753 1597 homines
1793 1542 1810 1580 :
1849 1525 2212 1578 Dominamini

584 1664 590 1668 ,
640 1610 869 1674 piscibus
925 1615 1087 1668 maris
1134 1625 1185 1668 ’ct
1253 1618 1545 1670 volucribus
1601 1617 1738 1681 cwli,
1793 1617 2040 1687 omnique
2090 1620 2212 1671 aui-

643 1701 811 1763 ntanti
839 1712 1012 1756 terra.
1063 1703 1128 1757 Et
1161 1720 1355 1760 rursus
1390 1721 1406 1760 :
1456 1705 1811 1760 Dominamini
1836 1709 2067 1776 piscibus
2095 1724 2210 1759 ma-

1887 310 2113 370 MOSIS
2159 308 2306 366 ΒΑΗ
2353 305 2605 368 ΕΕΡΗΑ

637 437 767 478 vero
809 437 1037 492 corpora
1089 439 1198 478 non
1246 424 1517 486 manibus,
1577 423 1671 478 sed
1723 424 1840 478 solo
1901 429 2058 492 jussu
2115 424 2205 478 Dei
2234 427 2421 485 Anon
2479 423 2668 478 Adami
2702 433 2881 479 autem
2933 422 3142 496 lingua,
3179 423 3602 494 nominibusque
3634 421 3706 477 ab
3763 423 3873 490 ipso

3772 300 3869 364 540

2317 515 2458 568 datis
2491 514 2568 567 uti
2605 531 2619 568 :
2654 515 2796 569 unde
2820 515 3124 578 coniicitur,
3159 514 3247 568 illa
3287 511 3454 567 Mosis
3500 513 3666 566 verba
3697 514 3876 566 adim-

2314 606 2523 675 perium
2557 605 2704 674 quod
2735 606 2864 660 Adae
2913 605 3137 674 ejusque
3163 603 3463 674 posteritati
3501 603 3553 655 in
3595 602 3763 664 feras.
3793 601 3878 671 ju-

2315 703 2516 758 tnenta,
2551 694 2802 748 volucres
2836 709 2864 746 a
2895 693 3000 747 Deo
3025 707 3342 747 concessum
3373 690 3570 764 fuerat,
3599 698 3875 756 spectare;

2315 796 2374 839 nt
2407 801 2505 854 pro
2533 786 2649 850 illo,
2681 787 2879 855 quibus
2909 785 3213 839 collibitum
3245 790 3390 838 esset
3449 781 3786 841 nominibus,
3817 794 3879 832 ra

2312 877 2578 946 appellare
2610 886 2812 947 posset.
2846 875 2942 932 Est
2972 885 3026 930 et
3055 875 3209 930 tertia
3245 874 3511 929 sententia
3551 887 3769 929 eorum.
3789 872 3878 940 qui

2313 969 2473 1022 verba
2509 968 2597 1022 illa
2646 967 2888 1023 referunt
2933 967 2999 1022 ad
3040 967 3212 1036 ipsam
3266 965 3529 1019 rationem
3588 948 3696 1032 qua
3737 961 3884 1016 Deus

2315 1058 2607 1114 humanum
2639 1075 2808 1130 genus
2837 1060 3094 1122 ornavit;
3127 1072 3190 1114 ea
3234 1059 3378 1114 enim
3411 1057 3538 1110 dum
3575 1056 3736 1109 homo
3773 1053 3886 1108 uti-

2311 1163 2398 1206 tur
2451 1152 2734 1222 appositis,
2769 1160 2825 1206 et
2869 1150 3032 1215 feras,
3060 1160 3114 1205 et
3146 1151 3390 1204 volucres
3417 1157 3753 1213 ceterasque
3795 1161 3884 1200 res

2311 1255 2548 1307 creatas,
2602 1241 2916 1298 nominibus
2954 1241 3225 1311 appellare
3271 1248 3446 1310 potest
3477 1257 3490 1292 :
3527 1237 3594 1292 Et
3625 1239 3886 1306 imposuit

2311 1336 2481 1388 Adam
2506 1338 2716 1389 nomina
2746 1335 2887 1388 omni
2913 1335 3155 1400 animali,
3179 1343 3226 1388 et
3260 1334 3400 1387 omni
3432 1331 3631 1386 uolucri
3674 1330 3889 1392 ccli,“

2311 1428 2455 1481 onmi
2490 1427 2668 1480 bestia
2695 1429 2830 1495 agri.
2885 1426 3116 1492 Quidam
3157 1436 3346 1496 putant
3400 1423 3690 1488 Atlamnm,
3751 1437 3892 1476 voce

2310 1534 2431 1588 qua:
2461 1534 2624 1573 sensu
2667 1518 2870 1587 percipi
2924 1517 3211 1587 audirique
3271 1525 3452 1584 posset
3491 1515 3848 1586 pronuntiata
3875 1553 3891 1577 ,

2311 1611 2538 1678 singulis
2554 1611 2910 1665 animantium
2938 1609 3220 1679 speciebus
3252 1609 3642 1686 volucrumque
3662 1607 3890 1661 nomina

2316 1703 2602 1766 indidisse,
2637 1717 2759 1756 cum
2790 1701 3022 1756 editiore
3053 1701 3306 1755 collicnlo
3325 1709 3479 1755 term
3503 1715 3600 1769 pro
3627 1699 3894 1770 paradiso

645 1792 744 1875 ris,
776 1802 884 1848 etc.
922 1793 1077 1859 Quod
1100 1806 1276 1850 autem
1298 1797 1384 1851 illa
1412 1797 1475 1851 ad
1506 1798 1799 1864 Adamum,
1837 1775 1942 1852 non
1969 1799 2211 1854 Adamus
2243 1775 2285 1831 Β
2317 1795 2638 1849 insidentem
2672 1802 3009 1864 angustaque
3024 1794 3280 1848 amictum
3309 1793 3589 1862 majestate
3616 1802 3672 1846 et
3701 1791 3898 1860 splen-

643 1885 708 1937 ad
758 1884 847 1938 illa
874 1885 1112 1951 ducitur,
1151 1888 1540 1957 ampliﬁcandae
1572 1890 1851 1961 dignitatis
1894 1906 2058 1945 causa
2113 1891 2212 1959 lit;

643 1978 801 2044 quasi
848 1993 939 2033 res
979 1994 1262 2048 possessus»
1287 1981 1678 2037 transferantur
1711 1985 1779 2038 ad
1819 1998 2212 2052 possessorem,

645 2078 740 2122 aut
789 2074 1056 2140 mancipia
1116 2076 1383 2128 ducantur
1415 2074 1482 2128 ad
1527 2076 1816 2129 Dominum
1860 2093 1874 2130 :
1915 2063 2216 2130 ostenditur

643 2163 813 2227 enim,
837 2161 924 2214 illa
965 2164 1282 2232 obsequium
1315 2165 1511 2220 debere
1541 2168 1771 2230 Adamo,
1804 2168 2031 2237 ejusque
2051 2184 2215 2223 causa

640 2267 767 2307 esse
813 2255 1054 2310 condita.
1095 2254 1163 2310 Ut
1194 2257 1387 2312 rideret
1419 2259 1605 2328 quibus
1651 2258 1747 2312 illa
1784 2261 2072 2329 appellaret
2117 2278 2214 2314 no-

645 2344 898 2401 minibus.
931 2344 1049 2399 Non
1078 2347 1194 2402 haec
1225 2363 1293 2402 eo
1321 2349 1597 2413 dicuntur,
1627 2350 1784 2420 quasi
1825 2352 1961 2405 Dens
1997 2351 2215 2405 illorum

646 2441 864 2493 nomina
891 2453 955 2494 ex
997 2439 1205 2496 Adam'o
1235 2441 1450 2494 discere
1498 2456 1636 2510 opus
1671 2440 1937 2506 habuerit,
1971 2443 2064 2496 sed
2097 2443 2219 2496 vul-

651 2528 768 2597 gari
817 2530 1097 2584 hominum
1131 2544 1280 2585 more
1320 2513 1560 2599 loquitur
1613 2531 1814 2593 Moses;
1848 2534 2047 2602 quippe
2078 2533 2220 2587 sole-

653 2636 775 2675 mus
807 2637 929 2690 quu:
963 2622 1163 2690 alioqui
1199 2623 1354 2676 nobis
1392 2623 1553 2676 etiam
1598 2625 2035 2692 perspectissima
2064 2633 2215 2690 sunt,

641 2723 710 2765 ea
750 2719 931 2764 tamen
977 2725 1277 2780 proponere
1330 2711 1450 2766 aliis
1493 2719 1551 2764 ut
1610 2714 1849 2780 ipsorum
1890 2712 2216 2766 sntttentiam

652 2815 870 2870 quoque
912 2800 978 2855 de
1010 2802 1116 2856 illis
1163 2801 1446 2856 audiamus
1493 2819 1507 2855 :
1567 2801 1707 2856 Deus
1755 2803 1900 2856 enim
1956 2803 2024 2856 ab
2072 2796 2218 2856 omni

645 2888 949 2942 :eternitate
998 2899 1192 2943 cuncta
1235 2893 1385 2944 novit
1450 2893 1760 2960 priusquam
1809 2892 2095 2945 etsistant.
2150 2891 2239 2950 Et

641 2977 843 3046 quozlcr.
857 2993 1006 3046 mque
1032 2979 1368 3046 appellaverit
1406 2980 1640 3032 Adamus
1687 2981 1918 3032 animum
1947 2979 2217 3048 bibentem,
2251 3009 2253 3011 ι

642 3071 700 3123 id
740 3073 840 3124 erit
875 3073 974 3137 ipsi
1007 3088 1216 3126 nomen.
1245 3073 1378 3126 Cum
1413 3072 1566 3136 dicit,
1611 3076 1972 3141 appellaverit,
2032 3085 2215 3129 osten-

647 3163 724 3216 dit
758 3162 977 3217 nomina
1007 3163 1114 3218 illis
1133 3177 1255 3218 esse
1293 3164 1360 3218 ab
1408 3163 1615 3218 Adamo
1643 3165 1829 3218 indita.
1872 3166 2005 3217 tium
2057 3180 2217 3233 porro

632 3257 797 3310 addit
841 3259 1088 3309 Animam
1119 3258 1391 3320 uiuentem,
1439 3257 1616 3327 arguit
1656 3272 1717 3311 ea
1751 3257 1908 3310 modo
1936 3257 1987 3310 id
2016 3266 2220 3326 tempo-

651 3351 724 3402 ris
756 3350 823 3402 ad
870 3347 1139 3403 Adamcm
1172 3350 1432 3417 producta
1457 3364 1603 3414 esse,
1632 3365 1756 3418 qua:
1790 3351 2008 3403 animali
2036 3350 2216 3403 anima

650 3446 731 3507 (ut
771 3440 850 3494 sic
892 3441 1093 3510 dicam)
1130 3439 1281 3494 fuere
1307 3442 1547 3510 prmdita.
1599 3441 1839 3510 Denique
1881 3456 2004 3496 eum
2036 3442 2167 3496 dicit
2201 3455 2218 3496 :

647 3530 714 3586 Id
740 3533 840 3586 erit
864 3533 964 3600 ipsi
993 3548 1199 3594 nomen,
1229 3532 1587 3599 demonstrat,
1619 3547 1683 3587 ea
1729 3534 2065 3602 singulorum
2097 3549 2218 3590 esse

651 3624 870 3679 nomine
910 3638 1031 3693 quae
1059 3625 1189 3694 ipsis
1216 3625 1425 3679 suutab
1453 3625 1664 3678 Adamo
1695 3625 1890 3694 posita.
1921 3624 2220 3680 Conﬁcitur

653 3719 855 3787 itaque,
885 3718 1085 3787 pisces,
1126 3716 1360 3790 reptilia,
1402 3717 1644 3781 arbores,
1692 3717 1923 3780 srmina,
1966 3717 2217 3786 virgulta,

648 3809 866 3865 herbas.
903 3819 1203 3879 ca-teraque
1250 3825 1312 3864 ex
1357 3819 1508 3863 terra
1542 3808 1841 3871 nascentia,
1872 3819 1926 3861 et
1960 3823 2046 3862 res
2080 3822 2217 3876 prte-

645 3907 800 3954 terea
836 3901 970 3955 alias
1016 3902 1316 3965 inanimas,
1352 3917 1458 3955 non
1485 3901 1584 3954 hoc
1613 3900 1732 3954 loco
1764 3916 1938 3968 neque
1973 3899 2072 3952 hac
2104 3901 2218 3954 vice

645 3995 866 4049 nomina
895 4009 990 4048 sua
1012 3993 1092 4048 ab
1113 3993 1320 4048 Aduno
1349 3993 1643 4062 accepisse,
1674 3993 1766 4046 sed
1802 3993 1906 4048 alio
1940 4003 2059 4062 post
2081 4001 2212 4047 tem-

649 4099 800 4152 pore,
831 4100 1004 4154 neque
1026 4085 1168 4138 enim
1199 4085 1287 4138 illa
1309 4085 1490 4138 omnia
1527 4094 1748 4153 potuere
1775 4101 1877 4138 una
1910 4100 2030 4138 cum
2062 4085 2217 4150 fetis,

642 4179 928 4247 jttntentis‘,
974 4179 1290 4234 volucribus
1325 4179 1388 4233 ad
1442 4179 1707 4233 Adamutn
1757 4178 1989 4240 adduci,
2053 4187 2218 4246 atque

650 4273 762 4323 lucc
817 4271 987 4338 prima
1018 4281 1099 4325 est
1127 4273 1190 4323 de
1228 4270 1334 4338 illis
1374 4270 1551 4324 verbis
1591 4271 1873 4325 doctorum
1922 4272 2218 4326 sententia.

639 4361 911 4416 (Sa-terum
947 4361 1034 4415 alii
1068 4362 1146 4416 sic
1175 4336 1509 4427 exist‘imant,
1554 4363 1694 4415 dicta
1753 4361 1842 4415 illa
1897 4361 2064 4415 Mosis
2109 4377 2215 4415 non

2316 1888 2448 1942 dore
2471 1879 2629 1957 quem
2666 1887 2851 1940 habitu
2879 1901 2990 1956 pra:
3015 1901 3074 1941 se
3102 1883 3329 1949 ferebat,
3347 1894 3399 1938 et
3416 1885 3546 1939 solis
3569 1885 3759 1936 radios
3793 1897 3891 1935 su-

2317 1987 2596 2046 perantem
2642 1993 2658 2041 ;
2711 1976 2799 2029 illa
2836 1975 3130 2030 submissis
3166 1974 3435 2042 capitibus
3483 1987 3674 2041 prona.
3709 1986 3897 2040 neque

2317 2084 2426 2138 prae
2457 2067 2626 2121 nimio
2647 2065 2841 2120 decore
2869 2079 2977 2134 quo
3001 2064 3092 2119 ille
3121 2062 3458 2133 splendebat,
3485 2060 3681 2114 intueri
3704 2059 3896 2128 ipsum

2317 2158 2592 2214 andientia
2658 2156 2974 2226 singulatim
3028 2142 3398 2224 'praterirent,
3446 2153 3668 2221 suisque
3699 2153 3778 2206 ab
3811 2153 3899 2204 illo

2316 2251 2720 2320 appellarentur
2770 2264 2835 2304 ex
2891 2248 3080 2303 ordine
3139 2246 3447 2302 nominibus
3504 2247 3653 2317 (nam
3711 2260 3900 2313 neque

2317 2341 2576 2396 Israelita:
2605 2341 2897 2409 quiverunt
2948 2338 3112 2401 llosis
3138 2338 3343 2392 vultum
3385 2337 3659 2407 inspicere
3684 2336 3762 2390 ob
3793 2337 3899 2388 ful-

2317 2448 2502 2503 gorem
2531 2447 2639 2501 quo
2663 2429 2962 2484 collucebat
3005 2429 3051 2461 ⁸³
3087 2444 3264 2498 neque
3309 2443 3408 2482 nos
3458 2427 3702 2484 valemus
3763 2440 3900 2482 oce.

2319 2511 2506 2578 lorum'
2523 2524 2693 2578 aciein
2714 2522 2992 2576 intendere
3011 2522 3063 2575 in
3096 2521 3263 2574 solem
3291 2529 3510 2590 propter
3534 2519 3900 2584 resplendens

2312 2615 2478 2686 jubar
2510 2628 2618 2685 quo
2645 2612 3016 2668 circumdatus
3033 2611 3331 2679 est)veluti
3365 2611 3512 2664 verbi
3546 2610 3748 2680 gratia,
3771 2624 3898 2673 cum

2317 2713 2534 2759 taurum
2613 2705 2705 2759 ille
2762 2706 2982 2760 nomine
3037 2705 3222 2770 cieret,
3279 2704 3464 2758 audito
3515 2704 3740 2758 nomine
3799 2718 3902 2757 suo

2317 2809 2509 2854 taurus
2544 2800 2810 2855 transibat
2843 2813 3031 2852 coram
3065 2798 3177 2864 illo,
3205 2797 3386 2865 capite
3415 2797 3680 2858 demisso.
3712 2809 3903 2862 neque

2318 2890 2528 2945 obtueri
2559 2892 2734 2959 ipsum
2769 2900 2961 2959 potens
2997 2906 3012 2943 :
3047 2890 3300 2942 similiter
3331 2888 3652 2942 nominatim
3686 2886 3904 2941 citatus

2289 2971 2492 3050 'equus
2547 2971 2877 3053 agnoscebat
2931 2996 3153 3046 nomen,
3212 2980 3626 3050 praeteribatque
3681 2974 3904 3048 dejec'ta

2319 3075 2550 3138 cervice,
2573 3089 2747 3143 neque
2769 3073 2958 3128 Adami
2993 3083 3344 3141 conspectum
3381 3073 3692 3126 sustinens:
3732 3081 3908 3138 atque

2322 3168 2393 3220 ita
2421 3167 2488 3221 de
2519 3178 2829 3235 nuncupata
2859 3167 3037 3229 asino,
3059 3165 3290 3235 aliisque
3316 3163 3546 3234 singulis
3570 3163 3903 3218 animalium

2320 3272 2375 3316 et
2406 3261 2706 3316 bestiarum
2736 3260 3129 3327 volucrumque
3154 3258 3462 3328 speciebus.
3496 3257 3599 3312 Sed
3626 3256 3776 3312 dicet
3797 3260 3905 3312 ali-

2321 3353 2444 3423 quis
2471 3370 2484 3406 :
2511 3352 2664 3407 Unde
2711 3351 2976 3408 didicerat
3000 3351 3264 3412 Adamus.
3299 3365 3408 3420 quo
3433 3348 3601 3422 genus
3635 3348 3904 3425 quodque

2322 3444 2544 3498 nomine
2583 3453 2726 3506 esset
2757 3442 3084 3499 vocandum.
3119 3443 3200 3498 Ad
3256 3442 3359 3498 hoc
3391 3437 3743 3511 respondent.
3772 3442 3900 3512 qui-

2321 3535 2423 3590 bus
2450 3535 2565 3592 baac
2596 3534 2972 3605 interpretatio
2999 3535 3174 3604 placet
3209 3531 3445 3602 Spiritus
3487 3533 3660 3588 sancti
3693 3531 3898 3588 fretum

2320 3629 2518 3699 gratia,
2553 3628 2844 3695 instinctu,
2880 3637 3043 3697 atque
3090 3626 3376 3681 ellicientia
3415 3642 3430 3690 ;
3469 3626 3619 3679 illum
3654 3627 3902 3696 propriis

2318 3719 2619 3790 appellasse
2644 3735 2874 3790 qumque
2898 3715 3214 3774 vocabulis}
3245 3719 3450 3789 quippe
3477 3717 3623 3772 sicut
3657 3718 3902 3787 apostoli

2321 3814 2540 3883 impulsi
2579 3823 2708 3869 sunt
2739 3813 2804 3868 ad
2841 3812 3173 3882 loquendum
3209 3812 3330 3867 aliis
3371 3812 3593 3879 linguis,
3646 3827 3748 3882 pro
3827 3825 3901 3866 eo

2319 3923 2383 3960 ac
2420 3906 2658 3975 Spiritus
2685 3915 2908 3960 sanctus
2935 3905 3263 3975 suggerebat
3286 3903 3420 3973 ipsis
3444 3913 3502 3957 ut
3536 3904 3903 3972 l0querentur

2320 3997 2421 4060 ³⁸⁸,
2443 3997 2515 4050 ita
2551 3997 2715 4050 etiam
2769 3997 3033 4050 Adamum
3063 3997 3130 4050 ab
3157 3995 3400 4064 ejusdem
3453 3996 3626 4051 sancti
3661 3995 3903 4065 Spiritus

2319 4087 2655 4157 benignitate
2701 4087 3136 4157 ellicacitateque
3165 4088 3444 4157 accepisse
3497 4099 3551 4141 et
3604 4088 3896 4143 scientiam

2318 4189 2373 4236 et
2404 4196 2588 4235 vocem
2620 4191 2674 4234 et
2702 4181 3030 4244 orationem,
3086 4188 3248 4249 atque
3280 4181 3352 4234 ita
3414 4181 3646 4250 singulis
3678 4183 3899 4235 anima-

2321 4272 2452 4326 lium
2491 4272 2781 4336 generibus
2811 4288 2908 4327 sua
2947 4273 3262 4327 attribuisse
3311 4273 3552 4326 nomina.
3592 4271 3768 4326 Porro
3803 4274 3898 4328 iis-

2321 4367 2442 4420 dem
2475 4365 2578 4420 illis
2608 4365 2677 4420 ab
2712 4367 2919 4420 Adamo
2976 4365 3168 4434 positis
3221 4366 3536 4420 nominibus
3569 4380 3722 4419 usam
3778 4381 3898 4421 esse

643 4466 709 4506 eo
749 4464 992 4521 spectare
1037 4453 1191 4522 quasi
1255 4446 1499 4507 Adamtis
1544 4454 1760 4506 nutnina
1833 4453 2113 4520 iumentis.
2146 4456 2225 4507 le-
2255 4471 2300 4528 ι)
2329 4460 2636 4513 universam
2694 4459 2970 4512 hominum
3026 4459 3394 4528 posteritatem
3450 4472 3624 4526 usque
3652 4458 3714 4511 ad
3765 4458 3894 4512 illud

645 4546 741 4608 ris,
785 4545 1092 4599 volucribus
1140 4547 1402 4614 posuerit,
1453 4546 1543 4600 sed
1582 4547 1646 4599 ad
1680 4547 1961 4613 imperium
2004 4545 2217 4608 Atlami,

642 4640 787 4706 quod
843 4638 890 4691 ci
957 4620 1024 4692 ea.
1055 4639 1220 4693 simul
1275 4639 1528 4692 universo
1566 4639 1746 4708 generi
1792 4639 2026 4690 humano
2056 4637 2108 4690 in
2131 4636 2220 4690 illa

641 4735 822 4786 datum
875 4743 976 4796 cst,
1033 4736 1320 4804 pertinere.
1374 4731 1505 4786 Nam
1542 4748 1705 4802 penes
1730 4747 1873 4802 quos
1907 4743 1991 4786 est
2030 4745 2210 4785 rerum

641 4826 994 4895 quarumdam
1019 4826 1346 4889 dominium,
1377 4826 1412 4880 ii
1448 4826 1647 4896 quibus
1683 4828 1871 4880 volunt
1903 4825 2215 4880 nominibus

644 4927 1103 4984 reseasccnse..t,
1185 4918 1328 4973 sicut
1402 4933 1656 4988 possesor
1733 4935 1793 4972 ea
1860 4933 1982 4987 qua:
2069 4934 2198 4986 pos-

644 5009 798 5063 sidet.
865 5009 1001 5076 Quid
1058 5013 1202 5066 enim
1258 5013 1456 5081 alioqui
1545 5011 1856 5082 profuisset,
1928 5011 2203 5080 inquiunt,

643 5101 782 5155 hanc
844 5114 937 5156 aut
997 5105 1142 5158 illam
1218 5105 1443 5159 bestiam
1538 5105 1877 5158 volucremve
1949 5104 2052 5155 hoc
2119 5100 2204 5154 vel

641 5196 733 5250 illo
796 5196 1014 5249 nonine
1069 5209 1436 5264 nuncupasse,
1526 5198 1665 5262 qut-.l
1731 5212 1930 5249 nomen
2026 5209 2202 5262 neque

643 5290 771 5356 ipsa:
811 5304 1108 5357 agnoscere
1137 5292 1460 5358 quivissent,
1521 5306 1693 5359 neque
1732 5305 1796 5343 eo
1824 5288 2022 5343 sa-culo
2061 5289 2204 5341 nllus

644 5381 956 5457 mortalium
1008 5380 1079 5435 ab
1136 5380 1342 5434 Adamo
1377 5381 1628 5435 discere?
1668 5382 1746 5432 Ad
1809 5381 1911 5434 hoc
1962 5379 2206 5432 videmus

644 5472 886 5542 singulas
921 5482 1108 5542 gentes
1165 5487 1266 5527 sua
1331 5489 1550 5544 quaque
1620 5474 1802 5542 lingua
1849 5457 2209 5540 sermoneque

637 5580 708 5620 ac
743 5566 1019 5622 vocabulis
1036 5569 1286 5638 propriis,
1309 5569 1612 5624 animantes
1639 5585 1873 5639 avesque
1900 5569 2206 5631 nominare;

711 5745 754 5776 ⁸³
803 5745 974 5801 Exod.
1035 5762 1216 5812 tum,
1263 5751 1350 5805 29.
1431 5751 1504 5781 ’³⁸
1570 5749 1687 5804 Act.
1726 5766 1784 5814 ιι,
1856 5751 1906 5801 l.

2324 4563 2541 4620 tempus
2569 4565 2678 4618 quo
2705 4558 2831 4606 sunt
2858 4549 3100 4604 confusa:
3133 4543 3332 4619 linguai
3354 4567 3366 4604 :
3392 4558 3444 4603 et
3472 4549 3613 4603 sicut
3636 4549 3724 4603 ille
3744 4549 3896 4605 femi-

2324 4660 2447 4698 nam
2485 4646 2711 4697 vocabat
2752 4641 3057 4701 mulierem,
3113 4651 3167 4694 et
3197 4643 3380 4708 Evam,
3417 4641 3489 4694 ita
3519 4656 3711 4696 omnes
3754 4641 3894 4696 illius

2319 4732 2503 4788 Stl'CUli
2523 4731 2753 4786 feminas
2786 4733 2850 4786 ad
2872 4731 3130 4786 confusas
3161 4730 3371 4802 linguas
3401 4747 3576 4802 usque
3599 4732 3891 4802 appellatas

2315 4842 2436 4881 esse
2467 4826 2819 4886 mulieres,et
2863 4824 3040 4888 Evas;
3091 4824 3308 4893 quando
3336 4825 3501 4878 etiam
3540 4823 3702 4878 hodie
3733 4825 3914 4891 multi,

2317 4917 2625 4971 mortalimn
2656 4916 2724 4968 iis
2744 4924 2969 4968 utuntur
2997 4916 3298 4978 vocabulis,
3333 4931 3455 4984 quae
3493 4927 3623 4970 sunt
3655 4917 3722 4971 ab
3747 4917 3887 4972 Ada-

2315 5023 2404 5060 tno
2433 5011 2648 5075 prlmun
2686 5004 2918 5074 prodita.
2958 5009 3025 5058 At
3076 5006 3166 5060 alii
3196 5006 3574 5073 interpretum,
3618 5017 3675 5059 ut
3718 5022 3888 5075 nuper

2313 5109 2594 5153 ostensum
2627 5114 2654 5150 a
2689 5096 2843 5150 nobis
2873 5106 2975 5157 est,
3008 5097 3190 5151 dicere
3232 5097 3460 5159 malunt,
3496 5095 3678 5152 Mosen
3713 5098 3884 5167 signi-

2310 5193 2476 5246 ﬁcare
2509 5191 2616 5243 illis
2647 5190 2848 5253 verbis,
2880 5191 3163 5260 imperium
3193 5189 3400 5242 Adatno
3438 5189 3667 5260 ejusque
3701 5204 3880 5261 poste-

2308 5284 2454 5338 ritati
2481 5297 2824 5340 concessum.
2859 5299 2956 5352 pro
2980 5298 3086 5350 quo
3120 5283 3336 5336 nomina
3354 5282 3725 5338 animantibus
3749 5298 3881 5338 cun-

2309 5379 2414 5432 ctis
2481 5375 2754 5444 rebuSque
2801 5376 2924 5430 aliis
2979 5375 3254 5442 imponere
3309 5378 3541 5444 possint.
3596 5376 3701 5429 Alii
3759 5389 3881 5432 vero

2312 5470 2650 5534 existimant,
2685 5471 2797 5523 ιιωο
2851 5469 2914 5522 ad
2951 5467 3120 5536 ipsam
3150 5468 3410 5522 rationem
3439 5477 3718 5539 spectare,
3781 5481 3880 5534 qua

2313 5564 2498 5621 donati
2535 5564 2603 5618 ab
2631 5562 2824 5632 opiticc
2870 5559 2979 5616 Deo
3022 5561 3290 5630 homines,
3325 5562 3440 5617 suis
3505 5577 3592 5617 res
3642 5573 3879 5634 quasqua
