  <div class='ocr_page' id='page_1' title='image "/cluster/home/n/w/nwhite01/storage/ocr_20150623/100/hvd.32044010574994/1172.png"; bbox 0 0 4008 6342; ppageno 0'>
   <div class='ocr_carea' id='block_1_1' title="bbox 127 289 211 356">
    <p class='ocr_par' dir='ltr' id='par_1_1' title="bbox 127 289 211 356">
     <span class='ocr_line' id='line_1_1' title="bbox 127 289 211 356; baseline -0.024 -1"><span class='ocrx_word' id='word_1_1' title='bbox 127 289 211 356; x_wconf 75' lang='lat' dir='ltr'><strong>5H</strong></span> 
     </span>
    </p>
   </div>
   <div class='ocr_carea' id='block_1_2' title="bbox 1211 282 2190 346">
    <p class='ocr_par' dir='ltr' id='par_1_2' title="bbox 1211 282 2190 346">
     <span class='ocr_line' id='line_1_2' title="bbox 1211 282 2190 346; baseline -0.004 0"><span class='ocrx_word' id='word_1_2' title='bbox 1211 284 1312 346; x_wconf 83' lang='lat' dir='ltr'><strong>DE</strong></span> <span class='ocrx_word' id='word_1_3' title='bbox 1351 282 1751 345; x_wconf 76' lang='lat' dir='ltr'><strong>PARADISO.</strong></span> <span class='ocrx_word' id='word_1_4' title='bbox 1794 307 1864 319; x_wconf 88' lang='grc'><strong><em>-</em></strong></span> <span class='ocrx_word' id='word_1_5' title='bbox 1905 283 2098 345; x_wconf 83' lang='lat' dir='ltr'><strong>PARS</strong></span> <span class='ocrx_word' id='word_1_6' title='bbox 2141 283 2190 343; x_wconf 85' lang='grc' dir='ltr'><strong>Ι.</strong></span> 
     </span>
    </p>
   </div>
   <div class='ocr_carea' id='block_1_3' title="bbox 3233 269 3341 334">
    <p class='ocr_par' dir='ltr' id='par_1_3' title="bbox 3233 269 3341 334">
     <span class='ocr_line' id='line_1_3' title="bbox 3233 269 3341 334; baseline -0.019 0"><span class='ocrx_word' id='word_1_7' title='bbox 3233 269 3341 334; x_wconf 66' lang='grc' dir='ltr'><strong>5ιῖ</strong></span> 
     </span>
    </p>
   </div>
   <div class='ocr_carea' id='block_1_4' title="bbox 123 386 3347 465">
    <p class='ocr_par' dir='ltr' id='par_1_4' title="bbox 123 386 3347 465">
     <span class='ocr_line' id='line_1_4' title="bbox 123 386 3347 465; baseline -0.005 -13"><span class='ocrx_word' id='word_1_8' title='bbox 123 395 366 456; x_wconf 82' lang='lat' dir='ltr'><strong>vocabulis</strong></span> <span class='ocrx_word' id='word_1_9' title='bbox 389 402 594 463; x_wconf 89' lang='lat' dir='ltr'><strong>queunt</strong></span> <span class='ocrx_word' id='word_1_10' title='bbox 637 395 910 465; x_wconf 86' lang='lat' dir='ltr'><strong>appellare</strong></span> <span class='ocrx_word' id='word_1_11' title='bbox 938 412 952 450; x_wconf 91' lang='lat'><strong>:</strong></span> <span class='ocrx_word' id='word_1_12' title='bbox 999 394 1066 449; x_wconf 85' lang='lat' dir='ltr'><strong>Et</strong></span> <span class='ocrx_word' id='word_1_13' title='bbox 1101 394 1308 448; x_wconf 76' lang='lat' dir='ltr'><strong>Adamn</strong></span> <span class='ocrx_word' id='word_1_14' title='bbox 1369 409 1471 445; x_wconf 85' lang='lat' dir='ltr'><strong>non</strong></span> <span class='ocrx_word' id='word_1_15' title='bbox 1503 393 1644 446; x_wconf 77' lang='lat' dir='ltr'><strong>inre-</strong></span> <span class='ocrx_word' id='word_1_16' title='bbox 1677 398 1716 451; x_wconf 79' lang='grc' dir='ltr'><strong>Α</strong></span> <span class='ocrx_word' id='word_1_17' title='bbox 1749 392 2077 463; x_wconf 69' lang='lat' dir='ltr'><strong>gerebantur</strong></span> <span class='ocrx_word' id='word_1_18' title='bbox 2102 405 2307 461; x_wconf 82' lang='lat' dir='ltr'><strong>:eaque</strong></span> <span class='ocrx_word' id='word_1_19' title='bbox 2333 403 2441 446; x_wconf 90' lang='lat' dir='ltr'><strong>non</strong></span> <span class='ocrx_word' id='word_1_20' title='bbox 2464 389 2624 446; x_wconf 86' lang='lat' dir='ltr'><strong>aliter</strong></span> <span class='ocrx_word' id='word_1_21' title='bbox 2653 386 3199 458; x_wconf 86' lang='lat' dir='ltr'><strong>intelligerentquam</strong></span> <span class='ocrx_word' id='word_1_22' title='bbox 3223 400 3347 454; x_wconf 64' lang='lat' dir='ltr'><strong>qua</strong></span> 
     </span>
    </p>
   </div>
   <div class='ocr_carea' id='block_1_5' title="bbox 124 480 1653 556">
    <p class='ocr_par' dir='ltr' id='par_1_5' title="bbox 124 480 1653 556">
     <span class='ocr_line' id='line_1_5' title="bbox 124 480 1653 556; baseline -0.007 -11"><span class='ocrx_word' id='word_1_23' title='bbox 124 490 332 546; x_wconf 74' lang='lat' dir='ltr'><strong>uisitetur</strong></span> <span class='ocrx_word' id='word_1_24' title='bbox 377 485 698 548; x_wconf 72' lang='lat' dir='ltr'><strong>adiutorium</strong></span> <span class='ocrx_word' id='word_1_25' title='bbox 732 486 905 556; x_wconf 83' lang='lat' dir='ltr'><strong>qualis</strong></span> <span class='ocrx_word' id='word_1_26' title='bbox 938 487 1102 555; x_wconf 86' lang='lat' dir='ltr'><strong>ipsius</strong></span> <span class='ocrx_word' id='word_1_27' title='bbox 1162 493 1300 538; x_wconf 83' lang='lat' dir='ltr'><strong>erat.</strong></span> <span class='ocrx_word' id='word_1_28' title='bbox 1350 480 1653 552; x_wconf 72' lang='lat' dir='ltr'><strong>Haudqua~</strong></span> 
     </span>
    </p>
   </div>
   <div class='ocr_carea' id='block_1_6' title="bbox 123 576 1655 652">
    <p class='ocr_par' dir='ltr' id='par_1_6' title="bbox 123 576 1655 652">
     <span class='ocr_line' id='line_1_6' title="bbox 123 576 1655 652; baseline -0.006 -17"><span class='ocrx_word' id='word_1_29' title='bbox 123 595 260 652; x_wconf 58' lang='lat' dir='ltr'><strong>quam</strong></span> <span class='ocrx_word' id='word_1_30' title='bbox 290 576 641 632; x_wconf 81' lang='lat' dir='ltr'><strong>existimanda</strong></span> <span class='ocrx_word' id='word_1_31' title='bbox 695 584 825 630; x_wconf 89' lang='lat' dir='ltr'><strong>sunt</strong></span> <span class='ocrx_word' id='word_1_32' title='bbox 878 577 989 631; x_wconf 71' lang='lat' dir='ltr'><strong>haec</strong></span> <span class='ocrx_word' id='word_1_33' title='bbox 1025 576 1184 630; x_wconf 82' lang='lat' dir='ltr'><strong>verba</strong></span> <span class='ocrx_word' id='word_1_34' title='bbox 1236 589 1336 645; x_wconf 90' lang='lat' dir='ltr'><strong>pro</strong></span> <span class='ocrx_word' id='word_1_35' title='bbox 1387 587 1655 643; x_wconf 87' lang='lat' dir='ltr'><strong>responso</strong></span> 
     </span>
    </p>
   </div>
   <div class='ocr_carea' id='block_1_7' title="bbox 122 665 1657 738">
    <p class='ocr_par' dir='ltr' id='par_1_7' title="bbox 122 665 1657 738">
     <span class='ocr_line' id='line_1_7' title="bbox 122 665 1657 738; baseline -0.007 -8"><span class='ocrx_word' id='word_1_36' title='bbox 122 679 224 731; x_wconf 71' lang='lat' dir='ltr'><strong>alata</strong></span> <span class='ocrx_word' id='word_1_37' title='bbox 244 685 356 726; x_wconf 86' lang='lat' dir='ltr'><strong>esse</strong></span> <span class='ocrx_word' id='word_1_38' title='bbox 385 669 619 736; x_wconf 82' lang='lat' dir='ltr'><strong>cuipiam</strong></span> <span class='ocrx_word' id='word_1_39' title='bbox 656 685 671 720; x_wconf 85' lang='lat'><strong>:</strong></span> <span class='ocrx_word' id='word_1_40' title='bbox 709 669 828 738; x_wconf 85' lang='lat' dir='ltr'><strong>quis</strong></span> <span class='ocrx_word' id='word_1_41' title='bbox 857 669 1000 724; x_wconf 87' lang='lat' dir='ltr'><strong>enim</strong></span> <span class='ocrx_word' id='word_1_42' title='bbox 1027 668 1364 738; x_wconf 79' lang='lat' dir='ltr'><strong>interrogare</strong></span> <span class='ocrx_word' id='word_1_43' title='bbox 1388 665 1657 736; x_wconf 89' lang='lat' dir='ltr'><strong>potuisset</strong></span> 
     </span>
    </p>
   </div>
   <div class='ocr_carea' id='block_1_8' title="bbox 116 763 1652 832">
    <p class='ocr_par' dir='ltr' id='par_1_8' title="bbox 116 763 1652 832">
     <span class='ocr_line' id='line_1_8' title="bbox 116 763 1652 832; baseline -0.003 -13"><span class='ocrx_word' id='word_1_44' title='bbox 116 783 227 822; x_wconf 87' lang='lat' dir='ltr'><strong>num</strong></span> <span class='ocrx_word' id='word_1_45' title='bbox 256 765 488 817; x_wconf 84' lang='lat' dir='ltr'><strong>Adamus</strong></span> <span class='ocrx_word' id='word_1_46' title='bbox 507 763 726 817; x_wconf 85' lang='lat' dir='ltr'><strong>haberet</strong></span> <span class='ocrx_word' id='word_1_47' title='bbox 763 763 1067 817; x_wconf 87' lang='lat' dir='ltr'><strong>subsidium</strong></span> <span class='ocrx_word' id='word_1_48' title='bbox 1106 763 1207 818; x_wconf 85' lang='lat' dir='ltr'><strong>sibi</strong></span> <span class='ocrx_word' id='word_1_49' title='bbox 1241 763 1440 822; x_wconf 83' lang='lat' dir='ltr'><strong>simile,</strong></span> <span class='ocrx_word' id='word_1_50' title='bbox 1473 777 1652 832; x_wconf 86' lang='lat' dir='ltr'><strong>quan-</strong></span> 
     </span>
    </p>
   </div>
   <div class='ocr_carea' id='block_1_9' title="bbox 115 852 1655 928">
    <p class='ocr_par' dir='ltr' id='par_1_9' title="bbox 115 852 1655 928">
     <span class='ocr_line' id='line_1_9' title="bbox 115 852 1655 928; baseline -0.004 -17"><span class='ocrx_word' id='word_1_51' title='bbox 115 862 174 913; x_wconf 86' lang='lat' dir='ltr'><strong>do</strong></span> <span class='ocrx_word' id='word_1_52' title='bbox 210 866 391 928; x_wconf 59' lang='lat' dir='ltr'><strong>praster</strong></span> <span class='ocrx_word' id='word_1_53' title='bbox 433 854 584 911; x_wconf 80' lang='lat' dir='ltr'><strong>illum</strong></span> <span class='ocrx_word' id='word_1_54' title='bbox 615 856 780 909; x_wconf 86' lang='lat' dir='ltr'><strong>etiam</strong></span> <span class='ocrx_word' id='word_1_55' title='bbox 817 865 930 909; x_wconf 91' lang='lat' dir='ltr'><strong>tum</strong></span> <span class='ocrx_word' id='word_1_56' title='bbox 967 869 1126 910; x_wconf 90' lang='lat' dir='ltr'><strong>nemo</strong></span> <span class='ocrx_word' id='word_1_57' title='bbox 1156 861 1274 908; x_wconf 89' lang='lat' dir='ltr'><strong>erat</strong></span> <span class='ocrx_word' id='word_1_58' title='bbox 1329 852 1655 907; x_wconf 73' lang='lat' dir='ltr'><strong>hominum?</strong></span> 
     </span>
    </p>
   </div>
   <div class='ocr_carea' id='block_1_10' title="bbox 116 946 1659 1016">
    <p class='ocr_par' dir='ltr' id='par_1_10' title="bbox 116 946 1659 1016">
     <span class='ocr_line' id='line_1_10' title="bbox 116 946 1659 1016; baseline -0.002 -12"><span class='ocrx_word' id='word_1_59' title='bbox 116 949 290 1004; x_wconf 83' lang='lat' dir='ltr'><strong>Verum</strong></span> <span class='ocrx_word' id='word_1_60' title='bbox 314 953 558 1014; x_wconf 83' lang='lat' dir='ltr'><strong>spectant</strong></span> <span class='ocrx_word' id='word_1_61' title='bbox 588 946 655 1000; x_wconf 86' lang='lat' dir='ltr'><strong>ad</strong></span> <span class='ocrx_word' id='word_1_62' title='bbox 698 948 1129 1016; x_wconf 83' lang='lat' dir='ltr'><strong>cognoscendum</strong></span> <span class='ocrx_word' id='word_1_63' title='bbox 1184 947 1475 1002; x_wconf 86' lang='lat' dir='ltr'><strong>discrimen</strong></span> <span class='ocrx_word' id='word_1_64' title='bbox 1513 948 1659 1002; x_wconf 84' lang='lat' dir='ltr'><strong>inter</strong></span> 
     </span>
    </p>
   </div>
   <div class='ocr_carea' id='block_1_11' title="bbox 114 1037 1657 1100">
    <p class='ocr_par' dir='ltr' id='par_1_11' title="bbox 114 1037 1657 1100">
     <span class='ocr_line' id='line_1_11' title="bbox 114 1037 1657 1100; baseline -0.001 -4"><span class='ocrx_word' id='word_1_65' title='bbox 114 1044 233 1100; x_wconf 66' lang='lat' dir='ltr'><strong>Adae</strong></span> <span class='ocrx_word' id='word_1_66' title='bbox 251 1037 625 1094; x_wconf 82' lang='lat' dir='ltr'><strong>conditionem</strong></span> <span class='ocrx_word' id='word_1_67' title='bbox 649 1041 1043 1094; x_wconf 71' lang='lat' dir='ltr'><strong>et.caeterorum</strong></span> <span class='ocrx_word' id='word_1_68' title='bbox 1067 1040 1425 1094; x_wconf 86' lang='lat' dir='ltr'><strong>animantium</strong></span> <span class='ocrx_word' id='word_1_69' title='bbox 1449 1040 1657 1095; x_wconf 75' lang='lat' dir='ltr'><strong>ratione</strong></span> 
     </span>
    </p>
   </div>
   <div class='ocr_carea' id='block_1_12' title="bbox 113 1131 1655 1201">
    <p class='ocr_par' dir='ltr' id='par_1_12' title="bbox 113 1131 1655 1201">
     <span class='ocr_line' id='line_1_12' title="bbox 113 1131 1655 1201; baseline -0.001 -12"><span class='ocrx_word' id='word_1_70' title='bbox 113 1132 388 1189; x_wconf 79' lang='lat' dir='ltr'><strong>carentium</strong></span> <span class='ocrx_word' id='word_1_71' title='bbox 424 1132 476 1182; x_wconf 92' lang='lat' dir='ltr'><strong>in</strong></span> <span class='ocrx_word' id='word_1_72' title='bbox 502 1144 568 1183; x_wconf 90' lang='lat' dir='ltr'><strong>eo</strong></span> <span class='ocrx_word' id='word_1_73' title='bbox 603 1131 840 1200; x_wconf 87' lang='lat' dir='ltr'><strong>positum</strong></span> <span class='ocrx_word' id='word_1_74' title='bbox 867 1133 1009 1201; x_wconf 86' lang='lat' dir='ltr'><strong>quod</strong></span> <span class='ocrx_word' id='word_1_75' title='bbox 1043 1132 1095 1185; x_wconf 93' lang='lat' dir='ltr'><strong>in</strong></span> <span class='ocrx_word' id='word_1_76' title='bbox 1130 1131 1215 1187; x_wconf 88' lang='lat' dir='ltr'><strong>his</strong></span> <span class='ocrx_word' id='word_1_77' title='bbox 1238 1147 1355 1187; x_wconf 88' lang='lat' dir='ltr'><strong>mas</strong></span> <span class='ocrx_word' id='word_1_78' title='bbox 1384 1141 1437 1187; x_wconf 88' lang='lat' dir='ltr'><strong>et</strong></span> <span class='ocrx_word' id='word_1_79' title='bbox 1459 1131 1655 1187; x_wconf 80' lang='lat' dir='ltr'><strong>femina</strong></span> 
     </span>
    </p>
   </div>
   <div class='ocr_carea' id='block_1_13' title="bbox 111 1221 1658 1296">
    <p class='ocr_par' dir='ltr' id='par_1_13' title="bbox 111 1221 1658 1296">
     <span class='ocr_line' id='line_1_13' title="bbox 111 1221 1658 1296; baseline 0.001 -18"><span class='ocrx_word' id='word_1_80' title='bbox 111 1226 211 1296; x_wconf 82' lang='lat' dir='ltr'><strong>pari</strong></span> <span class='ocrx_word' id='word_1_81' title='bbox 233 1232 349 1277; x_wconf 92' lang='lat' dir='ltr'><strong>ortu</strong></span> <span class='ocrx_word' id='word_1_82' title='bbox 381 1222 543 1277; x_wconf 90' lang='lat' dir='ltr'><strong>simul</strong></span> <span class='ocrx_word' id='word_1_83' title='bbox 570 1221 914 1287; x_wconf 83' lang='lat' dir='ltr'><strong>exstiterint;</strong></span> <span class='ocrx_word' id='word_1_84' title='bbox 947 1223 1001 1276; x_wconf 87' lang='lat' dir='ltr'><strong>in</strong></span> <span class='ocrx_word' id='word_1_85' title='bbox 1035 1238 1231 1292; x_wconf 80' lang='lat' dir='ltr'><strong>genere</strong></span> <span class='ocrx_word' id='word_1_86' title='bbox 1253 1239 1387 1277; x_wconf 79' lang='lat' dir='ltr'><strong>vero</strong></span> <span class='ocrx_word' id='word_1_87' title='bbox 1418 1223 1658 1280; x_wconf 90' lang='lat' dir='ltr'><strong>humano</strong></span> 
     </span>
    </p>
   </div>
   <div class='ocr_carea' id='block_1_14' title="bbox 109 1311 1653 1382">
    <p class='ocr_par' dir='ltr' id='par_1_14' title="bbox 109 1311 1653 1382">
     <span class='ocr_line' id='line_1_14' title="bbox 109 1311 1653 1382; baseline -0.001 -12"><span class='ocrx_word' id='word_1_88' title='bbox 109 1315 260 1370; x_wconf 85' lang='lat' dir='ltr'><strong>Adam</strong></span> <span class='ocrx_word' id='word_1_89' title='bbox 293 1313 445 1367; x_wconf 85' lang='lat' dir='ltr'><strong>solus</strong></span> <span class='ocrx_word' id='word_1_90' title='bbox 474 1311 728 1367; x_wconf 77' lang='lat' dir='ltr'><strong>conditus</strong></span> <span class='ocrx_word' id='word_1_91' title='bbox 752 1311 842 1376; x_wconf 87' lang='lat' dir='ltr'><strong>sit,</strong></span> <span class='ocrx_word' id='word_1_92' title='bbox 887 1320 940 1366; x_wconf 89' lang='lat' dir='ltr'><strong>et</strong></span> <span class='ocrx_word' id='word_1_93' title='bbox 967 1312 1162 1368; x_wconf 86' lang='lat' dir='ltr'><strong>deinde</strong></span> <span class='ocrx_word' id='word_1_94' title='bbox 1188 1329 1254 1368; x_wconf 86' lang='lat' dir='ltr'><strong>ex</strong></span> <span class='ocrx_word' id='word_1_95' title='bbox 1289 1313 1410 1382; x_wconf 90' lang='lat' dir='ltr'><strong>ipso</strong></span> <span class='ocrx_word' id='word_1_96' title='bbox 1433 1313 1653 1368; x_wconf 80' lang='lat' dir='ltr'><strong>femina.</strong></span> 
     </span>
    </p>
   </div>
   <div class='ocr_carea' id='block_1_15' title="bbox 128 1403 1656 1473">
    <p class='ocr_par' dir='ltr' id='par_1_15' title="bbox 128 1403 1656 1473">
     <span class='ocr_line' id='line_1_15' title="bbox 128 1403 1656 1473; baseline -0.001 -14"><span class='ocrx_word' id='word_1_97' title='bbox 128 1432 130 1435; x_wconf 63' lang='grc' dir='ltr'><strong><em>τ</em></strong></span> <span class='ocrx_word' id='word_1_98' title='bbox 169 1405 345 1473; x_wconf 73' lang='lat' dir='ltr'><strong>Qualis</strong></span> <span class='ocrx_word' id='word_1_99' title='bbox 365 1405 526 1473; x_wconf 76' lang='lat' dir='ltr'><strong>fuerit</strong></span> <span class='ocrx_word' id='word_1_100' title='bbox 547 1405 742 1458; x_wconf 71' lang='grc' dir='ltr'><strong>ΛάαΜὶ</strong></span> <span class='ocrx_word' id='word_1_101' title='bbox 791 1421 1025 1459; x_wconf 83' lang='lat' dir='ltr'><strong>somnus.</strong></span> <span class='ocrx_word' id='word_1_102' title='bbox 1061 1435 1127 1446; x_wconf 88' lang='lat'><strong>—-</strong></span> <span class='ocrx_word' id='word_1_103' title='bbox 1178 1403 1249 1458; x_wconf 82' lang='lat' dir='ltr'><strong>Et</strong></span> <span class='ocrx_word' id='word_1_104' title='bbox 1297 1406 1513 1458; x_wconf 87' lang='lat' dir='ltr'><strong>immisit</strong></span> <span class='ocrx_word' id='word_1_105' title='bbox 1552 1405 1656 1458; x_wconf 81' lang='lat' dir='ltr'><strong>Do-</strong></span> 
     </span>
    </p>
   </div>
   <div class='ocr_carea' id='block_1_16' title="bbox 108 1495 1655 1573">
    <p class='ocr_par' dir='ltr' id='par_1_16' title="bbox 108 1495 1655 1573">
     <span class='ocr_line' id='line_1_16' title="bbox 108 1495 1655 1573; baseline -0.002 -22"><span class='ocrx_word' id='word_1_106' title='bbox 108 1499 262 1552; x_wconf 84' lang='lat' dir='ltr'><strong>mimts</strong></span> <span class='ocrx_word' id='word_1_107' title='bbox 293 1496 427 1573; x_wconf 75' lang='lat' dir='ltr'><strong>Deus</strong></span> <span class='ocrx_word' id='word_1_108' title='bbox 458 1496 514 1549; x_wconf 83' lang='lat' dir='ltr'><strong>its</strong></span> <span class='ocrx_word' id='word_1_109' title='bbox 543 1497 803 1549; x_wconf 77' lang='lat' dir='ltr'><strong>Atlautttm</strong></span> <span class='ocrx_word' id='word_1_110' title='bbox 838 1497 1084 1566; x_wconf 82' lang='lat' dir='ltr'><strong>quietem,</strong></span> <span class='ocrx_word' id='word_1_111' title='bbox 1113 1505 1162 1550; x_wconf 83' lang='lat' dir='ltr'><strong>et</strong></span> <span class='ocrx_word' id='word_1_112' title='bbox 1191 1495 1523 1550; x_wconf 82' lang='lat' dir='ltr'><strong>obdormiuit.</strong></span> <span class='ocrx_word' id='word_1_113' title='bbox 1547 1495 1655 1548; x_wconf 73' lang='lat' dir='ltr'><strong>No-</strong></span> 
     </span>
    </p>
   </div>
   <div class='ocr_carea' id='block_1_17' title="bbox 106 1587 1658 1658">
    <p class='ocr_par' dir='ltr' id='par_1_17' title="bbox 106 1587 1658 1658">
     <span class='ocr_line' id='line_1_17' title="bbox 106 1587 1658 1658; baseline -0.003 -14"><span class='ocrx_word' id='word_1_114' title='bbox 106 1590 308 1650; x_wconf 82' lang='lat' dir='ltr'><strong>tandum</strong></span> <span class='ocrx_word' id='word_1_115' title='bbox 338 1599 565 1658; x_wconf 84' lang='lat' dir='ltr'><strong>est,-pro</strong></span> <span class='ocrx_word' id='word_1_116' title='bbox 587 1589 769 1658; x_wconf 89' lang='lat' dir='ltr'><strong>quiete</strong></span> <span class='ocrx_word' id='word_1_117' title='bbox 795 1590 846 1642; x_wconf 89' lang='lat' dir='ltr'><strong>in</strong></span> <span class='ocrx_word' id='word_1_118' title='bbox 869 1587 1055 1644; x_wconf 62' lang='lat' dir='ltr'><strong>Greco</strong></span> <span class='ocrx_word' id='word_1_119' title='bbox 1089 1588 1352 1642; x_wconf 72' lang='grc' dir='ltr'><strong>εχστασιν</strong></span> <span class='ocrx_word' id='word_1_120' title='bbox 1377 1607 1391 1643; x_wconf 90' lang='lat'><strong>:</strong></span> <span class='ocrx_word' id='word_1_121' title='bbox 1419 1588 1522 1641; x_wconf 89' lang='lat' dir='ltr'><strong>hoc</strong></span> <span class='ocrx_word' id='word_1_122' title='bbox 1552 1595 1658 1652; x_wconf 83' lang='lat' dir='ltr'><strong>est,</strong></span> 
     </span>
    </p>
   </div>
   <div class='ocr_carea' id='block_1_18' title="bbox 106 1677 1659 1748">
    <p class='ocr_par' dir='ltr' id='par_1_18' title="bbox 106 1677 1659 1748">
     <span class='ocr_line' id='line_1_18' title="bbox 106 1677 1659 1748; baseline -0.003 -16"><span class='ocrx_word' id='word_1_123' title='bbox 106 1679 287 1733; x_wconf 85' lang='lat' dir='ltr'><strong>tuentis</strong></span> <span class='ocrx_word' id='word_1_124' title='bbox 313 1689 615 1748; x_wconf 89' lang='lat' dir='ltr'><strong>stuporem,</strong></span> <span class='ocrx_word' id='word_1_125' title='bbox 659 1694 782 1734; x_wconf 90' lang='lat' dir='ltr'><strong>esse</strong></span> <span class='ocrx_word' id='word_1_126' title='bbox 823 1680 1084 1748; x_wconf 83' lang='lat' dir='ltr'><strong>scriptum</strong></span> <span class='ocrx_word' id='word_1_127' title='bbox 1115 1696 1130 1744; x_wconf 91' lang='lat'><strong>;</strong></span> <span class='ocrx_word' id='word_1_128' title='bbox 1165 1679 1217 1732; x_wconf 93' lang='lat' dir='ltr'><strong>in</strong></span> <span class='ocrx_word' id='word_1_129' title='bbox 1274 1677 1501 1733; x_wconf 64' lang='lat' dir='ltr'><strong>Hebraeo</strong></span> <span class='ocrx_word' id='word_1_130' title='bbox 1528 1691 1659 1732; x_wconf 90' lang='lat' dir='ltr'><strong>vero</strong></span> 
     </span>
    </p>
   </div>
   <div class='ocr_carea' id='block_1_19' title="bbox 1756 469 3346 555">
    <p class='ocr_par' dir='ltr' id='par_1_19' title="bbox 1756 469 3346 555">
     <span class='ocr_line' id='line_1_19' title="bbox 1756 469 3346 555; baseline -0.008 -15"><span class='ocrx_word' id='word_1_131' title='bbox 1756 485 1932 540; x_wconf 87' lang='lat' dir='ltr'><strong>oculis</strong></span> <span class='ocrx_word' id='word_1_132' title='bbox 1954 484 2290 555; x_wconf 87' lang='lat' dir='ltr'><strong>auribusque</strong></span> <span class='ocrx_word' id='word_1_133' title='bbox 2323 482 2604 552; x_wconf 77' lang='lat' dir='ltr'><strong>corporeis</strong></span> <span class='ocrx_word' id='word_1_134' title='bbox 2633 495 2817 537; x_wconf 83' lang='lat' dir='ltr'><strong>coram</strong></span> <span class='ocrx_word' id='word_1_135' title='bbox 2843 478 2957 534; x_wconf 85' lang='lat' dir='ltr'><strong>tleri</strong></span> <span class='ocrx_word' id='word_1_136' title='bbox 2984 469 3230 534; x_wconf 80' lang='lat' dir='ltr'><strong>videreni</strong></span> <span class='ocrx_word' id='word_1_137' title='bbox 3259 488 3346 532; x_wconf 82' lang='lat' dir='ltr'><strong>at-</strong></span> 
     </span>
    </p>
   </div>
   <div class='ocr_carea' id='block_1_20' title="bbox 1757 569 3342 648">
    <p class='ocr_par' dir='ltr' id='par_1_20' title="bbox 1757 569 3342 648">
     <span class='ocr_line' id='line_1_20' title="bbox 1757 569 3342 648; baseline -0.007 -16"><span class='ocrx_word' id='word_1_138' title='bbox 1757 591 1864 648; x_wconf 90' lang='lat' dir='ltr'><strong>que</strong></span> <span class='ocrx_word' id='word_1_139' title='bbox 1895 576 2170 640; x_wconf 84' lang='lat' dir='ltr'><strong>audirent,</strong></span> <span class='ocrx_word' id='word_1_140' title='bbox 2191 576 2386 630; x_wconf 75' lang='lat' dir='ltr'><strong>deinde</strong></span> <span class='ocrx_word' id='word_1_141' title='bbox 2417 573 2587 630; x_wconf 88' lang='lat' dir='ltr'><strong>radiis</strong></span> <span class='ocrx_word' id='word_1_142' title='bbox 2605 572 2915 628; x_wconf 80' lang='lat' dir='ltr'><strong>divinarum</strong></span> <span class='ocrx_word' id='word_1_143' title='bbox 2950 569 3342 625; x_wconf 85' lang='lat' dir='ltr'><strong>revelationum</strong></span> 
     </span>
    </p>
   </div>
   <div class='ocr_carea' id='block_1_21' title="bbox 1755 661 3340 744">
    <p class='ocr_par' dir='ltr' id='par_1_21' title="bbox 1755 661 3340 744">
     <span class='ocr_line' id='line_1_21' title="bbox 1755 661 3340 744; baseline -0.009 -18"><span class='ocrx_word' id='word_1_144' title='bbox 1755 678 1974 744; x_wconf 86' lang='lat' dir='ltr'><strong>pectora</strong></span> <span class='ocrx_word' id='word_1_145' title='bbox 1996 669 2233 738; x_wconf 85' lang='lat' dir='ltr'><strong>ipsorqu</strong></span> <span class='ocrx_word' id='word_1_146' title='bbox 2255 666 2639 743; x_wconf 84' lang='lat' dir='ltr'><strong>collustrabat:</strong></span> <span class='ocrx_word' id='word_1_147' title='bbox 2667 663 3053 718; x_wconf 89' lang='lat' dir='ltr'><strong>revelationum</strong></span> <span class='ocrx_word' id='word_1_148' title='bbox 3072 661 3340 730; x_wconf 66' lang='lat' dir='ltr'><strong>(inquam)</strong></span> 
     </span>
    </p>
   </div>
   <div class='ocr_carea' id='block_1_22' title="bbox 1755 751 3333 830">
    <p class='ocr_par' dir='ltr' id='par_1_22' title="bbox 1755 751 3333 830">
     <span class='ocr_line' id='line_1_22' title="bbox 1755 751 3333 830; baseline -0.011 -10"><span class='ocrx_word' id='word_1_149' title='bbox 1755 780 1943 820; x_wconf 86' lang='lat' dir='ltr'><strong>earum</strong></span> <span class='ocrx_word' id='word_1_150' title='bbox 1971 775 2153 816; x_wconf 89' lang='lat' dir='ltr'><strong>rerum</strong></span> <span class='ocrx_word' id='word_1_151' title='bbox 2179 775 2300 830; x_wconf 73' lang='lat' dir='ltr'><strong>qua:</strong></span> <span class='ocrx_word' id='word_1_152' title='bbox 2326 767 2419 812; x_wconf 88' lang='lat' dir='ltr'><strong>aut</strong></span> <span class='ocrx_word' id='word_1_153' title='bbox 2450 764 2731 812; x_wconf 71' lang='lat' dir='ltr'><strong>eventura:</strong></span> <span class='ocrx_word' id='word_1_154' title='bbox 2756 762 2936 813; x_wconf 86' lang='lat' dir='ltr'><strong>erant.</strong></span> <span class='ocrx_word' id='word_1_155' title='bbox 2958 760 3053 806; x_wconf 84' lang='lat' dir='ltr'><strong>aut</strong></span> <span class='ocrx_word' id='word_1_156' title='bbox 3077 751 3192 821; x_wconf 87' lang='lat' dir='ltr'><strong>jam</strong></span> <span class='ocrx_word' id='word_1_157' title='bbox 3217 757 3333 813; x_wconf 83' lang='lat' dir='ltr'><strong>tum</strong></span> 
     </span>
    </p>
   </div>
   <div class='ocr_carea' id='block_1_23' title="bbox 1757 843 3338 912">
    <p class='ocr_par' dir='ltr' id='par_1_23' title="bbox 1757 843 3338 912">
     <span class='ocr_line' id='line_1_23' title="bbox 1757 843 3338 912; baseline -0.01 -2"><span class='ocrx_word' id='word_1_158' title='bbox 1757 857 2092 912; x_wconf 88' lang='lat' dir='ltr'><strong>acciderant.</strong></span> <span class='ocrx_word' id='word_1_159' title='bbox 2119 849 2320 906; x_wconf 78' lang='lat' dir='ltr'><strong>Verum</strong></span> <span class='ocrx_word' id='word_1_160' title='bbox 2345 848 2644 904; x_wconf 68' lang='lat' dir='ltr'><strong>illius-nodi</strong></span> <span class='ocrx_word' id='word_1_161' title='bbox 2675 844 3036 900; x_wconf 79' lang='lat' dir='ltr'><strong>revelationes</strong></span> <span class='ocrx_word' id='word_1_162' title='bbox 3064 843 3264 897; x_wconf 65' lang='lat' dir='ltr'><strong>divina!</strong></span> <span class='ocrx_word' id='word_1_163' title='bbox 3293 851 3338 894; x_wconf 87' lang='lat' dir='ltr'><strong>et</strong></span> 
     </span>
    </p>
   </div>
   <div class='ocr_carea' id='block_1_24' title="bbox 1716 934 3344 1017">
    <p class='ocr_par' dir='ltr' id='par_1_24' title="bbox 1716 934 3344 1017">
     <span class='ocr_line' id='line_1_24' title="bbox 1716 934 3344 1017; baseline -0.012 -15"><span class='ocrx_word' id='word_1_164' title='bbox 1716 937 1717 940; x_wconf 1' lang='lat' dir='ltr'><strong>A</strong></span> <span class='ocrx_word' id='word_1_165' title='bbox 1760 945 1994 1017; x_wconf 81' lang='lat' dir='ltr'><strong>Spiritus</strong></span> <span class='ocrx_word' id='word_1_166' title='bbox 2019 943 2193 999; x_wconf 80' lang='lat' dir='ltr'><strong>sancti</strong></span> <span class='ocrx_word' id='word_1_167' title='bbox 2232 942 2484 997; x_wconf 80' lang='lat' dir='ltr'><strong>ellicaces</strong></span> <span class='ocrx_word' id='word_1_168' title='bbox 2531 940 2799 999; x_wconf 85' lang='lat' dir='ltr'><strong>actiones,</strong></span> <span class='ocrx_word' id='word_1_169' title='bbox 2855 935 3139 1006; x_wconf 83' lang='lat' dir='ltr'><strong>prophetis</strong></span> <span class='ocrx_word' id='word_1_170' title='bbox 3207 934 3344 1002; x_wconf 79' lang='lat' dir='ltr'><strong>vigi-</strong></span> 
     </span>
    </p>
   </div>
   <div class='ocr_carea' id='block_1_25' title="bbox 1761 1024 3340 1105">
    <p class='ocr_par' dir='ltr' id='par_1_25' title="bbox 1761 1024 3340 1105">
     <span class='ocr_line' id='line_1_25' title="bbox 1761 1024 3340 1105; baseline -0.011 -13"><span class='ocrx_word' id='word_1_171' title='bbox 1761 1039 2001 1093; x_wconf 87' lang='lat' dir='ltr'><strong>lantibtts</strong></span> <span class='ocrx_word' id='word_1_172' title='bbox 2025 1035 2457 1105; x_wconf 77' lang='lat' dir='ltr'><strong>contingebant;</strong></span> <span class='ocrx_word' id='word_1_173' title='bbox 2492 1040 2548 1085; x_wconf 89' lang='lat' dir='ltr'><strong>at</strong></span> <span class='ocrx_word' id='word_1_174' title='bbox 2600 1030 2810 1084; x_wconf 89' lang='lat' dir='ltr'><strong>Adamo</strong></span> <span class='ocrx_word' id='word_1_175' title='bbox 2843 1025 3136 1081; x_wconf 84' lang='lat' dir='ltr'><strong>dormienti</strong></span> <span class='ocrx_word' id='word_1_176' title='bbox 3171 1024 3340 1078; x_wconf 86' lang='lat' dir='ltr'><strong>obve-</strong></span> 
     </span>
    </p>
   </div>
   <div class='ocr_carea' id='block_1_26' title="bbox 1761 1108 3349 1188">
    <p class='ocr_par' dir='ltr' id='par_1_26' title="bbox 1761 1108 3349 1188">
     <span class='ocr_line' id='line_1_26' title="bbox 1761 1108 3349 1188; baseline -0.011 -6"><span class='ocrx_word' id='word_1_177' title='bbox 1761 1130 1840 1182; x_wconf 90' lang='lat' dir='ltr'><strong>nit</strong></span> <span class='ocrx_word' id='word_1_178' title='bbox 1864 1115 2026 1183; x_wconf 49' lang='lat' dir='ltr'><strong>sacra,</strong></span> <span class='ocrx_word' id='word_1_179' title='bbox 2051 1125 2140 1180; x_wconf 91' lang='lat' dir='ltr'><strong>illa</strong></span> <span class='ocrx_word' id='word_1_180' title='bbox 2171 1123 2509 1180; x_wconf 88' lang='lat' dir='ltr'><strong>revelatiorei</strong></span> <span class='ocrx_word' id='word_1_181' title='bbox 2544 1108 2670 1188; x_wconf 68' lang='lat' dir='ltr'><strong>qua:</strong></span> <span class='ocrx_word' id='word_1_182' title='bbox 2725 1121 2868 1174; x_wconf 87' lang='lat' dir='ltr'><strong>circa</strong></span> <span class='ocrx_word' id='word_1_183' title='bbox 2904 1118 3054 1172; x_wconf 67' lang='lat' dir='ltr'><strong>illum</strong></span> <span class='ocrx_word' id='word_1_184' title='bbox 3086 1115 3349 1186; x_wconf 67' lang='lat' dir='ltr'><strong>agebatur</strong></span> 
     </span>
    </p>
   </div>
   <div class='ocr_carea' id='block_1_27' title="bbox 1762 1210 3349 1287">
    <p class='ocr_par' dir='ltr' id='par_1_27' title="bbox 1762 1210 3349 1287">
     <span class='ocr_line' id='line_1_27' title="bbox 1762 1210 3349 1287; baseline -0.009 -13"><span class='ocrx_word' id='word_1_185' title='bbox 1762 1219 1817 1273; x_wconf 90' lang='lat' dir='ltr'><strong>in</strong></span> <span class='ocrx_word' id='word_1_186' title='bbox 1857 1218 2139 1274; x_wconf 87' lang='lat' dir='ltr'><strong>condenda</strong></span> <span class='ocrx_word' id='word_1_187' title='bbox 2163 1233 2226 1272; x_wconf 81' lang='lat' dir='ltr'><strong>ex</strong></span> <span class='ocrx_word' id='word_1_188' title='bbox 2265 1216 2382 1287; x_wconf 87' lang='lat' dir='ltr'><strong>ipso</strong></span> <span class='ocrx_word' id='word_1_189' title='bbox 2403 1215 2539 1277; x_wconf 81' lang='lat' dir='ltr'><strong>Eva.</strong></span> <span class='ocrx_word' id='word_1_190' title='bbox 2577 1211 2702 1267; x_wconf 82' lang='lat' dir='ltr'><strong>Fuit</strong></span> <span class='ocrx_word' id='word_1_191' title='bbox 2740 1210 2905 1282; x_wconf 78' lang='lat' dir='ltr'><strong>igitur</strong></span> <span class='ocrx_word' id='word_1_192' title='bbox 2930 1225 2994 1264; x_wconf 90' lang='lat' dir='ltr'><strong>ea</strong></span> <span class='ocrx_word' id='word_1_193' title='bbox 3026 1211 3142 1264; x_wconf 90' lang='lat' dir='ltr'><strong>sive</strong></span> <span class='ocrx_word' id='word_1_194' title='bbox 3193 1210 3349 1276; x_wconf 71' lang='lat' dir='ltr'><strong>quies</strong></span> 
     </span>
    </p>
   </div>
   <div class='ocr_carea' id='block_1_28' title="bbox 1761 1301 3350 1383">
    <p class='ocr_par' dir='ltr' id='par_1_28' title="bbox 1761 1301 3350 1383">
     <span class='ocr_line' id='line_1_28' title="bbox 1761 1301 3350 1383; baseline -0.011 -14"><span class='ocrx_word' id='word_1_195' title='bbox 1761 1315 1876 1369; x_wconf 80' lang='lat' dir='ltr'><strong>sive</strong></span> <span class='ocrx_word' id='word_1_196' title='bbox 1951 1310 2231 1372; x_wconf 65' lang='grc' dir='ltr'><strong>ἔκστασις.</strong></span> <span class='ocrx_word' id='word_1_197' title='bbox 2288 1323 2396 1383; x_wconf 89' lang='lat' dir='ltr'><strong>qua</strong></span> <span class='ocrx_word' id='word_1_198' title='bbox 2476 1308 2616 1361; x_wconf 83' lang='lat' dir='ltr'><strong>Deus</strong></span> <span class='ocrx_word' id='word_1_199' title='bbox 2685 1306 2952 1358; x_wconf 82' lang='lat' dir='ltr'><strong>Adamutn</strong></span> <span class='ocrx_word' id='word_1_200' title='bbox 3006 1301 3350 1357; x_wconf 78' lang='lat' dir='ltr'><strong>devinciebat</strong></span> 
     </span>
    </p>
   </div>
   <div class='ocr_carea' id='block_1_29' title="bbox 1760 1392 3345 1476">
    <p class='ocr_par' dir='ltr' id='par_1_29' title="bbox 1760 1392 3345 1476">
     <span class='ocr_line' id='line_1_29' title="bbox 1760 1392 3345 1476; baseline -0.009 -16"><span class='ocrx_word' id='word_1_201' title='bbox 1760 1404 2176 1476; x_wconf 83' lang='lat' dir='ltr'><strong>quandolpsius</strong></span> <span class='ocrx_word' id='word_1_202' title='bbox 2194 1403 2496 1457; x_wconf 83' lang='lat' dir='ltr'><strong>detractant</strong></span> <span class='ocrx_word' id='word_1_203' title='bbox 2517 1393 2733 1468; x_wconf 86' lang='lat' dir='ltr'><strong>corpori</strong></span> <span class='ocrx_word' id='word_1_204' title='bbox 2753 1395 3131 1452; x_wconf 76' lang='lat' dir='ltr'><strong>conformabat</strong></span> <span class='ocrx_word' id='word_1_205' title='bbox 3155 1392 3345 1458; x_wconf 85' lang='lat' dir='ltr'><strong>Evam,</strong></span> 
     </span>
    </p>
   </div>
   <div class='ocr_carea' id='block_1_30' title="bbox 1765 1484 3351 1560">
    <p class='ocr_par' dir='ltr' id='par_1_30' title="bbox 1765 1484 3351 1560">
     <span class='ocr_line' id='line_1_30' title="bbox 1765 1484 3351 1560; baseline -0.008 -10"><span class='ocrx_word' id='word_1_206' title='bbox 1765 1497 1842 1550; x_wconf 86' lang='lat' dir='ltr'><strong>illi</strong></span> <span class='ocrx_word' id='word_1_207' title='bbox 1879 1495 2077 1550; x_wconf 88' lang='lat' dir='ltr'><strong>similis</strong></span> <span class='ocrx_word' id='word_1_208' title='bbox 2120 1508 2290 1550; x_wconf 68' lang='lat' dir='ltr'><strong>sacra:</strong></span> <span class='ocrx_word' id='word_1_209' title='bbox 2330 1490 2525 1547; x_wconf 87' lang='lat' dir='ltr'><strong>visioni</strong></span> <span class='ocrx_word' id='word_1_210' title='bbox 2587 1504 2696 1560; x_wconf 85' lang='lat' dir='ltr'><strong>qua</strong></span> <span class='ocrx_word' id='word_1_211' title='bbox 2761 1487 3034 1542; x_wconf 82' lang='lat' dir='ltr'><strong>Abraham</strong></span> <span class='ocrx_word' id='word_1_212' title='bbox 3091 1484 3351 1541; x_wconf 74' lang='lat' dir='ltr'><strong>cernebat</strong></span> 
     </span>
    </p>
   </div>
   <div class='ocr_carea' id='block_1_31' title="bbox 1765 1577 3352 1657">
    <p class='ocr_par' dir='ltr' id='par_1_31' title="bbox 1765 1577 3352 1657">
     <span class='ocr_line' id='line_1_31' title="bbox 1765 1577 3352 1657; baseline -0.008 -15"><span class='ocrx_word' id='word_1_213' title='bbox 1765 1588 2066 1657; x_wconf 79' lang='lat' dir='ltr'><strong>lampadem</strong></span> <span class='ocrx_word' id='word_1_214' title='bbox 2099 1585 2243 1656; x_wconf 86' lang='lat' dir='ltr'><strong>ignis</strong></span> <span class='ocrx_word' id='word_1_215' title='bbox 2272 1584 2610 1639; x_wconf 86' lang='lat' dir='ltr'><strong>incedentem</strong></span> <span class='ocrx_word' id='word_1_216' title='bbox 2633 1581 2774 1635; x_wconf 89' lang='lat' dir='ltr'><strong>inter</strong></span> <span class='ocrx_word' id='word_1_217' title='bbox 2798 1579 2971 1634; x_wconf 79' lang='lat' dir='ltr'><strong>frusta</strong></span> <span class='ocrx_word' id='word_1_218' title='bbox 2995 1577 3064 1641; x_wconf 72' lang='lat'><strong>”,</strong></span> <span class='ocrx_word' id='word_1_219' title='bbox 3085 1577 3191 1646; x_wconf 84' lang='lat' dir='ltr'><strong>qua</strong></span> <span class='ocrx_word' id='word_1_220' title='bbox 3219 1577 3352 1630; x_wconf 80' lang='lat' dir='ltr'><strong>Eze-</strong></span> 
     </span>
    </p>
   </div>
   <div class='ocr_carea' id='block_1_32' title="bbox 1766 1668 3355 1741">
    <p class='ocr_par' dir='ltr' id='par_1_32' title="bbox 1766 1668 3355 1741">
     <span class='ocr_line' id='line_1_32' title="bbox 1766 1668 3355 1741; baseline -0.006 -9"><span class='ocrx_word' id='word_1_221' title='bbox 1766 1678 1908 1732; x_wconf 89' lang='lat' dir='ltr'><strong>chiel</strong></span> <span class='ocrx_word' id='word_1_222' title='bbox 1937 1677 2184 1731; x_wconf 91' lang='lat' dir='ltr'><strong>invectos</strong></span> <span class='ocrx_word' id='word_1_223' title='bbox 2231 1674 2581 1730; x_wconf 87' lang='lat' dir='ltr'><strong>Cherubinos</strong></span> <span class='ocrx_word' id='word_1_224' title='bbox 2613 1675 2680 1737; x_wconf 75' lang='lat'><strong>&quot;,</strong></span> <span class='ocrx_word' id='word_1_225' title='bbox 2718 1687 2826 1741; x_wconf 87' lang='lat' dir='ltr'><strong>qua</strong></span> <span class='ocrx_word' id='word_1_226' title='bbox 2866 1670 3036 1725; x_wconf 89' lang='lat' dir='ltr'><strong>lsaias</strong></span> <span class='ocrx_word' id='word_1_227' title='bbox 3063 1668 3232 1723; x_wconf 90' lang='lat' dir='ltr'><strong>Deum</strong></span> <span class='ocrx_word' id='word_1_228' title='bbox 3265 1683 3355 1723; x_wconf 88' lang='lat' dir='ltr'><strong>se-</strong></span> 
     </span>
    </p>
   </div>
   <div class='ocr_carea' id='block_1_33' title="bbox 103 1742 3357 1838">
    <p class='ocr_par' dir='ltr' id='par_1_33' title="bbox 103 1742 3357 1838">
     <span class='ocr_line' id='line_1_33' title="bbox 103 1742 3357 1838; baseline -0.007 -1"><span class='ocrx_word' id='word_1_229' title='bbox 103 1784 360 1824; x_wconf 67' lang='grc' dir='ltr'><strong>εοῐηιιωη·</strong></span> <span class='ocrx_word' id='word_1_230' title='bbox 395 1742 668 1823; x_wconf 54' lang='lat' dir='ltr'><strong>Cancrum</strong></span> <span class='ocrx_word' id='word_1_231' title='bbox 711 1784 776 1823; x_wconf 76' lang='grc' dir='ltr'><strong>εο</strong></span> <span class='ocrx_word' id='word_1_232' title='bbox 807 1742 953 1838; x_wconf 72' lang='grc' dir='ltr'><strong>(ιυοά</strong></span> <span class='ocrx_word' id='word_1_233' title='bbox 1017 1742 1123 1835; x_wconf 46' lang='lat' dir='ltr'><strong>aiis</strong></span> <span class='ocrx_word' id='word_1_234' title='bbox 1155 1768 1320 1823; x_wconf 68' lang='lat' dir='ltr'><strong>De!!!“</strong></span> <span class='ocrx_word' id='word_1_235' title='bbox 1360 1768 1574 1823; x_wconf 67' lang='lat' dir='ltr'><strong>mis&#39;lsse</strong></span> <span class='ocrx_word' id='word_1_236' title='bbox 1605 1767 1657 1818; x_wconf 80' lang='lat' dir='ltr'><strong>in</strong></span> <span class='ocrx_word' id='word_1_237' title='bbox 1684 1742 1738 1809; x_wconf 67' lang='grc' dir='ltr'><strong>Β</strong></span> <span class='ocrx_word' id='word_1_238' title='bbox 1761 1773 1978 1827; x_wconf 89' lang='lat' dir='ltr'><strong>dentem</strong></span> <span class='ocrx_word' id='word_1_239' title='bbox 2021 1771 2073 1824; x_wconf 92' lang='lat' dir='ltr'><strong>in</strong></span> <span class='ocrx_word' id='word_1_240' title='bbox 2111 1770 2238 1824; x_wconf 86' lang='lat' dir='ltr'><strong>sede</strong></span> <span class='ocrx_word' id='word_1_241' title='bbox 2269 1768 2490 1822; x_wconf 80' lang='lat' dir='ltr'><strong>sublimi</strong></span> <span class='ocrx_word' id='word_1_242' title='bbox 2528 1767 2972 1836; x_wconf 88' lang='lat' dir='ltr'><strong>Seraphinosque</strong></span> <span class='ocrx_word' id='word_1_243' title='bbox 3009 1771 3218 1817; x_wconf 86' lang='lat' dir='ltr'><strong>stantes</strong></span> <span class='ocrx_word' id='word_1_244' title='bbox 3248 1761 3357 1818; x_wconf 84' lang='lat' dir='ltr'><strong>clr-</strong></span> 
     </span>
    </p>
   </div>
   <div class='ocr_carea' id='block_1_34' title="bbox 100 1859 1659 1932">
    <p class='ocr_par' dir='ltr' id='par_1_34' title="bbox 100 1859 1659 1932">
     <span class='ocr_line' id='line_1_34' title="bbox 100 1859 1659 1932; baseline -0.003 -18"><span class='ocrx_word' id='word_1_245' title='bbox 100 1863 370 1924; x_wconf 77' lang='lat' dir='ltr'><strong>Adamum,</strong></span> <span class='ocrx_word' id='word_1_246' title='bbox 406 1862 647 1931; x_wconf 88' lang='lat' dir='ltr'><strong>quietem</strong></span> <span class='ocrx_word' id='word_1_247' title='bbox 674 1862 788 1917; x_wconf 84' lang='lat' dir='ltr'><strong>sive</strong></span> <span class='ocrx_word' id='word_1_248' title='bbox 815 1863 1010 1918; x_wconf 84' lang='lat' dir='ltr'><strong>mentis</strong></span> <span class='ocrx_word' id='word_1_249' title='bbox 1041 1872 1320 1932; x_wconf 79' lang='lat' dir='ltr'><strong>stuporem</strong></span> <span class='ocrx_word' id='word_1_250' title='bbox 1345 1899 1362 1925; x_wconf 88' lang='lat'><strong>,</strong></span> <span class='ocrx_word' id='word_1_251' title='bbox 1390 1859 1659 1930; x_wconf 78' lang='lat' dir='ltr'><strong>arguitur,</strong></span> 
     </span>
    </p>
   </div>
   <div class='ocr_carea' id='block_1_35' title="bbox 1763 1848 3350 1934">
    <p class='ocr_par' dir='ltr' id='par_1_35' title="bbox 1763 1848 3350 1934">
     <span class='ocr_line' id='line_1_35' title="bbox 1763 1848 3350 1934; baseline -0.007 -13"><span class='ocrx_word' id='word_1_252' title='bbox 1763 1882 1887 1921; x_wconf 76' lang='lat' dir='ltr'><strong>cutu</strong></span> <span class='ocrx_word' id='word_1_253' title='bbox 1923 1864 2102 1934; x_wconf 89' lang='lat' dir='ltr'><strong>ipsum</strong></span> <span class='ocrx_word' id='word_1_254' title='bbox 2149 1863 2243 1928; x_wconf 68' lang='grc' dir='ltr'><strong>ης</strong></span> <span class='ocrx_word' id='word_1_255' title='bbox 2290 1857 2525 1931; x_wconf 80' lang='lat' dir='ltr'><strong>denique</strong></span> <span class='ocrx_word' id='word_1_256' title='bbox 2556 1877 2663 1929; x_wconf 89' lang='lat' dir='ltr'><strong>qua</strong></span> <span class='ocrx_word' id='word_1_257' title='bbox 2709 1848 2904 1915; x_wconf 83' lang='lat' dir='ltr'><strong>Pet&#39;rus</strong></span> <span class='ocrx_word' id='word_1_258' title='bbox 2949 1849 3288 1912; x_wconf 82' lang='lat' dir='ltr'><strong>descendens</strong></span> <span class='ocrx_word' id='word_1_259' title='bbox 3317 1867 3350 1910; x_wconf 78' lang='grc' dir='ltr'><strong><em>ο</em></strong></span> 
     </span>
    </p>
   </div>
   <div class='ocr_carea' id='block_1_36' title="bbox 101 1941 3341 2022">
    <p class='ocr_par' dir='ltr' id='par_1_36' title="bbox 101 1941 3341 2022">
     <span class='ocr_line' id='line_1_36' title="bbox 101 1941 3341 2022; baseline -0.001 -14"><span class='ocrx_word' id='word_1_260' title='bbox 101 1970 198 2008; x_wconf 87' lang='lat' dir='ltr'><strong>non</strong></span> <span class='ocrx_word' id='word_1_261' title='bbox 228 1961 439 2008; x_wconf 66' lang='lat' dir='ltr'><strong>natura:</strong></span> <span class='ocrx_word' id='word_1_262' title='bbox 469 1953 872 2009; x_wconf 84' lang='lat' dir='ltr'><strong>necessitudine</strong></span> <span class='ocrx_word' id='word_1_263' title='bbox 923 1969 1184 2010; x_wconf 81' lang='lat' dir='ltr'><strong>somnum</strong></span> <span class='ocrx_word' id='word_1_264' title='bbox 1250 1953 1402 2008; x_wconf 80' lang='lat' dir='ltr'><strong>illum</strong></span> <span class='ocrx_word' id='word_1_265' title='bbox 1444 1952 1697 2006; x_wconf 79' lang='lat' dir='ltr'><strong>Ada‘mo-</strong></span> <span class='ocrx_word' id='word_1_266' title='bbox 1764 1959 1907 2016; x_wconf 61' lang='grc' dir='ltr'><strong>ωηο</strong></span> <span class='ocrx_word' id='word_1_267' title='bbox 1950 1957 2135 2011; x_wconf 81' lang='lat' dir='ltr'><strong>.velum</strong></span> <span class='ocrx_word' id='word_1_268' title='bbox 2171 1956 2535 2011; x_wconf 84' lang='lat' dir='ltr'><strong>contuebatur</strong></span> <span class='ocrx_word' id='word_1_269' title='bbox 2564 1953 2631 2008; x_wconf 81' lang='grc'><strong>⁸⁷.</strong></span> <span class='ocrx_word' id='word_1_270' title='bbox 2665 1953 2840 2022; x_wconf 81' lang='lat' dir='ltr'><strong>Atque</strong></span> <span class='ocrx_word' id='word_1_271' title='bbox 2895 1950 3017 2005; x_wconf 63' lang='lat' dir='ltr'><strong>haec</strong></span> <span class='ocrx_word' id='word_1_272' title='bbox 3071 1941 3341 2002; x_wconf 79' lang='lat' dir='ltr'><strong>hactenus</strong></span> 
     </span>
    </p>
   </div>
   <div class='ocr_carea' id='block_1_37' title="bbox 101 2042 1662 2124">
    <p class='ocr_par' dir='ltr' id='par_1_37' title="bbox 101 2042 1662 2124">
     <span class='ocr_line' id='line_1_37' title="bbox 101 2042 1662 2124; baseline -0.004 -21"><span class='ocrx_word' id='word_1_273' title='bbox 101 2044 402 2110; x_wconf 66' lang='lat' dir='ltr'><strong>atcessisse,</strong></span> <span class='ocrx_word' id='word_1_274' title='bbox 436 2046 530 2099; x_wconf 87' lang='lat' dir='ltr'><strong>sed</strong></span> <span class='ocrx_word' id='word_1_275' title='bbox 566 2044 676 2098; x_wconf 90' lang='lat' dir='ltr'><strong>Deo</strong></span> <span class='ocrx_word' id='word_1_276' title='bbox 721 2045 1069 2124; x_wconf 73' lang='lat' dir='ltr'><strong>conciliante.</strong></span> <span class='ocrx_word' id='word_1_277' title='bbox 1099 2044 1289 2111; x_wconf 87' lang='lat' dir='ltr'><strong>Qualis</strong></span> <span class='ocrx_word' id='word_1_278' title='bbox 1327 2059 1459 2102; x_wconf 83' lang='lat' dir='ltr'><strong>vero</strong></span> <span class='ocrx_word' id='word_1_279' title='bbox 1494 2042 1662 2098; x_wconf 82' lang='lat' dir='ltr'><strong>fuerit</strong></span> 
     </span>
    </p>
   </div>
   <div class='ocr_carea' id='block_1_38' title="bbox 100 2134 1658 2207">
    <p class='ocr_par' dir='ltr' id='par_1_38' title="bbox 100 2134 1658 2207">
     <span class='ocr_line' id='line_1_38' title="bbox 100 2134 1658 2207; baseline -0.001 -17"><span class='ocrx_word' id='word_1_280' title='bbox 100 2137 180 2194; x_wconf 82' lang='lat' dir='ltr'><strong>illa</strong></span> <span class='ocrx_word' id='word_1_281' title='bbox 207 2136 382 2207; x_wconf 85' lang='lat' dir='ltr'><strong>quies,</strong></span> <span class='ocrx_word' id='word_1_282' title='bbox 424 2145 520 2190; x_wconf 91' lang='lat' dir='ltr'><strong>aut</strong></span> <span class='ocrx_word' id='word_1_283' title='bbox 548 2135 827 2199; x_wconf 64' lang='lat' dir='ltr'><strong>Erae-caete,</strong></span> <span class='ocrx_word' id='word_1_284' title='bbox 863 2136 907 2190; x_wconf 89' lang='lat' dir='ltr'><strong>si</strong></span> <span class='ocrx_word' id='word_1_285' title='bbox 939 2136 1062 2205; x_wconf 88' lang='lat' dir='ltr'><strong>quis</strong></span> <span class='ocrx_word' id='word_1_286' title='bbox 1093 2144 1324 2206; x_wconf 75' lang='lat' dir='ltr'><strong>quaerat,</strong></span> <span class='ocrx_word' id='word_1_287' title='bbox 1357 2134 1658 2204; x_wconf 78' lang='lat' dir='ltr'><strong>responde-</strong></span> 
     </span>
    </p>
   </div>
   <div class='ocr_carea' id='block_1_39' title="bbox 100 2227 1663 2303">
    <p class='ocr_par' dir='ltr' id='par_1_39' title="bbox 100 2227 1663 2303">
     <span class='ocr_line' id='line_1_39' title="bbox 100 2227 1663 2303; baseline -0.001 -21"><span class='ocrx_word' id='word_1_288' title='bbox 100 2243 211 2284; x_wconf 82' lang='lat' dir='ltr'><strong>mus</strong></span> <span class='ocrx_word' id='word_1_289' title='bbox 265 2227 411 2282; x_wconf 85' lang='lat' dir='ltr'><strong>haud</strong></span> <span class='ocrx_word' id='word_1_290' title='bbox 447 2227 680 2282; x_wconf 71' lang='lat' dir='ltr'><strong>&#39;siutilem</strong></span> <span class='ocrx_word' id='word_1_291' title='bbox 713 2229 994 2303; x_wconf 83' lang='lat' dir='ltr'><strong>consuetis</strong></span> <span class='ocrx_word' id='word_1_292' title='bbox 1025 2229 1134 2282; x_wconf 83' lang='lat' dir='ltr'><strong>illis</strong></span> <span class='ocrx_word' id='word_1_293' title='bbox 1169 2227 1340 2282; x_wconf 87' lang='lat' dir='ltr'><strong>luisse</strong></span> <span class='ocrx_word' id='word_1_294' title='bbox 1371 2227 1573 2296; x_wconf 78' lang='lat' dir='ltr'><strong>quibus</strong></span> <span class='ocrx_word' id='word_1_295' title='bbox 1603 2235 1663 2280; x_wconf 90' lang='lat' dir='ltr'><strong>ut</strong></span> 
     </span>
    </p>
   </div>
   <div class='ocr_carea' id='block_1_40' title="bbox 96 2318 1661 2390">
    <p class='ocr_par' dir='ltr' id='par_1_40' title="bbox 96 2318 1661 2390">
     <span class='ocr_line' id='line_1_40' title="bbox 96 2318 1661 2390; baseline -0.004 -13"><span class='ocrx_word' id='word_1_296' title='bbox 96 2320 348 2387; x_wconf 85' lang='lat' dir='ltr'><strong>solemus,</strong></span> <span class='ocrx_word' id='word_1_297' title='bbox 383 2329 594 2374; x_wconf 68' lang='lat' dir='ltr'><strong>natura:</strong></span> <span class='ocrx_word' id='word_1_298' title='bbox 618 2320 983 2390; x_wconf 71' lang='lat' dir='ltr'><strong>indulgentes.</strong></span> <span class='ocrx_word' id='word_1_299' title='bbox 1023 2318 1266 2375; x_wconf 87' lang='lat' dir='ltr'><strong>Primum</strong></span> <span class='ocrx_word' id='word_1_300' title='bbox 1294 2319 1439 2377; x_wconf 89' lang='lat' dir='ltr'><strong>enim</strong></span> <span class='ocrx_word' id='word_1_301' title='bbox 1468 2335 1534 2374; x_wconf 87' lang='lat' dir='ltr'><strong>eo</strong></span> <span class='ocrx_word' id='word_1_302' title='bbox 1565 2333 1661 2373; x_wconf 81' lang='lat' dir='ltr'><strong>so-</strong></span> 
     </span>
    </p>
   </div>
   <div class='ocr_carea' id='block_1_41' title="bbox 99 2409 1663 2482">
    <p class='ocr_par' dir='ltr' id='par_1_41' title="bbox 99 2409 1663 2482">
     <span class='ocr_line' id='line_1_41' title="bbox 99 2409 1663 2482; baseline 0.001 -16"><span class='ocrx_word' id='word_1_303' title='bbox 99 2427 218 2482; x_wconf 75' lang='lat' dir='ltr'><strong>rore</strong></span> <span class='ocrx_word' id='word_1_304' title='bbox 249 2411 522 2474; x_wconf 87' lang='lat' dir='ltr'><strong>immisso,</strong></span> <span class='ocrx_word' id='word_1_305' title='bbox 542 2411 774 2467; x_wconf 72' lang='lat' dir='ltr'><strong>obduxit</strong></span> <span class='ocrx_word' id='word_1_306' title='bbox 799 2409 940 2467; x_wconf 84' lang='lat' dir='ltr'><strong>Deus</strong></span> <span class='ocrx_word' id='word_1_307' title='bbox 957 2411 1150 2468; x_wconf 81' lang='lat' dir='ltr'><strong>Adatni</strong></span> <span class='ocrx_word' id='word_1_308' title='bbox 1185 2422 1418 2467; x_wconf 88' lang='lat' dir='ltr'><strong>mentem</strong></span> <span class='ocrx_word' id='word_1_309' title='bbox 1448 2427 1474 2464; x_wconf 68' lang='grc' dir='ltr'><strong>τι</strong></span> <span class='ocrx_word' id='word_1_310' title='bbox 1501 2411 1663 2467; x_wconf 85' lang='lat' dir='ltr'><strong>rebus</strong></span> 
     </span>
    </p>
   </div>
   <div class='ocr_carea' id='block_1_42' title="bbox 95 2507 1664 2578">
    <p class='ocr_par' dir='ltr' id='par_1_42' title="bbox 95 2507 1664 2578">
     <span class='ocr_line' id='line_1_42' title="bbox 95 2507 1664 2578; baseline 0 -16"><span class='ocrx_word' id='word_1_311' title='bbox 95 2509 344 2564; x_wconf 86' lang='lat' dir='ltr'><strong>omnibus</strong></span> <span class='ocrx_word' id='word_1_312' title='bbox 382 2523 509 2578; x_wconf 77' lang='lat' dir='ltr'><strong>qua:</strong></span> <span class='ocrx_word' id='word_1_313' title='bbox 561 2509 680 2562; x_wconf 88' lang='lat' dir='ltr'><strong>visu</strong></span> <span class='ocrx_word' id='word_1_314' title='bbox 717 2508 797 2563; x_wconf 93' lang='lat' dir='ltr'><strong>vel</strong></span> <span class='ocrx_word' id='word_1_315' title='bbox 865 2507 970 2563; x_wconf 84' lang='lat' dir='ltr'><strong>alio</strong></span> <span class='ocrx_word' id='word_1_316' title='bbox 1005 2509 1202 2578; x_wconf 88' lang='lat' dir='ltr'><strong>quovis</strong></span> <span class='ocrx_word' id='word_1_317' title='bbox 1250 2524 1412 2564; x_wconf 88' lang='lat' dir='ltr'><strong>sensu</strong></span> <span class='ocrx_word' id='word_1_318' title='bbox 1459 2507 1664 2578; x_wconf 82' lang='lat' dir='ltr'><strong>percipi</strong></span> 
     </span>
    </p>
   </div>
   <div class='ocr_carea' id='block_1_43' title="bbox 97 2591 1665 2670">
    <p class='ocr_par' dir='ltr' id='par_1_43' title="bbox 97 2591 1665 2670">
     <span class='ocr_line' id='line_1_43' title="bbox 97 2591 1665 2670; baseline 0.001 -17"><span class='ocrx_word' id='word_1_319' title='bbox 97 2601 314 2669; x_wconf 86' lang='lat' dir='ltr'><strong>possint,</strong></span> <span class='ocrx_word' id='word_1_320' title='bbox 342 2609 511 2670; x_wconf 88' lang='lat' dir='ltr'><strong>atque</strong></span> <span class='ocrx_word' id='word_1_321' title='bbox 542 2591 838 2666; x_wconf 82' lang='lat' dir='ltr'><strong>itasotnno</strong></span> <span class='ocrx_word' id='word_1_322' title='bbox 863 2614 928 2653; x_wconf 89' lang='lat' dir='ltr'><strong>eo</strong></span> <span class='ocrx_word' id='word_1_323' title='bbox 946 2599 1124 2654; x_wconf 65' lang='lat' dir='ltr'><strong>allecit</strong></span> <span class='ocrx_word' id='word_1_324' title='bbox 1148 2609 1208 2653; x_wconf 92' lang='lat' dir='ltr'><strong>ut-</strong></span> <span class='ocrx_word' id='word_1_325' title='bbox 1235 2600 1448 2654; x_wconf 83' lang='lat' dir='ltr'><strong>illnrum</strong></span> <span class='ocrx_word' id='word_1_326' title='bbox 1483 2615 1665 2654; x_wconf 90' lang='lat' dir='ltr'><strong>rerum</strong></span> 
     </span>
    </p>
   </div>
   <div class='ocr_carea' id='block_1_44' title="bbox 97 2688 1667 2761">
    <p class='ocr_par' dir='ltr' id='par_1_44' title="bbox 97 2688 1667 2761">
     <span class='ocr_line' id='line_1_44' title="bbox 97 2688 1667 2761; baseline 0 -18"><span class='ocrx_word' id='word_1_327' title='bbox 97 2688 312 2759; x_wconf 79' lang='lat' dir='ltr'><strong>prorsus</strong></span> <span class='ocrx_word' id='word_1_328' title='bbox 355 2689 564 2744; x_wconf 75' lang='lat' dir='ltr'><strong>trullam</strong></span> <span class='ocrx_word' id='word_1_329' title='bbox 589 2689 820 2744; x_wconf 86' lang='lat' dir='ltr'><strong>sentiret</strong></span> <span class='ocrx_word' id='word_1_330' title='bbox 856 2707 870 2744; x_wconf 88' lang='lat'><strong>:</strong></span> <span class='ocrx_word' id='word_1_331' title='bbox 910 2689 1167 2743; x_wconf 88' lang='lat' dir='ltr'><strong>nimirum</strong></span> <span class='ocrx_word' id='word_1_332' title='bbox 1228 2690 1400 2758; x_wconf 86' lang='lat' dir='ltr'><strong>ipsius</strong></span> <span class='ocrx_word' id='word_1_333' title='bbox 1456 2690 1667 2761; x_wconf 81' lang='lat' dir='ltr'><strong>cegita-</strong></span> 
     </span>
    </p>
   </div>
   <div class='ocr_carea' id='block_1_45' title="bbox 99 2779 1666 2856">
    <p class='ocr_par' dir='ltr' id='par_1_45' title="bbox 99 2779 1666 2856">
     <span class='ocr_line' id='line_1_45' title="bbox 99 2779 1666 2856; baseline 0.004 -26"><span class='ocrx_word' id='word_1_334' title='bbox 99 2779 261 2832; x_wconf 89' lang='lat' dir='ltr'><strong>tiones</strong></span> <span class='ocrx_word' id='word_1_335' title='bbox 283 2781 528 2849; x_wconf 56' lang='lat' dir='ltr'><strong>&quot;penitus</strong></span> <span class='ocrx_word' id='word_1_336' title='bbox 576 2779 646 2834; x_wconf 90' lang='lat' dir='ltr'><strong>ab</strong></span> <span class='ocrx_word' id='word_1_337' title='bbox 685 2779 1152 2856; x_wconf 74' lang='lat' dir='ltr'><strong>occupationibus</strong></span> <span class='ocrx_word' id='word_1_338' title='bbox 1188 2797 1374 2836; x_wconf 89' lang='lat' dir='ltr'><strong>rerum</strong></span> <span class='ocrx_word' id='word_1_339' title='bbox 1414 2782 1666 2836; x_wconf 67' lang='lat' dir='ltr'><strong>&quot;munda-</strong></span> 
     </span>
    </p>
   </div>
   <div class='ocr_carea' id='block_1_46' title="bbox 97 2872 1664 2942">
    <p class='ocr_par' dir='ltr' id='par_1_46' title="bbox 97 2872 1664 2942">
     <span class='ocr_line' id='line_1_46' title="bbox 97 2872 1664 2942; baseline 0.003 -18"><span class='ocrx_word' id='word_1_340' title='bbox 97 2885 280 2925; x_wconf 85' lang='lat' dir='ltr'><strong>narunt</strong></span> <span class='ocrx_word' id='word_1_341' title='bbox 317 2872 584 2926; x_wconf 88' lang='lat' dir='ltr'><strong>outnibus</strong></span> <span class='ocrx_word' id='word_1_342' title='bbox 627 2872 698 2925; x_wconf 88' lang='lat' dir='ltr'><strong>ita</strong></span> <span class='ocrx_word' id='word_1_343' title='bbox 734 2872 949 2942; x_wconf 77' lang='lat' dir='ltr'><strong>collegit</strong></span> <span class='ocrx_word' id='word_1_344' title='bbox 985 2881 1044 2926; x_wconf 88' lang='lat' dir='ltr'><strong>ut</strong></span> <span class='ocrx_word' id='word_1_345' title='bbox 1080 2873 1188 2928; x_wconf 89' lang='lat' dir='ltr'><strong>alio</strong></span> <span class='ocrx_word' id='word_1_346' title='bbox 1217 2883 1450 2927; x_wconf 83' lang='lat' dir='ltr'><strong>tuentem</strong></span> <span class='ocrx_word' id='word_1_347' title='bbox 1509 2879 1664 2929; x_wconf 85' lang='lat' dir='ltr'><strong>suam</strong></span> 
     </span>
    </p>
   </div>
   <div class='ocr_carea' id='block_1_47' title="bbox 96 2961 1666 3033">
    <p class='ocr_par' dir='ltr' id='par_1_47' title="bbox 96 2961 1666 3033">
     <span class='ocr_line' id='line_1_47' title="bbox 96 2961 1666 3033; baseline 0.005 -19"><span class='ocrx_word' id='word_1_348' title='bbox 96 2961 384 3033; x_wconf 73' lang='lat' dir='ltr'><strong>ille.(luam</strong></span> <span class='ocrx_word' id='word_1_349' title='bbox 412 2964 468 3017; x_wconf 90' lang='lat' dir='ltr'><strong>in</strong></span> <span class='ocrx_word' id='word_1_350' title='bbox 501 2963 745 3032; x_wconf 87' lang='lat' dir='ltr'><strong>seipsum</strong></span> <span class='ocrx_word' id='word_1_351' title='bbox 775 2978 841 3017; x_wconf 89' lang='lat' dir='ltr'><strong>ac</strong></span> <span class='ocrx_word' id='word_1_352' title='bbox 870 2966 1012 3018; x_wconf 88' lang='lat' dir='ltr'><strong>circa</strong></span> <span class='ocrx_word' id='word_1_353' title='bbox 1040 2980 1180 3025; x_wconf 88' lang='lat' dir='ltr'><strong>sese,</strong></span> <span class='ocrx_word' id='word_1_354' title='bbox 1219 2981 1326 3019; x_wconf 89' lang='lat' dir='ltr'><strong>non</strong></span> <span class='ocrx_word' id='word_1_355' title='bbox 1354 2967 1666 3022; x_wconf 86' lang='lat' dir='ltr'><strong>intenderet</strong></span> 
     </span>
    </p>
   </div>
   <div class='ocr_carea' id='block_1_48' title="bbox 91 3054 1740 3152">
    <p class='ocr_par' dir='ltr' id='par_1_48' title="bbox 91 3054 1740 3152">
     <span class='ocr_line' id='line_1_48' title="bbox 91 3054 1740 3152; baseline 0.003 -40"><span class='ocrx_word' id='word_1_356' title='bbox 91 3069 176 3120; x_wconf 76' lang='lat' dir='ltr'><strong>aut</strong></span> <span class='ocrx_word' id='word_1_357' title='bbox 207 3069 450 3152; x_wconf 82' lang='lat' dir='ltr'><strong>verteret</strong></span> <span class='ocrx_word' id='word_1_358' title='bbox 483 3076 500 3114; x_wconf 89' lang='lat'><strong>:</strong></span> <span class='ocrx_word' id='word_1_359' title='bbox 532 3061 728 3116; x_wconf 88' lang='lat' dir='ltr'><strong>deinde</strong></span> <span class='ocrx_word' id='word_1_360' title='bbox 759 3061 1148 3115; x_wconf 86' lang='lat' dir='ltr'><strong>revelationem</strong></span> <span class='ocrx_word' id='word_1_361' title='bbox 1181 3061 1280 3130; x_wconf 85' lang='lat' dir='ltr'><strong>ipsi</strong></span> <span class='ocrx_word' id='word_1_362' title='bbox 1305 3054 1524 3127; x_wconf 86' lang='lat' dir='ltr'><strong>indidit,</strong></span> <span class='ocrx_word' id='word_1_363' title='bbox 1547 3077 1655 3132; x_wconf 89' lang='lat' dir='ltr'><strong>qua</strong></span> <span class='ocrx_word' id='word_1_364' title='bbox 1697 3093 1740 3152; x_wconf 68' lang='grc' dir='ltr'>ο</span> 
     </span>
    </p>
   </div>
   <div class='ocr_carea' id='block_1_49' title="bbox 93 3146 1664 3224">
    <p class='ocr_par' dir='ltr' id='par_1_49' title="bbox 93 3146 1664 3224">
     <span class='ocr_line' id='line_1_49' title="bbox 93 3146 1664 3224; baseline 0.002 -20"><span class='ocrx_word' id='word_1_365' title='bbox 93 3153 250 3207; x_wconf 86' lang='lat' dir='ltr'><strong>veluti</strong></span> <span class='ocrx_word' id='word_1_366' title='bbox 280 3146 472 3208; x_wconf 80' lang='lat' dir='ltr'><strong>divina</strong></span> <span class='ocrx_word' id='word_1_367' title='bbox 505 3153 762 3224; x_wconf 87' lang='lat' dir='ltr'><strong>quapiam</strong></span> <span class='ocrx_word' id='word_1_368' title='bbox 795 3151 1105 3218; x_wconf 82' lang='lat' dir='ltr'><strong>eliieieutia,</strong></span> <span class='ocrx_word' id='word_1_369' title='bbox 1141 3154 1226 3208; x_wconf 88' lang='lat' dir='ltr'><strong>sic</strong></span> <span class='ocrx_word' id='word_1_370' title='bbox 1257 3155 1346 3208; x_wconf 90' lang='lat' dir='ltr'><strong>ille</strong></span> <span class='ocrx_word' id='word_1_371' title='bbox 1371 3168 1664 3222; x_wconf 58' lang='lat' dir='ltr'><strong>comparao</strong></span> 
     </span>
    </p>
   </div>
   <div class='ocr_carea' id='block_1_50' title="bbox 93 3243 1669 3324">
    <p class='ocr_par' dir='ltr' id='par_1_50' title="bbox 93 3243 1669 3324">
     <span class='ocr_line' id='line_1_50' title="bbox 93 3243 1669 3324; baseline 0 -26"><span class='ocrx_word' id='word_1_372' title='bbox 93 3243 269 3311; x_wconf 83' lang='lat' dir='ltr'><strong>batur,</strong></span> <span class='ocrx_word' id='word_1_373' title='bbox 320 3253 405 3324; x_wconf 64' lang='lat' dir='ltr'><strong>ut</strong></span> <span class='ocrx_word' id='word_1_374' title='bbox 427 3259 526 3314; x_wconf 88' lang='lat' dir='ltr'><strong>per</strong></span> <span class='ocrx_word' id='word_1_375' title='bbox 546 3244 742 3299; x_wconf 77' lang='lat' dir='ltr'><strong>animae</strong></span> <span class='ocrx_word' id='word_1_376' title='bbox 772 3256 883 3299; x_wconf 66' lang='lat' dir='ltr'><strong>sua</strong></span> <span class='ocrx_word' id='word_1_377' title='bbox 913 3254 1092 3299; x_wconf 85' lang='lat' dir='ltr'><strong>motus</strong></span> <span class='ocrx_word' id='word_1_378' title='bbox 1120 3245 1401 3314; x_wconf 85' lang='lat' dir='ltr'><strong>viresque,</strong></span> <span class='ocrx_word' id='word_1_379' title='bbox 1461 3245 1669 3300; x_wconf 83' lang='lat' dir='ltr'><strong>videret</strong></span> 
     </span>
    </p>
   </div>
   <div class='ocr_carea' id='block_1_51' title="bbox 89 3330 1666 3407">
    <p class='ocr_par' dir='ltr' id='par_1_51' title="bbox 89 3330 1666 3407">
     <span class='ocr_line' id='line_1_51' title="bbox 89 3330 1666 3407; baseline 0 -17"><span class='ocrx_word' id='word_1_380' title='bbox 89 3347 244 3407; x_wconf 84' lang='lat' dir='ltr'><strong>atque</strong></span> <span class='ocrx_word' id='word_1_381' title='bbox 295 3336 521 3392; x_wconf 86' lang='lat' dir='ltr'><strong>audiret</strong></span> <span class='ocrx_word' id='word_1_382' title='bbox 551 3345 747 3392; x_wconf 91' lang='lat' dir='ltr'><strong>cuncta</strong></span> <span class='ocrx_word' id='word_1_383' title='bbox 780 3351 904 3406; x_wconf 61' lang='lat' dir='ltr'><strong>quas</strong></span> <span class='ocrx_word' id='word_1_384' title='bbox 930 3336 1111 3405; x_wconf 87' lang='lat' dir='ltr'><strong>seipso</strong></span> <span class='ocrx_word' id='word_1_385' title='bbox 1141 3353 1206 3391; x_wconf 86' lang='lat' dir='ltr'><strong>ac</strong></span> <span class='ocrx_word' id='word_1_386' title='bbox 1248 3338 1393 3391; x_wconf 85' lang='lat' dir='ltr'><strong>circa</strong></span> <span class='ocrx_word' id='word_1_387' title='bbox 1432 3351 1497 3392; x_wconf 82' lang='lat' dir='ltr'><strong>se</strong></span> <span class='ocrx_word' id='word_1_388' title='bbox 1521 3330 1666 3407; x_wconf 13' lang='lat' dir='ltr'><strong>Vage-</strong></span> 
     </span>
    </p>
   </div>
   <div class='ocr_carea' id='block_1_52' title="bbox 90 3429 1664 3500">
    <p class='ocr_par' dir='ltr' id='par_1_52' title="bbox 90 3429 1664 3500">
     <span class='ocr_line' id='line_1_52' title="bbox 90 3429 1664 3500; baseline 0 -17"><span class='ocrx_word' id='word_1_389' title='bbox 90 3433 304 3486; x_wconf 90' lang='lat' dir='ltr'><strong>bantur.</strong></span> <span class='ocrx_word' id='word_1_390' title='bbox 365 3429 787 3486; x_wconf 84' lang='lat' dir='ltr'><strong>Permisitenim</strong></span> <span class='ocrx_word' id='word_1_391' title='bbox 813 3430 916 3499; x_wconf 90' lang='lat' dir='ltr'><strong>ipsi</strong></span> <span class='ocrx_word' id='word_1_392' title='bbox 951 3437 1011 3484; x_wconf 90' lang='lat' dir='ltr'><strong>ut</strong></span> <span class='ocrx_word' id='word_1_393' title='bbox 1044 3444 1152 3483; x_wconf 92' lang='lat' dir='ltr'><strong>non</strong></span> <span class='ocrx_word' id='word_1_394' title='bbox 1186 3429 1345 3484; x_wconf 87' lang='lat' dir='ltr'><strong>aliter</strong></span> <span class='ocrx_word' id='word_1_395' title='bbox 1365 3430 1505 3500; x_wconf 87' lang='lat' dir='ltr'><strong>apud</strong></span> <span class='ocrx_word' id='word_1_396' title='bbox 1539 3429 1664 3484; x_wconf 78' lang='lat' dir='ltr'><strong>ani-</strong></span> 
     </span>
    </p>
   </div>
   <div class='ocr_carea' id='block_1_53' title="bbox 88 3520 1663 3592">
    <p class='ocr_par' dir='ltr' id='par_1_53' title="bbox 88 3520 1663 3592">
     <span class='ocr_line' id='line_1_53' title="bbox 88 3520 1663 3592; baseline -0.001 -15"><span class='ocrx_word' id='word_1_397' title='bbox 88 3538 227 3577; x_wconf 78' lang='lat' dir='ltr'><strong>nium</strong></span> <span class='ocrx_word' id='word_1_398' title='bbox 263 3538 434 3578; x_wconf 87' lang='lat' dir='ltr'><strong>suum</strong></span> <span class='ocrx_word' id='word_1_399' title='bbox 468 3531 710 3576; x_wconf 83' lang='lat' dir='ltr'><strong>versaret</strong></span> <span class='ocrx_word' id='word_1_400' title='bbox 746 3531 1134 3592; x_wconf 87' lang='lat' dir='ltr'><strong>reputaretque</strong></span> <span class='ocrx_word' id='word_1_401' title='bbox 1162 3536 1227 3577; x_wconf 86' lang='lat' dir='ltr'><strong>ac</strong></span> <span class='ocrx_word' id='word_1_402' title='bbox 1257 3531 1439 3575; x_wconf 85' lang='lat' dir='ltr'><strong>certus</strong></span> <span class='ocrx_word' id='word_1_403' title='bbox 1469 3520 1663 3581; x_wconf 80' lang='lat' dir='ltr'><strong>redde-</strong></span> 
     </span>
    </p>
   </div>
   <div class='ocr_carea' id='block_1_54' title="bbox 85 3596 1659 3682">
    <p class='ocr_par' dir='ltr' id='par_1_54' title="bbox 85 3596 1659 3682">
     <span class='ocr_line' id='line_1_54' title="bbox 85 3596 1659 3682; baseline 0 -16"><span class='ocrx_word' id='word_1_404' title='bbox 85 3620 227 3669; x_wconf 86' lang='lat' dir='ltr'><strong>retur</strong></span> <span class='ocrx_word' id='word_1_405' title='bbox 247 3613 400 3682; x_wconf 84' lang='lat' dir='ltr'><strong>quod</strong></span> <span class='ocrx_word' id='word_1_406' title='bbox 415 3596 572 3668; x_wconf 23' lang='lat' dir='ltr'><strong>costa,</strong></span> <span class='ocrx_word' id='word_1_407' title='bbox 595 3613 696 3669; x_wconf 86' lang='lat' dir='ltr'><strong>sibi</strong></span> <span class='ocrx_word' id='word_1_408' title='bbox 720 3612 1061 3668; x_wconf 86' lang='lat' dir='ltr'><strong>eximebatur</strong></span> <span class='ocrx_word' id='word_1_409' title='bbox 1092 3621 1256 3681; x_wconf 87' lang='lat' dir='ltr'><strong>atque</strong></span> <span class='ocrx_word' id='word_1_410' title='bbox 1277 3614 1328 3666; x_wconf 92' lang='lat' dir='ltr'><strong>in</strong></span> <span class='ocrx_word' id='word_1_411' title='bbox 1365 3612 1659 3666; x_wconf 88' lang='lat' dir='ltr'><strong>mulierem</strong></span> 
     </span>
    </p>
   </div>
   <div class='ocr_carea' id='block_1_55' title="bbox 83 3702 1668 3778">
    <p class='ocr_par' dir='ltr' id='par_1_55' title="bbox 83 3702 1668 3778">
     <span class='ocr_line' id='line_1_55' title="bbox 83 3702 1668 3778; baseline 0 -22"><span class='ocrx_word' id='word_1_412' title='bbox 83 3703 547 3778; x_wconf 81' lang='lat' dir='ltr'><strong>ronciunahatur,</strong></span> <span class='ocrx_word' id='word_1_413' title='bbox 594 3717 758 3774; x_wconf 85' lang='lat' dir='ltr'><strong>quam</strong></span> <span class='ocrx_word' id='word_1_414' title='bbox 815 3702 862 3757; x_wconf 86' lang='lat' dir='ltr'><strong>si</strong></span> <span class='ocrx_word' id='word_1_415' title='bbox 895 3703 1069 3757; x_wconf 89' lang='lat' dir='ltr'><strong>oculis</strong></span> <span class='ocrx_word' id='word_1_416' title='bbox 1099 3705 1439 3772; x_wconf 85' lang='lat' dir='ltr'><strong>auribusque</strong></span> <span class='ocrx_word' id='word_1_417' title='bbox 1467 3717 1668 3771; x_wconf 83' lang='lat' dir='ltr'><strong>corpo-</strong></span> 
     </span>
    </p>
   </div>
   <div class='ocr_carea' id='block_1_56' title="bbox 86 3782 1670 3867">
    <p class='ocr_par' dir='ltr' id='par_1_56' title="bbox 86 3782 1670 3867">
     <span class='ocr_line' id='line_1_56' title="bbox 86 3782 1670 3867; baseline -0.001 -18"><span class='ocrx_word' id='word_1_418' title='bbox 86 3795 189 3850; x_wconf 84' lang='lat' dir='ltr'><strong>reis</strong></span> <span class='ocrx_word' id='word_1_419' title='bbox 226 3811 365 3852; x_wconf 86' lang='lat' dir='ltr'><strong>usus</strong></span> <span class='ocrx_word' id='word_1_420' title='bbox 398 3782 744 3867; x_wconf 44' lang='lat' dir='ltr'><strong>remipsam&#39;</strong></span> <span class='ocrx_word' id='word_1_421' title='bbox 776 3797 1004 3852; x_wconf 79' lang='lat' dir='ltr'><strong>vidisset</strong></span> <span class='ocrx_word' id='word_1_422' title='bbox 1051 3805 1104 3850; x_wconf 85' lang='lat' dir='ltr'><strong>et</strong></span> <span class='ocrx_word' id='word_1_423' title='bbox 1150 3794 1475 3851; x_wconf 89' lang='lat' dir='ltr'><strong>audivisset.</strong></span> <span class='ocrx_word' id='word_1_424' title='bbox 1532 3791 1670 3848; x_wconf 83' lang='lat' dir='ltr'><strong>Nam</strong></span> 
     </span>
    </p>
   </div>
   <div class='ocr_carea' id='block_1_57' title="bbox 83 3884 1673 3959">
    <p class='ocr_par' dir='ltr' id='par_1_57' title="bbox 83 3884 1673 3959">
     <span class='ocr_line' id='line_1_57' title="bbox 83 3884 1673 3959; baseline 0.001 -19"><span class='ocrx_word' id='word_1_425' title='bbox 83 3901 146 3941; x_wconf 90' lang='lat' dir='ltr'><strong>eo</strong></span> <span class='ocrx_word' id='word_1_426' title='bbox 162 3897 331 3958; x_wconf 86' lang='lat' dir='ltr'><strong>captu</strong></span> <span class='ocrx_word' id='word_1_427' title='bbox 367 3888 566 3954; x_wconf 86' lang='lat' dir='ltr'><strong>animi,</strong></span> <span class='ocrx_word' id='word_1_428' title='bbox 606 3889 699 3959; x_wconf 89' lang='lat' dir='ltr'><strong>qui</strong></span> <span class='ocrx_word' id='word_1_429' title='bbox 741 3889 959 3944; x_wconf 90' lang='lat' dir='ltr'><strong>videndi</strong></span> <span class='ocrx_word' id='word_1_430' title='bbox 1017 3887 1381 3957; x_wconf 81' lang='lat' dir='ltr'><strong>audiendique</strong></span> <span class='ocrx_word' id='word_1_431' title='bbox 1421 3884 1673 3942; x_wconf 82' lang='lat' dir='ltr'><strong>sensibus</strong></span> 
     </span>
    </p>
   </div>
   <div class='ocr_carea' id='block_1_58' title="bbox 48 3963 1672 4054">
    <p class='ocr_par' dir='ltr' id='par_1_58' title="bbox 48 3963 1672 4054">
     <span class='ocr_line' id='line_1_58' title="bbox 48 3963 1672 4054; baseline -0.001 -20"><span class='ocrx_word' id='word_1_432' title='bbox 48 4051 52 4054; x_wconf 15' lang='grc'><strong><em>⁵</em></strong></span> <span class='ocrx_word' id='word_1_433' title='bbox 86 3982 476 4052; x_wconf 81' lang='lat' dir='ltr'><strong>responderet,</strong></span> <span class='ocrx_word' id='word_1_434' title='bbox 513 3981 632 4035; x_wconf 89' lang='lat' dir='ltr'><strong>ideo</strong></span> <span class='ocrx_word' id='word_1_435' title='bbox 672 3963 850 4050; x_wconf 78' lang='lat' dir='ltr'><strong>ipsum</strong></span> <span class='ocrx_word' id='word_1_436' title='bbox 881 3980 1175 4035; x_wconf 85' lang='lat' dir='ltr'><strong>inllrntavit</strong></span> <span class='ocrx_word' id='word_1_437' title='bbox 1205 3979 1348 4034; x_wconf 84' lang='lat' dir='ltr'><strong>Deus</strong></span> <span class='ocrx_word' id='word_1_438' title='bbox 1374 3994 1484 4048; x_wconf 87' lang='lat' dir='ltr'><strong>quo</strong></span> <span class='ocrx_word' id='word_1_439' title='bbox 1515 3979 1672 4049; x_wconf 84' lang='lat' dir='ltr'><strong>peni-</strong></span> 
     </span>
    </p>
   </div>
   <div class='ocr_carea' id='block_1_59' title="bbox 83 4073 1685 4142">
    <p class='ocr_par' dir='ltr' id='par_1_59' title="bbox 83 4073 1685 4142">
     <span class='ocr_line' id='line_1_59' title="bbox 83 4073 1685 4142; baseline -0.002 -14"><span class='ocrx_word' id='word_1_440' title='bbox 83 4085 165 4128; x_wconf 90' lang='lat' dir='ltr'><strong>tus</strong></span> <span class='ocrx_word' id='word_1_441' title='bbox 187 4074 348 4130; x_wconf 88' lang='lat' dir='ltr'><strong>cordi</strong></span> <span class='ocrx_word' id='word_1_442' title='bbox 387 4073 564 4142; x_wconf 83' lang='lat' dir='ltr'><strong>ipsius</strong></span> <span class='ocrx_word' id='word_1_443' title='bbox 612 4073 733 4128; x_wconf 83' lang='lat' dir='ltr'><strong>lixa</strong></span> <span class='ocrx_word' id='word_1_444' title='bbox 763 4076 992 4130; x_wconf 72' lang='lat' dir='ltr'><strong>haereret</strong></span> <span class='ocrx_word' id='word_1_445' title='bbox 1039 4073 1318 4141; x_wconf 90' lang='lat' dir='ltr'><strong>mentique</strong></span> <span class='ocrx_word' id='word_1_446' title='bbox 1347 4081 1496 4129; x_wconf 89' lang='lat' dir='ltr'><strong>certa</strong></span> <span class='ocrx_word' id='word_1_447' title='bbox 1534 4073 1685 4127; x_wconf 72' lang='lat' dir='ltr'><strong>cono”</strong></span> 
     </span>
    </p>
   </div>
   <div class='ocr_carea' id='block_1_60' title="bbox 85 4162 1674 4234">
    <p class='ocr_par' dir='ltr' id='par_1_60' title="bbox 85 4162 1674 4234">
     <span class='ocr_line' id='line_1_60' title="bbox 85 4162 1674 4234; baseline 0.001 -18"><span class='ocrx_word' id='word_1_448' title='bbox 85 4165 252 4218; x_wconf 80' lang='lat' dir='ltr'><strong>staret</strong></span> <span class='ocrx_word' id='word_1_449' title='bbox 295 4178 394 4219; x_wconf 84' lang='lat' dir='ltr'><strong>res</strong></span> <span class='ocrx_word' id='word_1_450' title='bbox 431 4163 521 4216; x_wconf 91' lang='lat' dir='ltr'><strong>illa</strong></span> <span class='ocrx_word' id='word_1_451' title='bbox 576 4178 699 4232; x_wconf 66' lang='lat' dir='ltr'><strong>qua:</strong></span> <span class='ocrx_word' id='word_1_452' title='bbox 752 4163 1524 4234; x_wconf 86' lang='lat' dir='ltr'><strong>agebatur;iutelligeretque</strong></span> <span class='ocrx_word' id='word_1_453' title='bbox 1581 4162 1674 4218; x_wconf 86' lang='lat' dir='ltr'><strong>ille</strong></span> 
     </span>
    </p>
   </div>
   <div class='ocr_carea' id='block_1_61' title="bbox 83 4253 1674 4325">
    <p class='ocr_par' dir='ltr' id='par_1_61' title="bbox 83 4253 1674 4325">
     <span class='ocr_line' id='line_1_61' title="bbox 83 4253 1674 4325; baseline -0.001 -16"><span class='ocrx_word' id='word_1_454' title='bbox 83 4268 137 4309; x_wconf 86' lang='lat' dir='ltr'><strong>se</strong></span> <span class='ocrx_word' id='word_1_455' title='bbox 169 4271 282 4310; x_wconf 88' lang='lat' dir='ltr'><strong>non</strong></span> <span class='ocrx_word' id='word_1_456' title='bbox 333 4253 580 4310; x_wconf 75' lang='lat' dir='ltr'><strong>fantasia</strong></span> <span class='ocrx_word' id='word_1_457' title='bbox 614 4255 870 4323; x_wconf 86' lang='lat' dir='ltr'><strong>quapiam</strong></span> <span class='ocrx_word' id='word_1_458' title='bbox 903 4263 1069 4324; x_wconf 89' lang='lat' dir='ltr'><strong>atque</strong></span> <span class='ocrx_word' id='word_1_459' title='bbox 1112 4270 1250 4309; x_wconf 84' lang='lat' dir='ltr'><strong>vana</strong></span> <span class='ocrx_word' id='word_1_460' title='bbox 1283 4253 1674 4325; x_wconf 71' lang='lat' dir='ltr'><strong>imaginatione</strong></span> 
     </span>
    </p>
   </div>
   <div class='ocr_carea' id='block_1_62' title="bbox 84 4350 1671 4420">
    <p class='ocr_par' dir='ltr' id='par_1_62' title="bbox 84 4350 1671 4420">
     <span class='ocr_line' id='line_1_62' title="bbox 84 4350 1671 4420; baseline 0.002 -18"><span class='ocrx_word' id='word_1_461' title='bbox 84 4350 382 4404; x_wconf 86' lang='lat' dir='ltr'><strong>seductum</strong></span> <span class='ocrx_word' id='word_1_462' title='bbox 415 4364 447 4403; x_wconf 90' lang='lat' dir='ltr'><strong>a</strong></span> <span class='ocrx_word' id='word_1_463' title='bbox 489 4364 618 4404; x_wconf 87' lang='lat' dir='ltr'><strong>vero</strong></span> <span class='ocrx_word' id='word_1_464' title='bbox 641 4365 784 4410; x_wconf 89' lang='lat' dir='ltr'><strong>esse,</strong></span> <span class='ocrx_word' id='word_1_465' title='bbox 819 4353 912 4404; x_wconf 91' lang='lat' dir='ltr'><strong>sed</strong></span> <span class='ocrx_word' id='word_1_466' title='bbox 945 4366 1057 4405; x_wconf 90' lang='lat' dir='ltr'><strong>rem</strong></span> <span class='ocrx_word' id='word_1_467' title='bbox 1112 4350 1286 4420; x_wconf 88' lang='lat' dir='ltr'><strong>ipsam</strong></span> <span class='ocrx_word' id='word_1_468' title='bbox 1324 4351 1671 4420; x_wconf 80' lang='lat' dir='ltr'><strong>percepisse:</strong></span> 
     </span>
    </p>
   </div>
   <div class='ocr_carea' id='block_1_63' title="bbox 1764 2041 3353 2122">
    <p class='ocr_par' dir='ltr' id='par_1_63' title="bbox 1764 2041 3353 2122">
     <span class='ocr_line' id='line_1_63' title="bbox 1764 2041 3353 2122; baseline -0.011 -14"><span class='ocrx_word' id='word_1_469' title='bbox 1764 2053 1834 2108; x_wconf 89' lang='lat' dir='ltr'><strong>de</strong></span> <span class='ocrx_word' id='word_1_470' title='bbox 1864 2051 2049 2122; x_wconf 87' lang='lat' dir='ltr'><strong>quiete</strong></span> <span class='ocrx_word' id='word_1_471' title='bbox 2077 2052 2190 2106; x_wconf 86' lang='lat' dir='ltr'><strong>sive</strong></span> <span class='ocrx_word' id='word_1_472' title='bbox 2210 2045 2793 2117; x_wconf 39' lang='lat' dir='ltr'><strong>exstasi.quam;l)eus</strong></span> <span class='ocrx_word' id='word_1_473' title='bbox 2825 2043 3036 2099; x_wconf 85' lang='lat' dir='ltr'><strong>Adamn</strong></span> <span class='ocrx_word' id='word_1_474' title='bbox 3055 2041 3353 2112; x_wconf 84' lang='lat' dir='ltr'><strong>injiciebat,</strong></span> 
     </span>
    </p>
   </div>
   <div class='ocr_carea' id='block_1_64' title="bbox 1764 2129 3353 2208">
    <p class='ocr_par' dir='ltr' id='par_1_64' title="bbox 1764 2129 3353 2208">
     <span class='ocr_line' id='line_1_64' title="bbox 1764 2129 3353 2208; baseline -0.01 -7"><span class='ocrx_word' id='word_1_475' title='bbox 1764 2146 1908 2202; x_wconf 86' lang='lat' dir='ltr'><strong>dieta</strong></span> <span class='ocrx_word' id='word_1_476' title='bbox 1940 2161 1972 2200; x_wconf 83' lang='lat' dir='ltr'><strong>a</strong></span> <span class='ocrx_word' id='word_1_477' title='bbox 2008 2129 2168 2200; x_wconf 82' lang='lat' dir='ltr'><strong>nobis</strong></span> <span class='ocrx_word' id='word_1_478' title='bbox 2214 2140 2572 2197; x_wconf 52' lang='lat' dir='ltr'><strong>sunto‘ulllud</strong></span> <span class='ocrx_word' id='word_1_479' title='bbox 2633 2154 2798 2208; x_wconf 88' lang='lat' dir='ltr'><strong>porro</strong></span> <span class='ocrx_word' id='word_1_480' title='bbox 2867 2139 3014 2208; x_wconf 87' lang='lat' dir='ltr'><strong>quod</strong></span> <span class='ocrx_word' id='word_1_481' title='bbox 3067 2135 3353 2196; x_wconf 79' lang='lat' dir='ltr'><strong>scribitur,</strong></span> 
     </span>
    </p>
   </div>
   <div class='ocr_carea' id='block_1_65' title="bbox 1765 2215 3354 2300">
    <p class='ocr_par' dir='ltr' id='par_1_65' title="bbox 1765 2215 3354 2300">
     <span class='ocr_line' id='line_1_65' title="bbox 1765 2215 3354 2300; baseline -0.009 -8"><span class='ocrx_word' id='word_1_482' title='bbox 1765 2237 2078 2292; x_wconf 79' lang='lat' dir='ltr'><strong>dormirisse</strong></span> <span class='ocrx_word' id='word_1_483' title='bbox 2099 2215 2387 2299; x_wconf 66' lang='lat' dir='ltr'><strong>Admuuui,</strong></span> <span class='ocrx_word' id='word_1_484' title='bbox 2413 2229 2653 2288; x_wconf 78' lang='lat' dir='ltr'><strong>ostendit</strong></span> <span class='ocrx_word' id='word_1_485' title='bbox 2681 2232 2857 2300; x_wconf 90' lang='lat' dir='ltr'><strong>ipsum</strong></span> <span class='ocrx_word' id='word_1_486' title='bbox 2889 2231 3069 2284; x_wconf 86' lang='lat' dir='ltr'><strong>adhuc</strong></span> <span class='ocrx_word' id='word_1_487' title='bbox 3103 2227 3354 2297; x_wconf 83' lang='lat' dir='ltr'><strong>ignarum</strong></span> 
     </span>
    </p>
   </div>
   <div class='ocr_carea' id='block_1_66' title="bbox 1767 2317 3352 2396">
    <p class='ocr_par' dir='ltr' id='par_1_66' title="bbox 1767 2317 3352 2396">
     <span class='ocr_line' id='line_1_66' title="bbox 1767 2317 3352 2396; baseline -0.007 -17"><span class='ocrx_word' id='word_1_488' title='bbox 1767 2325 1897 2396; x_wconf 86' lang='lat' dir='ltr'><strong>quid</strong></span> <span class='ocrx_word' id='word_1_489' title='bbox 1923 2323 2001 2380; x_wconf 88' lang='lat' dir='ltr'><strong>rei</strong></span> <span class='ocrx_word' id='word_1_490' title='bbox 2031 2333 2176 2380; x_wconf 67' lang='lat' dir='ltr'><strong>esset</strong></span> <span class='ocrx_word' id='word_1_491' title='bbox 2224 2337 2478 2384; x_wconf 83' lang='lat' dir='ltr'><strong>somnus,</strong></span> <span class='ocrx_word' id='word_1_492' title='bbox 2536 2337 2595 2377; x_wconf 87' lang='lat' dir='ltr'><strong>se</strong></span> <span class='ocrx_word' id='word_1_493' title='bbox 2625 2321 2831 2375; x_wconf 89' lang='lat' dir='ltr'><strong>nudum</strong></span> <span class='ocrx_word' id='word_1_494' title='bbox 2874 2320 3026 2372; x_wconf 89' lang='lat' dir='ltr'><strong>humi</strong></span> <span class='ocrx_word' id='word_1_495' title='bbox 3061 2317 3352 2385; x_wconf 76' lang='lat' dir='ltr'><strong>abjeclsse.</strong></span> 
     </span>
    </p>
   </div>
   <div class='ocr_carea' id='block_1_67' title="bbox 1769 2408 3354 2490">
    <p class='ocr_par' dir='ltr' id='par_1_67' title="bbox 1769 2408 3354 2490">
     <span class='ocr_line' id='line_1_67' title="bbox 1769 2408 3354 2490; baseline -0.008 -17"><span class='ocrx_word' id='word_1_496' title='bbox 1769 2428 1935 2490; x_wconf 78' lang='lat' dir='ltr'><strong>atque</strong></span> <span class='ocrx_word' id='word_1_497' title='bbox 1956 2417 2262 2481; x_wconf 80' lang='lat' dir='ltr'><strong>stertuisse,</strong></span> <span class='ocrx_word' id='word_1_498' title='bbox 2295 2415 2388 2470; x_wconf 86' lang='lat' dir='ltr'><strong>sed</strong></span> <span class='ocrx_word' id='word_1_499' title='bbox 2412 2414 2666 2469; x_wconf 89' lang='lat' dir='ltr'><strong>indutum</strong></span> <span class='ocrx_word' id='word_1_500' title='bbox 2697 2411 2914 2467; x_wconf 86' lang='lat' dir='ltr'><strong>interim</strong></span> <span class='ocrx_word' id='word_1_501' title='bbox 2942 2411 3138 2482; x_wconf 84' lang='lat' dir='ltr'><strong>gloria,</strong></span> <span class='ocrx_word' id='word_1_502' title='bbox 3165 2408 3354 2478; x_wconf 88' lang='lat' dir='ltr'><strong>splen-</strong></span> 
     </span>
    </p>
   </div>
   <div class='ocr_carea' id='block_1_68' title="bbox 1769 2498 3348 2578">
    <p class='ocr_par' dir='ltr' id='par_1_68' title="bbox 1769 2498 3348 2578">
     <span class='ocr_line' id='line_1_68' title="bbox 1769 2498 3348 2578; baseline -0.008 -11"><span class='ocrx_word' id='word_1_503' title='bbox 1769 2511 2096 2578; x_wconf 84' lang='lat' dir='ltr'><strong>dentemque</strong></span> <span class='ocrx_word' id='word_1_504' title='bbox 2122 2509 2256 2564; x_wconf 89' lang='lat' dir='ltr'><strong>solis</strong></span> <span class='ocrx_word' id='word_1_505' title='bbox 2285 2509 2338 2562; x_wconf 90' lang='lat' dir='ltr'><strong>in</strong></span> <span class='ocrx_word' id='word_1_506' title='bbox 2369 2523 2576 2562; x_wconf 90' lang='lat' dir='ltr'><strong>tnorem</strong></span> <span class='ocrx_word' id='word_1_507' title='bbox 2598 2504 2792 2561; x_wconf 84' lang='lat' dir='ltr'><strong>.Porro</strong></span> <span class='ocrx_word' id='word_1_508' title='bbox 2817 2498 2875 2557; x_wconf 84' lang='lat' dir='ltr'><strong>iu</strong></span> <span class='ocrx_word' id='word_1_509' title='bbox 2898 2503 3348 2574; x_wconf 78' lang='lat' dir='ltr'><strong>disquisitionem</strong></span> 
     </span>
    </p>
   </div>
   <div class='ocr_carea' id='block_1_69' title="bbox 1770 2593 3360 2669">
    <p class='ocr_par' dir='ltr' id='par_1_69' title="bbox 1770 2593 3360 2669">
     <span class='ocr_line' id='line_1_69' title="bbox 1770 2593 3360 2669; baseline -0.007 -11"><span class='ocrx_word' id='word_1_510' title='bbox 1770 2613 1952 2658; x_wconf 88' lang='lat' dir='ltr'><strong>autem</strong></span> <span class='ocrx_word' id='word_1_511' title='bbox 1986 2602 2074 2655; x_wconf 90' lang='lat' dir='ltr'><strong>bic</strong></span> <span class='ocrx_word' id='word_1_512' title='bbox 2107 2600 2278 2666; x_wconf 76' lang='lat' dir='ltr'><strong>venit,</strong></span> <span class='ocrx_word' id='word_1_513' title='bbox 2318 2613 2447 2654; x_wconf 92' lang='lat' dir='ltr'><strong>num</strong></span> <span class='ocrx_word' id='word_1_514' title='bbox 2483 2614 2577 2669; x_wconf 90' lang='lat' dir='ltr'><strong>per</strong></span> <span class='ocrx_word' id='word_1_515' title='bbox 2615 2597 2949 2654; x_wconf 87' lang='lat' dir='ltr'><strong>insomnium</strong></span> <span class='ocrx_word' id='word_1_516' title='bbox 3000 2593 3198 2649; x_wconf 83' lang='lat' dir='ltr'><strong>viderit</strong></span> <span class='ocrx_word' id='word_1_517' title='bbox 3227 2607 3360 2647; x_wconf 86' lang='lat' dir='ltr'><strong>cos-</strong></span> 
     </span>
    </p>
   </div>
   <div class='ocr_carea' id='block_1_70' title="bbox 1771 2687 3360 2765">
    <p class='ocr_par' dir='ltr' id='par_1_70' title="bbox 1771 2687 3360 2765">
     <span class='ocr_line' id='line_1_70' title="bbox 1771 2687 3360 2765; baseline -0.01 -12"><span class='ocrx_word' id='word_1_518' title='bbox 1771 2705 1882 2753; x_wconf 82' lang='lat' dir='ltr'><strong>tam</strong></span> <span class='ocrx_word' id='word_1_519' title='bbox 1911 2710 2031 2765; x_wconf 62' lang='lat' dir='ltr'><strong>qua;</strong></span> <span class='ocrx_word' id='word_1_520' title='bbox 2067 2693 2170 2748; x_wconf 88' lang='lat' dir='ltr'><strong>sibi</strong></span> <span class='ocrx_word' id='word_1_521' title='bbox 2217 2693 2663 2756; x_wconf 85' lang='lat' dir='ltr'><strong>subtrahebatur,</strong></span> <span class='ocrx_word' id='word_1_522' title='bbox 2714 2701 2876 2760; x_wconf 91' lang='lat' dir='ltr'><strong>atque</strong></span> <span class='ocrx_word' id='word_1_523' title='bbox 2907 2687 3360 2743; x_wconf 85' lang='lat' dir='ltr'><strong>cnnl&#39;ormahatur</strong></span> 
     </span>
    </p>
   </div>
   <div class='ocr_carea' id='block_1_71' title="bbox 1772 2775 3364 2854">
    <p class='ocr_par' dir='ltr' id='par_1_71' title="bbox 1772 2775 3364 2854">
     <span class='ocr_line' id='line_1_71' title="bbox 1772 2775 3364 2854; baseline -0.007 -9"><span class='ocrx_word' id='word_1_524' title='bbox 1772 2789 1827 2845; x_wconf 89' lang='lat' dir='ltr'><strong>in</strong></span> <span class='ocrx_word' id='word_1_525' title='bbox 1857 2787 2142 2848; x_wconf 82' lang='lat' dir='ltr'><strong>feminam,</strong></span> <span class='ocrx_word' id='word_1_526' title='bbox 2168 2800 2237 2840; x_wconf 90' lang='lat' dir='ltr'><strong>an</strong></span> <span class='ocrx_word' id='word_1_527' title='bbox 2262 2799 2393 2840; x_wconf 83' lang='lat' dir='ltr'><strong>vero</strong></span> <span class='ocrx_word' id='word_1_528' title='bbox 2420 2786 2596 2854; x_wconf 85' lang='lat' dir='ltr'><strong>reipsa</strong></span> <span class='ocrx_word' id='word_1_529' title='bbox 2615 2799 2735 2839; x_wconf 85' lang='lat' dir='ltr'><strong>eam</strong></span> <span class='ocrx_word' id='word_1_530' title='bbox 2759 2792 2966 2838; x_wconf 84' lang='lat' dir='ltr'><strong>costam</strong></span> <span class='ocrx_word' id='word_1_531' title='bbox 3001 2775 3232 2836; x_wconf 69' lang='lat' dir='ltr'><strong>intuitus</strong></span> <span class='ocrx_word' id='word_1_532' title='bbox 3252 2778 3364 2834; x_wconf 79' lang='lat' dir='ltr'><strong>sit?</strong></span> 
     </span>
    </p>
   </div>
   <div class='ocr_carea' id='block_1_72' title="bbox 1773 2875 3362 2952">
    <p class='ocr_par' dir='ltr' id='par_1_72' title="bbox 1773 2875 3362 2952">
     <span class='ocr_line' id='line_1_72' title="bbox 1773 2875 3362 2952; baseline -0.006 -16"><span class='ocrx_word' id='word_1_533' title='bbox 1773 2880 2190 2952; x_wconf 78' lang='lat' dir='ltr'><strong>Respondemus</strong></span> <span class='ocrx_word' id='word_1_534' title='bbox 2233 2892 2384 2941; x_wconf 91' lang='lat' dir='ltr'><strong>vero,</strong></span> <span class='ocrx_word' id='word_1_535' title='bbox 2414 2891 2539 2930; x_wconf 89' lang='lat' dir='ltr'><strong>eum</strong></span> <span class='ocrx_word' id='word_1_536' title='bbox 2581 2876 2806 2931; x_wconf 84' lang='lat' dir='ltr'><strong>minime</strong></span> <span class='ocrx_word' id='word_1_537' title='bbox 2830 2887 3038 2931; x_wconf 90' lang='lat' dir='ltr'><strong>costam</strong></span> <span class='ocrx_word' id='word_1_538' title='bbox 3066 2875 3240 2944; x_wconf 87' lang='lat' dir='ltr'><strong>ipsam</strong></span> <span class='ocrx_word' id='word_1_539' title='bbox 3274 2887 3362 2926; x_wconf 74' lang='lat' dir='ltr'><strong>re-</strong></span> 
     </span>
    </p>
   </div>
   <div class='ocr_carea' id='block_1_73' title="bbox 1775 2965 3362 3038">
    <p class='ocr_par' dir='ltr' id='par_1_73' title="bbox 1775 2965 3362 3038">
     <span class='ocr_line' id='line_1_73' title="bbox 1775 2965 3362 3038; baseline -0.006 -12"><span class='ocrx_word' id='word_1_540' title='bbox 1775 2987 1898 3026; x_wconf 83' lang='lat' dir='ltr'><strong>vera</strong></span> <span class='ocrx_word' id='word_1_541' title='bbox 1947 2968 2248 3038; x_wconf 82' lang='lat' dir='ltr'><strong>aspexisse,</strong></span> <span class='ocrx_word' id='word_1_542' title='bbox 2283 2982 2410 3021; x_wconf 88' lang='lat' dir='ltr'><strong>cutn</strong></span> <span class='ocrx_word' id='word_1_543' title='bbox 2440 2966 2725 3021; x_wconf 83' lang='lat' dir='ltr'><strong>dormierit</strong></span> <span class='ocrx_word' id='word_1_544' title='bbox 2761 2983 2774 3021; x_wconf 91' lang='lat'><strong>:</strong></span> <span class='ocrx_word' id='word_1_545' title='bbox 2831 2981 3008 3035; x_wconf 68' lang='lat' dir='ltr'><strong>neque</strong></span> <span class='ocrx_word' id='word_1_546' title='bbox 3071 2965 3233 3019; x_wconf 87' lang='lat' dir='ltr'><strong>etiam</strong></span> <span class='ocrx_word' id='word_1_547' title='bbox 3266 2977 3362 3033; x_wconf 81' lang='lat' dir='ltr'><strong>per</strong></span> 
     </span>
    </p>
   </div>
   <div class='ocr_carea' id='block_1_74' title="bbox 1773 3057 3358 3135">
    <p class='ocr_par' dir='ltr' id='par_1_74' title="bbox 1773 3057 3358 3135">
     <span class='ocr_line' id='line_1_74' title="bbox 1773 3057 3358 3135; baseline -0.006 -17"><span class='ocrx_word' id='word_1_548' title='bbox 1773 3060 2108 3118; x_wconf 86' lang='lat' dir='ltr'><strong>insomnium</strong></span> <span class='ocrx_word' id='word_1_549' title='bbox 2157 3059 2524 3135; x_wconf 62' lang='lat' dir='ltr'><strong>(quanquam</strong></span> <span class='ocrx_word' id='word_1_550' title='bbox 2582 3072 2692 3112; x_wconf 88' lang='lat' dir='ltr'><strong>non</strong></span> <span class='ocrx_word' id='word_1_551' title='bbox 2751 3057 3063 3127; x_wconf 82' lang='lat' dir='ltr'><strong>negandum</strong></span> <span class='ocrx_word' id='word_1_552' title='bbox 3112 3057 3185 3110; x_wconf 87' lang='lat' dir='ltr'><strong>sit</strong></span> <span class='ocrx_word' id='word_1_553' title='bbox 3237 3066 3358 3109; x_wconf 84' lang='lat' dir='ltr'><strong>esse</strong></span> 
     </span>
    </p>
   </div>
   <div class='ocr_carea' id='block_1_75' title="bbox 1771 3147 3360 3224">
    <p class='ocr_par' dir='ltr' id='par_1_75' title="bbox 1771 3147 3360 3224">
     <span class='ocr_line' id='line_1_75' title="bbox 1771 3147 3360 3224; baseline -0.004 -17"><span class='ocrx_word' id='word_1_554' title='bbox 1771 3154 2024 3224; x_wconf 64' lang='lat' dir='ltr'><strong>quaedam</strong></span> <span class='ocrx_word' id='word_1_555' title='bbox 2061 3151 2334 3207; x_wconf 85' lang='lat' dir='ltr'><strong>insomnia</strong></span> <span class='ocrx_word' id='word_1_556' title='bbox 2369 3165 2518 3214; x_wconf 89' lang='lat' dir='ltr'><strong>vera,</strong></span> <span class='ocrx_word' id='word_1_557' title='bbox 2552 3149 2858 3218; x_wconf 73' lang='lat' dir='ltr'><strong>cuiusmodi</strong></span> <span class='ocrx_word' id='word_1_558' title='bbox 2893 3147 3044 3203; x_wconf 83' lang='lat' dir='ltr'><strong>fuere</strong></span> <span class='ocrx_word' id='word_1_559' title='bbox 3093 3149 3182 3202; x_wconf 89' lang='lat' dir='ltr'><strong>illa</strong></span> <span class='ocrx_word' id='word_1_560' title='bbox 3236 3160 3360 3216; x_wconf 74' lang='lat' dir='ltr'><strong>qua:</strong></span> 
     </span>
    </p>
   </div>
   <div class='ocr_carea' id='block_1_76' title="bbox 1769 3237 3362 3316">
    <p class='ocr_par' dir='ltr' id='par_1_76' title="bbox 1769 3237 3362 3316">
     <span class='ocr_line' id='line_1_76' title="bbox 1769 3237 3362 3316; baseline -0.006 -16"><span class='ocrx_word' id='word_1_561' title='bbox 1769 3245 2008 3316; x_wconf 79' lang='lat' dir='ltr'><strong>Josrpho</strong></span> <span class='ocrx_word' id='word_1_562' title='bbox 2032 3254 2332 3300; x_wconf 85' lang='lat' dir='ltr'><strong>evenerunt</strong></span> <span class='ocrx_word' id='word_1_563' title='bbox 2362 3255 2416 3300; x_wconf 88' lang='lat' dir='ltr'><strong>et</strong></span> <span class='ocrx_word' id='word_1_564' title='bbox 2440 3242 2736 3305; x_wconf 82' lang='lat' dir='ltr'><strong>Pharaoni.</strong></span> <span class='ocrx_word' id='word_1_565' title='bbox 2773 3242 2901 3296; x_wconf 90' lang='lat' dir='ltr'><strong>item</strong></span> <span class='ocrx_word' id='word_1_566' title='bbox 2928 3237 3132 3294; x_wconf 86' lang='lat' dir='ltr'><strong>Danieli</strong></span> <span class='ocrx_word' id='word_1_567' title='bbox 3164 3247 3218 3291; x_wconf 88' lang='lat' dir='ltr'><strong>et</strong></span> <span class='ocrx_word' id='word_1_568' title='bbox 3247 3237 3362 3292; x_wconf 80' lang='lat' dir='ltr'><strong>Na-</strong></span> 
     </span>
    </p>
   </div>
   <div class='ocr_carea' id='block_1_77' title="bbox 1772 3333 3361 3408">
    <p class='ocr_par' dir='ltr' id='par_1_77' title="bbox 1772 3333 3361 3408">
     <span class='ocr_line' id='line_1_77' title="bbox 1772 3333 3361 3408; baseline -0.008 -12"><span class='ocrx_word' id='word_1_569' title='bbox 1772 3339 2241 3404; x_wconf 88' lang='lat' dir='ltr'><strong>buchodonosori,</strong></span> <span class='ocrx_word' id='word_1_570' title='bbox 2264 3346 2428 3408; x_wconf 89' lang='lat' dir='ltr'><strong>atque</strong></span> <span class='ocrx_word' id='word_1_571' title='bbox 2457 3340 2621 3392; x_wconf 88' lang='lat' dir='ltr'><strong>etiam</strong></span> <span class='ocrx_word' id='word_1_572' title='bbox 2654 3333 2897 3405; x_wconf 80' lang='lat' dir='ltr'><strong>Joseplto</strong></span> <span class='ocrx_word' id='word_1_573' title='bbox 2926 3333 3111 3387; x_wconf 73' lang='lat' dir='ltr'><strong>Mariae</strong></span> <span class='ocrx_word' id='word_1_574' title='bbox 3131 3346 3361 3402; x_wconf 85' lang='lat' dir='ltr'><strong>sponso,</strong></span> 
     </span>
    </p>
   </div>
   <div class='ocr_carea' id='block_1_78' title="bbox 1772 3423 3350 3500">
    <p class='ocr_par' dir='ltr' id='par_1_78' title="bbox 1772 3423 3350 3500">
     <span class='ocr_line' id='line_1_78' title="bbox 1772 3423 3350 3500; baseline -0.006 -14"><span class='ocrx_word' id='word_1_575' title='bbox 1772 3430 2007 3500; x_wconf 83' lang='lat' dir='ltr'><strong>denique</strong></span> <span class='ocrx_word' id='word_1_576' title='bbox 2037 3431 2197 3484; x_wconf 86' lang='lat' dir='ltr'><strong>uxori</strong></span> <span class='ocrx_word' id='word_1_577' title='bbox 2233 3429 2416 3491; x_wconf 87' lang='lat' dir='ltr'><strong>Pilati,</strong></span> <span class='ocrx_word' id='word_1_578' title='bbox 2455 3427 2852 3499; x_wconf 88' lang='lat' dir='ltr'><strong>compluraque</strong></span> <span class='ocrx_word' id='word_1_579' title='bbox 2888 3425 2992 3480; x_wconf 80' lang='lat' dir='ltr'><strong>alia</strong></span> <span class='ocrx_word' id='word_1_580' title='bbox 3055 3423 3222 3495; x_wconf 82' lang='lat' dir='ltr'><strong>hujus</strong></span> <span class='ocrx_word' id='word_1_581' title='bbox 3254 3438 3350 3494; x_wconf 50' lang='lat' dir='ltr'><strong>ge.</strong></span> 
     </span>
    </p>
   </div>
   <div class='ocr_carea' id='block_1_79' title="bbox 1776 3520 3360 3594">
    <p class='ocr_par' dir='ltr' id='par_1_79' title="bbox 1776 3520 3360 3594">
     <span class='ocr_line' id='line_1_79' title="bbox 1776 3520 3360 3594; baseline -0.005 -16"><span class='ocrx_word' id='word_1_582' title='bbox 1776 3521 1947 3593; x_wconf 89' lang='lat' dir='ltr'><strong>neris)</strong></span> <span class='ocrx_word' id='word_1_583' title='bbox 1979 3522 2075 3578; x_wconf 85' lang='lat' dir='ltr'><strong>sed</strong></span> <span class='ocrx_word' id='word_1_584' title='bbox 2108 3537 2205 3593; x_wconf 89' lang='lat' dir='ltr'><strong>per</strong></span> <span class='ocrx_word' id='word_1_585' title='bbox 2253 3521 2493 3594; x_wconf 81' lang='lat' dir='ltr'><strong>divinam</strong></span> <span class='ocrx_word' id='word_1_586' title='bbox 2525 3520 2941 3580; x_wconf 72' lang='lat' dir='ltr'><strong>resolutionem.</strong></span> <span class='ocrx_word' id='word_1_587' title='bbox 2972 3533 3100 3571; x_wconf 90' lang='lat' dir='ltr'><strong>eum</strong></span> <span class='ocrx_word' id='word_1_588' title='bbox 3160 3529 3360 3572; x_wconf 85' lang='lat' dir='ltr'><strong>somno</strong></span> 
     </span>
    </p>
   </div>
   <div class='ocr_carea' id='block_1_80' title="bbox 1777 3607 3362 3684">
    <p class='ocr_par' dir='ltr' id='par_1_80' title="bbox 1777 3607 3362 3684">
     <span class='ocr_line' id='line_1_80' title="bbox 1777 3607 3362 3684; baseline -0.004 -15"><span class='ocrx_word' id='word_1_589' title='bbox 1777 3624 1958 3669; x_wconf 86' lang='lat' dir='ltr'><strong>tamen</strong></span> <span class='ocrx_word' id='word_1_590' title='bbox 1993 3613 2208 3668; x_wconf 89' lang='lat' dir='ltr'><strong>interim</strong></span> <span class='ocrx_word' id='word_1_591' title='bbox 2240 3621 2388 3668; x_wconf 88' lang='lat' dir='ltr'><strong>esset</strong></span> <span class='ocrx_word' id='word_1_592' title='bbox 2415 3612 2532 3684; x_wconf 82' lang='lat' dir='ltr'><strong>ipso</strong></span> <span class='ocrx_word' id='word_1_593' title='bbox 2585 3622 2917 3681; x_wconf 84' lang='lat' dir='ltr'><strong>occupatus.</strong></span> <span class='ocrx_word' id='word_1_594' title='bbox 2950 3607 3240 3674; x_wconf 34' lang='lat' dir='ltr'><strong>Catonum.</strong></span> <span class='ocrx_word' id='word_1_595' title='bbox 3275 3609 3362 3664; x_wconf 81' lang='lat' dir='ltr'><strong>di-</strong></span> 
     </span>
    </p>
   </div>
   <div class='ocr_carea' id='block_1_81' title="bbox 1773 3700 3358 3759">
    <p class='ocr_par' dir='ltr' id='par_1_81' title="bbox 1773 3700 3358 3759">
     <span class='ocr_line' id='line_1_81' title="bbox 1773 3700 3358 3759; baseline -0.002 0"><span class='ocrx_word' id='word_1_596' title='bbox 1773 3705 1916 3759; x_wconf 56' lang='lat' dir='ltr'><strong>vinas</strong></span> <span class='ocrx_word' id='word_1_597' title='bbox 1944 3705 2307 3759; x_wconf 84' lang='lat' dir='ltr'><strong>revelationes</strong></span> <span class='ocrx_word' id='word_1_598' title='bbox 2343 3721 2448 3758; x_wconf 89' lang='lat' dir='ltr'><strong>uott</strong></span> <span class='ocrx_word' id='word_1_599' title='bbox 2487 3718 2600 3757; x_wconf 90' lang='lat' dir='ltr'><strong>uno</strong></span> <span class='ocrx_word' id='word_1_600' title='bbox 2625 3717 2818 3758; x_wconf 85' lang='lat' dir='ltr'><strong>omnes</strong></span> <span class='ocrx_word' id='word_1_601' title='bbox 2849 3703 3010 3757; x_wconf 87' lang='lat' dir='ltr'><strong>modo</strong></span> <span class='ocrx_word' id='word_1_602' title='bbox 3037 3700 3358 3756; x_wconf 84' lang='lat' dir='ltr'><strong>hominibus</strong></span> 
     </span>
    </p>
   </div>
   <div class='ocr_carea' id='block_1_82' title="bbox 1775 3777 3363 3869">
    <p class='ocr_par' dir='ltr' id='par_1_82' title="bbox 1775 3777 3363 3869">
     <span class='ocr_line' id='line_1_82' title="bbox 1775 3777 3363 3869; baseline -0.006 -14"><span class='ocrx_word' id='word_1_603' title='bbox 1775 3791 2164 3855; x_wconf 78' lang='lat' dir='ltr'><strong>oll‘errisolent</strong></span> <span class='ocrx_word' id='word_1_604' title='bbox 2189 3816 2203 3852; x_wconf 92' lang='lat'><strong>:</strong></span> <span class='ocrx_word' id='word_1_605' title='bbox 2229 3797 2322 3852; x_wconf 89' lang='lat' dir='ltr'><strong>sed</strong></span> <span class='ocrx_word' id='word_1_606' title='bbox 2344 3779 2540 3866; x_wconf 85' lang='lat' dir='ltr'><strong>partim</strong></span> <span class='ocrx_word' id='word_1_607' title='bbox 2569 3794 2976 3869; x_wconf 64' lang='lat' dir='ltr'><strong>repraesentatis</strong></span> <span class='ocrx_word' id='word_1_608' title='bbox 3005 3777 3172 3848; x_wconf 85' lang='lat' dir='ltr'><strong>rebus</strong></span> <span class='ocrx_word' id='word_1_609' title='bbox 3201 3792 3363 3862; x_wconf 89' lang='lat' dir='ltr'><strong>ipsis,</strong></span> 
     </span>
    </p>
   </div>
   <div class='ocr_carea' id='block_1_83' title="bbox 1776 3886 3362 3963">
    <p class='ocr_par' dir='ltr' id='par_1_83' title="bbox 1776 3886 3362 3963">
     <span class='ocr_line' id='line_1_83' title="bbox 1776 3886 3362 3963; baseline -0.006 -14"><span class='ocrx_word' id='word_1_610' title='bbox 1776 3894 1898 3950; x_wconf 68' lang='lat' dir='ltr'><strong>alia:</strong></span> <span class='ocrx_word' id='word_1_611' title='bbox 1929 3901 2038 3963; x_wconf 67' lang='lat' dir='ltr'><strong>per:</strong></span> <span class='ocrx_word' id='word_1_612' title='bbox 2059 3890 2333 3946; x_wconf 86' lang='lat' dir='ltr'><strong>insomnia</strong></span> <span class='ocrx_word' id='word_1_613' title='bbox 2372 3905 2388 3945; x_wconf 88' lang='lat'>:</span> <span class='ocrx_word' id='word_1_614' title='bbox 2420 3889 2658 3958; x_wconf 90' lang='lat' dir='ltr'><strong>denique</strong></span> <span class='ocrx_word' id='word_1_615' title='bbox 2685 3889 2962 3941; x_wconf 77' lang='lat' dir='ltr'><strong>nonnulla:</strong></span> <span class='ocrx_word' id='word_1_616' title='bbox 2987 3886 3149 3948; x_wconf 77' lang='lat' dir='ltr'><strong>etiam</strong></span> <span class='ocrx_word' id='word_1_617' title='bbox 3182 3899 3362 3955; x_wconf 82' lang='lat' dir='ltr'><strong>mque</strong></span> 
     </span>
    </p>
   </div>
   <div class='ocr_carea' id='block_1_84' title="bbox 1779 3979 3365 4058">
    <p class='ocr_par' dir='ltr' id='par_1_84' title="bbox 1779 3979 3365 4058">
     <span class='ocr_line' id='line_1_84' title="bbox 1779 3979 3365 4058; baseline -0.004 -17"><span class='ocrx_word' id='word_1_618' title='bbox 1779 4002 1872 4056; x_wconf 88' lang='lat' dir='ltr'><strong>per</strong></span> <span class='ocrx_word' id='word_1_619' title='bbox 1898 3989 1995 4041; x_wconf 79' lang='lat' dir='ltr'><strong>res</strong></span> <span class='ocrx_word' id='word_1_620' title='bbox 2015 3984 2165 4054; x_wconf 81' lang='lat' dir='ltr'><strong>ipsas</strong></span> <span class='ocrx_word' id='word_1_621' title='bbox 2198 3997 2378 4052; x_wconf 88' lang='lat' dir='ltr'><strong>neque</strong></span> <span class='ocrx_word' id='word_1_622' title='bbox 2425 3997 2522 4052; x_wconf 89' lang='lat' dir='ltr'><strong>per</strong></span> <span class='ocrx_word' id='word_1_623' title='bbox 2553 3981 2850 4046; x_wconf 86' lang='lat' dir='ltr'><strong>insomnia,</strong></span> <span class='ocrx_word' id='word_1_624' title='bbox 2895 3979 2987 4035; x_wconf 88' lang='lat' dir='ltr'><strong>sed</strong></span> <span class='ocrx_word' id='word_1_625' title='bbox 3026 3994 3122 4050; x_wconf 90' lang='lat' dir='ltr'><strong>per</strong></span> <span class='ocrx_word' id='word_1_626' title='bbox 3165 3980 3365 4058; x_wconf 76' lang='lat' dir='ltr'><strong>anima:</strong></span> 
     </span>
    </p>
   </div>
   <div class='ocr_carea' id='block_1_85' title="bbox 1779 4072 3366 4143">
    <p class='ocr_par' dir='ltr' id='par_1_85' title="bbox 1779 4072 3366 4143">
     <span class='ocr_line' id='line_1_85' title="bbox 1779 4072 3366 4143; baseline -0.005 -9"><span class='ocrx_word' id='word_1_627' title='bbox 1779 4077 2019 4143; x_wconf 84' lang='lat' dir='ltr'><strong>sensus,</strong></span> <span class='ocrx_word' id='word_1_628' title='bbox 2051 4075 2288 4132; x_wconf 65' lang='lat' dir='ltr'><strong>occlusis</strong></span> <span class='ocrx_word' id='word_1_629' title='bbox 2336 4076 2548 4130; x_wconf 82' lang='lat' dir='ltr'><strong>scilicet</strong></span> <span class='ocrx_word' id='word_1_630' title='bbox 2593 4074 2851 4131; x_wconf 85' lang='lat' dir='ltr'><strong>sensibus</strong></span> <span class='ocrx_word' id='word_1_631' title='bbox 2881 4072 3132 4142; x_wconf 87' lang='lat' dir='ltr'><strong>corporis</strong></span> <span class='ocrx_word' id='word_1_632' title='bbox 3171 4089 3186 4127; x_wconf 90' lang='lat'><strong>:</strong></span> <span class='ocrx_word' id='word_1_633' title='bbox 3223 4072 3366 4127; x_wconf 84' lang='lat' dir='ltr'><strong>sicut</strong></span> 
     </span>
    </p>
   </div>
   <div class='ocr_carea' id='block_1_86' title="bbox 1780 4160 3367 4236">
    <p class='ocr_par' dir='ltr' id='par_1_86' title="bbox 1780 4160 3367 4236">
     <span class='ocr_line' id='line_1_86' title="bbox 1780 4160 3367 4236; baseline -0.007 -9"><span class='ocrx_word' id='word_1_634' title='bbox 1780 4160 1938 4227; x_wconf 80' lang='lat' dir='ltr'><strong>nubis</strong></span> <span class='ocrx_word' id='word_1_635' title='bbox 1967 4169 2394 4236; x_wconf 65' lang='lat' dir='ltr'><strong>usuveuit,dum.</strong></span> <span class='ocrx_word' id='word_1_636' title='bbox 2413 4167 2614 4223; x_wconf 83' lang='lat' dir='ltr'><strong>clausis</strong></span> <span class='ocrx_word' id='word_1_637' title='bbox 2640 4167 2819 4222; x_wconf 86' lang='lat' dir='ltr'><strong>oculis</strong></span> <span class='ocrx_word' id='word_1_638' title='bbox 2855 4163 3238 4234; x_wconf 86' lang='lat' dir='ltr'><strong>obturatisque</strong></span> <span class='ocrx_word' id='word_1_639' title='bbox 3264 4179 3367 4217; x_wconf 66' lang='lat' dir='ltr'><strong>auo</strong></span> 
     </span>
    </p>
   </div>
   <div class='ocr_carea' id='block_1_87' title="bbox 1780 4256 3363 4336">
    <p class='ocr_par' dir='ltr' id='par_1_87' title="bbox 1780 4256 3363 4336">
     <span class='ocr_line' id='line_1_87' title="bbox 1780 4256 3363 4336; baseline -0.008 -18"><span class='ocrx_word' id='word_1_640' title='bbox 1780 4264 1931 4318; x_wconf 89' lang='lat' dir='ltr'><strong>ribus</strong></span> <span class='ocrx_word' id='word_1_641' title='bbox 1970 4261 2358 4336; x_wconf 81' lang='lat' dir='ltr'><strong>cogitationem</strong></span> <span class='ocrx_word' id='word_1_642' title='bbox 2397 4266 2643 4314; x_wconf 83' lang='lat' dir='ltr'><strong>nostram</strong></span> <span class='ocrx_word' id='word_1_643' title='bbox 2670 4260 2747 4311; x_wconf 91' lang='lat' dir='ltr'><strong>ita</strong></span> <span class='ocrx_word' id='word_1_644' title='bbox 2789 4257 3126 4311; x_wconf 87' lang='lat' dir='ltr'><strong>intendimus</strong></span> <span class='ocrx_word' id='word_1_645' title='bbox 3157 4256 3209 4308; x_wconf 90' lang='lat' dir='ltr'><strong>in</strong></span> <span class='ocrx_word' id='word_1_646' title='bbox 3249 4268 3363 4307; x_wconf 90' lang='lat' dir='ltr'><strong>rem</strong></span> 
     </span>
    </p>
   </div>
   <div class='ocr_carea' id='block_1_88' title="bbox 1782 4345 3364 4424">
    <p class='ocr_par' dir='ltr' id='par_1_88' title="bbox 1782 4345 3364 4424">
     <span class='ocr_line' id='line_1_88' title="bbox 1782 4345 3364 4424; baseline -0.003 -19"><span class='ocrx_word' id='word_1_647' title='bbox 1782 4353 2098 4424; x_wconf 88' lang='lat' dir='ltr'><strong>quampiam</strong></span> <span class='ocrx_word' id='word_1_648' title='bbox 2135 4361 2422 4415; x_wconf 88' lang='lat' dir='ltr'><strong>remotam,</strong></span> <span class='ocrx_word' id='word_1_649' title='bbox 2465 4360 2525 4404; x_wconf 91' lang='lat' dir='ltr'><strong>ut</strong></span> <span class='ocrx_word' id='word_1_650' title='bbox 2561 4363 2737 4420; x_wconf 90' lang='lat' dir='ltr'><strong>neque</strong></span> <span class='ocrx_word' id='word_1_651' title='bbox 2782 4348 3072 4404; x_wconf 86' lang='lat' dir='ltr'><strong>audiamus</strong></span> <span class='ocrx_word' id='word_1_652' title='bbox 3103 4345 3364 4417; x_wconf 84' lang='lat' dir='ltr'><strong>illos.qul</strong></span> 
     </span>
    </p>
   </div>
   <div class='ocr_carea' id='block_1_89' title="bbox 81 4439 3362 4514">
    <p class='ocr_par' dir='ltr' id='par_1_89' title="bbox 81 4439 3362 4514">
     <span class='ocr_line' id='line_1_89' title="bbox 81 4439 3362 4514; baseline -0.001 -19"><span class='ocrx_word' id='word_1_653' title='bbox 81 4456 185 4496; x_wconf 91' lang='lat' dir='ltr'><strong>non</strong></span> <span class='ocrx_word' id='word_1_654' title='bbox 221 4441 394 4495; x_wconf 88' lang='lat' dir='ltr'><strong>aliter</strong></span> <span class='ocrx_word' id='word_1_655' title='bbox 433 4449 597 4511; x_wconf 84' lang='lat' dir='ltr'><strong>atque</strong></span> <span class='ocrx_word' id='word_1_656' title='bbox 630 4441 786 4495; x_wconf 80' lang='lat' dir='ltr'><strong>nobis</strong></span> <span class='ocrx_word' id='word_1_657' title='bbox 817 4442 1034 4504; x_wconf 85' lang='lat' dir='ltr'><strong>accidit;</strong></span> <span class='ocrx_word' id='word_1_658' title='bbox 1072 4441 1166 4511; x_wconf 90' lang='lat' dir='ltr'><strong>qui</strong></span> <span class='ocrx_word' id='word_1_659' title='bbox 1203 4442 1335 4496; x_wconf 91' lang='lat' dir='ltr'><strong>dum</strong></span> <span class='ocrx_word' id='word_1_660' title='bbox 1369 4441 1542 4497; x_wconf 88' lang='lat' dir='ltr'><strong>oculis</strong></span> <span class='ocrx_word' id='word_1_661' title='bbox 1568 4442 1672 4496; x_wconf 89' lang='lat' dir='ltr'><strong>ali-</strong></span> <span class='ocrx_word' id='word_1_662' title='bbox 1705 4456 1747 4512; x_wconf 80' lang='grc' dir='ltr'><strong>ι)</strong></span> <span class='ocrx_word' id='word_1_663' title='bbox 1781 4461 1882 4500; x_wconf 91' lang='lat' dir='ltr'><strong>nos</strong></span> <span class='ocrx_word' id='word_1_664' title='bbox 1912 4460 1976 4499; x_wconf 85' lang='lat' dir='ltr'><strong>ex</strong></span> <span class='ocrx_word' id='word_1_665' title='bbox 2043 4444 2350 4514; x_wconf 90' lang='lat' dir='ltr'><strong>propinquo</strong></span> <span class='ocrx_word' id='word_1_666' title='bbox 2415 4439 2794 4513; x_wconf 84' lang='lat' dir='ltr'><strong>alloquuntur,</strong></span> <span class='ocrx_word' id='word_1_667' title='bbox 2848 4455 3026 4508; x_wconf 87' lang='lat' dir='ltr'><strong>neque</strong></span> <span class='ocrx_word' id='word_1_668' title='bbox 3055 4439 3362 4493; x_wconf 88' lang='lat' dir='ltr'><strong>videamus.</strong></span> 
     </span>
    </p>
   </div>
   <div class='ocr_carea' id='block_1_90' title="bbox 80 4533 1667 4606">
    <p class='ocr_par' dir='ltr' id='par_1_90' title="bbox 80 4533 1667 4606">
     <span class='ocr_line' id='line_1_90' title="bbox 80 4533 1667 4606; baseline 0.004 -24"><span class='ocrx_word' id='word_1_669' title='bbox 80 4533 203 4600; x_wconf 88' lang='lat' dir='ltr'><strong>quid</strong></span> <span class='ocrx_word' id='word_1_670' title='bbox 240 4533 534 4588; x_wconf 85' lang='lat' dir='ltr'><strong>cernimus</strong></span> <span class='ocrx_word' id='word_1_671' title='bbox 567 4533 904 4602; x_wconf 78' lang='lat' dir='ltr'><strong>nuribusque</strong></span> <span class='ocrx_word' id='word_1_672' title='bbox 932 4536 1208 4599; x_wconf 82' lang='lat' dir='ltr'><strong>audimus,</strong></span> <span class='ocrx_word' id='word_1_673' title='bbox 1242 4549 1367 4589; x_wconf 88' lang='lat' dir='ltr'><strong>vere</strong></span> <span class='ocrx_word' id='word_1_674' title='bbox 1390 4551 1491 4606; x_wconf 80' lang='lat' dir='ltr'><strong>nqs</strong></span> <span class='ocrx_word' id='word_1_675' title='bbox 1522 4535 1667 4606; x_wconf 91' lang='lat' dir='ltr'><strong>quod</strong></span> 
     </span>
    </p>
   </div>
   <div class='ocr_carea' id='block_1_91' title="bbox 79 4623 1672 4680">
    <p class='ocr_par' dir='ltr' id='par_1_91' title="bbox 79 4623 1672 4680">
     <span class='ocr_line' id='line_1_91' title="bbox 79 4623 1672 4680; baseline 0.003 -4"><span class='ocrx_word' id='word_1_676' title='bbox 79 4638 166 4680; x_wconf 82' lang='lat' dir='ltr'><strong>res</strong></span> <span class='ocrx_word' id='word_1_677' title='bbox 187 4635 275 4679; x_wconf 84' lang='lat' dir='ltr'><strong>est</strong></span> <span class='ocrx_word' id='word_1_678' title='bbox 303 4623 576 4678; x_wconf 75' lang='lat' dir='ltr'><strong>didicisse</strong></span> <span class='ocrx_word' id='word_1_679' title='bbox 604 4623 812 4678; x_wconf 90' lang='lat' dir='ltr'><strong>scimus</strong></span> <span class='ocrx_word' id='word_1_680' title='bbox 843 4641 858 4676; x_wconf 88' lang='lat'><strong>:</strong></span> <span class='ocrx_word' id='word_1_681' title='bbox 894 4634 1021 4678; x_wconf 87' lang='lat' dir='ltr'><strong>sunt</strong></span> <span class='ocrx_word' id='word_1_682' title='bbox 1051 4624 1197 4678; x_wconf 89' lang='lat' dir='ltr'><strong>enim</strong></span> <span class='ocrx_word' id='word_1_683' title='bbox 1236 4625 1345 4680; x_wconf 90' lang='lat' dir='ltr'><strong>duo</strong></span> <span class='ocrx_word' id='word_1_684' title='bbox 1374 4624 1450 4678; x_wconf 90' lang='lat' dir='ltr'><strong>illi</strong></span> <span class='ocrx_word' id='word_1_685' title='bbox 1478 4638 1672 4680; x_wconf 87' lang='lat' dir='ltr'><strong>sensus</strong></span> 
     </span>
    </p>
   </div>
   <div class='ocr_carea' id='block_1_92' title="bbox 80 4716 1668 4785">
    <p class='ocr_par' dir='ltr' id='par_1_92' title="bbox 80 4716 1668 4785">
     <span class='ocr_line' id='line_1_92' title="bbox 80 4716 1668 4785; baseline 0.004 -20"><span class='ocrx_word' id='word_1_686' title='bbox 80 4718 286 4782; x_wconf 83' lang='lat' dir='ltr'><strong>(visum</strong></span> <span class='ocrx_word' id='word_1_687' title='bbox 343 4716 496 4779; x_wconf 86' lang='lat' dir='ltr'><strong>dico,</strong></span> <span class='ocrx_word' id='word_1_688' title='bbox 544 4717 900 4785; x_wconf 85' lang='lat' dir='ltr'><strong>auditumque</strong></span> <span class='ocrx_word' id='word_1_689' title='bbox 928 4716 948 4776; x_wconf 76' lang='lat' dir='ltr'><strong>l</strong></span> <span class='ocrx_word' id='word_1_690' title='bbox 980 4717 1032 4770; x_wconf 92' lang='lat' dir='ltr'><strong>in</strong></span> <span class='ocrx_word' id='word_1_691' title='bbox 1067 4717 1219 4772; x_wconf 89' lang='lat' dir='ltr'><strong>omni</strong></span> <span class='ocrx_word' id='word_1_692' title='bbox 1271 4734 1331 4772; x_wconf 91' lang='lat' dir='ltr'><strong>re</strong></span> <span class='ocrx_word' id='word_1_693' title='bbox 1373 4717 1668 4774; x_wconf 87' lang='lat' dir='ltr'><strong>certissimi</strong></span> 
     </span>
    </p>
   </div>
   <div class='ocr_carea' id='block_1_93' title="bbox 77 4806 1673 4872">
    <p class='ocr_par' dir='ltr' id='par_1_93' title="bbox 77 4806 1673 4872">
     <span class='ocr_line' id='line_1_93' title="bbox 77 4806 1673 4872; baseline 0.005 -13"><span class='ocrx_word' id='word_1_694' title='bbox 77 4809 335 4864; x_wconf 84' lang='lat' dir='ltr'><strong>veritatis</strong></span> <span class='ocrx_word' id='word_1_695' title='bbox 362 4817 552 4863; x_wconf 80' lang='lat' dir='ltr'><strong>testes.</strong></span> <span class='ocrx_word' id='word_1_696' title='bbox 584 4806 648 4862; x_wconf 88' lang='lat' dir='ltr'><strong>Et</strong></span> <span class='ocrx_word' id='word_1_697' title='bbox 672 4823 799 4861; x_wconf 89' lang='lat' dir='ltr'><strong>vero</strong></span> <span class='ocrx_word' id='word_1_698' title='bbox 830 4818 889 4862; x_wconf 90' lang='lat' dir='ltr'><strong>ut</strong></span> <span class='ocrx_word' id='word_1_699' title='bbox 918 4809 1006 4863; x_wconf 90' lang='lat' dir='ltr'><strong>hic</strong></span> <span class='ocrx_word' id='word_1_700' title='bbox 1027 4825 1150 4864; x_wconf 90' lang='lat' dir='ltr'><strong>cum</strong></span> <span class='ocrx_word' id='word_1_701' title='bbox 1170 4810 1400 4872; x_wconf 82' lang='lat' dir='ltr'><strong>Adamn,</strong></span> <span class='ocrx_word' id='word_1_702' title='bbox 1435 4809 1508 4864; x_wconf 89' lang='lat' dir='ltr'><strong>ita</strong></span> <span class='ocrx_word' id='word_1_703' title='bbox 1531 4811 1673 4867; x_wconf 88' lang='lat' dir='ltr'><strong>alias</strong></span> 
     </span>
    </p>
   </div>
   <div class='ocr_carea' id='block_1_94' title="bbox 75 4897 1678 4970">
    <p class='ocr_par' dir='ltr' id='par_1_94' title="bbox 75 4897 1678 4970">
     <span class='ocr_line' id='line_1_94' title="bbox 75 4897 1678 4970; baseline 0.004 -19"><span class='ocrx_word' id='word_1_704' title='bbox 75 4912 196 4951; x_wconf 84' lang='lat' dir='ltr'><strong>cum</strong></span> <span class='ocrx_word' id='word_1_705' title='bbox 238 4897 461 4952; x_wconf 86' lang='lat' dir='ltr'><strong>sanctis</strong></span> <span class='ocrx_word' id='word_1_706' title='bbox 489 4897 768 4970; x_wconf 79' lang='lat' dir='ltr'><strong>prophetis</strong></span> <span class='ocrx_word' id='word_1_707' title='bbox 796 4899 988 4966; x_wconf 88' lang='lat' dir='ltr'><strong>agebat</strong></span> <span class='ocrx_word' id='word_1_708' title='bbox 1017 4913 1234 4968; x_wconf 88' lang='lat' dir='ltr'><strong>quoque</strong></span> <span class='ocrx_word' id='word_1_709' title='bbox 1270 4897 1412 4954; x_wconf 86' lang='lat' dir='ltr'><strong>Deus</strong></span> <span class='ocrx_word' id='word_1_710' title='bbox 1446 4900 1678 4968; x_wconf 80' lang='lat' dir='ltr'><strong>quando</strong></span> 
     </span>
    </p>
   </div>
   <div class='ocr_carea' id='block_1_95' title="bbox 73 4990 1665 5060">
    <p class='ocr_par' dir='ltr' id='par_1_95' title="bbox 73 4990 1665 5060">
     <span class='ocr_line' id='line_1_95' title="bbox 73 4990 1665 5060; baseline 0.003 -18"><span class='ocrx_word' id='word_1_711' title='bbox 73 4991 324 5060; x_wconf 85' lang='lat' dir='ltr'><strong>ipsorum</strong></span> <span class='ocrx_word' id='word_1_712' title='bbox 362 5001 590 5060; x_wconf 83' lang='lat' dir='ltr'><strong>pectora</strong></span> <span class='ocrx_word' id='word_1_713' title='bbox 618 4990 819 5046; x_wconf 88' lang='lat' dir='ltr'><strong>divinis</strong></span> <span class='ocrx_word' id='word_1_714' title='bbox 853 4990 968 5045; x_wconf 82' lang='lat' dir='ltr'><strong>suis</strong></span> <span class='ocrx_word' id='word_1_715' title='bbox 1021 4992 1446 5047; x_wconf 84' lang='lat' dir='ltr'><strong>revelatiouibus</strong></span> <span class='ocrx_word' id='word_1_716' title='bbox 1503 4992 1665 5056; x_wconf 76' lang='lat' dir='ltr'><strong>illus-</strong></span> 
     </span>
    </p>
   </div>
   <div class='ocr_carea' id='block_1_96' title="bbox 74 5084 1668 5154">
    <p class='ocr_par' dir='ltr' id='par_1_96' title="bbox 74 5084 1668 5154">
     <span class='ocr_line' id='line_1_96' title="bbox 74 5084 1668 5154; baseline 0.003 -20"><span class='ocrx_word' id='word_1_717' title='bbox 74 5085 257 5138; x_wconf 85' lang='lat' dir='ltr'><strong>trahat</strong></span> <span class='ocrx_word' id='word_1_718' title='bbox 293 5100 309 5137; x_wconf 90' lang='lat'><strong>:</strong></span> <span class='ocrx_word' id='word_1_719' title='bbox 355 5092 489 5138; x_wconf 89' lang='lat' dir='ltr'><strong>ante</strong></span> <span class='ocrx_word' id='word_1_720' title='bbox 521 5084 705 5138; x_wconf 87' lang='lat' dir='ltr'><strong>omnia</strong></span> <span class='ocrx_word' id='word_1_721' title='bbox 739 5084 885 5138; x_wconf 89' lang='lat' dir='ltr'><strong>enim</strong></span> <span class='ocrx_word' id='word_1_722' title='bbox 919 5084 1218 5139; x_wconf 89' lang='lat' dir='ltr'><strong>abducebat</strong></span> <span class='ocrx_word' id='word_1_723' title='bbox 1242 5085 1489 5154; x_wconf 90' lang='lat' dir='ltr'><strong>ipsorum</strong></span> <span class='ocrx_word' id='word_1_724' title='bbox 1508 5099 1668 5138; x_wconf 77' lang='lat' dir='ltr'><strong>men-</strong></span> 
     </span>
    </p>
   </div>
   <div class='ocr_carea' id='block_1_97' title="bbox 73 5155 1668 5247">
    <p class='ocr_par' dir='ltr' id='par_1_97' title="bbox 73 5155 1668 5247">
     <span class='ocr_line' id='line_1_97' title="bbox 73 5155 1668 5247; baseline 0.004 -21"><span class='ocrx_word' id='word_1_725' title='bbox 73 5183 155 5230; x_wconf 88' lang='lat' dir='ltr'><strong>tes</strong></span> <span class='ocrx_word' id='word_1_726' title='bbox 185 5175 676 5246; x_wconf 75' lang='lat' dir='ltr'><strong>cogitationesque</strong></span> <span class='ocrx_word' id='word_1_727' title='bbox 711 5175 778 5228; x_wconf 90' lang='lat' dir='ltr'><strong>ab</strong></span> <span class='ocrx_word' id='word_1_728' title='bbox 809 5176 1064 5231; x_wconf 88' lang='lat' dir='ltr'><strong>omnibus</strong></span> <span class='ocrx_word' id='word_1_729' title='bbox 1094 5155 1257 5231; x_wconf 86' lang='lat' dir='ltr'><strong>rebus</strong></span> <span class='ocrx_word' id='word_1_730' title='bbox 1279 5176 1668 5247; x_wconf 88' lang='lat' dir='ltr'><strong>spectabilibus</strong></span> 
     </span>
    </p>
   </div>
   <div class='ocr_carea' id='block_1_98' title="bbox 75 5266 1670 5345">
    <p class='ocr_par' dir='ltr' id='par_1_98' title="bbox 75 5266 1670 5345">
     <span class='ocr_line' id='line_1_98' title="bbox 75 5266 1670 5345; baseline 0.003 -27"><span class='ocrx_word' id='word_1_731' title='bbox 75 5277 170 5322; x_wconf 88' lang='lat' dir='ltr'><strong>aut</strong></span> <span class='ocrx_word' id='word_1_732' title='bbox 195 5269 256 5321; x_wconf 87' lang='lat' dir='ltr'><strong>in</strong></span> <span class='ocrx_word' id='word_1_733' title='bbox 289 5268 553 5338; x_wconf 84' lang='lat' dir='ltr'><strong>quemvis</strong></span> <span class='ocrx_word' id='word_1_734' title='bbox 577 5266 742 5320; x_wconf 87' lang='lat' dir='ltr'><strong>alium</strong></span> <span class='ocrx_word' id='word_1_735' title='bbox 769 5283 988 5325; x_wconf 88' lang='lat' dir='ltr'><strong>sensum</strong></span> <span class='ocrx_word' id='word_1_736' title='bbox 1010 5268 1331 5325; x_wconf 89' lang='lat' dir='ltr'><strong>cadentibus</strong></span> <span class='ocrx_word' id='word_1_737' title='bbox 1364 5279 1670 5345; x_wconf 75' lang='lat' dir='ltr'><strong>atquema-</strong></span> 
     </span>
    </p>
   </div>
   <div class='ocr_carea' id='block_1_99' title="bbox 74 5359 1671 5434">
    <p class='ocr_par' dir='ltr' id='par_1_99' title="bbox 74 5359 1671 5434">
     <span class='ocr_line' id='line_1_99' title="bbox 74 5359 1671 5434; baseline 0.001 -19"><span class='ocrx_word' id='word_1_738' title='bbox 74 5359 314 5423; x_wconf 84' lang='lat' dir='ltr'><strong>teriatis,</strong></span> <span class='ocrx_word' id='word_1_739' title='bbox 335 5369 397 5415; x_wconf 90' lang='lat' dir='ltr'><strong>et</strong></span> <span class='ocrx_word' id='word_1_740' title='bbox 430 5362 589 5428; x_wconf 86' lang='lat' dir='ltr'><strong>plane</strong></span> <span class='ocrx_word' id='word_1_741' title='bbox 605 5361 673 5413; x_wconf 90' lang='lat' dir='ltr'><strong>ab</strong></span> <span class='ocrx_word' id='word_1_742' title='bbox 697 5362 842 5416; x_wconf 87' lang='lat' dir='ltr'><strong>omni</strong></span> <span class='ocrx_word' id='word_1_743' title='bbox 871 5361 1268 5416; x_wconf 84' lang='lat' dir='ltr'><strong>mundanarum</strong></span> <span class='ocrx_word' id='word_1_744' title='bbox 1293 5377 1479 5434; x_wconf 80' lang='lat' dir='ltr'><strong>rerum</strong></span> <span class='ocrx_word' id='word_1_745' title='bbox 1504 5378 1671 5419; x_wconf 87' lang='lat' dir='ltr'><strong>occu-</strong></span> 
     </span>
    </p>
   </div>
   <div class='ocr_carea' id='block_1_100' title="bbox 74 5454 1670 5533">
    <p class='ocr_par' dir='ltr' id='par_1_100' title="bbox 74 5454 1670 5533">
     <span class='ocr_line' id='line_1_100' title="bbox 74 5454 1670 5533; baseline 0.007 -34"><span class='ocrx_word' id='word_1_746' title='bbox 74 5455 300 5518; x_wconf 84' lang='lat' dir='ltr'><strong>patione</strong></span> <span class='ocrx_word' id='word_1_747' title='bbox 328 5472 356 5507; x_wconf 86' lang='lat'><strong>:.</strong></span> <span class='ocrx_word' id='word_1_748' title='bbox 379 5454 732 5533; x_wconf 84' lang='lat' dir='ltr'><strong>quo,mentis</strong></span> <span class='ocrx_word' id='word_1_749' title='bbox 761 5454 1144 5522; x_wconf 79' lang='lat' dir='ltr'><strong>agitationibus</strong></span> <span class='ocrx_word' id='word_1_750' title='bbox 1186 5455 1470 5527; x_wconf 91' lang='lat' dir='ltr'><strong>animique</strong></span> <span class='ocrx_word' id='word_1_751' title='bbox 1519 5457 1670 5526; x_wconf 86' lang='lat' dir='ltr'><strong>cogi-</strong></span> 
     </span>
    </p>
   </div>
   <div class='ocr_carea' id='block_1_101' title="bbox 76 5544 1666 5620">
    <p class='ocr_par' dir='ltr' id='par_1_101' title="bbox 76 5544 1666 5620">
     <span class='ocr_line' id='line_1_101' title="bbox 76 5544 1666 5620; baseline 0.004 -19"><span class='ocrx_word' id='word_1_752' title='bbox 76 5545 394 5618; x_wconf 80' lang='lat' dir='ltr'><strong>tationibus</strong></span> <span class='ocrx_word' id='word_1_753' title='bbox 421 5544 628 5599; x_wconf 81' lang='lat' dir='ltr'><strong>intente</strong></span> <span class='ocrx_word' id='word_1_754' title='bbox 659 5547 1162 5617; x_wconf 85' lang='lat' dir='ltr'><strong>contemplarentur</strong></span> <span class='ocrx_word' id='word_1_755' title='bbox 1184 5564 1244 5602; x_wconf 89' lang='lat' dir='ltr'><strong>ea</strong></span> <span class='ocrx_word' id='word_1_756' title='bbox 1268 5564 1389 5620; x_wconf 72' lang='lat' dir='ltr'><strong>quze</strong></span> <span class='ocrx_word' id='word_1_757' title='bbox 1434 5550 1575 5620; x_wconf 84' lang='lat' dir='ltr'><strong>apud</strong></span> <span class='ocrx_word' id='word_1_758' title='bbox 1608 5567 1666 5606; x_wconf 79' lang='lat' dir='ltr'><strong>Se</strong></span> 
     </span>
    </p>
   </div>
   <div class='ocr_carea' id='block_1_102' title="bbox 144 5659 1665 5742">
    <p class='ocr_par' dir='ltr' id='par_1_102' title="bbox 144 5659 1631 5742">
     <span class='ocr_line' id='line_1_102' title="bbox 144 5659 1631 5742; baseline 0.011 -37"><span class='ocrx_word' id='word_1_759' title='bbox 144 5659 192 5691; x_wconf 58' lang='grc'><strong>³*</strong></span> <span class='ocrx_word' id='word_1_760' title='bbox 237 5661 379 5742; x_wconf 37' lang='lat' dir='ltr'><strong>titul.</strong></span> <span class='ocrx_word' id='word_1_761' title='bbox 437 5677 522 5726; x_wconf 83' lang='lat' dir='ltr'><strong>.vv,</strong></span> <span class='ocrx_word' id='word_1_762' title='bbox 717 5664 762 5695; x_wconf 80' lang='lat'>&quot;</span> <span class='ocrx_word' id='word_1_763' title='bbox 812 5664 983 5720; x_wconf 76' lang='lat' dir='ltr'><strong>Ezech</strong></span> <span class='ocrx_word' id='word_1_764' title='bbox 1031 5682 1083 5734; x_wconf 67' lang='grc' dir='ltr'><strong>κ,</strong></span> <span class='ocrx_word' id='word_1_765' title='bbox 1127 5667 1181 5740; x_wconf 1' lang='lat' dir='ltr'><strong>lg</strong></span> <span class='ocrx_word' id='word_1_766' title='bbox 1224 5665 1269 5697; x_wconf 73' lang='grc'><strong>⁸⁵</strong></span> <span class='ocrx_word' id='word_1_767' title='bbox 1298 5665 1400 5721; x_wconf 78' lang='lat' dir='ltr'><strong>lsa.</strong></span> <span class='ocrx_word' id='word_1_768' title='bbox 1459 5682 1530 5732; x_wconf 88' lang='lat' dir='ltr'><strong>vt,</strong></span> <span class='ocrx_word' id='word_1_769' title='bbox 1579 5667 1631 5722; x_wconf 75' lang='lat'><strong>2.</strong></span> 
     </span>
    </p>
   </div>
   <div class='ocr_carea' id='block_1_103' title="bbox 1771 5659 2723 5742">
    <p class='ocr_par' dir='ltr' id='par_1_103' title="bbox 1788 5660 2723 5742">
     <span class='ocr_line' id='line_1_103' title="bbox 1788 5660 2723 5742; baseline 0.003 -20"><span class='ocrx_word' id='word_1_770' title='bbox 1788 5671 1909 5723; x_wconf 72' lang='lat' dir='ltr'><strong>Act.</strong></span> <span class='ocrx_word' id='word_1_771' title='bbox 1941 5683 1995 5736; x_wconf 71' lang='grc' dir='ltr'><strong>ι,</strong></span> <span class='ocrx_word' id='word_1_772' title='bbox 2044 5668 2126 5724; x_wconf 84' lang='lat' dir='ltr'><strong>il.</strong></span> <span class='ocrx_word' id='word_1_773' title='bbox 2205 5667 2251 5700; x_wconf 85' lang='grc'><strong>⁸⁸</strong></span> <span class='ocrx_word' id='word_1_774' title='bbox 2305 5668 2473 5725; x_wconf 63' lang='lat' dir='ltr'><strong>Exod.</strong></span> <span class='ocrx_word' id='word_1_775' title='bbox 2530 5660 2623 5737; x_wconf 61' lang='lat' dir='ltr'><strong>tu,</strong></span> <span class='ocrx_word' id='word_1_776' title='bbox 2669 5669 2723 5742; x_wconf 73' lang='lat'><strong>2.</strong></span> 
     </span>
    </p>
   </div>
   <div class='ocr_carea' id='block_1_104' title="bbox 77 5730 642 5787">
    <p class='ocr_par' dir='ltr' id='par_1_104' title="bbox 77 5730 642 5787">
     <span class='ocr_line' id='line_1_104' title="bbox 77 5730 642 5787; baseline 0 -2"><span class='ocrx_word' id='word_1_777' title='bbox 77 5748 185 5785; x_wconf 70' lang='lat' dir='ltr'><strong>ut.</strong></span> <span class='ocrx_word' id='word_1_778' title='bbox 271 5730 470 5786; x_wconf 77' lang='lat' dir='ltr'><strong>&quot;Dan.</strong></span> <span class='ocrx_word' id='word_1_779' title='bbox 509 5751 564 5787; x_wconf 86' lang='lat' dir='ltr'><strong>tl.</strong></span> <span class='ocrx_word' id='word_1_780' title='bbox 604 5735 642 5787; x_wconf 90' lang='lat' dir='ltr'><strong>l.</strong></span> 
     </span>
    </p>
   </div>
   <div class='ocr_carea' id='block_1_105' title="bbox 1784 4532 3368 4606">
    <p class='ocr_par' dir='ltr' id='par_1_105' title="bbox 1784 4532 3368 4606">
     <span class='ocr_line' id='line_1_105' title="bbox 1784 4532 3368 4606; baseline -0.006 -13"><span class='ocrx_word' id='word_1_781' title='bbox 1784 4539 1925 4593; x_wconf 90' lang='lat' dir='ltr'><strong>Sunt</strong></span> <span class='ocrx_word' id='word_1_782' title='bbox 1947 4548 2128 4593; x_wconf 87' lang='lat' dir='ltr'><strong>autem</strong></span> <span class='ocrx_word' id='word_1_783' title='bbox 2187 4537 2575 4602; x_wconf 84' lang='lat' dir='ltr'><strong>revelationes,</strong></span> <span class='ocrx_word' id='word_1_784' title='bbox 2630 4551 2750 4606; x_wconf 70' lang='lat' dir='ltr'><strong>qua:</strong></span> <span class='ocrx_word' id='word_1_785' title='bbox 2808 4550 2902 4605; x_wconf 86' lang='lat' dir='ltr'><strong>per</strong></span> <span class='ocrx_word' id='word_1_786' title='bbox 2940 4549 3027 4588; x_wconf 90' lang='lat' dir='ltr'><strong>res</strong></span> <span class='ocrx_word' id='word_1_787' title='bbox 3080 4532 3368 4597; x_wconf 79' lang='lat' dir='ltr'><strong>tiunt,cu-</strong></span> 
     </span>
    </p>
   </div>
   <div class='ocr_carea' id='block_1_106' title="bbox 1776 4624 3366 4698">
    <p class='ocr_par' dir='ltr' id='par_1_106' title="bbox 1776 4624 3366 4698">
     <span class='ocr_line' id='line_1_106' title="bbox 1776 4624 3366 4698; baseline -0.005 -16"><span class='ocrx_word' id='word_1_788' title='bbox 1776 4629 2019 4698; x_wconf 83' lang='lat' dir='ltr'><strong>jusmodi</strong></span> <span class='ocrx_word' id='word_1_789' title='bbox 2056 4627 2156 4683; x_wconf 81' lang='lat' dir='ltr'><strong>fuit</strong></span> <span class='ocrx_word' id='word_1_790' title='bbox 2197 4627 2330 4682; x_wconf 87' lang='lat' dir='ltr'><strong>illud</strong></span> <span class='ocrx_word' id='word_1_791' title='bbox 2383 4625 2552 4681; x_wconf 84' lang='lat' dir='ltr'><strong>Mosis</strong></span> <span class='ocrx_word' id='word_1_792' title='bbox 2610 4628 2808 4692; x_wconf 86' lang='lat' dir='ltr'><strong>visum,</strong></span> <span class='ocrx_word' id='word_1_793' title='bbox 2875 4639 2984 4694; x_wconf 89' lang='lat' dir='ltr'><strong>quo</strong></span> <span class='ocrx_word' id='word_1_794' title='bbox 3032 4624 3210 4696; x_wconf 90' lang='lat' dir='ltr'><strong>ignctn</strong></span> <span class='ocrx_word' id='word_1_795' title='bbox 3271 4638 3366 4675; x_wconf 87' lang='lat' dir='ltr'><strong>ru-</strong></span> 
     </span>
    </p>
   </div>
   <div class='ocr_carea' id='block_1_107' title="bbox 1777 4717 3364 4790">
    <p class='ocr_par' dir='ltr' id='par_1_107' title="bbox 1777 4717 3364 4790">
     <span class='ocr_line' id='line_1_107' title="bbox 1777 4717 3364 4790; baseline -0.006 -15"><span class='ocrx_word' id='word_1_796' title='bbox 1777 4721 2014 4790; x_wconf 86' lang='lat' dir='ltr'><strong>buntque</strong></span> <span class='ocrx_word' id='word_1_797' title='bbox 2047 4721 2275 4789; x_wconf 78' lang='lat' dir='ltr'><strong>ipsum,</strong></span> <span class='ocrx_word' id='word_1_798' title='bbox 2327 4727 2379 4772; x_wconf 90' lang='lat' dir='ltr'><strong>et</strong></span> <span class='ocrx_word' id='word_1_799' title='bbox 2436 4731 2632 4773; x_wconf 65' lang='lat' dir='ltr'><strong>cietera</strong></span> <span class='ocrx_word' id='word_1_800' title='bbox 2679 4719 2900 4772; x_wconf 86' lang='lat' dir='ltr'><strong>videbat</strong></span> <span class='ocrx_word' id='word_1_801' title='bbox 2963 4717 3048 4783; x_wconf 79' lang='lat'><strong>&quot;;</strong></span> <span class='ocrx_word' id='word_1_802' title='bbox 3117 4731 3195 4770; x_wconf 67' lang='lat' dir='ltr'><strong>ese</strong></span> <span class='ocrx_word' id='word_1_803' title='bbox 3238 4729 3364 4767; x_wconf 90' lang='lat' dir='ltr'><strong>vero</strong></span> 
     </span>
    </p>
   </div>
   <div class='ocr_carea' id='block_1_108' title="bbox 1777 4805 3360 4882">
    <p class='ocr_par' dir='ltr' id='par_1_108' title="bbox 1777 4805 3360 4882">
     <span class='ocr_line' id='line_1_108' title="bbox 1777 4805 3360 4882; baseline -0.003 -16"><span class='ocrx_word' id='word_1_804' title='bbox 1777 4826 1900 4882; x_wconf 66' lang='lat' dir='ltr'><strong>quae</strong></span> <span class='ocrx_word' id='word_1_805' title='bbox 1943 4826 2037 4880; x_wconf 91' lang='lat' dir='ltr'><strong>per</strong></span> <span class='ocrx_word' id='word_1_806' title='bbox 2063 4811 2298 4874; x_wconf 87' lang='lat' dir='ltr'><strong>somnia,</strong></span> <span class='ocrx_word' id='word_1_807' title='bbox 2336 4809 2529 4878; x_wconf 84' lang='lat' dir='ltr'><strong>quales</strong></span> <span class='ocrx_word' id='word_1_808' title='bbox 2566 4809 2738 4875; x_wconf 85' lang='lat' dir='ltr'><strong>fuere,</strong></span> <span class='ocrx_word' id='word_1_809' title='bbox 2770 4807 2992 4879; x_wconf 82' lang='lat' dir='ltr'><strong>Josephi</strong></span> <span class='ocrx_word' id='word_1_810' title='bbox 3023 4817 3076 4864; x_wconf 90' lang='lat' dir='ltr'><strong>et</strong></span> <span class='ocrx_word' id='word_1_811' title='bbox 3115 4805 3360 4861; x_wconf 86' lang='lat' dir='ltr'><strong>Pharao-</strong></span> 
     </span>
    </p>
   </div>
   <div class='ocr_carea' id='block_1_109' title="bbox 1777 4901 3348 4974">
    <p class='ocr_par' dir='ltr' id='par_1_109' title="bbox 1777 4901 3348 4974">
     <span class='ocr_line' id='line_1_109' title="bbox 1777 4901 3348 4974; baseline -0.003 -14"><span class='ocrx_word' id='word_1_812' title='bbox 1777 4905 1862 4960; x_wconf 88' lang='lat' dir='ltr'><strong>uis</strong></span> <span class='ocrx_word' id='word_1_813' title='bbox 1885 4904 1954 4970; x_wconf 82' lang='lat'><strong>&quot;,</strong></span> <span class='ocrx_word' id='word_1_814' title='bbox 1981 4914 2145 4974; x_wconf 89' lang='lat' dir='ltr'><strong>atque</strong></span> <span class='ocrx_word' id='word_1_815' title='bbox 2178 4902 2416 4958; x_wconf 87' lang='lat' dir='ltr'><strong>Danielis</strong></span> <span class='ocrx_word' id='word_1_816' title='bbox 2444 4911 2500 4958; x_wconf 90' lang='lat' dir='ltr'><strong>et</strong></span> <span class='ocrx_word' id='word_1_817' title='bbox 2530 4901 3084 4959; x_wconf 83' lang='lat' dir='ltr'><strong>Nahucltodonosoris</strong></span> <span class='ocrx_word' id='word_1_818' title='bbox 3111 4901 3178 4955; x_wconf 81' lang='lat'><strong>“.</strong></span> <span class='ocrx_word' id='word_1_819' title='bbox 3214 4901 3348 4968; x_wconf 69' lang='lat' dir='ltr'><strong>Quze</strong></span> 
     </span>
    </p>
   </div>
   <div class='ocr_carea' id='block_1_110' title="bbox 1783 4988 3364 5066">
    <p class='ocr_par' dir='ltr' id='par_1_110' title="bbox 1783 4988 3364 5066">
     <span class='ocr_line' id='line_1_110' title="bbox 1783 4988 3364 5066; baseline -0.004 -15"><span class='ocrx_word' id='word_1_820' title='bbox 1783 5012 1961 5066; x_wconf 91' lang='lat' dir='ltr'><strong>neque</strong></span> <span class='ocrx_word' id='word_1_821' title='bbox 1981 4996 2182 5065; x_wconf 89' lang='lat' dir='ltr'><strong>reipsa,</strong></span> <span class='ocrx_word' id='word_1_822' title='bbox 2216 5008 2393 5063; x_wconf 88' lang='lat' dir='ltr'><strong>neque</strong></span> <span class='ocrx_word' id='word_1_823' title='bbox 2430 5009 2526 5064; x_wconf 89' lang='lat' dir='ltr'><strong>per</strong></span> <span class='ocrx_word' id='word_1_824' title='bbox 2552 4994 2880 5050; x_wconf 79' lang='lat' dir='ltr'><strong>insomnium</strong></span> <span class='ocrx_word' id='word_1_825' title='bbox 2911 4988 3188 5054; x_wconf 86' lang='lat' dir='ltr'><strong>accidunt,</strong></span> <span class='ocrx_word' id='word_1_826' title='bbox 3217 4990 3364 5045; x_wconf 89' lang='lat' dir='ltr'><strong>illius</strong></span> 
     </span>
    </p>
   </div>
   <div class='ocr_carea' id='block_1_111' title="bbox 1779 5084 3360 5158">
    <p class='ocr_par' dir='ltr' id='par_1_111' title="bbox 1779 5084 3360 5158">
     <span class='ocr_line' id='line_1_111' title="bbox 1779 5084 3360 5158; baseline -0.006 -14"><span class='ocrx_word' id='word_1_827' title='bbox 1779 5100 1908 5144; x_wconf 89' lang='lat' dir='ltr'><strong>sunt</strong></span> <span class='ocrx_word' id='word_1_828' title='bbox 1939 5087 2154 5158; x_wconf 83' lang='lat' dir='ltr'><strong>generis</strong></span> <span class='ocrx_word' id='word_1_829' title='bbox 2211 5086 2372 5156; x_wconf 87' lang='lat' dir='ltr'><strong>cujus</strong></span> <span class='ocrx_word' id='word_1_830' title='bbox 2411 5095 2570 5141; x_wconf 88' lang='lat' dir='ltr'><strong>erant</strong></span> <span class='ocrx_word' id='word_1_831' title='bbox 2612 5102 2749 5156; x_wconf 89' lang='lat' dir='ltr'><strong>quas</strong></span> <span class='ocrx_word' id='word_1_832' title='bbox 2793 5084 3011 5139; x_wconf 90' lang='lat' dir='ltr'><strong>videbat</strong></span> <span class='ocrx_word' id='word_1_833' title='bbox 3059 5084 3360 5146; x_wconf 83' lang='lat' dir='ltr'><strong>Abraham,</strong></span> 
     </span>
    </p>
   </div>
   <div class='ocr_carea' id='block_1_112' title="bbox 1780 5179 2825 5254">
    <p class='ocr_par' dir='ltr' id='par_1_112' title="bbox 1780 5179 2825 5254">
     <span class='ocr_line' id='line_1_112' title="bbox 1780 5179 2825 5254; baseline -0.003 -17"><span class='ocrx_word' id='word_1_834' title='bbox 1780 5182 1950 5246; x_wconf 82' lang='lat' dir='ltr'><strong>Isaac,</strong></span> <span class='ocrx_word' id='word_1_835' title='bbox 1997 5179 2218 5254; x_wconf 75' lang='lat' dir='ltr'><strong>Petrus,</strong></span> <span class='ocrx_word' id='word_1_836' title='bbox 2254 5189 2310 5236; x_wconf 92' lang='lat' dir='ltr'><strong>et</strong></span> <span class='ocrx_word' id='word_1_837' title='bbox 2343 5181 2446 5236; x_wconf 91' lang='lat' dir='ltr'><strong>hoc</strong></span> <span class='ocrx_word' id='word_1_838' title='bbox 2477 5181 2601 5235; x_wconf 92' lang='lat' dir='ltr'><strong>loco</strong></span> <span class='ocrx_word' id='word_1_839' title='bbox 2631 5179 2825 5234; x_wconf 78' lang='lat' dir='ltr'><strong>Adam.</strong></span> 
     </span>
    </p>
   </div>
   <div class='ocr_carea' id='block_1_113' title="bbox 1853 5258 3364 5342">
    <p class='ocr_par' dir='ltr' id='par_1_113' title="bbox 1853 5258 3364 5342">
     <span class='ocr_line' id='line_1_113' title="bbox 1853 5258 3364 5342; baseline -0.006 -14"><span class='ocrx_word' id='word_1_840' title='bbox 1853 5271 1962 5328; x_wconf 85' lang='lat' dir='ltr'><strong>Cur</strong></span> <span class='ocrx_word' id='word_1_841' title='bbox 1991 5262 2198 5326; x_wconf 77' lang='lat' dir='ltr'><strong>Atlanta</strong></span> <span class='ocrx_word' id='word_1_842' title='bbox 2230 5273 2514 5327; x_wconf 81' lang='lat' dir='ltr'><strong>dormienti</strong></span> <span class='ocrx_word' id='word_1_843' title='bbox 2543 5258 2909 5342; x_wconf 15' lang='lat' dir='ltr'><strong>potius’quam</strong></span> <span class='ocrx_word' id='word_1_844' title='bbox 2939 5266 3184 5338; x_wconf 72' lang='lat' dir='ltr'><strong>vigilanti</strong></span> <span class='ocrx_word' id='word_1_845' title='bbox 3213 5280 3364 5334; x_wconf 81' lang='lat' dir='ltr'><strong>erep-</strong></span> 
     </span>
    </p>
   </div>
   <div class='ocr_carea' id='block_1_114' title="bbox 1780 5360 3356 5433">
    <p class='ocr_par' dir='ltr' id='par_1_114' title="bbox 1780 5360 3356 5433">
     <span class='ocr_line' id='line_1_114' title="bbox 1780 5360 3356 5433; baseline -0.003 -13"><span class='ocrx_word' id='word_1_846' title='bbox 1780 5375 1836 5422; x_wconf 85' lang='lat' dir='ltr'><strong>ta</strong></span> <span class='ocrx_word' id='word_1_847' title='bbox 1859 5375 2025 5421; x_wconf 80' lang='lat' dir='ltr'><strong>costa.</strong></span> <span class='ocrx_word' id='word_1_848' title='bbox 2070 5395 2136 5411; x_wconf 74' lang='grc' dir='ltr'><strong>σ-</strong></span> <span class='ocrx_word' id='word_1_849' title='bbox 2193 5364 2341 5420; x_wconf 86' lang='lat' dir='ltr'><strong>Solet</strong></span> <span class='ocrx_word' id='word_1_850' title='bbox 2368 5375 2421 5420; x_wconf 92' lang='lat' dir='ltr'><strong>et</strong></span> <span class='ocrx_word' id='word_1_851' title='bbox 2465 5365 2593 5418; x_wconf 89' lang='lat' dir='ltr'><strong>illud</strong></span> <span class='ocrx_word' id='word_1_852' title='bbox 2622 5363 2819 5433; x_wconf 65' lang='lat' dir='ltr'><strong>quarti,</strong></span> <span class='ocrx_word' id='word_1_853' title='bbox 2844 5378 2944 5420; x_wconf 90' lang='lat' dir='ltr'><strong>cur</strong></span> <span class='ocrx_word' id='word_1_854' title='bbox 2974 5377 3080 5417; x_wconf 92' lang='lat' dir='ltr'><strong>non</strong></span> <span class='ocrx_word' id='word_1_855' title='bbox 3111 5360 3356 5430; x_wconf 86' lang='lat' dir='ltr'><strong>vigilanti</strong></span> 
     </span>
    </p>
   </div>
   <div class='ocr_carea' id='block_1_115' title="bbox 1780 5450 3360 5520">
    <p class='ocr_par' dir='ltr' id='par_1_115' title="bbox 1780 5450 3360 5520">
     <span class='ocr_line' id='line_1_115' title="bbox 1780 5450 3360 5520; baseline -0.004 -10"><span class='ocrx_word' id='word_1_856' title='bbox 1780 5457 2013 5520; x_wconf 81' lang='lat' dir='ltr'><strong>Adamn,</strong></span> <span class='ocrx_word' id='word_1_857' title='bbox 2056 5454 2151 5511; x_wconf 88' lang='lat' dir='ltr'><strong>sed</strong></span> <span class='ocrx_word' id='word_1_858' title='bbox 2186 5455 2481 5510; x_wconf 81' lang='lat' dir='ltr'><strong>dormienti</strong></span> <span class='ocrx_word' id='word_1_859' title='bbox 2541 5467 2751 5510; x_wconf 87' lang='lat' dir='ltr'><strong>costam</strong></span> <span class='ocrx_word' id='word_1_860' title='bbox 2788 5453 2928 5508; x_wconf 87' lang='lat' dir='ltr'><strong>Deus</strong></span> <span class='ocrx_word' id='word_1_861' title='bbox 2975 5450 3360 5507; x_wconf 72' lang='lat' dir='ltr'><strong>subtraxerit?</strong></span> 
     </span>
    </p>
   </div>
   <div class='ocr_carea' id='block_1_116' title="bbox 1779 5546 3359 5619">
    <p class='ocr_par' dir='ltr' id='par_1_116' title="bbox 1779 5546 3359 5619">
     <span class='ocr_line' id='line_1_116' title="bbox 1779 5546 3359 5619; baseline -0.002 -18"><span class='ocrx_word' id='word_1_862' title='bbox 1779 5549 1944 5619; x_wconf 76' lang='lat' dir='ltr'><strong>Atqui</strong></span> <span class='ocrx_word' id='word_1_863' title='bbox 1979 5549 2023 5604; x_wconf 86' lang='lat' dir='ltr'><strong>si</strong></span> <span class='ocrx_word' id='word_1_864' title='bbox 2058 5550 2301 5619; x_wconf 81' lang='lat' dir='ltr'><strong>vigilanti</strong></span> <span class='ocrx_word' id='word_1_865' title='bbox 2345 5548 2660 5613; x_wconf 76' lang='lat' dir='ltr'><strong>exemisset,</strong></span> <span class='ocrx_word' id='word_1_866' title='bbox 2714 5550 2906 5603; x_wconf 89' lang='lat' dir='ltr'><strong>horum</strong></span> <span class='ocrx_word' id='word_1_867' title='bbox 2939 5546 3043 5618; x_wconf 86' lang='lat' dir='ltr'><strong>ipsi</strong></span> <span class='ocrx_word' id='word_1_868' title='bbox 3081 5548 3359 5602; x_wconf 85' lang='lat' dir='ltr'><strong>evenisset</strong></span> 
     </span>
    </p>
   </div>
   <div class='ocr_carea' id='block_1_117' title="bbox 2800 5663 3354 5734">
    <p class='ocr_par' dir='ltr' id='par_1_117' title="bbox 2800 5663 3354 5734">
     <span class='ocr_line' id='line_1_117' title="bbox 2800 5663 3354 5734; baseline -0.004 -10"><span class='ocrx_word' id='word_1_869' title='bbox 2800 5665 2845 5702; x_wconf 84' lang='lat'>&quot;</span> <span class='ocrx_word' id='word_1_870' title='bbox 2878 5666 3016 5725; x_wconf 84' lang='lat' dir='ltr'><strong>Gen.</strong></span> <span class='ocrx_word' id='word_1_871' title='bbox 3061 5681 3266 5734; x_wconf 68' lang='lat' dir='ltr'><strong>nam,</strong></span> <span class='ocrx_word' id='word_1_872' title='bbox 3298 5663 3354 5722; x_wconf 85' lang='lat' dir='ltr'><strong>ct</strong></span> 
     </span>
    </p>
   </div>
  </div>
