3982 6346
664 376 770 441 Μιἴί

666 579 717 631 in
765 573 1059 629 auferenda
1102 583 1284 633 costa;
1313 578 1407 624 aut
1438 570 1608 623 nullo.
1642 566 1761 621 Jam
1794 580 1923 629 vero
1940 566 1986 621 si
2018 564 2225 619 doluis.

662 678 788 727 set.
848 667 1034 720 odium
1097 661 1672 731 adversttsconjugem
1709 675 1862 714 suam
1908 657 2070 712 Evam
2098 672 2227 713 con-

664 760 896 827 cepisset
930 776 943 812 :
984 759 1070 811 sin
1128 729 1289 808 nullo'
1316 729 1503 809 tactus
1545 752 1737 806 fuisset
1773 751 1983 807 dolore.
2043 750 2229 805 cxisti-
2289 810 2296 818 _

666 861 871 903 masset
912 839 1098 902 falsam
1131 846 1392 900 duntaxat
1428 841 1873 911 imaginationem
1913 839 2089 905 fuisse
2105 854 2227 893 eam

664 953 786 1011 quae
816 939 883 991 de
919 937 1044 991 Eva
1078 935 1387 992 conditione
1434 948 1538 1000 suo
1590 932 1779 987 animo
1814 931 2227 998 obversabatur,

668 1045 839 1097 neque
872 1029 1049 1097 reipsa
1078 1036 1135 1082 et
1164 1042 1287 1081 vere
1315 1026 1618 1081 accedissei
1650 1024 1846 1079 Imbuit
1876 1025 2043 1093 igitur
2074 1024 2227 1078 illum

654 1130 860 1172 'sotnno
908 1117 1049 1172 Deus
1075 1128 1141 1171 ne
1179 1116 1309 1187 quid
1342 1116 1552 1171 doloris
1608 1114 1986 1170 sentiretdum
2012 1121 2221 1168 costam

667 1212 939 1265 amittet-ct
970 1228 987 1265 :
1047 1225 1351 1280 rursusque
1370 1206 1548 1264 effecit
1587 1217 1646 1263 ut
1669 1208 1980 1262 intellectus
2005 1208 2088 1262 sui
2123 1221 2232 1261 mo-

668 1294 748 1365 tu,
790 1316 994 1359 costam
1039 1303 1142 1358 sibi
1175 1303 1366 1365 adimi,
1390 1304 1555 1371 inque
1598 1300 1764 1355 Evam
1797 1300 2112 1356 concinnari
2149 1300 2230 1355 vi-

666 1396 848 1448 derit:
890 1409 1001 1462 quo
1033 1409 1098 1455 ea
1138 1409 1225 1450 res
1272 1393 1443 1464 ipsius
1481 1394 1666 1448 animo
1693 1393 1958 1462 impressa
2018 1392 2232 1462 fixaque

664 1485 878 1555 penitus
908 1484 1088 1540 mente
1112 1488 1356 1550 luereret,
1391 1500 1563 1555 neque
1584 1483 1719 1539 falsa
1752 1485 1827 1538 rei
1882 1484 2062 1553 imago
2085 1484 2233 1538 exis~

665 1578 1128 1643 timaretur;b1~e
1159 1591 1286 1631 vero
1330 1577 1500 1630 animi
1544 1568 1898 1646 intelligentia
1941 1585 2103 1645 atque
2135 1589 2232 1629 no-

666 1670 743 1723 tio
795 1684 861 1723 ex
908 1667 1089 1723 divina
1157 1678 1244 1723 est
1297 1679 1415 1721 orta
1453 1667 1803 1733 revelatione,
1859 1675 1914 1720 et
1946 1667 2229 1720 instinctu.

665 1760 833 1831 lgitttr
855 1776 959 1815 non
987 1762 1288 1817 naturalem
1321 1775 1571 1815 somnum
1603 1768 1658 1814 et
1685 1762 1944 1816 usitatum
1965 1759 2115 1814 illum
2133 1760 2233 1837 im-

663 1852 816 1905 misit
856 1852 1064 1905 Atlamo
1124 1852 1287 1915 Deus,
1316 1867 1423 1922 quo
1450 1849 1701 1906 effectum
1764 1859 1850 1905 est
1897 1837 1976 1904 ne
2008 1851 2237 1906 sentiret

662 1941 928 2007 dolorem,
960 1958 1212 2013 aegreque
1250 1944 1475 1998 haberet
1505 1943 1634 1998 dum
1680 1943 1783 1998 sibi
1854 1953 2003 1997 costa
2054 1944 2260 1998 tletne-t

665 2043 818 2090 retur
850 2054 864 2091 :
900 2050 963 2091 ex
1019 2051 1128 2106 quo
1162 2037 1350 2091 dolore
1374 2036 1626 2110 subinde
1662 2036 1714 2089 in
1768 2034 2085 2089 memoriam
2127 2034 2232 2089 sibi

662 2134 1002 2191 recurrente,
1059 2124 1235 2181 hostis
1277 2126 1540 2181 adversus
1594 2140 1713 2179 eam
1778 2123 2061 2179 mulierem
2118 2124 2233 2179 fieri

662 2214 959 2285 potuisset,
1000 2230 1121 2285 quae
1167 2214 1236 2270 ab
1270 2217 1389 2284 ipso
1437 2214 1548 2269 Deo
1572 2227 1688 2269 erat
1738 2214 2102 2281 conformata,
2139 2214 2233 2270 sed

661 2322 729 2372 ea
804 2306 979 2376 ipsum
1030 2309 1232 2375 quiete,
1283 2306 1398 2362 sive
1437 2307 1638 2362 εχειεεί
1710 2306 1973 2372 devinxit,
2030 2308 2083 2361 in
2127 2316 2235 2377 qua

662 2398 809 2473 scire
846 2408 1031 2467 posset
1055 2408 1217 2468 atque
1244 2398 1564 2468 intelligere,
1585 2398 1715 2452 illttd
1749 2413 1860 2452 rem
1894 2399 2065 2466 ipsam
2092 2412 2235 2461 csso.

662 2490 811 2560 quod
866 2492 921 2546 in
976 2506 1078 2555 se.-
1108 2500 1163 2549 et
1201 2491 1408 2561 circum
1453 2507 1512 2565 se
1560 2490 1823 2559 agebatur
1861 2506 1890 2543 a
1921 2489 2053 2553 Deo,
2087 2489 2237 2545 nullo

668 2590 851 2640 tamen
877 2584 1093 2638 interim
1118 2585 1320 2639 doloris
1355 2578 1518 2639 sensu
1552 2580 1747 2637 factus.
1805 2583 1882 2637 Ad
1916 2583 2028 2637 haec
2060 2582 2235 2638 scien-

662 2672 800 2751 dum
859 2680 968 2735 est.
1018 2671 1165 2741 quod
1216 2673 1515 2743 prophetis,
1558 2686 1683 2727 cum
1737 2670 2235 2751 imbuerentur‘di-

658 2745 809 2821 'vinis
840 2765 1261 2820 revelationibus
1284 2764 1520 2820 dabatur
1560 2765 1722 2835 simul
1760 2765 1957 2818 utentis
1988 2745 2237 2819 contem-

655 2856 869 2927 :plativa
916 2856 1001 2911 vis
1040 2856 1311 2927 quaedam.
1342 2872 1449 2924 qua
1483 2872 1671 2912 sacras
1700 2857 1826 2913 illas
1874 2860 2236 2919 revelationes

667 2947 1423 3018 penitusiutuercnturatque
1444 2948 1810 3018 expenderent
1830 2966 1843 3003 :
1863 2964 1969 3021 qua
1993 2960 2255 3007 contetn--
2298 2979 2319 3004 Ι
2339 2946 2539 3004 femina
2575 2962 2634 3003 se
2664 2948 2872 3019 absque
2929 2946 3045 3001 viro
3074 2957 3401 3015 sustentare
3425 2946 3587 3021 valet.

659 3041 924 3112 .plationis
941 3041 991 3094 vi
1019 3042 1220 3113 alioqui
1255 3058 1362 3096 non
1395 3056 1612 3110 semper
1648 3042 1740 3096 sed
1776 3043 1896 3098 solo
1936 3041 2235 3100 illibsmodi

1931 366 2157 433 nosjs
2195 363 2346 422 mu
2383 362 2627 423 CEPIIA
3594 330 3597 333 “
3634 368 3635 373 κ
3758 353 3837 424 ω

661 494 1006 546 aut-rutrum,
1038 494 1097 537 ut
1124 493 1219 538 aut
1261 480 1467 536 doloris
1496 494 1671 548 sensu
1691 477 1876 547 aliquo
1909 476 2221 530 aliieeretur

2337 470 2534 537 l‘ertia,
2573 480 2632 526 ut
2681 471 2917 527 at‘ctiore
2971 460 3368 543 constt-ingeret
3414 487 3599 528 amore
3632 473 3779 527 virum
3801 487 3846 531 et

2295 1521 2301 1527 .
2333 1482 2450 1535 viro
2479 1489 2622 1535 esset
2656 1480 2992 1541 contemptui
3020 1496 3035 1533 :
3065 1495 3129 1535 ex
3165 1481 3342 1549 capite
3368 1495 3494 1533 vero
3522 1480 3747 1533 ablatam
3776 1496 3866 1537 non

2302 2054 2318 2069 -
2338 2027 2485 2081 Solet
2516 2027 2742 2082 ulterius
2763 2026 2870 2082 hoc
2900 2028 3060 2081 etiam
3084 2027 3272 2096 quaeri,
3298 2041 3396 2082 cur
3416 2042 3448 2082 e
3467 2029 3706 2112 sinistra
3725 2031 3884 2098 potius

3956 73 3964 369 1

2332 562 2612 629 feminam,
2639 578 2704 617 eo
2742 563 2885 632 quod
2919 561 3033 617 haec
3059 578 3124 617 ex
3166 563 3257 618 illo
3298 573 3441 617 esset
3488 572 3630 616 orta.
3660 561 3847 628 Quarta,

2334 666 2393 710 ttt
2440 640 2688 729 effectum
2718 654 3032 709 redderetur
3059 656 3205 724 quod
3233 653 3412 710 Moses
3458 656 3525 709 de
3587 654 3773 710 Adamo
3789 657 3852 709 di-

2331 746 2451 800 cit:
2488 743 2787 797 Herculum
2837 752 2897 797 et
2923 744 3173 813 feminam
3225 745 3420 798 creavit
3471 746 3631 811 ipsos.
3688 744 3850 810 Quinta

2330 838 2568 907 denique
2595 854 2661 893 ne
2702 838 2901 893 femina
2952 838 3314 915 principatum
3344 836 3638 900 affectaret,
3666 838 3746 906 qui
3774 840 3851 891 viri

2330 938 2437 985 est.
2470 928 2649 996 Quaeri
2688 945 2850 1000 porro
2883 939 3082 1001 potest,
3113 945 3213 985 cur
3257 929 3396 985 Deus
3425 930 3591 986 Evam
3616 945 3713 984 non
3736 944 3858 985 sunt-

2331 1024 2499 1093 pserit
2521 1039 2585 1079 ex
2619 1031 2772 1093 parte
2804 1024 3050 1094 corporis
3077 1024 3265 1079 Adami
3319 1025 3612 1087 anteriore,
3640 1032 3727 1079 aut
3758 1025 3856 1078 inli-

2277 1132 2283 1143 ·
2331 1131 2441 1179 ma;
2475 1112 2914 1186 atttpos'teriorc.
2951 1127 3045 1172 aut
3094 1117 3328 1186 denique
3356 1132 3632 1187 suprema,
3679 1118 3761 1171 sed
3802 1135 3859 1173 ex

2333 1207 2513 1263 medio
2542 1196 2790 1276 corpore.
2852 1206 3097 1263 Dicimus
3126 1222 3255 1263 vero
3294 1223 3359 1263 ex
3412 1210 3677 1265 anteriore
3735 1220 3864 1278 parte

2332 1308 2604 1339 nnopnmm
2638 1312 2745 1339 nmt
2766 1313 2904 1339 nam-
2942 1312 3009 1339 nn
3030 1299 3191 1339 νρΙΙρι
3211 1296 3583 1339 nmina-Imitari
3616 1300 3866 1339 vis-nmmu-

2333 1207 2513 1263 medio
2542 1196 2790 1276 corpore.
2852 1206 3097 1263 Dicimus
3126 1222 3255 1263 vero
3294 1223 3359 1263 ex
3412 1210 3677 1265 anteriore
3735 1220 3864 1278 parte

2331 1308 2605 1368 acceptam
2638 1312 2746 1353 non
2766 1313 2908 1360 esse,
2941 1312 3009 1352 ne
3030 1299 3191 1353 vellet
3211 1299 3383 1367 potior
3401 1296 3583 1351 haberi
3616 1300 3867 1368 virumque

2332 1388 2559 1459 imperio
2591 1403 2877 1459 premere;
2910 1404 3086 1458 neque
3141 1404 3333 1461 rursus
3368 1403 3435 1444 ex
3481 1390 3786 1459 posteriore,
3812 1406 3868 1443 ne

2332 1585 2475 1635 esse,
2504 1585 2572 1626 ne
2603 1570 2806 1640 primas
2838 1584 2958 1639 quae
2980 1569 3095 1625 viro
3124 1570 3392 1625 debentur
3423 1570 3619 1625 femina
3642 1572 3738 1627 sibi
3768 1574 3869 1626 vin-

2334 1660 2577 1732 dicaret;
2609 1672 2659 1716 et
2694 1675 2822 1716 vero
2855 1676 3033 1731 neque
3084 1677 3153 1716 ex
3211 1663 3425 1729 ultimal
3454 1667 3605 1731 parte
3659 1666 3873 1733 corporis

2337 1753 2625 1808 formatam
2667 1768 2809 1816 esse,
2850 1769 2918 1809 ne
2952 1754 3033 1808 vir
3084 1753 3341 1809 feminam
3377 1754 3544 1808 multo
3582 1770 3641 1809 se
3678 1756 3873 1809 inferio-

2340 1862 2453 1901 rem
2485 1846 2939 1915 ltttmilioremque
2970 1846 3263 1900 atstimarct
3289 1864 3304 1912 ;
3338 1846 3431 1901 sed
3453 1861 3516 1901 ex
3552 1847 3724 1901 medio
3773 1862 3878 1902 cer-

2336 1950 2488 2005 pore,
2527 1943 2587 1989 ut
2610 1923 3032 2005 ntedioeriapud
3062 1936 3236 1990 virum
3265 1934 3574 2005 dignatione
3596 1937 3878 2000 haberetur.

2339 2118 2585 2188 corporis
2618 2128 2793 2189 parte,
2826 2133 2989 2187 quam
3018 2119 3208 2174 dextra
3237 2118 3309 2173 sit
3337 2119 3555 2184 ablata;
3589 2110 3885 2189 possumus-

2334 2226 2444 2280 que
2476 2208 2818 2282 respondere,
2848 2212 2968 2267 ideo
2992 2227 3024 2267 e
3054 2213 3247 2266 dextra
3275 2222 3434 2281 parte
3462 2223 3735 2284 sumptam
3789 2226 3881 2266 non

2336 2319 2461 2358 csse
2514 2319 2580 2358 ne
2606 2319 2733 2359 cum
2795 2303 2913 2358 viro
2968 2303 3204 2358 conferri
3250 2306 3565 2374 equariqne
3620 2319 3681 2360 se
3707 2304 3890 2365 vellet;

2338 2398 2474 2452 duas
2503 2410 2633 2451 vero
2680 2410 2802 2452 esse
2854 2384 3115 2459 rationes,
3174 2409 3272 2449 cur
3329 2409 3363 2450 e
3428 2395 3703 2451 sinistro
3747 2395 3895 2449 latt‘l'e

2336 2492 2409 2545 sit
2466 2488 2695 2543 formata
2758 2504 2774 2541 :
2844 2488 3111 2552 alteram,
3165 2496 3226 2542 ut
3304 2488 3375 2543 sit
3423 2487 3896 2557 viroobscquiosa

2334 2581 2559 2651 ejusque
2636 2578 2864 2650 imperio
2964 2580 3390 2648 obtemperans;
3502 2576 3766 2639 alteram.
3853 2586 3900 2631 ttt

2336 2674 2539 2728 sciatur
2568 2671 2864 2752 inlir‘tnoris
2889 2687 3010 2726 eam
3068 2654 3272 2741 staturi
3296 2685 3436 2726 esse.
3465 2670 3597 2725 Nam
3629 2671 3902 2725 sinistrum

2335 2764 2478 2819 latus
2526 2763 2717 2818 dextro
2738 2762 3077 2826 imbecillius
3100 2766 3221 2829 est';
3260 2777 3442 2836 neque
3460 2762 3605 2816 enim
3656 2776 3780 2817 sese
3816 2777 3905 2831 νου

2337 2862 2442 2911 test
2497 2854 2705 2926 absque
2759 2854 2935 2929 destri
2993 2854 3198 2910 auxilio
3252 2854 3560 2923 sultriget-e,
3617 2861 3679 2908 ut
3742 2870 3909 2923 neque

3436 2946 3587 3024 valet.
3671 2945 3741 3001 Et
3789 2962 3911 3001 vero

2340 3038 2627 3095 sinistrum
2656 3054 2885 3111 arguere
2913 3039 3365 3103 imbecillitatem,
3391 3040 3471 3093 vel
3522 3041 3636 3108 ipsa
3662 3040 3915 3094 animan-

669 3134 1063 3189 revelationum
1097 3145 1339 3205 tempore
1361 3150 1517 3189 mens
1551 3135 1796 3204 ipsorum
1822 3136 2101 3191 illustrata.
2124 3153 2236 3191 ma-
2268 3148 2313 3210 ο
2346 3131 2479 3184 tium
2513 3140 2703 3186 natura
2730 3138 2994 3186 monstrat
3014 3145 3244 3201 quorum
3264 3129 3509 3184 omnium
3543 3130 3765 3210 sinistra
3798 3147 3910 3199 pars

669 3228 850 3287 nebat,
884 3225 1232 3282 auferebatur
1258 3240 1387 3281 vero
1431 3242 1494 3281 ea
1544 3224 1613 3281 ab
1635 3227 1772 3297 ipsis
1808 3238 1928 3297 post
1957 3229 2243 3284 revelatio-

666 3332 766 3374 nes
811 3318 906 3375 sed
952 3330 1267 3375 remanente
1302 3319 1516 3375 interim
1548 3318 1654 3376 lixa
1684 3322 1738 3375 in
1769 3322 2009 3391 ipsorum
2040 3329 2240 3385 mente,

664 3424 793 3478 vera
841 3412 1272 3481 contemplativa:
1302 3410 1445 3467 illius
1496 3412 1716 3468 virtutis
1766 3413 2049 3479 memoria,
2079 3413 2240 3469 etiam

668 3513 1020 3575 posteaquam
1073 3486 1426 3575 evanuissent
1487 3504 1617 3574 ipsa:
1674 3505 2033 3561 revelationes
2080 3506 2242 3561 simul

668 3611 795 3653 cum
830 3588 880 3650 vi
916 3597 1003 3666 illa
1037 3598 1479 3668 contemplativa.
1519 3596 1595 3652 lta
1621 3598 1767 3655 enim
1821 3597 2020 3657 accidit
2065 3599 2243 3653 Abra-

666 3688 818 3755 ham,
852 3690 1063 3745 exstasi
1088 3698 1339 3757 correpto
1363 3689 1445 3753 ",-
1477 3688 1675 3745 Elissae
1711 3690 1887 3745 visum
1932 3691 2135 3746 videnti
2166 3692 2236 3757 ”,

671 3785 804 3841 item
844 3783 1001 3839 [snite
1041 3798 1166 3839 cum
1212 3791 1464 3838 cerneret
1525 3783 1687 3837 Deum
1747 3783 2026 3838 sedentem
2079 3775 2243 3853 super

670 3876 865 3933 solium
903 3876 986 3939 “;
1034 3886 1291 3947 praeterea
1316 3876 1584 3931 Ezecltieli
1616 3876 1868 3947 intuenti
1896 3877 2241 3933 Cherubinos

670 3966 915 4023 invectos
941 3967 1009 4031 “,
1037 3967 1279 4038 denique.
1313 3967 1473 4022 Petro
1534 3967 1927 4037 contemplanti
1964 3971 2139 4023 velum
2171 3970 2239 4025 δ’.

668 4056 837 4129 Igitur
866 4059 947 4115 sic
979 4058 1222 4120 Adatnus
1265 4074 1487 4131 quoque
1536 4057 1765 4115 aﬂeclus
1788 4070 2053 4116 eratcum
2083 4060 2245 4132 quie-

670 4160 779 4206 tem
811 4151 926 4208 sive
968 4152 1234 4221 exstasim
1260 4152 1362 4222 ipsi
1392 4152 1732 4228 {immisisset
1762 4152 1907 4209 Deus
1938 4170 1952 4208 :
1986 4155 2242 4224 apparuit

668 4243 816 4299 enim
851 4243 904 4299 ei
943 4245 1103 4309 Deus,
1134 4247 1372 4317 dataque
1416 4254 1501 4302 est
1557 4246 1661 4316 ipsi
1699 4245 1863 4302 simul
1893 4246 1977 4302 vis
2001 4262 2064 4301 ea
2087 4262 2239 4301 tuen-

669 4336 741 4393 tis
780 4339 1199 4409 contemplativa
1232 4355 1340 4409 qua
1385 4339 1642 4396 cernebat
1693 4340 1860 4396 eximi
1920 4355 1951 4396 e
1982 4356 2083 4396 suo
2112 4355 2242 4395 cors

668 4439 803 4495 pore
846 4402 1053 4480 costa‘m
1096 4435 1155 4481 et
1204 4402 1461 4484 feminam
1489 4426 1713 4481 formari
1748 4426 1887 4482 :sed
1945 4434 2237 4497 postquam

674 4518 935 4595 abscessit
1006 4519 1073 4574 ab
1122 4519 1241 4589 ipso
1298 4518 1576 4581 revelatio,
1624 4529 1789 4589 atque
1843 4518 2020 4601 ablata
2052 4518 2244 4579 .simul
2276 4508 2495 4579 Dipsa.
2525 4514 2584 4601 ιιι
2622 4504 3263 4601 pcrfecloabsolutoque
3298 4504 3569 4601 membro,
3621 4504 3926 4601 pet-fectant

668 4618 752 4664 est
793 4608 989 4666 mentis
1034 4610 1119 4664 illa
1182 4610 1262 4666 vis
1311 4609 1755 4680 contemplativa,
1810 4610 2019 4664 mansit
2056 4618 2236 4663 tamen

670 4700 1027 4756 nihilominus
1067 4701 1220 4757 firma
1261 4703 1313 4758 in
1359 4702 1531 4772 ipsius
1552 4701 1761 4765 animo,
1792 4699 1869 4756 rei
1893 4700 1959 4756 de
1984 4715 2043 4756 se
2076 4708 2240 4771 gestae

670 4807 797 4862 vera
833 4794 1161 4849 recordatio.

676 4893 689 4929 ἱ
741 4882 851 4937 Cur
884 4880 997 4937 Eva
1025 4899 1124 4938 non
1177 4884 1336 4938 etiam
1397 4894 1452 4939 tu
1494 4884 1734 4940 Adamus
1777 4902 1844 4940 ea:
1889 4886 2099 4957 pulvere
2122 4887 2237 4957 for-

673 4982 816 5025 mata
871 4974 963 5029 sit.
1020 5004 1091 5019 —-
1143 4973 1207 5029 Et
1265 4978 1463 5039 accepit
1513 4993 1673 5031 unam
1739 4994 1768 5034 ο
1819 4980 1983 5033 costis
2046 4978 2235 5049 ipsius,

671 5059 964 5130 clausitque
1014 5080 1175 5121 carne
1202 5063 1317 5134 ejus
1358 5065 1554 5121 locum.
1595 5067 1708 5121 Cur
1746 5083 1811 5124 ex
1857 5070 1978 5138 ipso
2030 5069 2240 5123 Adamo

674 5151 993 5221 fovmaverit
1034 5156 1174 5214 Deus
1228 5156 1417 5221 Evam,
1444 5168 1524 5215 et
1574 5174 1683 5215 non
1727 5176 1792 5217 es
1825 5169 1985 5215 terra
2020 5160 2243 5230 pulvere

676 5234 897 5300 tin‘xerit
925 5245 1069 5301 sicut
1120 5248 1296 5318 ipsum
1342 5250 1610 5306 Adamum
1655 5251 1819 5306 varize
1862 5259 1990 5306 sunt
2039 5266 2243 5306 caussa.

594 5390 597 5393 ,
674 5332 881 5403 Prima,
911 5349 971 5395 ut
999 5355 1105 5395 una
1139 5343 1435 5410 eademque
1462 5344 1639 5407 radix,
1663 5353 1717 5398 et
1749 5342 2007 5400 nascendi
2040 5341 2243 5412 princi-

682 5428 832 5499 pium
884 5442 1028 5488 esset
1051 5432 1317 5494 omnibus
1362 5435 1673 5503 hominibus
1710 5435 1827 5506 ipse
1879 5434 2247 5491 Adam.Alte~

683 5533 744 5577 ra
787 5535 855 5572 ne
886 5520 1125 5578 dicerent
1160 5523 1488 5578 contentiosi
1534 5524 1802 5591 hetnines,
1854 5525 2021 5580 alium
2075 5524 2245 5579 fuisse

682 5610 900 5676 edami,
941 5611 1106 5666 alium
1135 5615 1259 5671 Este
1306 5614 1675 5681 conditorem,
1732 5619 1824 5672 seti
1873 5617 2032 5673 fateri
2081 5632 2243 5688 coge-

682 5712 896 5772 rentur,
924 5703 993 5760 ab
1011 5719 1121 5760 uno
1136 5707 1430 5779 eodemth
1462 5708 1572 5764 Deo
1594 5709 1785 5765 ambos
1808 5724 1928 5763 csse
1952 5707 2237 5763 formatos.

2300 5723 2309 5745 ι
2357 5704 2542 5759 dolore
2575 5700 3236 5768 aﬂicereturexpcrrectus
3262 5694 3474 5759 Adam,
3508 5710 3576 5751 eo
3601 5696 3770 5767 quod
3796 5698 3931 5765 parte

2348 3222 2673 3277 imbecillior
2703 3230 2783 3278 est
2819 3238 2982 3295 quam
3034 3222 3244 3276 dextra.
3281 3219 3375 3275 Est
3403 3221 3585 3289 ltattue
3622 3214 3910 3276 in-feminis

2346 3324 2828 3386 temperamentum
2859 3314 3103 3384 corporis
3126 3312 3392 3382 frigidius,
3421 3311 3774 3378 imbecillius,
3800 3330 3913 3369 eru-

2346 3411 2492 3473 ditis,
2522 3416 2579 3461 ttt
2609 3408 2661 3461 in
2694 3415 2847 3477 parte
2893 3405 3247 3461 animantium
3285 3406 3530 3459 sinistra.
3570 3403 3718 3470 Quitt
3784 3406 3913 3458 inter

2344 3503 2491 3574 ipsos
2521 3500 2666 3556 viros
2696 3499 2935 3570 repet-ias
2957 3498 3118 3567 cujus
3136 3498 3384 3552 dextrum
3411 3496 3551 3551 latus
3569 3495 3637 3550 sit
3658 3497 3914 3557 calidum.

2346 3605 2707 3665 vegetumque
2734 3594 3016 3649 sinistrum
3047 3606 3196 3656 vero,
3229 3590 3482 3659 frigidum
3507 3604 3572 3644 ac
3603 3587 3915 3644 ﬂaccidum.

2344 3687 2425 3753 Ad
2461 3688 2575 3741 haec
2613 3684 2889 3740 masculus
2938 3683 2991 3738 itt
3030 3683 3218 3747 dextro
3274 3681 3442 3736 latere
3473 3681 3821 3751 concipitur.
3854 3680 3917 3736 fc-

2348 3779 2501 3834 tnclla
2553 3778 2606 3833 in
2669 3777 2912 3833 sinistro.
2967 3775 3035 3831 At
3074 3776 3217 3829 enim
3254 3790 3319 3829 ex
3379 3774 3494 3845 ipsa
3552 3774 3920 3829 imbecillitate

2344 3885 2507 3939 quam
2541 3869 2595 3923 itt
2650 3883 2779 3923 sexu
2830 3866 3091 3921 feminino
3121 3865 3296 3934 palam
3328 3864 3624 3929 cernimus,
3655 3867 3813 3921 satis
3842 3884 3921 3920 aro

2343 3977 2508 4031 gnere
2534 3959 2910 4025 liceatdtlvatn
2943 3972 2973 4013 e
3015 3956 3238 4013 sinistro
3271 3955 3465 4025 Atiami
3494 3956 3690 4022 latere,
3740 3968 3805 4012 ut
3832 3959 3923 4011 nti-

2342 4068 2449 4107 nus
2500 4045 2699 4115 'valido,
2756 4065 2879 4105 esse
2955 4059 3252 4118 acceptant.
3311 4036 3481 4103 Porro
3537 4040 3641 4103 cur
3703 4062 3913 4107 costam

2342 4152 2398 4199 et
2430 4159 2536 4198 non
2596 4143 2758 4197 aliam
2815 4141 3063 4210 corporis
3099 4149 3313 4210 partem
3360 4138 3575 4194 Atlante
3627 4140 3931 4197 detraxerit

2344 4232 2510 4299 Deus,
2548 4247 2711 4304 quant
2742 4230 3096 4286 concinnaret
3130 4228 3183 4283 itt
3208 4228 3485 4293 feminam,
3515 4223 3801 4299 plurimas
3833 4232 3920 4291 Ita-

2341 4325 2530 4381 bemus
2561 4323 2798 4380 rationes
2827 4341 2841 4390 ;
2872 4338 2999 4389 nam
3031 4337 3153 4377 cum
3214 4322 3266 4376 in
3320 4333 3471 4378 costa
3514 4330 3572 4376 et
3604 4338 3846 4377 carnem
3878 4332 3920 4376 et

2342 4425 2491 4479 ossa,
2540 4422 2592 4470 et
2633 4427 2850 4477 nervos,
2913 4396 2966 4469 et
3019 4412 3342 4483 sanguinem
3404 4410 3649 4466 invenire
3711 4413 3835 4478 sit;
3874 4424 3963 4483 ex;

2349 4599 2699 4675 numerisque
2741 4599 2996 4654 omnibus
3019 4598 3318 4653 absolutam
3348 4610 3469 4651 esse
3521 4594 3835 4650 formatam
3862 4594 3929 4649 fe-

2345 4695 2545 4748 minam
2589 4702 2737 4747 recte
2770 4682 3062 4757 colligitur.
3117 4688 3382 4758 Praeterea
3411 4688 3656 4744 eoetiam
3722 4691 3929 4759 signiﬁ-

2343 4797 2523 4842 catum
2568 4793 2675 4849 est,
2710 4785 2783 4839 ita
2825 4784 3081 4837 feminam
3118 4790 3424 4853 protectore
3480 4780 3603 4833 viro
3624 4795 3787 4849 opus
3844 4781 3929 4834 Ita-

2342 4879 2472 4935 bere
2498 4878 2601 4934 sub
2621 4877 2781 4946 cujus
2808 4875 2999 4930 umbra
3032 4882 3143 4929 tuta
3187 4876 3369 4941 lateat,
3386 4882 3440 4927 ttt
3472 4880 3640 4926 cusuc
3684 4872 3928 4927 brachiis

2343 4979 2608 5035 contectae
2641 4976 3019 5038 proteguntur.
3059 4965 3298 5035 Denique
3326 4964 3512 5018 eodem
3538 4971 3765 5026 spectat
3798 4978 3927 5033 ρους

2344 5082 2452 5138 que
2498 5050 2824 5138 mysterium.
2850 5061 3085 5133 perfossi
3128 5062 3314 5117 lateris
3361 5058 3583 5113 Domini
3620 5062 3822 5114 nostri
3887 5059 3927 5109 iu

2348 5171 2530 5220 cruce,
2565 5170 2631 5210 es
2682 5148 2794 5225 quo
2826 5152 3083 5223 profluxit
3143 5148 3368 5220 sanguis
3414 5159 3468 5203 et
3517 5159 3692 5219 aqua,
3731 5156 3801 5204 ut
3842 5147 3931 5201 hac

2349 5254 2765 5304 renascerentur
2796 5244 2976 5300 fideles
3017 5240 3504 5315 perbaptismum,
3538 5239 3634 5294 illo
3678 5254 3829 5295 vero
3854 5254 3929 5292 es-

2342 5341 2636 5411 piarentur.
2661 5337 2779 5391 [deo
2805 5336 2949 5390 enim
2975 5336 3163 5388 lancea
3194 5330 3406 5386 Domini
3436 5329 3605 5386 nostri
3642 5330 3810 5384 latus
3826 5344 3931 5397 per-

2344 5439 2525 5484 tusum
2570 5435 2673 5492 est,
2700 5436 2756 5479 ut
2798 5423 2971 5478 lueret
3000 5420 3349 5489 cxpiaretque
3381 5419 3595 5474 femina:
3629 5418 3805 5475 illius
3830 5433 3930 5473 ερε-

2346 5519 2453 5582 lus,
2485 5531 2607 5587 qua:
2638 5526 2705 5573 ex
2757 5510 3061 5571 lateroviri
3123 5526 3215 5581 per
3253 5518 3459 5567 costam
3508 5507 3698 5565 fuerat
3754 5516 3929 5565 enata.

2349 5610 2522 5677 Porro
2558 5607 2677 5665 ideo
2703 5606 2939 5676 explevit
2959 5617 3122 5660 carne
3147 5603 3326 5660 locum
3352 5610 3619 5673 exempta:
3645 5613 3861 5662 costa.
3883 5610 3933 5651 ne

752 5818 797 5853 ⁸⁸
824 5818 960 5880 Gen.
1004 5821 1132 5889 ΠΛ
1172 5838 1323 5894 seqq.
1397 5825 1443 5857 ³³
1475 5824 1535 5877 IV
1566 5824 1697 5895 lia-g.
1736 5843 1805 5891 γι,
1838 5823 1918 5881 i7.
1996 5824 2039 5855 "
2092 5822 2194 5877 ISLI.
2231 5837 2237 5857 ε

2349 5820 2378 5875 ‘l
2415 5835 2565 5888 seqq.
2644 5813 2921 5872 1"*Ezcch.
2975 5829 3030 5879 x,
3076 5814 3131 5869 4.
3207 5814 3251 5847 ⁸³
3288 5813 3407 5868 Act.
3438 5827 3490 5876 ς,
3532 5809 3620 5865 ιι.
