3982 6346
56 346 283 424 eis»

1212 342 1310 402 DE
1351 341 1746 415 PABADISO.
1784 366 1852 377 —
1888 344 2079 403 PARS
2120 343 2170 404 I.

3208 350 3238 411 5-
3250 350 3312 412 δ’)

121 478 175 520 ra
205 439 433 527 corporis
461 462 605 509 esset
644 455 900 520 mutilus;
923 452 1363 529 simultgtemque
1390 453 1653 509 adversus
1678 455 1730 516 Α
1753 468 1875 524 qtae
1897 453 2239 523 estcorporis
2261 456 2531 511 etanimae
2545 455 2883 513 commistio.
2914 458 2983 511 Et
2996 458 3222 532 adfluit
3251 464 3332 532 ip-

121 556 387 610 detractam
418 547 517 602 sibi
544 556 748 617 partem
776 547 1108 616 conciperet.
1136 546 1202 612 Et
1222 562 1350 603 vero
1370 546 1479 621 duo
1505 556 1653 610 sunt,

120 660 225 718 qua
254 638 494 707 expedite
525 638 670 694 Deus
696 640 901 708 peregit
927 640 978 693 in
1007 640 1195 694 Adami
1230 654 1461 709 corpore
1486 655 1502 692 :
1531 639 1659 693 alte-

120 750 227 792 rum
272 731 408 802 quod
437 741 643 786 costam
676 730 881 801 absque
930 730 1115 786 dolore
1138 731 1363 793 exemit,
1413 730 1656 784 alterum

119 824 245 896 quod
264 832 368 893 'pro
383 831 535 877 costa
554 835 773 875 carnem
804 821 1048 887 suffecit;
1078 830 1131 896 et
1160 821 1377 890 quidem
1398 829 1656 876 neutrum

79 902 290 973 ~‘fwrum
327 914 590 969 sentiente
623 912 849 981 Adamo,
881 930 993 967 rem
1025 923 1210 967 tamen
1248 901 1437 982 ipsam
1463 912 1660 967 intelli-

115 1012 256 1076 gente
282 1011 439 1071 atque
457 995 943 1073 cognoscenteper
972 1002 1213 1057 divinam
1249 1002 1656 1067 revelationem,

114 1110 262 1167 quam
293 1094 488 1149 mentis
512 1094 966 1164 contemplatione
992 1094 1327 1161 intuebatur.
1354 1093 1421 1147 Et
1448 1096 1658 1148 concin-

64 1228 75 1235 ρ
112 1188 240 1242 mit
258 1186 507 1239 Dominus
534 1184 673 1240 Deus
718 1202 747 1239 e
768 1195 916 1240 costa
933 1202 1089 1256 quam
1114 1194 1408 1256 sumpserat
1427 1201 1493 1239 ea:
1507 1186 1656 1239 Ada-

112 1290 187 1328 m
215 1273 479 1343 feminam.
514 1269 637 1327 liae
668 1287 775 1327 non
802 1280 927 1328 sunt
964 1287 994 1325 a
1045 1269 1156 1326 Deo
1202 1272 1376 1329 tribus
1429 1272 1657 1327 diversis

115 1362 598 1436 peractarvicibus;
651 1377 826 1433 neque
855 1363 907 1417 id
956 1362 1088 1418 dicit
1132 1361 1330 1428 Moses,
1361 1363 1659 1433 sumpsisse

115 1454 265 1509 Deam
305 1452 479 1524 primo
513 1464 762 1523 costam,
800 1463 921 1524 post
967 1454 1267 1524 explevisse
1320 1455 1497 1509 locum
1537 1454 1656 1521 ejus

110 1560 282 1608 carne,
304 1559 368 1600 ac
398 1552 528 1601 tunc
568 1546 790 1601 domum
813 1546 1169 1602 concinnasse
1223 1546 1482 1600 feminam
1514 1563 1528 1600 :
1566 1559 1657 1601 ve-

108 1638 441 1709 rumsubito,
467 1647 525 1693 et
556 1626 701 1694 oculi
729 1640 1050 1695 brevissima
1087 1639 1382 1694 nit-talione
1405 1648 1655 1709 exempta

106 1738 181 1783 est
199 1737 369 1795 costa,
404 1730 739 1799 sulfectaque
791 1744 942 1797 caro,
976 1739 1028 1785 et
1062 1728 1403 1785 conformata
1432 1730 1653 1785 femina.
1690 1736 1695 1799 ς

110 1815 233 1872 Nam
260 1818 303 1873 si
336 1820 477 1872 intra
509 1819 652 1874 oculi
702 1832 1035 1875 momentum
1067 1828 1314 1890 resurget
1344 1824 1655 1876 universum

106 1921 262 1976 genus
292 1909 613 1971 humanum,
646 1918 703 1964 ut
728 1908 886 1965 divus
911 1907 1113 1966 Paulus
1144 1912 1238 1976 ait,
1275 1912 1345 1975 ",
1376 1913 1543 1967 multo
1573 1913 1653 1967 fa-

8 2058 15 2066 .
104 1995 253 2050 cilius
308 1997 607 2068 intelligere
659 2000 979 2069 possumus,
1020 2000 1180 2055 simul
1236 2001 1327 2057 illa
1369 2003 1471 2057 tria
1514 2003 1655 2074 apud

103 2087 355 2153 dilaturum
383 2104 414 2142 a
450 2089 573 2143 Deo'
607 2099 819 2161 peracta
852 2106 975 2147 esse
1006 2108 1025 2147 :
1073 2108 1260 2148 verum
1300 2090 1520 2164 quando
1544 2112 1651 2152 non

104 2178 269 2244 potuit
295 2176 474 2233 Moses
501 2179 665 2261 simul
689 2182 871 2235 omnia
904 2183 1017 2238 haec
1040 2184 1204 2239 verbo
1237 2200 1345 2239 uno
1366 2188 1656 2256 complecti

103 2278 252 2335 atque
268 2271 555 2325 enuntiare
580 2280 634 2326 et
666 2271 991 2341 describere,
1011 2268 1336 2363 coaetus'est
1373 2294 1438 2332 ex
1467 2280 1656 2335 ordine

103 2360 270 2415 dicere
304 2359 476 2416 Deum
504 2364 717 2432 cepisse
754 2376 981 2431 costam,
1013 2379 1066 2421 et
1094 2359 1260 2424 costa:
1284 2371 1404 2424 loco
1437 2387 1655 2427 carnem

107 2452 471 2519 supposuisse,
498 2469 562 2509 ac
589 2454 846 2510 feminam
872 2458 1248 2514 concinnasse.
1266 2458 1479 2533 Rursus
1506 2479 1654 2533 qua:-

102 2544 249 2608 ritur,
281 2558 378 2597 cur
401 2544 583 2601 Moses
613 2548 679 2601 de
696 2546 903 2601 Adamn
934 2559 1180 2618 usurpet,
1213 2549 1393 2617 (iebat,
1421 2553 1525 2607 hoc
1548 2564 1652 2620 est,

102 2634 323 2703 fingendi
359 2636 479 2690 sive
505 2636 793 2707 subigendi
821 2638 1045 2701 verbum
1077 2656 1092 2703 ;
1123 2651 1176 2695 at
1199 2642 1266 2695 de
1297 2641 1429 2711 Eva,
1456 2643 1653 2712 Tacen,

100 2724 195 2778 hoc
226 2734 328 2789 est,
365 2726 751 2782 concinnandi.
774 2727 1210 2799 Respondemus,
1244 2734 1478 2804 fingendi
1505 2736 1656 2790 subi-

100 2815 311 2882 gendive
339 2817 665 2872 vocabulum
718 2818 832 2874 luto
887 2823 1198 2887 convenire,
1233 2820 1297 2879 ex
1340 2841 1449 2894 quo
1482 2827 1653 2882 Adam

100 2900 352 2961 formatus
371 2908 691 2978 est;subigi
709 2909 853 2964 enim
883 2910 1055 2966 lutum
1078 2911 1252 2978 debet,
1284 2924 1339 2968 ut
1373 2916 1649 2985 quidpiam

100 3007 158 3048 ex
179 2994 293 3066 ipso
322 2995 461 3063 fiat;
494 3006 550 3051 at
577 3007 727 3053 costa
756 3014 884 3054 eum
910 2999 1021 3070 jam
1054 3010 1167 3057 tum
1204 3003 1359 3058 subat
1376 3012 1432 3060 to
1453 3021 1517 3059 cx
1538 3008 1652 3064 luto

1740 545 1875 596 'sam
1902 544 1971 597 ad
1986 543 2270 599 Adamum.
2287 544 2462 612 Unde,
2492 558 2668 617 etquo
2682 548 2836 603 duxit
2855 548 2999 602 illam
3020 550 3043 604 ἲ
3060 550 3204 606 Sane
3221 568 3332 609 non

1759 649 1826 690 ex
1858 650 1969 690 uno
2022 635 2142 690 loco
2171 635 2238 691 ad
2279 635 2547 694 alterum:
2574 625 2686 694 sed
2725 656 2848 703 cum
2890 652 3015 695 ante
3058 643 3110 696 in
3147 660 3325 700 rerum

1761 737 1953 781 natura
2026 742 2135 783 non
2193 726 2409 794 fuisset,
2488 729 2747 798 produxit
2818 731 2873 785 in
2940 746 3121 785 rerum
3183 745 3333 791 natu-

1761 834 1904 873 ram.
1984 818 2255 872 Caeterum
2306 820 2428 873 ideo
2470 818 2673 875 dicitur
2732 820 2800 873 ad
2843 822 3111 876 Adamum
3167 823 3329 878 ducta

1762 922 1918 973 esse,
1954 907 2085 977 quia
2138 909 2257 977 ejus
2289 910 2461 978 gratia
2517 910 2690 979 ipsam
2731 910 3072 975 condiderat,
3106 913 3300 967 concin

1758 1007 2023 1067 naratque
2078 996 2265 1065 Deus;
2315 998 2390 1053 ait
2416 1000 2560 1054 enim
2608 999 2882 1069 Scriptura
2918 1018 2933 1054 :
2966 1001 3187 1058 Faciam
3220 1007 3333 1073 ’ἔρια

1759 1088 2143 1143 adminiculum
2166 1090 2342 1159 qualis
2374 1092 2484 1159 ipse
2510 1100 2606 1143 est.
2636 1092 2737 1144 Sed
2770 1100 2877 1145 non
2901 1101 3005 1155 est,
3035 1103 3096 1146 ut
3125 1096 3190 1147 ab
3211 1095 3330 1164 ipso

1758 1180 1935 1233 ablata
1956 1179 2133 1234 fuerat
2156 1180 2311 1243 rudis
2332 1192 2498 1249 atque
2521 1179 2768 1235 informis
2788 1195 2962 1247 costa,
2991 1185 3067 1237 ita
3096 1194 3149 1237 et
3175 1188 3327 1240 resti-

1760 1278 1913 1329 tuta:
1947 1285 2134 1324 verum
2176 1269 2288 1338 jam
2344 1272 2670 1326 concinnata
2738 1272 3033 1344 effectaque
3104 1274 3325 1329 femina.

1758 1358 1826 1413 Et
1852 1362 1929 1414 ait
1944 1361 2111 1415 Adam
2131 1376 2153 1415 :
2174 1360 2291 1415 Hac
2320 1364 2428 1416 uice
2450 1364 2508 1416 os
2546 1364 2610 1417 de
2629 1363 2834 1417 ossibus
2858 1368 3004 1430 meis,
3032 1377 3081 1419 et
3099 1384 3225 1421 caro
3262 1368 3328 1421 de

1756 1466 1915 1505 carne
1968 1466 2105 1505 mea.
2162 1450 2261 1505 Hic
2313 1454 2661 1508 vaticinantis
2710 1455 2901 1509 Adami
2958 1457 3117 1509 verba
3169 1458 3326 1511 nobis

1757 1546 1939 1615 prodit
1971 1543 2132 1608 divus
2165 1543 2373 1613 loses;
2405 1562 2533 1600 nam
2587 1547 2680 1616 qui
2718 1561 2914 1615 snpore
2945 1556 3107 1616 atque
3144 1549 3326 1616 quiete

1756 1634 1987 1688 obrutus
2008 1634 2247 1702 iacebat,
2274 1636 2472 1689 anima:
2512 1650 2638 1689 vero
2670 1636 3020 1707 suzejnterim
3070 1636 3327 1705 agitatio-

1760 1723 1925 1778 nibus
1953 1724 2261 1793 mentisque
2284 1726 2745 1795 contemplatione
2759 1731 2885 1785 ﬂat
2916 1730 3084 1795 ipsam
3120 1739 3242 1797 quae
3271 1728 3323 1779 in

1760 1817 2045 1873 eximenda
2095 1828 2249 1874 costa
2313 1818 2803 1889 concinnandaque
2858 1818 2967 1873 Eva
3030 1820 3323 1890 agebatur,

1756 1906 2174 1973 considerabat;
2206 1908 2389 1962 subito
2423 1918 2797 1976 experrectus,
2829 1924 2953 1962 cum
2984 1923 3116 1975 eam
3149 1909 3322 1978 ipsam

1706 2065 1721 2091 Χ
1757 1996 2042 2071 mulierem
2074 2012 2237 2067 quam
2266 2012 2365 2068 per
2393 1999 2668 2053 somnium
2698 1997 3037 2053 conformari
3071 2001 3324 2053 animad-

1756 2098 2016 2155 verterat,
2048 2103 2234 2143 coram
2274 2104 2337 2143 se
2364 2097 2597 2144 stantem
2622 2089 2751 2159 vigil
2798 2090 3107 2149 inveniret;
3141 2090 3324 2145 divina

1757 2182 1930 2234 sancti
1970 2178 2214 2250 Spiritus
2243 2182 2415 2250 gratia
2471 2180 2737 2250 impulsus
2785 2181 3203 2246 vaticinabatur,
3236 2182 3327 2235 in-

1755 2271 1990 2342 quiens:
2032 2269 2149 2324 Hoc
2186 2272 2291 2325 uice
2320 2287 2377 2326 os
2432 2275 2497 2325 de
2551 2272 2753 2325 ossibus
2795 2272 2943 2334 meis,
2993 2283 3042 2325 et
3091 2288 3215 2325 caro
3262 2272 3326 2324 de

1754 2376 1910 2414 carne
1948 2376 2085 2434 mea,
2121 2361 2272 2426 Quod
2292 2364 2376 2415 ait
2409 2379 2424 2417 :
2456 2361 2573 2416 Hac
2610 2356 2736 2427 eice,
2788 2364 2857 2417 ad
2886 2362 3032 2419 illius
3067 2364 3325 2433 temporis

1755 2461 1963 2521 spectat
1988 2453 2306 2517 discrimen,
2338 2470 2450 2525 quo
2468 2455 2612 2509 Deus
2639 2456 2842 2519 bestias
2866 2470 2929 2510 ac
2951 2456 3197 2524 jumenta
3220 2472 3323 2511 vo-

1758 2544 2042 2613 lucresque
2064 2547 2129 2599 ad
2154 2544 2303 2599 illum
2328 2558 2532 2617 egerat,
2556 2548 2880 2617 imponendo
2892 2564 3008 2602 rum
3044 2548 3322 2603 nominum

1754 2646 1942 2687 causa.
2008 2633 2238 2689 Perinde
2284 2649 2348 2689 ac
2398 2636 2447 2690 si
2514 2635 2623 2691 Deo
2649 2633 2794 2692 dicat
2831 2638 3074 2692 Adatnus
3104 2658 3117 2694 :
3146 2637 3324 2704 Quam

1753 2737 1901 2777 nunc
1945 2724 2011 2777 ad
2051 2740 2136 2779 me
2194 2724 2466 2781 adduxisti
2518 2728 2835 2793 mulierem,
2893 2730 3053 2800 longe
3104 2731 3207 2785 alia
3236 2743 3323 2791 est

1755 2823 1916 2883 atque
1951 2814 2104 2871 fuere
2136 2816 2434 2872 animantia
2477 2819 2568 2872 illa
2593 2821 2796 2888 quibus
2822 2821 2889 2877 ad
2929 2837 3015 2876 me
3046 2824 3188 2877 actis
3221 2840 3322 2877 no-

1751 2903 1897 2955 mina
1924 2904 2134 2970 indidi;
2167 2893 2359 2976 neque
2388 2907 2537 2965 enim
2572 2909 2662 2963 illa
2718 2925 2786 2964 ex
2834 2925 2921 2965 me
2960 2922 3197 2981 smnpta,
3229 2923 3324 2967 aut

1748 3010 1882 3050 meae
1912 2994 2125 3051 fuerant
2151 3004 2394 3067 naturae;
2419 3008 2475 3054 at
2498 3002 2612 3057 bzec
2638 3016 2701 3057 os
2724 3011 2805 3058 est
2829 3017 2893 3057 ex
2917 3005 3133 3060 ossibus
3162 3007 3320 3068 meis,

100 3084 317 3141 formata
341 3088 659 3155 exsisteret,
691 3090 806 3146 sola
840 3093 1282 3152 coneinnitudine
1324 3112 1462 3167 opus
1488 3102 1656 3157 liabe-
1679 3110 1724 3173 ρ
1756 3094 1809 3169 ει
1830 3101 1956 3140 6³το
1983 3103 2050 3142 ει
2088 3104 2254 3166 Came
2290 3106 2430 3154 mea.
2463 3091 2565 3145 hoc
2614 3102 2719 3165 est.
2764 3108 2830 3146 ex
2867 3094 3073 3161 meipso
3104 3104 3320 3163 accepta

6 3204 9 3213 λ
96 3176 199 3244 bat,
230 3189 288 3235 ut
323 3180 377 3234 in
420 3179 677 3236 feminam
700 3185 970 3240 evaderet.

161 3265 264 3321 Car
293 3284 403 3322 tum
432 3270 626 3323 dixerit
661 3270 854 3333 Moses.
891 3274 1200 3342 inspiratam
1218 3276 1272 3331 in
1295 3277 1484 3348 [aciem
1504 3283 1650 3346 Em,

5 3384 27 3393 ιλ
94 3359 336 3425 optimam,
364 3368 428 3413 ut
456 3364 520 3415 ds
545 3361 750 3417 Adamn
775 3364 911 3423 dixit
955 3395 1031 3413 -ι
1059 3364 1178 3421 Jam
1203 3376 1342 3436 vero;
1372 3370 1475 3427 hoc
1504 3388 1649 3443 quo-

96 3462 194 3518 que
222 3450 546 3521 interrogari
588 3462 785 3521 potest,
818 3471 917 3509 cur
952 3472 1059 3511 non
1085 3459 1157 3513 sit
1184 3460 1385 3516 dictum
1416 3464 1484 3517 dc
1516 3463 1647 3529 Eva,

97 3541 231 3609 quod
267 3542 627 3611 ignsufilavcrit
656 3543 793 3603 Deus
824 3547 878 3602 in
910 3549 1082 3618 ipsam
1114 3553 1372 3618 animam,
1414 3557 1558 3612 sicut
1583 3561 1651 3615 de

20 3662 21 3665 η
92 3629 288 3684 Adamn
314 3633 580 3701 scriptum
616 3643 701 3688 est
733 3652 747 3687 :
788 3634 856 3689 Et
884 3637 1163 3731 iusti/Itan“
1188 3643 1249 3694 in
1279 3642 1648 3713 [aciemipsius

14 3740 25 3771 μ
93 3719 313 3790 cuipiam
338 3724 571 3777 vitalem.
600 3723 1007 3795 Respondemus
1034 3719 1379 3803 nequaquam
1410 3749 1475 3789 eo
1504 3737 1647 3793 istud

2 3850 3 3853 η
92 3808 282 3864 factum
321 3829 450 3868 esse
478 3817 621 3884 quod
651 3814 760 3871 Eva
800 3834 907 3873 non
942 3819 1110 3874 fuerit
1142 3825 1364 3891 prmdita
1396 3827 1646 3884 rationali

2 3950 29 3955 η
92 3903 263 3957 anima
288 3904 520 3974 perinde
552 3920 616 3961 ac
665 3908 908 3964 Adamus
940 3921 1036 3965 aut
1094 3929 1199 3967 non
1229 3919 1532 3985 composita
1580 3936 1645 3974 ex

90 4005 310 4062 corpore
338 4003 396 4049 et
420 3996 621 4059 anima,
643 4006 699 4050 ut
724 3998 829 4065 ille,
845 4014 1020 4069 neque
1043 4015 1167 4055 vero
1183 4001 1343 4057 etiam
1361 4008 1648 4072 quasiani-

26 4120 31 4125 .
90 4097 173 4136 ma
201 4098 266 4138 ex
309 4098 543 4154 corpore
576 4098 853 4154 nascatur,
879 4090 1023 4145 sicut
1048 4107 1109 4146 os
1131 4106 1195 4146 ex
1225 4106 1412 4149 osseet
1434 4111 1561 4151 caro
1581 4115 1645 4153 cx

4 4206 29 4241 ην
92 4186 250 4260 carne
284 4192 299 4228 ε
334 4175 430 4229 sed
464 4176 673 4231 duabus
724 4177 792 4232 de
813 4180 1011 4257 _causis
1048 4180 1178 4239 illud
1226 4187 1643 4253 praetermissum

12 4302 29 4321 η
92 4264 141 4318 in
173 4265 403 4326 historia
431 4282 575 4335 esse,
598 4282 831 4336 quarum
855 4269 1022 4324 altera
1044 4282 1148 4336 est,
1195 4289 1319 4327 cum
1351 4286 1476 4330 ante
1506 4287 1647 4333 esset

94 4355 395 4437 deddamo
420 4358 776 4427 explicatum,
814 4360 1109 4443 bumanam
1144 4375 1395 4419 naturam
1425 4382 1489 4420 ex
1518 4383 1643 4422 cor-

1753 3186 1859 3243 est,
1891 3194 2131 3249 meazqne
2184 3189 2270 3235 est
2311 3182 2527 3250 penitus
2592 3193 2802 3237 natura:
2860 3186 3129 3253 particeps
3163 3202 3177 3237 :
3213 3202 3318 3241 una

1751 3284 1950 3339 quippe
1997 3270 2294 3350 eademque
2338 3280 2531 3325 natura
2579 3284 2891 3328 constamus
2944 3289 3042 3343 ego
3080 3274 3308 3343 illaque.

1752 3361 2014 3417 Czcterum
2068 3362 2283 3417 duabus
2346 3362 2400 3416 id
2446 3363 2786 3419 orationibus
2826 3365 3033 3421 sciebat
3078 3367 3318 3420 Adamus

1751 3454 1898 3524 quod
1949 3452 2037 3507 hic
2068 3454 2480 3523 pronuntiabat,
2508 3464 2570 3510 etv
2604 3458 2801 3510 mentis
2848 3471 2960 3516 suae
2983 3458 3316 3527 contempla-

1752 3546 1900 3601 tione
1922 3546 2028 3615 qu’a
2057 3545 2335 3601 dormiens
2372 3547 2646 3610 cernebat,
2669 3556 2724 3603 et
2752 3534 2985 3617 Spiritus
3016 3551 3184 3602 sancti
3218 3548 3304 3601 bc-

1752 3637 1913 3707 nigna
1980 3635 2265 3691 efficientia
2335 3652 2445 3707 qua
2496 3638 2678 3704 intus,
2740 3639 3141 3709 “lustrabatur,
3206 3638 3311 3695 Sed

1749 3724 2291 3780 animadvertendum
2314 3737 2399 3780 est
2415 3728 2681 3781 Adamum
2702 3744 2916 3797 quoque
2938 3746 3001 3782 ex
3028 3731 3151 3784 Eva:
3167 3748 3313 3785 cum-

1750 3816 1998 3885 positura
2053 3831 2207 3872 suam
2270 3818 2440 3886 ipsius
2490 3818 2823 3897 intellexisse
2873 3826 3309 3897 agnovisseque:

1751 3921 1875 3960 cum
1904 3908 2048 3961 enim
2084 3923 2178 3976 per
2212 3909 2379 3961 animi
2419 3892 3040 3980 suicontemplationem
3072 3894 3312 3966 intuere-

1751 4006 1838 4051 tur
1858 3996 2171 4053 Creatorem
2206 4014 2330 4053 eum
2364 4000 2457 4069 qui
2506 3999 2668 4053 Evam
2712 4003 2976 4055 condebat
3021 4002 3310 4057 efficiebat-

1749 4103 1874 4157 qne,
1904 4090 2233 4158 agnoscebat
2256 4091 2418 4145 simul
2449 4098 2503 4142 et
2532 4106 2685 4144 suam
2718 4092 2832 4175 ipse
2861 4096 3227 4146 conditionem
3259 4108 3311 4147 et

1747 4192 1869 4229 eum
1899 4178 1991 4246 qui
2022 4192 2080 4231 se
2112 4177 2413 4249 ereavisset
2439 4177 2584 4248 (l8):
2620 4178 2762 4234 sicut
2792 4182 2953 4233 etiam
2982 4183 3155 4249 angeli
3188 4200 3307 4236 cum

1753 4248 2234 4334 viderentaniﬁmas
2250 4270 2445 4325 Adami
2466 4269 2652 4324 etEva:
2679 4286 2707 4323 a
2732 4272 2839 4347 Dio
2865 4273 3032 4325 Cl't'al'i
3060 4276 3308 4347 pneditas

1747 4361 1958 4415 ratione
1999 4369 2050 4414 et
2099 4360 2476 4429 intelligentia,
2536 4369 2591 4414 et
2636 4360 3006 4426 immortales,
3061 4362 3163 4417 hoc
3205 4374 3307 4425 est.

23 4494 37 4505 ,,
92 4462 217 4516 pore
246 4460 301 4505 et
330 4465 514 4507 anuna
541 4453 596 4505 in
626 4452 794 4519 ipsius
820 4451 1012 4508 faciem
1044 4456 1313 4511 illsuﬂlnla
1368 4468 1640 4525 constare,
1674 4451 1721 4507 D
1749 4452 1851 4505 sibi
1878 4449 2117 4515 similes,
2162 4458 2292 4503 tunc
2345 4450 2563 4502 demum
2618 4450 3011 4521 intelligebant,
3053 4468 3159 4521 qua
3205 4455 3305 4522 ipsi

35 4574 41 4581 -
95 4541 310 4596 tninime
336 4553 454 4598 erat
476 4545 839 4599 necessarium
867 4542 1004 4600 idem
1030 4548 1095 4601 de
1119 4547 1223 4603 Eva
1252 4552 1337 4605 hic
1367 4564 1639 4621 repetere;

13 4672 37 4703 ε,
90 4632 273 4699 altera,
288 4635 417 4704 quia
436 4649 558 4689 cum
573 4645 777 4691 costam
793 4649 894 4689 tem
903 4649 1138 4705 perassct
1154 4639 1293 4693 Deus
1309 4641 1464 4695 rebus
1479 4642 1647 4695 omni-

99 4722 196 4777 bus
222 4726 426 4805 quibus
454 4740 589 4794 opus
604 4734 717 4780 erat
753 4726 1255 4797 conformassetque
1285 4731 1337 4783 in
1365 4731 1643 4797 feminam,

88 4815 305 4869 dubium
341 4830 465 4869 esse
488 4831 595 4869 non
637 4820 806 4885 potuit
834 4820 965 4888 quiti
996 4821 1160 4873 simul
1207 4816 1440 4874 animam
1472 4824 1525 4874 in
1560 4822 1645 4890 ip-
1676 4842 1677 4845 η

90 4908 201 4960 sius
223 4906 419 4961 faciem
478 4908 816 4977 inSparasset,
868 4910 1029 4978 idque
1060 4913 1140 4965 vel
1169 4912 1292 4966 hinc
1324 4915 1639 4983 intelligitur

89 4999 229 5065 quod
268 5007 323 5051 et
346 4998 391 5050 si
415 4998 521 5051 alio
544 5000 703 5052 modo
718 5001 884 5053 Adam
915 5002 1020 5055 alio
1046 5003 1153 5056 Eva
1177 5006 1275 5056 orti
1301 5015 1423 5058 sunt
1444 5005 1635 5074 (Adam

91 5091 232 5142 enim
263 5106 329 5143 ex
358 5091 469 5142 luto
491 5088 666 5145 factus
694 5101 795 5155 est,
824 5092 931 5145 Eva
965 5110 1088 5148 vero
1112 5112 1173 5149 ex
1190 5098 1394 5151 Adamn
1420 5084 1642 5151 concin-

87 5192 229 5243 nata,
258 5194 423 5248 atque
440 5181 746 5246 Adam,non
765 5195 1054 5252 generatus
1068 5189 1293 5255 exstitit;
1318 5187 1421 5242 Eva
1439 5205 1562 5244 vero
1579 5205 1643 5245 ex

89 5274 293 5325 Adamn
330 5273 710 5344 cstproducta)
738 5284 912 5330 tamen
934 5280 1468 5348 consimilisprorsus
1484 5283 1643 5338 ambo

22 5406 47 5447 ﬂ,
86 5374 437 5420 enntnatura:
464 5369 687 5437 parique
718 5370 1103 5439 compositione
1120 5375 1347 5427 naturali
1368 5385 1638 5441 constant,

10 5590 37 5639 μὶ

158 5506 202 5537 ’⁸
236 5505 257 5558 ι
286 5508 412 5563 Cor.
445 5526 533 5575 xv,
566 5509 654 5565 5'2.

158 5626 276 5704 (l8)_
303 5627 458 5684 Errat
502 5632 656 5700 plane
696 5631 795 5685 ΒΜ
830 5634 1030 5701 Ceplia,
1064 5652 1181 5688 nam
1216 5638 1522 5704 plenissima
1556 5655 1640 5693 rc.-

8 5684 53 5735 ei’
90 5684 207 5748 rum
253 5684 625 5756 'ltnmana'rum
678 5684 1275 5776 superna'turaliumqne
1344 5711 1645 5776 (‘tlgnjtitltlc

1745 4551 1928 4597 essent
1957 4533 2269 4596 conditione
2298 4550 2508 4595 natura:
2556 4541 2747 4607 creati,
2772 4536 2825 4596 et
2882 4558 2910 4594 a
2941 4557 3049 4610 quo
3093 4544 3303 4611 opifice.

1746 4632 2044 4688 Possumus
2074 4633 2238 4687 etiam
2266 4634 2419 4687 aliter
2444 4632 2603 4688 verba
2640 4633 2729 4685 illa
2753 4649 2765 4684 :
2796 4629 2909 4685 Hac
2938 4635 3042 4685 vice
3073 4650 3150 4698 os,
3172 4645 3302 4696 etc.,

1748 4722 1802 4779 in
1834 4724 2157 4779 sententiam
2192 4725 2531 4794 interpretari
2562 4740 2575 4776 :
2604 4722 2713 4779 Hac
2744 4724 3010 4778 duntaxat
3045 4724 3159 4779 vice
3186 4742 3305 4778 mu-

1752 4818 1851 4870 lier
1885 4816 1956 4869 ita
1981 4814 2267 4879 formatur,
2300 4826 2356 4869 ut
2390 4817 2457 4870 sit
2481 4830 2543 4870 os
2565 4830 2629 4870 ex
2659 4817 2877 4871 ossibus
2901 4816 3035 4870 meis
3056 4855 3070 4881 ,
3099 4826 3151 4870 et
3179 4832 3303 4880 caeo
3362 4876 3365 4877 ν

1749 4920 1816 4958 ex
1856 4918 2020 4957 carne
2065 4919 2225 4969 mea;
2256 4905 2308 4957 in
2350 4916 2627 4973 posterum
2655 4922 2781 4960 vero
2828 4922 2933 4960 non
2994 4908 3073 4959 sic
3102 4905 3305 4958 forma-

1749 4995 1949 5049 buntur
1985 4995 2264 5059 mulieres,
2296 4996 2387 5049 sed
2424 5012 2516 5065 per
2561 4999 2726 5053 maris
2766 5013 2886 5052 cum
2937 4997 3138 5052 femina
3171 5012 3299 5050 con-

1750 5086 1972 5139 nubiutn
2005 5087 2451 5153 procreabuntur.
2483 5090 2605 5142 ch
2639 5090 2907 5143 vocabitur
2938 5092 3149 5153 mulier,
3179 5091 3300 5158 quin

1748 5190 1775 5227 e
1812 5179 1919 5227 eiro
1943 5187 2156 5243 accepta
2183 5188 2281 5229 est.
2312 5174 2537 5232 Videtur
2566 5180 2778 5249 quidem
2808 5182 2920 5235 haec
2952 5182 3125 5235 oratio
3158 5183 3299 5233 hunc

1748 5282 1859 5337 prae
1899 5284 1957 5322 se
2005 5268 2147 5322 ferre
2184 5284 2427 5333 sensum,
2484 5272 2627 5340 quod
2680 5272 2799 5325 idco
2832 5273 2975 5327 dicta
3008 5274 3076 5325 sit
3106 5272 3299 5323 mulier

1748 5364 1872 5431 quia
1906 5377 1971 5416 ex
1999 5364 2111 5415 viro
2138 5372 2353 5431 sumpta
2385 5374 2488 5428 est,
2547 5354 2669 5418 cum
2710 5375 2884 5419 tamen
2916 5375 3129 5435 propter
3170 5363 3298 5430 legi-
3361 5392 3379 5405 ρ

1752 5636 2135 5711 (ιιιᾳμίιιὼυιιιε
2164 5636 2263 5691 fuit
2307 5639 2477 5692 Adam
2510 5651 2650 5692 recte
2679 5641 2939 5711 originem
2983 5657 3093 5695 sum
3129 5643 3293 5695 novit.

1754 5714 1815 5762 ὃ.
1844 5707 2102 5775 Ἠιοωειδ,
2136 5725 2150 5761 ι
2187 5720 2325 5779 part.
2356 5726 2410 5779 q.
2440 5711 2525 5775 99,
2552 5720 2651 5761 art.
2679 5711 2734 5763 5.

3408 5691 3437 5720 θ
