3982 6346
582 327 688 390 5ιῖ

1871 319 2103 380 110518
2147 304 2295 378 nim
2340 314 2581 375 caena

3742 317 3834 382 553

584 439 782 504 timum
805 449 930 492 cum
955 436 1072 491 viro
1095 434 1408 504 coniugium
1443 433 1638 488 mulier
1657 429 2092 502 apelletur.Nant
2115 429 2158 483 si
2188 431 2238 488 Α
2266 424 2467 479 divinis
2522 420 2946 478 t-evclationibus
2978 414 3383 494 pronuntiasse.
3424 424 3559 481 Nam
3591 427 3684 482 illa
3724 431 3834 500 ipsa

584 529 709 584 inde
741 527 888 598 quod
946 537 1160 596 sumpta
1213 524 1287 580 sit
1328 539 1398 580 ex
1434 525 1576 587 viro,
1625 522 1730 577 hoc
1767 522 2006 577 nominis
2041 536 2164 576 sor-

581 621 758 674 tiatur
792 619 952 689 plane
995 627 1091 672 aut
1118 627 1346 672 exteras
1392 615 1644 670 mulieres
1699 628 1894 670 omnes
1936 629 2000 670 ex
2047 613 2166 668 suis

585 712 802 768 mat-itis
825 720 1076 780 acceptas
1108 709 1267 764 fateri
1289 709 1582 780 oportebit,
1610 717 1704 763 aut
1733 723 1919 762 earum
1959 706 2164 760 nullam

587 807 842 863 mulieris
864 805 1088 858 nomine
1110 804 1327 874 dignam
1350 817 1488 856 esse.
1517 802 1669 878 Quod
1693 813 1875 856 autem
1902 799 2168 878 vocabulo

587 888 822 954 fetutinas
877 909 1259 964 nuncupemus
1304 893 1376 948 ob
1425 876 1700 962 legitimas
1751 907 1873 948 cum
1926 876 2168 946 maribus

589 987 832 1057 nuptias,
857 985 973 1056 ipse
1015 1001 1113 1040 nos
1152 1000 1286 1040 usus
1323 985 1484 1040 docet
1507 1002 1612 1054 quo
1643 1000 1739 1040 eas
1783 985 2169 1038 consuevimus

585 1079 734 1136 solas
787 1077 872 1132 sic
916 1077 1191 1146 appellare
1240 1077 1442 1145 quibus
1505 1076 1805 1147 legitimum
1863 1076 2170 1131 intercessit

585 1187 712 1226 cum
745 1171 880 1225 viris
913 1169 1348 1224 matrintonium.
1388 1167 1530 1233 Quin
1578 1169 1736 1224 divus
1779 1165 1980 1222 Paulus
2025 1183 2173 1236 quo-

587 1278 698 1332 que
731 1263 820 1317 ubi
856 1261 1122 1331 virginem
1152 1261 1388 1316 secernit
1418 1275 1447 1314 a
1479 1259 1732 1326 muliere,
1780 1257 2022 1316 ostendit
2046 1274 2170 1314 eam

588 1372 712 1426 quae
743 1370 850 1410 non
885 1367 968 1410 est
1001 1354 1302 1409 secundum
1336 1350 1504 1422 legem
1540 1361 1708 1416 nupta
1742 1354 1859 1407 viro
1882 1353 2168 1408 mulierem

585 1449 766 1503 vorari
806 1464 915 1502 non
964 1457 1214 1518 oportere
1269 1446 1339 1507 π,
1402 1446 1496 1502 sed
1579 1462 1698 1500 eam
1754 1462 1877 1516 qua:
1915 1445 2173 1515 legitimis

589 1539 799 1609 nuptiis
851 1555 976 1594 cum
1031 1539 1150 1592 viro
1214 1539 1420 1593 sociata
1451 1539 1546 1594 sit.
1605 1538 2020 1605 Insuper,lianc
2051 1551 2174 1593 esse

586 1629 809 1682 illorum
860 1629 1148 1681 verborum
1210 1624 1564 1691 sententiam,
1620 1626 1794 1694 ipsius
1826 1625 2016 1679 Adami
2053 1639 2174 1694 qua:

586 1721 1003 1788 subsequuntur
1044 1720 1213 1774 verba
1278 1726 1556 1788 arguunt:
1597 1717 1884 1788 Propterea
1918 1718 2173 1790 relinquet

587 1813 667 1864 vir
685 1819 888 1880 patrent
913 1827 1067 1864 suam
1084 1819 1134 1863 et
1155 1819 1399 1873 matrem,
1419 1819 1469 1862 et
1489 1808 1780 1864 adhterebt't
1805 1808 2016 1862 mulieri
2035 1825 2165 1862 stite.

588 1903 733 1958 Nam
778 1903 886 1958 nisi
938 1903 1180 1973 legitimo
1233 1902 1547 1977 nuptiarum
1604 1901 1824 1955 vinculo
1874 1901 2168 1971 conjuncta

589 1996 789 2052 fuisset
821 1995 926 2051 sibi
983 2009 1084 2050 sua
1137 1993 1552 2063 femina,.plane
1590 2008 1701 2048 non
1753 2002 2000 2048 vocasset
2050 2009 2169 2048 eam

590 2103 749 2145 suam
784 2088 1066 2143 mulierem
1102 2087 1217 2142 sive
1247 2102 1496 2141 uxorem.
1531 2087 1773 2156 Denique
1797 2081 1929 2142 sunt
1951 2087 2172 2156 quidam

590 2182 977 2251 interpretum,
1036 2179 1154 2251 qui,
1209 2179 1358 2244 ltto,
1409 2179 1515 2234 hoc
1565 2190 1671 2246 est,
1719 2180 2004 2235 mulierem
2059 2181 2174 2235 sive

593 2289 822 2329 uxorem
849 2282 1095 2327 vocatam
1116 2273 1336 2326 tradant
1352 2271 1496 2341 illam
1523 2271 1623 2325 hoc
1639 2281 1822 2342 etymo
1843 2287 1858 2333 ;
1879 2272 2033 2339 quasi
2057 2271 2174 2340 ipsa

589 2371 662 2422 ad
699 2368 959 2421 maritum
987 2381 1148 2422 suum
1182 2365 1420 2420 dixerit:
1445 2365 1577 2419 Atta
1614 2363 1690 2419 Ta
1717 2362 1908 2428 laedi,
1942 2365 2046 2418 hoc
2071 2370 2174 2428 est,

597 2470 653 2513 tu
681 2458 868 2514 accede
894 2465 963 2511 ad
994 2475 1096 2521 nte,
1121 2457 1380 2511 nimirum
1416 2457 1459 2512 si
1486 2457 1622 2512 velis
1645 2457 1782 2511 mihi
1825 2457 1924 2510 rite
1953 2456 2174 2521 sociari,

593 2560 858 2622 paterque
889 2551 1185 2605 liberorum
1241 2549 1354 2606 fieri
1401 2551 1760 2606 conservandi
1806 2551 2020 2618 generis
2063 2549 2178 2604 bu-

593 2643 744 2711 maui
783 2636 978 2714 gratia.
1024 2640 1328 2696 Conficitur
1384 2643 1569 2712 itaque
1615 2642 1698 2697 bis
1746 2642 2022 2706 omnibus,
2053 2643 2176 2697 ideo

597 2735 768 2788 Evam
804 2734 1007 2788 dictam
1024 2749 1146 2790 esse
1173 2731 1306 2800 Itto,
1333 2733 1438 2788 hoc
1464 2742 1568 2798 est,
1597 2733 1879 2788 mulierem
1906 2733 2022 2788 sive
2045 2749 2179 2805 nxoo

596 2841 739 2890 rem,
762 2825 889 2894 quia
915 2826 1031 2896 lege
1061 2825 1180 2878 viro
1205 2823 1495 2893 conjuncta
1516 2833 1656 2888 erat,
1680 2838 1981 2893 omnesque
2002 2839 2066 2877 ac
2088 2837 2184 2877 so-

598 2917 683 2972 lus
702 2918 937 2972 feminas
952 2919 1056 2970 rite
1075 2925 1273 2986 nuptas
1301 2917 1394 2971 illo
1426 2914 1645 2969 nomine
1657 2915 1850 2985 dignas
1861 2929 2002 2978 esse,
2020 2923 2183 2985 atque

604 3012 663 3066 in
719 3027 839 3064 eam
891 3012 1219 3065 sententiam
1266 3009 1461 3063 Adami
1509 3009 1674 3063 verba
1721 3009 1814 3063 illa
1854 3022 1979 3064 esse
2006 3007 2180 3078 expli-

2265 511 2523 569 Cltristus
2553 512 2610 567 in
2647 512 2942 582 Evangelio
2959 513 3114 584 quasi
3146 529 3212 569 ex
3267 513 3362 569 Dei
3401 516 3580 572 Patris
3605 533 3835 588 persona

2265 605 2410 659 dicta
2436 603 2642 674 profert
2674 604 2718 636 ”
2747 622 2761 659 :
2786 605 3632 676 quandoquidem,pr0plietarum
3660 611 3834 676 verba,

2268 698 2373 751 etsi
2417 712 2483 752 ex
2535 698 2778 766 ipsorum
2822 697 3012 752 oribus
3059 699 3413 767 emanarint,
3465 710 3648 757 tamen
3689 713 3748 758 ut
3774 705 3836 758 ab

2271 790 2390 858 ipso
2433 789 2542 844 Deo
2573 789 2923 857 pronuntiata
2969 789 3299 858 accipimus;
3359 790 3452 846 Dei
3492 795 3640 847 enim
3675 797 3841 863 ipsius

2269 895 2494 950 organa,
2537 882 2821 951 propheta:
2870 881 3103 935 habendi
3153 891 3302 938 sunt.
3352 881 3622 938 Caeterum
3675 887 3842 954 quaeri

2270 983 2462 1042 potest,
2482 989 2593 1028 'cur
2617 977 2680 1029 de
2708 975 2826 1028 viro
2844 975 2988 1029 dicat
3018 973 3321 1044 Scriptura,
3354 979 3498 1046 quod
3531 979 3845 1047 relinquere

2241 1068 2463 1136 debeat
2529 1078 2736 1142 patrem
2780 1079 3137 1137 matremque,
3191 1076 3246 1122 et
3297 1069 3576 1124 adhaerere
3644 1074 3843 1126 uxori:

2269 1160 2494 1228 quando
2525 1161 2656 1230 ipsae
2686 1160 2869 1230 potius
2905 1161 3181 1225 mulieres,
3214 1171 3383 1227 patre,
3419 1177 3484 1217 ac
3512 1172 3690 1216 matre
3713 1204 3729 1227 ,
3761 1163 3849 1217 fa-

2273 1251 2531 1321 miliaque
2554 1289 2569 1315 ,
2593 1267 2655 1306 ac
2679 1251 2839 1306 rebus
2854 1242 2968 1307 suis
2986 1253 3239 1307 omnibus
3257 1254 3479 1318 relictis,
3505 1255 3571 1308 ad
3589 1259 3738 1310 viros
3756 1270 3854 1310 ac-

2272 1346 2466 1398 cedunt
2526 1344 2766 1413 ipsisque
2797 1344 3098 1403 adhaerent.
3141 1343 3220 1397 Ad
3268 1346 3371 1400 hoc
3409 1348 3850 1416 respondendum

2270 1445 2374 1499 est,
2410 1433 2595 1488 multis
2637 1433 2690 1488 id
2747 1434 3052 1488 rationibus
3091 1432 3209 1489 ﬁeri
3247 1451 3260 1487 :
3294 1444 3347 1489 et
3377 1435 3507 1504 quia
3545 1425 3854 1490 \ir'mulie-

2274 1526 2352 1581 ris
2382 1536 2546 1595 caput
2573 1534 2677 1590 est,
2709 1537 2762 1581 et
2800 1528 2926 1596 Quia
2966 1525 3052 1581 ille
3081 1542 3174 1596 per
3207 1508 3519 1596 coniugium
3551 1529 3684 1582 liber
3720 1530 3843 1598 pri-

2275 1632 2423 1670 mum
2479 1617 2660 1672 evadit
2705 1617 3053 1688 solviturque
3093 1620 3263 1688 patria
3296 1626 3563 1688 potestate
3625 1620 3680 1674 itt
3742 1635 3854 1688 qua

2278 1712 2542 1781 tantisper
2607 1721 2729 1766 erat
2787 1713 2917 1766 dum
2973 1727 3195 1766 uxorem
3261 1713 3484 1767 duceret
3526 1727 3637 1775 :ea
3698 1719 3854 1774 enim

2206 1770 2247 1827 Β
2275 1770 2585 1873 ducta-ipse
2633 1803 2690 1858 lit
2726 1803 3134 1873 paterfamilias.
3174 1801 3237 1858 Et
3263 1805 3388 1874 quia
3429 1821 3536 1858 non
3569 1770 3854 1873 parentem

2272 1911 2393 1950 esse
2421 1896 2515 1950 sed
2543 1911 2772 1966 corpora
2802 1896 3326 1966 miscere,.tempore
3357 1898 3506 1966 prius
3529 1907 3644 1962 est;
3668 1913 3859 1968 neque

2273 1985 2419 2038 enim
2439 1985 2566 2052 quia
2598 1992 2853 2052 parentes
2889 1993 3042 2048 sunt,
3073 1997 3269 2038 venere
3307 1995 3556 2049 utuntur,
3592 1986 3685 2039 sed
3725 1991 3859 2054 quia

2276 2075 2376 2130 hac
2405 2075 2489 2129 usi
2528 2085 2657 2128 sunt
2711 2084 2966 2144 parentes
3012 2076 3169 2128 llum.
3226 2075 3361 2128 Nam
3409 2076 3578 2130 Adam
3635 2070 3691 2131 et
3752 2077 3860 2131 Eia

2280 2168 2595 2237 priusquam
2631 2167 2842 2220 mutuis
2898 2166 3238 2237 amplexibus
3285 2167 3585 2222 consociati
3641 2180 3857 2232 essent,

2277 2254 2696 2329 haudquaquam
2767 2269 3024 2328 parentes
3083 2260 3441 2325 dicebantur,
3502 2275 3692 2315 verum
3752 2264 3856 2312 ubi

2276 2351 2554 2408 connubio
2584 2353 2942 2407 colitesissent
2997 2352 3246 2421 ﬁliosque
3296 2364 3703 2422 procreasscnt,
3742 2362 3860 2406 tum

2277 2444 2496 2498 demum
2548 2453 2807 2514 parentes
2854 2452 2981 2498 sunt
3031 2444 3226 2497 merito
3259 2423 3658 2513 cognominati:
3685 2443 3804 2498 Por
3832 2461 3864 2494 ο

2280 2546 2629 2604 posteaquam
2704 2536 2770 2588 de
2807 2534 3026 2589 condita
3085 2532 3194 2587 Eva
3257 2534 3472 2588 locutus
3513 2544 3594 2588 est
3649 2535 3864 2596 Moses,

2277 2627 2523 2695 procedit
2551 2627 2618 2680 ad
2651 2627 3030 2696 explicandum
3079 2627 3351 2695 quomodo
3399 2627 3563 2680 vitam
3609 2629 3804 2697 agitav
3838 2652 3866 2671 ο

2280 2719 2390 2772 rint
2425 2716 2766 2786 suam‘primi
2793 2727 3045 2786 parentes
3069 2718 3154 2772 bis
3179 2718 3397 2784 verbis;
3432 2716 3500 2770 Et
3524 2728 3668 2770 erant
3704 2718 3866 2771 crabo

2281 2810 2621 2875 ttttdi,Atlant
2648 2820 2696 2865 et
2729 2827 2864 2864 uxor
2891 2813 3079 2880 ipsius,
3106 2828 3266 2881 neque
3289 2811 3515 2880 pudebat
3549 2814 3718 2880 ipsos.
3757 2811 3867 2865 Sed

2283 2914 2382 2953 cur
2399 2913 2506 2952 non
2532 2898 2795 2968 pudebat?
2821 2895 2939 2952 Non
2978 2897 3224 2969 profectu
3262 2900 3388 2969 quia
3416 2900 3624 2969 pueruli
3648 2912 3872 2965 essent,

2283 2998 2379 3044 aut
2414 2990 2542 3059 quia
2585 2989 2791 3044 rustica
2838 2990 3185 3060 simplicitate
3232 3000 3395 3060 atque
3447 2990 3870 3060 imprudentia;

605 3101 809 3166 cauda,
858 3103 1213 3172 quantumvis
1257 3102 1418 3155 aliam
1466 3116 1579 3170 prte
1606 3117 1666 3156 se
1720 3099 1917 3155 ferant.
1946 3100 2179 3154 Verum-
2207 3113 2253 3176 ρ
2286 3078 2437 3135 me”
2460 3080 2604 3176 θξιίτη
2637 3096 2668 3133 ³
2701 3080 2813 3135 θθο
2834 3080 3197 3176 εσεξιξπιθῑεῖ
3222 3078 3473 3176 “feni”:
3509 3082 3869 3176 Μξῐξξθυετίηι

601 3195 884 3248 enimvero
918 3203 1044 3246 sunt
1084 3192 1177 3254 qui
1205 3190 1410 3255 dicant,
1443 3194 1550 3244 duo
1587 3190 1692 3244 ista
1728 3188 1972 3252 nomina,
2001 3188 2102 3242 viri
2131 3197 2186 3242 et

602 3285 875 3347 mulieris.
903 3286 1048 3339 inter
1069 3300 1126 3338 se
1144 3284 1440 3338 convenire
1468 3283 1520 3338 itt
1541 3283 1728 3352 lingua
1750 3279 1996 3345 Hebraea,
2021 3295 2183 3350 quam

603 3379 762 3451 Syra,
795 3385 891 3432 aut
919 3376 1131 3442 Graeca,
1166 3385 1260 3429 aut
1311 3375 1668 3438 Armeniaca,
1691 3384 1784 3428 aut
1815 3371 2049 3444 denique
2082 3372 2185 3427 alia

605 3472 820 3544 quavis.
879 3468 937 3524 in
987 3469 1078 3524 illa
1131 3468 1275 3522 enim
1328 3469 1540 3531 tirumt,
1580 3466 1675 3530 Is:
1712 3466 2018 3530 mulierem,
2068 3463 2187 3519 Issit

607 3564 908 3627 enuntiari,
937 3562 1082 3632 quod
1115 3562 1339 3630 perinde
1392 3571 1477 3615 est
1504 3575 1568 3615 ac
1604 3559 1652 3615 si
1682 3558 1876 3630 Syrus,
1902 3567 1962 3612 ut
1989 3559 2186 3620 virum.

609 3655 810 3716 cura.
829 3658 901 3710 ita
920 3657 1200 3710 mulierem
1225 3653 1442 3708 Gabirto
1460 3663 1613 3708 vocet
1637 3653 1850 3724 (l9),de
1866 3667 1971 3722 qua
1994 3668 2049 3706 re
2069 3667 2188 3717 nos,

606 3749 828 3803 volente
848 3747 977 3808 Deo,
998 3747 1194 3801 dicturi
1214 3760 1408 3799 sumus
1424 3746 1477 3798 in
1503 3761 1566 3799 eo
1583 3743 2008 3808 Commentario,
2027 3756 2187 3812 quem

609 3841 853 3897 st-ribere
877 3839 1266 3894 constituimus
1301 3837 1355 3890 in
1388 3836 1598 3906 reliqua
1632 3834 1752 3889 libri
1787 3835 2062 3889 Genvscos
2099 3849 2189 3888 ca-

609 3935 744 4004 pita,
778 3931 821 3986 si
849 3933 956 3984 vita
984 3932 1225 4000 superet,
1254 3929 1377 4003 erit.
1397 3928 1542 3982 enim
1583 3926 1703 3996 ejus
1733 3927 2024 3981 tractandae
2053 3939 2189 3980 con-

611 4041 784 4096 gruus
818 4022 1099 4078 locusubi
1129 4021 1195 4074 ad
1224 4020 1314 4075 illa
1354 4019 1519 4073 verba
1552 4026 1870 4087 perventum
1895 4017 2057 4071 luerit
2083 4035 2096 4070 :
2122 4015 2192 4068 Et

611 4125 725 4169 erat
749 4108 923 4168 'omnis
974 4123 1115 4164 terra
1146 4113 1338 4178 lingua:
1371 4109 1529 4162 unius
1550 4118 1598 4160 et
1643 4107 1899 4162 sermonis
1925 4107 2181 4174 ejusdem.

615 4207 746 4262 Ideo
788 4206 1044 4274 relinquet
1072 4205 1151 4255 air
1193 4211 1394 4270 patrem
1422 4215 1572 4253 suam
1605 4208 1652 4251 et
1682 4208 1899 4250 matrem
1929 4212 2102 4262 sitam,
2141 4205 2192 4251 et

612 4296 1077 4369 adhwt'ebitusori
1117 4295 1255 4362 (sive
1278 4290 1512 4353 mulieri)
1542 4305 1673 4343 attat.
1699 4286 1815 4342 Jatn
1847 4289 2105 4352 diximus,
2127 4303 2190 4341 ex

612 4393 699 4448 his
727 4392 904 4458 verbis
938 4389 1094 4444 facile
1121 4385 1370 4456 intelligi,
1399 4385 1646 4439 mulieris
1667 4396 1860 4437 nomen
1885 4395 1915 4434 a
1953 4381 2191 4449 legitima

2288 3179 2342 3225 et
2368 3171 2677 3240 prudentes,
2709 3185 2816 3225 non
2847 3171 3027 3225 stolidi
3055 3181 3147 3226 aut
3176 3171 3466 3236 inurbani;
3492 3173 3584 3227 sed
3608 3172 3736 3226 ideo
3760 3188 3870 3243 pu-

2288 3263 2421 3317 dore
2444 3276 2562 3316 .non
2595 3261 2970 3317 aﬂlniebantur
2995 3263 3061 3317 de
3093 3277 3192 3318 sua
3215 3263 3479 3329 nuditate,
3511 3265 3639 3332 quia
3675 3265 3870 3319 adhuc

2289 3367 2398 3406 non
2433 3361 2724 3421 peccarant
2753 3366 2929 3422 sreque
2953 3351 3316 3422 deliquerant,
3349 3367 3522 3422 eoque
3555 3354 3705 3406 nulla
3743 3356 3870 3408 ani-

2289 3459 2440 3506 mum
2470 3446 2728 3513 cogitatio
2782 3445 3002 3498 subibat
3056 3460 3176 3500 esse
3233 3445 3470 3514 aliquam
3522 3447 3574 3500 in
3615 3449 3872 3502 nuditate

2287 3536 2527 3605 culpam.
2576 3535 2843 3591 Praeterea
2891 3536 3072 3591 amicti
3121 3545 3277 3590 erant
3333 3537 3530 3608 gloria,
3576 3549 3748 3607 atque
3782 3540 3873 3593 id-

2290 3629 2439 3683 circo
2495 3643 2604 3682 non
2655 3629 3162 3684 verecundabantur
3219 3645 3236 3683 :
3284 3631 3428 3684 sicut
3493 3631 3637 3684 enim
3698 3630 3876 3687 Hosis

2291 3719 2489 3776 faciem
2548 3720 2719 3792 gloria
2774 3730 3079 3776 contectam
3139 3720 3340 3776 intueri
3403 3736 3510 3776 non
3563 3734 3873 3792 potuerunt

2290 3813 2551 3867 Israelita:
2567 3811 2638 3879 ”,
2654 3822 2708 3867 et
2726 3820 2784 3866 ut
2801 3812 2853 3866 in
2878 3813 3045 3867 solem
3065 3812 3198 3868 stola
3217 3813 3398 3881 gloriae
3420 3816 3670 3866 vestitum
3702 3829 3826 3868 mor
3841 3845 3872 3855 -

2293 3900 2427 3959 tales
2450 3905 2733 3960 oculorum
2761 3905 2929 3959 aciem
2957 3906 3236 3959 intendere
3263 3915 3565 3973 nequeunt;
3599 3917 3872 3975 praeterea

2292 4008 2353 4052 ut
2387 4013 2590 4066 corpus
2625 3998 2840 4050 Domini
2896 4007 3212 4066 coopertum
3248 3998 3444 4067 gloria,
3475 4000 3641 4052 solem
3679 4000 3870 4069 ipsum

2294 4089 2505 4158 fulgore
2527 4089 2869 4156 candoreque
2892 4089 3182 4155 superabat
3205 4101 3326 4139 cum
3354 4090 3406 4140 in
3433 4097 3667 4142 montem
3697 4105 3758 4144 se
3781 4107 3870 4144 τε-

2293 4182 2528 4250 εερίεευι
2569 4181 2940 4253 “"Ldenique
2969 4190 3028 4234 ut
3056 4181 3224 4248 ipsius
3249 4180 3548 4234 divinitatis
3573 4183 3870 4237 vestimen-

2296 4282 2404 4326 tum
2431 4273 2719 4341 spectabile
2753 4287 2858 4325 non
2891 4282 2971 4325 est
2999 4289 3012 4330 :
3045 4273 3117 4324 ita
3137 4272 3305 4324 Adam
3342 4272 3554 4340 Evaque
3573 4274 3702 4338 quia
3738 4291 3865 4328 ves-

2297 4363 2382 4415 titi
2407 4348 2560 4415 erant
2585 4362 2773 4430 gloria,
2794 4361 3471 4430 niltiljverecundabantur.
3491 4362 3623 4417 Nam
3645 4367 3865 4422 nudius

621 4484 1013 4553 conjunctione
1035 4495 1144 4550 qua
1176 4478 1294 4532 viro
1325 4477 1564 4533 sociatur
1587 4515 1602 4540 ,
1639 4475 1845 4530 dictum
1866 4478 2027 4528 'esse.
2059 4472 2180 4527 Nam

2296 4467 2357 4508 ea
2386 4451 2453 4505 de
2484 4468 2590 4520 qua
2629 4454 2714 4506 hic
2776 4451 2953 4507 Moses
2985 4455 3214 4522 agit,,ad
3265 4462 3466 4507 vestem
3499 4465 3708 4523 spectat
3758 4474 3862 4510 non

618 4592 686 4630 eo
717 4584 930 4643 spectat
954 4573 1100 4644 quod
1139 4570 1226 4624 hic
1279 4568 1433 4634 dicit,
1472 4569 1648 4622 virum
1698 4567 1770 4620 ita
1827 4565 2041 4618 mulieri
2076 4579 2202 4617 mtt-

616 4678 774 4724 tuum
813 4669 1090 4722 cohaerere
1115 4663 1337 4727 debere,
1375 4671 1435 4715 ut
1465 4671 1674 4729 patrem
1709 4666 2049 4726 matremque
2088 4655 2189 4710 sibi

618 4777 731 4831 pra:
780 4759 868 4812 illa
901 4753 1234 4812 deserendus
1289 4760 1515 4806 statuat.
1566 4741 1634 4802 Et
1671 4755 1825 4802 erant
1867 4746 2023 4800 ambo
2068 4759 2192 4798 caro

616 4869 747 4907 una.
780 4848 964 4905 Multis
996 4849 1171 4902 modis
1199 4848 1282 4901 vir
1311 4854 1365 4900 et
1400 4857 1538 4898 uxor
1577 4857 1684 4896 una
1711 4854 1841 4895 caro
1863 4848 2186 4893 censentur:

615 4959 714 5015 per
741 4940 984 5010 conjugii
1011 4935 1495 5000 necessitudinem,
1523 4945 1622 5001 per
1651 4930 1898 4984 subolem
1923 4927 2191 4981 ambobus

618 5047 1005 5098 communem;
1031 5032 1266 5098 denique
1283 5040 1348 5080 eo
1366 5025 1531 5080 etiau.
1561 5023 1706 5094 quod
1730 5021 1968 5091 parentis
1990 5021 2194 5089 filiique

620 5127 762 5181 ratio
793 5142 858 5180 es
892 5125 1011 5194 ipsa
1061 5119 1297 5176 muliere
1334 5117 1566 5190 pendeat
1601 5124 1766 5184 atque
1789 5128 1854 5166 ex
1901 5128 1961 5167 ea
1990 5112 2196 5167 consti-

621 5227 830 5282 tuatur,
848 5224 1115 5287 quantum
1140 5212 1206 5267 ad
1244 5212 1354 5281 ipsa
1380 5222 1606 5278 corpora
1638 5219 1759 5277 quae
1777 5204 2194 5274 progignuntur,

619 5311 888 5384 pertinet.
919 5306 997 5362 Ex
1028 5304 1308 5361 connubio
1339 5302 1486 5356 enim
1523 5299 1623 5354 viri
1670 5297 2024 5365 mulierisque
2055 5295 2112 5348 ﬁt
2140 5303 2196 5346 ut

627 5397 906 5466 concipiat
945 5394 1237 5466 pariatque
1289 5391 1486 5446 mulier
1519 5407 1533 5444 :
1564 5389 1673 5458 jam
1704 5402 1833 5441 vero
1879 5401 1974 5456 per
2003 5399 2196 5439 conce-

625 5500 775 5563 ptum
811 5502 1139 5561 partumque
1168 5495 1424 5558 parentes
1459 5494 1514 5541 et
1541 5482 1633 5537 ﬁlii
1673 5481 1998 5536 elliciuntur.
2027 5478 2196 5531 Porro

621 5594 831 5638 eertum
864 5590 968 5648 est,
1002 5583 1268 5636 Adamum
1307 5577 1421 5631 ltzec
1446 5575 1609 5630 verba
1642 5589 1735 5644 per
1767 5570 2081 5628 vaticinium
2123 5583 2189 5624 ex

697 5723 742 5754 "’
771 5720 789 5774 I
817 5721 943 5776 Cor.
975 5734 1070 5778 νη.
1108 5717 1130 5770 l
1179 5730 1333 5785 seqq.
1405 5713 1454 5748 ⁸⁸
1485 5712 1673 5768 Matth.
1703 5727 1792 5768 an
1820 5750 1835 5776 ,
1866 5709 1920 5774 ι,
1957 5708 2010 5761 5.
2085 5709 2130 5739 "
2162 5703 2329 5758 Exod.
2373 5717 2550 5766 xxxiv,
2576 5702 2666 5756 29.

2296 4546 2424 4600 item
2466 4548 2530 4599 ad
2587 4547 2813 4615 gloriam
2864 4560 2971 4614 qua
3028 4546 3192 4597 etiam
3259 4554 3371 4596 tum
3411 4548 3644 4599 contecti
3678 4555 3859 4600 erant.

2297 4638 2523 4706 Insuper
2583 4646 2666 4690 est
2727 4636 2816 4689 ubi
2894 4636 3108 4689 nuditas
3179 4635 3399 4703 pudoris
3489 4649 3714 4690 scttsum
3767 4654 3862 4707 ge-

2301 4738 2494 4793 neret;
2525 4738 2610 4782 est
2660 4727 2826 4781 etiam
2879 4727 2968 4778 ubi
3023 4724 3170 4778 nulla
3222 4725 3561 4778 verecundiae
3606 4727 3864 4796 cogitatio

2299 4822 2544 4874 animum
2579 4821 2648 4873 ob
2676 4820 2971 4872 nuditatem
3001 4819 3212 4873 subeat.
3243 4818 3391 4880 Illius
3430 4820 3739 4886 exemplum
3773 4819 3862 4872 ba-

2300 4914 2493 4967 bemus
2523 4914 2576 4964 itt
2608 4912 2817 4964 Adamo
2857 4920 3019 4979 atque
3053 4909 3292 4978 Eva,qui
3341 4918 3697 4981 posteaquam
3732 4908 3862 4963 dili-

2299 5008 2567 5076 quissent,
2591 5005 2975 5060 existimabant
2997 5019 3150 5057 suam
3177 5003 3280 5056 sibi
3338 5002 3634 5056 nuditatem
3665 5003 3862 5072 pudori

2302 5114 2422 5153 esse
2437 5097 2636 5151 debere
2659 5113 2674 5161 ;
2700 5097 2860 5166 hujus
2882 5112 3008 5150 vero
3035 5096 3086 5147 itt
3123 5093 3381 5164 puerulis,
3399 5108 3540 5162 quos
3553 5093 3681 5146 nihil
3699 5097 3863 5162 pudet

2299 5202 2422 5242 esse
2459 5188 2667 5252 nudos;
2708 5188 2847 5240 idem
2901 5185 3116 5249 accidit,
3177 5199 3302 5238 cum
3335 5198 3419 5237 res
3458 5183 3575 5250 ipsa
3605 5187 3860 5249 pudonm

2305 5280 2359 5334 in
2390 5296 2450 5335 se
2501 5278 2704 5332 nullum
2765 5278 2946 5343 habet,
2995 5275 3159 5328 Veluti
3199 5288 3323 5330 eum
3367 5273 3492 5342 quis
3535 5279 3770 5331 secreto,
3811 5279 3862 5322 et

2303 5375 2508 5442 absque
2558 5370 2808 5431 testibus,
2859 5365 3179 5423 sevestibus
3207 5365 3353 5419 exuit
3390 5379 3406 5429 ;
3461 5360 3522 5415 ιιι
3564 5361 3665 5414 hoc
3703 5361 3860 5414 etiam

2303 5469 2462 5538 longa
2502 5464 2897 5521 consuetudine
2939 5460 3222 5531 magistra.
3263 5457 3413 5538 sicut
3449 5455 3519 5510 iis
3566 5453 3750 5507 evenit
3775 5450 3860 5520 qui

2310 5561 2529 5616 assidue
2564 5561 2616 5614 in
2645 5557 2853 5613 balneis
2886 5555 3012 5610 nudi
3061 5560 3367 5608 versantur.
3401 5545 3642 5617 Denique
3664 5543 3758 5597 ubi
3791 5548 3860 5600 rei

2767 5699 2858 5730 ¹·⁶⁹
2879 5693 3269 5761 Matth..xvtt,l
3308 5702 3461 5758 seqq-

704 5815 822 5882 (l9)
853 5809 947 5872 Vel
976 5812 1020 5871 si
1055 5809 1284 5869 Latinus
1314 5809 1497 5868 virum
1539 5806 1686 5865 dicat
1731 5802 2044 5868 hominem;
2085 5800 2370 5856 mulierem
2404 5811 2552 5862 vero,
2588 5793 2888 5851 hominem.
