3982 6346
116 306 204 374 529
997 363 1004 370 ,
1176 291 1272 351 ΟΕ
1315 287 1631 351 PARADlS

1749 309 1813 318 -
1859 282 2046 340 PARS
2088 281 2130 338 ῐ.

3168 264 3272 325 550

113 411 367 470 necessitas
398 404 638 477 quaedam
705 399 987 464 incumbit,
1018 397 1181 454 veluti
1206 398 1249 452 si
1281 395 1405 466 quis
1442 393 1618 447 ulcere
1650 399 1690 453 Α
1723 409 1804 464 ιω
1840 418 1999 467 essm.
2057 415 2216 475 atque
2273 403 2395 457 inde
2452 407 2665 470 captam
2689 397 2902 452 fama;
2957 405 3282 462 argmqu

109 505 282 558 laboret
310 501 356 553 in
385 513 444 550 ea
476 493 723 560 corporis
755 499 905 561 parte
949 496 1109 558 quam
1160 486 1360 556 alioqui
1415 479 1619 549 absque

109 595 286 666 pudore
311 605 410 643 non
436 592 672 652 relegat;
700 582 811 653 ipsa
838 592 1014 637 tamen
1032 579 1351 633 necessitate
1373 575 1617 636 adactus,

106 661 206 739 eam
245 687 394 734 exuto
436 673 661 741 pudore,
705 671 909 726 medico
949 669 1139 738 aperit.
1181 665 1324 730 Quas
1364 662 1523 731 igitur
1549 661 1619 713 oh

107 791 178 828 res
203 786 298 825 non
336 763 832 820 verecundahantnr
866 761 1034 813 Adam
1058 767 1111 809 et
1145 757 1250 808 Eva
1280 769 1401 807 cum
1440 760 1624 806 essent

102 864 238 928 nudi;
272 870 319 913 et
353 858 472 927 quia
521 856 700 910 amicti
755 861 907 906 erant
947 850 1137 917 gloria,
1185 856 1240 901 et
1265 846 1394 915 quia
1441 843 1620 897 adhuc

98 969 188 1010 non
215 951 562 1020 deliquerant.
589 944 722 1000 Nam
764 953 814 996 et
851 942 908 995 in
943 944 1118 995 futuro
1150 937 1354 992 mundo
1375 937 1620 992 sublatus

100 1045 186 1098 erit
214 1040 378 1096 omnis
411 1037 584 1107 pudor
631 1049 697 1087 ex
745 1031 1074 1096 hominibus,
1122 1030 1216 1099 qui
1266 1045 1331 1082 ex
1376 1030 1622 1080 nuditate

93 1129 244 1205 possit
269 1129 444 1199 gigni;
500 1136 612 1179 tum
643 1124 768 1194 quia
799 1118 977 1176 vestiti
1034 1127 1195 1175 erttnt
1248 1120 1420 1187 gloria
1473 1118 1620 1186 quali

93 1237 193 1280 erat
219 1223 428 1274 indutus
469 1217 706 1270 Adamus
739 1225 900 1283 atque
957 1212 1130 1280 ipsius
1161 1226 1297 1262 uxor
1332 1209 1440 1261 Eva
1483 1209 1622 1261 inter

89 1319 290 1373 arbores
317 1321 604 1382 antequam
642 1310 934 1364 violassent
956 1307 1268 1360 mandatum
1295 1320 1311 1371 ;
1345 1313 1458 1357 tum
1491 1303 1616 1370 quia

96 1410 196 1476 ipsa
221 1405 435 1474 pudoris
482 1416 668 1463 causa,
699 1407 976 1468 peccatum
1006 1394 1470 1452 dissolutumerit
1498 1394 1620 1446 irri-

87 1507 306 1565 tamque.
355 1494 619 1547 Caeterum
675 1492 831 1544 divus
887 1489 1060 1544 Moses
1103 1489 1232 1542 dum
1285 1493 1618 1556 perseverat,

87 1588 329 1641 Adatuum
402 1583 676 1650 Evamque
738 1581 874 1638 nihil
926 1571 1188 1650 puduisse
1248 1594 1364 1632 sua:
1407 1577 1644 1631 nudita-‘

83 1679 143 1733 tis
176 1677 280 1748 (20)
311 1673 555 1731 :conlert
583 1675 632 1727 id
667 1673 922 1726 szecttltttn
953 1686 1059 1740 quo
1086 1686 1147 1725 ea
1176 1670 1469 1734 scribebat,
1496 1684 1619 1725 eum

81 1785 140 1822 eo
158 1784 260 1838 quo
309 1766 382 1820 illi
414 1765 564 1820 luere
594 1764 857 1835 procreati
885 1777 915 1817 a
949 1761 1078 1825 Deo,
1106 1761 1260 1832 quasi
1290 1763 1434 1817 dicat
1465 1779 1481 1816 :
1509 1760 1622 1814 Non

84 1872 133 1921 ut
156 1861 262 1929 jam
295 1859 488 1914 videtis
509 1858 758 1912 homines
786 1857 856 1909 ob
902 1855 1199 1908 nuditatem
1224 1854 1432 1924 pudore
1462 1851 1625 1918 allici,

82 1956 147 2006 ita
178 1952 384 2005 Adamn
417 1949 646 2018 Evaeqtte
698 1947 924 2011 accidit;
963 1961 1136 2016 neque
1189 1947 1334 2004 enim
1373 1945 1493 2000 illos
1527 1960 1629 2014 pu-

56 2041 184 2095 duit
211 2039 279 2093 ob
308 2039 449 2093 duas
481 2052 600 2107 qua
631 2037 787 2115 dictat
839 2037 952 2107 jam
988 2027 1111 2091 sunt
1167 2039 1424 2092 rationes.
1455 2035 1630 2092 Porro

76 2132 308 2186 absoluto
336 2129 589 2184 sermone
627 2129 695 2183 de
735 2127 919 2184 creato
964 2129 1175 2183 Adamo
1205 2125 1445 2199 Evaquc,
1476 2138 1530 2185 et
1564 2116 1632 2185 de

77 2224 188 2274 vita:
217 2220 460 2288 ipsorum
497 2221 766 2283 instituto,
795 2218 968 2288 pergit
999 2217 1156 2272 divus
1181 2218 1356 2276 Moses
1385 2235 1630 2274 comme-

75 2325 276 2364 morare
305 2308 554 2363 [tandem
577 2322 683 2378 qua
713 2305 919 2361 seducti
948 2316 1076 2362 sunt
1109 2324 1137 2359 a
1169 2317 1336 2370 recto,
1369 2311 1629 2363 nimirum

29 2444 35 2449 .
77 2412 127 2454 ut
153 2417 251 2455 nos
283 2401 482 2455 doceat
504 2415 569 2453 ex
600 2409 803 2468 quanta
842 2399 1090 2453 libertate
1125 2388 1186 2452 lin
1222 2415 1382 2468 quam
1415 2416 1630 2470 gravem

68 2489 263 2558 delapsi
327 2492 647 2542 servitutem
723 2502 816 2556 per
878 2497 1180 2558 peccatum,
1230 2488 1526 2557 inquiens:
1567 2491 1634 2543 Ιιί

71 2595 272 2647 serpens
304 2579 539 2632 astutior
584 2586 700 2630 erat
733 2578 874 2631 omni
924 2577 1088 2631 bestia
1123 2581 1274 2648 agri,
1312 2595 1468 2648 quam
1513 2581 1636 2649 θιγε-

69 2679 200 2723 serat
241 2670 507 2722 Dominus
565 2667 727 2723 Dens.
773 2665 914 2722 Num
955 2671 1021 2723 de
1053 2679 1342 2738 corporale
1387 2683 1636 2740 serpente

75 2760 153 2814 hic
183 2771 314 2827 agat
365 2762 529 2813 divus
562 2757 759 2820 Moses,
790 2772 856 2811 an
884 2771 1012 2826 vero
1040 2758 1107 2812 de
1160 2758 1360 2814 Satana
1402 2761 1494 2828 qui
1523 2776 1640 2816 ser-

65 2851 208 2921 periti
233 2851 445 2906 similis
466 2850 813 2920 apparuerit;
841 2861 919 2914 et,
948 2850 995 2904 si
1022 2849 1250 2904 Satanas
1289 2851 1342 2906 itt
1371 2855 1639 2920 serpentis

64 2957 256 3013 corpus
284 2960 346 2998 se
379 2942 702 3009 insinuerat,
727 2942 886 3009 cujus
905 2941 1118 3011 generis
1139 2940 1305 2996 fuerit
1321 2942 1368 3012 is
1391 2957 1634 3012 serpens;

1721 506 1990 559 adversus
2026 501 2196 568 ipsam
2253 496 2579 550 abuteretur.
2641 489 2749 545 Nos
2810 502 2969 557 porro
3007 496 3280 556 putamus,

1720 596 1988 664 cujusque
2054 591 2245 643 harum
2330 587 2558 638 duarum
2637 591 2906 637 sectarum
2963 577 3282 630 sententiam

1721 684 1925 738 versari
1955 683 2008 736 in
2043 681 2214 735 tribus
2238 677 2386 731 hisce
2408 675 2795 744 quaestionibus
2827 675 3040 739 (utrum
3067 670 3282 720 condita

1721 773 1790 828 sit
1831 773 1936 825 Eva
1965 770 2126 826 simul
2156 784 2280 824 cum
2333 767 2560 827 Adauto,
2588 780 2653 816 an
2686 774 2806 832 post
2838 780 2852 827 ;
2885 760 3100 822 deinde,
3129 773 3286 811 acoe-

1723 865 1934 933 perittte
1961 877 2069 915 una
2108 875 2233 913 cum
2265 858 2469 911 Adamo
2524 855 2832 908 mandatum
2887 852 3015 906 illud
3049 851 3119 903 ah
3169 851 3290 917 ipso

1725 955 1853 1013 Deo.
1889 968 1956 1005 an
2006 965 2134 1004 vero
2179 959 2300 1018 post
2347 948 2416 1001 ab
2467 947 2674 1000 Adamo
2705 960 2722 998 :
2749 944 2976 1010 denique
3011 946 3152 997 sitne
3197 953 3288 1006 per

1723 1061 1908 1100 vocem
1940 1058 2062 1112 qua:
2097 1043 2150 1095 itt
2179 1056 2398 1095 sensum
2445 1042 2684 1101 caderet,
2725 1039 2849 1092 data
2877 1037 2960 1090 lex
2991 1053 3050 1089 ea
3098 1052 3127 1090 a
3159 1037 3286 1096 Deo,

1725 1153 1793 1189 an
1829 1151 1958 1189 vero
1991 1134 2196 1201 absque
2231 1147 2363 1185 voce
2410 1131 2574 1183 menti
2621 1129 2908 1198 impressa,
2944 1127 3282 1192 cognosc-ibi-

1727 1228 1901 1296 lisque
1934 1226 2141 1279 reddita
2178 1241 2192 1277 :
2225 1237 2288 1277 ac
2322 1222 2550 1292 proinde
2585 1235 2873 1278 censemus
2902 1218 3001 1296 has
3028 1218 3286 1288 qumstio-

1727 1295 1825 1372 nes
1851 1326 2102 1372 accurate
2150 1313 2530 1383 expendendas
2566 1326 2686 1366 esse
2721 1295 3037 1381 priusquam
3088 1310 3153 1362 de
3185 1309 3288 1360 illis

1727 1409 2013 1465 sententiis
2043 1421 2187 1461 recte
2221 1407 2401 1475 possis
2429 1405 2762 1460 existimare.

1799 1495 2058 1548 Historia:
2093 1494 2282 1546 Adanti
2319 1493 2466 1545 ordo.
2490 1522 2558 1531 —
2581 1492 2742 1559 Igitur
2763 1488 3021 1544 Dominus
3053 1487 3286 1558 Ephrem

1725 1593 1779 1639 et
1807 1585 1898 1654 qui
1933 1600 2058 1638 cum
2093 1585 2212 1652 ipso
2248 1584 2490 1637 sentiunt
2522 1583 2845 1650 interpretes
2877 1579 2967 1632 alii
3020 1579 3136 1646 ipso
3167 1579 3288 1631 lrcti

1729 1674 2022 1744 Scriptura:
2042 1685 2228 1728 tenore
2254 1673 2503 1743 serieque
2533 1673 2704 1735 ducti,
2733 1671 2920 1724 dicunt
2943 1670 3119 1738 primo
3148 1669 3291 1720 Ada-

1729 1782 1875 1820 mutn
1910 1781 2032 1820 esse
2058 1764 2335 1819 conditum
2363 1773 2511 1817 extra
2549 1763 2882 1832 paradisum,
2920 1771 2972 1814 et
3004 1760 3196 1814 deinde
3235 1761 3289 1813 in

1733 1858 2048 1926 paradisum
2085 1857 2450 1909 introductum
2486 1855 2760 1921 accepisse
2783 1868 2812 1904 a
2836 1851 2942 1905 Deo
2971 1853 3288 1904 mandatum

1711 1963 1796 2003 .ne
1827 1957 2156 2002 vesceretur-
2184 1945 2380 2000 arhore
2431 1942 2756 2012 cognitionis
2783 1983 2798 2008 ,
2861 1951 2980 2012 post
3031 1942 3290 1995 indidisse

1729 2039 1949 2094 nomina
1978 2037 2365 2098 animantibus,
2392 2051 2456 2089 ac
2484 2045 2610 2089 tunc
2639 2033 2853 2088 demum
2893 2031 3291 2085 conloitnatam

1729 2145 1851 2186 esse
1883 2127 2046 2181 Evam
2092 2143 2157 2182 ex
2203 2126 2374 2196 ipsius
2415 2139 2660 2194 corpore,
2715 2133 2878 2192 atque
2911 2124 2977 2175 de
3028 2131 3294 2191 priet-epla

1731 2221 1979 2276 edoctam
2005 2221 2072 2274 ab
2099 2220 2215 2288 ipso
2247 2216 2455 2269 Adamo
2479 2229 2610 2268 voce
2639 2211 2906 2282 ejusmodi
2959 2227 3076 2281 que
3117 2211 3293 2264 audiri

1733 2324 1932 2383 posset,
1961 2322 2408 2378 eamque-vocem
2451 2306 2739 2360 exaudisse
2784 2302 3037 2357 Satanam
3070 2318 3190 2356 cum
3223 2301 3291 2356 ad

1733 2420 1955 2459 uxorem
1990 2405 2304 2472 loqueretur
2326 2399 2604 2462 Adantus;
2648 2397 2826 2466 itaque
2858 2396 3113 2449 Sat.u.am
3147 2410 3298 2448 man-

1734 2495 1844 2549 dati
1864 2495 2084 2548 minime
2104 2494 2375 2562 ignarum,
2400 2490 2492 2544 sed
2523 2489 2658 2543 bene
2682 2488 2957 2542 conscium
2984 2503 3295 2556 aggressum

1735 2602 1859 2642 esse
1897 2585 2083 2642 Evam.
2136 2598 2366 2652 eamque
2421 2591 2605 2649 pacate
2648 2583 3052 2649 interrogasse:
3103 2577 3300 2632 Verene

1735 2679 1870 2730 dixit
1905 2676 2040 2729 Deus
2078 2693 2095 2740 ;
2129 2672 2210 2726 Ne
2239 2676 2574 2726 eomederetis
2603 2672 2666 2724 de
2699 2672 2974 2724 arboribus
3022 2671 3261 2739 paradisi
3274 2673 3299 2724 .’

1739 2769 1997 2822 nimirum
2025 2775 2083 2819 ttt
2111 2780 2172 2818 ea
2209 2766 2310 2819 sibi
2347 2753 2770 2834 interrogatione
2799 2761 3004 2816 aditum
3040 2762 3104 2814 ad
3131 2762 3300 2816 collo-

1740 2856 1932 2928 quium
1963 2862 2200 2923 pararet.
2224 2851 2542 2906 Theodorus
2579 2865 2704 2904 vero
2746 2859 2802 2904 et
2842 2850 2961 2918 ejus
3001 2859 3299 2903 sectatores

1743 2946 1914 3007 aiunt.
1947 2943 2113 2999 simul
2144 2943 2414 2996 Adamum
2442 2954 2564 2994 esse
2601 2938 2878 2993 conditum
2908 2947 2963 2991 ct
2998 2937 3158 2991 Evam
3196 2938 3299 3007 ipsi

60 3046 324 3102 praeterea
355 3034 597 3104 pedesne
626 3033 877 3086 habuerit
900 3047 968 3085 an
1000 3032 1226 3088 minime
1251 3033 1338 3087 ille
1377 3047 1637 3104 serpens;
1665 3057 1710 3117 ο
1742 3037 2038 3091 detractam
2072 3035 2260 3088 eodem
2290 3046 2397 3100 quo
2418 3041 2633 3084 creatus
2657 3039 2772 3082 erat
2799 3029 2936 3093 loco,
2970 3038 3130 3098 atque
3163 3030 3301 3084 hanc

60 3135 112 3180 et
143 3143 266 3196 qua:
312 3128 430 3180 huc
456 3133 702 3194 spectant
731 3124 858 3189 alia,
880 3123 1088 3192 pridem
1114 3131 1242 3177 sunt
1270 3139 1298 3177 a
1331 3123 1489 3178 nobis
1519 3126 1640 3179 dili-

55 3227 245 3287 genter
269 3223 633 3286 pertractata.
653 3214 1207 3268 Commemoravitnus
1223 3215 1385 3268 etiam
1408 3230 1507 3268 cur
1523 3231 1639 3269 scr-

57 3321 274 3376 pentem
308 3310 635 3362 astutiorem
669 3306 886 3370 dixerit,
917 3321 1030 3386 non
1065 3307 1467 3374 prudentiorem
1509 3323 1641 3361 cnn-

55 3403 155 3456 ctis
185 3401 391 3454 bestiis
444 3399 585 3469 agri.
643 3398 719 3453 De
760 3396 845 3452 his
888 3395 1034 3452 enim
1098 3397 1353 3452 omnibus
1391 3401 1638 3467 egimus,

56 3506 173 3559 cap.
204 3491 303 3555 2-7,
337 3492 745 3561 quaestionibus
765 3492 949 3546 decem
976 3493 1027 3544 in
1066 3493 1298 3546 medium
1323 3495 1638 3564 pr0positis.

122 3586 206 3633 Att
233 3578 489 3634 Satanas
528 3581 783 3634 audiverit
817 3581 982 3634 Deitas
1023 3581 1226 3636 Adauto
1256 3585 1640 3652 prwcipieutem

52 3688 112 3727 ne
144 3673 380 3746 comede
393 3683 492 3726 ret.
520 3700 590 3710 —
621 3670 688 3724 Et
722 3673 796 3726 ait
828 3687 1035 3741 serpens
1063 3672 1132 3725 ad
1166 3675 1434 3727 mulierem
1460 3691 1480 3728 :
1516 3676 1642 3732 Vere

1742 3145 1848 3184 una
1879 3128 2004 3182 inde
2036 3125 2090 3180 in
2133 3125 2442 3193 paradisum
2471 3138 2593 3177 cum
2647 3123 2738 3175 illo
2783 3135 2904 3174 esse
2953 3121 3300 3186 subductam,

1743 3236 1957 3291 unaque
1985 3220 2155 3288 legem
2192 3217 2465 3284 accepisse
2506 3216 2574 3268 ab
2602 3215 2720 3284 ipso
2765 3212 2904 3278 Deo;
2942 3229 3045 3266 non
3077 3214 3294 3283 quidem

1738 3329 1871 3382 voce.
1908 3328 2030 3382 qute
2081 3311 2333 3364 audiendi
2391 3322 2610 3362 sensum
2671 3316 2937 3369 moveret;
2989 3307 3174 3372 latam,
3205 3308 3296 3361 sed

1740 3405 1908 3458 menti
1941 3404 2180 3472 ipsorum
2208 3402 2524 3468 impressam
2549 3399 3036 3466 consignatamque
3061 3399 3293 3467 quodam

1694 3564 1698 3568 ‘
1740 3491 2106 3561 cognoscendi
2141 3489 2321 3542 modo.
2368 3487 2500 3541 Nam
2535 3488 2694 3542 simul
2726 3489 2938 3556 utrique
2974 3490 3138 3557 legem
3162 3489 3300 3543 hanc

1741 3588 2094 3655 imperavisse
2150 3583 2339 3646 Deum,
2373 3582 2454 3634 vel
2501 3582 2626 3636 inde
2671 3597 2730 3636 se
2771 3583 3124 3650 comprobare
3168 3584 3301 3637 satis

1741 3694 1901 3748 pusse
1926 3685 2142 3747 putant,
2163 3677 2312 3746 quod
2348 3677 2608 3746 scriptum
2645 3678 2758 3730 sit:
2797 3675 3092 3729 Muscarium
3125 3690 3173 3730 et
3224 3679 3302 3748 [ι’-

52 3766 188 3818 dixit
208 3765 390 3828 Deus,
409 3780 472 3818 ne
501 3763 833 3818 comederétis
858 3765 923 3817 de
975 3764 1212 3818 omnibus
1245 3765 1517 3821 arboribus
1543 3785 1642 3837 pa-

50 3863 248 3917 radisi.
292 3861 556 3914 Dubitari
587 3868 784 3928 potest,
815 3873 894 3912 'an
928 3859 1162 3912 a‘udierit
1209 3861 1455 3915 diabolus
1485 3877 1640 3916 tuan-

50 3952 240 4004 datum
298 3951 611 4019 legemque,
644 3964 764 4018 quae
786 3947 926 4018 Deus
979 3949 1187 4003 Adamo
1237 3952 1638 4018 imperaverat:

46 4057 299 4112 cumque
331 4042 566 4094 minime
595 4039 869 4108 ignoraret
897 4040 1040 4107 quod
1071 4055 1157 4093 res
1186 4051 1324 4103 erat,
1353 4044 1549 4097 diverit
1573 4046 1638 4099 ad

49 4131 329 4184 feminam
373 4146 391 4183 :
441 4127 564 4182 Vere
613 4130 688 4182 ait
718 4128 851 4182 Deus
879 4168 894 4193 ,
927 4144 989 4181 ne
1034 4131 1385 4196 comederetis,
1410 4144 1537 4199 etc.,
1569 4150 1639 4188 an

43 4239 179 4280 vero
212 4223 529 4292 suspicans
552 4221 710 4274 modo
726 4220 892 4290 legem
919 4220 991 4274 illi
1015 4236 1045 4274 a
1064 4221 1172 4276 Deo
1191 4224 1418 4291 positam
1445 4223 1637 4293 fuisse,
1742 4230 1913 4283 videri
1940 4236 2118 4298 potest
2146 4228 2312 4290 Deus,
2337 4242 2398 4279 ea
2430 4227 2532 4279 sub
2561 4225 2687 4278 Adae
2711 4240 2938 4293 persona
2992 4226 3056 4277 ad
3091 4235 3303 4278 υιι-ιιιιι-

43 4316 441 4382 mulierisque
481 4312 721 4365 animum
770 4321 1004 4395 tentans,
1037 4315 1125 4366 illa
1162 4315 1228 4367 ad
1275 4315 1444 4382 ipsam
1476 4319 1636 4371 verba
1671 4379 1712 4395 ⁸
1745 4335 1850 4387 que
1897 4320 2138 4388 ipsorum
2174 4318 2315 4371 dicta
2361 4325 2636 4383 putemus.
2687 4311 2819 4368 Nam
2859 4316 3000 4383 quod
3041 4320 3302 4382 scriptum

39 4408 247 4464 fecerit
279 4406 583 4461 Dominus.
631 4383 896 4472 Ephrem,
921 4406 1118 4472 aliique
1149 4407 1468 4475 interpretes
1489 4426 1639 4463 eom-
1671 4379 1715 4434 θ
1745 4419 1827 4463 est
1856 4410 1908 4462 in
1963 4408 2179 4462 Psalmo
2213 4425 2226 4459 :
2274 4406 2466 4458 Beatus
2515 4405 2592 4457 vir
2627 4405 2714 4474 qui
2756 4420 2853 4457 non
2879 4379 3191 4456 iambo/(ivit
3250 4408 3301 4458 in

40 4502 243 4569 plures
282 4506 530 4554 censent
559 4495 810 4550 Satanam
852 4497 1121 4550 audivisse
1153 4499 1463 4551 mandatum
1499 4499 1645 4569 quod
1742 4499 1827 4552 ria
1859 4499 2138 4565 impiorum
2177 4497 2251 4562 ⁸¹;
2285 4495 2529 4563 profecto
2562 4494 2627 4546 ad
2661 4503 2951 4562 utrumque
2983 4510 3168 4547 scium
3199 4499 3302 4548 sub

35 4591 277 4645 Adamo
309 4588 558 4641 dabatur
589 4601 605 4637 :
642 4586 867 4654 ejusque
899 4587 1180 4640 conscium
1233 4589 1528 4644 accessisse
1559 4591 1645 4644 in-
1743 4588 1918 4642 solius
1947 4587 2049 4640 viri
2076 4585 2296 4640 nomine
2326 4590 2559 4653 spectat.
2589 4582 2654 4635 Et
2681 4599 2801 4651 qua:
2830 4584 2882 4636 itt
2916 4583 3304 4640 ecclesiasticis

36 4692 507 4751 terrogasseque
539 4677 793 4731 letninam
866 4677 973 4732 illis
1020 4678 1202 4733 verbis
1254 4694 1269 4732 :
1321 4678 1515 4733 Verene
1567 4683 1644 4734 ait
1745 4679 1990 4733 consiliis
2024 4678 2382 4745 coetibusque,
2415 4676 2483 4730 de
2512 4675 2645 4729 viris
2688 4676 3057 4751 disceptamus
3098 4677 3305 4729 consti-

35 4772 222 4839 Deats,
268 4780 423 4834 etc.,
456 4783 566 4837 quo
595 4782 692 4836 per
718 4782 835 4820 eam
885 4768 1363 4841 interrogationem
1416 4771 1516 4824 sibi
1549 4787 1646 4825 ca-
1747 4769 2079 4837 tuimusque,
2112 4781 2240 4820 sane
2294 4766 2360 4820 ad
2412 4765 2641 4836 lemin_as
2692 4749 2771 4819 ex.
2810 4780 2965 4834 aequo
3013 4766 3306 4833 pertinent.

34 4873 236 4930 ptaret
265 4857 1218 4931 s'olloquettdiansam.Philoxcnus
1250 4872 1374 4911 vero
1394 4868 1447 4914 et
1470 4854 1648 4916 Theo-
1747 4863 2012 4916 Caeterum
2064 4859 2210 4927 quod
2259 4872 2364 4912 non
2410 4871 2540 4913 voce
2589 4857 2833 4912 exaudiri
2887 4864 3095 4926 posset,
3144 4856 3305 4911 latam

31 4955 227 5010 dorus
263 4950 644 5006 Nestorianns
673 4949 928 5018 multique
953 4963 1077 5002 cum
1109 4948 1194 5003 bis
1215 4949 1503 5005 aliidicere
1531 4967 1650 5006 ma»
1747 4967 1867 5007 esse
1907 4955 2074 5019 legent
2104 4951 2296 5014 aiunt;
2331 4950 2424 5004 sed
2461 4949 2696 5018 quodam
2753 4947 3096 5002 revelationis
3147 4951 3312 5002 modo

29 5045 195 5109 lunt,
222 5046 513 5098 Satanam
545 5052 651 5094 non
682 5037 919 5094 audiisse
949 5038 1116 5106 legem
1145 5038 1273 5092 dum
1304 5040 1512 5093 Adamn
1541 5043 1642 5094 int-
1751 5045 2052 5099 immissam
2082 5043 2134 5096 in
2175 5042 2416 5113 ipsorum
2473 5042 2708 5105 animos,
2764 5040 2943 5095 simile
2966 5055 3088 5094 esse
3120 5042 3309 5095 dicunt

29 5135 423 5205 ponebatur,
453 5129 547 5185 sed
592 5129 904 5197 conjectura
950 5137 1113 5196 atque
1145 5119 1456 5198 suspicione
1507 5148 1631 5202 prse-

1754 5139 1863 5193 illis
1889 5138 2020 5193 visis
2041 5152 2162 5207 qua:
2192 5135 2472 5207 prophetis
2495 5125 2779 5204 apparent.
2806 5131 2940 5187 Nam
2978 5133 3140 5188 simul
3169 5134 3308 5186 indi-

25 5231 286 5296 scriptac
315 5221 631 5291 cujuspiam
665 5221 803 5290 legis
824 5223 1062 5282 ductum,
1093 5222 1373 5275 mulierem
1392 5226 1631 5278 adortum

1756 5239 1864 5284 tam
1901 5229 2067 5283 luisse
2096 5228 2312 5282 illorum
2351 5226 2622 5280 tuentibus
2653 5224 2759 5276 vim
2779 5225 3072 5294 quamdam
3104 5221 3306 5276 intelli-

24 5337 171 5377 essc
211 5330 294 5371 ut.
320 5330 399 5370 ex
430 5330 492 5368 ea
543 5314 869 5397 interrogata
919 5313 1149 5366 disceret
1177 5316 1479 5382 qualisnam
1539 5319 1644 5372 lata
1755 5318 2596 5395 get-diacvelutiintucndiatque
2615 5316 2844 5370 itacerto
2862 5313 3222 5385 cognoscendi
3241 5313 3294 5367 id

108 5441 159 5470 "
193 5435 379 5493 Psal.
416 5446 453 5494 t,
485 5433 530 5482 l.

81 5531 231 5602 (20)
280 5529 473 5581 Caute
517 5523 664 5602 lege,‘
697 5537 818 5602 nam
871 5520 1038 5602 fidam
1093 5537 1196 5602 nep
1241 5522 1426 5602 habuit
1452 5542 1654 5602 corpus

25 5591 393 5673 gleriasutsa
425 5604 483 5673 ut
518 5591 752 5673 .beatihitt
801 5591 967 5673 patria
1017 5591 1107 5670 scd
1156 5591 1650 5673 lorsattintelligito

26 5662 275 5725 Eanum
324 5664 464 5719 tllud
493 5662 832 5730 splendidum
865 5669 1040 5716 status
1081 5663 1421 5734 innocentia,
1453 5662 1636 5737 quoex

1741 3773 1935 3824 mittam
1962 3773 2152 3824 crearit
2186 3787 2308 3834 eos;
2344 3769 2510 3822 item:
2532 3768 2889 3822 Dominamini
2922 3769 3156 3837 piscibus
3188 3789 3300 3822 ma-

1740 3864 1836 3928 ris,
1875 3875 1924 3917 et
1956 3862 2254 3917 volucribus
2280 3863 2413 3926 caeli,
2453 3877 2574 3931 qua:
2629 3862 2824 3930 plurali
2884 3877 3107 3915 ntttnero
3157 3862 3299 3916 dicta

1740 3963 1888 4010 sunt.
1922 3953 2207 4017 Praeterea,
2241 3953 2364 4022 quia
2390 3955 2496 4006 Eva
2531 3954 2599 4006 ob
2627 3951 2854 4006 fractam
2910 3953 3078 4021 legem
3131 3955 3299 4020 magis

1740 4047 1903 4101 etiam
1935 4047 2258 4114 culpabatur
2283 4061 2445 4113 quant
2473 4042 3297 4111 Adam.Nequeveroabsutdum

1740 4148 1841 4204 est,
1868 4141 1912 4194 si
1953 4139 2066 4194 haec
2105 4147 2198 4191 aut
2225 4137 2311 4190 illa
2348 4152 2467 4205 qua:
2498 4136 2563 4189 ad
2595 4135 2859 4188 Adamum
2905 4135 3062 4187 modo
3091 4135 3302 4188 loeutus

1753 5534 2000 5590 nuditate
2036 5526 2559 5612 corporutnmullus
2596 5527 2876 5607 oriebatur
2907 5522 3106 5605 rubor,
3144 5521 3302 5594 quale

1752 5620 1971 5676 quoque
2003 5610 2185 5659 crtt‘in
2220 5610 2410 5670 patria.
