3982 6346
171 249 259 382 553
545 269 548 272 ’
1185 356 1188 358 ν
1262 280 1363 370 ne
1409 299 1811 370 ιιΑιιΑυιεο.
1852 321 1926 339 ~
1961 296 2160 359 mas
2195 295 2244 356 1.
2934 282 2935 285 ‘
3283 289 3389 354 554

170 431 352 486 essent,
382 421 475 493 qui
515 435 724 492 possem
759 435 860 490 ego
893 428 944 474 te
981 418 1248 488 aspicere,
1299 425 1717 484 serpentemque
1745 410 1793 469 Α
1818 405 2084 476 simplicit-
2106 420 2134 458 r
2167 402 2359 458 intuita
2400 401 2573 468 ipsam
2624 399 2836 467 fuerat;
2887 407 2940 454 at
2974 407 3326 471 posteaquam
3359 415 3389 452 a

169 526 216 572 te
252 530 535 584 agnoscere
569 529 583 564 :
621 521 733 566 tum
773 510 934 573 illud,
971 509 1117 577 quod
1152 507 1276 562 boni
1326 506 1564 574 malique
1608 518 1708 572 pe-
1815 508 2067 566 serpente
2097 497 2324 564 decepta
2373 503 2474 560 est,
2507 504 2666 562 atque
2698 493 2764 548 ad
2799 493 2956 546 ﬁdem
3007 495 3168 563 hujus
3214 495 3393 549 verbis

167 609 283 661 ritas
324 603 438 658 fore
470 618 567 656 nos
611 616 915 668 asseveras,
951 601 1055 654 nisi
1101 613 1204 666 ego
1235 597 1348 667 jam
1397 611 1543 650 nunc
1582 594 1711 661 quid
1815 588 2117 644 habendam
2152 587 2397 644 inducta.
2429 594 2543 638 tum
2574 587 2793 640 demum
2826 584 2960 639 vidit
2989 585 3236 640 arborem
3269 603 3392 643 esse

166 700 348 756 bonum
397 706 450 749 et
481 695 608 763 quid
647 693 849 748 malum
877 694 950 749 sit
997 691 1288 762 intelligam
1314 727 1329 754 ,
1364 689 1459 758 qui
1511 687 1713 757 possim
1816 681 2096 751 pulchram
2139 679 2207 734 ad
2256 679 2609 740 vescendum,
2643 687 2698 732 et
2738 688 2982 747 spectato
3018 678 3392 747 expetibilem,

163 791 289 844 scire
313 787 598 842 consilium
633 795 785 840 tuum
814 799 934 839 esse
962 783 1220 854 probum,
1251 790 1346 836 aut
1373 779 1714 834 divinitatem
1815 775 2016 844 quippe
2052 772 2411 827 immoderato
2455 770 2835 840 dissolutoque
2874 773 3114 841 appetitu
3148 783 3280 846 tunc
3310 789 3396 825 ar-

162 865 342 937 bonam
365 918 382 942 ,
416 887 642 933 mortem
671 892 797 931 vero
829 874 1074 930 malam?
1104 874 1184 929 Ad
1221 874 1357 938 haec,
1390 872 1520 927 illud
1551 871 1714 926 etiam
1817 867 2003 922 berem
2055 874 2378 934 aspexerat;
2427 865 2567 918 solet
2619 864 2767 916 enim
2821 863 3196 932 hujuscemodi
3245 866 3391 935 cupi-
3453 873 3456 877 ‘

160 969 388 1040 objicere
417 967 682 1038 quivisset
713 982 729 1022 :
762 965 821 1019 Si
856 981 980 1019 vera
1013 979 1226 1029 narras,
1257 963 1344 1017 abi
1379 970 1460 1026 tu,
1487 971 1540 1015 et
1570 961 1717 1031 prior
1815 957 1958 1014 dinis
1993 958 2404 1024 immoderatio,
2433 957 2477 1012 si
2515 955 2740 1026 quando
2785 956 3032 1010 animum
3082 957 3302 1023 invasit,-
3335 973 3399 1012 ca

160 1062 303 1116 aufer
336 1060 404 1115 de
432 1060 625 1114 arbore
673 1059 760 1114 illa
793 1073 856 1112 ac
887 1071 1128 1123 vescere,
1158 1069 1215 1110 ut
1260 1055 1577 1122 aperiantur
1617 1051 1713 1106 tibi
1817 1051 1870 1105 in
1903 1065 2024 1119 qua:
2060 1048 2385 1112 intenditur,
2440 1048 2688 1102 omnium
2726 1047 3099 1118 pulcherrima
3134 1051 3401 1118 gravissi-

158 1129 292 1208 ocoli
328 1152 532 1221 fiasque
569 1152 702 1204 deus
731 1148 910 1204 sciens
940 1147 1065 1202 boni
1093 1155 1147 1201 et
1189 1144 1342 1209 mali,
1375 1153 1486 1197 tum
1519 1139 1718 1195 deinde
1818 1156 2015 1212 tuaque
2069 1141 2318 1208 ducere;
2374 1141 2538 1196 sicuti
2602 1142 2824 1196 evenire
2887 1141 3138 1197 videmus
3184 1143 3271 1197 ‘iis’
3307 1145 3400 1214 qui

156 1259 248 1314 ego
273 1258 486 1314 quoque
512 1236 774 1297 accedens
819 1255 1027 1295 vescor.
1057 1241 1128 1294 At
1170 1252 1296 1293 cum
1340 1237 1532 1291 horum
1583 1233 1716 1287 nihil
1819 1235 2065 1303 improbo
2118 1234 2336 1288 feminae
2387 1233 2625 1302 alicujus
2682 1244 2874 1289 arnore
2926 1232 3285 1300 detinentur;
3339 1251 3403 1290 ea

155 1337 227 1392 illi
255 1334 612 1405 responderit,
637 1335 775 1409 satis
801 1333 1058 1403 colligere
1087 1342 1205 1398 est,
1229 1337 1492 1409 neque_ut
1525 1327 1713 1396 dispu-
1811 1329 1981 1392 erunt,
2005 1329 2170 1383 etiam
2194 1329 2241 1383 si
2268 1341 2408 1397 saepe
2427 1328 2501 1382 sit
2528 1326 2836 1382 foedissima
2862 1326 3402 1398 deformissimaque.

153 1428 332 1484 tabilia
385 1441 563 1496 neque
590 1435 650 1480 ut
701 1407 903 1479 incerta
953 1423 1223 1494 serpentis
1275 1407 1438 1476 verba
1489 1421 1558 1475 ab
1607 1419 1714 1472 Eva
1819 1431 2000 1476 tamen
2033 1422 2171 1476 bene
2216 1421 2453 1491 pulchra
2486 1437 2549 1475 ac
2597 1431 2826 1476 venusta
2875 1421 2928 1476 in
2979 1421 3405 1489 illorumpculis

151 1535 269 1576 esse
313 1529 528 1588 accepta
585 1534 600 1572 :
650 1532 824 1586 neque
870 1517 1012 1572 enim
1060 1532 1172 1586 prae
1208 1513 1575 1585 imprudentia
1623 1524 1716 1567 aut
1819 1513 2070 1580 habetur,
2106 1513 2245 1567 adeo
2294 1520 2354 1566 ut
2399 1512 2615 1574 illorum
2671 1513 2889 1567 cmcitas
2933 1514 3000 1568 iis
3046 1513 3118 1567 sit
3163 1515 3402 1568 ostentui

147 1608 394 1676 infantia,
427 1608 540 1662 haec
589 1608 792 1675 tacuit;
841 1608 1039 1677 quippe
1071 1622 1191 1676 quae
1223 1607 1434 1666 ratione
1476 1605 1712 1674 prudcn-
1817 1606 1908 1674 qui
1936 1605 2004 1660 ab
2033 1620 2096 1660 ea
2130 1604 2475 1674 permotione
2514 1604 2682 1658 animi
2729 1601 2995 1660 adversus
3047 1605 3194 1658 illam
3247 1605 3406 1659 femi—

115 1701 328 1771 ‘tiaque
375 1701 426 1754 in
461 1700 581 1770 ipso
613 1715 716 1754 suo
747 1709 867 1752 ortu
907 1698 1134 1773 prazdita
1169 1697 1379 1764 fuerat,
1424 1706 1479 1751 et
1528 1697 1572 1751 si
1616 1711 1710 1764 pa-
1822 1713 1944 1751 nam
1980 1697 2135 1752 vacui
2168 1705 2317 1752 sunt.
2370 1695 2542 1766 Igitur
2578 1697 2705 1765 quia
2745 1699 2988 1761 mulieri,
3021 1699 3218 1767 cupido
3264 1698 3408 1752 illius

145 1810 368 1863 rumper
394 1794 658 1847 adversus
687 1793 837 1846 illum
866 1799 1248 1862 argumentata
1278 1789 1493 1852 fuisset,
1521 1788 1715 1842 victrix
1749 1775 1791 1834 Β
1821 1789 2033 1842 arboris
2070 1803 2166 1858 per
2200 1788 2471 1857 serpentis
2505 1787 2750 1842 fraudem
2783 1787 2895 1856 jam
2930 1788 3130 1858 injecta
3164 1797 3304 1856 erat,
3336 1785 3410 1842 ait

143 1865 408 1942 evasisset
439 1903 454 1940 :
485 1886 581 1942 sed
615 1886 688 1940 ita
715 1885 862 1939 illius
909 1877 1072 1938 verba
1123 1881 1418 1951 accepisse,
1453 1893 1710 1949 tanquam
1822 1883 2020 1944 Iloses,
2062 1885 2233 1952 ipsam
2280 1883 2473 1938 vidisse
2521 1883 2762 1935 arborem
2815 1884 2957 1952 quod
3005 1883 3228 1952 pulchra
3280 1892 3410 1941 eam

138 1978 261 2050 qua:
298 1980 488 2050 procul
518 1979 685 2035 dubio
717 1995 843 2033 vera
889 1989 1093 2034 essent.
1123 1975 1259 2030 Nam
1311 1991 1407 2044 per
1453 1975 1753 2029 (ιωιιιοιιὶεο
1820 1974 1890 2026 ad
1928 1974 2256 2038 vescendum,
2314 1983 2416 2030 etc.
2443 2003 2447 2006 -
2476 1972 2582 2027 Sed
2639 1985 2696 2027 ut
2731 1989 2820 2028 res
2871 1976 3046 2044 magis
3085 1960 3408 2043 illustretur,

140 2071 438 2141 nequitiam
491 2071 651 2128 simul
683 2086 804 2127 cum
851 2070 957 2123 illis
989 2068 1166 2123 verbis
1212 2085 1226 2121 :
1273 2065 1340 2119 Et
1387 2066 1532 2120 eritis
1579 2066 1714 2118 sicut
1818 2068 2077 2130 dicimus,
2134 2068 2311 2122 tribus
2360 2067 2587 2120 omnino
2667 2066 2876 2120 vicibus
2927 2067 3037 2120 alio
3083 2077 3242 2137 atque
3270 2095 3273 2098 -
3303 2069 3412 2134 alio

135 2165 232 2230 dii,
262 2164 527 2234 injectum
560 2175 641 2217 est
670 2164 768 2232 ipsi
799 2156 1380 2216 desideriumarboris
1412 2159 1713 2228 gustandam,
1821 2158 1986 2212 modo
2023 2158 2189 2211 Evam
2224 2157 2427 2234 vidisse
2461 2158 2606 2210 illam
2639 2156 2913 2213 arborem.
2944 2153 3129 2213 Primo
3160 2161 3407 2229 quidem,

138 2254 480 2319 incensaque
507 2264 612 2310 est
661 2252 912 2321 cupidine
973 2249 1306 2304 divinitatis.
1368 2248 1518 2301 Solet
1569 2249 1713 2299 enim
1819 2250 2037 2320 quando
2068 2250 2186 2316 lege
2212 2264 2334 2302 eam
2369 2247 2586 2302 velabat
2612 2247 2792 2313 Deus;
2829 2248 3027 2303 iterum
3058 2267 3089 2304 a
3121 2249 3322 2306 Satana
3354 2251 3410 2306 in

133 2356 452 2416 peccatum,
509 2353 739 2399 mentem
771 2356 961 2397 eorum
990 2339 1085 2412 qui
1115 2323 1235 2408 ejus
1279 2348 1409 2394 sunt
1457 2337 1715 2401 studiosi,
1823 2341 2071 2394 fraudem
2123 2341 2454 2394 illiciehatur
2491 2341 2643 2410 ipsa;
2687 2342 2848 2396 tertio
2901 2356 3194 2412 posrquam
3224 2347 3290 2400 de
3321 2345 3414 2401 illa

136 2435 420 2505 captivam
461 2432 565 2488 sibi
597 2433 942 2501 mancipare.
1175 2429 1178 2431 Α
1344 2455 1346 2458 ν
1822 2433 2047 2488 edisset.
2084 2432 2149 2486 Et
2193 2433 2373 2502 primo
2398 2434 2619 2501 quidem
2651 2433 2976 2503 Simpliciter
3007 2434 3258 2491 intuitam
3291 2453 3416 2493 esse

193 2526 274 2586 Ὠ.
337 2524 537 2597 Maria:
557 2533 618 2579 et
668 2521 793 2578 Erat
828 2525 1175 2594 comparatio.
1207 2550 1280 2570 -.—-
1313 2521 1395 2578 ’[ιι
1444 2537 1595 2585 vero,
1639 2521 1716 2575 le-
1821 2537 1882 2581 ut
1920 2527 2240 2582 ceterarum
2282 2523 2540 2577 arborqu
2583 2517 2748 2577 unam
2791 2526 3115 2594 quamlibet.
3159 2530 3413 2582 Secundo

128 2626 272 2680 αυτ.
325 2616 422 2670 ltic
452 2615 589 2672 mihi
636 2611 858 2667 Mariam
909 2615 1051 2683 apud
1097 2624 1250 2668 tuum
1277 2612 1532 2666 -ιιιίιιιυω
1582 2625 1716 2665 00w-
1820 2633 1953 2674 Vero
1993 2634 2101 2672 non
2137 2617 2464 2687 simpliciter
2499 2619 2802 2686 aspexisse,
2840 2617 2935 2673 sed
2977 2635 3101 2672 cum
3151 2609 3409 2688 cupidine

126 2707 349 2763 tendite
392 2706 694 2775 paulisper-
730 2703 1043 2770 ουιη-Ενθς
1097 2712 1264 2773 Itque
1310 2704 1462 2758 illius
1497 2702 1717 2772 quidem
1821 2727 1928 2781 qua
1967 2711 2079 2780 jam
2121 2720 2232 2763 tum
2276 2711 2583 2771 tenebatur,
2617 2723 2832 2778 quaque
2876 2712 3134 2765 censebat
3163 2713 3408 2766 onmium

124 2798 546 2864 fortitudinem,
592 2797 756 2865 hujus
803 2813 932 2853 vero
981 2798 1284 2852 socordiam
1334 2811 1399 2850 ac
1449 2794 1718 2866 ignaviam
1824 2802 2253 2873 pulcherrimam
2311 2816 2432 2854 esse
2460 2817 2487 2863 ;«
2518 2801 2662 2856 sicut
2713 2800 2954 2856 Thamar
3010 2804 3414 2859 formosissima

122 2890 590 2946 animadvertito.
623 2887 794 2947 Maria
821 2890 968 2945 enim
993 2903 1116 2959 quae
1147 2888 1447 2956 saepissime
1473 2885 1721 2940 audierat
1824 2894 2113 2950 videbatur
2153 2893 2206 2946 in
2237 2891 2414 2947 oculis
2449 2893 2733 2948 Ammonis
2767 2909 2954 2949 amore
2986 2897 3106 2962 ejus
3142 2896 3411 2966 impediti.

121 2986 476 3055 promissum
513 2999 648 3042 esse
683 3000 716 3040 ι
762 2983 870 3040 Deo
895 2983 1160 3054 patribus,
1193 2979 1528 3036 nasciturum
1560 2979 1690 3034 Chri

1845 2985 2012 3042 l‘ertio
2048 2987 2305 3055 denique,
2348 2987 2508 3040 simul
2555 2975 2720 3053 atque
2770 2995 3069 3055 gustasset,
3121 2996 3249 3042 tum
3287 3003 3417 3043 vero

119 3085 302 3176 stum,
340 3093 525 3176 neque
565 3075 1006 3176 igilo'rabat,qu:!
1041 3073 1111 3128 de
1155 3088 1221 3176 ει
1256 3087 1318 3128 τε
1347 3071 1717 3176 .eSSCIIIl'V-‘Ili-
1745 3114 1790 3176 Ε
1827 3076 2046 3134 demum
2080 3093 2181 3147 pro
2215 3077 2372 3131 valde
2409 3075 2553 3131 foeda
2608 3076 2836 3144 diraque
2879 3077 3138 3133 habuisse
3188 3096 3200 3131 :
3252 3079 3415 3134 sicuti

117 3169 302 3224 cinali
347 3169 650 3238 propheta.
681 3182 806 3223 cum
855 3167 978 3237 eius
1014 3166 1192 3222 ηυιιιίῑ
1224 3165 1396 3234 gratia
1445 3164 1513 3219 ad
1549 3165 1717 3234 ipsam
1751 3164 1790 3176 "
1827 3171 1994 3225 etiam
2037 3169 2272 3223 Ammon
2329 3183 2572 3222 sororem
2625 3183 2780 3223 suam
2828 3169 3092 3232 Thamar,
3150 3180 3208 3225 ut
3244 3171 3419 3225 viola-

119 3261 382 3316 venisset
415 3259 642 3330 angelus
672 3259 852 3330 specie
881 3261 1138 3325 humana,
1172 3258 1555 3327 dixissetque:
1586 3255 1727 3312 Corr-
1827 3269 2001 3326 verat,
2034 3259 2271 3316 invisam
2304 3259 2566 3324 habebat;
2600 3260 2847 3328 quamvis
2876 3262 3021 3313 enim
3053 3275 3159 3314 una
3188 3264 3414 3317 eadem-

115 3353 290 3430 cipies
345 3360 404 3405 et
456 3353 630 3419 paries
663 3351 744 3413 ⁸⁸ς
788 3364 1127 3419 nequaquam
1164 3349 1344 3404 subito
1380 3350 1538 3404 tidem
1581 3348 1725 3402 illius
1828 3369 1936 3423 que
1986 3353 2242 3407 manebat
2291 3351 2468 3420 ipsius
2519 3349 2761 3404 Thamar
2799 3349 2972 3404 forma
3021 3363 3146 3406 ante
3195 3363 3249 3406 et
3297 3363 3419 3422 post

118 3444 320 3499 verbis
363 3443 639 3506 adhibuit,
691 3456 758 3496 co
809 3441 952 3512 quod
1008 3440 1312 3495 inauditum
1350 3447 1508 3493 antea
1556 3449 1723 3502 esset,
1827 3445 2126 3499 atlrnissum
2177 3453 2449 3511 stuprum,
2499 3450 2685 3495 tamen
2737 3457 2901 3511 quam
2959 3444 3114 3513 prius
3147 3443 3314 3498 frater
3348 3445 3420 3497 ob

109 3536 415 3607 virginem
469 3536 790 3606 ρερςτὶεεθς
844 3534 939 3589 sed
987 3549 1107 3587 cum
1164 3533 1318 3601 ipso.
1372 3528 1724 3598 ἀίεοερωηιιο
1827 3544 2166 3590 venustatem
2192 3534 2496 3598 adamarat,
2525 3545 2817 3603 postquam
2846 3549 2940 3601 per
2967 3545 3249 3603 peccatum
3277 3550 3421 3592 esset

110 3643 240 3682 rem
293 3628 617 3694 expendere
661 3624 930 3693 occmpit,
983 3623 1170 3677 dicens
1220 3639 1236 3675 :
1284 3619 1560 3686 Quomodo
1610 3619 1726 3687 fieri
1830 3627 2057 3689 abusus,
2109 3613 2238 3678 odio
2285 3625 2723 3692 prosequebatur
2751 3621 2818 3678 ".
2871 3623 3059 3692 Itaque
3105 3626 3274 3678 arbor
3329 3627 3419 3679 illa

106 3725 300 3787 ροιεει
335 3725 402 3768 ut
433 3715 530 3767 hoc
555 3715 777 3780 eveniat,
804 3712 1013 3783 quando
1038 3713 1117 3766 vir
1141 3711 1271 3765 mihi
1298 3721 1453 3765 notus
1478 3726 1584 3764 non
1611 3711 1726 3764 est?
1830 3731 1952 3785 qua!
1986 3714 2102 3785 pari
2153 3713 2558 3784 pulchritudine
2603 3714 2706 3772 fuit
2749 3731 2871 3769 cum
2906 3715 2973 3769 de
3021 3719 3133 3785 ipsa
3182 3715 3419 3770 ferretur

108 3811 262 3874 δῖνον
295 3809 490 3864 υἱηηη
523 3823 627 3861 non
659 3822 914 3876 cognosco
934 3809 981 3840 "
1003 3805 1029 3858 2
1073 3813 1131 3860 ιιι
1161 3805 1272 3859 alia
1315 3804 1518 3858 habent
1544 3815 1727 3857 exent-
1833 3804 1919 3862 lex
1950 3813 2006 3861 et
2055 3821 2180 3859 cum
2232 3816 2377 3860 esset
2415 3806 2649 3861 daemoni
2692 3805 2902 3860 fraudis
2944 3807 3195 3869 materia,
3229 3823 3293 3861 ac
3326 3809 3421 3860 tle.-

106 3906 333 3976 plaria.
400 3903 486 3957 Ad
541 3902 663 3966 hoc,
713 3901 848 3957 abiit
895 3902 1071 3956 visum
1123 3901 1284 3955 etiam
1336 3899 1466 3952 illud
1514 3898 1726 3967 signum
1832 3901 1998 3968 nique
2043 3906 2167 3968 post
2206 3898 2523 3966 decerptum
2562 3905 2956 3966 gustatumque
2987 3912 3017 3951 a
3051 3897 3281 3952 mtdiere
3311 3899 3426 3953 fru-

102 3998 273 4067 quod
335 3992 578 4061 angelus
616 3993 857 4058 dederat,
903 4006 1014 4061 quo
1050 3992 1117 4045 de
1155 3991 1328 4059 ipsius
1384 3989 1564 4043 verbis
1605 3987 1729 4041 inde
1832 4001 2022 4055 ctum;
2064 4000 2243 4046 tamen
2294 3991 2474 4059 primo
2526 4005 2706 4059 neque
2761 3989 2989 4057 pulchra
3045 4005 3222 4060 neque
3263 3990 3422 4046 foeda

101 4091 342 4147 certior
381 4087 572 4154 fieret;
602 4085 878 4155 gravidam
913 4083 1116 4138 scilicet
1148 4080 1540 4158 Elisabetham,
1569 4079 1731 4133 steri-
1834 4083 1948 4137 visa
1981 4081 2173 4151 primis
2225 4081 2430 4135 nostris
2479 4081 2804 4158 parentibus
2851 4088 2955 4145 est,
2990 4093 3111 4134 mox
3145 4095 3274 4136 vero
3307 4078 3424 4149 pul-

102 4181 222 4236 lem
265 4175 498 4246 alioqui
534 4191 718 4229 anum.
752 4175 822 4230 At
856 4173 962 4227 Eva
994 4181 1118 4244 qua:
1152 4157 1429 4242 nunquam
1461 4171 1730 4232 audierat,
1836 4173 2106 4228 (-hcrrima
2137 4213 2152 4238 ,
2210 4172 2304 4226 sed
2374 4157 2651 4241 postremo
2721 4173 2880 4242 plane
2946 4173 3283 4229 detestabilis
3341 4184 3426 4228 est

101 4271 300 4327 Deum
349 4265 569 4323 ἱηνῖάίε
605 4267 874 4331 laborare.
903 4274 998 4320 θυι
1027 4279 1086 4320 88
1114 4263 1221 4319 diis
1256 4278 1412 4330 Pares
1445 4262 1658 4316 futuros
1687 4261 1730 4314 Si
1836 4266 2021 4321 habita
2062 4276 2350 4334 postquam
2406 4273 2690 4332 peccatum
2747 4279 2844 4333 ρει·
2901 4265 3076 4334 ipsam
3133 4267 3424 4321 admisere.

98 4362 179 4419 de
207 4360 409 4417 νειῖῑε
439 4358 634 4410 δτδθτθ
661 4363 979 4427 εαειετθηι.
1016 4353 1179 4408 Simul
1207 4357 1372 4420 διίιιιθ
1403 4351 1734 4421 Ιοίιιιειηιιυτ
1837 4357 1986 4412 Vidit
2018 4357 2197 4426 .igitur
2235 4354 2383 4424 quod
2434 4355 2660 4424 pulchra
2711 4357 3110 4425 commodaque
3159 4343 3306 4412 esset
3357 4357 3425 4411 ad

94 4468 244 4509 cum
290 4453 459 4520 ipsa,
487 4462 592 4502 non
619 4446 730 4514 jam
761 4445 999 4500 humana
1025 4442 1221 4512 aliquis
1249 4442 1431 4513 specie
1457 4443 1728 4511 apparens
1763 4445 1806 4500 Ι)
1839 4451 2164 4507 vescendum
2200 4451 2310 4520 p'rze
2345 4449 2555 4503 (tuteris
2598 4449 2831 4518 paradisi
2879 4449 3220 4518 quibuslibet
3266 4447 3426 4502 ιιι-ιιι)-

97 4548 205 4600 sed
255 4555 539 4610 serpens,
578 4537 712 4592 nihil
751 4535 991 4606 disputat
1028 4535 1096 4589 de
1140 4533 1356 4598 arbore,
1390 4532 1483 4586 sed
1534 4530 1664 4584 dlt’lt

1853 4543 2018 4608 ribus,
2061 4547 2251 4615 eoque‘
2284 4542 2494 4598 acriore
2540 4542 2592 4598 in
2640 4541 2812 4610 ipsam
2856 4542 3097 4610 appetitu
3140 4550 3294 4610 rapta
3342 4553 3425 4596 est

93 4631 624 4703 tatis‘atnbitione
668 4617 1000 4691 incenditur,
1031 4624 1423 4696 vilipenditque
1454 4622 1549 4676 Dei
1583 4625 1736 4676 matr-
1840 4631 2006 4704 quam
2036 4633 2090 4688 in
2117 4643 2437 4688 exterarum
2465 4633 2703 4704 aliquam
2729 4647 2743 4696 ;
2777 4642 2885 4686 ιιοιι
2919 4633 3064 4702 quod
3095 4632 3259 4686 arbor
3285 4633 3422 4701 ipsa,

91 4710 358 4788 da‘mm.
400 4737 579 4791 quare
610 4731 976 4775 COIIScmallec
1000 4719 1067 4774 de
1097 4733 1160 4773 εει
1192 4715 1398 4773 (“Clum
1432 4725 1517 4772 εει
1541 4708 1583 4768 δ’
1608 4713 1754 4777 divo.
1844 4725 1939 4781 sed
1964 4725 2092 4793 quia
2119 4724 2334 4779 feminae
2357 4725 2572 4780 αιιὶιιιυε
2595 4732 2740 4778 esset
2765 4732 3011 4778 mutatus
3039 4736 3135 4795 per
3157 4723 3426 4792 serpentis

90 4817 275 4875 [lose
327 4833 348 4872 :
399 4813 478 4868 Et
511 4813 633 4866 vidit
667 4811 858 4865 ntulier
893 4812 1030 4880 quod
1060 4810 1280 4890 pulchra
1311 4817 1444 4862 esset
1477 4806 1634 4860 arbor

1850 4818 2129 4894 fraudem,
2192 4819 2284 4887 qui
2339 4817 2587 4871 muliebri
2644 4816 2968 4871 crudelitate
3021 4825 3182 4884 atque
3236 4813 3422 4869 effreni

91 4907 498 4970 testandum,
531 4911 581 4959 et
611 4904 904 4972 επρειίὸὶιῑε
939 4903 1124 4969 οεαιῖεο
1173 4910 1332 4972 atque
1368 4898 1731 4954 άεδίάθναόίίὶε
1841 4907 2068 4961 libidine
2100 4907 2272 4975 ipsam
2309 4907 2504 4976 agebat
2537 4906 2881 4976 priet-ipitcm'
2900 4908 2965 4960 ad
2996 4906 3425 4958 eam'arbart-m.

86 5011 417 5076 spectata.
478 4995 699 5052 Viderat
749 4995 966 5066 quidem
1022 4992 1223 5049 femina
1283 4993 1534 5048 arborem
1584 4991 1731 5044 illam
1842 4996 2113 5052 Caeterum
2150 4996 2331 5067 aptior
2363 4996 2538 5051 videri
2583 4998 2755 5067 possit
2794 4996 3085 5050 verbortnn
3125 5004 3426 5056 structura.

86 5083 292 5154 etiam
353 5090 528 5160 prius
566 5103 728 5160 quam
760 5089 922 5153 illam
975 5097 1200 5155 serpens
1248 5085 1516 5150 adiisset,
1559 5099 1736 5153 neque
1839 5084 1890 5143 'si
1933 5089 2013 5144 sic
2045 5088 2314 5158 legatur:
2356 5088 2425 5143 Et
2465 5085 2600 5142 vidit}
2626 5088 2816 5141 mulier
2853 5088 2992 5156 quod
3041 5086 3262 5153 pulchra
3297 5099 3431 5140 esset

84 5190 268 5246 enim
335 5179 579 5254 ρόιοτεί
632 5180 747 5248 108°
801 5180 1031 5234 inhiberi
1085 5175 1186 5246 ίβῖί
1241 5178 1406 5232 πῦον
1458 5191 1565 5230 ηοιι
1601 5175 1737 5228 νῖδιι·
1849 5181 2008 5234 arbor
2043 5170 2318 5244 oeulis,”
2351 5178 2640 5250 expetibifis
2689 5178 3145 5243 ad'aesnendum;
3182 5177 3429 5246 pulchri-

84 5281 283 5352 Quod
331 5288 492 5331 vero
537 5271 717 5328 Moses
760 5272 871 5343 jam
918 5272 1016 5335 ait,
1054 5270 1243 5324 cidisse
1280 5269 1551 5349 mulierem
1601 5267 1740 5338 quod
1847 5273 1983 5328 "tudo
2021 5277 2167 5330 enim
2197 5275 2265 5329 ad
2298 5273 2575 5344 spectandi
2609 5287 2832 5327 sensum
2886 5275 3140 5343 pertinet,
3175 5283 3234 5325 ut
3262 5287 3433 5342 appe-

83 5373 366 5450 pulchra
400 5377 548 5422 esset
577 5367 736 5422 arbor
756 5359 823 5420 ad
849 5364 1178 5429 vescendum,
1204 5359 1260 5418 et
1287 5379 1416 5433 qua
1435 5359 1742 5432 sequuntur
1842 5355 1987 5451 titus
2021 5366 2090 5420 ad
2125 5365 2332 5421 cibum.
2366 5364 2469 5419 Sed
2516 5365 2620 5418 hoc
2650 5363 2779 5418 alibi
2812 5362 2924 5434 jam
2956 5379 2987 5418 a
3018 5363 3178 5417 nobis
3209 5373 3292 5418 est
3321 5372 3432 5418 tra-

87 5467 249 5529 alia.
314 5459 589 5517 ostendit
636 5457 744 5512 alio
795 5457 974 5532 modo-
1000 5463 1126 5510 ante
1156 5453 1420 5508 daemonis
1453 5467 1739 5508 accessum
1853 5465 2080 5512 clatum.
2118 5456 2385 5512 Est'v‘ero‘
2412 5461 2465 5508 ct
2499 5454 2602 5508 hoc
2642 5453 3186 5509 animadvertendum
3221 5470 3289 5510 ex
3321 5454 3434 5511 illis

80 5563 306 5618 visam
353 5552 446 5608 ab
481 5550 568 5604 illa
601 5549 770 5604 fuisse
798 5551 1074 5613 arborem,
1106 5547 1215 5603 alio
1247 5557 1392 5616 post.
1424 5547 1566 5600 Ante
1595 5545 1740 5598 enim
1857 5549 2034 5603 verbis
2077 5566 2091 5603 :
2136 5549 2201 5601 Et
2244 5547 2367 5601 vidit
2424 5546 2637 5616 ntulicr,
2693 5557 2823 5613 ete.,
2870 5545 3051 5616 colligi
3100 5546 3275 5617 ipsam
3325 5562 3430 5601 non

172 5739 233 5770 ⁸³
269 5736 442 5793 Luc.
507 5745 543 5790 ι,
587 5730 674 5783 51.
750 5728 794 5763 υ
829 5729 962 5783 ΙΞιίίΙ.
1013 5729 1102 5783 ει.
1177 5730 1222 5764 ³⁸
1255 5727 1296 5783 ll
1332 5727 1462 5802 Reg.
1501 5744 1622 5797 xm,
1661 5729 1682 5783 l
1721 5741 1894 5798 seqq.—

531 5828 797 5888 Ρλτιιοι..
848 5830 960 5888 tiu.
1011 5827 1167 5890 CXI.

3005 5817 3078 5880 18
