3982 6346
639 371 739 434 5ἴι5

1902 360 2128 419 MDSIS
2171 357 2316 416 ΒΔΗ
2356 348 2602 418 CEPIIA

3733 363 3831 423 556

640 488 818 542 subito
859 501 920 538 ac
957 499 1181 553 prope-rc
1231 485 1295 535 de
1339 483 1530 535 arlzorc
1579 489 1846 551 gustasse,
1896 479 1989 533 sed
2025 479 2192 532 multa
2225 481 2264 534 Α
2296 482 2596 544 acceperat,
2632 474 2872 527 futurum
2905 481 2964 526 ut
2991 486 3096 525 non
3130 473 3302 526 solum
3342 487 3445 524 non
3485 485 3836 536 morerentur,

640 578 786 642 prius
839 591 1024 627 secum
1076 573 1385 627 nit-ditatum
1429 588 1441 623 :
1477 583 1634 639 atque
1683 586 1804 623 cum
1844 569 2011 630 illam,
2049 569 2198 634 juxta

640 666 898 720 insistens
947 665 1018 719 ob
1070 665 1256 718 oculos
1313 663 1531 716 haberet
1585 679 1598 715 :
1647 669 2051 729 aspectantrm,
2097 659 2198 711 alia

640 768 802 826 atque
844 757 947 810 alia
991 757 1172 809 animo
1201 754 1437 809 voluisse
1469 771 1483 807 :
1521 750 1585 804 Et
1617 753 1810 820 accepit
1841 751 1904 804 de
1949 751 2201 818 fructibus

641 849 807 914 ipsius
839 856 886 900 et
918 845 1045 898 edit.

711 936 817 990 Cur
868 933 979 987 Era
1030 944 1149 988 ante
1204 942 1440 987 vocatum
1493 932 1756 986 Adamum
1805 933 2088 1001 gustaverit
2140 933 2202 986 de

644 1027 826 1080 arbore
854 1027 1106 1083 scientirr.
1134 1007 1202 1065 -Ῑ-
1229 1025 1444 1090 Quazrut
1477 1024 1696 1092 aliquis,
1724 1039 1822 1078 cur
1855 1039 1961 1078 non
1996 1024 2202 1078 vocarit

644 1117 951 1181 Adamum,
1002 1124 1058 1170 ut
1104 1116 1150 1170 is
1188 1117 1338 1184 prior
1379 1114 1594 1168 ederet!
1639 1113 1893 1166 nimirum
1934 1112 2196 1167 transfor-

648 1208 784 1262 mari
822 1209 939 1278 ipsa
971 1210 1116 1276 prior
1145 1206 1398 1276 cupiebat
1433 1206 1485 1260 in
1517 1204 1698 1270 deum,
1723 1206 2010 1274 virumque
2043 1219 2200 1259 suum

645 1302 928 1356 divinitate
978 1298 1288 1354 antevenire
1333 1297 1426 1367 qui
1476 1312 1534 1352 se
1585 1296 1922 1352 humanitate
1970 1287 2204 1366 praeces-

645 1401 813 1454 serat,
867 1403 976 1458 quo
1027 1389 1126 1442 hac
1176 1387 1388 1442 ratione
1439 1384 1965 1440 administrationem
2020 1399 2201 1439 rerum

651 1495 758 1551 pra:
794 1480 886 1532 illo
933 1486 1094 1547 atque
1145 1478 1432 1546 imperium
1481 1473 1749 1528 obtineret
1796 1490 1810 1526 :
1861 1473 2205 1528 existimabat

643 1571 785 1623 enim
837 1568 1000 1624 simul
1039 1575 1202 1638 atque
1241 1574 1506 1637 gustaret,
1546 1565 1813 1636 evestigio
1858 1566 1914 1620 in
1959 1566 2114 1620 deam
2148 1579 2206 1620 se

647 1661 1094 1715 transformatum
1135 1659 1200 1713 iri
1243 1673 1342 1728 pro
1390 1657 1594 1712 fallacis
1644 1659 1912 1726 serpentis
1957 1656 2202 1712 consilio.
2249 1702 2252 1704 .

649 1755 883 1807 liursum
916 1753 1085 1822 quarri
1117 1760 1316 1820 potest,
1351 1750 1702 1819 quamobrem
1737 1763 1843 1802 non
1878 1759 2002 1802 sunt
2035 1749 2202 1819 aperti

649 1845 889 1898 mulieris
925 1844 1088 1908 oculi,
1126 1843 1517 1912 agnos-eritque
1553 1856 1707 1896 suam
1748 1842 1863 1910 ipsa
1907 1840 2203 1894 nuditatem

653 1950 771 1989 mos
810 1934 901 1988 ubi
937 1935 1139 1988 edisset
1178 1949 1302 1988 eum
1336 1932 1599 1997 fructum,
1633 1931 1772 1986 sicut
1811 1932 2008 1985 accidit
2073 1931 2209 1985 utri.

648 2042 752 2090 que
785 2035 1069 2094 postquam
1102 2024 1339 2079 edissent
1387 2024 1565 2078 ambo.
1604 2021 1780 2091 Hujus
1808 2023 1884 2074 rei
1923 2023 2036 2077 haec
2085 2021 2207 2076 red-

647 2117 822 2168 denda
854 2124 936 2168 est
980 2114 1120 2169 ratio
1150 2131 1164 2167 :
1197 2113 1243 2167 si
1279 2113 1365 2167 illa
1406 2114 1569 2167 simul
1615 2125 1777 2184 atque
1813 2116 1958 2184 prior
1988 2116 2205 2183 edisset,

648 2202 987 2257 verecundite
1017 2217 1182 2257 sensu
1216 2200 1410 2255 fuisset
1445 2201 1716 2272 perculsa,
1749 2205 2030 2260 metuisset
2064 2204 2209 2258 Ada-

649 2309 769 2347 mus
830 2304 998 2361 atque
1059 2291 1454 2356 abstinuisset,
1520 2307 1698 2362 neque
1764 2301 1942 2347 tamen
1995 2309 2060 2348 ea
2104 2295 2208 2350 sibi

648 2388 974 2442 abstinentia
1025 2386 1252 2456 iustitia:
1299 2385 1513 2440 laudem
1563 2384 1726 2439 ullam
1778 2387 2096 2451 meruisset,
2148 2396 2210 2439 ut

653 2481 743 2548 qui
776 2494 884 2533 non
909 2478 1112 2532 divina:
1141 2477 1275 2546 legis
1305 2477 1605 2532 reverentia
1631 2484 1686 2530 et
1713 2483 1958 2544 respectu
1989 2477 2082 2531 sed
2114 2491 2210 2546 per

653 2569 837 2623 uxoris
884 2568 1142 2636 pudorem
1193 2553 1385 2620 fuisset
1433 2565 1728 2620 cohibitus.
1775 2564 1947 2632 Igitur
1988 2565 2208 2634 quando

649 2668 922 2713 certamen
953 2673 1019 2711 ex
1051 2671 1206 2728 :equo
1239 2655 1307 2712 ad
1347 2666 1636 2724 utrumque
1673 2655 1974 2724 spectabat,
2007 2652 2208 2710 iacien-

653 2755 890 2820 dumque
919 2759 1036 2804 erat
1084 2749 1382 2819 periculum
1415 2746 1794 2816 tle-utriusque
1837 2747 1999 2800 simul
2033 2747 2210 2801 indole

654 2863 716 2899 ac
743 2847 1052 2907 voluntate;
1087 2839 1300 2904 distulit
1332 2841 1472 2893 Deus
1501 2839 1621 2892 Eva:
1648 2837 2055 2904 verecundiam,
2082 2837 2209 2890 eﬂ'e-

652 2939 833 3004 t-itque
877 2949 943 2988 ne
974 2935 1145 3003 ipsam
1176 2930 1341 2987 simul
1369 2945 1488 2985 cum
1517 2938 1729 3000 gustato
1774 2928 1952 2983 fructu
1987 2927 2213 2998 puderet

655 3025 934 3078 nuditatis.
966 3023 1030 3075 Et
1057 3022 1194 3076 dedit
1222 3022 1381 3074 etiam
1405 3022 1512 3074 viro
1539 3035 1633 3072 suo
1662 3034 1857 3084 secum,
1885 3027 1936 3072 et
1964 3017 2208 3072 comedit.

656 3115 1156 3170 l‘lsistintanalumtie
1185 3121 1269 3166 est
1303 3111 1390 3164 hic
1422 3109 1696 3163 mulierem
1741 3109 2064 3177 simpliciter
2094 3108 2213 3161 viro
2242 3144 2285 3200 ε

657 3206 992 3273 pur-rexisse,
1049 3204 1223 3255 virum
1280 3217 1404 3254 vero
1453 3199 1651 3262 edisse,
1704 3215 1826 3252 cum
1902 3212 2074 3267 neque
2124 3197 2214 3250 illa

657 3298 873 3350 verbum
909 3297 1076 3347 ullum
1110 3292 1176 3347 ad
1219 3294 1392 3361 ipsum
1425 3290 1644 3353 faceret,
1676 3305 1849 3358 neque
1879 3289 1994 3357 ipse
2023 3303 2216 3343 rursus

657 3387 798 3454 apud
843 3385 988 3437 illam
1035 3384 1101 3436 de
1129 3396 1192 3434 eo
1232 3381 1352 3433 cibo
1383 3377 1744 3446 disquireret?
1783 3378 1924 3432 Sane
1952 3392 2052 3431 nos
2079 3392 2212 3432 cen-

658 3491 841 3530 semus
869 3485 921 3528 et
949 3476 1124 3527 virum
1164 3471 1232 3525 de
1262 3471 1384 3524 cibo
1424 3468 1821 3537 disquisivisse,
1849 3477 1903 3522 et
1934 3467 2214 3521 mulierem

658 3567 758 3636 ipsi
798 3576 909 3618 tum
956 3579 1018 3618 ea
1065 3562 1225 3642 verba
1269 3559 1520 3614 retulisse
1554 3557 1697 3626 quod
1743 3571 1969 3624 serpens
2005 3555 2214 3610 damon

658 3660 761 3713 sibi
807 3659 1048 3720 dixerat,
1102 3665 1212 3707 tum
1269 3651 1376 3706 alia
1430 3659 1687 3719 prmterea
1737 3663 1802 3702 ex
1855 3661 1956 3700 suo
2001 3646 2216 3714 ingenio

659 3751 920 3820 adjecisse
961 3765 1081 3818 qme
1129 3747 1192 3800 ad
1244 3743 1680 3814 persuadendum
1727 3740 1990 3793 Adamnm
2039 3737 2218 3792 facere

660 3849 872 3908 putaret
923 3839 1135 3906 :idquc
1175 3835 1262 3888 bis
1301 3832 1602 3886 rationibus
1647 3827 2006 3882 demonstrari
2058 3839 2218 3895 posse

656 3933 1057 4000 existimamus.
1091 3928 1273 3981 Primo
1318 3926 1462 3979 enim
1512 3938 1633 3978 cum
1683 3915 1814 3974 ante
1842 3919 2096 3975 violatam
2138 3918 2217 3970 le-

659 4040 800 4093 gum,
841 4037 1047 4090 magna:
1085 4034 1228 4073 cura:
1258 4015 1423 4068 fuerit
1451 4013 1664 4082 utrique
1695 4027 1763 4066 ne
1791 4011 1917 4080 quid
1954 4009 2217 4064 adversus

662 4114 750 4166 Dei
788 4112 942 4180 jussu
987 4109 1415 4167 committerent,
1462 4116 1566 4155 non
1608 4102 1785 4172 potuit
1836 4099 2077 4168 proiecto
2107 4096 2215 4151 Eva

564 4204 567 4205 ⁷
660 4201 984 4272 porrigendo
1035 4199 1196 4252 modo
1247 4196 1428 4250 cibum
1489 4192 1712 4247 vetitum
1768 4205 1940 4259 neque
1992 4189 2216 4244 verbum

661 4295 825 4347 ullum
871 4292 1116 4346 addendo
1156 4289 1411 4342 inducere
1447 4284 1716 4336 Adamum
1762 4283 1827 4335 ad
1869 4280 2219 4343 vescendum,

660 4386 792 4438 nihil
828 4397 1050 4453 prorsus
1094 4379 1160 4433 de
1189 4393 1255 4432 eo
1298 4374 1442 4446 quod
1475 4373 1873 4445 porrigebatur,
1908 4371 2215 4440 disquircn-

2301 580 2485 619 rerum
2532 565 2692 620 etiam
2748 563 2972 618 deorum
3025 563 3229 617 similes
3278 565 3599 625 evaderent,
3644 573 3698 616 et
3742 565 3844 617 alia

2301 659 2521 725 insuper
2554 655 2826 710 aﬂinxisse
2862 655 3059 725 quibus
3106 654 3356 707 maritum
3410 654 3474 707 ad
3527 653 3846 707 vescendum

2301 750 2595 821 pelliceret,
2645 745 2807 819 atque
2853 748 2923 802 ita
2962 757 3249 816 utrumque
3287 745 3487 806 edisse,
3536 744 3850 813 facinusque

2301 842 2592 911 pessimum
2628 841 2926 894 admisisse.
2962 839 3100 904 Quin
3133 838 3387 892 dominus
3444 835 3673 905 Ephrem
3716 834 3848 888 seri.

2304 933 2401 996 bit,
2446 931 2608 986 Evam
2642 930 2808 986 multa
2857 929 3242 999 pollicitatione
3285 928 3609 983 sollicitasse
3649 930 3853 992 virum,

2303 1032 2462 1094 atque
2507 1025 2573 1078 ad
2621 1024 2944 1078 vescendum
2986 1022 3284 1088 induxisse,
3339 1029 3593 1076 caeterum
3644 1019 3855 1084 Mosen,

2303 1116 2501 1185 quibus
2551 1130 2646 1170 usa
2695 1115 2810 1184 ipsa
2859 1114 2931 1168 sit
2965 1113 3180 1180 verbis,
3234 1111 3683 1184 prsetermisisse,
3728 1128 3858 1168 cum

2305 1216 2447 1262 esset
2473 1215 2765 1262 contentus
2790 1206 3040 1261 docuisse
3072 1220 3171 1261 nos
3201 1205 3454 1260 feminam
3489 1206 3610 1259 viro
3637 1219 3863 1259 causam

2305 1297 2566 1352 violanda:
2600 1297 2732 1368 legis
2770 1296 2957 1363 fuisse,
2996 1311 3062 1351 eo
3091 1296 3235 1367 quod
3271 1298 3463 1352 vetitos
3507 1294 3718 1350 fructus
3750 1295 3861 1365 ipsi

2304 1388 2540 1443 edendos
2579 1387 3048 1464 subministrarlt,
3100 1395 3154 1442 et
3195 1387 3358 1441 simul
3406 1387 3620 1440 animos
3665 1385 3867 1439 edendi

2307 1478 2572 1534 addiderit
2607 1496 2622 1533 :
2653 1480 2919 1547 serpentis
2950 1492 3078 1533 vero
3109 1479 3269 1532 verba
3301 1469 3497 1531 litteris
3529 1475 3864 1546 prodidisse.

2307 1577 2368 1622 ut
2409 1583 2532 1623 eum
2574 1567 2999 1638 intelligeremus
3042 1565 3214 1636 ipsum
3263 1581 3382 1620 esse
3428 1567 3642 1634 generis
3688 1565 3868 1620 nostri

2309 1673 2652 1714 communem
2696 1661 2926 1720 hostem.
2961 1673 3134 1728 eoque
3169 1657 3394 1712 insidias
3443 1658 3873 1726 improbitatem-

2309 1765 2414 1821 que
2465 1749 2658 1820 ipsius,
2708 1749 2986 1811 evitandi,
3039 1749 3212 1819 major
3261 1749 3415 1804 nobis
3466 1749 3647 1803 cautio
3696 1758 3870 1803 esset.

2311 1839 2480 1895 Porro
2516 1855 2636 1911 quae
2687 1838 2850 1894 fuerit
2888 1840 3049 1895 arbor
3077 1843 3144 1896 de
3187 1854 3292 1910 qua
3317 1840 3545 1896 ederunt
3592 1841 3774 1895 Adam
3821 1851 3874 1895 et

2312 1931 2442 1995 Eva,
2482 1941 2536 1988 et
2577 1946 2864 2004 quemnam
2916 1931 3148 1987 fructum
3185 1925 3490 2001 gusta'rint,
3525 1948 3695 2002 supra
3729 1941 3816 1987 est
3845 1948 3874 1985 a

2314 2023 2468 2079 nobis
2517 2031 2922 2092 pertractatum.
2975 2021 3054 2077 Ad
3112 2020 3227 2076 luce
3287 2021 3416 2076 illud
3466 2022 3632 2077 etiam
3687 2038 3874 2093 operm

2312 2114 2544 2184 pretium
2581 2113 2743 2168 fuerit
2778 2113 3227 2168 animadvertisse
3275 2129 3290 2167 :
3339 2127 3461 2169 cum
3510 2113 3780 2183 quisquis
3821 2129 3876 2165 re

2313 2206 2489 2275 aliqua
2534 2204 2790 2270 vescitur,
2833 2213 2928 2257 aut
2968 2201 3126 2256 famis
3160 2203 3480 2258 necessitate
3513 2203 3750 2272 impelli,
3787 2216 3877 2255 aut

2314 2299 2392 2354 rei
2423 2297 2540 2366 eius
2578 2296 2802 2350 libidine
2837 2293 3202 2364 eﬂ'renataque
3238 2292 3566 2363 cupiditate;
3596 2294 3875 2348 Adamum

2314 2387 2459 2462 nulla
2495 2387 2637 2440 fame
2666 2393 2910 2454 cogente,
2956 2383 3050 2438 sed
3094 2383 3314 2438 libidine
3357 2383 3640 2447 suadente,
3675 2385 3755 2440 de
3789 2387 3876 2440 ilia

2315 2479 2509 2532 arbore
2537 2477 2737 2541 edisse,
2775 2490 2838 2531 ac
2880 2475 3102 2544 proinde
3129 2477 3176 2530 ei
3205 2476 3665 2546 concupiscentia
3695 2481 3881 2532 colu--

2314 2571 2454 2626 sisse
2481 2576 2785 2636 peceatum.
2819 2564 2953 2620 Nam
2986 2575 3043 2620 ut
3076 2558 3470 2637 apostolorum
3492 2568 3724 2638 quidam
3759 2569 3883 2624 ait:

2314 2658 2744 2728 Concupiscentia
2801 2657 3026 2719 concipit
3073 2667 3123 2712 et
3172 2659 3314 2727 parit
3376 2667 3644 2728 peccatum
3689 2658 3771 2714 “.
3827 2659 3882 2714 Si

2315 2753 2458 2807 enim
2486 2765 2589 2804 non
2612 2764 2706 2820 per
2731 2746 3030 2810 libidinem,
3063 2746 3156 2802 sed
3187 2757 3245 2802 ut
3267 2747 3358 2818 qui
3376 2749 3722 2804 nutrimento
3745 2765 3887 2820 opus

2315 2844 2556 2904 haberet,
2599 2838 2817 2901 edisset,
2854 2839 2921 2892 de
2950 2841 3161 2895 ueteris
3197 2838 3398 2895 edisset
3440 2841 3740 2896 artioribus
3774 2845 3884 2896 situ

2316 2933 2368 2986 in
2401 2940 2610 3001 pastum
2661 2931 2961 3000 permissis,
3001 2944 3110 2985 non
3153 2931 3218 2985 de
3261 2946 3324 2986 ea
3371 2941 3549 2986 autem
3595 2947 3730 3001 qua:
3760 2935 3887 2986 sola

2316 3023 2414 3078 sibi
2446 3023 2624 3076 fuerat
2644 3023 2804 3076 vetita
2830 3039 2844 3075 :
2872 3021 3049 3090 itaque
3078 3019 3251 3076 iames
3273 3031 3423 3078 extra
3454 3033 3650 3078 noxam
3691 3023 3889 3078 futura

2316 3119 2463 3175 erat,
2496 3125 2620 3164 cum
2667 3109 3102 3179 concupiscentia
3143 3126 3264 3164 cum
3310 3122 3533 3182 peccato
3573 3113 3887 3182 conjuncta

2316 3201 2422 3268 sit;
2455 3201 2652 3270 quippe
2686 3201 2822 3254 hanc
2863 3200 3104 3254 ciborum
3151 3202 3390 3256 luxuries
3429 3202 3748 3264 comitatur,
3786 3204 3886 3270 qui

2317 3304 2441 3343 vero
2475 3289 2728 3358 ingluviei
2770 3289 3066 3360 indulgent.
3104 3292 3172 3345 ad
3217 3305 3464 3344 venerem
3506 3292 3660 3361 proni
3716 3296 3884 3352 lium,

2320 3391 2503 3450 utpote
2540 3379 2734 3449 gulosi,
2785 3381 2960 3434 ventri
3010 3379 3324 3449 mancipati,
3360 3380 3582 3450 prujet-ti
3630 3381 3884 3450 denique

2300 3473 2383 3526 .ad
2432 3470 2835 3535 ebriositatem,
2883 3486 3001 3549 qua:
3046 3472 3169 3524 vitia
3219 3481 3380 3540 atque
3432 3470 3667 3523 maxima
3729 3483 3886 3525 sunt.

2323 3557 2546 3613 Veneris
2595 3573 2758 3628 porro
2806 3558 3034 3612 comites
3083 3567 3209 3612 sunt
3260 3557 3506 3619 scortari,
3551 3560 3889 3622 adulterari,

2315 3664 2440 3704 cum
2488 3650 2727 3703 maribus
2773 3648 2969 3718 corpds
3014 3648 3369 3704 commiscere
3421 3666 3435 3701 :
3485 3665 3607 3718 qua:
3651 3661 3713 3704 et
3761 3651 3884 3718 ipsa

2315 3739 2514 3807 ﬂagitia
2544 3748 2691 3794 sunt.
2721 3735 2788 3791 Et
2818 3738 2987 3805 aperti
3016 3746 3136 3790 sunt
3164 3737 3300 3792 oculi
3331 3738 3624 3791 amborum.

2387 3830 2550 3884 Musis
2587 3840 2634 3886 ct
2683 3830 2932 3897 serpentis
2969 3829 3112 3880 dicta
3151 3829 3215 3881 de
3260 3827 3548 3897 aperiendis
3582 3828 3888 3893 primorum

2315 3931 2586 3992 parentum
2625 3921 2809 3972 oculis.
2837 3949 2907 3959 -—
2937 3919 3074 3972 Sunt
3113 3920 3202 3988 qui
3253 3929 3451 3973 temere
3497 3929 3664 3988 atque
3711 3921 3887 3974 etiam

2318 4013 2657 4081 impudenter
2698 4010 2899 4074 dicant,
2945 4009 3053 4076 jam
3101 4023 3242 4064 nunc
3291 4009 3420 4062 illud
3466 4009 3688 4063 evenire
3733 4013 3888 4078 qum!

2315 4118 2542 4174 serpens
2566 4105 2704 4172 (hoc
2741 4111 2823 4155 est
2863 4101 3113 4167 Satanas)
3141 4099 3254 4154 fore
3299 4101 3647 4169 prmdixerat;
3685 4117 3887 4167 nempe

2318 4195 2364 4251 si
2407 4193 2577 4247 Adam
2620 4190 2838 4260 Eraque
2887 4191 3111 4244 ederent
3143 4189 3210 4245 de
3253 4189 3343 4244 illa
3372 4192 3583 4251 arbore,
3619 4199 3882 4258 apertum

2317 4287 2382 4340 iri
2417 4286 2661 4354 ipsorum
2689 4281 2876 4336 oculos
2906 4280 2926 4334 ἐ
2961 4281 3009 4334 id
3037 4280 3184 4334 enim
3216 4280 3301 4334 hic
3329 4290 3510 4335 narrat
3539 4277 3721 4334 Moses
3757 4292 3881 4347 rost

2319 4385 2589 4448 gustatum
2648 4373 2831 4428 cibum
2883 4373 3107 4427 velitum
3166 4372 3294 4441 ipsis
3330 4373 3611 4427 accidisse.
3666 4370 3878 4424 Verum

660 4487 762 4530 tum
793 4495 805 4529 :
831 4473 1022 4528 deinde
1045 4472 1089 4525 si
1116 4468 1434 4538 simpliciter
1465 4477 1745 4534 acceptum
1773 4462 1958 4518 cibum
1990 4462 2214 4523 edisset,
2247 4481 2290 4539 ι)
2319 4479 2419 4518 nos
2462 4460 2873 4530 respondemus,
2905 4459 3060 4512 aliter
3105 4457 3310 4523 Mosen,
3355 4456 3512 4512 aliter
3559 4468 3878 4526 serpentem

662 4559 882 4636 ignarus
923 4563 1211 4632 cmtcroqui
1261 4559 1614 4630 quamobrem
1665 4558 1867 4620 ederet,
1900 4571 1927 4608 a
1959 4568 2067 4624 quo
2095 4561 2220 4606 ante

660 4661 842 4728 jussus
885 4655 1060 4709 fuerat
1091 4653 1391 4717 abstinere,
1438 4648 1580 4702 nulla
1620 4647 1910 4701 meruisset
1937 4645 2092 4713 culpa
2125 4656 2221 4696 no-

664 4751 762 4804 turi
790 4751 859 4802 ob
887 4748 937 4802 id
965 4745 1112 4817 quod
1143 4743 1460 4819 simpliciter
1497 4750 1659 4809 atque
1707 4739 1996 4792 inscienter
2030 4737 2222 4788 incon-

661 4843 1000 4907 siderathue
1040 4836 1259 4892 iecisset
1293 4849 1305 4885 :
1353 4847 1475 4888 cum
1511 4846 1641 4886 vero
1685 4831 1959 4900 culpatum
2009 4834 2223 4882 constet

665 4943 945 5002 propterea
989 4929 1132 4998 quod
1181 4927 1413 4990 edisset,
1467 4923 1622 4977 facile
1699 4920 2048 4986 intelligimus
2106 4915 2218 4969 iem

668 5023 837 5089 ipsum
886 5029 1011 5073 ante
1057 5019 1125 5070 ab
1176 5015 1292 5084 ipso
1346 5025 1510 5081 atque
1547 5024 1715 5064 uxore
1769 5008 1935 5062 fuisse
1967 5013 2220 5060 accurate

605 5107 610 5110 ’
666 5125 978 5178 espcnsam.
1019 5107 1300 5162 Postremo
1328 5104 1371 5158 si
1403 5095 1510 5154 Eva
1554 5099 1749 5152 mulier
1789 5112 1886 5151 usa
1929 5108 2009 5150 est
2041 5094 2220 5147 verbis

667 5205 930 5256 adversus
972 5209 1296 5267 serpentem,
1344 5195 1589 5262 dixitque
1639 5209 1650 5244 :
1690 5189 1818 5260 Lege
1868 5188 1959 5240 Dei
2004 5186 2221 5238 interdi-

667 5307 803 5346 ctum
835 5292 980 5345 nobis
1021 5302 1094 5342 est
1125 5307 1185 5342 ea
1218 5289 1423 5350 arbore,
1473 5295 1676 5354 quanto
1708 5283 1878 5349 magis
1911 5279 2225 5333 existiman-

668 5389 794 5437 dum
843 5393 928 5437 cst
977 5382 1244 5434 Adamuui
1291 5379 1502 5431 curiose
1552 5375 1703 5445 prius
1751 5373 1818 5425 de
1884 5371 2004 5424 cibo
2063 5383 2220 5438 quem

672 5493 803 5527 urun-
872 5472 1180 5542 porrigebnt
1247 5466 1623 5534 inquisivisse,
1677 5477 1838 5532 quam
1910 5468 2222 5528 gustaret:

671 5547 889 5619 U\t)i‘i‘lll
953 5579 1078 5615 vero
1125 5572 1176 5614 et
1224 5575 1281 5614 CD
1351 5557 1694 5625 respondisse
1737 5569 1854 5623 qum
1903 5571 1930 5605 ιι
1979 5561 2225 5620 serpente

735 5748 775 5774 Η
808 5743 920 5797 Jac.
961 5754 1000 5805 l,
1042 5740 1123 5792 l5.

2318 4556 2384 4608 de
2421 4551 2728 4622 aperiendis
2775 4550 2948 4604 oculis
2995 4561 3116 4601 esse
3168 4547 3394 4602 locutos.
3448 4544 3682 4614 Serpens
3728 4551 3877 4601 enim

2317 4642 2528 4698 volebat
2569 4641 2850 4695 oculorum
2889 4647 3142 4706 apertura
3192 4635 3495 4702 signiﬁcare
3531 4636 3783 4690 futurum
3816 4651 3877 4692 ut

2317 4735 2428 4788 acri
2457 4741 2619 4801 atque
2647 4728 2946 4798 perspicaci
2966 4735 3165 4791 ,essent
3194 4725 3427 4795 ingenio,
3463 4726 3782 4793 bonumque
3810 4743 3876 4780 ac

2320 4829 2520 4880 malum
2553 4823 2773 4893 perinde
2800 4835 2862 4874 ac
2889 4819 2960 4873 dii
2990 4826 3206 4888 possent
3233 4819 3581 4887 dignoscere;
3613 4826 3667 4870 at
3699 4817 3875 4872 Moses

2323 4916 2522 4985 apertis
2569 4911 2742 4967 oculis
2789 4911 2921 4965 nihil
2967 4909 3112 4965 aliud
3163 4909 3309 4969 vult,
3357 4921 3515 4975 riuum
3565 4923 3678 4962 sua
3730 4910 3874 4977 ipsos

2325 5006 2582 5062 nuditatis
2615 5003 2717 5058 sibi
2747 5003 2992 5057 conscios
3018 5016 3137 5055 esse
3166 5001 3368 5055 factos;
3404 4999 3504 5052 huc
3527 5009 3630 5061 est,
3662 5001 3871 5066 pudore

2327 5079 2755 5165 verecundisque
2801 5093 3036 5148 aﬂ’ectos.
3089 5090 3154 5142 Et
3205 5099 3543 5158 cognorcrunt
3574 5091 3716 5157 quod
3749 5092 3872 5142 nudi

2325 5196 2490 5241 essent
2521 5202 2538 5238 :
2575 5186 2674 5239 hoc
2718 5192 2822 5245 est,
2859 5180 3051 5249 puduit
3084 5182 3228 5250 ipsos
3274 5194 3384 5233 sure
3424 5179 3708 5231 nuditatis.
3740 5179 3868 5232 Cum

2325 5278 2467 5333 enim
2504 5284 2780 5346 peccatum
2810 5273 3124 5327 detraxisset
3150 5270 3278 5338 ipsis
3305 5282 3504 5324 vestem
3536 5269 3729 5337 glorise
3768 5286 3869 5340 qua

2327 5371 2501 5423 adhuc
2535 5369 2748 5421 fuerant
2795 5365 2996 5427 amicti,
3036 5363 3286 5416 denudati
3341 5370 3508 5426 sunt,
3571 5361 3868 5431 puduitque

2327 5463 2448 5515 illos
2490 5457 2698 5511 violata:
2742 5457 2891 5524 lrgis,
2927 5463 3086 5522 atque
3123 5455 3318 5506 amissa
3353 5451 3498 5504 omni
3535 5452 3736 5505 fiducia
3768 5465 3864 5520 qua

2330 5562 2453 5604 ante
2508 5548 2774 5620 pollebant
2833 5555 3155 5617 peccatoqnc
3213 5543 3322 5611 jzun
3372 5557 3570 5613 corpus
3629 5543 3863 5612 ipsorum
