4086 6344
2328 567 2695 576 ——-————

273 445 375 512 ροι
1266 445 1582 506 SCRIPTA
1616 444 2015 503 ADVERSUS
2064 433 2611 503 ICONOMACIIOS.
3434 445 3537 507 202

2702 568 3145 581 —___.__._......_.
3164 574 3229 579 ρ..
3256 574 3465 598 :;:::._
3492 571 3527 584 ,ο

1277 689 1550 777 ANG.
1627 688 1836 774 MAI
1921 688 2554 779 Pii/EFA'I‘IO

392 844 463 904 In
530 843 592 902 S.
634 840 972 921 Nicephori
1016 836 1692 916 Constantinopolitani
1743 838 1972 916 scripta
2035 840 2332 902 adversus
2388 842 2846 905 Iconomachos
2905 846 2982 907 ab
3046 847 3186 926 ipso
3229 846 3416 908 edita.

1476 957 1796 1020 (Bibliotheca
1828 962 1871 1011 Ν
1879 975 1984 1022 ova,
2016 969 2050 1009 t.
2076 962 2130 1021 V,
2168 978 2214 1025 p.
2253 966 2321 1024 v.)

347 1078 390 1131 l.
436 1075 698 1130 Satctum
731 1073 1096 1144 Nicephorum
1120 1073 1385 1128 doctrinae
1412 1072 1744 1142 pietatisque
1780 1072 2000 1129 dotibus
2033 1085 2257 1130 cunctos
2284 1076 2597 1146 Byzantina:
2638 1075 2900 1131 Ecclesia:
2937 1090 3057 1146 just
3086 1079 3538 1149 Clnysostomum

271 1164 536 1233 pnesules
564 1178 878 1231 superasse,
917 1175 1045 1223 vere
1077 1160 1208 1214 mihi
1239 1159 1444 1214 dixisse
1471 1159 1684 1213 videtur
1710 1160 2006 1215 Anselmus
2066 1162 2395 1229 Bandurius,
2432 1164 2524 1232 qui
2560 1163 2701 1217 illius
2736 1179 2902 1233 opera
2952 1182 3018 1220 ex
3070 1183 3209 1219 ttts‘s.
3258 1168 3434 1238 colligi
3460 1184 3535 1231 re,

274 1263 330 1308 et
362 1253 571 1307 duobus
606 1251 1002 1320 comprehensa
1036 1248 1400 1303 voluminibus
1423 1249 1587 1302 edere
1635 1248 2038 1313 consuluerat;
2093 1264 2403 1319 quanquam
2441 1250 2559 1319 ejus
2584 1251 2898 1316 consilium,
2942 1259 3045 1305 noti
3097 1254 3316 1306 insolito
3346 1255 3540 1308 huma-

288 1356 482 1396 narum
516 1354 702 1394 rerum
728 1353 881 1402 casti,
919 1345 1105 1404 postea
1151 1335 1394 1391 evanuit.
1433 1334 1565 1389 Mihi
1623 1335 1677 1388 in
1707 1334 1971 1389 Vaticana
2017 1336 2344 1390 bibliotheca
2371 1337 2476 1390 duo
2508 1352 2619 1405 pra.-
2649 1340 2866 1393 cteteris
2908 1341 3180 1393 obscrtati
3216 1342 3436 1395 fuerunt
3460 1344 3541 1391 in.

286 1429 557 1483 editorum
583 1425 876 1495 Nicephori
908 1424 1233 1493 scriptorum
1262 1424 1518 1478 codices:
1560 1437 1699 1477 unus
1740 1421 1921 1477 in-iol.
1955 1423 2355 1491 pulcherrimus
2386 1432 2563 1488 Vetus,
2612 1422 2767 1491 cujus
2800 1408 3032 1494 primam
3078 1427 3328 1496 paginam
3374 1428 3490 1479 hab.
3516 1446 3541 1478 s

284 1516 339 1568 in
380 1516 480 1568 hoc
510 1523 697 1567 nostro
729 1511 1003 1566 volumine
1028 1525 1138 1566 tere
1157 1525 1448 1575 excusant;
1482 1510 1636 1578 isque
1656 1508 1904 1564 continet
1937 1528 1949 1562 :
1992 1511 2044 1563 1.
2076 1508 2486 1578 Apologeticum
2517 1526 2612 1577 pro
2643 1511 2817 1565 sacris
2849 1511 3381 1581 Iltlagiltlhns(:jttt:ttl
3417 1516 3540 1564 dlcu

278 1602 563 1672 majorem,
592 1611 702 1655 uta
735 1601 947 1654 minore
985 1599 1092 1653 alio
1121 1600 1477 1668 distinguant,
1515 1604 1582 1652 de
1612 1614 1721 1667 quo
1753 1598 1937 1663 mox);
1971 1596 2024 1649 2.
2061 1595 2195 1649 Tres
2222 1598 2483 1650 adversus
2519 1596 2933 1651 Constantinum
2963 1599 3387 1668 Copronytunm,
3418 1598 3537 1650 lcu-

279 1677 603 1744 nomachum
632 1690 831 1753 dirum,
857 1687 1279 1742 Antirrheticos.
1300 1686 1452 1740 Alter
1478 1695 1658 1739 autem
1682 1684 1864 1753 (quem
1895 1684 2056 1753 paulo
2079 1685 2253 1738 serius
2276 1694 2453 1751 empta
2469 1683 2582 1753 jam
2612 1684 2851 1739 editione
2884 1686 3107 1755 reperi),
3139 1703 3352 1754 priscos
3382 1704 3537 1754 teque

277 1779 469 1839 codex,
496 1777 835 1846 subjunctam
874 1772 1095 1830 Nicaeae
1129 1789 1169 1828 ll
1202 1773 1434 1829 concilio
1457 1772 1685 1842 praebuit
1733 1770 1868 1825 tnihi
1899 1770 2144 1839 ejusdem
2181 1771 2471 1840 Nicephori
2491 1774 2794 1827 orationem
2826 1788 2919 1826 seu
2956 1773 3196 1826 libellum
3231 1789 3325 1844 pro
3362 1792 3543 1827 saetis

277 1866 408 1919 item
443 1864 794 1934 imaginibus,
814 1878 973 1930 quem
1004 1847 1400 1932 Apolageticunt
1421 1862 1673 1914 minorem
1696 1859 1977 1927 inscripsi.
2005 1857 2174 1911 l’orro
2207 1858 2350 1912 hunc
2382 1858 2647 1914 minorem
2676 1879 2702 1912 a
2732 1858 3041 1928 Nicephoro
3073 1859 3245 1915 fuisse
3274 1863 3542 1927 ςυιιψυκλ-

281 1963 390 2005 tum
425 1954 527 2006 sub
572 1950 754 2004 Leone
782 1950 1064 2013 Armenio,
1092 1949 1295 2018 pariter
1317 1947 1697 2012 lconomacho,
1750 1960 1894 1999 anno
1920 1945 2060 2009 813;
2113 1944 2374 2013 majorem
2401 1956 2603 2012 autem,
2642 1956 2898 2015 regnante
2931 1947 3143 2010 eodem,
3173 1962 3264 1999 an.
3290 1948 3414 2008 Si},
3444 1964 3540 1998 tic-

280 2040 579 2093 monstravi
607 2040 660 2092 itt
684 2047 836 2109 parte
875 2037 1163 2091 voluminis
1197 2036 1389 2090 Latina
1429 2052 1483 2105 p.
1522 2035 1583 2088 11
1610 2044 1664 2088 et
1692 2033 1811 2087 m.
1840 2032 2106 2087 Editionis
2131 2042 2313 2086 autem
2344 2032 2489 2087 hunc
2520 2032 2766 2087 ordinem
2811 2033 2980 2096 tenui,
3015 2043 3069 2085 ut
3092 2034 3265 2100 primo
3292 2045 3400 2085 ltcs
3432 2036 3542 2085 An-

279 2128 575 2181 tirrheticos
604 2140 886 2195 ponerem,
910 2139 1139 2193 quorum
1160 2124 1536 2193 jucundiorem
1558 2122 1845 2177 lectionem
1876 2119 1991 2173 fore
2019 2120 2324 2173 existimavi
2353 2138 2366 2172 :
2395 2121 2589 2174 deinde
2638 2118 2903 2187 Majorem
2940 2121 3356 2189 Apologelicunt,
3389 2138 3542 2190 cujus

282 2214 579 2287 prolixitas
605 2182 660 2267 et
688 2212 796 2265 alta
829 2182 1111 2278 theologia:
1138 2182 1318 2265 s'trues
1351 2210 1523 2264 multo
1548 2210 1723 2277 majus
1752 2206 2119 2262 studiosorqu
2144 2206 2316 2259 otium
2355 2205 2617 2273 requirit:
2642 2216 2825 2275 postea
2861 2182 3127 2261 Collocari
3148 2182 3541 2277 .lpologvetiritm

287 2303 544 2353 minorem
576 2313 697 2352 cum
736 2298 989 2366 adjuncta
1041 2298 1489 2366 interpretatione
1522 2314 1536 2350 :
1572 2295 1801 2364 denique
1832 2294 1997 2348 trium
2052 2291 2523 2347 Antirrheticorum
2556 2305 2609 2347 et
2644 2294 2965 2365 Apologett’ci
3016 2295 3239 2363 majoris
3287 2298 3539 2351 Latinam

291 2397 418 2439 ttetn
473 2385 1000 2453 interpretationem,
1035 2398 1158 2437 cum
1185 2384 1334 2437 brevi
1362 2383 1709 2436 materiarum
1738 2380 1941 2435 indice.

365 2472 427 2527 II.
473 2471 679 2527 Bellum
711 2470 851 2540 apud
878 2468 1107 2527 Graecos
1128 2470 1583 2524 Iconoclasticum
1609 2484 1730 2523 cum
1760 2467 1909 2523 tntilli
1951 2467 2063 2536 jam
2099 2469 2441 2538 scripserint,
2468 2485 2567 2540 ego
2594 2469 2734 2526 hanc
2760 2473 2974 2540 quidem
3003 2476 3279 2529 cramhcm
3308 2492 3414 2530 non
3449 2491 3538 2528 rc-

302 2575 534 2629 coquam
576 2575 591 2611 :
627 2558 722 2612 sed
757 2556 1250 2626 quia'Nicephoros
1286 2557 1339 2609 in
1367 2554 1597 2609 Minoris
1630 2554 1955 2625 Apologetici
2006 2542 2162 2610 titulo
2190 2560 2264 2610 ait
2292 2574 2350 2610 se
2395 2572 2555 2612 causa
2590 2559 2713 2611 novi
2749 2560 3061 2616 schismatis
3119 2563 3382 2629 scribere,
3434 2567 3538 2617 hoc

297 2661 465 2700 unutn
498 2646 698 2706 dicam,
731 2644 1032 2698 demortuis
1058 2653 1368 2712 sanctarum
1402 2643 1700 2712 imaginum
1734 2643 1979 2697 hostibus
2012 2642 2195 2697 Leone
2247 2642 2489 2697 Isaurico
2532 2654 2585 2697 et
2611 2643 2993 2717 Copronymo,
3022 2654 3196 2719 eaqu‘e
3255 2653 3446 2706 lneresi
3483 2654 3535 2706 in

286 2734 516 2787 Νικίειιο
543 2748 584 2786 ιι
611 2730 844 2785 concilio
865 2746 957 2784 an.
992 2730 1116 2794 787,
1138 2732 1416 2793 damnata,
1438 2744 1625 2784 rursus
1651 2730 1749 2813 sub
1778 2729 1957 2784 Leone
1982 2730 2262 2795 Armenio,
2296 2746 2455 2801 quem
2490 2730 2790 2800 iactusjam
2823 2737 3131 2804 patriarcha
3156 2736 3528 2808 Nicephorius,

283 2838 381 2876 an.
410 2820 538 2885 815,
568 2827 948 2884 coronaverat,
982 2832 1014 2872 e
1044 2817 1322 2871 cineribus
1347 2816 1463 2870 suis
1495 2826 1740 2869 renatum
1770 2819 1977 2871 erroris
2018 2817 2276 2888 hydrum,
2315 2833 2454 2872 novo
2491 2819 2544 2873 in
2576 2816 2818 2876 Ecclesia
2863 2824 3168 2890 schismati,
3200 2829 3264 2881 de
3290 2844 3397 2896 quo
3443 2827 3537 2881 Ni-

286 2910 570 2978 cephorus
604 2906 863 2975 loquitur,
898 2907 1238 2960 occasionem
1268 2904 1568 2971 obtulisse;
1607 2920 1715 2975 quo
1758 2916 2012 2974 tempore
2066 2906 2285 2959 brevem
2335 2907 2514 2975 primo
2584 2907 3005 2977 Apologeticum,
3047 2914 3204 2981 quasi
3245 2919 3536 2983 quamdam

283 2996 690 3059 velitationem,
722 2993 891 3050 edidit
921 3010 935 3045 :
968 2993 1021 3046 in
1055 3006 1161 3060 quo
1191 3005 1369 3045 rerum
1402 3003 1678 3061 geStarnm
1708 2991 1819 3059 jam
1856 2993 1979 3047 inde
2020 2993 2088 3048 ab
2132 2993 2287 3048 initio
2318 2996 2527 3049 erroris
2557 2998 2937 3065 compendium
2972 3000 3328 3066 adumbratis,
3377 3004 3532 3056 itth-

281 3087 442 3142 bitur
479 3092 670 3153 postea
691 3082 746 3136 in
777 3089 1055 3150 apostatas
1086 3080 1385 3148 praesertim
1410 3078 1717 3147 episcopos,
1751 3079 1840 3145 qui
1873 3093 1903 3132 a
1932 3082 2054 3137 lidei
2087 3082 2140 3137 in
2176 3080 2394 3137 Nicaano
2417 3083 2651 3138 concilio
2673 3084 2855 3154 jurata
2888 3102 3077 3143 rursus
3107 3089 3484 3144 discesserant
3512 3112 3524 3145 :

275 3176 378 3230 cui
408 3172 663 3235 concilio,
690 3184 999 3239 quanquam
1026 3169 1200 3222 sacris
1228 3169 1463 3220 nondum
1495 3166 1680 3219 infulis
1708 3168 1987 3236 praeditus,
2017 3168 2357 3241 Nicephorus
2385 3173 2499 3241 ipse
2522 3172 2874 3240 interfuerat,
2900 3177 3084 3246 ibique
3107 3194 3204 3247 pro
3226 3180 3532 3236 orthodoxa

279 3262 543 3320 doctrina
574 3266 948 3329 peraraverat,
978 3265 1037 3309 ut
1068 3254 1185 3323 ejus
1215 3254 1549 3323 biograpbus
1582 3251 1824 3323 lgnatius
1850 3255 2115 3313 diaconus
2139 3272 2348 3324 narrat,
2384 3270 2440 3314 et
2466 3260 2758 3330 synodales
2781 3272 2937 3315 actus
2967 3273 3253 3319 testantur.
3290 3267 3532 3337 Scripto,

278 3366 351 3406 ut
392 3351 527 3417 dixi,
561 3362 705 3402 anno
736 3346 841 3400 813
873 3345 1080 3398 Mittere
1131 3342 1492 3412 Apologetiro,
1522 3353 1739 3397 secutus
1766 3352 1849 3397 cst
1879 3345 2387 3401 calamitosissimus
2423 3364 2596 3402 anuus
2618 3348 2746 3413 8l5,
2774 3364 2881 3418 quo
2920 3348 3259 3421 Nicrphorus
3289 3373 3317 3408 a
3349 3355 3532 3410 Leone

276 3439 551 3495 Armenio
576 3435 937 3492 lconomacho
964 3432 1205 3503 dejectus
1243 3435 1369 3486 sede
1404 3434 1701 3501 pulsusque
1742 3432 1794 3485 in
1826 3433 2077 3489 exsilium
2115 3434 2238 3499 iuit,
2272 3447 2393 3503 p0st
2423 3451 2627 3488 annum
2658 3438 3062 3504 patriarchatus
3094 3456 3320 3506 nonum,
3369 3460 3532 3510 quem

281 3545 440 3585 anno
467 3526 680 3583 scilicet
712 3525 818 3580 806
859 3532 1194 3593 susceperat.
1226 3526 1282 3575 lu
1312 3522 1506 3576 exsilio
1539 3522 1704 3592 igitur
1730 3531 1925 3576 czetera
1959 3523 2293 3588 conscripsit
2342 3537 2532 3592 opera,
2558 3540 2750 3593 nempe
2812 3523 3073 3594 Majorem
3134 3530 3532 3598 Apologeticum

283 3633 437 3672 anno
474 3615 603 3681 817,
634 3624 688 3669 et
713 3612 910 3667 deinde
956 3611 1361 3674 Antirrlteticos,
1400 3620 1456 3663 ut
1487 3611 1603 3679 ipse
1635 3611 1792 3665 initio
1815 3609 1975 3680 primi
2009 3625 2107 3663 nos
2130 3611 2331 3675 docet;
2358 3615 2531 3664 donec
2561 3627 2704 3666 anno
2728 3612 2855 3677 8:28,
2893 3619 3344 3682 septuagenarius
3374 3620 3532 3683 obiit,

286 3706 382 3761 vel
406 3706 461 3759 in
489 3704 684 3760 ctelum
708 3702 889 3773 potius
919 3700 1251 3755 fortissimus
1276 3700 1613 3753 orthodoxize
1655 3698 1803 3768 pugil
1838 3699 2095 3755 evolavit.

365 3792 454 3847 lli.
492 3792 608 3846 Jam
636 3792 779 3861 quod
805 3791 1001 3843 attinet
1033 3790 1101 3841 ad
1127 3785 1536 3851 Antirrheticos,
1567 3786 1669 3839 etsi
1700 3786 2079 3854 Cepronytnus
2112 3783 2307 3836 multos
2336 3793 2462 3837 ante
2486 3801 2658 3838 annos
2681 3787 2788 3840 vita
2821 3798 3157 3853 excesserat,
3184 3791 3535 3847 nihilominus
3584 3852 3589 3857 ,

276 3883 587 3952 prudenter
612 3880 947 3950 Nicephorus
977 3887 1145 3933 totam
1182 3892 1334 3931 suam
1361 3886 1549 3931 contra
1580 3873 1968 3928 lconomacbos
1996 3870 2437 3924 invectionemin
2464 3869 2799 3941 Copronymi
2823 3876 3024 3929 diserte
3051 3891 3253 3931 nomen
3282 3880 3534 3943 contulit,

276 3984 410 4025 tum
447 3981 504 4025 ut
525 3970 750 4024 liberius
774 3969 839 4023 de
861 3975 1075 4021 mortuo
1101 3965 1445 4034 loqueretur;
1482 3975 1591 4015 tum
1626 3961 1749 4029 quia
1784 3968 1991 4014 mutato
2029 3962 2267 4024 nomine,
2308 3970 2363 4012 ut
2385 3959 2460 4012 ait
2487 3973 2670 4027 poeta,
2702 3964 2767 4015 de
2796 3961 2975 4016 Leone
3005 3967 3267 4021 Armenio
3295 3968 3534 4035 vivente,

212 4110 239 4125 ,
267 4075 339 4115 et
367 4058 678 4127 religiosum
718 4054 913 4109 bellum
947 4053 1306 4116 instaurante,
1337 4049 1515 4103 fabula
1549 4058 1659 4103 tota
1701 4050 1977 4103 narrabat.
2010 4047 2157 4101 Nihil
2183 4049 2328 4101 enim
2359 4049 2823 4115 eratevidentius,
2855 4067 3037 4119 quam,
3070 4054 3291 4122 quoties
3316 4055 3527 4125 Copi-o-

264 4160 485 4218 uymus
525 4142 850 4205 feriebatur,
890 4142 1049 4195 toties
1082 4138 1264 4209 jacula
1313 4138 1380 4190 ad
1416 4135 1654 4191 Leonem
1708 4136 1856 4205 paris
1885 4137 2068 4190 meriti
2100 4137 2375 4191 hominem
2406 4145 2711 4207 penetrare.
2743 4136 2874 4192 Pars
2906 4142 2960 4193 in
2996 4142 3079 4197 his
3138 4144 3533 4200 Atttit‘t'hctzcis

260 4239 661 4301 inexspectata
698 4239 750 4283 et
781 4228 996 4282 curiosa
1032 4238 1136 4292 est,
1170 4235 1245 4280 tot
1271 4225 1358 4279 illa
1397 4234 1673 4293 segmenta
1698 4239 1817 4292 qttze
1856 4225 2162 4283 recitantur
2190 4240 2219 4277 a
2250 4224 2555 4293 Nicephoro
2590 4226 2713 4280 libri
2748 4226 3012 4283 hactenus
3042 4231 3299 4299 incogniti
3339 4236 3529 4288 lcono-

252 4320 629 4384 machornm,
655 4317 979 4386 Copronymi
1013 4315 1162 4385 regio
1197 4316 1415 4369 nomine
1456 4322 1509 4367 et
1537 4316 1859 4367 auctoritate
1889 4313 2100 4382 scripti,
2134 4328 2294 4382 quem
2328 4313 2682 4383 Nicephorus
2719 4317 3083 4386 particulatim
3129 4321 3320 4374 irridet
3368 4334 3530 4392 atq-re

252 4411 508 4467 refutat.
545 4406 622 4460 lbi
648 4406 926 4461 enimvero
954 4404 1181 4458 subtiles
1224 4403 1602 4457 hzereticorum
1638 4401 1865 4467 tecbux,
1900 4398 2155 4455 simulata
2194 4404 2385 4471 pietas,
2424 4414 2881 4473 argumentorum
2930 4407 3181 4471 fallaciae,
3218 4422 3537 4480 αυιυιένψιυ

247 4496 553 4568 ejusmodi
585 4495 801 4548 fraudes
831 4499 1095 4562 apparent
1121 4509 1135 4544 :
1183 4505 1302 4558 qua:
1324 4490 1503 4544 omnia
1536 4488 2109 4556 Nicephorus.sublimi
2142 4488 2374 4557 ingenio,
2403 4492 2550 4558 gravi
2576 4492 2835 4546 doctrinae
2859 4495 3244 4552 ecclesiastica:
3270 4500 3533 4567 pondere,

255 4588 505 4645 exactis
543 4584 729 4653 logica:
760 4584 895 4635 artis
947 4581 1148 4650 regulis
1202 4581 1401 4633 invicte
1435 4578 1752 4649 prosternit.
1815 4576 1881 4631 Et
1928 4578 1979 4630 itt
2031 4576 2208 4643 primo
2259 4576 2477 4644 quidem
2512 4579 2601 4630 diu
2633 4592 2687 4632 et
2737 4591 2896 4636 acute
2927 4584 2993 4636 de
3032 4598 3221 4638 natura
3260 4588 3534 4654 imaginis.

251 4680 345 4733 de
390 4682 685 4744 prototypo
716 4685 810 4725 seu
839 4675 1163 4740 archetypo,
1190 4671 1255 4722 de
1291 4668 1523 4737 pictura,
1557 4667 1624 4720 de
1656 4666 2039 4731 descriptione,
2068 4667 2133 4718 de
2163 4666 2466 4735 hypostasi,
2502 4668 2566 4721 de
2601 4667 2984 4737 enhypostato,
3020 4684 3070 4726 ct
3097 4675 3162 4728 de
3196 4677 3538 4732 circumscri-

242 4779 370 4840 pto
436 4763 778 4830 potissimum
810 4772 864 4812 et
901 4760 1395 4827 incircumscripto.
1431 4756 1485 4808 lu
1521 4755 1763 4809 Secundo
1794 4767 1976 4808 autctn
2024 4756 2293 4819 breviore,
2333 4756 2472 4808 inter
2503 4766 2697 4808 caetera
2724 4758 2788 4811 de
2832 4761 3057 4827 angelis,
3111 4763 3177 4815 de
3207 4766 3535 4820 tnanul'actis

257 4853 654 4916 Ulterubinis,
680 4862 733 4904 et
761 4850 889 4917 quid
914 4851 1023 4903 sint
1053 4849 1283 4918 γράψειν
1316 4858 1369 4900 et
1408 4846 1772 4916 περιγράφειν
1804 4857 1927 4896 cum
1953 4841 2230 4906 derivatis,
2269 4854 2322 4896 ct
2354 4842 2516 4895 multa
2548 4843 2857 4909 hujusmodi
2886 4849 3159 4903 edisserit.
3200 4850 3416 4907 Tertius
3444 4856 3537 4907 dc-

242 4946 452 5012 nique
485 4955 578 4994 seu
612 4951 922 5006 postremus
953 4938 1370 5000 Antirrhclicus,
1407 4937 1560 4988 \‘alde
1594 4934 1836 5002 prolixus
1867 4942 1921 4984 et
1956 4931 2159 4992 varius,
2189 4931 2475 4983 historiam
2510 4932 2707 4998 partim
2742 4924 2796 4985 et
2831 4935 3130 4989 honorandi
3165 4954 3350 4994 sacras
3400 4944 3533 4994 ima-

242 5037 443 5106 girtres
476 5030 716 5081 rationes
752 5028 1067 5095 potissimus
1101 5028 1320 5094 exponit
1353 5042 1365 5077 :
1393 5040 1622 5092 quarum
1659 5022 1926 5090 pracipua
1963 5029 2045 5072 est
2078 5035 2207 5073 Usus
2232 5020 2442 5087 priscos
2470 5029 2527 5072 et
2558 5029 2845 5085 constans,
2889 5022 2938 5075 id
2968 5034 3049 5077 est
3077 5028 3319 5094 traditio,
3351 5027 3537 5082 i‘lccle-

237 5126 372 5178 sim
412 5114 720 5177 catholicae,
765 5130 885 5184 qua-
914 5114 1055 5166 iconi
1095 5125 1146 5166 et
1173 5112 1319 5167 cruci
1350 5110 1643 5164 Dominica:
1679 5122 2089 5178 martyrnmque
2128 5119 2182 5161 et
2210 5119 2522 5161 sanctorum
2558 5112 2795 5164 virorum
2842 5112 3088 5181 reliquiis
3124 5124 3177 5168 et
3214 5118 3540 5187 imaginibus

234 5209 432 5268 nullo
464 5214 707 5270 tempore
737 5204 999 5255 honorem
1037 5217 1139 5279 non
1175 5200 1381 5253 tribuit.
1414 5196 1601 5265 Itaque
1632 5195 2044 5261 Iconomachos,
2076 5198 2166 5264 qui
2211 5198 2498 5251 catholicis
2546 5198 2872 5251 idololatrici
2900 5200 3078 5253 cultus
3109 5203 3313 5257 crimen
3344 5206 3539 5274 ἱιιινῑη-

232 5300 508 5370 gebattl,
555 5307 693 5344 novo
721 5293 992 5344 litet'escos
1025 5291 1178 5343 titulo
1211 5295 1490 5356 nuncupat
1520 5287 1845 5357 Χριστιανω

1931 5287 2187 5356 ηγόρους.
2241 5287 2444 5341 l’raztcr
2476 5288 2574 5341 hos
2613 5300 2723 5342 tres
2755 5307 2782 5341 ει
2832 5290 2987 5342 nobis
3011 5290 3185 5345 editos
3215 5293 3538 5347 Antirrlteli-

233 5402 385 5447 cos,
436 5378 740 5433 Bandurius
771 5378 910 5432 alios
944 5393 1161 5447 quoque
1210 5374 1499 5444 Nicephori
1539 5374 1928 5427 Atttirrhelt‘cos
1969 5377 2020 5428 in
2065 5378 2346 5430 codicibus
2394 5376 2548 5441 vidit,
2594 5394 2789 5448 nempe
2836 5379 2887 5432 1.
2919 5378 3198 5437 Adversus
3244 5384 3534 5438 Eusebium

232 5484 450 5533 δεξιαὶ
484 5467 891 5524 Iconoclasticm
924 5469 1246 5536 principem.
1277 5465 1331 5517 2.
1364 5464 1639 5519 Adversus
1670 5463 2060 5532 Epiphanidem
2096 5474 2543 5517 consectaneum.
2576 5463 2629 5516 5.
2675 5466 2956 5522 Adversus
2980 5484 3084 5522 eos
3107 5469 3196 5538 qui
3238 5469 3538 5527 Salvator-is

233 5559 575 5629 imaginem
603 5558 800 5610 idolum
831 5571 953 5610 eSse
991 5555 1266 5609 dicebant.
1312 5552 1695 5607 Verumtamen
1739 5553 1788 5603 hi
1825 5564 1933 5605 tres
1974 5553 2236 5621 postremi
2266 5554 2315 5605 in
2352 5553 2633 5609 Vaticanis
2670 5556 2800 5610 tnihi
2837 5557 3113 5612 codicibus
3146 5576 3537 5615 nonoccurre-

231 5659 410 5713 haut
443 5650 545 5716 (α).
578 5645 696 5700 Jnttl
732 5644 1077 5699 Theodorum
1112 5656 1326 5712 quoque
1358 5641 1652 5704 b’tuditam,
1683 5637 1977 5706 Nlt'CphOl'I
2017 5641 2480 5710 contctnporalctn
2502 5658 2580 5710 jac
2608 5641 2957 5709 familiarem,
2983 5657 3092 5701 tres
3131 5658 3317 5701 contra
3350 5647 3540 5704 Iceno-

325 5767 436 5835 ιιι)
466 5764 966 5835 Nicepliorttttrptjo
994 5762 1166 5816 sacris
1195 5762 1521 5830 imaginibus
1564 5762 1669 5815 vidi
1707 5763 1935 5816 citatum
1977 5762 2140 5815 etiam
2180 5778 2206 5817 a
2241 5760 2473 5832 Georgio
2513 5762 2823 5819 llatnartolo
2867 5765 2918 5817 in
2962 5764 3233 5819 Chronico
3274 5781 3377 5821 ms.
3423 5768 3538 5825 Vat.

231 5858 302 5912 ι),
348 5833 645 5900 953,189,
682 5834 800 5896 Ιυῖ,
845 5833 964 5885 I'Jli.
1056 5909 1082 5912 _

568 5919 835 5978 l's'rnors
887 5915 1003 5972 GR.
1033 5909 1110 5970 C.

2817 5974 2833 5978 _
3199 5914 3231 5977 7

1084 6138 1109 6153 ἥ
