3982 6346
162 378 251 438 55⁵1

1242 364 1336 423 DE
1378 326 1771 422 ranaotso.
1811 382 1883 395 —
1917 357 2112 418 PARS
2150 357 2199 417 ι.

3239 342 3345 406 558

162 496 478 553 occupante,
526 485 809 549 cteperunt
856 477 1175 547 erubescere
1225 476 1295 531 ob
1344 473 1643 529 nuditatem
1670 512 1685 537 ,
1716 480 1760 538 Α
1792 469 1971 542 potius
1999 468 2140 532 auri,
2192 482 2313 537 quae
2359 464 2631 536 serpentis
2661 452 2948 519 consilium
2981 460 3342 521 auscultavit;
3428 500 3432 504 .

163 587 392 647 metuque
434 574 673 630 concuti.
699 587 762 628 ac
795 586 1008 643 pavere.
1058 568 1191 625 Nam
1223 580 1349 625 ante
1389 568 1685 624 admissum

160 669 351 733 scelus,
401 671 777 735 gustatamque
823 662 1109 724 arborem,
1164 658 1313 713 nulla
1363 655 1686 712 verecundia

158 759 460 814 tenebantur
487 756 558 809 ob
585 754 905 815 nuditatem,
937 751 1106 820 idque
1130 748 1341 804 duabus
1370 745 1437 804 de
1463 746 1646 802 causis
1671 763 1687 803 :

158 859 206 906 et
231 850 347 918 quia
376 845 556 901 amicti
586 842 977 912 erant'gloria,
1019 849 1073 895 et
1106 838 1235 910 quia
1281 825 1425 895 nulla
1472 834 1691 907 pudoris

155 940 396 1009 cogitatio
436 938 650 992 animos
689 936 931 1007 ipsorum
964 932 1182 988 subibat
1224 932 1537 1001 priusquam
1567 942 1692 998 pec-

154 1037 369 1086 cassent.
417 1026 488 1081 At
539 1035 820 1095 postquam
880 1023 1090 1078 facinus
1140 1021 1497 1090 commisere.
1546 1019 1689 1074 Deus

154 1120 289 1190 ipsos
331 1117 499 1187 gloria
548 1114 637 1168 illa
680 1114 850 1174 exuit.
893 1120 947 1166 et
992 1111 1155 1165 simul
1201 1110 1421 1178 pudoris
1469 1123 1687 1189 sensum

152 1208 333 1265 indidit
378 1216 436 1261 ut
484 1221 551 1262 eo
595 1205 1051 1274 perstringeretur
1103 1210 1421 1271 peceatum,
1467 1198 1693 1269 ejusque

150 1303 370 1370 impetus
398 1314 461 1353 ac
492 1296 670 1352 fervor
714 1296 1155 1364 restringeretur.
1187 1293 1354 1363 igitur
1396 1292 1540 1361 quod
1570 1292 1647 1343 ait
1675 1306 1689 1342 :

149 1390 519 1460 Cognooenmt,
552 1388 773 1459 perinde
798 1395 883 1441 est
915 1401 977 1441 ac
1002 1387 1046 1441 si
1076 1386 1250 1440 dit-at:
1284 1383 1491 1438 Pudore
1521 1381 1694 1451 οπεοιί

145 1492 279 1537 sunt.
310 1482 495 1534 Porro
512 1480 557 1534 si
587 1486 794 1550 quaerat
826 1477 1042 1548 aliquis,
1075 1474 1138 1529 ad
1176 1488 1423 1545 quaenam
1452 1470 1692 1555 corporis

146 1572 381 1627 membra
406 1571 747 1640 potissimum
772 1567 1093 1637 spectaverit
1118 1564 1219 1621 iste
1242 1564 1433 1634 pudor,
1458 1563 1693 1618 dicimus

145 1662 208 1716 ad
252 1661 500 1732 genitalia
551 1659 832 1725 membra;
886 1648 1043 1726 idque
1085 1658 1225 1711 banc
1267 1656 1337 1710 ob
1372 1669 1522 1719 rem,
1567 1653 1691 1723 quia

143 1767 258 1805 cum
281 1752 458 1806 acrior
481 1750 959 1818 veltementiorque
982 1749 1054 1802 sit
1078 1749 1179 1802 iste
1202 1744 1414 1801 caeteris
1440 1740 1692 1799 omnibus

99 1824 102 1828 ’
141 1841 414 1898 afi'ectibus
435 1840 658 1911 (quippe
677 1840 771 1909 qui
796 1840 849 1893 in
873 1838 1241 1892 animantibus
1266 1836 1489 1891 rationis
1508 1851 1697 1907 exper-

140 1930 275 2005 tibus
307 1945 525 2001 quoque
558 1928 889 1999 dominetur)
928 1926 1098 1982 voluit
1134 1941 1313 1983 rerum
1345 1926 1522 1996 opifex
1557 1925 1697 1981 Deus

140 2022 367 2091 primum
404 2021 610 2092 pudore
656 2020 911 2075 eii‘renem
961 2019 1109 2074 illum
1160 2026 1325 2088 atque
1372 2010 1693 2072 indomitum

137 2107 401 2164 fervorem
453 2110 753 2163 cohibere.‘
783 2109 1009 2177 insuper
1057 2108 1108 2163 id
1148 2123 1362 2178 quoque
1407 2109 1695 2163 observato

137 2200 354 2269 dignum
377 2209 483 2262 est,
509 2202 714 2270 primos
736 2209 989 2269 parentes
1010 2210 1308 2270 antequam
1321 2195 1693 2269 deliquissent,

134 2297 188 2343 et
214 2291 461 2344 animum
493 2290 712 2359 ingenio
741 2300 795 2344 et
818 2303 1015 2358 corpus
1046 2289 1217 2358 gloria
1253 2290 1522 2343 excultum
1553 2306 1699 2344 cmu-

138 2384 396 2446 ptumque
437 2377 710 2443 habuisse,
742 2388 927 2448 postea
964 2392 1089 2431 vero
1122 2392 1279 2447 quam
1326 2387 1698 2449 peccaverant,

134 2480 332 2525 erutos
358 2472 580 2540 quidem
606 2486 729 2527 esse
755 2470 1000 2539 corporis
1028 2471 1222 2541 gloria,
1251 2482 1502 2525 caeterum
1532 2470 1697 2525 animi

133 2559 543 2632 intelligentiam
594 2562 884 2616 retinuisse
933 2578 948 2615 :
988 2560 1243 2615 nimirum
1298 2568 1359 2613 ut
1401 2576 1507 2629 per
1560 2559 1700 2614 hunc

129 2642 495 2719 agnoscerent
550 2666 708 2706 suum
780 2653 1095 2719 peccatum,
1163 2658 1324 2721 atque
1390 2650 1700 2720 paenitentia

129 2742 504 2808 ducerentur;
558 2743 687 2798 binc
739 2743 882 2796 enim
928 2744 1147 2812 evenit,
1205 2750 1267 2795 ut
1324 2738 1486 2797 simul
1539 2747 1702 2812 atque

130 2831 349 2895 facinus
412 2820 704 2899 fecissent,
763 2833 1079 2902 agnoverint
1146 2848 1323 2907 suam.
1364 2832 1699 2897 nuditatem,

130 2924 601 2993 erubuerintque,
665 2938 729 2978 ac
782 2925 1014 2985 horrore
1069 2910 1410 2993 tremoreque
1465 2920 1701 2993 correpti

105 3021 362 3066 .ntortem
397 3014 732 3081 expaverint,
766 3024 890 3069 ante
919 3012 1018 3067 sibi
1061 3028 1156 3078 per
1198 3012 1372 3068 minas
1412 3012 1701 3068 denuntia-

132 3113 263 3159 tam.
303 3102 465 3159 [inde
492 3113 544 3159 et
578 3102 815 3159 Jacobus
860 3105 1183 3174 Sarugensis
1210 3105 1275 3159 ad
1311 3105 1453 3161 hunc
1484 3110 1701 3160 modum

131 3194 323 3248 scribit
360 3212 375 3249 :
416 3194 702 3251 Peccatum
740 3197 895 3268 initio
938 3212 1100 3266 supra
1146 3195 1365 3251 modum
1409 3196 1617 3268 placet;
1648 3204 1706 3250 at

131 3289 182 3338 in
233 3286 345 3340 line
401 3285 610 3340 luctum
664 3286 805 3356 parit
854 3263 1107 3356 patranti.
1157 3263 1491 3353 Cumenim
1544 3285 1705 3357 primi

129 3390 385 3442 parentes
418 3366 707 3445 cupiditate
741 3377 1009 3433 ferrentur
1052 3378 1108 3433 in
1154 3378 1299 3431 illam
1336 3376 1610 3440 arborem,
1640 3375 1707 3428 de

129 3466 240 3535 ipsa
291 3466 529 3533 edendi;
577 3474 632 3521 et
677 3466 844 3522 Deum
892 3466 1069 3538 ipsum
1120 3477 1173 3522 et
1204 3468 1409 3538 legem,
1463 3481 1571 3536 pra:
1618 3465 1705 3519 illa

129 3556 281 3623 parvi
321 3555 640 3625 pendebant
674 3573 687 3609 :
720 3556 810 3610 ubi
840 3557 1098 3619 edissent,
1131 3554 1426 3625 nudatique
1458 3552 1707 3608 erubuis-

127 3656 276 3710 sent,
305 3648 443 3701 odio
468 3647 639 3715 ipsnm
669 3657 794 3701 sunt
824 3646 1128 3716 prosecuti;
1160 3660 1534 3714 memoresque
1564 3644 1707 3698 illius

128 3739 432 3807 praecepti:
469 3732 584 3800 Qu'o
602 3737 685 3790 die
716 3738 927 3791 oderitis
963 3748 1125 3790 morte
1158 3736 1473 3797 moriemini,
1509 3748 1707 3804 pavore

126 3829 544 3896 expalluerunt.
607 3816 687 3880 Et
722 3828 1209 3897 conglutinoverunt
1264 3827 1392 3896 folia
1442 3826 1705 3895 ﬁculnea,

125 3920 476 3989 feceruntque
521 3920 621 3972 sibi
668 3918 1020 3988 subligacula.
1071 3916 1336 3972 Nimirum
1395 3918 1522 3972 folia
1569 3917 1711 3971 foliis

124 4013 547 4076 consociantes,
590 4010 753 4066 cincti
788 4011 1018 4065 formam
1072 4009 1361 4079 quamdam
1418 4009 1712 4065 concinna-

126 4105 300 4167 bant;
360 4105 536 4156 vestis
586 4116 757 4171 genus
822 4115 1013 4171 parum
1078 4101 1275 4155 decens
1340 4111 1501 4169 atque
1560 4099 1713 4152 intira

126 4208 280 4245 mum
331 4193 526 4254 etiam,
578 4200 759 4260 utpote
804 4191 949 4261 quod
992 4191 1124 4246 soils
1193 4192 1243 4244 vi
1313 4190 1609 4243 arefactum
1630 4189 1710 4242 fa-

127 4283 232 4335 cile
290 4291 602 4335 etnarceret
648 4280 1101 4350 dilabereturque,
1150 4289 1203 4335 et
1234 4295 1341 4349 quo
1372 4295 1548 4350 neque
1580 4280 1711 4351 satis

127 4385 230 4440 pro
270 4371 561 4424 voluntate
606 4380 659 4423 ct
692 4372 975 4425 commode
1026 4384 1199 4441 neque
1239 4369 1330 4423 diu
1373 4371 1713 4440 multumque

1788 554 2091 624 autoculo,
2133 558 2227 629 qui
2269 558 2481 613 arboris
2521 552 2968 628 pulchritudine,’
2995 553 3169 606 victus
3218 560 3342 615 est;

1790 661 1885 729 aut
1913 653 2183 716 manibus,
2211 666 2333 721 qua
2365 648 2573 705 fructus
2596 650 2947 717 decerpsere;
2982 653 3075 698 aut
3101 644 3178 698 ori
3198 642 3342 712 quod

1790 744 2038 808 voravit,
2096 750 2192 798 aut
2240 742 2478 812 denique
2526 741 2733 803 ventri,
2786 737 2878 807 qui
2939 734 3192 805 excepit?
3250 733 3348 788 Hic

1790 828 2217 900 respondemus;
2267 844 2392 884 cum
2445 827 2492 883 is
2522 826 2744 881 affectus
2791 825 2882 894 qui
2919 823 3063 877 circa
3109 820 3349 875 membra

1794 922 2051 993 genitalia
2109 907 2401 986 versatur,
2463 916 2790 988 pertinacior
2842 914 3219 983 ditliciliorque
3278 912 3351 967 sit

1725 1011 1728 1014 ’
1793 1013 2004 1069 caeteris
2054 1012 2308 1069 omnibus
2348 1010 2513 1065 animi
2569 1008 3069 1079 perturbationibus
3118 1014 3239 1076 qua:
3295 1007 3349 1060 itt

1756 1104 1952 1160 "nobis
2004 1111 2155 1170 sunt,
2190 1117 2328 1172 opus
2362 1110 2481 1156 erat
2528 1098 2855 1155 verecundia
2906 1104 3161 1167 tanquam
3197 1093 3353 1153 freno

1794 1193 1996 1264 injecto
2033 1208 2142 1263 quo
2172 1200 2455 1262 peccatum
2482 1204 2543 1245 ea
2593 1189 2647 1243 in
2677 1196 2829 1259 parte
2873 1187 3216 1243 eobiberetur
3252 1205 3267 1241 :
3300 1194 3355 1240 et

1794 1285 1961 1341 simul
2015 1295 2076 1340 ut
2114 1298 2215 1339 nos
2268 1282 2369 1351 ipsi
2418 1282 2484 1335 ad
2542 1279 2849 1334 habentium
2903 1278 3028 1331 odio
3071 1287 3353 1346 peccatum

1795 1376 2201 1438 induceremur,
2228 1383 2288 1429 ut
2310 1388 2398 1445 ,οξ
2428 1385 2538 1443 quo
2591 1369 2883 1425 illiusmodi
2918 1370 3241 1424 verecundia
3297 1369 3354 1423 ir.

1795 1467 1956 1524 nobis
1987 1476 2113 1522 nata
2144 1467 2233 1522 sit.
2263 1466 2329 1519 Et
2360 1467 2490 1519 vero
2520 1476 2645 1519 cum
2686 1462 2893 1517 arbitrii
2922 1463 3094 1519 nostri
3131 1462 3372 1541 libertus

1793 1573 1903 1615 non
1962 1558 2094 1615 satis
2140 1557 2341 1613 valeret
2405 1556 2521 1612 sola
2580 1556 2727 1610 hunc
2773 1555 3025 1610 aﬂ‘ectum
3087 1554 3355 1620 domare,

1794 1658 1961 1720 atque
1981 1646 2047 1703 ad
2073 1662 2133 1705 se
2160 1646 2507 1703 referendum
2554 1647 2812 1716 adigere;
2846 1646 3095 1714 adjttnxit
3126 1645 3176 1701 ei
3214 1645 3358 1702 Deus

1794 1738 2218 1804 verecundiam,
2284 1752 2395 1808 quo
2465 1736 2657 1793 saltem
2724 1736 2999 1791 communi
3072 1737 3358 1806 utriusque

1724 1812 1766 1867 Β
1798 1843 1963 1901 opera
2005 1828 2373 1898 cobiberetur,
2419 1828 2909 1899 excindereturque
2942 1847 2955 1883 :
2987 1829 3199 1883 arbitrii
3233 1828 3358 1898 qui-

1799 1921 1923 1976 dem
1975 1921 2132 1976 liberi
2181 1919 2411 1990 judicio,
2469 1919 2522 1973 in
2567 1920 2786 1986 anima;
2840 1921 3175 1975 verecundiae
3231 1935 3363 1974 vero

1798 2011 1988 2078 frenis,
2024 2013 2078 2068 in
2109 2026 2358 2082 corpore.
2392 2010 2602 2082 Quippe
2644 2013 2851 2068 multos
2894 2014 3154 2076 mortales
3190 2014 3363 2084 pudor

1799 2100 1962 2173 atque
2012 2102 2339 2160 verecundia
2398 2102 2575 2173 magis
2625 2102 2862 2159 deterret
2913 2097 3274 2176 prohibetque
3331 2122 3361 2159 ιι

1798 2194 2067 2263 patrando
2100 2207 2164 2250 eo
2190 2195 2335 2265 quod
2371 2196 2676 2265 improbum
2724 2206 2828 2258 est,
2866 2188 3039 2266 quam
3081 2196 3219 2266 legis
3268 2207 3364 2252 aut

1794 2284 1985 2356 judicii
2018 2286 2285 2342 subeundi
2320 2293 2540 2352 metus;
2586 2295 2778 2356 estque
2809 2287 2927 2358 ejus
2955 2288 3033 2343 rei
3067 2302 3363 2358 argumen-

1803 2381 1939 2439 tum,
1994 2374 2140 2443 quod
2192 2374 2351 2428 bruta
2404 2375 2703 2429 animantia
2755 2388 2877 2443 quae
2952 2377 3098 2443 omni
3159 2377 3365 2447 pudore

1801 2472 2020 2529 vacant,
2053 2474 2277 2533 prorSus
2317 2456 2426 2520 non
2460 2448 3010 2524 refrenaut‘iibidinls
3051 2479 3163 2524 suae
3194 2470 3366 2539 impe-

1802 2563 1915 2610 tum
1948 2570 2059 2626 quo
2107 2556 2162 2610 in
2219 2554 2453 2616 feminas
2496 2554 2791 2627 rapiuntur
2835 2556 2978 2613 victa
3010 2560 3078 2615 ab
3128 2560 3365 2632 ingenita

1800 2659 1914 2702 sua:
1939 2647 2185 2719 ipsorum
2222 2658 2448 2713 naturae,
2476 2651 2792 2719 cupiditate.
2832 2652 2898 2706 At
2925 2632 3177 2708 homines
3199 2653 3362 2722 etiam

1802 2737 1847 2791 si
1880 2752 2004 2817 non
2049 2739 2261 2793 minore
2301 2748 2464 2807 atque
2511 2738 2599 2793 illa
2646 2740 2888 2796 libidinis
2935 2742 2986 2796 vi
3048 2755 3367 2814 urgeantur,

1802 2834 1986 2883 tamen
2027 2828 2097 2884 ab
2157 2845 2219 2884 ca
2275 2830 2561 2900 explenda,
2620 2830 2830 2901 pudore
2884 2847 2992 2901 quo
3032 2833 3176 2902 apud
3229 2834 3369 2895 alios

1805 2917 2054 2975 homines
2096 2922 2556 2982 verecundantur,
2616 2924 2859 2975 revocari
2909 2922 3188 2989 videmus,
3232 2924 3383 2987 adeo,

1805 3018 1867 3066 ut
1898 3025 1964 3067 ne
1985 3011 2227 3081 legitimo
2254 3012 2473 3082 quidem
2502 3012 2782 3069 connubio
2825 3015 3101 3084 propalam
3143 3024 3369 3070 utantur

1731 3131 1777 3198 ο
1808 3104 1953 3158 sicut
1999 3104 2125 3159 aliis
2158 3104 2343 3167 rebus,
2378 3103 2739 3198 sed_latentes
2780 3104 3038 3174 tectique.
3071 3104 3372 3161 Conﬁcitur

1808 3193 2016 3264 itaque.
2045 3193 2385 3250 verecundia:
2425 3190 2677 3249 adectutn
2711 3194 2835 3249 ideo
2863 3194 2933 3251 ab
2961 3211 3142 3252 rerum
3178 3198 3371 3267 opitice

1814 3288 1919 3341 Deo
1981 3282 2213 3339 inditum
2275 3301 2398 3341 esse
2454 3276 2783 3356 genitalibus
2839 3286 3122 3344 hominum
3188 3292 3370 3358 potius

1808 3389 1970 3444 quam
2003 3375 2126 3429 aliis
2158 3375 2439 3439 membris,
2475 3386 2533 3430 ut
2562 3386 2851 3446 peccatum
2886 3376 2937 3430 in
2982 3376 3086 3431 iliis
3124 3378 3372 3447 partibus

1809 3464 2157 3530 moderetur;
2219 3464 2495 3535 simrulque
2570 3466 2623 3520 id
2671 3467 2834 3521 nobis
2885 3467 3123 3523 invisum
3182 3468 3370 3535 facint,

1810 3568 2019 3624 nosque
2084 3555 2152 3609 ab
2210 3554 2327 3625 ipso
2404 3554 2737 3612 admittendo
2801 3557 3103 3625 diterreat;
3181 3570 3242 3615 ut
3304 3575 3370 3616 ex

1808 3658 1918 3714 quo
1948 3643 2062 3713 ipsa
2094 3642 2417 3698 verecundia
2454 3645 2509 3699 in
2544 3645 2745 3700 nostris
2776 3646 2974 3702 animis
3002 3654 3157 3701 orta-

1882 3733 1992 3789 Cur
2028 3733 2167 3788 Deus
2200 3735 2381 3788 siverit
2426 3735 2692 3789 Adamum
2737 3752 2975 3805 peccare.
3027 3736 3250 3792 Arbitrii
3298 3738 3376 3792 li-

1812 3826 2108 3880 δαείω.-
2156 3822 2296 3879 Sunt
2355 3826 2449 3896 qui
2502 3827 2591 3881 hic
2651 3828 3018 3898 interrogent,
3085 3845 3184 3883 cur
3231 3829 3376 3885 Deus

1812 3919 2079 3971 Adamuut
2128 3931 2156 3971 a
2193 3918 2469 3986 peccando
2515 3932 2621 3972 non
2671 3920 3077 3974 absterruerit?
3123 3918 3233 3976 Nos
3288 3939 3374 3977 re-

1812 4008 2138 4077 spondemus
2163 4008 2212 4062 id
2240 4022 2582 4079 nequaquam
2632 4024 2697 4066 eo
2720 4010 2921 4065 factum
2945 4026 3067 4067 esse
3086 4013 3229 4082 quod
3255 4014 3375 4083 ejus

1813 4096 2049 4153 faciundi
2077 4100 2302 4155 facultas
2336 4100 2445 4156 Deo
2473 4100 2727 4166 defuerit,
2769 4105 2862 4158 sed
2895 4118 2964 4159 ne
3009 4104 3117 4158 vim
3159 4105 3377 4160 afferret
3465 4156 3473 4164 .

1814 4190 2049 4246 libertati
2102 4191 2313 4245 arbitrii
2356 4192 2507 4257 Adae,
2540 4208 2732 4249 eamve
2782 4197 3134 4266 opprimeret.
3171 4199 3377 4254 Deinde

1814 4280 2018 4335 frustra
2044 4280 2215 4351 legem
2248 4281 2325 4334 illi
2356 4283 2784 4352 praescripsisset
2831 4288 2877 4340 si
2927 4288 3151 4356 insuper
3179 4304 3207 4341 a
3243 4305 3374 4358 pec-

1815 4370 1989 4425 cando
2020 4370 2372 4433 coercuisset,
2411 4372 2577 4439 veluti
2622 4388 2785 4427 manu
2832 4375 3054 4443 injecta.
3110 4376 3374 4432 Praeterea

129 4464 208 4515 uti
264 4466 527 4532 possent.
579 4461 844 4515 Credibile
892 4470 975 4515 est
1017 4474 1196 4515 autem
1236 4462 1399 4515 Evam
1444 4462 1709 4529 ejusmodi
1746 4461 1943 4518 Dideo
2004 4462 2172 4515 etiam
2242 4460 2418 4515 noluit
2474 4462 2623 4517 illum
2690 4480 2720 4517 a
2778 4454 2986 4534 ﬂagitio
3044 4470 3379 4522 admittendo

128 4553 548 4622 subligaeuluut
600 4556 831 4620 priorem
865 4552 1084 4616 fecisse,
1126 4567 1330 4620 suaque
1358 4567 1425 4606 eo
1463 4552 1709 4620 pudenda

126 4647 373 4701 velasse.
412 4651 596 4710 utpote
622 4658 742 4712 quae
768 4643 912 4711 prior
940 4643 1449 4713 legemviolaverat,
1476 4643 1712 4697 Adamn-

128 4750 240 4805 que
280 4734 554 4787 nuditatis
592 4748 753 4786 causa
786 4726 1000 4799 fuerat;
1042 4743 1157 4787 tum
1189 4735 1352 4787 etiam
1403 4734 1548 4789 illius
1583 4749 1712 4787 eou-

130 4831 263 4885 silio
328 4827 540 4880 factum
599 4841 719 4879 esse
774 4838 831 4877 ut
892 4826 991 4879 iste
1057 4825 1183 4879 folia
1242 4826 1527 4887 indueret,
1587 4827 1713 4895 quia

131 4920 346 4972 niarito
376 4931 483 4969 suo
511 4927 713 4970 vestem
747 4918 873 4969 olim
915 4919 1028 4986 ipsa
1058 4928 1380 4972 coutextura
1410 4928 1571 4972 esset.
1608 4920 1714 4972 Sed

128 5026 239 5067 cur
293 5026 411 5064 non
471 5019 720 5078 aptarunt
776 5009 888 5062 suis
944 5010 1117 5063 oculis
1185 5009 1425 5063 velamen
1485 5026 1549 5063 ex
1610 5011 1716 5063 illis

130 5103 309 5165 foliis,
345 5106 450 5153 aut
494 5101 737 5155 manicas
787 5101 1059 5166 manibus,
1110 5102 1191 5154 vel
1252 5101 1453 5171 caligas
1488 5102 1717 5170 pedibus

130 5193 445 5265 tegendis?
490 5202 583 5245 aut
626 5192 860 5260 denique
912 5207 1009 5245 cur
1067 5208 1172 5247 non
1225 5194 1330 5248 alio
1403 5194 1561 5248 modo
1613 5196 1715 5247 alia

131 5287 408 5356 corporis
443 5285 679 5339 membra
715 5285 1031 5351 atl‘ecerunt,
1068 5285 1159 5339 sed
1210 5286 1344 5340 solis
1393 5287 1716 5353 genitalibus

130 5378 516 5446 contegendis
577 5377 909 5445 sttldigacula
987 5378 1412 5447 compararunt?
1464 5378 1547 5431 Ad
1617 5380 1718 5431 hoc

136 5472 330 5526 facilis
386 5478 473 5521 est
516 5470 818 5537 responsio.
865 5469 999 5534 Quia
1056 5470 1433 5523 verecundiam
1486 5471 1716 5539 primum

135 5567 227 5629 his
267 5559 532 5631 partibus
563 5561 752 5613 indidit
788 5562 948 5626 Deus,
987 5561 1106 5615 ideo
1135 5576 1561 5621 consentaneum
1601 5572 1719 5615 erat

136 5666 197 5706 ut
228 5654 419 5721 prima
467 5650 660 5705 cinrtis
710 5646 942 5704 obducta
992 5659 1427 5722 contegerentur.
1472 5650 1575 5707 Sed
1623 5670 1718 5707 cur

132 5742 485 5801 verecundia
531 5745 613 5798 bis
654 5745 897 5812 partibus
931 5761 960 5797 a
993 5744 1101 5799 Deo
1161 5756 1242 5800 est
1288 5745 1468 5811 insita,
1500 5760 1561 5801 ac
1612 5762 1714 5802 non

1818 4565 2026 4616 arcere,
2090 4560 2149 4605 ut
2199 4556 2432 4621 gratiam
2464 4554 2863 4625 prmmiutuque
2898 4560 3163 4610 demereri
3198 4570 3381 4625 posset

1818 4652 2071 4711 tanquam
2110 4644 2203 4712 qui
2238 4659 2338 4698 sua
2367 4644 2481 4714 ipse
2504 4647 2783 4701 voluntate
2813 4665 2840 4699 a
2882 4650 3087 4703 scelere
3113 4654 3379 4719 patrando

1816 4736 1962 4788 esset
1991 4743 2253 4799 retentus,
2296 4750 2404 4789 non
2448 4747 2630 4792 autem
2661 4754 2756 4803 per
2793 4738 2902 4791 vim
2951 4741 3263 4809 impeditus.
3297 4744 3378 4795 Ad

1816 4825 1933 4879 haec
1972 4841 2082 4894 quo
2132 4828 2555 4882 imbecillitatem
2616 4844 2768 4883 suam
2817 4843 3174 4898 agnoscerent
3222 4835 3377 4902 primi

1818 4918 1989 4973 nostri
2040 4929 2314 4988 parentes,
2368 4935 2546 4991 neque
2589 4937 2681 4987 per
2730 4912 2919 4975 vanam
2975 4923 3202 4993 gloriam
3252 4926 3380 4980 elati

1817 5010 2121 5078 przecipites
2175 5021 2434 5079 ruerent,
2508 5012 2651 5067 sicut
2717 5014 2970 5068 Satanas.
3036 5014 3171 5071 Nam
3234 5024 3379 5088 quod

1814 5104 2053 5156 scientes
2092 5110 2433 5169 peccassent,
2485 5103 2739 5159 conscius
2788 5105 3022 5159 reddidit
3075 5124 3189 5161 suae
3234 5110 3381 5178 ipsos

1818 5196 2177 5258 inﬁrmitatis,
2233 5208 2399 5266 atque
2446 5205 2503 5249 nt
2549 5196 2829 5251 humiliter
2857 5200 2923 5251 de
2974 5214 3032 5254 se
3073 5200 3177 5269 ipsi
3208 5203 3381 5255 senti-

1819 5294 1960 5351 rent,
2003 5286 2200 5341 eﬂecit.
2240 5286 2483 5355 Denique
2525 5294 2583 5341 ut
2614 5302 2738 5341 cum
2785 5298 2978 5359 suapte
3026 5299 3216 5357 sponte
3246 5292 3380 5345 deli-

1820 5380 2098 5447 quissent,
2154 5387 2315 5450 atque
2369 5395 2400 5433 e
2446 5378 2707 5449 paradiso
2754 5383 3086 5435 excidissent
3130 5381 3183 5434 in
3236 5382 3405 5437 huuc'

1820 5472 2089 5525 mundum
2157 5472 2320 5527 rebus
2374 5472 2616 5527 adversis
2688 5474 3039 5542 molestisquc
3088 5472 3382 5531 refertissi-

1822 5575 1992 5626 mum,
2042 5561 2184 5616 facta
2233 5562 2517 5633 utriusque
2562 5566 2751 5619 mundi
2791 5565 2932 5619 inter
2980 5579 3038 5619 sc
3074 5567 3382 5630 collatione,

1822 5652 1972 5707 illum
2003 5654 2254 5709 omnibus
2286 5655 2444 5710 bonis
2488 5665 2543 5710 et
2575 5656 2771 5728 gaudio
2801 5657 3022 5724 plenum
3055 5662 3195 5726 apud
3233 5674 3381 5711 men-

1826 5756 1929 5802 tem
1970 5764 2121 5803 suam
2160 5764 2371 5818 semper
2405 5760 2686 5805 versarent
2717 5768 2730 5803 :
2765 5766 2887 5823 nam
2918 5752 3017 5805 nisi
3055 5751 3377 5811 experientia
