3982 6346
712 331 814 392 559

1981 328 2211 390 MOSIS
2248 327 2261 388 ]

2361 331 2398 390 R
2437 329 2684 391 CEPHA
3399 324 3406 329 ’
3790 339 3863 399 563

714 445 988 515 cognitum
1027 441 1172 496 hunc
1211 441 1438 496 alterum
1486 438 1824 501 habuissent,
1869 453 2145 508 nunquam
2184 437 2274 494 ille
2303 445 2348 502 Α
2380 439 2649 494 duntaxat
2691 454 2864 510 pinna:
2905 442 3158 507 absolvit,
3193 441 3293 497 hoc
3340 449 3444 506 est,
3478 458 3545 497 ne
3593 457 3656 497 eo
3692 442 3790 512 ipso
3806 449 3866 501 die
3950 497 3951 502 η

715 543 971 603 quantum
1014 532 1150 598 huic
1193 540 1427 601 prtestet,
1475 539 1660 585 exacte
1709 528 2118 584 intellexissent.
2165 527 2268 584 Po-

715 639 932 682 stremo,
981 632 1039 676 ut
1072 624 1198 676 dum
1233 621 1464 676 subinde
1511 636 1541 674 a
1575 629 1790 689 peccato
1831 619 2268 688 interpellaretur

715 715 906 768 Adami
942 713 1169 782 Evmque
1213 713 1491 777 voluntas,
1526 711 1868 765 erudirentur
1909 709 2010 780 ipsi
2044 713 2107 766 ad
2140 727 2267 781 pec-

717 807 821 859 cati
866 807 1048 858 odium
1099 812 1260 872 atque
1317 803 1517 871 fugam,
1582 809 1836 870 tauquam
1899 801 2018 869 ejus
2071 815 2101 854 a
2158 816 2266 870 quo

717 900 958 966 ingentes
982 894 1320 963 accepissent
1346 875 1715 954 calamitates;
1747 899 1910 959 atque
1934 907 1996 944 ea
2020 890 2266 947 doctrina

718 989 784 1042 ab
819 987 921 1039 illis
966 983 1032 1042 ad
1090 999 1190 1038 nos
1241 997 1411 1051 usque
1441 989 1849 1050 propagaretur,
1904 983 2055 1050 quasi
2101 997 2266 1035 manu

716 1074 930 1129 tradita.
977 1073 1263 1128 Enimvero
1308 1072 1524 1140 quoties
1578 1070 1834 1138 peccandi
1882 1072 2099 1126 occasio
2147 1086 2268 1128 sese

716 1166 870 1220 nobis
901 1163 1077 1230 offert,
1118 1170 1311 1232 praesto
1340 1163 1537 1216 adsunt
1581 1162 1739 1216 nobis
1777 1162 1922 1231 leges
1949 1177 2086 1230 quas
2118 1163 2267 1218 Deus

715 1257 870 1310 nobis
925 1255 1208 1324 imperavit
1250 1262 1308 1308 ut
1361 1253 1495 1323 ipsis
1535 1266 1884 1307 coerceamur
1914 1267 1957 1325 _a
2003 1255 2266 1322 patrando

715 1357 958 1416 peccato.
994 1344 1134 1410 Qtéin
1170 1344 1380 1415 legibus
1416 1343 1547 1413 ipsis
1581 1343 1743 1397 etiam
1774 1343 2076 1398 subsidium
2116 1344 2266 1398 addi-

715 1419 952 1492 uitieam
1001 1422 1119 1522 qtiae
1154 1437 1435 1490 doctorum
1482 1434 1663 1488 verbis
1698 1433 1753 1488 fit
1805 1434 2262 1504 redargutionem,

713 1529 844 1580 utsi
900 1523 1115 1596 quando
1171 1525 1428 1596 ﬂagitium
1485 1524 1907 1589 adtniseritnus,
1973 1534 2083 1578 tum
2143 1523 2264 1578 latis

710 1619 943 1686 legibus,
995 1628 1106 1670 tum
1156 1631 1218 1670 ea
1266 1617 1430 1670 etiam
1487 1616 1858 1684 increpatione
1891 1630 1996 1684 qua
2043 1627 2262 1684 peccata

717 1710 894 1763 verbis
926 1708 1380 1777 perstringuntur,
1425 1707 1731 1760 indicantur
1775 1707 1839 1759 ad
1871 1707 2262 1775 paenitentiam,

714 1802 966 1870 dignique
996 1799 1284 1852 reddantur
1307 1799 1506 1868 quibus
1539 1797 1633 1851 flat
1666 1799 2029 1852 admissorum
2066 1804 2260 1868 gratia.
2293 1780 2336 1837 Β

713 1891 860 1944 Sicut
886 1888 1086 1942 Paulus
1121 1875 1278 1960 suum
1311 1887 1659 1941 Timotheum
1693 1887 1896 1952 scripto
1927 1888 2180 1944 hortatur
2208 1898 2267 1944 ut

713 1979 876 2033 simul
899 1994 1023 2031 cum
1059 1978 1263 2046 legibus
1289 1976 1398 2047 jam
1430 1988 1542 2030 tum
1575 1978 1765 2046 positis
1789 1977 2075 2046 redarguat
2101 1982 2263 2033 etiam

712 2080 872 2138 atque
931 2068 1290 2136 reprehendat
1338 2077 1674 2135 peccatores,
1735 2082 1845 2135 quo
1903 2081 2001 2120 sua
2047 2078 2265 2137 peccata

712 2172 1004 2230 agnoscant
1060 2168 1113 2212 et
1169 2157 1509 2226 pmnitudine
1553 2159 1824 2210 ducantur
1849 2157 1917 2210 ".
1975 2161 2054 2212 Ad
2118 2158 2264 2217 hunc

713 2254 874 2304 etiam
923 2250 1140 2304 modmn
1189 2263 1313 2302 cum
1350 2248 1540 2316 primis
1577 2249 1894 2317 parentibus
1937 2261 2117 2304 actum
2158 2262 2259 2304 est.

709 2341 843 2394 Cum
885 2343 1027 2394 enim
1073 2339 1209 2410 ipsis
1253 2341 1591 2410 obrepsisset
1629 2349 1934 2409 peceatum,
1967 2342 2081 2410 ipse
2121 2339 2264 2396 Deus

709 2447 803 2486 eos
842 2432 1018 2486 verbis
1064 2432 1444 2500 reprehendit;
1502 2445 1735 2500 cumque
1768 2431 2035 2500 panitere
2076 2446 2134 2484 se
2167 2431 2263 2484 ad-

712 2524 862 2578 missi
907 2523 1091 2594 ﬂagitii
1142 2524 1523 2586 ostenderent,
1592 2524 1971 2592 quadantenus
2013 2523 2260 2593 ignovit;

710 2614 928 2684 quando
979 2629 1085 2668 non
1143 2629 1250 2684 quo
1304 2615 1392 2668 die
1438 2613 1669 2669 ederunt
1719 2615 1784 2666 de
1830 2614 1990 2668 vetita
2041 2613 2260 2680 arbore,

710 2705 898 2756 eodem
929 2713 982 2756 et
1018 2704 1124 2756 vita
1157 2703 1401 2757 defuncti
1434 2714 1586 2766 sunt,
1622 2703 1766 2757 sicut
1804 2719 1898 2771 per
1931 2704 2103 2758 minas
2128 2704 2262 2774 ipsis

711 2800 1088 2854 obnuntiatum
1136 2796 1331 2851 fuerat.
1379 2797 1482 2852 Sed
1521 2800 1631 2868 jam
1687 2799 1793 2851 alia
1833 2797 2078 2852 oboritur
2111 2812 2262 2866 quat-

711 2891 856 2955 stio;
924 2905 1021 2944 cur
1051 2905 1158 2942 non
1215 2889 1284 2942 sit
1333 2899 1583 2942 mortuus
1626 2889 1791 2941 Adam
1840 2902 1950 2956 quo
1999 2886 2264 2960 die.edit

611 2986 622 3020 ί
709 2982 945 3035 fructum
1002 2982 1224 3034 vetitum
1294 2981 1432 3035 sicut
1494 2980 1878 3032 interminatus
1931 2978 2032 3048 ipsi
2088 2978 2262 3032 fuerat

2367 537 2738 595 morerentur;
2769 533 3059 601 cmteroqui
3109 548 3214 586 non
3244 533 3465 605 sustulit
3492 547 3716 601 prorsus
3753 549 3864 588 mor-

2369 626 2496 672 tem.
2546 615 2660 674 Non
2701 629 2784 675 est
2829 620 3012 691 itaque
3059 621 3177 675 falsi
3212 620 3613 675 insimulandus
3657 620 3780 675 Deus
3803 625 3867 690 qui

2369 723 2463 778 per
2492 709 2636 763 illam
2665 710 3094 766 misericordiam
3127 711 3281 770 venia
3311 711 3563 780 dignatus
3594 718 3677 765 est
3699 721 3869 766 nostros
3950 727 3951 770 l

2368 801 2573 868 primos
2620 809 2888 870 parentes,
2923 802 3281 871 meritamque
3326 816 3540 871 poenam
3589 803 3770 870 partim
3797 818 3870 857 re-
3950 829 3951 844 ι

2369 891 2539 953 misit,
2607 907 2783 960 neque
2835 907 2901 948 eo
2959 894 3076 962 ipso
3119 908 3227 961 quo
3266 893 3476 947 dixerat
3531 891 3618 946 die
3666 893 3870 961 peremit.

2370 979 2511 1036 Sunt
2551 983 2769 1051 quidem
2797 984 2888 1052 qui
2917 982 3009 1037 Dei
3039 984 3200 1036 verba
3239 983 3320 1038 sic
3356 990 3600 1038 tutentur
3627 991 3685 1066 γι
3708 983 3874 1040 obiisso
3950 1015 3951 1066 ᾖ

2368 1082 2601 1127 mortem
2636 1073 2759 1128 illos
2785 1074 3116 1128 contendant
3141 1090 3251 1144 quo
3278 1075 3764 1145 diedeliquerunt:
3791 1092 3872 1132 non

2367 1162 2584 1230 quidem
2630 1165 2873 1234 corporis
2906 1174 3134 1220 mortem
3180 1165 3276 1220 sed
3320 1166 3511 1230 animi,
3541 1183 3663 1237 qua:
3694 1183 3754 1221 ea
3781 1183 3874 1235 pee-
3950 1162 3951 1226 ἒ

2368 1259 2493 1306 cato
2539 1261 2822 1306 nascatur.
2853 1251 3052 1308 Verum
3098 1253 3297 1308 frustra
3329 1265 3414 1310 est
3453 1256 3567 1310 hac
3616 1259 3875 1323 excusatio,

2366 1344 2584 1412 quando
2608 1359 2711 1398 non
2749 1354 2979 1398 mortem
3001 1345 3196 1399 animae
3231 1345 3324 1401 sed
3355 1346 3622 1416 corporis,
3667 1349 3764 1402 hoc
3797 1359 3877 1414 est,

2365 1450 2488 1506 quae
2519 1436 2690 1505 ipsam
2734 1436 2972 1490 animam
3023 1452 3052 1490 a
3101 1453 3328 1507 corpore
3357 1439 3719 1508 dissociaret,
3745 1439 3878 1494 inter.

2368 1526 2607 1580 minatus
2655 1525 2761 1580 illis
2809 1525 2985 1581 fuerat
3018 1525 3179 1582 Deus.
3227 1525 3347 1581 .Iam
3399 1541 3529 1582 vero
3569 1528 3699 1582 illud
3746 1539 3878 1583 restat
3950 1525 3951 1600 ξ

2366 1616 2568 1682 dicere,
2597 1633 2693 1671 cur
2724 1633 2829 1672 non
2860 1617 3054 1672 obicrit
3085 1619 3252 1672 Adam
3285 1633 3392 1688 quo
3427 1618 3514 1672 die
3539 1619 3650 1674 edit
3677 1619 3878 1674 fructum
3950 1613 3951 1688 ἢ

2369 1709 2487 1780 lege
2525 1709 2878 1778 prohibitum,
2925 1718 2986 1764 ut
3023 1709 3185 1763 minae
3221 1707 3465 1763 futurum
3501 1709 3880 1768 denuntiarunt.

2369 1799 2462 1854 sed
2494 1798 2798 1854 extenderit
2830 1808 3016 1868 postea
3051 1801 3215 1853 vitam
3253 1815 3408 1854 suam
3445 1803 3510 1854 ad
3564 1799 3752 1854 novies
3783 1817 3884 1852 cea-

2373 1889 2628 1946 tcsimnm
2665 1899 2719 1944 et
2766 1890 3099 1945 tricesimum
3148 1905 3374 1946 annum.
3413 1889 3583 1960 Hujus
3629 1894 3708 1947 rei
3753 1893 3884 1944 rari:

2367 1989 2493 2035 sunt
2545 1995 2746 2036 causa.
2804 1979 2989 2036 Potuit
3044 1983 3188 2035 enim
3240 1980 3382 2038 Deus
3434 1983 3582 2038 illius
3632 1983 3881 2041 misereri,

2367 2071 2852 2140 commeritamque
2883 2087 3117 2140 prunam,
3165 2072 3212 2125 si
3252 2087 3358 2126 non
3405 2085 3648 2136 omnem,
3699 2081 3752 2125 at
3795 2070 3886 2138 pai-

2367 2160 2700 2216 tim'saltem
2729 2162 3040 2228 remittere;
3077 2165 3172 2232 qui
3206 2177 3397 2232 magna
3425 2164 3640 2232 quidem
3675 2162 3886 2228 duraque

2367 2253 2587 2310 minari.
2624 2262 2680 2306 at
2725 2255 2936 2307 minora
2986 2255 3342 2323 mollioraque
3390 2253 3630 2322 infligere
3687 2253 3817 2307 solet
3845 2260 3885 2301 ut

2366 2343 2528 2398 nobis
2553 2343 2803 2397 Ninivita:
2855 2345 3103 2414 exemplo
3147 2344 3317 2400 fuere.
3355 2345 3553 2399 Deinde
3588 2345 3631 2400 si
3680 2345 3755 2398 illi
3790 2358 3886 2396 mox

2366 2451 2492 2489 eum
2523 2435 2765 2490 admisso
2793 2446 3012 2504 peccato
3048 2438 3154 2490 vita
3198 2437 3436 2494 defuncti
3474 2436 3731 2498 fuissent,
3763 2437 3883 2489 nulla

2369 2525 2777 2594 relinquebatur
2829 2526 3157 2595 propagandi
3213 2527 3427 2597 generis
3463 2527 3690 2580 humani
3738 2527 3884 2594 origo.
3950 2569 3951 2597 Ξ

2361 2613 2628 2673 Praeterea
2673 2617 2762 2694 illa
2795 2617 2888 2672 Dei
2921 2617 3225 2671 benedictio
3257 2634 3272 2670 :
3303 2618 3531 2672 Crescite
3559 2627 3606 2670 et
3658 2616 3888 2680 multipli-

2365 2711 2594 2772 camini,
2644 2721 2994 2779 pratcessernt
3035 2712 3182 2766 diras
3231 2713 3365 2766 istas
3415 2710 3590 2765 minas
3628 2728 3643 2763 :
3677 2708 3794 2775 Quo
3834 2708 3892 2759 die

2364 2800 2620 2866 ederitis,
2685 2810 2908 2853 mortem
2965 2803 3279 2856 moriemini.
3339 2784 3564 2871 Insuper
3613 2804 3785 2856 dilata
3833 2813 3893 2853 est

2367 2905 2514 2945 mors
2546 2891 2820 2960 peccantis
2869 2891 3018 2954 Δάαι,
3068 2907 3135 2946 ne
3170 2892 3380 2958 sijusto
3412 2893 3570 2946 initio
3614 2908 3772 2946 mors
3820 2893 3897 2943 im-

2361 2982 2574 3050 perium
2609 2996 2769 3036 suum
2811 2982 3090 3051 auspicata
3127 2992 3270 3037 esset
3301 2982 3355 3036 in
3388 2996 3558 3051 genus
3589 2982 3894 3038 humanum.

711 3072 891 3125 Deus?
945 3071 1050 3124 Sed
1113 3071 1426 3140 priusquam
1482 3071 1548 3122 ad
1611 3069 1754 3137 hanc
1812 3069 2330 3154 respondeamus,c
2364 3085 2588 3140 prorsus
2644 3071 2748 3125 hoc
2813 3071 3196 3145 indissplubile
3261 3058 3518 3141 deinceps
3568 3072 3896 3126 obtinuisset.

709 3176 889 3229 operte
922 3161 1161 3229 pro-tium
1213 3159 1376 3213 fuerit
1421 3159 1635 3212 illarum
1674 3159 1954 3216 hominum
2011 3158 2254 3228 argutias

709 3255 1000 3309 dissolvere
1030 3256 1123 3322 qui
1170 3255 1270 3308 hoc
1321 3253 1438 3305 loco
1490 3251 1644 3308 aiunt
1691 3249 1956 3318 serpentis
1987 3248 2115 3318 (hoc
2147 3259 2255 3316 est,

710 3347 942 3416 Satanaa)
986 3348 1143 3400 verba
1190 3354 1305 3400 rata
1350 3343 1486 3404 fieri,
1538 3344 1737 3410 quibus
1784 3341 2108 3410 prcdixerat
2150 3357 2258 3397 non

695 3440 1004 3492 morituros
1056 3435 1272 3490 etiamsi
1321 3443 1674 3488 vescerentur
1731 3432 2018 3501 prohibitis
2066 3433 2259 3487 fructi-

712 3537 814 3589 bus
843 3552 857 3590 :
894 3534 983 3587 Dei
1037 3546 1165 3585 vero
1195 3530 1349 3584 irrita
1380 3529 1623 3600 falsaque
1655 3530 1747 3599 qui
1787 3529 1972 3584 eodem
2002 3544 2126 3584 cum
2157 3544 2257 3599 pa-

711 3633 852 3679 trato
880 3622 1119 3677 facinore
1148 3622 1232 3675 die
1264 3621 1557 3684 morituros
1587 3619 2050 3674 minatus‘fuerat.
2096 3619 2256 3688 Atqui

710 3715 1129 3784 haudquaquam
1164 3712 1424 3766 mentitus
1467 3720 1550 3764 est
1584 3709 1745 3774 Deus,
1777 3710 1868 3763 sed
1902 3709 2255 3779 pret-lituum

707 3820 922 3874 poenam
990 3802 1362 3858 misericordia
1417 3800 1700 3870 mitigavit.
1755 3799 1906 3854 Solet
1965 3800 2112 3855 enim
2167 3801 2257 3854 ille

707 3897 940 3950 maxima
988 3893 1418 3964 gravissitttaque
1471 3890 1734 3961 supplicia
1785 3890 2002 3956 minari,
2041 3899 2102 3944 ut
2151 3889 2255 3945 sibi

707 3997 930 4038 caveant
977 3984 1251 4046 mortales,
1308 3995 1494 4034 verum
1568 3980 1762 4034 deinde
1821 3978 1910 4033 illa
1959 3993 2054 4048 per
2101 3993 2255 4033 suam

708 4074 1136 4131 misericordiam
1175 4072 1467 4135 moderari,
1504 4070 1818 4140 lenioraque
1850 4085 2086 4124 sumere.
2122 4069 2256 4124 Nam

707 4179 762 4223 et
810 4169 1064 4222 Ninivitis
1116 4183 1240 4220 cum
1298 4167 1678 4218 interminatus
1727 4172 1870 4218 esset
1899 4163 2149 4227 exitium,
2180 4162 2255 4216 illi

707 4277 833 4314 vero
865 4262 930 4312 ah
972 4257 1222 4324 iiitmptis
1267 4256 1504 4310 revocati
1547 4255 1904 4324 pmnitercnt,
1935 4256 2079 4307 nulla
2111 4253 2256 4323 ipsos

708 4355 876 4408 multa
910 4349 1181 4404 affecit“.
1227 4345 1471 4401 Ezechias
1511 4360 1725 4416 quoque
1757 4359 1882 4400 cum
1932 4346 2252 4398 moriturum

705 4453 880 4512 neque
908 4443 1176 4494 victurum
1207 4439 1635 4508 pronuntiasset,
1660 4448 1897 4502 eumque
1930 4431 2136 4500 peccati
2169 4431 2254 4485 sui

705 4533 1066 4604 pmuituisset,
1096 4529 1426 4599 impendenti
1453 4541 1626 4598 pinnae
1649 4527 1760 4594 jam
1789 4524 2005 4577 addicto
2031 4521 2256 4590 gratiam

707 4625 937 4686 fecit";
974 4633 1026 4678 et
1069 4631 1248 4676 tamen
1302 4634 1483 4680 nemo,
1523 4619 1594 4672 ob
1630 4617 1744 4670 ba‘c
1790 4616 2060 4669 mendacii
2086 4613 2256 4667 Deum

706 4715 1066 4768 accusaverit.
1113 4711 1205 4767 Sic
1252 4711 1417 4780 igitur
1448 4709 1610 4762 etiam
1646 4721 1769 4760 cum
1817 4705 2023 4758 Adamn
2058 4710 2111 4758 et
2145 4703 2257 4756 Eva

706 4807 835 4874 egit.
872 4802 1207 4857 Praemonuit
1237 4801 1380 4856 enim
1431 4816 1498 4853 ne
1544 4798 1612 4853 de
1652 4797 1740 4849 illa
1794 4797 1986 4849 arbore
2017 4795 2258 4857 ederent,

710 4897 978 4965 simulque
1030 4895 1202 4955 minas
1262 4891 1467 4946 addidit
1517 4889 1644 4943 fore
1703 4896 1761 4940 ut
1818 4886 1923 4941 nisi
1973 4895 2255 4955 parerent,

710 4993 894 5042 eodem
943 4991 1028 5042 die
1083 4995 1311 5044 mortem
1358 4993 1718 5054 oppeterent:
1753 4997 1875 5035 cum
1916 4994 2079 5051 porro
2146 4980 2256 5049 jam

710 5089 1032 5150 pia-ceptum
1078 5079 1373 5133 violassent
1412 5085 1575 5144 atque
1607 5080 1949 5144 peccassent,
1976 5071 2260 5125 miseratus

709 5175 852 5240 ipsos
881 5178 965 5225 est
995 5170 1318 5238 culpamque
1345 5166 1580 5229 remisit,
1610 5173 1666 5219 et
1713 5162 2036 5232 supplicium
2075 5161 2147 5213 ita
2178 5171 2260 5214 est

683 5261 1022 5324 .moderatus
1057 5268 1113 5312 ut
1139 5274 1204 5311 eo
1235 5261 1350 5326 ipso
1373 5259 1458 5310 die
1492 5265 1719 5309 mortem
1756 5269 1859 5306 non
1885 5251 2120 5305 obierint
2146 5265 2254 5319 quo

710 5353 1015 5421 impositam
1071 5349 1173 5404 sibi
1210 5348 1388 5416 legent
1416 5347 1708 5414 fregerant.
1741 5343 1856 5397 Idm
1886 5358 2015 5396 vero
2065 5340 2257 5394 adver-

709 5459 804 5498 sus
835 5442 1102 5498 Ninivitas
1158 5446 1328 5492 totout
1365 5437 1585 5490 omnino
1636 5433 1962 5503 supplicium
2021 5430 2253 5486 reddidit

710 5536 955 5597 irritum;
997 5541 1051 5585 at
1076 5531 1278 5600 primos
1333 5529 1498 5590 hosce
1545 5538 1758 5579 nostros
1794 5532 2046 5590 parentes
2101 5530 2252 5589 parte

2355 3162 2574 3218 Iustum
2599 3172 2780 3218 autem
2811 3161 3008 3217 fuisset
3059 3161 3251 3218 mortis
3297 3162 3512 3231 imperii
3555 3163 3892 3231 principium.

2361 3251 2406 3306 si
2436 3251 2629 3320 Adam,
2665 3252 2757 3321 qui
2787 3251 2984 3306 violata
3017 3253 3132 3324 lege
3157 3252 3480 3321 deliquerat,
3513 3253 3732 3323 primus
3754 3261 3894 3306 morte

2361 3341 2725 3406 concidisset;
2769 3351 2825 3397 at
2883 3345 3030 3397 enim
3067 3354 3420 3412 posteaquam
3456 3343 3543 3396 ille
3575 3343 3796 3412 primus
3839 3353 3896 3394 est

2363 3438 2538 3485 morte
2575 3431 2880 3486 exstinctus
2912 3432 3018 3501 qui.
3051 3448 3161 3501 prae
3193 3432 3406 3488 caeteris
3451 3433 3786 3488 mortalibus
3816 3432 3893 3485 Deo

2367 3519 2615 3589 placebat
2674 3530 2728 3576 et
2785 3524 3014 3576 omnino
3060 3532 3236 3578 morte
3282 3523 3533 3593 indignus
3575 3534 3726 3589 erat,
3768 3535 3895 3590 autne

2361 3614 2432 3667 ita
2465 3613 2716 3683 improbo
2740 3614 3008 3686 principio
3041 3631 3193 3671 mors
3225 3632 3381 3672 suam
3413 3620 3630 3687 occepit
3679 3620 3895 3689 tyranni-

2359 3704 2517 3770 dem;
2550 3713 2749 3760 mertto
2781 3720 2845 3760 ea
2882 3708 3125 3777 tyrannis
3151 3707 3281 3762 olim
3311 3709 3664 3764 dissolvenda
3700 3710 3803 3765 fuit
3823 3723 3897 3777 per

2358 3795 2632 3850 Christum
2680 3794 2774 3864 qui
2815 3793 2918 3851 suo
2957 3795 3102 3852 illam
3153 3797 3385 3853 adventu
3431 3799 3644 3854 viribus
3712 3815 3894 3855 cassam

2333 3876 2611 3936 'reddidit.
2671 3879 2810 3937 llinc
2885 3883 3141 3939 dominus
3204 3883 3440 3954 Ephrem
3499 3887 3551 3940 in
3633 3888 3770 3939 illud
3829 3886 3896 3938 Dei

2357 3972 2561 4025 dictum
2595 3988 2609 4024 :
2638 3969 2870 4044 Sanguis
2912 3973 3037 4027 Abel
3081 3976 3280 4027 clamat
3325 3977 3394 4028 ad
3452 3992 3531 4029 me
3577 3992 3647 4030 ea:
3690 3987 3825 4030 terra
3843 3975 3892 4035 ”,

2358 4064 2503 4120 sicut
2532 4067 2792 4134 scriptum
2827 4064 3047 4135 reliquit
3076 4084 3090 4120 :
3129 4066 3306 4121 Ulnlat
3349 4081 3498 4122 mors
3543 4067 3598 4121 in
3627 4084 3738 4122 suo
3770 4067 3895 4120 initio

2359 4155 2652 4212 ostendens
2708 4158 2876 4225 :quem
2939 4157 3011 4210 sit
3085 4156 3334 4210 habitura
3399 4155 3585 4211 finem.
3651 4158 3891 4213 Praeterea

2357 4255 2519 4301 etiam
2565 4245 2610 4301 si
2659 4262 2769 4300 non
2829 4247 2978 4302 illico
3028 4257 3338 4316 peccantem
3395 4249 3670 4304 Adamum
3748 4259 3892 4302 morte

2360 4338 2671 4392 multaverit
2718 4337 2880 4402 Deus,
2930 4347 3106 4394 tamen
3165 4339 3444 4394 mortalem
3487 4355 3636 4405 esse,
3680 4351 3736 4394 et
3785 4355 3812 4392 a
3852 4351 3891 4387 se

2289 4412 2330 4467 ο
2359 4428 2488 4482 olim
2533 4429 2904 4498 perimendum
2939 4430 3049 4498 jam
3108 4440 3218 4485 tum
3265 4431 3500 4486 ostendit
3551 4431 3642 4485 his
3695 4432 3890 4484 verbis:

2357 4518 2536 4574 Paleis
2573 4538 2648 4584 es,
2687 4530 2735 4574 et
2781 4522 2834 4574 in
2869 4523 3129 4590 puluerem
3176 4524 3468 4575 reverteris.
3501 4523 3754 4592 Denique
3794 4535 3888 4576 cum

2359 4613 2448 4666 ille
2493 4622 2706 4680 gustata
2753 4611 2947 4665 arbore
2982 4614 3167 4674 vetita,
3221 4627 3378 4680 paena
3418 4612 3698 4668 obnoxius
3746 4612 3892 4667 factu.

2356 4712 2532 4766 esset,
2596 4702 2780 4757 habuit
2839 4704 3014 4771 ipsum
3073 4701 3213 4756 Deus
3260 4718 3359 4772 pro
3407 4712 3651 4769 mertuo,
3706 4703 3888 4756 etiamsi

2360 4795 2514 4848 vivus
2563 4808 2684 4848 esse
2723 4793 3018 4847 \idcretur.
3073 4793 3130 4847 Si
3166 4793 3310 4846 enim
3339 4793 3497 4848 divus
3529 4793 3747 4847 Paulus
3788 4806 3891 4859 apo-

2361 4886 2533 4943 stolus
2561 4879 2657 4938 éos
2691 4885 2782 4952 qui
2815 4885 3009 4936 mortui
3041 4894 3190 4947 sunt,
3214 4893 3361 4940 recte
3396 4894 3556 4938 vocat
3578 4885 3888 4938 dormientes

2360 4991 2576 5048 propter
2622 4977 2976 5031 certissimam
3012 4977 3427 5032 resurrectionis
3456 4990 3632 5044 spem,
3663 4993 3767 5032 cur
3809 4989 3889 5029 novi

2332 5071 2600 5127 .Adamus
2651 5076 3000 5136 posteaquam
3059 5077 3282 5136 peccato
3336 5071 3689 5137 mancipatus
3758 5077 3889 5134 atque

2362 5175 2514 5213 noxze
2539 5157 2751 5211 deditus
2777 5167 2938 5220 esset,
2977 5159 3199 5227 perinde
3229 5167 3390 5226 atque
3417 5159 3488 5212 ob
3529 5174 3742 5213 noxam
3773 5170 3890 5212 mor-

2360 5257 2485 5300 tuus
2519 5244 2695 5297 vocari
2727 5245 2944 5303 debuit?

2429 5335 2596 5388 Adam
2633 5341 2885 5404 quomodo
2935 5345 3174 5390 mortuus
3220 5353 3278 5393 eo
3333 5337 3421 5390 die
3471 5353 3571 5406 quo
3612 5337 3686 5392 de
3735 5335 3890 5390 arbore

2358 5425 2597 5481 scientia.
2629 5427 2881 5494 gustat-it.
2907 5454 2975 5464 —-
3008 5425 3141 5479 llinc
3171 5437 3251 5481 est
3280 5431 3422 5496 quod
3454 5411 3722 5484 dominus
3742 5427 3889 5481 Julius

2359 5518 2754 5572 Commentario
2814 5533 2913 5570 suo
2955 5517 3006 5569 in
3068 5516 3414 5589 Evangelium
3466 5518 3746 5585 Joannis,
3799 5521 3885 5571 ait:

776 5685 860 5742 ’Ἰ
895 5683 1035 5740 Tim.
1068 5700 1105 5749 ι,
1136 5683 1167 5735 ‘5
1199 5697 1348 5752 seqq.
1436 5680 1480 5715 "
1503 5677 1650 5741 Iona:
1682 5693 1757 5745 in,
1789 5675 1821 5728 ‘2
1850 5690 1999 5744 seqq.
2074 5674 2116 5706 ³³
2145 5668 2371 5741 Wﬁeg.
2413 5686 2503 5737 ss,
2534 5671 2554 5723 l
2591 5686 2744 5733 sctzq.
2834 5670 2878 5702 ‘°
2903 5669 2942 5721 (ἶ
2968 5688 3036 5726 ~n.
3074 5687 3144 5730 tv.
3175 5672 3258 5728 10.
