3982 6346
115 271 199 332 su
877 269 884 276 ·
941 313 945 317 .
1191 259 1288 320 ns
1327 257 1732 340 PARA‘DISO.
1809 282 1841 300 -
1871 259 2066 324 rans
2108 262 2154 321 Ι.

3195 261 3300 326 562

115 383 260 438 Adam
307 374 485 442 itaque
531 385 598 428 co
641 369 732 425 die
779 343 1010 428 mortem
1061 367 1218 431 obiit,
1267 382 1379 439 quo
1423 366 1515 422 die
1568 364 1639 422 de.
1665 370 1711 429 Δ
1737 367 2069 438 detraheret,
2104 369 2406 426 secundum
2447 371 2773 429 sententiam
2810 387 2970 444 quam
3013 352 3302 429 dominum

113 475 284 530 arbore
320 464 584 538 prohibita
621 464 754 528 edit,
783 477 849 518 eo
882 479 992 533 quo
1035 457 1116 518 sic
1147 463 1370 517 haberet
1411 468 1632 516 senten-

111 567 212 620 tia:
241 561 348 626 Quo
387 556 473 610 die
514 555 803 609 comederis
828 555 892 608 de
927 555 1136 618 arbore,
1166 554 1424 608 morieris.
1471 551 1634 622 Atqui

109 650 299 708 vivebat
324 646 483 701 etiam
533 653 674 700 tum.
717 642 822 709 Qui
847 657 976 713 ergo
1007 642 1187 712 potuit
1217 650 1462 696 mortuus
1489 656 1632 706 esse,

102 756 222 798 sane
264 751 354 808 per
400 737 725 790 sententiam
787 735 975 804 ipsam.
1006 743 1166 803 atque
1216 749 1311 802 per
1361 739 1632 800 patratum

105 833 319 893 facinus,
349 827 463 896 jam
500 835 611 881 tum
643 835 893 882 mortuus
914 833 1054 880 erat.
1094 823 1226 879 Nam
1277 823 1439 879 simul
1472 833 1636 894 atque

102 940 155 980 se
189 922 304 992 quis
337 919 640 988 subjectum
671 917 843 987 culpa:
882 917 1037 982 fecit,
1070 915 1636 986 suppliciaquodam-

103 1015 247 1068 modo
291 1012 514 1082 patitur,
561 1009 776 1064 tametsi
826 1009 1001 1064 adhuc
1033 1024 1139 1064 non
1193 1007 1374 1078 reipsa
1411 1007 1632 1074 ductus,

101 1104 183 1160 sed
227 1109 322 1172 per
365 1102 535 1156 solam
575 1102 987 1170 pronuntiatam
1007 1101 1331 1156 sententiam
1356 1098 1635 1170 judicatus

97 1205 189 1250 est.
264 1193 329 1248 Et
389 1193 644 1249 dominus
709 1193 942 1260 Ephrem
1013 1192 1106 1247 ubi
1171 1191 1368 1246 iterum
1437 1199 1637 1246 tractat

98 1272 260 1341 locum
313 1285 463 1339 illum
502 1280 570 1341 de
617 1283 826 1339 Adamo
869 1292 1119 1339 vescente
1163 1282 1375 1340 fructus
1416 1283 1634 1349 vetitos,

94 1378 465 1448 morienteque
481 1392 548 1432 eo
584 1377 703 1446 ipso
737 1377 844 1442 die,
871 1375 1134 1446 scriptum
1164 1376 1385 1447 reliquit
1417 1375 1470 1430 in
1488 1374 1666 1456 banc

539 1468 695 1524 Sicut
753 1468 847 1538 qui
903 1483 1068 1522 sanus
1135 1475 1258 1533 est,
1317 1467 1634 1538 priusquam

93 1471 408 1526 sententiam
464 1487 478 1523 :

89 1560 282 1615 incidat
327 1560 384 1614 in
432 1560 706 1624 morbum,
742 1559 885 1614 bona
926 1558 1127 1613 fruitur
1154 1559 1470 1614 valetudine
1515 1575 1637 1629 qua:

90 1651 268 1706 morbo
315 1651 497 1720 potior
537 1660 622 1706 est
655 1667 670 1704 :
705 1665 894 1706 verum
941 1651 1031 1704 ubi
1057 1649 1274 1706 letbalis
1303 1664 1431 1706 eum
1481 1649 1636 1705 inivit

1742 459 1976 530 Ephrem
2025 471 2080 516 et
2147 461 2238 530 qui
2291 463 2434 520 hunc
2478 473 2806 536 sequuntur,
2855 478 2953 536 pro
3009 463 3304 534 Scriptura:
3400 448 3403 449 ν

1741 560 1930 608 tenore
1951 553 2228 624 amplexos
2255 568 2377 610 esse
2404 569 2568 625 supra
2591 548 3107 628 demonstravimus.
3134 556 3302 610 Porto

1739 645 1858 701 sive
1916 661 2012 715 per
2066 647 2578 717 contemplationem
2643 649 2932 717 quamdam
2990 649 3303 718 apparuerit

1742 745 1870 791 tunc
1895 736 2023 799 illis,
2058 745 2117 790 ut
2153 736 2516 799 Philoxenum
2543 737 2861 795 existimare
2886 739 3146 804 diximus,
3191 737 3304 793 sive

1743 831 1816 885 ita
1841 839 1900 884 ut
1931 831 2078 900 ipsos
2105 843 2295 884 eorum
2328 845 2520 900 sensus
2546 828 2720 885 forma
2749 844 3010 900 corporea
3037 837 3300 896 moveret,

1745 931 1802 976 ut
1848 922 1923 975 illi
1963 921 2194 989 volunt;
2252 935 2386 977 sane
2422 920 2802 992 cujuscunque
2848 913 3162 976 haecmodi
3217 916 3304 977 res

1742 1011 1928 1077 fuerit,
1987 1021 2181 1081 pacate
2227 1026 2292 1066 ac
2339 1011 2533 1074 blande
2592 1011 2701 1067 illis
2731 1011 2943 1067 vicibus
2982 1019 3307 1080 apparuerat

1742 1103 1916 1174 ipsis;
1947 1113 2002 1157 at
2024 1103 2138 1174 jam
2177 1103 2249 1158 ita
2285 1103 2441 1172 plane
2475 1119 2534 1158 se
2567 1110 2943 1173 reprasentat,
2985 1109 3046 1156 ut
3081 1102 3201 1158 suis
3227 1100 3304 1156 illi

1743 1199 1997 1255 sensibus
2042 1200 2359 1271 percipiant.
2395 1199 2651 1253 nimirum
2699 1182 2934 1254 humana
2985 1197 3168 1268 specie
3191 1197 3305 1252 for-

1743 1290 2039 1357 midabilis,
2079 1290 2642 1359 turbidus,,,diﬂicilis,
2682 1299 2737 1346 et
2771 1289 2923 1361 quasi
2953 1303 3179 1361 peregre
3209 1289 3306 1344 (d-

1743 1369 1990 1453 veniens,
2031 1383 2224 1452 iraque
2253 1391 2490 1446 tumens,
2525 1381 2844 1452 furensque,
2876 1390 2932 1437 et
2960 1371 3059 1438 suo
3090 1381 3308 1436 incessu

1742 1473 2060 1530 concutiens
2081 1475 2485 1544 terram,jatque
2501 1474 2638 1530 adeo
2658 1475 2807 1545 ipsas
2825 1473 3064 1544 paradisi
3081 1473 3306 1528 arbores

1746 1567 1949 1634 pressis
1976 1565 2218 1638 vestigiis
2239 1561 2616 1622 tremefaciens
2644 1581 2659 1620 :
2688 1565 3026 1634 huiusmodi,
3055 1563 3303 1638 inquam,

1746 1657 1934 1713 habitu
1992 1642 2083 1713 hic
2131 1671 2281 1713 nunc
2343 1657 2558 1712 videtur
2610 1657 2677 1712 ab
2727 1657 2862 1723 illis;
2913 1656 3168 1710 nimirum
3249 1666 3310 1709 ut

86 1718 368 1813 agritudo,
417 1742 530 1813 iam
576 1741 633 1796 in
684 1743 878 1798 mortis
921 1749 1184 1812 potestate
1225 1756 1348 1796 esse
1387 1752 1641 1798 censetur
1667 1718 1718 1778 Β
1744 1748 1923 1820 pavidi
1953 1747 2323 1804 confiteantur
2349 1763 2447 1804 sua
2475 1748 2696 1812 delicta,
2729 1718 3073 1826 atque-illius.
3096 1745 3312 1800 miscri-

87 1835 290 1888 etiamsi
342 1833 656 1902 complures
710 1831 828 1888 dies
878 1841 1115 1902 :egrotus
1172 1833 1441 1904 transigat
1491 1831 1642 1902 prius

84 1942 241 1995 quam
274 1926 544 1992 moriatur
575 1942 590 1978 :
626 1924 788 1979 itaet
815 1925 984 1979 Adam
1026 1921 1239 1980 felicem
1276 1937 1442 1996 atque
1487 1926 1632 1980 inco-

86 2007 280 2073 lumem
330 2019 502 2086 vitam
583 2017 822 2086 agitabat
887 2016 942 2072 in
1013 2009 1269 2092 paradiso
1323 2019 1639 2089 priusquam

82 2117 348 2178 peccaret,
389 2117 446 2162 at
473 2107 564 2162 ubi
585 2105 896 2162 admisisset
923 2119 1220 2178 peccatum,
1245 2109 1528 2163 sententia:
1544 2106 1643 2161 ob-

80 2202 276 2257 noxius
298 2199 483 2255 factus
512 2209 616 2264 est,
644 2211 698 2256 et
724 2199 948 2272 proinde
983 2215 1081 2269 pro
1107 2215 1172 2254 eo
1201 2200 1502 2255 aestimatus
1548 2199 1643 2268 qui

79 2295 268 2350 mortis
298 2293 687 2357 ,exseerationi
745 2292 1086 2362 imperioque
1142 2291 1445 2362 subjectus.
1475 2300 1641 2348 esset.

81 2387 266 2454 Itaque
305 2385 504 2440 multis
534 2400 758 2455 pressus
799 2384 1056 2446 miseriis,
1088 2391 1646 2454 tanquamperpetuo

79 2479 335 2534 letbalem
370 2475 951 2540 sustinensmorbum,
984 2474 1050 2528 ad
1083 2475 1257 2544 ipsam
1289 2490 1462 2545 usque
1495 2489 1646 2529 mor-

75 2581 180 2626 tem
209 2571 486 2641 perrexit.
517 2567 728 2622 Rursus
758 2567 918 2625 sicuti
951 2567 998 2622 si
1023 2567 1147 2636 quis
1169 2569 1348 2622 alium
1370 2567 1648 2623 mortifero

76 2663 298 2716 vulnere
349 2661 585 2726 sauciet,
636 2659 991 2729 quantumvis
1041 2658 1134 2713 ille
1195 2669 1319 2727 post
1369 2669 1647 2728 acceptam

75 2758 288 2823 plagam
367 2752 577 2806 multos
633 2758 916 2818 superstes
987 2759 1203 2803 maneat
1255 2750 1411 2816 dies,
1467 2759 1646 2805 tamen

74 2846 303 2915 perinde
334 2859 404 2898 ac
439 2845 485 2898 si
533 2858 659 2897 mox
704 2844 796 2898 ubi
847 2847 1140 2912 percussus
1179 2841 1357 2897 fuerat
1400 2841 1645 2908 obiisset,

68 2917 148 2991 sic
206 2936 512 2990 vindicant
555 2933 770 3002 iudices
827 2948 944 2986 eam
991 2933 1188 2987 caedem
1223 2951 1236 2987 :
1271 2935 1342 2987 ita
1379 2915 1506 3004 iquo
1562 2933 1650 2989 die

1742 1840 1984 1895 cordiam
2038 1839 2362 1910 veniamque
2410 1831 2700 1908 implorent
2736 1855 2750 1893 :
2783 1839 2878 1907 eo]
2903 1837 3048 1893 enim
3101 1844 3310 1906 spectat

1741 1929 1885 2000 quod
1929 1930 2256 1985 ambulantis
2289 1945 2473 1985 vocem
2507 1929 2748 1986 audiisse
2791 1929 3069 1986 dicuntur.
3100 1927 3309 1999 Quippe

1742 2007 1910 2076 voluit
1945 2021 2122 2075 audiri
2148 2023 2217 2076 ab
2246 2020 2379 2089 ipsis
2428 2037 2588 2076 suum
2616 2021 2912 2086 incessum,
2955 2028 3011 2075 et
3059 2021 3175 2090 ipse
3210 2035 3308 2075 ceu

1743 2124 2068 2184 corporattts
2112 2115 2344 2183 spectari
2395 2113 2630 2168 humana
2659 2112 2858 2180 forma,
2909 2120 2970 2168 ut
3000 2127 3111 2183 pra:
3156 2120 3306 2167 motu

1745 2202 2068 2259 festinarent
2093 2203 2160 2260 ad
2197 2203 2314 2274 eius
2363 2203 2590 2272 gratiam
2639 2199 3162 2274 ignoscentlamque'.
3188 2203 3308 2258 Cte-

1746 2303 1922 2350 terum
1954 2295 2062 2350 diei
2115 2296 2524 2352 inclinationem
2559 2288 2716 2350 vocat
2763 2292 3045 2366 Scriptura
3096 2304 3308 2366 tempus

1746 2385 1878 2441 illud
1925 2387 2031 2442 diei
2062 2387 2207 2458 quod
2260 2387 2480 2443 circiter
2509 2389 2642 2443 hora
2678 2403 2822 2443 nona
2869 2395 2955 2444 est
2985 2396 3106 2456 post
3142 2372 3308 2442 meri;

1745 2479 1911 2543 diem,
1945 2479 2060 2533 sole
2110 2479 2175 2534 ad
2205 2494 2461 2535 occasum
2511 2487 2814 2548 spectante.
2853 2476 2959 2534 Sed
3011 2479 3156 2535 enim
3203 2475 3309 2534 lie-

1747 2571 1922 2627 braaos
1960 2574 2133 2637 aiunt,
2172 2588 2271 2643 pro
2303 2572 2653 2628 inclinatione
2696 2572 2801 2628 diei
2841 2572 3022 2628 dicere
3052 2572 3309 2642 spiritum

1720 2665 1862 2719 sive
1901 2672 2120 2718 ventum
2161 2664 2288 2719 diei.
2335 2664 2606 2745 Caeterum
2657 2665 2803 2734 quod
2857 2668 2924 2718 ad
2983 2664 3307 2719 inclinatum

1749 2771 1919 2823 usque
1967 2755 2108 2810 diem
2165 2756 2377 2810 distulit
2433 2771 2491 2811 se
2530 2755 2808 2819 exhibere,
2865 2755 2918 2809 id
2966 2770 3032 2810 eo
3071 2755 3202 2810 fecit
3254 2765 3315 2810 ut

1750 2845 1984 2915 spatium
2017 2847 2280 2900 haberent
2322 2845 2551 2911 interea,
2588 2853 2851 2916 quantum
2881 2855 3194 2916 patrassent
3230 2847 3340 2910 fas

1749 2941 1904 2994 ciuus
1947 2939 2128 2992 animo
2173 2954 2360 2994 secum
2409 2939 2669 3007 agitandi.
2725 2939 2830 2993 Sed
2879 2949 2934 2995 et
2977 2939 3082 2996 hoc
3134 2936 3316 3009 disco-

71 3027 267 3082 vulnus
301 3028 530 3094 excepit
578 3023 770 3086 Adam,
812 3024 878 3077 ab
919 3038 985 3078 eo
1024 3022 1111 3078 die
1150 3033 1408 3078 censetur
1434 3023 1650 3093 judica-
1677 3055 1720 3112 ο
1754 3029 2011 3098 ptaudum
2045 3035 2146 3090 est,
2175 3030 2242 3082 de
2274 3042 2384 3096 quo
2422 3029 2510 3082 hic
2541 3028 2630 3082 die
2663 3036 2788 3098 agat
2813 3026 3006 3084 Moses.

66 3130 153 3173 tus
195 3119 449 3179 obiisse,
497 3124 556 3170 ut
604 3117 696 3185 qui
732 3114 858 3170 inde
922 3129 1096 3184 usque
1149 3113 1276 3168 dum
1330 3125 1646 3183 moreretur,

71 3209 252 3262 letbali
300 3207 508 3262 morbo
538 3214 590 3260 et
625 3205 946 3274 aegritudine
983 3204 1147 3259 fuerit
1187 3205 1509 3274 impiicitus.
1548 3207 1649 3277 lgio

66 3311 157 3353 tur
187 3300 302 3354 etsi
352 3300 545 3369 reipsa
595 3312 709 3353 non
757 3295 1084 3365 oppetiverit
1129 3307 1353 3351 mortem
1410 3299 1652 3354 Adamus

68 3393 234 3446 simul
272 3401 340 3446 ut
379 3392 621 3446 fructum
665 3391 794 3455 edit,
837 3400 1017 3443 tamen
1047 3403 1145 3457 pro
1189 3400 1402 3444 mortuo
1433 3392 1653 3446 habitus

68 3494 152 3537 est
183 3500 256 3539 eo
293 3483 460 3554 quod
493 3483 710 3552 capitali
755 3481 914 3550 culpa
955 3495 1014 3534 se
1046 3480 1450 3563 obstrinxisset,
1489 3490 1653 3552 atque

63 3577 174 3642 jam
215 3550 344 3630 tum
387 3585 488 3642 per
517 3550 842 3638 sententiam
879 3583 1032 3624 noxae
1081 3550 1494 3628 deditusocsset.
1547 3550 1652 3628 Sed

64 3668 220 3723 dices
271 3667 453 3719 :Cur
509 3678 618 3716 non
659 3677 886 3732 prorsus
933 3663 1170 3718 abolevit
1229 3664 1368 3718 Deus
1422 3674 1652 3720 mortem

61 3776 233 3828 quam
273 3772 390 3828 pro
433 3757 672 3810 maxima
703 3771 800 3811 sua
839 3756 1220 3812 misericordia
1268 3773 1372 3812 non
1404 3759 1656 3816 intulerat

58 3871 122 3904 cn
173 3856 273 3907 die
334 3857 463 3920 quo
511 3859 830 3919 peccaverat
876 3851 1152 3906 Adamus?
1198 3851 1360 3921 Atqui
1410 3853 1529 3922 ejus
1579 3855 1656 3908 rei

61 3945 251 3997 multae
292 3949 547 4012 possunt
572 3941 717 3993 reddi
751 3955 962 3996 causae.
1003 3943 1214 3996 Abolita
1244 3943 1385 3996 enim
1436 3958 1657 4012 prorsus

59 4050 286 4100 morte,
349 4033 533 4102 hujus
581 4047 801 4102 quoque
849 4034 1033 4089 mundi
1084 4035 1407 4105 compositio
1453 4035 1656 4092 frustra

58 4130 288 4191 ruisset,
345 4128 476 4185 imo
510 4125 768 4180 smculum
826 4127 988 4180 etiam
1024 4127 1167 4196 quod
1205 4125 1446 4182 futurum
1497 4142 1658 4183 voca-

55 4241 206 4280 mus.
272 4222 366 4276 Ad
445 4221 586 4286 hoc,
654 4220 865 4274 sublata
924 4232 1072 4272 mors
1136 4219 1297 4273 simul
1347 4213 1660 4276 sustulisset

51 4315 376 4369 adventum
437 4309 562 4363 Filii
604 4310 722 4364 Dei.
768 4309 1033 4363 Praeterea
1063 4317 1341 4377 peccatum
1373 4310 1566 4366 Adami
1603 4317 1658 4366 et

1824 3118 1938 3184 Quo
1959 3117 2044 3172 die
2067 3118 2204 3172 Deus
2227 3119 2426 3186 primos
2449 3127 2692 3188 parentes
2740 3118 2990 3188 paradiso
3017 3119 3316 3174 eliminave-

1748 3210 1862 3286 irit.
1893 3238 1962 3250 ——
1993 3208 2133 3263 Sunt
2173 3221 2350 3263 autem
2391 3210 2484 3279 qui
2514 3209 2717 3273 dicant,
2759 3209 2850 3274 die
2890 3225 2954 3264 eo
2985 3225 3092 3281 quo
3108 3211 3315 3275 conditi

1763 3297 1916 3353 fuere
1960 3299 2120 3368 primi
2163 3307 2450 3367 parentes;
2501 3299 2594 3354 illo
2645 3299 2732 3356 die
2777 3301 2920 3354 enim
2954 3311 3008 3356 et
3056 3315 3314 3370 peccasse

1754 3389 1902 3459 ipsos
1942 3389 2311 3457 Iege~violata,
2339 3389 2430 3459 qui
2460 3389 2579 3444 dies
2607 3397 2726 3444 erat
2759 3398 2968 3446 sextus.
3001 3391 3310 3447 Secundum

1753 3484 1876 3545 hos,
1907 3498 2017 3538 uno
2049 3485 2348 3553 eodemque
2384 3484 2470 3538 die
2495 3493 2709 3537 creatus
2748 3494 2829 3538 est
2873 3484 3046 3536 Adam
3091 3489 3154 3535 et'
3179 3497 3312 3536 eon-

1754 3571 1987 3627 formata
2033 3570 2164 3637 Era,
2198 3573 2416 3641 lataque
2471 3572 2556 3625 lex
2603 3581 2656 3625 et
2683 3571 2904 3636 violata,
2951 3579 3115 3640 atque
3153 3570 3314 3640 primi

1757 3672 2012 3732 parentes
2043 3663 2111 3717 ob
2139 3663 2241 3717 boc
2269 3671 2476 3715 tantum
2527 3645 2737 3716 facinus
2767 3661 3047 3731 objurgati-
3069 3670 3121 3716 et
3156 3667 3316 3726 para-

1758 3755 1876 3810 diso
1907 3755 2190 3809 eliminati.
2231 3754 2333 3808 Sed
2364 3755 2595 3808 aliorum
2631 3753 2900 3809 sententia
2940 3761 3043 3815 est,
3093 3753 3201 3807 alio
3230 3753 3318 3807 die

1757 3856 1972 3904 creatos
2016 3848 2136 3902 illos
2184 3861 2323 3910 esse,
2377 3846 2484 3900 alio
2531 3859 2805 3916 peccasse,
2837 3844 2925 3898 hic
2956 3858 3102 3910 vero,
3135 3844 3200 3899 de
3250 3857 3316 3899 eo
3416 3841 3418 3843 ’

1756 3941 1904 4010 loqui
1946 3938 2157 4002 Mosen,
2187 3954 2294 4008 quo
2331 3945 2647 4007 peccarunt.
2700 3936 2904 3990 Praeter
2943 3936 3046 3991 bos
3081 3933 3172 3990 alii
3217 3951 3313 4004 pu-

1758 4040 1897 4093 tant,
1925 4030 2069 4084 hunc
2105 4030 2244 4083 diem
2284 4042 2459 4098 neque
2503 4044 2626 4082 cum
2661 4028 2833 4082 fuisse
2882 4028 2936 4081 in
2967 4040 3074 4097 quo
3105 4024 3320 4082 fuerant

1760 4121 1977 4176 formati
2008 4122 2178 4176 Adam
2220 4132 2274 4176 et
2318 4121 2451 4186 Eva,
2492 4134 2669 4189 neque
2718 4133 2842 4172 eum
2893 4119 2947 4171 in
2978 4132 3087 4186 quo
3123 4131 3318 4187 pecca-

1758 4221 1973 4278 verunt,
2025 4215 2116 4268 sed
2148 4223 2270 4284 post
2321 4213 2466 4276 illos,
2511 4211 2710 4275 alium;
2761 4223 2941 4278 neque
2990 4207 3136 4261 enim
3180 4206 3317 4261 satis

1759 4315 2181 4361 consentaneam
2214 4320 2337 4360 esse
2363 4312 2422 4358 ut
2457 4303 2569 4357 haec
2596 4310 2744 4358 tanta
2775 4314 2885 4355 uno
2924 4299 3186 4354 accidisse
3213 4297 3302 4354 die
3404 4287 3409 4295 ’

50 4394 183 4462 Erae
215 4415 413 4476 atque
456 4401 638 4457 omnis
681 4401 1034 4471 posteritatis,
1068 4401 1376 4456 immortale
1411 4401 1656 4459 futurum
1683 4385 1737 4446 Β
1761 4399 2166 4468 existimentur.
2201 4397 2304 4452 Sed
2335 4412 2437 4453 nos
2487 4397 2601 4451 haec.
2642 4393 2890 4460 inferius,
2929 4393 3038 4448 Deo
3084 4393 3318 4455 volente,

55 4501 297 4559 ruisset,
361 4505 434 4550 ut
493 4503 577 4550 est
629 4503 910 4564 peccatum
966 4492 1187 4547 diaboli.
1246 4493 1486 4565 Denique
1536 4496 1658 4553 ideo

52 4591 284 4662 reliqua
331 4601 502 4643 mors
530 4580 654 4649 iuit,
705 4596 762 4639 ut
794 4584 952 4652 primi
986 4593 1232 4653 parentes
1276 4586 1516 4639 animum
1560 4588 1660 4640 ad~

45 4689 358 4738 verterent
430 4679 498 4731 ad
580 4689 738 4730 suum
803 4675 1044 4745 ipsorum
1092 4676 1325 4740 facinus,
1389 4685 1443 4730 et
1490 4678 1659 4732 animi

45 4775 444 4848 paenitudine
499 4769 1093 4847 adicerenturzneque
1138 4769 1331 4823 mortis
1381 4769 1552 4823 securi
1607 4776 1662 4822 et

50 4869 178 4921 suis
244 4854 494 4920 seducti
548 4859 826 4913 erroribus
888 4867 1102 4926 peccata
1165 4858 1322 4912 levia.
1363 4857 1660 4920 ducerent,

39 4968 225 5027 atque
259 4958 348 5009 ita
389 4949 656 5004 omnibus
683 4947 904 5018 ﬂagitiis
932 4950 1305 5003 advesrereut.
1339 4945 1488 5000 lianc
1515 4947 1660 5001 enim

39 5052 116 5104 ob
146 5064 281 5105 rem
324 5045 496 5098 Dens
517 5057 621 5096 non
649 5041 968 5110 simpliciter
992 5043 1061 5095 ad
1094 5043 1358 5096 Adamum
1392 5041 1664 5112 Eramque

37 5141 386 5200 accedebat
441 5136 497 5188 in
533 5135 810 5204 paradiso,
853 5133 947 5188 sed
987 5133 1226 5188 maximo
1270 5150 1397 5188 cum
1433 5142 1660 5195 terrore,

37 5249 101 5291 ut
171 5235 261 5290 ait
317 5229 573 5285 Moses:
610 5225 678 5279 Et
737 5225 1046 5278 audiverunt
1088 5243 1260 5280 vocem
1300 5226 1509 5279 Domini
1569 5225 1665 5278 Dei

34 5323 382 5397 gradientis
411 5321 476 5373 in
505 5319 778 5387 paradiso.
812 5317 1098 5370 inclinante
1124 5319 1228 5370 die.
1264 5318 1416 5387 Saepe
1436 5310 1662 5385 quidem

35 5423 190 5475 alias
253 5419 624 5485 apparuerat
670 5409 813 5464 Deus
857 5409 985 5465 Adae
1024 5420 1078 5464 et
1112 5409 1234 5464 Erte
1274 5426 1288 5463 :
1326 5409 1502 5478 primo
1541 5424 1663 5464 cum

36 5514 358 5567 Adamttm
429 5502 738 5568 conderet,
799 5495 1208 5563 conformaret,
1276 5513 1664 5572 componeret,

33 5605 351 5672 erigeret;
413 5594 687 5661 secundo,
743 5610 864 5649 cum
907 5595 1019 5664 lege
1060 5595 1320 5663 imperata
1353 5603 1555 5648 vetaret
1599 5608 1666 5648 nc

37 5700 114 5755 de
152 5695 390 5751 “hom
427 5686 760 5753 cognitionis
797 5687 1010 5751 ederet;
1047 5688 1202 5741 tertio
1233 5703 1354 5741 cum
1388 5685 1549 5739 Evam
1592 5687 1664 5740 illi

1761 4492 2152 4562 explicabimus
2195 4490 2502 4545 dilucidius.
2551 4487 2622 4542 Et
2667 4486 3034 4541 occultabatur
3069 4485 3238 4538 Adam
3271 4494 3319 4538 et

1762 4598 1900 4637 uxor
1936 4584 2101 4650 ipsius
2151 4600 2183 4635 a
2229 4590 2505 4650 conspectu
2549 4579 2761 4633 Domini
2800 4577 2898 4631 Dei
2939 4578 3078 4630 inter
3110 4575 3319 4629 arbores

1760 4669 2022 4743 paradisi.
2070 4671 2371 4742 Fugiebant
2414 4673 2575 4742 igitur
2624 4679 2740 4724 tum
2772 4684 2800 4722 a
2859 4666 2966 4722 Deo
3010 4666 3101 4738 qui
3133 4681 3319 4721 vocem
3356 4664 3363 4672 ’

1766 4765 2013 4820 incessus
2049 4764 2156 4826 sui,
2194 4763 2434 4834 ipsormn
2470 4762 2698 4816 auribus
2739 4761 3066 4830 iugesserat;
3106 4767 3218 4812 tum
3253 4751 3327 4812 ab

1765 4856 1958 4908 arbore
2011 4855 2077 4909 de
2128 4870 2235 4924 qua
2282 4853 2528 4923 improbe
2570 4852 2818 4915 ederant,
2877 4861 3038 4918 atque
3091 4848 3143 4902 in
3186 4849 3322 4904 locis

1765 4947 1952 5002 densis
2024 4947 2506 5015 frequentibusque
2575 4945 2747 4999 multa
2815 4942 3071 5010 variaque
3133 4941 3321 4995 arbore

1765 5040 2169 5094 abscondebam
2234 5052 2310 5101 se,
2367 5037 2627 5089 nimirum
2677 5035 2802 5106 quia
2853 5041 2907 5087 et
2964 5032 3171 5101 peccati
3217 5032 3318 5086 sibi

1767 5131 1975 5186 conscii
2025 5139 2179 5184 erant
2231 5139 2285 5182 et
2338 5129 2492 5191 nudi,
2555 5130 2659 5182 hoc
2705 5135 2807 5191 est,
2851 5125 2980 5195 quia
3029 5125 3320 5178 horrebant

1767 5235 2112 5293 conspectum
2144 5222 2257 5282 Dei,
2283 5231 2336 5275 et
2370 5223 2494 5292 quia
2529 5219 3056 5274 verecundabantur.
3082 5215 3150 5268 Et
3169 5232 3318 5269 voca-

1769 5320 1855 5370 bat
1922 5317 2172 5369 Dominus
2237 5314 2373 5367 Deus
2427 5314 2690 5367 Adamth
2741 5321 2788 5364 et
2819 5311 3022 5364 dicebat
3073 5310 3117 5362 ei
3157 5324 3177 5362 :
3225 5307 3322 5362 Πὸι

1765 5426 1820 5463 es
1862 5407 2069 5462 Adam?
2103 5405 2222 5460 Jam
2259 5405 2498 5459 diximus
2537 5411 2826 5472 corporala
2874 5411 3034 5472 atque
3088 5399 3321 5454 humana

1770 5500 1938 5568 ﬁgura
1985 5499 2150 5552 Deum
2208 5498 2292 5552 hic
2340 5494 2657 5564 apparuisse
2714 5492 2904 5562 primis
2965 5491 3320 5562 parentibus,

1772 5594 2025 5662 ipsosque
2091 5604 2221 5644 vocc
2271 5601 2390 5655 qua:
2442 5584 2696 5639 aulicndi
2749 5598 2972 5638 sensum
3036 5583 3320 5645 movebat,

1770 5676 2151 5753 compcllasse.
2198 5679 2345 5750 Solet
2391 5687 2574 5731 autem
2628 5674 2832 5730 dictum
2890 5675 3020 5728 illud
3057 5691 3069 5726 :
3111 5670 3206 5724 L'bi
3249 5689 3304 5724 cs
