3982 6346
663 323 765 386 563

1910 314 2140 376 MOSIS
2175 313 2222 373 B

2361 310 2609 375 CEPHA
2712 307 2723 318 ’
3321 322 3330 331 λ’
3755 296 3828 358 564

666 429 850 486 multis
888 427 1140 499 usurpari
1174 419 1376 492 modis;
1423 439 1549 480 nam
1585 431 1690 488 est,
1716 421 1936 491 quando
1959 421 2052 490 qui
2103 434 2204 475 ne.
2232 426 2280 482 Α
2307 418 2404 483 sis,
2445 432 2513 471 an
2553 414 2667 472 sub'
2686 411 2912 483 imperio
2946 424 3008 464 es
3057 406 3199 478 quod
3238 404 3330 462 ille
3359 404 3455 460 tibi
3491 403 3710 458 minime
3730 420 3829 474 pre

665 521 887 580 scii'ubi
921 519 968 577 is
1002 521 1074 577 sit
1100 533 1266 590 quem
1289 524 1447 572 vocat
1473 515 1625 576 dicit,
1663 512 1762 568 Ubi
1795 528 1848 566 es
1867 513 1892 564 2
1919 511 2016 565 Est
2043 509 2206 564 etiam

665 627 788 667 rum
833 611 928 682 qui
976 610 1206 670 alterum
1236 607 1573 678 interrogat:
1624 603 1724 662 Ubi
1750 605 1848 658 es!
1887 598 2004 655 Non
2039 602 2213 655 nescit

666 704 755 758 ubi
805 707 1045 760 locorum
1095 701 1204 766 sit;
1262 699 1426 756 veluti
1480 713 1601 755 cum
1667 697 1900 766 aliquem
1949 693 2138 764 procul
2179 705 2211 746 a

666 797 825 852 nobis
860 804 1130 866 agentem,
1173 793 1335 865 cuius
1372 804 1534 860 opera
1569 788 1896 858 indigemus,
1935 787 2016 842 sic
2043 785 2212 838 inter-

666 889 968 960 pellamus:
1005 881 1104 938 Ubi
1125 884 1224 939 es.’
1255 882 1499 949 Denique
1540 881 1746 936 utimur
1775 892 1994 948 quoque
2027 891 2089 931 ea
2132 875 2214 930 in-

667 977 1030 1048 terrogatione
1076 990 1202 1031 cum
1256 973 1491 1044 cuipiam
1529 986 1686 1027 suum
1721 984 1959 1025 errorem
2000 967 2054 1020 in
2099 979 2213 1021 me-

664 1071 896 1127 moriam
935 1067 1202 1123 adducere
1255 1064 1543 1129 volumus;
1581 1077 1706 1115 nam
1747 1049 1924 1115 illud:
1966 1056 2066 1112 Ubi
2116 1057 2216 1113 es?

551 1153 561 1158 ’
666 1161 889 1233 perinde
922 1169 1046 1217 tunc
1071 1156 1217 1212 valet
1243 1170 1309 1210 ac
1337 1155 1384 1212 si
1411 1155 1658 1210 dicamus
1684 1151 1856 1208 :Vide
1887 1165 2003 1222 quo
2027 1148 2216 1219 impie.

656 1247 795 1305 tatis
826 1244 1115 1303 recideris!
1153 1243 1438 1300 Postremo
1475 1243 1691 1297 animos
1730 1241 1927 1296 addere
1959 1241 2212 1310 cuipiam,

668 1345 835 1408 atque
889 1349 1106 1392 manum
1163 1335 1228 1394 ad
1273 1333 1579 1389 audendum
1626 1334 1905 1404 porrigere
1948 1332 2213 1397 volentes,

609 1473 612 1477 .
666 1426 899 1490 dicimus
924 1443 938 1479 :
976 1424 1074 1490 Ubi
1092 1431 1153 1480 es
1171 1426 1293 1482 2Δά
1326 1426 1440 1481 hare
1467 1424 1534 1480 de
1563 1440 1621 1480 re
1650 1426 1852 1482 utilisse
1879 1438 2042 1494 quam
2073 1437 2220 1492 qum-

669 1519 861 1582 rimus,
904 1533 1226 1588 usurpamus
1252 1532 1473 1588 quoque
1506 1517 1606 1573 hoc
1633 1517 1857 1574 dictum.
1890 1515 2060 1586 Igitur
2088 1515 2216 1569 dum

673 1608 812 1668 Deus
857 1607 1122 1665 Adamum
1180 1605 1560 1678 interrogaret,
1621 1597 1842 1663 ubina'm
1895 1613 2061 1671 esset,
2110 1618 2216 1660 non

668 1697 884 1765 quidem
921 1697 971 1750 id
1000 1696 1318 1764 ignorabat;
1353 1705 1411 1750 ut
1447 1711 1623 1767 neque
1655 1711 1781 1753 cum
1809 1684 1878 1750 es
1910 1694 2044 1750 Cain
2067 1707 2218 1764 quae-

671 1799 810 1846 reret
841 1805 856 1846 :
895 1787 992 1845 Ubi
1018 1797 1099 1846 est
1118 1788 1287 1857 frater
1321 1797 1443 1843 tuus
1462 1787 1504 1818 “
1527 1786 1550 1838 ?
1577 1784 1763 1856 Neque
1791 1800 1915 1840 cum
1941 1798 2006 1845 ex
2036 1782 2215 1839 llose:

672 1882 811 1947 Quid
851 1883 946 1938 hoc
971 1891 1048 1936 est
1076 1879 1213 1951 quod
1245 1895 1405 1935 manu
1441 1888 1580 1932 tenes
1605 1877 1684 1931 σιτ
1711 1875 1820 1932 Aut
1847 1891 1912 1932 es
1943 1873 2218 1930 Ieremia:

673 1973 813 2038 Quid
862 1971 1104 2028 vides“?
1142 1982 1235 2031 aut
1274 1970 1508 2038 denique
1549 1983 1616 2022 ex
1659 1967 1861 2021 Sataua
1893 1981 1908 2026 :
1946 1964 2091 2020 Unde
2137 1980 2220 2019 ve-

670 2064 752 2120 rtis
773 2061 858 2115 ιιι
898 2062 988 2120 sed
1043 2061 1238 2118 habent
1280 2059 1573 2115 illiusmodi
1620 2057 2068 2125 interrogationes
2095 2069 2222 2110 suas

671 2166 886 2218 causas,
937 2152 1077 2208 sicut
1121 2157 1174 2212 et
1218 2145 1493 2202 illaeFilii
1547 2148 1600 2202 in
1660 2146 1810 2201 Novo
1851 2144 2220 2211 Testamento,

671 2244 799 2299 dum
867 2243 944 2298 ait
1003 2241 1074 2300 ad
1125 2240 1424 2310 discipulos
1473 2253 1606 2296 suos
1653 2256 1668 2294 :
1714 2238 1856 2302 Quot
1898 2253 2060 2306 pones
2123 2238 2220 2292 Ita-

672 2334 901 2392 betis“!
955 2341 1012 2389 et
1067 2347 1258 2390 rursus
1305 2344 1322 2385 :
1366 2333 1532 2402 Quem
1585 2330 1769 2385 dicunt
1822 2329 2056 2384 homines
2113 2343 2226 2386 esss

677 2423 872 2481 Filium
927 2425 1153 2480 hominis
1179 2423 1266 2478 “1'
1310 2433 1366 2478 et
1418 2442 1432 2477 :
1477 2420 1707 2490 Simon,
1768 2436 1911 2495 reges
1980 2429 2135 2474 terra:
2191 2435 2224 2474 α

672 2532 776 2586 quo
831 2517 1048 2583 capiunt
1113 2512 1368 2568 tributum
1415 2521 1466 2567 et
1523 2527 1734 2568 censum
1756 2511 1845 2566 "1
1898 2519 1955 2568 et
1994 2509 2062 2566 ad
2121 2510 2224 2567 Leo

673 2605 884 2675 gionem
931 2621 946 2658 :
995 2604 1134 2668 Quid
1188 2612 1266 2660 est
1318 2618 1504 2659 nomen
1565 2613 1712 2657 tuum
1734 2602 1825 2656 "i
1879 2603 2116 2672 denique
2157 2601 2225 2656 ad

671 2695 891 2751 inda-os
921 2712 934 2748 :
969 2692 1071 2751 Ubi
1108 2694 1336 2763 posuisti
1368 2694 1520 2750 illum
1540 2694 1628 2746 ⁸⁸1
1675 2677 1942 2749 Lazarum
1993 2695 2224 2750 scilicet.

675 2786 797 2846 llaec
845 2785 988 2842 enim
1035 2798 1087 2840 et
1140 2785 1300 2854 liu,‘us
1342 2785 1558 2861 generis
1606 2785 1715 2840 alia
1766 2801 1886 2856 qua
1921 2787 2225 2856 interroga.

673 2878 751 2930 vit
777 2876 1050 2939 Christus,
1077 2890 1183 2929 non
1211 2876 1430 2944 ignarus
1457 2877 1556 2931 sed
1577 2876 1746 2947 probe
1774 2875 2030 2932 conscius
2062 2877 2230 2931 inter-

675 2967 899 3035 rogavit,
936 2973 1118 3033 utpote
1167 2964 1305 3018 Deus
1332 2964 1424 3037 qui
1482 2965 1665 3020 omnia
1721 2965 1866 3021 videt
1921 2965 2227 3035 novitque:

2312 509 2486 566 dixit?
2513 507 2610 564 Ubi
2643 507 2742 562 es?
2786 517 3049 574 magnaue
3095 498 3293 556 ﬁducia
3341 497 3573 568 pollens,
3628 505 3829 565 apertam

2315 600 2543 656 frontem
2599 597 2856 657 Bllsltillis,
2913 610 2982 648 an
3041 592 3249 662 pudore
3282 582 3603 644 confusum
3664 587 3831 642 vultum

2313 690 2544 760 delicis?
2578 687 2818 746 libi'es?
2847 688 2943 742 eur
2967 698 3054 738 me
3099 696 3231 746 on,
3271 685 3331 732 ut
3378 677 3542 743 soles,
3583 678 3833 747 apertein~

2314 785 2507 850 tueris,
2554 782 2648 838 sed
2684 780 2738 835 in
2769 779 3005 833 latebras
3034 784 3089 830 te
3136 789 3167 828 a
3197 786 3284 826 me
3311 769 3608 826 subdueis?
3668 768 3835 823 Deinde

2317 884 2378 930 ut
2409 875 2524 944 ipsa
2559 871 2981 938 interrogatione
3008 865 3249 921 animum
3283 863 3360 917 illi
3381 861 3633 917 redderet
3665 860 3729 913 ad
3748 861 3834 914 colo

2315 966 2665 1037 loquendum,
2697 973 2858 1031 atque
2889 954 3358 1027 ad'pmnitentiam
3377 952 3666 1017 invitaret;
3696 950 3753 1003 ad
3766 949 3842 1004 hoc

2316 1055 2694 1113 utostenderet
2722 1067 2782 1107 se
2799 1051 2872 1105 ita
2888 1047 3153 1102 Adamum
3172 1059 3439 1115 quaerere,
3456 1053 3516 1096 ut
3539 1050 3694 1113 pater
3712 1041 3841 1094 amis-

2313 1161 2435 1205 sum
2458 1145 2649 1210 lilium,
2667 1141 2892 1198 sollicite
2916 1138 3220 1205 investigat.
3237 1139 3416 1204 Atque
3435 1135 3549 1189 haec
3579 1132 3842 1203 posteriora

2315 1239 2423 1292 duo
2453 1236 2578 1291 inde
2594 1231 3035 1303 comprobantur,
3059 1228 3202 1300 quod
3233 1242 3340 1281 non
3366 1223 3524 1294 quasi
3553 1220 3843 1291 supplicio

2316 1328 2384 1382 de
2415 1326 2524 1381 illis
2559 1332 2879 1394 sumpturus
2897 1335 2958 1376 se
2977 1320 3090 1390 jam
3139 1318 3272 1388 ipsis
3287 1315 3598 1372 exhibuerit
3624 1313 3681 1366 in
3705 1311 3845 1381 primo

2317 1419 2420 1475 hoc
2451 1429 2770 1487 congressu,
2821 1411 3026 1482 alioqui
3067 1409 3212 1466 enim
3243 1423 3352 1463 non
3382 1416 3494 1461 tam
3527 1403 3726 1460 blande
3770 1417 3848 1456 suo

2317 1509 2468 1564 illum
2494 1508 2711 1564 nomine
2737 1511 3121 1573 nuncupasset.
3143 1495 3394 1555 Estenim
3413 1498 3528 1552 haec
3549 1495 3622 1549 illi
3641 1493 3849 1548 Pauline

2319 1602 2515 1659 similis
2551 1598 2916 1668 interpellatio
2943 1611 2970 1651 :.
2989 1593 3172 1668 Soule,
3226 1607 3323 1646 cur
3347 1606 3428 1644 nte
3453 1586 3767 1658 persequeris
3785 1585 3851 1639 "2

2321 1710 2420 1750 cur
2446 1709 2558 1748 non
2583 1689 2840 1763 perdendi
2866 1689 3038 1758 ipsius
3069 1699 3234 1741 causa
3267 1699 3328 1738 se
3351 1683 3429 1737 illi
3460 1677 3846 1739 nﬂ‘erretJesus.

2322 1786 2648 1855 nomineque
2675 1781 3044 1851 compellaret,
3079 1778 3173 1834 sed
3220 1785 3281 1830 ut
3313 1775 3382 1830 ad
3421 1786 3731 1829 sermonem
3778 1785 3852 1825 et-

2321 1879 2770 1946 cusationemque
2793 1879 3134 1949 provocaret.
3167 1868 3307 1922 Tum
3334 1867 3497 1921 etiam
3528 1864 3575 1919 si
3613 1879 3712 1932 per
3746 1876 3852 1916 cau-

2322 1986 2442 2029 sam
2465 1966 2722 2039 perdendi
2750 1966 2856 2020 illis
2884 1961 3248 2033 apparuisset,
3288 1959 3475 2026 utique
3521 1953 3852 2021 perdidisset;

2321 2061 2406 2116 vel
2439 2059 2611 2130 aquis,
2645 2066 2705 2112 ut
2741 2057 2918 2127 prisca
2974 2052 3088 2106 Noe
3135 2049 3333 2105 szrcula
3387 2047 3457 2112 ",
3510 2044 3594 2101 vel
3643 2043 3780 2112 igne,
3816 2048 3860 2092 ut

2326 2150 2646 2207 Sodomitas
2678 2148 2745 2208 ",
2808 2145 2892 2199 vel
2935 2153 3076 2198 terra
3110 2139 3442 2200 dehiscente,
3477 2143 3537 2188 ut
3587 2130 3859 2186 Dathanan

2324 2256 2380 2303 et
2411 2245 2706 2300 Abironem
2738 2239 2783 2271 "
2810 2255 2826 2303 ;
2872 2244 3026 2292 erant
3053 2233 3198 2288 enim
3227 2229 3493 2300 ejusmodi
3527 2224 3704 2281 exitio
3726 2221 3858 2292 primi

2327 2347 2578 2409 parentes
2621 2346 2839 2404 quoque
2873 2329 2984 2398 iam
3037 2336 3150 2381 tum
3191 2321 3363 2392 digni,
3397 2319 3598 2409 quippe
3622 2317 3722 2386 qui
3747 2312 3863 2409 salu-

2327 2403 2431 2484 tari
2459 2403 2707 2482 doctrina
2752 2420 2974 2490 reiecta,
3006 2414 3364 2486 perniciosam
3394 2408 3611 2464 fuerant
3627 2403 3861 2476 amplexi,

2325 2527 2384 2574 et
2413 2531 2532 2570 eam
2555 2529 2676 2583 qua:
2705 2526 2828 2567 eum
2857 2508 2952 2564 Dei
2987 2507 3155 2563 verbo
3179 2515 3430 2574 prorsum
3457 2497 3759 2569 pugnabat.
3790 2493 3865 2548 Di-

2327 2615 2476 2665 xerat
2513 2605 2658 2662 enim
2678 2602 2821 2657 Deus
2863 2618 2877 2653 :
2933 2598 3104 2652 Morte
3128 2592 3131 2593 ⁷
3159 2591 3457 2653 moriemini
3501 2604 3608 2660 quo
3641 2587 3732 2640 die
3773 2584 3866 2639 ede-

2328 2699 2448 2754 ritis
2494 2697 2560 2751 de
2602 2693 2823 2757 arbore;
2870 2689 2958 2743 ille
2995 2682 3124 2742 vero
3179 2683 3354 2739 alter:
3412 2677 3536 2734 Non
3574 2673 3867 2730 moriemini.

2400 2785 2502 2841 Dei
2551 2778 2996 2850 expostulationes
3069 2788 3186 2826 cum
3237 2769 3421 2840 primis
3468 2764 3871 2837 parentibus.—

2330 2877 2513 2946 Neque
2569 2885 2698 2946 vero
2723 2868 2896 2925 multa
2952 2865 3062 2918 Deo
3094 2862 3396 2919 defuissent
3451 2871 3576 2941 qua:
3626 2854 3868 2908 adversus

2332 2939 2454 3026 illos
2481 2943 2746 3038 potuisset
2774 2960 2978 3021 dicere,
3009 2956 3055 3011 si
3084 2951 3436 3024 expostulare
3471 2939 3736 3016 tauquam
3763 2956 3868 2998 cum

677 3071 864 3110 verum
890 3055 1051 3123 jnstis
1076 3054 1144 3109 de
1191 3055 1398 3133 causis,
1429 3053 1574 3111 hisce
1598 3064 1653 3109 et
1684 3053 1812 3110 aliis
1844 3054 2224 3127 interrogatio-

2335 3059 2584 3116 hostibus
2611 3053 2913 3118 libuisset,
2957 3047 3117 3117 quale
3147 3057 3232 3098 est
3263 3041 3438 3096 illud:
3473 3039 3554 3092 An
3607 3051 3718 3091 non
3772 3046 3873 3102 ego,

678 3147 842 3210 nibus
863 3161 993 3203 usus
1048 3153 1133 3202 est
1169 3163 1184 3200 :
1242 3145 1401 3202 Pater
1424 3146 1669 3215 quidem,
1703 3146 1759 3200 in
1789 3144 2013 3216 Veteri;
2055 3147 2228 3205 Filius

683 3255 812 3292 vero
840 3237 894 3292 in
921 3235 1071 3292 Novo
1101 3237 1463 3292 Testamento.
1497 3238 1758 3304 Quamvis
1795 3239 1940 3301 enim
1974 3239 2229 3297 dominus

688 3330 940 3389 Severus.
984 3331 1038 3382 et
1080 3326 1409 3405 Philoxenus
1459 3330 1645 3385 multis
1676 3331 1730 3382 in
1783 3330 1918 3384 locis
1963 3327 2233 3385 aiiirmerit

681 3418 876 3473 Fdium
903 3418 1070 3474 fuisse
1095 3419 1186 3486 qui
1228 3419 1363 3476 etin
1400 3417 1576 3475 Veteri
1626 3429 1680 3474 et
1709 3417 1857 3475 Novo
1889 3419 2233 3477 Testamento

685 3508 1002 3565 mortalibus
1036 3508 1283 3576 apparuit
1309 3523 1476 3577 seque
1503 3507 1754 3564 exhibuit
1786 3509 2230 3578 conspiciendum

684 3598 939 3666 (Severus
961 3598 1126 3661 enim,
1159 3599 1215 3652 in
1265 3612 1329 3651 eo
1355 3612 1607 3652 sermone
1633 3605 1793 3668 quem
1842 3600 1908 3654 de
1964 3597 2234 3656 Geuitrice

686 3689 778 3745 Dei
807 3690 1127 3759 composuit,
1159 3689 1265 3744 ait:
1313 3687 1550 3744 Verbum
1601 3691 1742 3745 enim
1775 3689 1865 3745 Dei
1900 3691 2075 3746 Patris
2119 3702 2236 3748 erat

686 3780 829 3849 quod
869 3795 1028 3848 super
1069 3779 1353 3854 sublimem
1391 3789 1628 3835 montem
1659 3780 1812 3835 Sinai
1852 3783 2233 3848 descendebat,

692 3882 750 3925 ut
773 3870 935 3925 ferret
963 3871 1131 3942 legem
1164 3871 1389 3937 mundo,
1431 3881 1576 3938 cte.;
1617 3872 1710 3926 alii
1769 3882 1943 3926 tamen
1998 3877 2235 3942 probata

686 3965 944 4020 doctrina:
973 3964 1216 4031 magistri
1235 3963 1544 4018 existimare
1570 3964 1797 4027 malunt,
1823 3962 1988 4020 Deum
2019 3963 2233 4020 Patrem

689 4058 742 4109 in
776 4053 954 4109 Veteri
988 4055 1118 4124 (25),
1143 4054 1336 4110 Filium
1361 4070 1489 4108 vero
1511 4055 1564 4112 in
1591 4052 1742 4109 Novo
1775 4059 2111 4124 apparuisse.
2131 4056 2236 4113 Sed

692 4157 781 4200 tna
818 4155 956 4209 esto,
988 4145 1175 4207 lector,
1208 4144 1557 4209 existimatio,
1589 4153 1769 4201 utrum
1831 4147 2024 4200 borum
2053 4149 2236 4205 verius

690 4239 761 4292 sit
794 4237 1046 4306 quodque
1079 4236 1248 4305 magis
1283 4236 1615 4306 probaveris,
1649 4236 1700 4290 id
1731 4237 2078 4307 amplectitor
2106 4240 2234 4292 reti-

693 4337 921 4396 netoque
961 4326 1176 4395 quando
1207 4328 1472 4380 utrumvis
1496 4327 1772 4396 probabile
1804 4337 1886 4382 est
1939 4330 2231 4384 credibile:

2333 3151 2575 3222 improbe
2604 3145 2830 3208 Adame,
2869 3137 3153 3196 recondidi
3179 3141 3246 3192 ex
3277 3143 3422 3188 terra
3471 3129 3538 3185 ad
3563 3143 3742 3183 meam
3760 3126 3875 3180 ima-

2337 3217 2517 3316 ginem
2544 3247 2601 3294 et
2641 3232 3083 3304 similitudinem,
3113 3227 3357 3295 meisque
3389 3232 3442 3278 te
3478 3217 3734 3274 manibus
3755 3227 3871 3270 coa-

2333 3308 2584 3395 iormavi,
2621 3337 2674 3384 et
2695 3339 2918 3381 uxorem
2940 3321 3064 3377 dedi
3103 3319 3224 3374 vita
3269 3325 3378 3371 tua:
3416 3310 3722 3370 subsidium
3743 3308 3767 3361 2
3790 3320 3873 3361 an-

2334 3443 2444 3483 non
2476 3425 2531 3479 in
2563 3419 2818 3492 paradiso
2868 3425 2919 3471 te
2965 3409 3232 3469 collocavi
3255 3406 3510 3463 omnibus
3553 3401 3767 3458 deliciis
3811 3410 3874 3450 re-

2333 3515 2521 3572 ferto?
2551 3525 2732 3568 annon
2758 3515 2922 3576 caput
2955 3505 3449 3572 imperatoremque
3479 3504 3531 3550 te
3556 3508 3749 3554 rerum
3779 3504 3873 3544 ont-

2335 3610 2486 3664 nium
2514 3618 2636 3675 quae
2677 3602 2733 3655 in
2777 3598 2936 3652 terris
2979 3604 3125 3658 sunt,
3159 3587 3422 3648 constitui
3443 3588 3468 3640 ἳ
3493 3584 3623 3656 quid
3651 3589 3742 3639 est
3767 3593 3873 3648 ergo

2335 3716 2434 3758 cur
2457 3713 2544 3752 me
2564 3689 2962 3752 criminareris.
3000 3681 3493 3747 columniatorique
3539 3690 3710 3732 aures
3766 3685 3878 3743 pr:-

2335 3787 2534 3847 beres?
2563 3784 2760 3839 νει-ιι
2796 3793 3020 3851 prorsus
3051 3792 3155 3830 non
3183 3769 3484 3831 infremuit.
3514 3767 3608 3823 sed
3651 3762 3873 3821 suaviter

2336 3897 2402 3938 ac
2431 3879 2623 3936 blande
2649 3873 2923 3946 appellans
2951 3888 2964 3925 :
3013 3860 3238 3930 Adams,
3269 3863 3465 3932 inquit,
3517 3859 3605 3912 ubi
3650 3873 3706 3911 es
3752 3855 3776 3909 2
3806 3850 3877 3906 nio

2279 4023 2283 4026 .
2337 3973 2536 4028 mirum
2566 3978 2624 4022 ut
2654 3961 2990 4033 colloquendi
3023 3957 3274 4014 ﬁduciam
3304 3953 3404 4023 ipsi
3436 3949 3639 4006 iaceret
3674 3966 3690 4002 :
3722 3955 3878 4000 osten-

2338 4064 2596 4130 deretque
2629 4071 2689 4114 se
2731 4055 2880 4111 illum
2912 4067 3020 4106 non
3043 4050 3153 4120 jam
3182 4045 3399 4103 insolito
3437 4049 3658 4110 aspectu
3686 4047 3876 4092 vocare.

2338 4129 2677 4222 Quapropter
2733 4146 2851 4215 ipsa
2888 4141 3046 4197 etiam
3074 4152 3204 4191 voce
3232 4136 3502 4190 animatus
3547 4129 3788 4197 Adamns
3814 4137 3880 4177 re-

2341 4246 2562 4317 spondit
2585 4242 2771 4296 dicens
2814 4253 2830 4291 :
2873 4235 3052 4290 Vocem
3083 4243 3226 4284 tuam
3249 4227 3425 4282 audiui
3455 4225 3507 4278 in
3553 4221 3821 4292 paradiso,
3844 4225 3877 4268 ct

2341 4309 2446 4393 ridi
2478 4339 2616 4406 quod
2651 4332 2819 4385 nudus
2847 4343 3033 4390 essein,
3087 4331 3239 4391 atque
3299 4315 3554 4373 occultavi
3611 4329 3718 4366 me.
3763 4309 3877 4361 Duas

696 4433 798 4471 una
825 4427 908 4474 est
959 4417 1100 4472 cnim
1136 4416 1649 4484 eademqne‘Pntris,
1675 4425 1728 4470 et
1760 4415 1878 4470 Filii
1909 4426 1964 4471 et
1999 4416 2238 4486 Spiritus
2272 4399 2316 4458 θ
2344 4399 2517 4485 reddi},
2547 4426 2788 4480 Adamus
2838 4435 2896 4476 se
2961 4413 3262 4472 occultandi
3320 4410 3597 4462 rationes:
3653 4403 3876 4458 ιιιεηωι

694 4511 869 4565 sancti
916 4521 1125 4572 natura,
1161 4525 1224 4563 ac
1257 4509 1506 4562 voluntas
1547 4522 1676 4570 una,
1708 4525 1921 4579 unaque
1956 4511 2238 4578 operatio;

694 4603 789 4657 sed
833 4611 940 4655 tres
996 4616 1234 4669 person:e
1271 4600 1553 4654 distinctm.
1596 4599 1762 4670 Igitur
1797 4611 1855 4654 ut
1897 4616 1962 4655 eo
1996 4603 2135 4656 unde
2161 4604 2241 4657 di-

696 4694 863 4761 gressi
898 4708 1107 4756 sumus,
1137 4693 1316 4745 redeat
1345 4693 1544 4755 oratio,
1621 4707 1726 4745 non
1768 4702 1981 4761 propter
2029 4695 2241 4763 ignom-

699 4787 920 4847 tionem,
947 4786 1038 4837 sed
1080 4784 1213 4837 alias
1255 4784 1325 4837 ob
1377 4798 1570 4836 causas
1606 4783 1880 4851 quaerebat
1915 4800 1977 4838 ex
2035 4787 2240 4839 Adamo

700 4877 858 4940 Dens,
895 4875 1111 4930 ubinam
1148 4886 1325 4939 esset;
1364 4875 1618 4927 nimirum
1656 4885 1713 4928 ut
1745 4875 1846 4942 ipsi
1883 4892 2040 4930 suum
2096 4893 2241 4930 erro-

700 4984 811 5020 rem
849 4969 916 5021 ob
958 4970 1143 5023 oculos
1188 4979 1428 5037 poneret.
1497 4968 1715 5037 petiule
1769 4984 1833 5023 ac
1886 4973 1930 5023 si
1990 4971 2240 5025 diceret:

2337 4523 2463 4592 quia
2490 4517 2726 4573 timuerit
2749 4533 2764 4569 :
2784 4516 2885 4568 hoc
2911 4509 3055 4564 enim
3075 4507 3173 4560 sibi
3205 4502 3316 4555 vult
3335 4514 3503 4553 vocent
3532 4505 3702 4558 tuam,
3722 4493 3772 4547 id
3795 4499 3875 4544 est.

2340 4583 2618 4679 strepiium
2649 4608 2894 4661 incessus
2925 4600 3024 4660 tui.
3063 4595 3238 4650 audivi
3272 4593 3321 4645 in
3359 4587 3644 4659 paradiso;
3680 4583 3888 4638 alterum.

2339 4676 2465 4773 quia
2517 4698 2767 4770 puduerit
2808 4695 2956 4748 illum
2992 4686 3272 4744 nuditatis.
3315 4681 3417 4736 Sed
3452 4680 3567 4733 lucc
3605 4676 3736 4730 Athe
3767 4685 3874 4740 apo—

2339 4771 2477 4864 logia
2515 4789 2860 4846 excusatione
2892 4784 3044 4852 plane
3077 4777 3374 4845 improbata
3416 4779 3518 4834 est,
3553 4782 3678 4822 cum
3712 4771 3766 4818 et
3788 4774 3875 4814 me-

2354 4859 2438 4941 tuis
2475 4886 2563 4938 ille
2597 4893 2646 4933 et
2675 4881 2788 4946 ipsa
2819 4874 3029 4927 nuditas
3055 4871 3123 4924 ob
3155 4869 3407 4920 violatam
3429 4877 3470 4916 -a
3495 4874 3552 4912 se
3580 4859 3750 4926 legem
3775 4865 3876 4906 eve-

2349 4977 2550 5031 nerint.
2582 4971 2644 5023 Et
2674 4941 2748 5019 ait
2781 4966 2847 5016 ad
2878 4964 3023 5016 illum
3057 4959 3310 5013 Dominus
3341 4967 3360 5005 :
3403 4949 3532 5016 Quis
3567 4946 3788 5001 ostendit
3805 4941 3876 4992 tibi

698 5060 980 5125 Quomodo
1022 5061 1156 5128 agis,
1186 5059 1431 5112 Atlante?
1458 5070 1743 5127 apertosne
1763 5061 1951 5115 oculos
1975 5061 2162 5123 habes,
2187 5072 2244 5114 nt
2347 5069 2484 5137 quod
2515 5062 2683 5116 nudus
2723 5060 2792 5110 sis
2819 5057 2842 5108 Ζ)
2895 5055 3075 5121 Neque
3103 5050 3206 5102 hoc
3245 5046 3535 5110 interrogat
3571 5048 3629 5092 ut
3661 5036 3875 5106 ignarus,

700 5166 751 5207 te
784 5153 1086 5207 habiturum
1121 5153 1362 5221 promisit
1401 5153 1659 5221 serpens?
1699 5169 1763 5204 an
1795 5153 1956 5205 etiam
1991 5170 2117 5206 num
2144 5171 2243 5208 caa-

702 5263 796 5301 cns
839 5262 896 5299 cs
948 5255 1135 5298 contra
1189 5252 1345 5310 atque
1384 5245 1471 5296 ille
1523 5253 1604 5296 est
1662 5244 2088 5310 pollicitus?ubi
2142 5248 2244 5300 es?

703 5337 897 5388 Deinde
929 5355 941 5389 :
978 5337 1175 5389 Locum
1200 5334 1307 5401 jam
1343 5335 1552 5387 obtines
1603 5350 1700 5402 pro
1732 5336 1991 5403 serpentis
2021 5338 2243 5405 promise

790 5450 828 5477 “
853 5448 982 5503 Gen.
1021 5464 1094 5510 tv,
1136 5447 1188 5500 9.

1269 5447 1313 5474 ⁵³
1341 5444 1516 5495 Exod.
1549 5460 1622 5504 ιν,
1650 5444 1702 5496 2.
1780 5448 1825 5478 ⁵³
1843 5446 2041 5502 λιιι-ιιιιι.
2087 5464 2123 5511 1,
2169 5450 2247 5499 15.

2351 5125 2444 5212 sed
2478 5165 2535 5207 ut
2573 5168 2661 5220 per
2692 5152 2854 5217 culpae
2885 5143 3278 5199 confessionem
3309 5135 3455 5188 illum
3483 5131 3702 5185 inducat
3727 5125 3790 5179 ad
3811 5138 3874 5174 reo

2353 5247 2758 5318 preiit‘tisiuttcm
2824 5241 3050 5294 libenter
3098 5230 3438 5294 suaviterque
3490 5218 3874 5276 admittendam.

2352 5310 2515 5399 Quasi
2553 5334 2694 5386 dicat
2727 5351 2738 5384 :
2772 5327 2944 5380 ‘Fnisti
2997 5322 3211 5391 quidem
3241 5328 3456 5383 semper
3495 5310 3694 5374 nudus,
3730 5313 3877 5370 neque

2356 5443 2518 5496 "Joh
2570 5459 2604 5503 ι,
2643 5442 2693 5494 7.
2770 5442 2812 5470 ""
2841 5437 3020 5488 Matth.
3062 5449 3147 5493 xv,
3185 5429 3286 5503 ⁸54.Δ
3381 5424 3429 5457 ⁸⁸
3451 5414 3871 5503 ΜέιιξξιᾎιηΛὸ.

705 5521 743 5544 "
790 5519 976 5569 Μιιιιιι.
1045 5490 1175 5578 χίιι,
1233 5515 1319 5568 “.21.
1400 5490 1622 5564 “Marc:
1667 5529 1717 5575 γ,
1751 5517 1802 5568 9.
1843 5490 2226 5582 'io'il'ﬂini'x'q

2329 5555 2336 5568 _
2419 5490 2754 5570 ξδ”Αέίςίχν
2805 5509 2854 5561 4,
2930 5508 2972 5536 τι
3003 5490 3144 5559 Gen,
3180 5503 3230 5561 7,
3270 5497 3289 5548 i
3331 5509 3482 5561 seqq.
3562 5490 3872 5542 "Gemxu.

702 5591 769 5642 Ἡ
796 5587 881 5640 '25.

775 5658 885 5718 (εὖ)

958 5588 1000 5616 ⁷³
1035 5585 1190 5638 Num.
1246 5602 1351 5645 xu,
1419 5587 1432 5636 Ι
1481 5599 1629 5654 seqq.

950 5656 1218 5707 Christum
1267 5654 1493 5705 Ahrnhn:
1551 5649 1723 5704 visum
1789 5661 1842 5701 et
1900 5649 2246 5704 t'tliliN‘ililllil,

2357 5645 2669 5711 Tryphoni“,
2707 5638 2899 5711 liust'h.
2938 5635 3132 5711 lico/cs.
3181 5634 3340 5711 "tot"
3379 5649 3453 5694 ιιι,
3485 5631 3583 5711 iii).
3619 5645 3653 5682 ll
3685 5625 3876 5711 dell!”

705 5721 831 5780 Ger.
870 5743 963 5779 xui
1001 5726 1230 5792 disputat
1265 5724 1502 5777 Jllbllllll.‘
1538 5734 1738 5790 lllitl’l}'l‘
1765 5724 1814 5774 in
1849 5715 2109 5787 ceiloqnio
2140 5735 2256 5770 cum
2365 5697 2702 5768 cothurnum
2733 5728 2743 5772 ;
2788 5710 2876 5760 Μ).
2914 5725 2990 5759 I'l.
3025 5707 3089 5758 .30
3133 5717 3182 5758 ct
3223 5705 3308 5767 Lil,
3345 5713 3394 5756 et
3448 5702 3689 5770 plerique
3722 5697 3822 5750 alii.
