3982 6346
113 324 198 386 565

1197 315 1296 374 DE
1337 309 1736 383 I’ARADISO.
1781 330 1848 343 ο-
1887 309 2077 371 PARS
2121 312 2169 371 Ι.

3191 303 3299 362 566

112 441 263 485 tamen
285 433 331 480 te
362 423 480 494 eius
517 421 705 494 puduit
738 430 862 478 ante
889 420 1013 487 hac,
1055 422 1184 491 quid
1217 432 1299 477 est
1325 435 1453 490 ergo
1481 421 1623 489 quod
1655 428 1699 480 Α
1797 420 1904 476 Cur
1935 420 2074 475 Deus
2095 431 2378 489 serpentem
2401 437 2503 473 non
2537 414 3184 487 interroyarrrit.—-i\ulln
3214 414 3311 480 1ξεὶ-

113 533 231 574 uuuc
253 516 378 572 adeo
402 515 716 578 erubescas,
741 522 901 583 atque
927 513 1157 569 timeas?
1188 512 1330 566 Num
1351 511 1416 568 de
1448 511 1634 564 arbore

107 614 161 666 de
186 626 278 680 qua
317 607 579 677 iusseram
641 622 702 659 ne
757 606 954 670 edens,
1010 605 1219 658 edisti?
1268 602 1441 656 Etiam
1492 614 1636 655 nunc

110 701 258 772 pergit
308 707 494 768 pacate
531 713 653 753 cum
697 696 789 751 illo
818 696 1076 766 colloqui,
1122 693 1278 764 quasi
1324 694 1635 763 conjectura

107 793 332 863 quapiam
366 790 524 844 modo
564 789 734 843 fretus
764 788 890 843 illud
939 789 1082 842 dicat
1114 801 1128 838 :
1156 785 1294 840 Num
1341 785 1403 838 de
1433 784 1636 845 arbore,

107 892 198 938 etc.
243 878 330 934 Est
358 888 535 932 autem
570 876 658 932 hic
701 875 1238 932 animadvertendum
1267 889 1331 930 ex
1369 874 1640 944 ascriptis,

104 983 189 1030 aut
211 973 414 1040 duobus
438 969 731 1041 punctulis,
780 979 874 1025 aut
925 984 1033 1024 uno
1080 969 1215 1032 solo,
1253 967 1319 1022 ad
1353 969 1524 1022 illud:
1560 965 1645 1020 Ne

106 1066 283 1129 ederet,
343 1063 644 1118 orationem
697 1062 835 1116 hanc
891 1061 973 1116 vel
1040 1059 1374 1124 allitmative,
1420 1073 1518 1129 per
1570 1057 1655 1112 iu-

105 1154 505 1225 terrogationetn
533 1153 710 1208 eli'erri
749 1167 927 1221 posse.
966 1151 1234 1208 Caeterum
1281 1152 1537 1208 dominus
1571 1151 1644 1205 E-

106 1249 279 1316 phrem
324 1253 376 1298 et
408 1245 499 1314 qui
553 1254 674 1298 cum
731 1244 850 1312 ipso
877 1243 1137 1306 sentiunt,
1169 1258 1235 1298 ex
1296 1242 1379 1296 his
1406 1249 1460 1297 et
1498 1240 1652 1295 simi-

103 1338 233 1392 libus
263 1336 444 1391 verbis
475 1335 823 1404 singulariter
866 1334 934 1389 ad
960 1334 1225 1388 Adamom
1257 1332 1414 1388 laetis
1457 1332 1652 1388 conﬁci

108 1437 304 1497 putant,
338 1426 436 1498 soli
465 1428 673 1482 Adamn
719 1425 1034 1494 imperatam
1067 1441 1096 1480 a
1147 1425 1254 1480 Deo
1308 1425 1478 1496 legem
1509 1438 1653 1487 esse,

102 1535 323 1589 eamque
349 1519 522 1589 ipsum
561 1516 754 1573 deinde
777 1516 904 1571 Evm
932 1517 1084 1570 uxori
1139 1515 1434 1582 retulisse;
1467 1528 1656 1568 verum

99 1613 186 1667 alii
227 1610 573 1681 respondent.
612 1609 778 1664 Deum
833 1609 937 1663 sub
981 1607 1113 1662 Adae
1137 1621 1364 1676 persona
1395 1621 1517 1661 cum
1547 1603 1656 1658 Eva

100 1717 314 1774 quoque
343 1700 599 1772 colloqui,
633 1715 731 1770 pro
764 1699 1057 1769 Scriptura:
1111 1710 1262 1753 more
1293 1717 1308 1752 :
1335 1696 1528 1751 Beatus
1582 1695 1663 1750 vir

96 1792 292 1864 (inquit
335 1791 524 1863 David)
573 1792 663 1861 qui
710 1805 811 1843 non
841 1788 1125 1867 ambulavit
1176 1804 1267 1857 per
1295 1789 1434 1867 viam
1463 1787 1664 1856 impro-

98 1889 276 1942 ttertutt
294 1885 363 1941 ".
388 1861 520 1951 Quis
547 1897 674 1937 vero
696 1897 803 1937 non
840 1865 926 1938 liic
945 1874 1061 1935 eam
1089 1861 1474 1936 beatitudinem
1509 1893 1666 1950 aque

99 1974 162 2031 ad
195 1972 452 2030 mulieres
479 1980 723 2042 spectare
759 1971 904 2025 dicat
924 1969 948 2024 τ
971 1970 1231 2025 nimirum
1267 1969 1389 2024 ideo
1420 1968 1517 2024 viri
1549 1983 1672 2037 per-

108 2065 531 2123 sona'libentius
579 2061 743 2116 utitur
772 2061 1077 2130 Scriptura,
1131 2061 1274 2130 quod
1304 2063 1385 2114 vir
1421 2059 1671 2115 mulieris

95 2153 258 2227 caput
293 2155 412 2210 sit:
447 2152 513 2206 Et
545 2153 619 2206 ait
648 2151 822 2205 Adam
861 2166 881 2204 :
940 2148 1133 2204 Mulier
1181 2166 1338 2219 quam
1379 2150 1672 2204 attribuisti

99 2247 224 2303 mihi
245 2247 364 2316 ipsa
393 2244 538 2299 dedit
569 2243 698 2329 mihi
734 2245 797 2296 de
828 2244 1036 2306 arbore,
1072 2251 1123 2297 et
1157 2243 1377 2297 comedi.
1442 2242 1674 2298 Prorsus

95 2353 232 2392 vana
255 2347 344 2393 est
359 2346 414 2392 et
441 2337 622 2391 inanis
640 2335 800 2388 etiam
821 2335 933 2387 haec
960 2334 1152 2388 Adami
1176 2333 1422 2389 defensio
1445 2351 1459 2400 ;
1479 2334 1678 2408 quippe

99 2448 204 2502 qua
227 2430 462 2486 minime
490 2444 601 2499 pra:
644 2443 705 2484 se
730 2427 834 2482 l'ert
870 2426 1166 2481 demissum
1224 2426 1676 2495 humiliatumque

95 2521 372 2584 animum.
399 2523 493 2576 sed
529 2520 582 2575 iu
619 2519 792 2589 ipsum
826 2519 1226 2588 quodammodo
1261 2517 1431 2572 Deum
1461 2516 1675 2587 culpam

92 2613 316 2680 avertit,
349 2612 510 2683 quasi
540 2610 684 2666 dicat
711 2627 725 2665 :
772 2609 966 2665 Mulier
993 2624 1153 2680 quam
1188 2617 1244 2662 tu
1272 2608 1412 2679 apud
1449 2624 1536 2663 me
1557 2623 1678 2664 esse

97 2704 344 2767 voluisti,
373 2717 439 2757 ea
481 2702 611 2756 mihi
631 2716 794 2757 causa
828 2700 928 2754 fuit
958 2696 1299 2755 transiliendi
1331 2699 1524 2768 legem,
1553 2698 1677 2754 illa-

97 2811 204 2865 que
237 2795 445 2850 arbore
477 2793 751 2848 vescendi.
786 2790 888 2846 Sed
948 2794 1208 2846 adversus
1259 2789 1393 2858 haec,
1426 2789 1595 2844 multa
1645 2804 1678 2842 a

99 2884 210 2941 Deo
243 2884 318 2940 ad
357 2884 512 2939 illum
570 2882 906 2953 arguentium
963 2881 1070 2935 dici
1112 2881 1457 2951 potuissent};
1528 2879 1678 2935 verbi

93 2974 270 3045 gratia
301 2990 318 3029 :
353 2973 476 3028 Non
511 2971 637 3042 quia
681 2971 961 3027 mulierem
990 2984 1092 3042 ego
1120 2970 1216 3025 tibi
1256 2969 1501 3040 adiunxi,
1531 2971 1679 3039 iusta

1747 526 1832 568 tnr
1865 514 2004 582 apud
2040 521 2366 581 serpentem,
2389 512 2486 564 hoc
2507 519 2608 574 est,
2643 509 2927 568 Satanam,
2957 509 3123 560 utitur
3147 506 3312 559 intrr-

1747 608 2050 678 rogatione,
2085 620 2188 675 qua
2238 605 2306 659 ad
2339 618 2398 658 se
2428 602 2796 656 excusandum
2847 600 2937 653 ille
2975 609 3308 666 promet-tur.

1749 717 1813 758 ac
1844 703 1915 756 ita
1975 699 2188 754 tandem
2252 699 2528 767 iudicetur
2584 697 3102 761 condcmuetnrque,
3158 691 3310 744 sicuti

1746 792 1884 862 apud
1943 790 2209 846 Ada‘munt
2273 799 2327 845 et
2404 787 2567 842 Evam
2653 801 2787 840 usus
2867 785 3064 840 fuerat.

3145 782 3314 851 (Euius

1755 887 1895 940 hanc
1926 893 2182 954 putamus
2204 883 2352 937 reddi
2390 878 2551 950 posse
2604 879 2870 933 rationem
2901 893 2916 942 ;
2955 877 3078 944 quia
3112 875 3318 929 Adamn

1756 978 2022 1046 uxorique
2061 977 2215 1031 locus
2266 980 2384 1028 erat
2423 970 2775 1042 paenitentiae,
2829 983 2892 1022 ac
2943 967 2998 1020 in
3057 965 3322 1035 serpentis

1756 1069 2126 1137 daemonisque
2154 1065 2381 1121 arbitrio
2411 1078 2518 1117 non
2573 1071 2692 1117 erat
2734 1068 2793 1114 ut
2827 1057 3090 1129 paenitere
3124 1065 3323 1124 posset.

1760 1164 1929 1218 Porro
1963 1161 2133 1214 multa
2177 1160 2265 1214 hic
2303 1157 2472 1225 quaeri
2530 1155 2730 1220 solent,
2777 1151 3085 1220 cuiusmodi
3149 1158 3323 1204 sunt:

1762 1245 2090 1310 Prmditusnc
2145 1251 2290 1306 fandi
2330 1249 2585 1306 facultate
2642 1262 2672 1301 a
2719 1245 2849 1308 Deo,
2897 1257 3120 1310 serpens
3175 1241 3324 1295 locu-

1764 1356 1850 1402 tus
1883 1348 1974 1412 sit,
2010 1359 2077 1398 an
2117 1343 2348 1398 Satanas
2383 1342 2522 1394 intra
2576 1344 2882 1407 serpentem
2934 1335 3136 1395 latens,
3199 1347 3321 1386 cum

1765 1441 1854 1496 ille
1904 1440 2045 1493 hunc
2081 1444 2273 1506 suopte
2303 1435 2538 1489 arbitrio
2570 1429 2951 1497 subterfugere
2985 1425 3255 1495 nequiret,
3280 1434 3335 1474 ut

1767 1545 1876 1585 non
1909 1529 2011 1600 ipsi
2039 1543 2136 1598 pro
2175 1528 2534 1581 instrumento
2573 1530 2736 1576 esset.
2771 1517 2851 1572 Ad
2885 1517 3010 1579 hoc,
3070 1529 3170 1569 cur
3227 1529 3334 1567 nou

1767 1631 2078 1677 exsecratus
2103 1619 2175 1693 sit
2204 1615 2346 1671 Deus
2373 1615 2651 1679 Satanam,
2681 1621 2738 1666 ut
2761 1618 3090 1677 serpentem.
3109 1603 3336 1658 Praeter-

1767 1729 1854 1777 ea,
1903 1717 2003 1766 ctrr
2045 1709 2244 1773 Moses,
2293 1722 2418 1762 cutn
2451 1707 2594 1760 hunc
2622 1701 2819 1758 librum
2867 1698 3056 1754 multis
3083 1705 3201 1767 post
3237 1709 3340 1748 sa:-

1771 1802 1910 1859 culis
1941 1798 2348 1868 conscripserit,
2373 1797 2595 1866 quando
2623 1795 2736 1864 iam
2776 1802 2889 1847 tum
2925 1787 3059 1844 satis
3091 1785 3342 1856 cognitus

1771 1902 1892 1949 erat
1919 1891 2242 1947 mortalibus
2268 1887 2519 1952 Satanas,
2555 1901 2662 1940 non
2683 1884 2831 1940 clare
2857 1879 3059 1936 dixerit
3085 1878 3342 1932 Satanam

1773 1985 1944 2040 fuisse
1975 1983 2069 2053 qui
2091 1983 2230 2037 intra
2249 1987 2556 2049 serpentem
2583 1977 2710 2045 loqu
2723 1971 2956 2030 ebatur?
2984 1970 3076 2026 sed
3112 1983 3221 2023 non
3245 1966 3344 2020 has

1773 2085 1828 2132 ct
1854 2075 2016 2144 huius
2053 2072 2267 2143 generis
2313 2071 2447 2126 alias
2479 2067 2809 2136 quaestiones
2840 2062 3004 2118 altius
3055 2057 3344 2125 investiga-

1777 2177 1862 2222 tas
1909 2165 2262 2222 dissolvimus
2300 2163 2442 2233 (cap.
2477 2160 2594 2227 27).
2631 2156 2833 2212 Verum
2865 2151 3084 2224 quando
3106 2145 3348 2217 suntqui

1777 2259 1956 2312 illam:
1979 2255 2092 2310 Cur
2127 2249 2232 2309 non
2263 2259 2582 2306 exsecratus
2617 2248 2689 2304 sit
2721 2246 2862 2301 Deus
2895 2243 3156 2299 Satanam
3187 2237 3348 2293 sicuti

1777 2356 2107 2420 serpentem,
2142 2347 2337 2401 iterum
2368 2353 2533 2411 atque
2583 2340 2779 2394 iterum
2827 2342 3040 2406 urgent,
3078 2346 3178 2386 nos
3216 2341 3350 2398 pra}-

1779 2453 1925 2499 terea
1958 2457 2079 2510 qua:
2119 2449 2243 2494 ante
2277 2434 2657 2506 respondimus
2691 2433 2794 2510 hoc
2825 2429 2988 2482 etiam
3029 2424 3226 2479 addere
3262 2421 3351 2476 hic

1779 2535 2070 2597 voluimus,
2121 2533 2289 2586 Deum
2328 2543 2439 2582 non
2497 2525 2679 2580 minus
2729 2507 3077 2575 maledixissc
3129 2514 3346 2569 Satanas

1778 2641 1888 2681 non
1919 2621 2234 2694 aspectabili
2263 2635 2425 2690 quam
2457 2613 2695 2685 serpenti
2732 2612 2824 2683 qui
2874 2609 3046 2665 oculis
3078 2606 3353 2661 cerneba-

1779 2725 1886 2780 tur,
1910 2691 2066 2784 atque
2097 2709 2320 2781 perinde
2347 2704 2633 2762 inuasisse
2661 2698 3097 2757 exsecrationem
3126 2691 3354 2764 mystico

1779 2820 2089 2875 arcanoque
2123 2801 2307 2866 modo,
2343 2798 2433 2858 illi
2470 2805 2529 2851 ut
2559 2794 2686 2849 huic
2720 2801 2906 2861 aperte
2933 2798 2987 2843 et
3023 2788 3075 2841 in
3104 2786 3222 2854 ipso
3242 2797 3358 2838 cor-

1779 2912 1943 2971 pore;
1993 2873 2138 2962 quod
2169 2887 2476 2961 cuiusmodi
2505 2886 2578 2942 sit
2605 2882 2768 2940 velim
2807 2888 2858 2935 te
2886 2878 3028 2948 apud
3054 2886 3205 2930 tuum
3233 2873 3354 2927 ani-
3438 2906 3446 2916 .

1782 3003 1930 3046 mum
1955 2987 2246 3058 pensitare.
2293 2979 2536 3038 Habebat
2563 2977 2706 3031 enim
2752 2975 2894 3029 Deus
2924 2977 3238 3040 serpentem
3264 2983 3354 3021 vc-

93 3067 196 3122 tibt
233 3065 386 3120 ratio
417 3072 534 3121 erat
564 3071 626 3118 ut
658 3063 706 3117 ei
743 3063 1082 3127 auscultans,
1111 3077 1228 3116 mea
1253 3061 1407 3132 iussa
1421 3061 1676 3117 violares.
1706 3077 1753 3141 ρ
1783 3081 1882 3138 {uti
1919 3079 2156 3136 medium
2212 3079 2353 3132 ιηιει-
2415 3071 2672 3128 Satanam
2733 3068 3052 3139 primosque
3102 3069 3357 3132 parentes

96 3156 240 3212 Tum
281 3157 331 3213 si
367 3167 464 3214 nte
485 3168 709 3210 accusas
741 3153 863 3223 quia
896 3168 1120 3208 uxorem
1144 3153 1241 3208 tibi
1263 3153 1408 3218 dedi,
1440 3169 1538 3208 cur
1572 3168 1681 3210 non

92 3247 296 3311 etiam,
328 3247 462 3316 quia
492 3255 542 3300 te
567 3243 835 3299 condidi?
866 3245 975 3299 nisi
1003 3245 1146 3299 enim
1184 3251 1238 3299 te
1265 3259 1544 3300 creassem
1572 3260 1680 3300 non

96 3315 428 3408 peccasses,
475 3337 603 3405 quia
647 3335 744 3397 tibi
776 3338 964 3390 oculos
998 3335 1165 3389 indidi
1197 3315 1319 3389 sine
1345 3335 1542 3405 quibus
1576 3351 1681 3390 non

92 3445 229 3485 cras
263 3431 528 3485 arborem
560 3430 825 3485 visurus?
869 3430 994 3500 quia
1043 3445 1238 3486 manus
1277 3427 1372 3486 tibi
1435 3427 1683 3500 apposui,

96 3520 222 3575 sine
254 3519 472 3590 quibus
506 3535 614 3574 non
649 3520 1014 3590 deccrpsisses
1042 3519 1234 3586 vetitos
1276 3519 1530 3574 fructus?
1559 3517 1686 3589 quia

96 3625 161 3665 os
199 3611 306 3665 tibi
338 3612 488 3674 dedi,
519 3610 638 3666 sine
672 3624 780 3680 quo
830 3626 937 3664 non
988 3609 1240 3664 odisses?
1264 3595 1484 3663 'frustra
1525 3610 1688 3677 igitur

92 3701 190 3756 illa
217 3717 491 3766 excusas,
517 3716 640 3755 cum
674 3715 794 3755 eam
824 3701 1105 3755 mulierem
1132 3715 1314 3770 ,quam
1357 3699 1449 3754 tibi
1482 3699 1686 3755 sociam

91 3791 249 3857 dedi,
282 3792 371 3846 ita
395 3791 825 3860 comparaverim
861 3799 919 3845 ut
939 3789 1032 3845 tibi
1062 3789 1287 3845 essetin
1313 3805 1500 3855 manu,
1531 3794 1691 3860 atque

90 3885 324 3954 suiecta
351 3900 371 3950 ;
401 3898 510 3937 non
550 3891 728 3937 autem
765 3890 891 3936 utte
923 3891 1153 3950 tuasque
1178 3880 1427 3936 actiones
1457 3891 1688 3951 regeret,

92 3976 584 4046 gubernaretque.
618 3971 736 4038 His,
774 3970 1014 4041 inquam.
1043 3979 1206 4040 atque
1231 3971 1544 4040 huiusmodi
1572 3971 1693 4026 aliis

87 4067 295 4123 verbis
319 4064 675 4134 expostulare
721 4078 844 4118 cum
901 4063 992 4117 illo
1038 4063 1332 4133 potuissset
1354 4063 1480 4133 iure
1505 4065 1688 4119 Deus:

91 4175 304 4216 verum
339 4157 603 4212 omnibus
628 4156 909 4220 abstinuit,
935 4158 1064 4226 quia
1101 4171 1205 4210 non
1255 4156 1694 4212 accusationibus

89 4262 435 4324 perterrere
461 4251 757 4317 hominem,
775 4237 866 4305 sed
895 4242 1088 4320 patrati
1109 4249 1366 4305 facinoris
1382 4249 1694 4319 pmniteutia

87 4354 392 4398 revocare
407 4337 699 4408 cupiebat;
740 4352 912 4408 quare
951 4354 1074 4393 mox
1099 4338 1449 4408 quaestionem
1481 4338 1547 4392 ad
1576 4353 1695 4392 mu-

1783 3169 2228 3228 intervenientcm
2261 3182 2277 3231 ;
2309 3180 2434 3220 nam
2470 3161 2638 3219 sicuti
2681 3159 2734 3214 bi
2783 3172 2876 3228 per
2915 3160 3225 3224 serpentem
3273 3165 3359 3206 se-

1785 3262 1934 3318 ducti
1990 3269 2140 3327 sunt,
2208 3258 2278 3312 ita
2328 3256 2419 3312 ille
2471 3269 2566 3324 per
2620 3257 2928 3322 serpentem
2978 3242 3356 3301 exsecratione

1784 3355 2106 3427 perstrictus
2123 3362 2237 3420 est;
2259 3357 2387 3406 etut
2412 3361 2637 3417 serpens
2661 3342 2765 3400 fuit
2795 3340 3006 3397 Satana:
3029 3339 3361 3391 instrumen—

1786 3460 1900 3505 tum
1937 3446 2193 3502 illicieudl
2234 3443 2440 3513 primos
2489 3447 2739 3510 parentes
2790 3435 2854 3490 ad
2893 3430 3250 3502 peccandum,
3285 3428 3358 3481 ita

1787 3554 2076 3612 personam
2125 3551 2342 3608 quoque
2380 3535 2544 3601 gessit
2599 3530 2701 3586 sub
2731 3542 2841 3598 qua
2899 3524 3038 3579 Deus
3095 3521 3354 3576 Satanam

1783 3640 1872 3687 est
1896 3630 2218 3684 detestatus.
2252 3625 2481 3693 Utrique
2500 3621 2682 3692 igitur,
2711 3627 2766 3674 et
2799 3615 3032 3670 Satanas
3054 3621 3106 3665 et
3136 3624 3360 3678 serpens

1788 3719 2028 3774 divinam
2066 3712 2496 3770 exsecrationem
2534 3717 2662 3764 sunt
2696 3705 2862 3776 passi.
2898 3703 3029 3755 Nam
3065 3711 3124 3753 ut
3153 3699 3218 3751 ad
3247 3713 3362 3752 ser-

1791 3820 2004 3881 pentem
2036 3809 2240 3862 dictum
2268 3813 2385 3858 est:
2424 3801 2740 3855 Maledictus
2774 3813 2827 3850 es
2873 3810 2983 3864 pra:
3016 3793 3159 3846 omni
3200 3791 3363 3843 bestia

1790 3912 1840 3957 et
1886 3903 2173 3962 animante,
2209 3912 2272 3954 ea;
2301 3910 2523 3966 quorum
2557 3907 2771 3945 numero
2819 3898 2874 3941 ttt
2909 3904 2981 3952 es,
3009 3886 3081 3939 ita
3105 3883 3366 3936 adversus

1793 3994 2049 4048 Satanam
2098 3987 2504 4058 pronuntiatum
2566 3998 2686 4037 esse
2750 3979 3171 4035 existimandum
3232 3981 3364 4029 cst:

1795 4057 2110 4140 Maledictns
2137 4096 2194 4135 es
2209 4093 2316 4148 pra:
2332 4077 2586 4132 omnibus
2605 4057 2776 4144 copiis
2808 4071 3182 4143 spiritualibus
3203 4076 3367 4142 atque

1798 4174 2058 4245 angelicis
2086 4187 2150 4226 ex
2181 4185 2410 4240 quarum
2445 4181 2640 4237 genere
2667 4174 2724 4219 tu
2754 4179 2836 4219 es.
2855 4154 3184 4217 Auin’taliunt
3221 4160 3364 4213 enim

1797 4269 2015 4324 nomine
2048 4263 2228 4319 vocari
2265 4263 2317 4315 in
2354 4258 2637 4329 Scriptura
2670 4271 2825 4312 sacra
2854 4256 3043 4324 cepias
3072 4253 3367 4322 angelicas,

1803 4359 1999 4428 aperte‘
2035 4360 2274 4424 arguunt
2293 4366 2356 4403 ea
2387 4347 2641 4403 animalia
2671 4361 2792 4418 qua:
2823 4345 2954 4398 vidit
2984 4342 3236 4396 Ezechiel
3259 4342 3369 4394 "et

84 4435 307 4490 tier-em
367 4430 674 4496 convertit;
712 4431 792 4486 sic
825 4429 968 4486 enim
1014 4403 1302 4500 sequitur:
1360 4428 1428 4483 Et
1463 4431 1538 4484 ait
1589 4429 1676 4483 Do-

1803 4403 1830 4412 “
1876 4403 1921 4412 ν’
1938 4403 1984 4410 ’⁷
2035 4403 2060 4408 ⁷
2097 4403 2129 4424 υ
2157 4403 2245 4404 ⁷Ῠη
2691 4403 2706 4418 ι

1801 4403 1942 4519 sicpc
1971 4445 2096 4501 alibi
2119 4443 2374 4498 Satanam
2408 4438 2608 4494 animal
2631 4436 2956 4512 appellatum
2975 4449 3098 4489 esse
3128 4433 3179 4487 in
3201 4431 3370 4485 sacris

87 4529 286 4581 minus
303 4524 387 4579 ad
409 4522 672 4576 mulierem
698 4537 717 4575 :
734 4519 873 4586 Quid
890 4522 985 4574 hoc
1005 4531 1080 4575 est
1099 4521 1236 4591 quod
1255 4521 1424 4590 fecisti
1442 4524 1468 4578 ἵ
1487 4521 1697 4577 Rursus

83 4632 228 4673 cum
267 4613 516 4671 mulitrc
539 4627 754 4682 quoque
779 4627 887 4666 non
906 4613 1104 4668 acerbe
1129 4620 1290 4682 atque
1313 4612 1589 4677 iracunde,
1604 4613 1698 4668 sed

85 4712 299 4766 sedate
338 4714 404 4758 et
435 4705 626 4759 blande
665 4705 904 4775 loquitur
964 4707 1124 4768 Deus,
1178 4721 1243 4760 ac
1293 4707 1450 4774 quasi
1485 4707 1699 4761 nescius

86 4798 763 4870 interrogatobeasdem
792 4800 1031 4853 rationes
1048 4815 1184 4867 quas
1209 4816 1386 4868 nuper
1408 4802 1475 4854 de
1493 4803 1698 4856 Adamo

88 4897 473 4960 interrogato
503 4889 862 4958 protulimus:
892 4889 959 4942 Et
983 4893 1058 4944 ait
1089 4892 1280 4944 mulier
1305 4907 1325 4943 :
1354 4891 1576 4960 Serpens
1605 4895 1697 4947 de-

83 4986 241 5054 cepit
281 4997 405 5045 me,
435 4988 484 5033 et
512 4981 728 5032 comedi.
759 4980 949 5034 Mulier
974 4982 1116 5034 enim
1151 4981 1329 5036 omnia
1355 4985 1586 5051 serpenti
1615 5000 1703 5039 as-

83 5076 300 5137 cribit,
336 5086 457 5125 non
509 5070 742 5132 Satanae,
770 5087 834 5125 eo
863 5075 1003 5141 quod
1028 5085 1329 5142 serpentem
1363 5076 1576 5143 quidem
1608 5079 1701 5145 qui

84 5182 156 5222 sc
191 5162 683 5231 interpellaverat,
719 5159 984 5226 noscerci,
1026 5173 1080 5218 at
1108 5165 1360 5219 Satanam
1395 5166 1535 5220 intra
1587 5183 1703 5222 ser-

86 5264 350 5345 pentem
397 5252 748 5318 occultatum,
785 5269 812 5305 a
851 5268 962 5325 quo
1016 5255 1194 5308 omnis
1233 5256 1528 5324 impostura
1577 5274 1703 5328 pro-

86 5344 406 5406 cesserat,
445 5345 735 5418 ignoraret,
767 5344 830 5397 Et
865 5348 942 5398 ait
975 5346 1223 5400 Dominus
1248 5350 1316 5401 ad
1371 5362 1655 5419 serpentem
1684 5366 1704 5404 :

86 5439 255 5504 Quia
286 5434 481 5506 fecisti
510 5434 624 5498 hoc,
643 5436 950 5488 maledictus
973 5452 1024 5490 es
1048 5452 1157 5504 pra:
1183 5440 1324 5491 onmi
1355 5441 1638 5505 animante,
1658 5452 1705 5495 et

85 5545 219 5598 pre
259 5525 433 5582 omni
483 5525 643 5580 bestia
675 5528 809 5596 agri.

169 5723 229 5755 "
287 5717 457 5776 Psnl.
499 5737 534 5782 t,
577 5721 634 5774 1.
712 5719 752 5748 ⁷⁵
796 5717 988 5772 Ειςςιι.
1039 5735 1097 5782 tt,
1151 5720 1231 5773 εὖ.

1799 4515 2016 4596 Litteris
2041 4547 2228 4592 nottttn
2248 4543 2349 4589 est.
2370 4532 2473 4587 Sed
2499 4547 2597 4586 cur
2623 4529 3020 4599 auspicatusest
3035 4515 3369 4580 exscc'ratizw

1801 4651 1921 4689 nent
1945 4631 2084 4686 Deus
2103 4646 2133 4684 a
2153 4627 2386 4682 Salaria?
2403 4625 2654 4679 nimirum
2672 4621 2800 4690 quia
2827 4620 2914 4674 ille
2932 4621 3141 4690 primtts
3157 4615 3373 4670 admisit

1805 4737 2088 4796 peccatum
2133 4722 2303 4790 prima
2335 4728 2419 4774 est
2445 4717 2635 4771 merito
2662 4713 3021 4768 detestatione
3055 4724 3368 4780 percussus.

1803 4817 2071 4870 Caeterum
2110 4821 2414 4880 serpentem
2449 4823 2512 4862 ex
2571 4807 2881 4860 animarum
2921 4817 3115 4871 genere
3176 4799 3366 4859 fuisse,

1808 4922 1914 4960 non
1951 4913 2130 4958 autent
2190 4902 2458 4970 reptilium
2508 4897 2694 4968 (quod
2733 4895 2950 4964 quidem
3001 4899 3369 4951 aututnavcre,

1805 5012 1926 5051 cum
1953 4995 2096 5048 dicat
2123 5012 2136 5047 :
2175 4992 2490 5046 Maledictus
2513 5006 2620 5059 pra:
2649 5005 2789 5042 omni
2815 4987 3083 5038 animante
3108 4996 3371 5034 memora.

1807 5091 1984 5144 vimus
2001 5089 2157 5142 etiam
2183 5103 2301 5156 cap.
2328 5101 2464 5140 xxu.
2489 5083 2549 5136 Et
2573 5100 2728 5151 super
2749 5091 2973 5134 ventrem
2999 5091 3140 5129 (nunt
3159 5076 3371 5143 gradie-

1806 5184 1902 5234 ris.
1922 5180 2087 5246 Quasi
2117 5178 2300 5233 dicat:
2334 5178 2645 5232 Amissurus
2671 5190 2729 5227 es
2758 5173 2914 5242 pedes
2945 5182 3063 5224 tuos
3087 5166 3282 5236 quibus
3306 5166 3369 5216 ad

1807 5275 2126 5343 pravitatem
2155 5269 2470 5334 cucurristi,
2503 5266 2916 5334 ambulabisque
2934 5279 2996 5316 ac
3033 5274 3186 5328 rt-pes
3213 5274 3372 5325 super

1811 5375 2049 5419 ventrem
2082 5373 2256 5427 tuum,
2295 5364 2423 5430 quia
2471 5370 2709 5413 ventrem
2755 5359 3050 5427 primorum
3089 5361 3368 5420 parentum

1809 5455 2082 5510 incscasti.
2108 5454 2337 5507 Pedibus
2363 5453 2523 5520 igitur
2542 5465 2764 5519 serpens
2788 5455 2910 5500 ante
2942 5445 3369 5498 exsecrationem

1814 5542 2114 5606 incedebat,
2159 5550 2214 5594 ttt
2241 5550 2430 5594 autem
2461 5536 2815 5591 animantium
2841 5550 2988 5602 gt‘lttfl
3008 5551 3056 5592 :t,
3087 5542 3199 5598 [ηιξ-ι
3226 5544 3299 5580 ὀἰ-ι
3319 5549 3374 5590 ιιι
