3982 6346
597 327 696 392 567

1869 331 2095 392 MOSlS
2137 334 2223 391 BA
2241 335 2284 391 li
2325 333 2568 398 CEPHA
3300 323 3307 330 ’
3721 325 3807 387 568

599 439 704 492 illis
738 441 973 503 amissis,
1009 457 1322 512 proserprre
1355 444 1512 510 ρωιιὶι
1543 458 1603 496 ac
1632 452 1815 496 ventre
1839 441 2164 510 promoveri.
2195 449 2240 505 Α
2272 454 2510 496 ventrem
2549 452 2784 509 serpant,
2813 456 2982 509 neque
3005 455 3060 494 se.
3083 439 3358 510 subriget'e
3378 437 3506 492 dum
3527 437 3808 504 caeduntur,

600 535 661 581 ῐίι
700 531 810 583 Ιιειιιιτ
845 532 1058 598 quidem
1088 540 1270 598 aperte
1319 534 1382 585 ad
1420 535 1592 600 ipsum
1641 541 1884 599 spectant
1948 547 2163 598 serpen-

599 631 727 678 tem,
761 639 819 673 ra
841 633 1010 674 terum
1046 622 1255 677 Summe
1287 624 1823 678 sicaceomnmdetur
1846 624 2032 677 eadem
2063 625 2163 677 ista

598 715 936 765 exsecratio:
976 714 1241 777 Quoniam
1280 715 1560 782 Spirituale
1593 730 1791 767 munus
1841 726 2014 779 tuum,
2053 731 2161 783 quo

599 805 903 870 iungi-horis
964 804 1014 857 in
1051 805 1186 859 cado
1216 821 1318 858 una
1362 823 1481 859 cum
1518 807 1740 872 reliquis
1775 808 1946 874 copiis
1997 823 2160 871 auge-

595 895 661 947 lic
690 911 714 948 s
740 912 858 964 (ιιιίη
889 896 938 948 in
966 897 1179 950 sublimi
1209 909 1509 960 versantur,
1539 899 1822 952 deseruisti
1851 907 2010 967 atque
2035 899 2164 950 ami-

597 986 732 1047 sisti,
769 986 940 1038 adhoc
972 984 1174 1053 primos
1199 997 1446 1054 parentes
1473 987 1756 1049 seduxisti,
1789 1004 1892 1040 non
1927 987 2032 1039 erit
2065 987 2158 1039 tibi

594 1076 644 1126 iu
669 1077 806 1127 cado
838 1085 891 1127 ut
942 1085 1064 1128 ante
1095 1077 1353 1129 habitatio
1389 1078 1480 1130 sed
1518 1078 1663 1130 humi
1704 1077 1944 1137 iucedes,
1976 1091 2162 1146 prote-

593 1182 810 1236 pesque,
844 1167 998 1219 malis
1028 1169 1219 1221 studiis
1245 1169 1382 1220 addit
1404 1176 1522 1222 tus:
1555 1167 1618 1220 Et
1644 1169 1902 1235 pulverem
1926 1168 2159 1221 comede:

591 1257 826 1309 erunibus
850 1258 1027 1310 diebus
1060 1259 1176 1312 vita:
1214 1269 1338 1312 tute.
1374 1258 1590 1326 Nempe,
1625 1260 1675 1312 in
1704 1262 1975 1323 pulverem
2007 1261 2162 1312 reda--

591 1350 712 1418 gisti
751 1351 948 1417 primos
1002 1360 1277 1419 parentes,
1317 1354 1534 1420 pulvere
1570 1352 1732 1419 igitur
1769 1353 2000 1406 vesceris
2049 1361 2158 1406 tota

589 1442 718 1490 vita.
755 1441 1025 1506 ()bjiciunt
1059 1440 1300 1508 quidam,
1337 1443 1426 1509 qui
1466 1444 1631 1509 possit
1667 1443 1795 1496 illud
1831 1443 2151 1506 consistere,

591 1533 733 1598 quod
765 1532 889 1589 ait:
925 1532 1194 1585 Pulrerem
1223 1534 1478 1598 comcdcs;
1521 1535 1738 1602 quando
1765 1535 2008 1587 videmus
2051 1551 2160 1588 ser-

590 1631 774 1688 pentes
812 1624 1119 1678 \‘trtniculis
1182 1627 1232 1678 in
1266 1640 1402 1692 aqua
1449 1625 1763 1692 degentibus
1797 1629 1964 1691 pasci,
2003 1611 2190 1694 atque.

593 1715 938 1776 passerculis
971 1731 1210 1783 unoque,
1241 1717 1648 1784 columbasque,
1677 1729 1728 1770 et
1760 1717 1923 1784 hujus
1947 1719 2160 1785 generis

2271 539 2511 604 aliasque
2528 536 2834 604 superiores
2853 533 3096 602 corporis
3113 542 3290 600 partes
3309 532 3559 584 invadere
3576 538 3807 598 possunt,

2271 633 2384 698 ipsa
2417 629 2669 682 calcauea
2704 626 2998 680 lancinaut.
3034 624 3136 677 8νά
3163 625 3229 678 de
3260 621 3453 676 Satana
3480 623 3808 691 interpretari

2269 731 2495 791 possunt
2531 721 2688 773 verba
2727 720 2795 772 ad
2859 720 3000 771 hunc
3063 719 3319 770 modum:
3376 714 3636 770 llomines
3693 715 3807 768 dum

2268 830 2361 882 per
2397 814 2622 865 virtutes
2649 812 2810 864 vitam
2838 818 3020 878 agant,
3040 808 3196 862 facile
3215 809 3515 861 discutiunt
3537 806 3809 874 irritosqtte

2267 905 2500 958 reddunt
2540 902 2722 956 νιιιιος
2775 911 2896 955 tuos
2931 910 3175 968 conatus,
3218 913 3356 968 quos
3417 908 3472 951 tu
3536 897 3810 967 primarios

2265 1005 2425 1063 atque
2452 993 2842 1062 insuperabiles
2864 1008 2984 1046 esse
3015 965 3259 1058 putabas.
3280 989 3606 1043 Observabis
3630 997 3684 1043 tu
3705 989 3810 1057 qui-

2263 1089 2386 1141 dem
2420 1088 2633 1139 illorum
2667 1085 2861 1147 calces,
2909 1092 2966 1135 ut
3001 1085 3150 1150 ipsos
3200 1081 3516 1134 subvertere
3545 1090 3707 1148 atque
3763 1080 3808 1133 in

2264 1187 2483 1248 peccata
2529 1176 2865 1246 praecipitare
2927 1174 3147 1242 possis:
3204 1186 3389 1225 verum
3431 1171 3565 1224 nihil
3603 1170 3808 1230 eilieies.

2265 1270 2368 1322 nisi
2400 1285 2494 1323 sua
2538 1269 2637 1336 ipsi
2670 1274 2862 1336 sponte
2912 1274 3074 1332 atque
3105 1272 3294 1332 suapte
3348 1263 3626 1316 voluntate
3649 1277 3708 1316 se
3727 1263 3808 1316 tibi

2264 1364 2514 1430 prodant.
2533 1360 2634 1414 Sed
2657 1369 2710 1413 et
2734 1360 2834 1412 hoc
2852 1373 3013 1413 sensu
3035 1366 3176 1411 recte
3206 1355 3537 1423 accipiantur
3551 1370 3614 1409 ea
3630 1354 3808 1410 verba:

2263 1459 2367 1517 Tu,
2400 1456 2634 1516 dromon,
2675 1454 2930 1508 observas
2956 1453 3206 1506 calcanea
3241 1451 3545 1512 hominum,
3584 1451 3686 1504 hoc
3710 1457 3809 1512 est,

2264 1548 2506 1615 ipsorum
2531 1545 2671 1598 dicta
2697 1544 2966 1613 factaque,
3000 1551 3058 1595 ut
3081 1544 3133 1596 in
3156 1551 3372 1610 peccata
3386 1541 3643 1609 dejicere,
3663 1549 3812 1608 atque

2264 1654 2292 1691 a
2333 1637 2439 1690 Deo
2466 1635 2654 1706 procul
2687 1637 2836 1704 ipsos
2868 1634 3342 1701 abducerequeas;
3370 1647 3558 1686 verum
3576 1630 3813 1686 Christus

2267 1729 2356 1783 ubi
2389 1728 2628 1789 advenit,
2681 1726 2838 1780 nobis
2868 1725 3064 1780 exemit
3092 1725 3235 1779 hunc
3267 1723 3345 1777 tui
3375 1733 3605 1786 metum,
3627 1737 3815 1777 secun-

589 1801 691 1852 alia
719 1817 927 1856 vorare.
959 1804 1060 1854 Sed
1092 1805 1248 1857 etiam
1273 1805 1448 1858 sihmc
1466 1822 1682 1875 quoque
1710 1807 2164 1870 devorant,inte-
2199 1824 2237 1878 Β
2267 1821 2395 1875 dum
2433 1819 2521 1874 ina
2555 1819 2726 1888 ipsius
2752 1818 2914 1871 verba
2949 1834 2965 1870 π
3000 1815 3134 1869 Dedi
3184 1815 3325 1870 υοδῖι
3355 1822 3663 1882 paruulum
3711 1815 3815 1867 σαι.

588 1892 691 1942 rim
744 1893 948 1960 absque
991 1893 1205 1962 puivere
1238 1897 1399 1948 vitam
1432 1907 1738 1950 sustentare
1767 1907 2059 1967 nequeunt.
2096 1898 2158 1952 Et

589 1998 718 2038 vero
752 1985 868 2038 licet
891 1985 1097 2037 Adamn
1121 1990 1321 2040 dictum
1351 1988 1422 2042 sit
1449 1990 1750 2044 :Insudore
1770 1992 1926 2060 {aciei
1945 2003 2048 2046 tua:
2068 2008 2155 2046 co-

589 2078 760 2128 medcs
789 2095 973 2144 panem
1006 2088 1177 2144 tuum,
1218 2091 1394 2134 tamen
1426 2097 1590 2135 carne
1624 2085 1859 2137 vescitur
1887 2084 2071 2149 etiam,
2102 2090 2154 2138 ri

585 2178 742 2222 teme
771 2171 1038 2242 frugibus,
1067 2173 1434 2244 ﬂuctibusque
1455 2177 1592 2230 aliis.
1627 2177 1730 2230 Sed
1751 2179 1861 2231 lucc
1881 2179 1946 2231 ad
1976 2180 2151 2247 ipsum

583 2275 887 2341 serpentem
939 2266 1227 2332 pertinent,
1289 2268 1585 2336 eademque
1644 2285 1772 2322 vero
1810 2279 2039 2334 possunt
2089 2271 2153 2323 ad

585 2351 839 2414 Satanam
862 2355 913 2408 in
938 2355 1077 2408 hanc
1099 2361 1420 2412 sententiam
1443 2361 1580 2413 dicta
1605 2362 1772 2415 videri
1795 2378 1810 2415 :
1831 2362 2153 2429 Priusquam

585 2445 851 2497 delabct'et
868 2447 930 2508 is,
949 2447 1144 2502 divinis
1157 2450 1498 2505 oblcctabare
1515 2453 1976 2515 meditationibus,
1993 2464 2154 2522 atque

581 2537 1317 2607 cwlestibus,sedpost'ptam
1353 2551 1402 2594 te
1423 2542 1750 2612 praecipitem
1772 2545 1968 2598 dedisti
1993 2555 2155 2613 atque

583 2628 930 2689 descendisti,
951 2639 1094 2683 totus
1117 2633 1345 2685 terrenis
1367 2633 1770 2702 humilibusque
1793 2635 1983 2690 studiis
2005 2637 2156 2690 dedi-

582 2728 671 2772 tus
697 2719 822 2782 eris,
866 2730 1025 2788 atque
1050 2724 1114 2774 ad
1149 2724 1525 2790 perﬁciendam
1560 2727 1855 2794 nequitiam
1893 2736 2037 2779 tuam
2060 2742 2152 2780 co-

583 2809 867 2878 gitationes
907 2819 1027 2864 tuas
1056 2828 1245 2866 omnes
1275 2815 1579 2870 exercebis.
1601 2814 1664 2866 Et
1719 2817 2025 2870 inimicitias
2058 2832 2151 2880 po-

582 2914 704 2950 nam
738 2899 870 2951 inter
892 2909 939 2951 te
972 2910 1018 2952 et
1060 2902 1348 2966 "mlierem,
1377 2913 1423 2955 et
1461 2906 1597 2956 inter
1629 2922 1797 2958 semen
1826 2917 1971 2958 tuum
1995 2915 2042 2958 et
2075 2921 2154 2957 se-

573 2977 696 3044 rneu
727 2995 855 3058 ejus.
888 2992 1174 3057 Quoniam,
1198 2995 1393 3062 inquit,
1416 2998 1676 3051 adversus
1709 2999 1983 3050 mulierem
2003 2997 2149 3053 luisti

583 3082 791 3135 amicus
819 3084 1215 3147 haudu‘entus,
1235 3095 1396 3154 atque
1415 3086 1723 3141 inimicitias
1756 3090 1937 3142 sevisti
1963 3092 2008 3142 ei
2027 3105 2146 3142 cum

2264 1914 2418 1969 condi
2445 1922 2727 1982 serpentes,
2765 1922 2811 1963 et
2844 1910 3163 1978 scorpiones,
3183 1923 3432 1978 omneque
3462 1907 3626 1961 robur
3643 1906 3817 1960 adver-

2262 2004 2558 2062 sarium".
2589 2004 2854 2058 Caeterum
2901 2016 2967 2054 ex
3016 2000 3098 2054 his
3147 1999 3327 2054 verbis
3373 1997 3674 2066 intelligere
3719 2005 3813 2062 est,

2264 2115 2370 2151 non
2400 2097 2465 2150 ad
2497 2096 2674 2150 solum
2705 2101 3053 2162 corporatum
3088 2098 3417 2160 serpentem,
3448 2103 3638 2143 verum
3663 2087 3813 2141 etiam

2263 2192 2329 2246 ad
2363 2189 2622 2244 Satanam
2682 2187 3011 2256 pertinuisse
3054 2183 3292 2237 divinam
3354 2179 3815 2245 exsecrationem;

2263 2281 2482 2352 quando
2512 2294 2618 2334 non
2679 2277 2792 2331 sola
2851 2275 3022 2343 capita
3070 2283 3378 2343 serpentum
3429 2272 3677 2337 ferimus:
3697 2270 3814 2324 dum

2227 2375 2528 2443 perimere
2600 2369 2748 2437 ipsos
2815 2367 3088 2429 volumus,
3146 2365 3240 2418 sed
3313 2363 3580 2430 reliquum
3663 2361 3815 2416 etiam

2262 2479 2460 2533 corpus
2484 2479 2498 2525 ;
2525 2478 2702 2530 neque
2729 2474 2917 2513 rursus
2951 2456 3142 2526 anguis
3175 2455 3318 2508 solos
3340 2455 3518 2510 calces
3542 2453 3815 2508 hominum

2263 2554 2516 2625 percutit,
2536 2553 2630 2606 sed
2669 2551 2805 2604 alias
2831 2548 2993 2601 etiam
3009 2560 3145 2616 quas
3161 2553 3334 2614 potest
3351 2543 3596 2611 corporis
3620 2551 3813 2612 partes.

2333 2661 2472 2714 Deus
2504 2657 2722 2712 Satame
2760 2655 2920 2710 simul
2946 2663 2996 2707 et
3038 2653 3260 2721 serpenti
3308 2649 3608 2704 maledixit.
3644 2678 3722 2722 -ο
3763 2647 3816 2702 Si

2260 2767 2392 2808 vero
2419 2751 2543 2820 quis
2583 2748 2816 2816 denique
2846 2753 3072 2815 quierat,
3104 2759 3203 2798 cur
3229 2743 3370 2797 Deus
3395 2741 3630 2812 serpenti
3660 2738 3816 2795 simul
3873 2809 3879 2814 _

2260 2851 2313 2896 et
2361 2840 2573 2894 Satanm
2609 2836 2971 2900 uialedixerit,
2996 2833 3486 2904 respondebimus:
3517 2832 3644 2895 quia
3680 2838 3819 2885 uter-

2261 2947 2372 2999 que
2405 2929 2784 2984 exsecratione
2815 2927 3009 3004 dignus
3042 2933 3180 2990 erat,
3233 2938 3331 2993 pro
3364 2923 3625 2986 maximo,
3679 2919 3817 2991 quod

2259 3027 2539 3087 patrarant
2565 3016 2742 3075 ambo,
2791 3014 3095 3078 maleﬁcio;
3131 3011 3327 3066 deinde
3354 3020 3414 3065 ut
3441 3010 3602 3079 primi
3631 3025 3816 3079 paren-

2261 3120 2362 3172 tes,
2403 3109 2587 3161 audita
2620 3123 2681 3161 ea
2741 3116 2850 3160 tam
2883 3106 3020 3159 dura
3084 3101 3440 3158 detestatione
3495 3100 3702 3164 divina,
3753 3098 3816 3152 ad

583 3171 712 3234 Deo,
741 3188 838 3239 ego
871 3174 1007 3226 inter
1046 3184 1095 3228 te
1129 3185 1175 3227 et
1213 3176 1405 3255 ipsam,
1439 3178 1685 3246 interque
1709 3189 1858 3232 tuum
1886 3194 2068 3233 semen
2099 3194 2152 3233 et

2262 3201 2654 3270 pmnitudinem
2698 3205 3115 3261 revocarentur;
3156 3209 3280 3248 nam
3335 3192 3381 3248 si
3442 3191 3818 3262 pmnituissent

583 3263 753 3332 ipsius
772 3279 973 3319 semen.
997 3265 1292 3320 inimicitia:
1311 3283 1529 3336 quoque
1557 3279 1610 3321 ut
1630 3279 1882 3323 constent
1901 3271 2149 3324 «alliciam.

663 3350 961 3416 Serpentum
988 3354 1280 3406 inimicitia
1303 3370 1417 3404 cum
1446 3355 1741 3408 hominibus
1770 3359 1982 3424 mystire
2001 3359 2149 3425 quid.

582 3469 651 3480 -—-
705 3440 859 3494 Certe
898 3443 1067 3494 lat-tos
1101 3432 1143 3494 a'
1183 3442 1291 3496 Deo
1331 3444 1487 3498 nobis
1555 3446 1803 3500 inimicos
1853 3459 2149 3513 serpentes,

586 3542 672 3580 res
704 3529 816 3594 ipsa
843 3529 991 3582 docet
1017 3546 1029 3593 ;
1059 3545 1230 3597 neque
1257 3533 1400 3584 enim
1443 3548 1675 3600 anguem
1715 3535 1882 3587 ullum
1910 3537 2152 3606 aspicere

584 3620 938 3680 sustinemus,
987 3631 1042 3672 ut
1089 3621 1245 3675 nobis
1285 3638 1390 3676 non
1424 3639 1710 3680 caveamus
1767 3627 1834 3678 ab
1865 3628 2002 3696 ipso,
2055 3645 2148 3681 seu

586 3713 738 3764 hoste
773 3721 988 3777 nostro;
1027 3729 1232 3782 nosque
1268 3729 1373 3766 non
1417 3731 1789 3784 comparemus
1813 3720 1876 3769 ad
1918 3734 2147 3787 pugnam

587 3813 642 3855 ut
677 3803 824 3856 ἰΙΙιιιιι
857 3806 1207 3869 prrimamus,
1247 3814 1502 3870 tanquam
1535 3823 1657 3860 eum
1704 3809 1794 3877 qui
1829 3825 1926 3862 nos
1959 3810 2152 3864 laudere

584 3894 781 3959 cupiat.
819 3892 938 3946 llme
964 3896 1146 3946 eadem
1174 3897 1237 3948 ad
1280 3895 1533 3949 Satanam
1565 3898 1642 3950 sic
1699 3891 2100 3952 tt‘ansl'eranlur
2131 3916 2147 3952 :

584 3983 680 4044 Te,
722 3984 940 4048 Satana,
972 3986 1150 4040 adhuc
1173 4001 1232 4038 ea
1270 4003 1393 4039 cura
1437 3989 1786 4057 studiumque
1815 3992 2152 4053 exercuit,ut

585 4077 786 4144 primas
821 4089 1067 4144 parentes
1097 4093 1201 4131 una
1233 4092 1354 4131 cum
1394 4079 1634 4147 ipsorum
1670 4082 1985 4147 posteritate
2013 4083 2150 4136 ami-

584 4182 676 4222 ros
704 4167 879 4222 facere
908 4178 962 4222 ιιι
995 4170 1088 4222 tibi
1131 4185 1316 4240 posses
1353 4188 1366 4223 :
1401 4185 1502 4239 ego
1532 4187 1659 4224 vero
1701 4174 1811 4241 jam
1863 4174 2052 4238 cilicio,
2092 4185 2152 4228 ut

582 4269 840 4328 perpetuo
895 4261 1108 4316 hostilia
1153 4263 1334 4315 omnia
1379 4263 1487 4316 sint
1551 4264 1689 4317 inter
1732 4273 1784 4319 te
1819 4277 1979 4334 atque
2004 4267 2145 4321 illos.

582 4350 649 4402 Et
683 4353 850 4415 ipsum
890 4362 1114 4406 conteret
1147 4366 1299 4420 caput
1337 4363 1503 4410 tuum.
1538 4357 1676 4421 Quia
1709 4374 1807 4427 per
1839 4361 2148 4429 superbiam

582 4441 779 4494 clatum
815 4441 913 4495 fuit
938 4452 1099 4511 caput
1129 4453 1300 4509 tuum,
1329 4454 1379 4498 ct
1410 4447 1646 4514 improba
1675 4449 1911 4500 locutum
1937 4458 2038 4512 est,
2067 4463 2150 4503 se-

587 4548 706 4585 men
743 4535 952 4586 l'eminze
982 4535 1117 4600 (hoc
1147 4543 1248 4596 est,
1284 4536 1374 4604 qui
1405 4553 1466 4589 ex
1507 4533 1567 4590 ea
1598 4538 1890 4606 nascetur)
1928 4539 2151 4592 concul—

583 4623 726 4678 Cabit
754 4635 912 4691 caput
944 4635 1119 4686 tuum,
1163 4635 1318 4695 teque
1349 4629 1554 4695 perdet.
1615 4627 1879 4683 Prmterea
1911 4631 2039 4698 quia
2091 4641 2144 4686 lu

583 4717 846 4768 Adainum
870 4713 1029 4784 aique
1045 4718 1208 4770 Evam
1236 4719 1301 4772 de
1325 4719 1493 4787 gradu
1513 4720 1789 4788 dignitatis
1813 4736 1970 4788 quem
1994 4725 2145 4791 quasi

583 4807 852 4874 principes
891 4808 1226 4874 obtinebant,
1284 4809 1568 4878 dejeeisti:
1605 4826 1788 4865 semen
1841 4813 2159 4880 posteritas-

583 4911 684 4962 que
712 4897 970 4963 ipsorum,
1024 4909 1176 4953 tuum
1211 4910 1368 4967 caput
1407 4902 1645 4968 vicissim
1702 4904 2065 4968 conculcabit,
2099 4915 2150 4958 et

588 4999 639 5039 te
678 4986 984 5045 interﬁeiet.
1050 4992 1155 5045 Sed
1218 5007 1317 5046 cur
1374 5003 1536 5062 caput
1586 4994 1730 5048 illius
1791 5011 1899 5063 pra:
1933 4996 2154 5063 reliquis

584 5079 845 5133 membris
877 5083 1117 5136 attritum
1152 5086 1214 5138 iri
1251 5077 1428 5139 dicit?
1468 5085 1732 5141 Nimirum
1765 5089 1893 5157 quia
1915 5092 2151 5144 contrito

586 5183 909 5240 mortuoque
937 5176 1108 5242 capite
1131 5177 1183 5230 in
1210 5178 1466 5241 anguium
1500 5195 1713 5248 genere,
1750 5190 1920 5235 totum
1954 5197 2152 5251 corpus

586 5267 912 5318 cvstincutm
944 5277 1043 5319 est.
1081 5266 1147 5318 Et
1193 5279 1246 5321 tu
1282 5268 1417 5324 illud
1453 5273 1608 5339 feries
1661 5274 1715 5325 in
1766 5275 1904 5326 calce
1959 5277 2146 5341 ipsius.

585 5356 720 5418 Quia
752 5359 992 5410 (alcibus
1034 5358 1148 5411 suis
1187 5371 1544 5428 primerarunt
1585 5363 1741 5430 primi
1794 5379 2045 5433 parentes
2080 5369 2145 5422 ad

583 5449 832 5500 arborem
879 5451 1228 5516 prohibitam,
1284 5462 1337 5504 tu
1406 5457 1628 5510 seminis
1675 5458 1917 5525 ipsorum
1971 5464 2147 5516 calces

584 5541 765 5594 feries.
833 5540 934 5593 Sed
1003 5553 1054 5594 ei
1131 5543 1251 5597 ideo
1349 5545 1481 5597 dicit
1533 5563 1732 5616 angues
1791 5567 2144 5618 percussuros

579 5625 757 5686 calces
819 5632 1118 5694 hominum,
1168 5634 1289 5701 quin
1340 5652 1462 5685 rum
1514 5639 1734 5703 pedibus
1793 5655 2028 5707 careant,
2096 5657 2145 5700 et

655 5745 876 5802 "Lurf
921 5768 968 5811 λ,
1011 5748 1089 5802 i9.
1173 5752 1207 5787 τι·
1251 5748 1401 5804 ιῖοεη.
1463 5771 1566 5815 λιι,
1600 5756 1688 5810 ‘ll.

2260 3294 2582 3362 veniamque
2608 3291 3003 3360 implorassent,
3042 3288 3166 3341 licet
3189 3300 3250 3340 ea
3280 3300 3341 3339 re
3389 3299 3561 3352 neque
3592 3290 3816 3337 mortem

2257 3385 2578 3453 eﬂugissent
2631 3397 2805 3450 neque
2853 3379 3162 3449 paradisum
3221 3376 3592 3436 retinuissent,
3643 3381 3815 3426 tamen

2259 3477 2406 3530 diras
2438 3475 2558 3528 illas
2613 3472 2700 3525 Dei
2744 3471 3038 3525 evitassent
3099 3482 3234 3536 quas
3286 3471 3552 3520 memorat
3602 3463 3814 3517 Moses:

2262 3567 2364 3620 Per
2403 3565 2606 3618 dolores
2632 3574 2786 3632 atque
2817 3577 3035 3630 angores
3061 3561 3299 3623 parietis,
3357 3572 3449 3625 per
3506 3555 3717 3609 dolores
3772 3560 3816 3606 et

2257 3655 2689 3720 sndores‘faciei
2752 3668 2911 3720 panes
2970 3649 3268 3704 comedetis.
3331 3646 3619 3716 Postquam
3697 3655 3815 3697 vero

2252 3745 2364 3812 jam
2396 3752 2701 3811 serpentem
2749 3751 2802 3794 et
2835 3740 3091 3794 Satanam
3137 3737 3445 3791 maledictio
3478 3733 3813 3804 perstrinxit,

2260 3835 2400 3887 Deus
2437 3832 2702 3885 convertit
2747 3844 3051 3885 sermonem
3072 3827 3138 3881 ad
3177 3827 3456 3880 mulierem
3483 3825 3565 3878 his
3598 3824 3810 3878 verbis:

2258 3927 2322 3982 Et
2351 3927 2418 3979 ad
2452 3925 2720 3978 mulierem
2748 3923 2821 3975 ait
2857 3937 2877 3976 :
2909 3917 3311 3989 Multiplictmdo
3337 3913 3699 3982 multiplicabo
3729 3916 3817 3964 do-

2257 4022 2390 4074 lores
2423 4027 2560 4080 tuos,
2595 4028 2643 4070 et
2673 4024 2944 4082 conceptus
2981 4024 3118 4075 tuos,
3142 4021 3188 4065 et
3219 4012 3270 4063 in
3302 4007 3586 4077 angoribus
3643 4004 3813 4074 paries

2256 4109 2414 4172 ﬁlios.
2459 4106 2574 4159 Non
2613 4105 2724 4173 jam
2754 4103 2903 4164 dicit,
2952 4116 3047 4155 eos
3079 4100 3217 4154 fetus
3258 4113 3396 4168 quos
3421 4102 3517 4149 aut
3545 4093 3815 4162 concipiet

2254 4210 2348 4253 aut
2391 4195 2745 4258 edetmulier,
2774 4192 2889 4246 fore
2917 4190 3249 4246 maledictos.
3287 4185 3420 4242 Nam
3445 4186 3654 4256 pridem
3685 4183 3813 4238 bene

2255 4297 2506 4359 precatus
2531 4286 2639 4340 illis
2675 4286 2867 4349 fuerat,
2897 4283 3250 4350 dixeratque:
3293 4278 3524 4333 Crescite
3554 4287 3602 4330 et
3636 4272 3813 4328 niulti-

2253 4375 2528 4447 plieamini
2545 4392 2564 4431 :
2582 4375 2684 4428 Sed
2709 4373 2869 4437 feres,
2890 4373 3085 4441 inquit,
3109 4382 3318 4426 uterum
3340 4385 3445 4424 non
3468 4368 3586 4423 sine
3611 4366 3809 4426 dolore,

2177 4494 2228 4552 Β
2256 4470 2630 4538 producesque
2658 4466 2805 4536 ipsos
2844 4473 2965 4519 tuos
2993 4461 3132 4518 fctus
3162 4477 3258 4532 per
3298 4474 3587 4514 agrumnas.
3621 4456 3812 4552 Videre

2256 4572 2338 4615 est
2387 4559 2532 4612 enim
2595 4557 2825 4610 feminas
2863 4556 3026 4608 variis
3085 4554 3369 4607 doloribus
3408 4549 3552 4604 afﬁci
3601 4547 3810 4619 quando

2259 4661 2472 4704 uterum
2504 4663 2717 4716 gerunt,
2753 4657 2805 4699 et
2843 4661 3033 4699 rursus
3067 4644 3218 4697 duris
3251 4641 3490 4711 torqueri
3525 4638 3811 4710 angoribus

2258 4745 2385 4794 dum
2419 4744 2672 4810 pariunt;
2726 4738 2776 4792 id
2815 4736 2956 4806 quod
3017 4735 3180 4788 etiam
3243 4741 3506 4786 memorat
3559 4730 3810 4784 Dominus

2266 4845 2472 4895 noster,
2504 4834 2692 4886 dicens
2731 4849 2744 4884 :
2772 4828 2962 4883 Mulier
2983 4843 3100 4880 cum
3127 4828 3290 4895 parit,
3315 4825 3546 4877 dolorem
3580 4821 3732 4874 habet
3753 4819 3810 4871 ".

2264 4927 2450 4996 Neque
2479 4925 2622 4977 enim
2667 4921 2954 4991 quisquam
2991 4918 3297 4972 mortalium
3332 4914 3466 4968 satis
3506 4913 3811 4968 existimare

2260 5029 2456 5091 potest,
2491 5032 2652 5089 quam
2706 5014 2956 5069 difﬁciles
2995 5012 3269 5076 durosque
3307 5007 3568 5061 sustineat
3628 5002 3808 5058 mulier

2260 5110 2479 5164 dolores
2519 5119 2680 5176 atque
2727 5119 2998 5158 aerumnas
3025 5103 3076 5155 in
3101 5108 3284 5188 partu,
3321 5107 3515 5166 preter
3563 5095 3709 5165 ipsas
3738 5093 3808 5146 fe-

2259 5201 2455 5253 minas.
2520 5197 2583 5248 Et
2622 5196 2837 5265 quidem
2893 5190 3074 5246 audivi
3103 5185 3381 5242 mulierem
3425 5200 3547 5240 cum
3592 5185 3808 5243 diceret,

2260 5306 2448 5344 earum
2482 5305 2602 5356 quae
2635 5290 2875 5357 pariunt,
2927 5283 3154 5353 pupillas
3190 5281 3468 5334 oculorum
3513 5291 3621 5348 pra:
3656 5274 3809 5328 nimio

2260 5383 2465 5435 doloris
2496 5396 2657 5436 sensu
2695 5368 2828 5432 adeo
2856 5376 3153 5436 obfuscari,
3208 5382 3265 5426 ut
3299 5371 3434 5426 nihil
3465 5377 3711 5424 cernant.
3751 5365 3808 5420 Et

2261 5477 2374 5526 hzec
2404 5472 2619 5540 quidem
2656 5473 2722 5525 de
2755 5486 2814 5522 ca
2858 5467 3205 5522 anxietudiue
3234 5478 3395 5533 quam
3425 5460 3553 5514 dum
3602 5470 3803 5512 uterum

2257 5575 2474 5628 gerunt,
2523 5566 2762 5631 dumque
2819 5560 3054 5629 pariunt,
3115 5556 3344 5610 tulerant
3390 5551 3636 5613 feminae,
3673 5549 3803 5604 dicta

2260 5664 2416 5708 sunt:
2454 5655 2592 5724 quod
2619 5657 2658 5709 si
2694 5669 2818 5708 vero
2854 5653 3162 5706 universum
3205 5645 3330 5701 illud
3363 5652 3576 5712 tempus
3601 5650 3803 5711 reputes
