3982 6346
74 326 161 390 569

1138 327 1234 386 DE
1280 325 1683 389 PARADISO.
1722 351 1794 364 ’-
1829 328 2020 387 PARS
2063 328 2107 388 l.

3152 327 3259 390 570

70 439 189 511 quod
214 453 238 488 η
259 446 505 504 concepto
534 434 638 488 fclll
668 436 730 489 ad
758 437 1077 493 morientem
1111 456 1285 509 usque
1312 442 1584 494 hominem
1612 439 1662 498 Δ
1692 439 1782 494 hic
1815 457 1913 510 pro
1947 441 2012 494 iis
2037 455 2157 510 qua:
2182 456 2246 494 cx
2276 449 2414 494 terra
2441 448 2765 501 nascuntur,
2793 446 3073 509 acceptum
3096 452 3258 492 esse:

67 531 504 591 extenditttr;tnm
538 547 666 584 sane
721 530 1010 600 intelligas.
1055 535 1333 588 mulierem
1395 535 1584 588 multis

66 622 445 682 tlillicultatibus,
493 621 790 684 doloribus,
849 624 1106 679 aerumnis
1135 623 1430 691 subjectaut
1463 637 1585 677 esse

65 734 144 783 pro
172 717 272 782 ipsa
315 714 400 768 Dei
442 719 848 780 exsecratione;
893 731 1018 769 nam
1067 715 1273 768 editum
1324 713 1584 768 infantem

65 804 448 860 laboriosissimo
495 821 624 859 cura
682 807 900 874 ext-ipit,
941 805 1133 858 deinde
1177 821 1272 873 per
1317 819 1585 858 summam

64 899 332 952 molestiam
383 909 545 966 atque
602 913 857 967 angorem
903 899 1117 958 educat,
1151 898 1215 950 ad
1251 905 1586 966 postremum

61 989 199 1040 anxio
235 985 428 1037 ululatu
483 985 797 1040 merientem
869 985 1044 1037 deflet.
1097 983 1260 1051 Igitur
1308 985 1435 1052 quia
1488 998 1587 1036 no-

63 1078 208 1139 luisti,
246 1079 434 1143 inquit,
476 1091 509 1128 o
547 1077 760 1140 mulier,
794 1075 846 1128 in
894 1075 1145 1143 paradiso
1177 1075 1376 1129 liberos
1397 1089 1585 1143 parere

62 1172 360 1226 immortales
396 1171 600 1237 absque
624 1169 772 1222 omni
808 1168 1016 1232 dolore,
1039 1169 1148 1236 jam
1171 1168 1320 1238 ipsos
1352 1167 1588 1237 paritura

59 1282 108 1321 es
152 1279 237 1333 per
271 1266 528 1316 maximus
557 1247 837 1316 cruciatus
871 1272 1034 1331 atque
1070 1261 1346 1325 miserias,
1379 1268 1590 1330 postea-

57 1370 196 1423 quam
232 1365 503 1420 peccatum
533 1353 826 1406 admisisti.
881 1351 947 1405 Et
977 1353 1101 1421 quia
1137 1351 1320 1406 divino
1351 1350 1587 1420 quodam

58 1449 194 1498 modo
217 1444 340 1496 deos
369 1444 528 1496 edere
545 1445 795 1510 cupivisti
819 1445 1026 1511 absque
1045 1442 1154 1496 ullo
1170 1442 1377 1496 doloris
1402 1455 1587 1505 sensu,

55 1555 78 1594 s
97 1539 294 1605 rpentis
320 1538 634 1590 auscultans
659 1537 838 1589 verbis
862 1552 876 1599 ;
907 1535 1017 1604 jam
1058 1536 1298 1588 humano
1321 1548 1472 1588 more
1493 1537 1592 1587 ho-

59 1629 208 1681 mines
250 1628 558 1696 procreabis
596 1643 690 1695 per
728 1626 1144 1683 acerbissimum
1199 1626 1466 1680 dolorem.
1526 1623 1590 1676 Et

53 1721 112 1773 ad
156 1720 311 1772 uirum
341 1728 489 1772 tuum
521 1721 785 1789 respicies.

109 1811 368 1879 Respectus
401 1812 637 1864 mulieris
677 1815 744 1863 ad
770 1811 936 1863 virum
958 1839 1028 1850 —
1051 1810 1215 1874 Quasi
1248 1808 1428 1876 dicatj:
1454 1807 1593 1874 Quia

49 1901 270 1970 cttpivisti
287 1911 340 1956 ut
361 1903 442 1954 vir
459 1913 584 1956 tuus
605 1911 656 1955 te
673 1902 1160 1967 observaretatque
1179 1915 1243 1955 ex
1266 1909 1316 1954 te
1335 1902 1595 1970 penderet

50 1993 245 2059 perinde
271 2006 334 2045 ac
364 1993 412 2046 si
454 1993 505 2045 in
539 2001 627 2045 tua
662 2007 824 2044 manu
861 1992 1035 2060 posita
1058 1998 1241 2044 essent
1265 1991 1466 2058 quibus
1494 1991 1591 2044 ille

51 2081 105 2133 ad
134 2081 244 2134 vita:
280 2097 438 2136 ustttn
471 2096 610 2149 opus
639 2083 882 2144 haberet,
909 2094 1084 2149 eoque
1131 2081 1283 2133 illum
1314 2080 1368 2133 itt
1396 2079 1574 2134 frtt‘ctu

51 2168 294 2236 gttstando
324 2171 686 2234 antevenisti,
738 2168 859 2221 ideo
915 2176 971 2220 tu
1014 2168 1114 2219 viri
1166 2166 1267 2233 tui'
1295 2167 1594 2220 observans

50 2261 161 2320 rris,
194 2267 250 2310 nt
283 2258 390 2312 tuis
439 2257 554 2325 ipse
583 2255 1082 2310 necessitudinibus
1135 2253 1299 2307 faciat
1330 2252 1485 2307 satis.
1523 2251 1592 2304 Et

49 2351 143 2415 ipse
165 2349 521 2403 daiitittabitur
550 2351 627 2402 tui
663 2365 681 2402 :
710 2349 973 2417 Optavisli
1005 2348 1223 2422 quidem
1265 2355 1429 2416 caput
1476 2327 1600 2402 esse

52 2443 136 2494 viri
174 2442 266 2504 tui,
295 2441 632 2508 imperioque
663 2440 716 2493 in
766 2439 916 2492 illum
953 2440 1132 2507 potiri,
1183 2450 1345 2507 atque
1379 2438 1500 2492 ideo
1528 2437 1596 2491 de

49 2535 220 2584 arbore
251 2547 345 2599 pro
395 2532 661 2599 serpentis
691 2531 920 2584 consilio
957 2531 1149 2595 edisti;
1200 2538 1254 2583 at
1281 2529 1370 2582 ille
1409 2516 1594 2582 contra

51 2620 93 2672 in
125 2631 170 2672 te
212 2617 501 2686 imperium
550 2621 846 2678 exercebit.
890 2619 1095 2688 tibique
1129 2631 1230 2688 pro
1263 2619 1437 2688 capite
1467 2617 1593 2672 erit.

58 2711 108 2764 Et
135 2712 201 2764 ad
222 2712 387 2764 Adam
413 2712 549 2764 dixit
579 2727 598 2764 :
636 2710 774 2775 Quia
798 2710 1114 2764 auscultas:i
1139 2712 1252 2764 voci
1281 2711 1464 2763 uxoris
1490 2719 1596 2763 tute

51 2813 87 2854 et
123 2804 272 2855 edisti
296 2803 358 2856 de
416 2802 607 2856 arbore
656 2803 720 2853 de
777 2818 880 2870 qua
920 2802 1065 2867 iussi
1115 2801 1212 2855 tibi
1253 2801 1472 2870 dixique
1533 2816 1596 2854 ne

49 2893 239 2958 (dares;
269 2893 718 2946 maledictatte'rre
738 2902 1028 2959 propterte.
1066 2889 1329 2943 Dominus
1358 2890 1591 2957 Ephrem

49 2999 154 3036 cum
208 2985 320 3037 suis
357 2984 474 3037 vult
526 2984 726 3038 idcirco
773 2985 942 3052 legem
990 2983 1200 3036 Adamo
1231 2981 1595 3036 rcrocari’hic

50 3073 309 3129 iIIJItt'lllm
329 3076 460 3139 iam,
494 3077 620 3143 quia
645 3075 691 3129 ei
727 3077 820 3129 uni
845 3091 876 3129 a
907 3074 1014 3129 Deo
1047 3073 1224 3128 fuerat
1253 3075 1591 3142 prtescripta;

49 3165 105 3218 ab
127 3167 233 3233 ipso
258 3182 387 3220 vero
416 3165 630 3232 deinde,
655 3165 809 3219 uxori
843 3166 1112 3234 exposita.
1152 3162 1380 3230 Verum,
1408 3163 1592 3233 tttjam

23 3255 313 3324 -aliquoties
371 3257 816 3320 memoravimus,
878 3255 968 3308 alii
1018 3254 1329 3308 existimare
1388 3254 1598 3308 malunt

47 3350 135 3402 sub
167 3349 290 3402 Adae
316 3363 544 3415 persona
574 3348 640 3402 ad
675 3346 838 3401 Evam
865 3361 1080 3416 quoque
1104 3343 1238 3414 legis
1264 3345 1426 3398 verba
1456 3346 1592 3399 fieri.

48 3438 195 3508 lgitur
229 3443 390 3510 quia,
458 3441 658 3509 inquit,
696 3455 802 3493 non
857 3453 993 3492 mea:
1044 3436 1163 3491 voci
1223 3437 1318 3492 sed
1377 3435 1594 3492 feminae

47 3533 386 3596 anscultasti;
421 3532 704 3598 maledicta
735 3541 876 3585 terra
913 3540 1133 3600 propter
1157 3540 1226 3584 te.

107 3622 205 3675 Cur
231 3623 368 3678 Deus
403 3632 622 3688 terram,
648 3639 749 3675 non
767 3633 943 3675 autem
969 3619 1230 3675 Adamunt
1257 3622 1328 3675 sit
1352 3637 1598 3676 exsecra-

50 3724 141 3769 tus.
163 3745 228 3756 -
251 3714 525 3769 Nimirum
560 3729 664 3768 non
695 3724 776 3768 est
807 3722 1122 3768 exsecratus
1152 3712 1294 3768 Deus
1325 3713 1594 3766 Adamum

47 3806 383 3874 ipsum,‘quo
434 3821 546 3858 suae
592 3805 705 3873 ipse
739 3804 961 3872 imagini
1015 3807 1276 3859 honorem
1306 3820 1600 3860 conserva-

53 3909 157 3956 rt-t:
189 3909 301 3953 tum
358 3899 524 3952 etiam
574 3898 702 3966 quia
759 3913 827 3950 ex
886 3897 1094 3950 Adamo
1137 3897 1603 3953 nascituriieraot

57 3991 193 4042 ntnlti
225 3989 486 4043 mortales
527 3987 678 4054 probi
706 3986 982 4054 iustique,
1031 3997 1092 4040 ut
1125 3988 1399 4056 propheta:
1439 3999 1602 4057 atque

49 4081 281 4147 apostoli,
309 4096 378 4134 ne
411 4093 505 4148 per
535 4078 686 4132 illum
715 4078 770 4132 hi
801 4093 1016 4147 quoque
1044 4079 1409 4133 exsecrabiles
1433 4089 1601 4149 atque

49 4171 386 4224 detestabiles
423 4170 755 4222 haberentur
787 4184 801 4220 :
837 4171 930 4223 sed
970 4166 1247 4220 maledixit
1275 4177 1446 4232 terra;
1473 4181 1602 4238 pro-

51 4271 152 4325 pler
183 4262 362 4325 illum,
393 4261 594 4329 quippe
643 4273 708 4313 es
741 4273 847 4326 qua
908 4259 1023 4327 ipse
1067 4267 1215 4312 esset
1260 4269 1599 4327 procreatus.

51 4351 221 4420 Itaque
253 4361 582 4406 conservata
613 4357 694 4403 est
717 4350 951 4402 humano
981 4350 1164 4420 generi
1201 4350 1406 4404 illibata
1441 4367 1507 4405 ex
1537 4365 1599 4406 ea

1689 532 1884 601 Spiims
1917 541 1964 584 et
1988 533 2210 586 carduos
2237 532 2463 602 proferet
2510 529 2607 583 tibi
2640 541 2661 582 :
2697 544 2860 599 quos,
2917 529 3016 582 nisi
3050 538 3105 582 tu
3136 543 3260 598 pec-

1689 641 1896 686 casses,
1933 625 2025 678 illa
2058 625 2392 694 productura
2423 638 2530 677 non
2565 621 2767 677 fuerat.
2796 619 3098 676 Conficitur
3125 635 3257 685 ergo

1690 719 1804 772 haec
1839 723 1964 786 post
1997 716 2412 770 detestationem
2445 723 2564 768 orta
2599 727 2742 777 esse,
2772 712 2853 766 vel
2881 711 3114 766 fortasse
3141 710 3252 778 spi-

1689 825 1786 864 nas
1832 818 1886 862 et
1934 808 2167 861 carduos
2217 817 2372 861 vocat
2404 805 2739 859 laboriosum
2801 813 2958 858 terra:
3014 802 3248 858 cnltntn.

1690 915 1850 970 quem
1903 897 2309 976 ipsa’ﬂztgitat;
2334 898 2489 967 quasi
2525 897 2714 950 dicat:
2749 895 2956 964 Magnis
2999 895 3264 962 durisque

1680 991 1969 1048 laboribus
2006 983 2336 1044 bonstabunt
2397 989 2492 1044 tibi
2541 999 2702 1042 terra:
2752 987 2985 1041 fructus.
3021 985 3112 1039 Vel
3159 987 3264 1038 hoc

1691 1083 2020 1152 dicit,*saepe
2055 1089 2378 1135 eventurum
2417 1089 2477 1134 ut
2507 1095 2616 1134 non
2647 1095 2710 1138 ea
2743 1093 2864 1149 quae
2915 1078 3130 1146 exCepit
3173 1093 3264 1132 se-

1690 1175 1860 1237 mina,
1918 1172 2145 1237 reddat,
2195 1173 2289 1227 sed
2344 1186 2443 1232 pro
2487 1171 2594 1226 illis
2657 1179 2846 1226 sentes
2901 1167 3260 1235 tribulosque.

1691 1267 1760 1319 Et
1787 1263 2018 1317 comedes
2051 1261 2239 1316 herbas
2289 1262 2431 1336 (ιρι-ἰ.
2479 1259 2588 1330 Ρτο
2620 1258 2950 1329 gratissimis
2992 1257 3258 1312 arborum

1691 1355 1928 1426 paradisi
1968 1354 2242 1408 fructibus
2275 1357 2416 1422 quos
2439 1353 2536 1408 tibi
2591 1352 2833 1407 edendos
2857 1362 3264 1408 concesseram,

1653 1473 1660 1480 ο
1691 1448 1929 1502 vesceris
1964 1448 2150 1501 herbis
2181 1447 2453 1513 pecudum
2490 1460 2667 1508 more,
2725 1459 2791 1499 eo
2817 1445 2964 1514 quod
2997 1442 3264 1497 adversus

1694 1539 1879 1608 legem.
1902 1552 2077 1590 meam
2113 1536 2309 1592 feceris
2349 1553 2364 1590 :
2391 1535 2458 1590 Et
2491 1552 2609 1589 eum
2638 1536 2829 1588 sudore
2854 1534 3012 1604 faciei
3040 1545 3147 1587 tute
3172 1548 3266 1586 co-

1693 1631 1864 1684 medes
1895 1645 2104 1699 partem.
2150 1627 2230 1682 Tu
2271 1628 2363 1697 qui
2397 1627 2534 1682 deus
2553 1641 2680 1681 esse
2715 1625 2961 1690 voluisti,
2987 1623 3260 1690 serpentis

1694 1721 1929 1776 consilio
1981 1721 2322 1782 auscultans.
2371 1733 2497 1772 cum
2554 1718 2754 1773 sudore
2808 1714 2963 1771 faciei
2999 1725 3126 1775 tuae.
3161 1713 3267 1767 hoc

1625 1790 1667 1844 Β
1689 1821 1800 1878 est,
1837 1827 2031 1881 aspero
2061 1809 2336 1866 etdillicili
2367 1812 2552 1864 labore
2584 1811 2831 1878 duraque
2859 1808 3071 1877 cultura
3110 1821 3264 1874 quae-

1695 1919 1783 1958 res
1826 1904 2048 1957 victum.
2101 1900 2215 1955 Etsi
2269 1901 2414 1954 enim
2467 1900 2590 1970 quis
2651 1915 2744 1952 rex
2803 1897 2878 1952 sit
2912 1909 3010 1952 aut
3063 1896 3265 1964 alioqui

1694 1981 1892 2064 opibus
1961 1994 2172 2061 magnis
2227 1993 2462 2062 pollens,
2525 1991 2656 2047 dum
2724 1989 2862 2044 alios
2932 1988 2985 2044 in
3049 1989 3266 2042 cultura

1694 2087 1929 2147 est-reet,
1976 2084 2094 2152 ipse
2130 2098 2348 2152 quoque
2406 2098 2513 2136 non
2569 2083 2686 2135 sine
2718 2082 2923 2136 sudore
2959 2078 3116 2133 faciei
3154 2092 3269 2132 sua:

1694 2176 1935 2229 vescitur
1977 2189 2136 2244 pane.
2183 2173 2364 2227 Donec
2412 2181 2674 2227 revertare
2706 2173 2760 2223 in
2815 2179 3009 2223 terram
3056 2182 3121 2222 ex
3165 2181 3270 2236 qua

1696 2272 1936 2332 acceptus
1960 2279 2033 2320 es.
2072 2263 2197 2331 quia
2222 2262 2392 2329 pulvis
2427 2277 2506 2326 es,
2549 2270 2598 2314 et
2643 2261 2700 2314 in
2745 2260 3010 2330 pulverem
3045 2257 3267 2312 redibis.

1691 2354 1865 2421 Quasi
1923 2354 2072 2408 dicat
2110 2372 2124 2408 :
2159 2355 2453 2423 Postquam
2491 2366 2854 2406 aerumnosam
2903 2350 3269 2404 laboriosam-

1694 2466 1801 2520 que
1849 2447 2170 2505 toleraveris
2221 2447 2410 2509 vitam,
2461 2445 2606 2500 sicut
2656 2441 2904 2513 praedixi,
2967 2441 3269 2494 moriturus

1694 2541 1888 2596 deinde
1910 2557 1991 2602 es,
2017 2537 2258 2609 atquein
2289 2537 2340 2590 id
2379 2535 2694 2590 dissolveris
2720 2532 2865 2601 quod
2897 2540 3024 2584 ante
3063 2529 3269 2585 fueras.

1694 2629 2246 2686 Animadvertendum
2283 2627 2371 2680 hic
2409 2635 2494 2681 est
2530 2626 2798 2679 Adamum
2831 2632 2958 2677 ante
2993 2623 3098 2675 hoc
3141 2633 3273 2674 ora-

1695 2703 1876 2795 culum
1907 2719 1927 2776 ἐ
1963 2723 2127 2796 Quia.
2151 2720 2321 2789 pulvis
2358 2716 2806 2783 es,“ncsci‘visse,
2839 2727 2904 2769 ex
2933 2715 3176 2784 pulvere
3212 2728 3272 2768 se

1695 2830 1820 2870 csse
1848 2807 2270 2869 'ctrnformatum
2297 2849 2313 2873 ,
2349 2820 2631 2883 genusque
2683 2824 2842 2862 suum
2885 2807 3029 2862 unde
3085 2815 3268 2869 esset,

1695 2905 1994 2978 ignorasse.
2043 2904 2402 2976 ,lgiturltisce
2460 2892 2654 2956 verbis
2716 2903 3016 2955 multarum
3082 2915 3267 2954 rerum

1696 2993 2115 3054 Common'efacit
2151 2996 2416 3050 Adamutn
2461 2995 2624 3048 Deus.
2684 2991 2871 3046 Primo
2904 2994 3047 3047 enim
3117 2994 3273 3051 docet

1701 3087 2100 3157 ipsinscorpus
2126 3101 2192 3139 ex
2220 3085 2439 3152 pulvere
2471 3082 2655 3136 fictum
2700 3097 2858 3146 esse;
2899 3090 2952 3133 ct
2985 3080 3146 3134 simul
3188 3095 3275 3132 re-

1701 3173 1927 3246 dargnit‘
1951 3177 2114 3231 etiam
2162 3175 2318 3244 quasi
2352 3175 2496 3229 dicat
2532 3189 2546 3227 :
2576 3171 2686 3238 Qui
2742 3171 2965 3242 potuisti
3022 3171 3275 3224 affectare

1697 3269 2056 3330 divinitatem,
2099 3275 2155 3320 ut
2181 3266 2420 3335 plueres,
2455 3273 2513 3318 ttt
2568 3263 2746 3318 fontes
2785 3263 3157 3331 dispensarrs.
3217 3269 3273 3313 ut

1697 3357 1901 3426 pelagis
1924 3357 2238 3425 imperares.
2261 3354 2430 3409 totius
2455 3369 2519 3408 ex
2542 3353 2766 3422 pulvere
2789 3353 3124 3420 compositus
3147 3365 3271 3403 cttm

1699 3448 1817 3503 sis?
1847 3435 2237 3502 Rursus'sicut
2269 3445 2635 3499 conditionem
2668 3443 2861 3501 Adami
2909 3459 2938 3494 ιι
2963 3440 3132 3496 it-itice
3177 3456 3275 3494 ex-

1697 3539 1901 3594 tulerat
1931 3539 2058 3591 dttm
2102 3538 2282 3604 ipsum
2317 3545 2546 3595 crearet,
2589 3544 2646 3588 ut
2687 3549 2845 3605 quem
2899 3549 2956 3588 se
3010 3534 3074 3586 ad
3117 3547 3271 3586 suam

1705 3627 1878 3697 ipsius
1909 3626 2200 3694 imaginem
2236 3625 2758 3692 similitudinemque
2783 3625 2986 3690 lingere
3014 3623 3221 3676 diceret
3257 3638 3270 3674 :

1698 3719 1798 3786 ita,
1845 3719 1902 3771 tit
1933 3715 2207 3770 affectavit
2241 3714 2577 3770 divinitatem
2625 3729 2726 3783 pro
2765 3715 2975 3770 fallacis
3006 3714 3276 3783 serpentis

1702 3810 1954 3872 consilio,
1988 3809 2134 3861 illam
2188 3808 2442 3883 eamdem
2467 3808 2529 3860 ad
2559 3816 2757 3860 terram
2795 3821 2967 3874 usque
2995 3805 3274 3873 deprimit,

1703 3903 2085 3957 demonstrans
2116 3917 2182 3956 ex
2220 3901 2440 3970 pulvere
2469 3907 2747 3954 constare.
2785 3897 3056 3951 Prmterea
3086 3905 3274 3950 osten-

1702 3993 1802 4055 dit,
1873 3988 1995 4062 qua:
2048 4005 2172 4046 cum
2220 3985 2423 4060 quibus
2478 3990 2566 4043 ille
2627 3987 2996 4043 comntutarit.
3050 3986 3279 4056 lnsupcr

1705 4082 1887 4146 docet,
1913 4083 2136 4153 quantis
2179 4084 2358 4153 ipsum
2389 4082 2547 4136 malis
2580 4080 2944 4150 implicaverit
2971 4090 3276 4148 peccatum,

1705 4183 1869 4244 atque
1895 4175 2018 4229 ideo
2045 4175 2146 4230 hoc
2172 4169 2610 4245 prosequendum
2636 4173 2764 4226 odio
2785 4186 2908 4226 esse
2930 4169 3282 4238 fugiendum-

1707 4281 1814 4336 que
1843 4267 2058 4320 merito.
2088 4265 2333 4335 Denique
2369 4271 2554 4319 monet
2602 4263 2646 4318 si
2694 4265 3014 4332 imperatam
3059 4263 3148 4316 ille
3182 4261 3281 4315 ob-

1709 4364 1979 4411 scrvasset
2019 4357 2212 4426 legem,
2263 4355 2844 4422 non-obruntpendam
2897 4351 3067 4408 fuisse
3108 4353 3280 4424 ipsius

51 4444 342 4498 beeedictio
369 4457 491 4512 qua:
525 4447 953 4519 autc-peccatum
991 4438 1130 4518 facta
1149 4438 1605 4510 fuerat,quamvis
1633 4468 1683 4528 ι)
1710 4450 1875 4503 vitam
1901 4451 1994 4504 sed
2030 4449 2440 4503 ltnmortalitate
2483 4447 2790 4501 donandam
2822 4461 2888 4502 ex
2917 4444 3008 4500 Dei
3041 4445 3280 4499 liberali-

50 4535 256 4606 dulores
309 4545 474 4604 atque
532 4533 878 4587 calamitates
933 4532 1182 4600 plurima:
1246 4533 1600 4590 accesserint.
1651 4548 1654 4554 '

51 4627 144 4681 Per
164 4628 372 4681 dolores
412 4625 648 4679 comede:
685 4640 802 4678 eam
841 4626 1078 4678 omnibus
1109 4625 1291 4678 diebus
1325 4627 1442 4679 vita:
1471 4635 1598 4682 tum.

50 4720 173 4783 Quia
203 4715 526 4774 existimasti
555 4725 608 4770 te
632 4715 862 4770 deorum
904 4730 1056 4770 more
1105 4716 1158 4768 in
1192 4724 1334 4769 terra
1369 4729 1598 4768 mansu-

49 4825 179 4874 rum,
206 4824 412 4880 perque
450 4810 687 4878 quietem
735 4819 790 4863 et
812 4810 980 4862 otium
1015 4808 1178 4860 vitam
1211 4808 1540 4877 agitaturum
1585 4827 1601 4863 :

63 4910 112 4951 tu
139 4910 349 4966 contra,
379 4914 475 4969 per
505 4899 745 4962 dolores,
765 4901 980 4954 labores
1003 4910 1057 4954 et
1079 4917 1374 4967 aerumnas,
1407 4920 1610 4974 perque

51 4992 305 5044 culturam
353 4990 622 5045 difficilem
664 4991 902 5045 vesceris
957 4992 1202 5061 frugibus
1250 5003 1426 5048 terrae.
1461 4995 1598 5050 Nam

55 5096 116 5134 ne
152 5097 309 5152 reges
341 5081 563 5153 quidem
587 5081 793 5152 absque
818 5084 1064 5136 molestia
1097 5095 1148 5137 et
1180 5086 1415 5150 cultura,
1449 5095 1607 5142 terrm

50 5175 360 5228 muneribus
395 5172 496 5228 frui
528 5169 795 5242 possunt:
821 5181 981 5242 atque
1023 5175 1125 5228 hoc
1155 5176 1329 5244 ipsum
1360 5178 1602 5246 estquod

52 5259 400 5318 Ecclesiastes
450 5264 527 5318 ait
562 5281 576 5316 :
607 5261 720 5317 Rea:
751 5280 939 5332 agrum
973 5264 1098 5318 colit
1128 5265 1244 5333 (Ἡ)
1281 5285 1294 5320 :
1331 5264 1529 5364 qttfp‘fu‘
1562 5270 1604 5323 si

54 5356 324 5437 non.suis,
348 5366 403 5410 at
427 5357 659 5413 aliorum
691 5368 838 5413 certe
873 5356 1130 5412 manibus
1161 5373 1322 5427 agros
1349 5356 1605 5430 subigunt

52 5455 219 5511 reges.
274 5445 688 5502 Observandum
742 5462 902 5516 porro
951 5454 1034 5502 est
1068 5457 1225 5502 terrze
1274 5453 1600 5507 vocabulum

119 5556 226 5640 (2b)
255 5557 434 5639 chclc.
461 5577 514 5624 v,
558 5577 698 5617 vers.
727 5565 778 5624 8,
809 5561 986 5640 est_atl
1025 5562 1245 5640 verbum
1277 5582 1289 5616 :
1322 5564 1430 5617 Rea:
1470 5585 1596 5638 agro

53 5633 544 5702 sr‘rt;it,_sive,-agro
567 5649 742 5686 servus
773 5646 845 5685 est
883 5633 1054 5699 fartus
1087 5647 1105 5684 :
1146 5634 1366 5702 Vulgata
1415 5633 1590 5693 tanien

56 5697 209 5776 ctlttio
240 5698 395 5766 longe
429 5697 712 5776 alioscnsu
740 5697 896 5776 legit;
926 5703 1135 5776 insuper
1163 5697 1416 5758 ιιηῖυρηίιο
1443 5719 1593 5761 terra:

59 5781 141 5817 τω·
176 5771 390 5836 imperat
425 5773 701 5840 servienti,
753 5772 893 5841 quod
949 5771 1051 5826 nisi
1087 5773 1149 5828 de
1187 5773 1364 5828 divina
1416 5785 1590 5846 proti-

1715 4551 1845 4608 tate,
1873 4543 2015 4598 sicut
2045 4543 2123 4596 ait
2151 4537 2447 4611 Gregorius
2478 4538 2790 4614 Thcologus
2837 4539 2950 4610 (25)
2988 4554 3005 4592 :
3044 4538 3100 4592 Si
3155 4553 3280 4606 per-

1712 4635 2089 4694 durassemus.
2123 4631 2174 4686 id
2211 4633 2356 4700 quod
2407 4646 2514 4684 non
2564 4630 2868 4686 fueramus.
2901 4628 3028 4682 facti
3079 4627 3282 4682 fuisse-

1709 4736 1864 4785 mus;
1928 4735 2076 4774 nuttc
2131 4729 2662 4788 vero'postcaqttam
2723 4717 2891 4785 legem
2965 4717 3278 4779 transilit-it,

1706 4811 1862 4864 ntorti
1915 4809 2209 4863 obnoxium
2237 4824 2358 4862 esse
2396 4807 2594 4861 factum
2649 4807 3167 4875 dissolvendumque
3224 4808 3278 4858 itt

1705 4909 1904 4953 terram
1969 4900 2112 4953 unde
2179 4899 2345 4952 traxit
2399 4899 2686 4966 originem.
2725 4896 2794 4949 Et
2827 4899 3026 4950 rocarit
3081 4897 3277 4961 Adam,

1699 5007 1891 5046 nomen
1938 4993 2120 5044 uxoris
2151 5005 2260 5045 sine
2299 4989 2481 5054 Evam,
2517 5004 2576 5041 eo
2608 4988 2748 5056 quod
2779 4991 2896 5058 ipsa
2946 4997 3079 5041 esset
3111 4998 3279 5040 mater

1708 5086 1876 5138 omnis
1939 5084 2174 5137 viventis.
2225 5081 2548 5137 Observavit
2601 5065 2820 5146 quidem
2884 5081 3043 5136 divus
3101 5081 3279 5136 Moses

1708 5175 1888 5228 adhuc
1942 5175 1994 5228 iu
2055 5187 2237 5228 rerum
2288 5181 2561 5240 gestarum
2618 5175 2976 5240 narratione,
3031 5172 3275 5227 ordinem

1706 5269 2016 5337 seriemque
2069 5281 2377 5336 temporum
2428 5269 2633 5339 quibus
2663 5282 2894 5337 quaeque
2943 5276 3076 5322 actae
3120 5274 3277 5328 sunt;

1705 5369 1760 5414 at
1783 5361 1929 5429 quod
1964 5361 2051 5414 hic
2106 5361 2220 5430 jam
2272 5371 2483 5428 narrat,
2540 5376 2668 5416 num
2702 5361 2898 5416 ordine
2949 5374 3050 5415 suo
3095 5367 3280 5413 narret

1705 5451 1942 5506 dubitari
1996 5461 2198 5522 potest.
2249 5453 2461 5525 Quippe
2507 5461 2610 5518 est,
2649 5455 2741 5509 ubi
2785 5469 2873 5510 res
2907 5453 2993 5511 sui
3029 5467 3278 5524 quasque

1703 5573 1885 5627 dcntia
1927 5574 2130 5629 dictum
2164 5589 2285 5629 meo
2311 5575 2548 5643 judicio,
2574 5573 2799 5641 intelligi
2829 5588 2935 5628 non
2981 5580 3177 5643 potest.

1701 5715 1714 5766 ι
1774 5645 1921 5767 filii)-
1961 5644 2071 5702 lloc
2135 5640 2383 5718 Gregorii
2451 5646 2654 5700 dictum
2723 5640 2910 5714 supra.
2949 5640 3274 5714 explicatius

1722 5733 1766 5767 la
1791 5733 1886 5767 )t‘S.

1722 5733 1886 5770 tam's.
