3982 6346
605 260 704 323 571

1869 272 2097 334 MOSIS
2137 276 2289 334 ΒΑΗ
2326 277 2575 337 CEl‘HA

3720 286 3809 347 572

605 373 738 428 locis
772 371 1074 438 describat;
1114 380 1197 429 est
1240 373 1403 429 etiam
1436 374 1529 430 ubi
1573 375 1674 431 hoc
1709 374 1784 429 illi
1830 378 1992 432 modo
2022 394 2168 433 cura:
2195 384 2244 441 Α
2280 392 2441 452 taque
2471 400 2535 438 ex
2573 384 2862 439 concubitu
2897 386 2997 439 \‘iri
3041 399 3103 441 ac
3131 388 3371 443 mulieris
3400 390 3586 445 sobole
3617 403 3811 447 auctum

602 474 684 519 est
721 472 780 517 ut
828 463 880 518 id
904 465 1051 534 quod
1088 475 1300 533 gestum
1323 473 1428 530 est,
1451 477 2045 537 commemoret-neque
2076 483 2172 538 per

603 555 881 611 silentium
929 556 1282 620 transmittat,
1335 566 1534 612 caetero
1567 556 1661 626 qui
1685 556 1740 611 in
1775 564 2020 624 tempore
2058 574 2168 628 quo

603 656 787 701 actum
853 658 955 711 est,
984 646 1329 702 observando
1373 647 1507 701 nihil
1539 647 1827 705 sollicitus.
1858 648 2170 715 Enimvero,

604 745 699 791 aut
724 736 941 806 quando
968 744 1128 802 costa
1157 736 1262 791 sibi
1300 737 1726 792 subtrahebatur
1755 747 1917 808 atque
1950 740 2004 793 in
2055 756 2174 795 mu-

607 832 796 888 lierem
817 830 1273 897 concinnabatur,
1316 831 1621 901 appellabat
1657 833 1900 891 Adamus
1941 849 2169 888 uxorem

609 942 703 993 per
750 924 1071 980 vaticinium
1128 924 1340 981 duobus
1389 924 1903 991 nominibuszltto,
1964 925 2174 981 scilicet

608 1015 736 1086 (hoc
764 1024 869 1081 est,
905 1016 1210 1081 mulierem,
1255 1015 1372 1071 sive
1414 1031 1639 1071 uxorem
1680 1022 1736 1070 et
1790 1014 2004 1087 Evam).
2039 1014 2168 1081 Illo,

608 1105 737 1175 quia
762 1106 880 1162 viro
915 1106 1214 1161 cohaereret
1242 1120 1339 1175 per
1368 1106 1675 1176 legitimum
1701 1106 2060 1170 connubium,
2112 1115 2174 1162 ut

561 1189 566 1196 ’
608 1205 873 1268 anto_est
926 1212 955 1251 a
1020 1198 1177 1253 nobis
1232 1198 1564 1267 explicatum
1615 1215 1630 1253 :
1670 1198 1793 1261 hoc,
1818 1198 1947 1268 quia
1997 1208 2174 1254 mater

608 1297 754 1343 esset
780 1287 958 1342 futura
1004 1288 1183 1344 omnis
1222 1290 1475 1343 viventis.
1526 1290 1640 1343 Aut
1679 1289 1780 1343 hoc
1810 1291 1932 1344 loco
1976 1304 2172 1344 nomen

612 1382 733 1437 Eva:
764 1384 865 1453 ipsi
898 1399 1016 1438 eam
1053 1386 1123 1438 ob
1152 1400 1376 1440 causam
1431 1384 1627 1439 indidit
1656 1395 1949 1456 postquam
1994 1400 2022 1439 a
2065 1384 2173 1440 Deo

611 1473 861 1543 prolapsa
890 1473 1261 1544 damnataque
1288 1462 1381 1545 per
1413 1475 1737 1530 sententiam
1755 1482 1902 1531 esset
1928 1476 2172 1531 dolorum

610 1565 663 1617 in
697 1574 850 1633 partu
891 1564 1264 1630 ferendarum,
1299 1576 1393 1622 aut
1428 1566 1665 1638 denique
1702 1575 1987 1637 postquam
2015 1566 2172 1636 eiecti

610 1664 735 1708 sunt
773 1655 936 1710 ambo
963 1671 993 1711 e
1024 1656 1300 1725 paradiso,
1340 1656 1506 1712 Evam
1551 1657 1821 1727 appellare
1857 1656 2021 1726 coepit
2042 1656 2168 1725 quia

2282 474 2372 541 iri,
2426 484 2482 529 et
2538 490 2630 545 per
2672 477 2813 531 banc
2875 493 3093 534 causam
3156 482 3403 549 specioso
3464 482 3555 535 illo
3616 486 3813 539 nomine

2282 581 2503 620 uxorein
2547 581 2769 623 vocasse
2816 567 3005 633 Evam,
3062 572 3165 625 hoc
3219 581 3321 631 est,
3366 573 3546 628 omnis
3603 574 3817 631 viventis

2280 668 2528 713 matrem.
2572 658 2746 728 Supra
2794 662 3215 717 memoravimus
3261 662 3363 717 tria
3422 677 3546 719 esse
3593 667 3817 729 nomina,

2278 750 2475 819 quibus
2523 750 2694 821 Adam
2746 751 2799 805 in
2844 753 2945 807 hoc
2998 752 3138 821 libro
3173 754 3479 824 appelletur
3526 752 3695 817 Noso,
3728 756 3821 810 hoc

2279 848 2362 893 est
2391 842 2493 906 vir,
2530 851 2584 894 et
2613 841 2902 907 Bar-noso,
2943 843 3085 900 illius
3109 845 3210 899 viri
3243 863 3257 899 :
3282 860 3347 900 ac
3377 846 3613 916 denique
3642 846 3817 909 Adoni,

2276 931 2436 1001 quasi
2462 930 2634 995 dicas,
2657 933 2819 986 homo
2848 951 2862 988 :
2887 933 2979 987 ubi
3010 942 3271 1003 quantum
3325 935 3442 1003 ipsa
3478 935 3620 1005 inter
3645 936 3819 989 se'di-

2279 1029 2444 1088 stent,
2475 1022 2638 1077 etiam
2667 1024 3078 1094 explicavimus.
3111 1024 3230 1081 iam
3266 1042 3396 1081 vero
3422 1026 3590 1081 Evam
3616 1042 3821 1097 quoque

2279 1106 2498 1162 duobus
2542 1119 2791 1165 vocatam
2848 1113 3164 1169 nominibus
3225 1114 3616 1185 intelligimus;
3650 1131 3827 1184 nempe

2279 1197 2391 1253 Itto
2424 1200 2552 1271 (hoc
2580 1209 2682 1266 est,
2736 1203 3027 1259 mulierem
3072 1206 3186 1260 sive
3229 1207 3481 1274 uxorem)
3511 1215 3566 1260 et
3613 1203 3775 1258 Evam
3808 1223 3821 1259 :

2279 1307 2511 1360 quorum
2572 1294 2725 1361 illud,
2781 1296 2848 1350 ad
2883 1296 3190 1351 universam
3241 1296 3567 1352 feminarum
3603 1299 3824 1364 speciem

2280 1385 2759 1450 accommodatur;
2808 1386 2933 1452 hoc,
2996 1388 3156 1443 unius
3187 1401 3431 1457 persona:
3490 1388 3706 1457 propria
3758 1400 3829 1442 est

2281 1473 2589 1542 appellatio.
2653 1475 2723 1530 Et
2774 1476 2897 1542 fecit
2954 1475 3206 1531 Dominus
3262 1478 3397 1532 Deus
3433 1479 3634 1532 Adamn
3690 1489 3829 1548 atque

2281 1565 2435 1618 uxori
2486 1567 2649 1635 ipsius
2698 1570 2905 1623 tunicas
2960 1569 3201 1637 pelliceas
3234 1609 3250 1635 ,
3297 1579 3347 1625 et
3403 1571 3605 1625 vestivit
3664 1572 3826 1640 ipsos.

2280 1655 2530 1726 Quinque
2554 1666 2681 1712 sunt
2704 1674 2824 1727 qua:
2854 1646 2911 1716 ἑο
2943 1660 3030 1715 hic
3051 1660 3209 1716 nobis
3234 1662 3547 1729 explicanda
3574 1662 3831 1717 oﬁ‘erunt:

613 1743 905 1799 viventium
949 1755 1177 1801 matrem
1214 1746 1442 1802 videret.
1476 1744 1597 1802 iam
1628 1762 1757 1812 vero
1785 1747 1831 1802 si
1863 1747 1946 1803 vel
1990 1747 2169 1816 primo
2198 1746 2247 1807 B
2275 1762 2470 1819 nempe
2503 1764 2603 1805 cur
2650 1750 2893 1805 induerit
2924 1750 3068 1806 Deus
3099 1751 3365 1806 Adamum
3399 1764 3451 1807 et
3482 1753 3667 1817 Evam,
3702 1754 3829 1806 tuni-

612 1835 694 1890 vel
724 1847 999 1906 postremo
1024 1848 1266 1907 tempore
1285 1837 1391 1894 hoc
1422 1854 1617 1894 nomen
1650 1839 1720 1893 ab
1751 1839 1960 1894 Adamo
1992 1838 2180 1893 datum

611 1938 694 1981 est
725 1928 900 1991 uxori,
939 1930 1180 1998 neglecta
1228 1938 1313 1985 est
1344 1944 1375 1984 a
1406 1928 1553 2002 Mpse
1592 1930 1854 1999 temporis
1884 1931 2057 1995 ratio;
2095 1930 2182 1985 sin

613 2018 812 2083 medio,
864 2029 1116 2074 accurate
1169 2022 1457 2077 observata
1495 2030 1597 2077 est.
1645 2022 1941 2086 Caeterum,
1991 2024 2181 2079 viven-

613 2110 749 2163 tium
778 2111 1039 2180 vocabulo
1070 2111 1160 2167 bic
1208 2111 1311 2167 soli
1365 2112 1613 2195 homines
1661 2128 1771 2168 non
1804 2114 1968 2169 etiam
2019 2114 2181 2169 bruta

613 2201 872 2256 animalia
914 2203 1314 2272 significantur,
1352 2203 1513 2259 sicuti
1544 2204 1655 2260 illic
1680 2219 1895 2275 quoque
1930 2223 1945 2260 :
1985 2205 2180 2275 Effun-

611 2293 736 2345 dam
786 2296 1031 2361 spiritum
1084 2312 1255 2349 meum
1316 2311 1474 2365 super
1526 2309 1732 2350 oninem
1783 2298 2084 2361 carnem";
2115 2297 2183 2352 de

614 2383 930 2440 hominibus
962 2386 1116 2450 solis,
1158 2402 1265 2441 non
1300 2387 1370 2443 de
1412 2387 1712 2457 pecudibus
1759 2387 2002 2457 loquitur
2034 2387 2185 2443 Scri-

616 2484 800 2544 ptura.
835 2470 1111 2546 Sed‘euim
1147 2476 1429 2532 sciendum
1470 2484 1577 2543 est,
1604 2478 1659 2532 vi
1695 2478 1930 2547 quadam
1962 2477 2183 2533 fatidica

617 2575 782 2635 atque
823 2566 1016 2621 divino
1042 2567 1307 2621 instinctu
1331 2566 1599 2621 Adamum
1624 2566 1929 2636 appellasse
1955 2581 2181 2622 uxorem

617 2672 774 2712 suam
819 2655 1012 2721 Evam,
1048 2656 1144 2711 sed
1174 2671 1239 2713 ea
1270 2657 1437 2713 verba
1487 2671 1610 2727 quae
1656 2656 2023 2725 subiiciuntur
2053 2674 2069 2713 :
2101 2655 2182 2711 Eo

614 2747 755 2818 quod
810 2748 928 2817 ipsa
980 2756 1117 2803 esset
1148 2758 1319 2803 muter
1348 2749 1521 2803 omnis
1569 2748 1807 2813 visentis,
1839 2762 1950 2803 non
1988 2745 2184 2817 Mani

617 2836 712 2893 sed
745 2836 913 2894 Iosis
941 2852 1084 2905 esse,
1117 2836 1241 2896 Eva
1263 2836 1591 2894 vocabulum
1636 2852 1700 2894 ea
1740 2837 2185 2908 interpretatione

617 2929 958 2997 explicantis.
1000 2929 1109 2985 Sed
1141 2929 1289 2988 dices
1320 2947 1338 2986 :
1368 2929 1477 2986 Cur
1504 2944 1612 2992 non
1647 2928 1873 3001 perinde
1912 2928 2184 2984 Adamum

622 3022 845 3090 scripsit
892 3021 1069 3078 Moses
1110 3038 1232 3079 esse
1276 3032 1485 3095 patrem
1530 3024 1712 3079 omnis
1743 3022 1997 3086 viventis,
2041 3022 2185 3077 sicut

622 3112 787 3165 Evam
818 3113 1059 3181 prodidit
1094 3128 1216 3169 esse
1275 3116 1544 3169 matrem?
1578 3112 2019 3183 Respondemus,
2054 3112 2187 3181 quia
2213 3096 2257 3157 (ἶ

620 3203 727 3267 vir,
760 3202 887 3255 dum
942 3218 1056 3257 rem
1090 3218 1215 3259 cum
1263 3203 1493 3259 muliere
1530 3203 1711 3268 habet,
1770 3218 1956 3258 semen
2010 3202 2188 3274 injicit

620 3308 796 3363 neque
824 3294 932 3350 vita
966 3310 1142 3367 neque
1186 3293 1359 3351 forma
1400 3294 1706 3365 preditum,
1738 3303 1792 3349 at
1820 3294 2045 3361 femina,
2088 3309 2188 3349 ex-

619 3392 836 3453 ceptum
862 3386 1017 3453 illud,
1066 3394 1357 3456 postquam
1411 3385 1469 3442 in
1502 3402 1604 3442 suo
1629 3395 1787 3442 utero
1815 3385 2043 3441 infantis
2072 3382 2188 3439 ior-

623 3490 768 3529 mam
802 3475 977 3530 induit
1004 3486 1167 3558 atque
1204 3479 1261 3533 in
1287 3478 1584 3535 bumanam
1617 3479 1849 3550 ﬁguram
1878 3478 2190 3535 conforma-

623 3576 739 3621 tum
772 3574 877 3630 est,
908 3577 1023 3620 tum
1065 3567 1283 3621 demum
1330 3582 1440 3622 non
1474 3568 1637 3638 quale
1665 3570 1747 3622 vir
1775 3568 2061 3638 iniecerat,
2093 3564 2189 3623 sed

623 3654 810 3709 vivens
848 3664 1005 3724 partu
1052 3654 1189 3709 edit.
1218 3652 1410 3709 Ilerito
1439 3668 1569 3726 ergo
1594 3662 1767 3709 mater
1796 3655 1975 3709 omnis
2006 3653 2193 3709 viven-

620 3747 692 3799 tis
728 3744 837 3799 Eva
866 3746 1170 3815 appellatur
1194 3760 1223 3799 a
1254 3744 1427 3801 lose.
1456 3743 1648 3801 Adboc
1680 3761 1694 3800 :
1726 3743 1900 3798 Adam
1931 3752 2185 3813 sumptus

622 3836 747 3899 fuit,
779 3852 905 3890 eum
935 3846 1081 3892 esset
1106 3838 1281 3906 pulvis
1306 3838 1431 3892 vitae
1463 3852 1658 3907 expers
1683 3851 1749 3891 ac
1778 3835 1975 3892 deinde
2006 3834 2193 3891 divino

622 3936 769 3982 statu
792 3927 981 3990 vitam,
1016 3926 1370 3996 animamque
1421 3925 1667 3994 accepit;
1698 3926 1807 3979 Eva
1840 3940 2057 3994 quoque
2079 3924 2191 4005 iam

622 4028 738 4075 tum
760 4019 1015 4075 inanimis
1044 4029 1219 4084 costa,
1248 4020 1494 4075 detracta
1520 4016 1623 4087 fuit
1642 4017 1884 4085 Adamo;
1910 4025 2037 4087 post
2061 4030 2194 4072 vero

622 4113 752 4166 dum
804 4127 833 4169 a
863 4109 977 4167 Deo
1005 4109 1453 4176 concinuaretur,
1487 4108 1653 4166 vitam
1694 4116 1775 4165 est
1804 4109 1999 4179 adepta
2029 4116 2195 4178 atque

622 4205 862 4259 animam
896 4222 912 4260 :
941 4212 998 4259 at
1048 4203 1309 4259 mortales
1354 4202 1545 4273 reliqui
1584 4201 1697 4257 alio
1722 4201 1883 4257 modo
1927 4200 2193 4256 nascituri

619 4308 802 4361 erant,
834 4311 1027 4367 nempe
1054 4312 1119 4351 ex
1146 4296 1370 4361 femina,
1399 4309 1454 4353 et
1484 4294 1721 4350 absoluti
1746 4294 2009 4349 viventes.
2028 4291 2193 4349 Recte

624 4386 788 4456 igitur
835 4386 1000 4441 etiam
1038 4385 1109 4441 ob
1153 4386 1295 4440 banc
1337 4400 1452 4440 rem
1477 4393 1670 4440 vocata
1698 4394 1783 4441 est
1834 4386 1945 4440 Eva
2014 4398 2192 4441 mater

2278 1853 2395 1906 eas,
2420 1840 2616 1896 deinde
2644 1843 2833 1910 quales
2855 1841 3057 1897 fuerint
3078 1844 3160 1897 iam
3186 1843 3401 1906 tunicas;
3435 1843 3674 1907 tertium,
3704 1844 3832 1897 unde

2278 1939 2606 2001 comparatae
2627 1950 2643 1998 ;
2666 1923 2937 2000 quartum,
2966 1948 3065 1989 cur
3092 1934 3200 1988 sint
3220 1934 3499 2001 appellatae
3523 1932 3831 1995 Chutinita;

2279 2021 2423 2091 quod
2441 2020 2579 2076 idem
2592 2030 2675 2077 est
2694 2036 2758 2077 ac
2779 2022 2825 2078 si
2846 2022 3018 2089 dicas,
3039 2022 3342 2089 gossipinas
3369 2022 3485 2077 sive
3520 2023 3737 2092 sylinas
3760 2037 3834 2075 ve-

2278 2118 2431 2178 stes;
2458 2113 2704 2182 quintum
2724 2152 2741 2179 ,
2773 2129 2873 2169 cur
2895 2128 3031 2181 opus
3052 2112 3338 2168 habuerint
3366 2122 3535 2178 veste,
3570 2113 3830 2167 mortales.

2350 2201 2461 2257 Cur
2489 2203 2626 2257 Deus
2655 2205 2881 2259 uestierit
2910 2205 3105 2273 primos
3138 2216 3400 2274 parentes.
3426 2233 3496 2245 —
3530 2204 3666 2258 Cur
3687 2204 3833 2272 igitur

2282 2295 2406 2350 illos
2443 2295 2640 2350 tunicis
2670 2295 2930 2361 vestiret,
2981 2295 3214 2351 dicimus
3273 2309 3542 2349 summam
3575 2293 3672 2347 Dei
3717 2306 3828 2360 erga

2282 2386 2430 2454 ipsos
2462 2386 2887 2440 misericordiam
2938 2385 2992 2439 in
3041 2398 3206 2439 causa
3249 2384 3438 2439 fuisse.
3471 2383 3685 2453 Quippe
3725 2398 3833 2437 cum

2284 2477 2429 2533 Deus
2487 2478 2816 2547 colloquium
2874 2491 2997 2533 cum
3047 2477 3236 2545 primis
3274 2476 3588 2545 parentibus
3637 2476 3834 2544 longius

2286 2567 2528 2631 haberet,
2572 2577 2734 2637 atque
2792 2567 2859 2621 ad
2913 2568 3185 2621 Adamum
3242 2567 3382 2621 inter
3428 2566 3533 2621 alia
3590 2566 3834 2620 diceret:

2285 2658 2419 2723 Quis
2475 2658 2791 2728 signiﬁcavit
2825 2657 2921 2712 tibi
2957 2657 3093 2727 quod
3141 2658 3310 2711 nudus
3366 2657 3549 2711 esses?
3598 2656 3836 2711 similiter

2285 2747 2391 2804 alia
2436 2756 2605 2819 atque
2647 2748 2754 2803 alia
2806 2748 2874 2802 ad
2928 2745 3190 2802 feminam
3224 2756 3279 2802 et
3328 2757 3638 2817 serpentem
3681 2749 3833 2801 verba

2286 2838 2511 2907 faceret,
2543 2838 2751 2895 interea
2780 2838 3023 2895 arefacta
3053 2853 3118 2893 ea
3148 2839 3345 2908 quibus
3375 2852 3435 2894 se
3483 2838 3559 2893 illi
3588 2847 3838 2893 contere.

2284 2939 2428 2997 rant,
2453 2929 2582 2987 folia
2610 2930 2840 2987 ileulnea
2876 2930 3111 2986 defluere
3146 2938 3449 2999 cmperunt.
3484 2929 3622 2986 Cum
3669 2930 3839 3001 itaque

2290 3020 2482 3077 nudati
2506 3021 2620 3092 iam
2661 3030 2775 3076 tum
2817 3021 2893 3076 illi
2948 3022 3150 3091 pudore
3192 3020 3558 3085 afficerentur,
3592 3036 3707 3075 non
3737 3029 3851 3075 erat-

2292 3121 2719 3169 consentaneum
2750 3112 2951 3167 divina:
2973 3113 3382 3178 misericordiae,
3421 3112 3598 3167 nudos
3626 3126 3839 3181 prorsus

2290 3201 2574 3257 eliminare
2598 3202 2875 3271 paradiso.
2909 3201 3194 3259 Miseratus
3220 3216 3349 3272 ergo
3393 3201 3631 3271 ipsorum
3659 3200 3839 3256 condi-

2290 3293 2519 3357 tionem,
2551 3308 2651 3364 pro
2682 3306 2778 3349 sua
2801 3294 3090 3349 clementia
3124 3292 3259 3363 ipsis
3292 3307 3449 3363 opem
3491 3292 3638 3354 tulit,
3668 3292 3840 3346 factis-

2290 3399 2401 3456 que
2426 3386 2625 3442 tunicis
2666 3386 2967 3441 nuditatem
3006 3385 3230 3439 velavit.
3260 3383 3528 3440 Praterea
3559 3385 3731 3439 voluit
3773 3383 3840 3450 ip-

2293 3490 2384 3533 sos
2418 3478 2663 3533 vestibus
2686 3476 2929 3541 indutos,
2974 3491 3007 3532 a
3030 3476 3241 3532 ceteris
3268 3475 3636 3531 animantibus
3678 3475 3839 3529 brutis

2292 3582 2617 3639 segregare;
2648 3567 2886 3635 denique
2928 3566 3229 3621 nuditatem
3270 3580 3367 3621 seu
3395 3564 3639 3619 libidinis
3677 3564 3839 3617 illece-

2292 3659 2450 3715 bram
2477 3659 2690 3731 putavit
2723 3658 3031 3729 tegendam.

2364 3749 2558 3813 Quales
2584 3749 2779 3817 fuerint
2814 3750 3101 3815 primorum
3121 3754 3396 3815 parentum
3422 3758 3685 3800 sestes.—
3704 3744 3837 3811 Quod

2295 3852 2426 3895 vero
2453 3838 2520 3895 ad
2549 3839 2699 3908 ipsas
2722 3839 2938 3893 tunicas
2969 3840 3192 3903 attinet,
3229 3841 3519 3909 cuiusnam
3565 3838 3713 3892 modi
3764 3846 3836 3889 res

2292 3930 2527 3995 fuerint,
2560 3928 3209 4000 Gregorius'l'beMogus
3233 3931 3470 3998 quodam
3516 3929 3642 3983 loco
3690 3927 3836 3981 fuisse

2294 4019 2371 4073 ait
2401 4020 2636 4075 cortices
2676 4019 2956 4085 arborum,
3002 4034 3110 4089 quo
3140 4018 3273 4088 ipsis
3331 4018 3475 4073 Deus
3513 4018 3566 4071 in
3617 4028 3833 4072 mentem

2290 4107 2507 4163 miserit
2531 4122 2629 4164 ceu
2655 4106 2881 4164 idoneos
2910 4122 2977 4163 ex
3005 4109 3208 4178 quibus
3227 4107 3332 4163 sibi
3367 4109 3533 4163 vestis
3563 4107 3833 4176 quamdam

2293 4198 2522 4258 formam
2555 4208 2821 4271 aptarent,
2847 4215 2987 4271 eque
3014 4215 3077 4255 ea
3116 4199 3425 4266 amiclreut,
3465 4200 3608 4255 sicut
3637 4209 3761 4253 aute
3781 4213 3833 4251 ex

2296 4291 2445 4349 foliis
2482 4291 2732 4349 ficulneis
2762 4292 3005 4349 fecerant
3036 4291 3392 4361 subligacula.
3430 4291 3499 4345 At
3523 4290 3690 4352 idem,
3730 4303 3834 4343 orae

2296 4383 2444 4439 tione
2472 4397 2635 4453 quam
2679 4383 2902 4453 scripsit
2928 4381 2997 4437 de
3028 4380 3312 4435 Natalibus
3340 4380 3571 4443 Christi,
3599 4380 3732 4434 dicit
3757 4392 3832 4430 eas

621 4454 800 4530 omnis
828 4474 1079 4532 viventis.
1114 4472 1220 4529 Sed
1254 4482 1309 4530 et
1334 4474 1439 4530 hoc
1467 4474 1639 4546 quaeri
1671 4483 1845 4545 potest
1882 4495 1896 4532 :
1928 4478 2189 4544 Adamus,
2222 4454 2266 4511 θ
2298 4474 2513 4531 tunicas
2544 4473 2713 4530 fuisse
2756 4487 2978 4529 carnem
3022 4472 3372 4538 crassiorem,
3416 4472 3832 4541 ignavioremque

622 4564 844 4634 quando
888 4574 1065 4619 morte
1098 4565 1415 4620 damnatum
1466 4579 1527 4620 se
1562 4580 1591 4617 a
1644 4564 1756 4619 Deo
1800 4580 1925 4620 esse
1972 4567 2199 4621 moritu-

624 4670 855 4725 rumque
888 4655 1240 4726 intelligebat,
1290 4670 1389 4710 cur
1419 4664 1652 4726 augusto
1683 4666 1735 4711 et
1785 4656 1927 4712 felici
1964 4657 2056 4711 illo
2090 4672 2193 4712 no-

626 4748 772 4802 mine
826 4762 1049 4802 uxorem
1096 4748 1326 4814 vocarit,
1364 4763 1475 4818 quo
1529 4757 1701 4804 mater
1770 4750 1930 4807 onnis
1973 4751 2201 4807 viventis

626 4839 807 4893 futura
842 4839 1255 4909 significabatur
1279 4878 1296 4908 ,
1337 4840 1481 4909 quod
1519 4842 1680 4910 plane
1726 4840 1922 4895 divinae
1965 4842 2042 4896 illi
2067 4857 2197 4897 sen-

624 4933 805 4986 tentia}
839 4932 1124 4988 adversum
1173 4948 1295 4989 esse
1339 4932 1507 4989 videri
1550 4933 1797 5003 poterat?
1850 4933 1931 4988 Ad
1965 4934 2079 4989 haec
2107 4935 2195 4989 di-

624 5020 833 5085 cimus,
884 5023 1167 5079 ‘Adamum
1230 5023 1377 5079 illam
1448 5024 1733 5079 adversum
1802 5039 1860 5079 se
1925 5025 2188 5093 prolatam

626 5118 817 5168 mortis
848 5114 1173 5171 sententiam
1206 5115 1486 5186 accepisse
1521 5116 1740 5185 quidem
1772 5132 1867 5186 per
1918 5125 2047 5170 nota
2098 5131 2191 5170 ac-

626 5207 902 5262 cusatoria
949 5209 1055 5264 sibi
1100 5209 1306 5272 inusta,
1350 5209 1445 5263 sed
1494 5209 1698 5265 interea
1748 5208 1917 5263 Deum
1951 5223 2049 5278 pro
2098 5222 2196 5262 sua

629 5300 1003 5355 misericdrdia
1032 5300 1087 5355 in
1116 5301 1225 5356 illis
1256 5310 1493 5356 mentem
1523 5314 1645 5355 eam
1682 5298 1945 5354 indidisse
1984 5297 2196 5367 opinio-

632 5407 756 5446 nem
789 5402 847 5447 ut
870 5393 983 5464 iam
1021 5403 1135 5448 tum
1172 5394 1513 5450 existimaret
1567 5409 1737 5464 genus
1788 5396 2087 5451 humanum
2143 5392 2195 5443 in

629 5487 741 5539 vita
809 5500 1235 5555 permansurum
1285 5502 1407 5545 esse
1460 5500 1625 5557 super
1667 5495 1901 5553 terram,
1953 5498 2201 5557 procrea-

697 5670 745 5707 ⁷³
793 5672 908 5728 Joel
969 5687 1027 5736 ll,
1057 5672 1147 5727 “2.8.

2297 4580 2404 4636 qua
2458 4581 2649 4621 sumus
2706 4565 2967 4621 contecti.
3019 4561 3317 4633 Gregorius
3372 4573 3499 4615 vero
3558 4558 3830 4630 Nysscnus

2296 4657 2510 4723 scribit,
2542 4656 2754 4711 tunicas
2788 4670 2883 4711 eas
2919 4654 3089 4708 fuisse
3118 4652 3434 4717 libidinem;
3467 4652 3690 4716 coitum,
3720 4665 3831 4704 con-

2298 4758 2537 4818 ceptum,
2577 4754 2813 4815 partum,
2846 4742 3223 4799 educationem
3273 4757 3377 4811 qua
3415 4740 3717 4794 minutatim
3756 4754 3830 4791 au-

2296 4840 2595 4912 gescimus,
2627 4839 2968 4901 alimentum,
2998 4835 3276 4897 morbum,
3308 4832 3668 4896 iracundiam,
3713 4845 3831 4884 mor-

2301 4945 2409 4990 tem
2450 4931 2713 4998 denique;
2745 4929 2830 4985 his
2854 4929 3000 4982 enim
3025 4927 3282 4982 omnibus
3310 4925 3467 4979 malis
3496 4924 3615 4979 illos
3638 4924 3830 4977 indutos

2300 5041 2422 5081 esse
2448 5024 2609 5080 simul
2644 5031 2808 5091 atque
2829 5020 2988 5075 donis
3036 5018 3271 5088 Spiritus
3297 5016 3469 5070 sancti
3513 5023 3639 5068 sunt
3665 5026 3831 5078 exspo-

2305 5118 2439 5171 liati.
2465 5114 2603 5169 Huic
2633 5114 2964 5168 l‘hiloxenus
3004 5108 3349 5180 Mabugensis
3396 5106 3507 5160 fere
3544 5100 3827 5159 subscribit.

2304 5210 2434 5263 dum
2467 5206 2665 5295 ausas
2713 5205 2925 5259 tunicas
2964 5202 3133 5258 fuisse
3184 5216 3344 5257 curas
3369 5242 3384 5265 ,
3423 5198 3826 5267 corruptionem,

2305 5288 2821 5358 morbosfdolores,
2854 5293 3173 5355 anxietates,
3198 5300 3397 5344 metum
3420 5306 3435 5353 ;
3466 5298 3523 5341 et
3547 5288 3600 5341 in
3626 5297 3827 5361 ιςιιιιιιιιβἔ

2303 5400 2644 5457 quaecunque
2676 5384 2867 5457 primis
2897 5384 3213 5455 parentibus
3245 5391 3367 5452 post
3404 5376 3824 5442 violatam-legem

2306 5478 2643 5545 acciderunt,
2670 5493 2791 5535 cum
2825 5486 2948 5533 ante
2984 5476 3047 5531 iis
3082 5492 3187 5530 non
3220 5473 3449 5537 fuissent
3480 5468 3714 5533 obnoxii,
3740 5475 3781 5518 ct
3804 5478 3823 5511 δ
