3982 6346
139 302 227 364 573

1210 294 1309 354 DE
1348 287 1750 352 PARADISO.
1792 309 1852 322 -
1898 288 2090 346 PARS
2134 288 2177 347 [.

3208 240 3312 343 δη

136 412 307 481 quibus
341 419 439 462 nos
489 419 704 474 quoque
767 412 888 474 post
942 405 1390 460 resurrectionem
1446 403 1653 458 erimus
1688 405 1728 461 Α
1759 398 1859 453 bus
1892 396 2106 452 texendi
2140 407 2334 450 artem.
2374 392 2446 448 De
2496 401 2694 462 quarto
2731 391 2988 459 dicimus,
3016 408 3109 449 eas
3147 403 3324 450 vestes

137 507 381 558 immunes
405 496 641 569 :quippe
681 498 893 567 perhas
925 494 1135 551 tunicas
1163 495 1454 566 signiﬁcari
1489 493 1664 546 maxi-

137 605 258 645 mam
294 588 432 642 illam
468 588 822 640 mutationem
860 602 981 656 qua».
1017 587 1230 641 illorum
1252 586 1432 640 evenit
1463 600 1661 653 eurpo-
1694 578 1699 587 ’

133 676 268 737 ribus
319 690 435 751 post
483 677 779 733 admissum
834 674 1254 748 peccatum.'At
1306 676 1661 741 Athanasius,

134 769 358 827 oratione
400 769 467 824 de
517 785 702 835 cruce,
732 777 788 828 et
821 769 1076 825 dominus
1107 766 1337 837 Ephrem
1368 768 1458 822 ubi
1519 767 1663 821 hunc

131 867 288 916 locum
317 860 716 930 interpretatur,
763 860 916 915 aiunt
946 860 1043 913 has
1073 860 1281 914 tunicas
1305 874 1367 913 ex
1407 858 1657 912 animan-

130 953 248 1006 tium
272 952 496 1019 pellibus
544 949 830 1004 conl'ectas
866 948 1060 1007 fuisse.
1107 947 1356 1019 Denique
1407 948 1689 1004 dominus.

127 1042 341 1095 Jacobus
392 1036 718 1108 Sarugensis
749 1038 893 1093 dicit
961 1037 1123 1093 restis
1172 1038 1441 1108 quoddam
1494 1051 1664 1107 genus

129 1132 300 1193 fuisse,
331 1130 472 1200 quod
520 1130 647 1200 quia
684 1138 827 1183 tactu
859 1144 1106 1184 crassum
1152 1131 1489 1200 densumque
1523 1135 1661 1193 erat,

126 1221 305 1273 tunica:
336 1221 572 1289 pellicem
622 1216 785 1276 fuerit
821 1222 1173 1292 appellatum.

193 1309 333 1366 Unde
372 1313 649 1379 sumpserit
692 1310 828 1367 Deus
852 1313 1140 1378 primorum
1170 1318 1449 1380 parentum
1475 1318 1661 1364 vestes.

122 1431 183 1443 —-
203 1401 271 1454 De
299 1402 485 1467 tertio,
516 1404 657 1458 unde
687 1403 887 1457 fuerint
921 1404 1117 1458 tunica
1162 1403 1269 1457 illa:
1314 1408 1663 1471 comparatae,

124 1490 411 1560 Gregorius
439 1489 766 1560 Theologus,
813 1501 1018 1549 etcum
1057 1507 1124 1547 eo
1155 1493 1248 1547 alii
1280 1492 1370 1561 qui
1404 1492 1661 1547 arborum

121 1582 336 1635 cortices
373 1579 542 1636 fuisse
598 1582 825 1649 volunt;
860 1583 1084 1639 arbores
1134 1582 1470 1653 deglubiisse
1521 1578 1663 1635 Ada-

122 1688 255 1725 mum
285 1680 339 1725 et
364 1670 527 1724 Evam
565 1672 752 1726 dicunt
785 1690 800 1727 :
834 1683 1085 1727 caeterum
1111 1671 1317 1730 Mosem
1349 1672 1470 1728 ideo
1492 1670 1663 1727 factas

117 1752 227 1817 esse
250 1777 280 1815 a
310 1760 421 1818 Deo
447 1762 654 1828 dicere,
677 1763 799 1831 quia
833 1764 916 1817 hic
941 1764 1048 1819 illis
1083 1765 1137 1821 in
1170 1773 1405 1819 mentem
1439 1762 1664 1819 immisit

118 1866 171 1909 ut
205 1860 460 1910 arborum
516 1856 812 1911 corticibus
852 1869 913 1910 se
945 1854 1231 1911 vestireut.
1270 1854 1339 1909 At
1366 1854 1665 1926 Gregorius

117 1945 397 2016 Nyssaenus
428 1957 481 2001 et
510 1946 878 2011 Philoxenus,
910 1961 1139 2017 quorum
1193 1946 1526 2001 sententiam
1554 1961 1663 2000 nu-

117 2052 199 2105 per
231 2039 620 2101 recitavimus,
673 2039 825 2091 aiunt
874 2051 937 2091 ea
984 2038 1123 2091 mala
1173 2036 1379 2106 primos
1408 2046 1661 2106 parentes

114 2131 253 2197 (quia
301 2128 535 2198 peccati,
597 2143 627 2180 a
685 2127 791 2182 Deo
823 2127 1067 2181 damnati
1093 2126 1296 2197 essent)
1361 2128 1663 2194 invasisse;

114 2218 272 2289 idque
325 2234 451 2275 esse
505 2218 649 2288 quod
703 2218 879 2273 Moses
926 2218 1360 2283 seribit,‘Deum
1425 2219 1668 2273 induisse

111 2312 223 2364 illos
244 2326 337 2367 eas
371 2312 609 2364 tunicas.
644 2309 889 2381 Denique
922 2310 1257 2365 Athanasius
1311 2318 1367 2365 et
1401 2300 1667 2365 dominus

109 2402 367 2471 Ephrem,
410 2401 506 2473 qui
539 2400 858 2456 animalium
910 2402 1079 2472 pelles
1134 2402 1304 2457 fuisse
1354 2411 1665 2468 autumant,

106 2491 306 2557 dicunt,
355 2490 610 2546 mactatis
650 2505 744 2547 eas
791 2490 1086 2562 pecudibus
1115 2490 1419 2548 detraxisse
1460 2492 1671 2562 primos

107 2593 355 2653 parentes
416 2592 583 2653 atque
626 2583 997 2639 concinnasse
1028 2584 1082 2638 in
1125 2592 1330 2637 vestem
1362 2583 1454 2638 Dei
1510 2592 1666 2639 nutu.

106 2673 383 2729 Postremo
408 2672 661 2728 dominus
692 2670 930 2743 Jacohus
960 2670 1287 2743 Sarugeusis
1313 2672 1465 2736 dicit,
1494 2673 1664 2727 Deum

105 2781 162 2819 ea
191 2766 514 2819 indumenta
554 2779 619 2818 ex
670 2765 840 2819 nihilo
870 2765 1165 2820 creavisse.
1209 2765 1412 2820 Scribit
1436 2766 1580 2820 enim
1611 2765 1665 2821 in

106 2858 213 2912 lnec
260 2856 426 2910 verba
460 2854 789 2910 :Contexuit
820 2856 1028 2911 tunicas
1051 2871 1119 2911 ex
1153 2855 1345 2920 nihilo,
1370 2866 1425 2913 et
1448 2857 1665 2912 vestivit

103 2950 265 3016 ipsos.
290 2936 357 3001 Et
382 2963 572 3001 rursus
600 2946 790 3014 :Quia,
816 2948 1010 3016 inquit,
1036 2956 1181 3002 tactu
1212 2949 1373 3003 rudes
1394 2957 1447 3004 et
1469 2964 1667 3007 crassa:

103 3048 272 3102 erant,
309 3039 610 3109 appellavit
639 3039 834 3108 pelles;
871 3044 1103 3094 attexuit
1141 3047 1320 3093 autem
1357 3040 1501 3108 ipsas
1527 3056 1664 3109 pau-
1690 3078 1737 3139 Ο

102 3131 244 3185 latim
282 3131 613 3199 corporibus
645 3132 908 3202 ipsorum,
940 3146 1041 3184 suo
1087 3140 1219 3184 nutu
1247 3139 1410 3198 atque
1438 3131 1508 3183 ita
1535 3130 1664 3185 dum

102 3237 203 3274 non
250 3223 506 3275 sentiunt
547 3221 847 3275 induuntur
892 3220 1112 3285 tunicis,
1146 3221 1240 3274 sed
1290 3236 1384 3275 ens
1414 3220 1526 3288 jam
1572 3236 1667 3273 ve—

102 3310 206 3363 stiti
240 3310 437 3363 vident
496 3308 734 3363 tandem.
792 3307 960 3363 Porro
1012 3324 1111 3363 nos
1164 3325 1288 3362 cum
1348 3309 1666 3374 Athanasio,

103 3410 261 3469 atque
297 3399 531 3454 domino
569 3397 804 3468 Ephrem
834 3414 1119 3454 censemus
1150 3400 1466 3455 animalium
1500 3401 1668 3470 pelles

102 3493 289 3546 fuisse.
332 3491 393 3546 Si
431 3505 558 3544 vero
589 3491 640 3544 id
691 3481 1014 3560 redarguere
1065 3492 1187 3561 quis
1244 3500 1493 3558 conetur,
1543 3492 1669 3561 quia

104 3586 313 3638 nullum
351 3583 560 3636 animal
611 3582 845 3651 iugulari
905 3583 1081 3638 adhuc
1112 3584 1367 3653 potuerit,
1396 3584 1612 3653 quando
1641 3599 1671 3639 e

99 3676 331 3745 singulis
362 3674 659 3742 generibus
714 3688 811 3742 par
854 3674 1069 3728 unicum
1125 3676 1404 3729 conditum
1463 3674 1666 3739 fuerat,

100 3781 275 3835 eoque
306 3765 435 3819 sine
482 3765 696 3833 generis
727 3765 890 3819 unius
925 3765 1148 3821 interitu
1204 3767 1407 3820 nullum
1470 3766 1673 3820 animal

100 3866 409 3909 mactatum
452 3852 679 3920 fuisset;
717 3870 975 3925 negamus
1004 3856 1226 3910 unicum
1270 3858 1533 3912 duntaxat
1578 3875 1673 3929 par

104 3946 157 3999 in
191 3947 532 4001 animalium
576 3947 866 4015 generibus
912 3948 1142 4016 singulis
1194 3948 1361 4004 fuisse
1396 3949 1673 4016 effectum,

97 4054 276 4109 neque
304 4039 459 4093 enim
494 4039 597 4093 hoc
634 4041 808 4093 sacris
837 4039 1055 4094 Litteris
1082 4044 1351 4109 proditum
1370 4052 1470 4098 cst.
1491 4042 1677 4097 Enim-

97 4147 227 4185 vero
274 4132 426 4186 Deus
449 4130 540 4199 qui
589 4131 835 4200 permisit
865 4132 1061 4187 Adami
1093 4134 1323 4188 arbitrio
1360 4144 1419 4190 ut
1452 4150 1681 4205 peccare

98 4214 316 4291 posset,
372 4237 620 4291 opusque
675 4223 895 4276 haberet
965 4224 1285 4279 indumento
1317 4263 1336 4292 ,
1402 4233 1683 4280 creaverat

97 4317 399 4382 complura
428 4313 679 4367 animalia
707 4329 723 4379 ;
755 4328 985 4383 cumque
1023 4316 1115 4370 ille
1150 4316 1347 4371 violata
1399 4316 1516 4386 lege
1546 4333 1673 4388 pec-

1765 490 2063 558 appellatas
2093 502 2215 540 esse
2241 502 2269 540 a
2300 485 2467 548 Mose,
2498 484 2783 539 chutiuitas
2819 483 2956 552 (9.6),
2998 486 3123 554 quia
3151 485 3323 556 ipsius

1765 589 1943 643 aetate,
1978 579 2079 632 hoc
2118 576 2382 630 vorahuln
2425 574 2705 629 hominum
2758 573 2997 628 amicula
3047 574 3326 644 signiﬁca-

1766 674 1989 735 bantur,
2022 678 2081 725 ut
2131 669 2313 723 videre
2340 677 2426 722 est
2474 668 2539 721 de
2575 664 2728 720 veste
2759 663 2887 729 Job,
2921 665 3151 734 Ioseph,
3181 666 3327 721 Tha-

1773 775 1913 823 mar,
1940 758 2174 829 denique.
2206 756 2415 812 Domini
2451 753 2620 809 nostri
2654 753 2784 809 Jesu
2810 754 3047 821 Christi;
3084 770 3220 810 usus
3242 764 3327 809 est

1767 851 1930 919 igitur
1963 849 2046 903 sui
2080 846 2266 901 saeculi
2308 844 2574 901 vocabulo
2603 843 2801 899 Moses.
2834 844 3098 910 Quintum
3126 860 3193 899 ac
3224 860 3325 915 po-

1768 954 2030 998 stremum
2075 949 2212 1004 erat,
2258 953 2355 994 cur
2385 952 2523 1008 opus
2573 937 2738 993 fuerit
2789 937 3111 993 mortalibus
3143 948 3320 998 veste.

1766 1035 1859 1089 hic
1884 1033 2141 1095 dicimus,
2173 1040 2235 1085 ut
2260 1031 2577 1101 augustiore
2610 1038 2775 1099 atque
2817 1028 3151 1097 elegantiore
3176 1029 3324 1084 cultu

1764 1135 1966 1188 essent.
1994 1140 2168 1195 eoque
2194 1140 2224 1181 a
2254 1124 2428 1180 brutis
2465 1124 2838 1179 animantibus
2858 1123 3177 1190 diﬂ'errent;
3212 1133 3327 1177 tum

1764 1198 1930 1273 etiam
1961 1226 2019 1272 ut
2038 1216 2233 1272 armati
2261 1224 2447 1271 essent
2473 1214 2739 1270 adversus
2768 1215 3069 1285 irigora,et
3094 1224 3323 1279 uastum;

1765 1310 1976 1372 adhmc,
2035 1317 2093 1363 ut
2144 1308 2377 1363 laterent
2428 1305 2673 1362 libidinis
2731 1306 3095 1361 irritamenta.
3128 1304 3196 1359 Et
3252 1307 3332 1361 ait

1766 1400 2021 1457 Dominus
2052 1399 2193 1453 Deus
2228 1417 2243 1454 :
2272 1398 2352 1455 Et.
2388 1397 2559 1453 ,Μαίη
2590 1390 2765 1467 factus
2789 1406 2865 1452 est
2888 1406 2947 1452 ut
2969 1415 3107 1453 unus
3127 1415 3155 1453 e
3176 1399 3328 1453 nobis

1722 1512 1729 1519 ε
1764 1495 1818 1547 in
1846 1492 2196 1563 cognoscendo
2219 1492 2353 1545 bono
2371 1501 2420 1545 et
2444 1490 2608 1544 male.
2634 1488 3001 1558 Contemptim
3037 1499 3093 1545 et
3123 1490 3333 1545 ironice

1765 1583 1881 1641 hac
1909 1599 1938 1639 a
1971 1583 2085 1638 Deo
2104 1583 2362 1640 dicuntur
2387 1582 2454 1639 de
2474 1581 2682 1637 Adamo
2708 1581 2801 1651 qui
2827 1582 3091 1637 daemonis
3120 1581 3330 1639 fallaci-

1765 1674 1870 1739 bus
1891 1673 2075 1728 verbis
2118 1673 2434 1729 auscultans
2471 1684 2663 1742 captus
2712 1670 2922 1739 fuerat;
2961 1674 3106 1728 sicut
3152 1673 3332 1727 David

1764 1762 1973 1820 inducit
2003 1760 2171 1817 Deum
2210 1761 2601 1830 despicientem
2635 1770 2825 1828 gentes
2872 1774 2993 1828 qua:
3042 1759 3332 1813 adversum

1769 1870 1833 1911 se
1888 1854 2305 1909 insurrexerant
2347 1867 2363 1905 :
2400 1849 2504 1915 Qui
2533 1851 2699 1913 sedet,
2735 1850 2991 1917 inquiens
3015 1889 3029 1911 .
3079 1850 3136 1903 in
3188 1849 3335 1903 caelis

1763 1944 2111 2009 deridebit,“
2148 1941 2404 1996 Dominus
2424 1939 2610 1995 illudet
2637 1940 2767 2009 ipsis
2792 1940 2861 1993 ".
2900 1938 3035 1993 Nam
3072 1954 3169 2009 per
3210 1938 3338 1992 illu-

1765 2038 2017 2101 sionem,
2088 2044 2252 2103 atque
2318 2033 2618 2097 deridens,
2685 2032 2762 2084 ait
2799 2031 3070 2086 accidisse
3126 2031 3336 2084 Adamn

1765 2128 2028 2200 quidun
2062 2124 2294 2181 Satanas
2329 2124 2433 2194 ipsi
2464 2124 2792 2188 promiserat
2822 2140 2835 2176 :
2867 2133 2924 2177 ut
2969 2123 3061 2191 qui
3105 2124 3217 2191 jam
3252 2123 3331 2176 si-

1764 2222 1909 2277 milis
1936 2220 2162 2276 deorum
2195 2217 2435 2286 cuipiam
2476 2215 2661 2270 iactus
2692 2215 2765 2268 sit
2785 2214 3048 2279 ;.scilicet
3078 2202 3183 2283 qui
3214 2229 3337 2283 qua

1764 2316 1909 2371 bona
1949 2313 2199 2382 mleque
2214 2321 2367 2374 sunt,
2387 2311 2602 2379 cognita
2632 2308 2847 2363 habeat.
2871 2305 3141 2361 Caeterum
3177 2322 3341 2362 usuro

1767 2415 1858 2477 pat
1877 2406 2140 2475 pluralem
2176 2415 2487 2463 numerum,
2517 2409 2572 2451 ut
2614 2414 2751 2452 unus
2781 2414 2808 2451 ο
2852 2397 3026 2462 nobis,
3059 2397 3339 2465 inquiens,

1767 2499 1890 2555 sive
1936 2505 2160 2566 propter
2190 2490 2478 2547 Trinitatis
2528 2498 2937 2547 sacrosanctum
2994 2488 3330 2561 mysterium,

1766 2590 1884 2646 sive
1911 2590 2040 2658 quia
2063 2588 2317 2643 diabolus
2350 2584 2539 2640 itidem
2575 2584 2771 2654 plurali
2808 2597 3038 2638 numero
3068 2582 3283 2637 dixerat
3312 2593 3327 2631 :

1767 2682 1935 2737 Eritis
1959 2681 2096 2734 sicut
2121 2679 2227 2743 dii,
2250 2678 2474 2732 scientes
2493 2676 2615 2732 boni
2644 2684 2695 2731 et
2726 2676 2875 2730 mali.
2912 2673 3150 2730 Possunt
3174 2674 3339 2729 etiam

1768 2775 1884 2830 hinc
1932 2772 2093 2827 verba
2142 2784 2241 2840 pro
2281 2784 2347 2824 ea
2377 2767 2782 2823 consuetudine
2811 2767 2955 2821 dicta
2992 2765 3193 2834 accipi,
3226 2780 3338 2831 qua

1766 2868 1944 2921 solent
1972 2862 2217 2918 homines
2247 2861 2455 2917 domini
2485 2874 2676 2916 servos
2717 2875 2850 2916 suos
2881 2858 3079 2915 arei-be
3112 2857 3336 2927 alloqui,

1765 2955 2074 3028 siquando
2090 2963 2445 3009 contumaces
2475 2951 2726 3009 conferre
2745 2968 2816 3007 se
2844 2967 2940 3021 per
2980 2951 3341 3006 temeritatem

1767 3064 1893 3105 cum
1935 3050 2068 3117 ipsis
2104 3047 2327 3101 audent.
2382 3045 2578 3101 Dicunt
2607 3044 2752 3099 enim
2790 3061 2807 3099 :
2835 3044 2914 3098 En
2940 3043 3052 3112 jam
3084 3028 3218 3095 mihi
3247 3054 3342 3109 par

1770 3139 2013 3196 evasisti.
2051 3138 2357 3193 Adversum
2405 3136 2552 3191 enim
2584 3136 2740 3204 jussa
2782 3134 3056 3189 eﬁ‘ectoris
3112 3132 3197 3187 sui
3248 3131 3342 3186 Dei

1770 3232 2012 3285 Adamus
2045 3230 2270 3292 iecerat,
2304 3228 2693 3298 eupiveratque
2724 3227 2799 3281 illi
2828 3226 3053 3296 aequalis
3085 3225 3340 3282 evadere.

1770 3323 1899 3379 Tale
1929 3323 2089 3378 etiam
2128 3321 2260 3376 illud
2293 3320 2499 3375 Christi
2523 3329 2609 3374 est
2636 3321 2703 3373 ad
2730 3317 2925 3373 ludam
2958 3319 3334 3388 proditorem:

1772 3414 1936 3485 Cujus
1966 3420 2042 3468 rei
2067 3430 2229 3468 causa
2252 3413 2459 3477 emisti,
2487 3413 2623 3466 socie
2659 3412 2731 3464 uti
2752 3412 2836 3464 '°?
2866 3411 3101 3465 Possunt
3127 3418 3347 3479 praeter-

1772 3521 1835 3561 ea
1864 3506 1916 3559 in
1953 3507 2096 3560 hanc
2151 3519 2371 3575 quoque
2409 3503 3097 3573 interpretarisententiam
3135 3500 3340 3555 :Adam

1772 3607 2059 3668 postquam
2084 3594 2196 3651 edit
2215 3597 2281 3651 de
2313 3596 2511 3668 arbore
2546 3598 2733 3661 vetita,
2767 3594 2883 3661 ipsa
2904 3593 2984 3647 rei
3006 3591 3341 3661 experientia

1773 3689 1964 3743 didicit
2012 3686 2142 3757 quid
2202 3687 2413 3743 bonum,
2434 3694 2579 3741 esset
2609 3695 2664 3741 et
2701 3686 2831 3754 quid
2867 3684 3092 3747 malum,
3119 3683 3264 3738 sicut
3291 3691 3346 3737 et

1776 3778 1920 3833 Deus
1968 3778 2055 3831 illa
2085 3778 2303 3846 cognita
2341 3773 2539 3840 habet:
2601 3790 2708 3829 non
2739 3775 2963 3845 quidem
2998 3775 3086 3830 bic
3122 3788 3217 3844 per
3244 3788 3345 3833 ex-

1777 3868 2122 3939 perientiam,
2168 3867 2261 3923 sed
2305 3875 2361 3920 ut
2392 3866 2440 3921 is
2472 3867 2564 3935 qui
2608 3868 2789 3920 omnia
2819 3866 2973 3921 novit
2993 3904 3009 3929 ,
3043 3864 3336 3934 praeterita,

1776 3960 2085 4031 pnusentia,
2143 3958 2346 4013 futura.
2394 3957 2636 4013 Adatnus
2664 3957 2811 4011 enim
2860 3956 3182 4027 priusquam
3230 3954 3348 4009 l'ruo

1778 4061 1923 4106 etum
1959 4067 2066 4122 quo
2106 4050 2210 4107 sibi
2256 4050 2610 4105 interdictum
2640 4058 2778 4114 erat,
2814 4056 3106 4114 gestasset,
3134 4062 3231 4117 per
3258 4060 3348 4101 so-

1782 4144 1895 4197 lam
1945 4141 2334 4211 c0gitationem
2383 4132 2720 4209 intélligebat
2762 4138 2893 4207 quid
2943 4138 3151 4191 bonum
3176 4143 3345 4198 esset,

1779 4235 2015 4305 quidque
2070 4234 2300 4296 malum,
2332 4241 2453 4303 post
2486 4246 2613 4285 vero
2643 4245 2739 4299 per
2771 4231 2944 4299 ipsam
2978 4231 3144 4282 etiam
3176 4241 3346 4295 espe-

1783 4324 2027 4390 rientiana
2055 4343 2073 4377 :
2102 4323 2200 4377 sed
2223 4323 2365 4377 Deus
2392 4322 2750 4376 exactissime
2792 4331 2956 4389 atque
2993 4319 3185 4373 intime
3216 4334 3343 4371 om-

100 4415 288 4463 cesset
339 4407 579 4459 humana
612 4420 669 4459 se
716 4408 896 4475 specie
940 4408 1129 4477 primis
1154 4409 1467 4477 parentibus
1492 4419 1751 4484 osten—D
1782 4414 1874 4467 uia
1932 4413 2215 4477 cognoscit
2258 4428 2382 4467 cum
2434 4414 2515 4486 sit
2561 4411 2814 4466 conditor
2854 4410 3187 4478 ellectorque
3234 4422 3348 4460 oni-

94 4500 258 4563 dens,
301 4498 485 4551 induit
522 4499 667 4567 ipsos
690 4500 877 4568 pelles,
917 4500 1034 4554 solo
1065 4500 1186 4569 ejus
1208 4512 1340 4555 nutu
1369 4502 1675 4570 pecudibus

96 4594 425 4655 detractas;
462 4601 623 4658 atque
653 4594 837 4655 verbo,
869 4593 922 4645 in
951 4594 1160 4648 tunicas
1189 4593 1588 4651 eonformatas.
1617 4598 1687 4650 Et.

100 4699 236 4736 veto
308 4682 570 4736 dominus
628 4681 859 4752 Ephrem
912 4684 986 4738 ait
1052 4684 1280 4739 fortasse
1328 4702 1509 4740 coram
1574 4687 1680 4744 illis

90 4774 390 4841 jugulatas
420 4788 542 4827 esse
562 4775 819 4843 pecudes,
843 4784 901 4828 ut
934 4791 1121 4829 earum
1150 4792 1344 4831 carnes
1371 4779 1468 4844 ipsi
1502 4794 1680 4834 vesce-

98 4873 322 4925 rentur,
401 4863 677 4931 coriisque
743 4865 1039 4934 nuditatem
1100 4882 1253 4920 suam
1316 4870 1681 4935 cooperirent,

92 4954 349 5023 denique
381 4968 449 5006 ex
496 4955 733 5022 ipsarum
766 4969 936 5011 morte
966 4973 1023 5011 se
1054 4974 1271 5028 quoque
1305 4960 1550 5015 mortalia
1581 4962 1677 5014 ba-

92 5048 225 5099 here
259 5061 504 5113 corpora
536 5046 917 5118 intelligerent.
954 5049 1047 5103 Est
1076 5067 1236 5119 porro
1268 5063 1323 5106 et
1355 5054 1455 5106 hoc
1485 5065 1677 5108 notan-

93 5139 255 5199 dum,
277 5152 411 5189 esse
444 5152 506 5189 ex
539 5136 889 5203 interpretum
922 5144 1440 5209 numeroquidicat,
1464 5144 1588 5197 inde
1613 5146 1680 5200 ab

96 5228 323 5281 Adamo
358 5237 413 5278 et
448 5227 554 5281 Eva
594 5240 821 5283 cunctos
866 5234 1119 5287 mortales
1152 5236 1380 5303 pellibus
1428 5236 1678 5289 animan-

98 5324 244 5373 tium
278 5319 513 5373 vcstitos
549 5321 719 5374 fuisse
754 5322 821 5375 ad
858 5323 1125 5406 inventam
1160 5342 1329 5394 usque
1354 5329 1421 5381 ab
1446 5328 1679 5385 homini-

166 5478 217 5509 "
256 5477 414 5532 Psal.
459 5495 517 5544 tt,
560 5480 647 5533 60.
724 5480 769 5510 ⁸⁰
812 5478 999 5535 Matth.
1048 5498 1193 5547 un,
1235 5484 1323 5537 ΞΟ.

1781 4504 1958 4556 nium.
1992 4501 2234 4572 Denique
2255 4502 2332 4557 ita
2363 4517 2657 4571 possumus
2691 4501 2996 4569 intelligere
3028 4498 3175 4551 dicta
3223 4497 3350 4559 ista,

1778 4608 1841 4648 ac
1866 4594 1914 4647 si
1949 4594 2095 4648 Deus
2143 4594 2260 4663 ipse
2306 4602 2527 4665 accuset
2564 4594 2898 4647 voluntatem
2950 4590 3349 4656 arbitriumque

1777 4683 2083 4753 Adamiqui
2112 4684 2449 4739 allectaverit
2470 4684 2611 4738 Deus
2632 4699 2775 4748 esse,
2804 4683 2949 4752 quod
2980 4682 3091 4735 ﬁeri
3122 4693 3349 4749 prorsus

1781 4777 2066 4844 nequiret;
2102 4792 2225 4847 nam
2256 4775 2569 4829 mortalium
2599 4790 2760 4829 nemo
2791 4789 2883 4841 per
2913 4782 3093 4827 tantas
3120 4773 3347 4823 virtutes

1781 4869 1953 4921 vitam-
1996 4883 2157 4937 agere
2199 4877 2401 4937 potest,
2442 4878 2504 4922 ut
2540 4866 2638 4921 Dei
2693 4879 2949 4923 naturam
2998 4870 3345 4930 asscquatur.

1776 4958 1893 5013 Erit
1924 4958 2108 5027 itaque
2156 4959 2244 5013 hic
2276 4960 2573 5014 verborum
2603 4973 2796 5013 sensus
2830 4972 2843 5009 :
2889 4956 2964 5009 Eu
3004 4954 3173 5006 Adam
3195 4952 3347 5017 cupi-

1775 5052 1853 5103 vit
1881 5052 2095 5119 quidem
2127 5068 2249 5106 esse
2279 5052 2453 5120 qualis
2475 5067 2617 5106 unus
2646 5061 2916 5107 nostrum.
2948 5062 3133 5100 verum
3165 5059 3339 5112 neque

1776 5141 1955 5196 (πως
1979 5154 2083 5206 est,
2131 5158 2193 5195 ac
2225 5157 2401 5211 neque
2444 5143 2607 5197 etiam
2638 5156 2700 5195 ut
2748 5141 2839 5196 liat
2883 5138 2967 5194 fas
3000 5147 3104 5193 est.
3159 5138 3343 5203 Itaque

1779 5235 1911 5290 illud
1952 5254 1965 5291 :
2000 5236 2081 5290 En
2118 5237 2288 5303 [actus
2322 5246 2420 5301 est,
2479 5237 2703 5305 perinde
2748 5238 2853 5291 erit
2887 5250 2950 5288 ac
3002 5234 3046 5287 si
3102 5232 3347 5297 negative

1777 5330 1929 5384 dicas
1966 5348 1977 5384 :
2014 5329 2133 5385 Non
2183 5340 2266 5388 est
2292 5330 2467 5388 factus
2496 5341 2556 5385 ut
2585 5347 2732 5387 unus
2760 5340 3025 5386 nostrum.
3051 5324 3178 5378 Jam
3204 5341 3345 5387 vero,

169 5620 295 5687 (‘36)
329 5619 451 5699 Syri
490 5633 684 5706 Vocant
724 5623 979 5706 Itin-iram,
1020 5626 1335 5706 (Jul/millia,
1362 5626 1671 5684 alillcbrd‘o
1736 5634 2017 5697 γυρξὼηιυ,
2058 5634 2328 5701 Cctoucth,
2402 5636 2514 5690 sive
2567 5635 2879 5705 Gttllauct/t,
2918 5651 3081 5706 aquo
3107 5646 3157 5690 ct
3190 5632 3341 5687 (ἱιλιξο

90 5706 221 5746 cum
256 5688 432 5757 χιῖῶν
469 5702 649 5746 natum
684 5706 785 5760 est,
818 5702 870 5745 ut
906 5712 1001 5762 rgo
1028 5704 1169 5749 ωτι-ιε
1198 5697 1448 5764 CUltjiUt).
