3982 6346
539 221 647 286 575
709 202 712 206 ’

1812 222 2040 286 MOSIS
2074 226 2121 287 B

2223 280 2228 288 .
2265 230 2509 292 CEPHA
3665 232 3728 296 ξιτ

533 337 784 408 fortassis
812 336 1062 392 extendat
1091 351 1302 389 manum
1329 352 1478 391 suam
1515 341 1563 391 et
1595 344 1774 391 sumat
1819 338 1884 393 de
1925 338 2114 396 arbore

2223 350 2254 403 ιί
2284 349 2348 404 ad
2385 321 2636 406 arborem
2668 350 2792 407 vitae
2829 349 3022 406 fuisset
3075 349 3378 411 admissus,
3421 355 3480 402 ut
3509 360 3612 403 nec
3645 346 3760 403 vita:

533 431 657 484 vita
707 437 758 482 et
781 429 898 484 edat
929 445 992 483 ac
1029 429 1162 483 uiuat
1191 428 1248 482 iu
1274 437 1547 484 (sternunt.
1574 427 1675 484 Hic
1700 443 1871 484 causa
1893 429 2101 500 profer-

535 530 648 584 tur,
673 535 775 574 cur
807 534 914 576 non
956 521 1028 574 sit
1051 521 1277 577 relictus
1303 521 1546 576 Adamus
1575 519 1627 574 in
1661 497 2101 591 paradiso'post-

536 608 1202 682 quam’adversnmlegem
1235 608 1330 664 Dei
1363 609 1604 679 fecisset,
1635 611 2097 682 deliquissetque;

537 712 732 776 estque
784 704 874 758 hic
913 693 1136 757 collatio
1169 691 1380 756 arboris
1401 702 1524 757 vitae
1548 711 1673 757 cum
1704 702 1898 762 arbare
1922 703 2102 758 scien-

539 790 866 864 tiaa;‘quasi
919 793 1066 862 dicat
1116 791 1260 846 Deus
1293 809 1311 847 :
1348 791 1500 846 Sicut
1533 792 1811 862 protendit
1850 807 2100 858 manum,

539 885 885 954 sumpsitque
919 885 986 963 de
1025 883 1218 938 arbore
1246 882 1562 939 scientieet
1589 885 1847 945 comedit,
1883 901 1987 956 qua
2018 885 2104 940 iu-

541 976 869 1031 terdixeram
899 975 970 1036 ei,
998 983 1356 1044 protensurus
1374 983 1458 1028 est
1479 979 2100 1061 manum,’sumpturus-

539 1083 651 1137 que
677 1067 838 1122 etiam
867 1065 936 1120 de
965 1069 1168 1120 arbore
1185 1065 1308 1120 vita:
1335 1064 1498 1136 atque
1519 1079 1752 1133 esurus,
1779 1081 1852 1123 ac
1879 1067 2105 1138 proinde

543 1158 792 1214 victuma
831 1157 895 1210 lu
921 1152 1240 1226 perpetuum
1273 1159 1319 1211 sl
1353 1157 1410 1210 in
1438 1159 1690 1226 paradiso
1732 1160 2096 1232 relinquatur.

534 1247 674 1303 Nam
709 1247 757 1304 si
790 1249 1010 1302 vetitam
1053 1249 1304 1330 arborem
1351 1232 1598 1318 tangere,
1630 1251 1890 1321 vescique
1937 1265 2104 1308 ausus

542 1349 651 1407 est,
682 1349 885 1406 quanto
921 1337 1095 1408 magis
1135 1354 1244 1394 non
1277 1339 1500 1395 vetitam
1537 1341 1876 1412 contingere,
1920 1341 2110 1398 edere-

541 1445 647 1501 que
668 1429 926 1484 audebit?
954 1428 1124 1486 Porro
1153 1430 1284 1485 illud
1318 1448 1333 1484 :
1369 1428 1452 1485 Ne
1484 1431 1754 1501 fortassis,
1806 1435 1916 1487 non
1951 1433 2104 1488 accib-

542 1522 800 1594 piendum
832 1531 918 1579 est
953 1523 1110 1592 quasi
1138 1523 1303 1579 dubie
1331 1522 1540 1578 dictum
1571 1538 1602 1578 a
1631 1523 1744 1579 Deo
1763 1513 1925 1594 quem
1970 1521 2107 1579 nihil

524 1613 791 1668 omnium
823 1611 979 1679 latist,
1006 1613 1123 1668 sive
1150 1612 1506 1683 praeteritum,
1539 1615 1654 1669 sive
1693 1629 1959 1684 praesens,
1987 1615 2105 1669 sive

2173 431 2271 508 ,ita
2335 454 2508 507 neque
2562 440 2809 495 dolorum
2862 451 3335 508 aerumnarumque
3388 436 3592 506 quibus
3648 436 3760 493 haec

2198 528 2393 584 fuisset
2416 531 2592 600 plena,
2613 547 2846 601 unquam
2867 532 3024 586 ﬁnem
3056 538 3341 585 assecutus
3373 527 3569 584 fuisset
3595 546 3610 594 ;
3638 527 3747 596 jam

2203 620 2350 673 enim
2394 623 2835 689 pronuntiaverat
2866 621 3029 684 Deus,
3057 635 3181 676 cum
3212 619 3490 675 doloribus
3516 617 3756 673 anxiaa-

2198 702 2452 774 tibusque
2510 705 2659 758 illum
2693 705 2961 760 victurum
3003 721 3019 759 :
3056 719 3225 774 quare
3257 703 3303 758 si
3337 713 3538 758 aeterna
3578 701 3762 755 fuisset

2199 810 2260 848 ea
2301 796 2431 856 vita,
2473 795 2706 851 fuissent
2732 806 2786 851 et
2833 796 3064 850 miserias
3095 793 3452 849 immortales.
3501 793 3761 849 Praeterea

2201 885 2322 940 ideo
2359 885 2520 940 etiam
2568 885 2637 940 ab
2663 886 2860 941 arbore
2893 886 3016 940 vitae
3046 877 3197 940 illum
3250 885 3491 940 coercuit
3555 899 3624 938 ne
3667 883 3762 938 im-

2199 976 2576 1031 mortalitatem
2611 977 2858 1047 adeptus,
2883 992 2976 1046 per
3001 975 3374 1032 conﬁdentiam
3397 976 3626 1045 agitaret
3653 992 3760 1030 om-

2200 1081 2322 1120 nem
2352 1067 2544 1133 vitam,
2572 1069 2663 1122 sed
2692 1059 2932 1122 animum
2959 1069 3023 1123 ad
3058 1067 3432 1137 paenitentiam
3465 1066 3758 1130 induceret,

2203 1157 2454 1226 hancque
2499 1173 2687 1211 curam
2723 1157 2945 1212 haberet
2975 1157 3148 1211 donec
3187 1156 3401 1211 tandem
3429 1156 3496 1210 de
3531 1156 3652 1208 vitae
3681 1169 3762 1209 ar-

2205 1245 2339 1300 bore
2381 1252 2564 1312 posset
2593 1244 2776 1310 edere,
2807 1245 2926 1314 ipso
2957 1243 3186 1300 Christo
3220 1244 3314 1314 qui
3343 1243 3464 1297 vitae
3493 1243 3658 1298 arbor
3686 1252 3765 1300 est

2205 1335 2431 1407 mystico
2451 1351 2637 1392 sensu.
2668 1335 2905 1408 Denique
2932 1338 3102 1405 ipsius
3132 1338 3384 1415 pravitas
3397 1345 3665 1408 perpetua
3687 1351 3768 1393 cs-

2206 1435 2310 1489 set.
2345 1427 2657 1495 cujusmodi
2686 1438 2767 1484 est
2804 1427 3026 1485 diaboli.

2276 1517 2385 1574 Cur
2416 1535 2444 1574 e
2472 1519 2722 1589 paradiso
2767 1520 2961 1588 ejectus
2992 1522 3187 1576 Adam.
3213 1551 3286 1564 —
3313 1519 3390 1576 De
3420 1521 3573 1586 hisce
3610 1521 3771 1590 igitur

2163 1650 2177 1695 τ
2207 1612 2395 1669 causis
2427 1611 2734 1684 prohibitus
2764 1622 2847 1668 est
2884 1613 3052 1667 Adam
3082 1614 3173 1695 ab-
3195 1613 3390 1670 arbore
3427 1613 3571 1670 vitae.
3602 1613 3773 1669 Crete.

544 1703 790 1760 futurum
813 1705 1058 1775 :quippc
1078 1705 1225 1760 enim
1257 1713 1316 1760 ut
1340 1717 1456 1761 rem
1482 1706 1847 1777 certissimam
1872 1706 2109 1760 allirmat
2141 1692 2182 1748 Β
2213 1719 2334 1758 rum
2373 1703 2491 1759 alia;
2525 1713 2670 1770 sunt,
2704 1719 2803 1759 cur
2838 1703 3092 1774 paradiso
3113 1692 3188 1760 sit
3214 1705 3546 1760 eliminatos.
3569 1702 3772 1774 Nempe

547 1807 896 1866 sumpturum
923 1796 1076 1882 illum
1111 1796 1178 1850 de
1202 1797 1399 1852 arbore
1423 1798 1570 1861 vitae,
1600 1806 2106 1867 comesturumque,

547 1897 713 1958 atque
739 1896 1000 1958 perpetu-0
1049 1887 1324 1950 victurum
1368 1886 1474 1978 nisi
1519 1888 1774 1958 paradiso
1825 1885 2102 1958 ejiciatur.

546 1978 809 2034 Caeterum
843 1992 1092 2048 quamam
1128 1975 1295 2032 fuerit
1323 1975 1568 2033 illa'vitae
1601 1979 1784 2046 arbor,
1816 1987 1870 2034 ει
1909 1991 2021 2033 cur
2045 1992 2113 2035 eo

2205 1809 2419 1865 aequum
2457 1810 2563 1848 non
2589 1804 2703 1850 erat
2723 1794 2972 1872 utlocftm
2991 1796 3262 1852 obtineret
3289 1812 3526 1860 sacrum,
3559 1805 3772 1865 postea-

2206 1902 2367 1960 quam
2408 1885 2556 1942 illum
2607 1887 2721 1958 lege
2767 1887 2988 1952 violata,
3045 1903 3142 1958 per
3183 1896 3465 1960 peccatum
3491 1887 3773 1970 profanas-

2210 1987 2312 2042 set,
2351 1987 2404 2034 et
2452 1987 2570 2033 erat
2599 1977 2727 2032 illud
2753 1987 2958 2033 tantum
3009 1978 3288 2043 delictum,
3341 1979 3444 2034 hoc
3470 1979 3662 2034 exsilio
3692 1976 3780 2032 di-

544 2069 772 2123 nomine
803 2068 1108 2138 appellata,
1168 2073 1294 2121 ante
1363 2068 1948 2133 commemoravimus;
2015 2067 2110 2121 ubi
2205 2083 2404 2140 gnum.
2434 2069 2702 2138 Prazterea
2763 2067 3091 2125 erudiendus
3146 2077 3286 2136 erat,
3352 2083 3661 2140 perperam
3694 2082 3776 2131 se,

556 2160 692 2216 illud
725 2173 944 2229 quoque
974 2146 1236 2215 'diximus
1281 2173 1391 2230 qua
1447 2158 1515 2214 de
1546 2173 1712 2214 causa
1767 2157 2107 2213 interdixerit

554 2252 705 2308 Deus
724 2251 957 2315 Adamo,
1011 2251 1212 2307 arbore
1243 2251 1393 2307 vitae.
1430 2254 1502 2306 Et
1536 2251 1757 2304 immisit
1795 2251 1968 2320 ipsum
2000 2249 2110 2304 Do-

549 2347 721 2400 minus
757 2343 898 2399 Deus
929 2353 1082 2398 extra
1126 2343 1435 2411 paradisum
1483 2340 1650 2407 Eden,
1684 2348 1743 2393 ut
1788 2340 1980 2394 coleret
2012 2348 2091 2394 ter

551 2451 667 2492 rans
684 2453 761 2492 es:
792 2447 894 2507 qua
925 2435 1394 2506 sumptusfuerat.
1939 2445 1960 2478 ἠ

594 2529 790 2584 Adam
844 2528 1042 2597 ejectus‘
1073 2542 1101 2580 e
1139 2527 1410 2596 paradiso
1433 2553 1497 2564 —
1531 2518 1709 2594 Supra
1752 2531 2112 2578 memoratum

555 2631 658 2689 est,
691 2613 991 2675 Dominum
1018 2604 1612 2688 accepisse‘Adamum,
1647 2616 1912 2685 latque-in
1950 2631 2115 2686 para-

562 2713 738 2767 disum
769 2710 1010 2773 misisse,
1056 2707 1146 2762 hic
1196 2719 1346 2762 vero
1380 2705 1634 2761 emisisse
1682 2714 1932 2760 narratur
1967 2715 2119 2761 extra

559 2801 910 2870 paradisum:
938 2797 1093 2868 quasi
1124 2795 1287 2860 dicat,
1337 2810 1458 2850 eum
1495 2794 1726 2865 quodam
1771 2795 1972 2864 impetu
2023 2794 2122 2870 abs

555 2907 614 2948 se
651 2889 950 2961 propulisse
998 2898 1164 2956 atque
1189 2887 1528 2951 eliminasse,
1592 2901 1772 2954 neque
1800 2887 2118 2942 comitatum

558 2963 683 3038 esse
747 2980 1059 3041 abeuntem,
1108 2979 1306 3049 quippe
1342 2991 1408 3031 ex
1465 2976 1862 3042 iucundissima
1920 2977 2120 3047 quiete,

557 3073 736 3144 qualis
763 3073 903 3126 intra
932 3071 1242 3142 paradisum
1283 3068 1470 3125 fuerat
1500 3069 1826 3124 amandabat
1849 3069 2026 3137 ipsum
2058 3068 2123 3122 ad

561 3162 844 3218 colendam
867 3173 1090 3225 terram,
1145 3175 1394 3230 asperam
1443 3174 1574 3215 sane
1604 3173 1668 3214 ac
1699 3159 1964 3214 diiiicilem
1998 3173 2127 3228 0pc-

563 3269 710 3318 ram,
753 3261 814 3307 ut
859 3268 980 3322 qua:
1012 3266 1242 3322 prorsus
1286 3248 1582 3304 omnl‘otio
1602 3264 1666 3304 ac
1688 3251 1879 3320 requie
1925 3259 2129 3304 careat.

566 3343 730 3400 Addit
768 3357 930 3412 porro
966 3359 981 3396 :
1024 3341 1107 3395 Es:
1150 3358 1252 3410 qua
1282 3352 1522 3412 sumptus
1570 3342 1766 3410 fuerat,
1792 3340 1939 3410 ‘quia
1981 3339 2043 3392 de
2065 3353 2130 3394 ea

569 3446 711 3489 terra
735 3435 801 3488 ad
832 3449 994 3502 quam
1016 3433 1374 3489 exercendum
1407 3436 1700 3489 remittitur
1731 3441 1986 3500 acceptus
2011 3429 2130 3484 fue-

571 3531 652 3577 rat
688 3509 867 3592 pulvis
896 3522 1671 3601 ﬁugendojconformandoque
1716 3520 1846 3574 Adm
1893 3520 2128 3587 corpori,

568 3621 628 3664 ut
656 3617 782 3664 ante
809 3618 891 3663 cst
923 3620 1282 3664 memoratum
1315 3610 1398 3665 his
1426 3609 1606 3678 verbis
1639 3607 1730 3661 :Et
1764 3607 1919 3676 ﬁnxit
1951 3606 2132 3660 Domi-

569 3717 667 3755 nus
694 3700 835 3755 Deus
859 3701 1126 3755 Adamum
1178 3701 1444 3769 puluerem‘
1459 3701 1522 3754 de
1564 3709 1724 3754 terra.
1759 3701 1836 3752 Ac
1887 3713 2078 3753 rursus
2113 3716 2128 3752 :

575 3792 748 3850 Donec
774 3804 1028 3848 revertare
1059 3797 1111 3847 in
1135 3804 1330 3848 terram
1359 3794 1422 3847 de
1443 3811 1547 3864 qua
1577 3803 1815 3861 sumptus
1841 3809 1912 3846 es.
1934 3791 2003 3846 Et
2033 3791 2131 3845 eli-

573 3884 787 3938 minavit
816 3885 982 3952 ipsum
1013 3884 1266 3956 Dominus
1302 3883 1436 3937 Deus
1462 3902 1474 3937 :
1504 3885 1940 3938 nimirum'extra
1972 3897 2132 3951 para-

579 3977 781 4040 disum,
807 3991 968 4043 quem
999 3976 1199 4046 alioqui
1229 3974 1700 4030 illius'oblectandi
1735 3975 1906 4044 gratia
1948 3972 2137 4028 condi-

578 4065 1098 4122 derat.Existimant
1129 4067 1399 4131 nonnulli,
1441 4066 1632 4132 Deum,
1681 4068 1827 4137 quod
1869 4067 2134 4125 Adamum

580 4158 900 4228 prohibuita
935 4159 1202 4229 gestanda
1229 4160 1352 4214 vitae
1381 4160 1578 4216 arbore
1600 4169 1651 4214 et
1673 4158 1928 4228 paradiso
1953 4157 2134 4226 ejecit,

586 4251 825 4320 denique
853 4251 994 4320 quod
1029 4250 1191 4306 morti
1223 4250 1450 4316 addixit,
1475 4251 1674 4306 iratum
1698 4250 1927 4306 fecisse:
1954 4264 2137 4304 verum

2211 2159 2540 2230 contemptis
2596 2159 2688 2214 Dei
2767 2154 2960 2228 jussis,
2999 2161 3318 2216 obsecutum
3376 2175 3502 2215 esse
3551 2157 3781 2212 consilio

2214 2251 2550 2311 fraudulenti
2584 2252 2777 2314 hostis,
2812 2259 2975 2321 atque
3017 2252 3194 2306 edisse
3225 2250 3293 2307 de
3349 2251 3512 2306 vetita
3566 2251 3780 2306 arbore.

2212 2342 2437 2412 Insuper
2488 2342 2615 2396 dum
2661 2340 2752 2397 ille
2776 2340 3013 2410 ejicitur,
3054 2333 3277 2403 verbum
3329 2339 3420 2410 Dei
3455 2351 3627 2415 ratum
3699 2341 3780 2406 fit,

2214 2449 2321 2506 quo
2350 2433 2669 2506 prmdixerat
2699 2434 2873 2504 ipsum
2901 2418 2988 2490 ea!
3023 2436 3107 2490 die
3161 2434 3481 2490 moriturum
3513 2451 3620 2504 qua
3639 2423 3788 2489 edc-

2215 2513 2394 2582 ret‘de
2423 2527 2617 2580 arbore
2669 2519 2942 2592 scientiae;
2987 2531 3185 2581 contra
3225 2539 3353 2580 vero
3387 2525 3648 2580 mendacii
3693 2540 3788 2579 ar-

2226 2617 2410 2686 guitur
2454 2615 2662 2672 daemon
2697 2617 2788 2686 qui
2816 2600 2963 2687 spem
3000 2615 3076 2671 illi
3109 2626 3270 2687 atque
3300 2613 3552 2671 fiduciam
3578 2616 3789 2672 fecerat

2219 2709 2333 2764 fore
2375 2718 2434 2764 ut
2464 2709 2602 2765 Deus
2651 2709 2902 2783 evaderet
2931 2709 2977 2764 si
3010 2719 3356 2775 vesceretur;
3425 2706 3624 2779 quippe
3672 2724 3790 2763 non

2220 2801 2381 2857 modo
2411 2816 2519 2856 non
2563 2802 2734 2855 evasit
2758 2801 2808 2855 in
2842 2800 3033 2866 Deum,
3063 2801 3158 2856 sed
3186 2801 3304 2869 ipso
3339 2799 3502 2856 etiam
3537 2799 3794 2870 paradiso

2221 2889 2455 2945 extorris
2491 2890 2665 2944 factus
2694 2899 2798 2943 cst.
2839 2889 3059 2956 Adhaec,
3098 2889 3142 2944 si
3174 2889 3226 2943 in
3266 2889 3519 2957 paradiso
3553 2887 3794 2943 mansis-

2227 2992 2305 3036 set
2365 2991 2672 3049 suspectum
2706 2981 2953 3038 fortassis
3008 2983 3222 3037 invidiae
3257 2982 3425 3036 Deum
3491 2964 3831 3049 habuisset,-

2226 3073 2318 3142 qui
2374 3071 2474 3126 sibi
2534 3073 2654 3126 vita:
2703 3072 2910 3127 arboris
2955 3088 3078 3127 esca
3113 3073 3493 3129 interdixisset.
3546 3071 3798 3143 Denique

2228 3164 2350 3218 dum
2383 3165 2559 3218 solum
2592 3156 2770 3226 vertit,
2819 3161 3071 3230 intelligit
3101 3164 3312 3218 tandem
3346 3164 3399 3216 in
3436 3171 3635 3237 quanta
3667 3160 3797 3218 fell.

2229 3255 2393 3310 citate
2425 3264 2668 3309 versatus
2702 3253 2770 3308 sit
2809 3255 3122 3323 priusquam
3169 3265 3447 3324 peccaret;
3497 3266 3551 3311 et
3595 3271 3797 3310 rursus

2230 3347 2282 3400 in
2319 3361 2480 3416 quam
2509 3347 2706 3400 multas
2744 3346 2994 3402 miserias
3033 3345 3398 3414 praecipitatus
3426 3347 3516 3411 sit,
3559 3362 3624 3402 eo
3644 3346 3796 3416 quod

2231 3437 2510 3491 adversum
2548 3434 2635 3488 Dei
2664 3436 2831 3504 legem
2880 3433 3089 3488 fecerit.
3133 3435 3416 3490 Postremo
3464 3436 3664 3489 idcirco
3707 3446 3801 3490 cst

2229 3530 2480 3597 paradiso
2510 3527 2736 3595 cjectus,
2797 3536 2856 3580 ut
2903 3537 3185 3595 peccatum
3244 3542 3403 3582 suum
3457 3535 3796 3596 agnosceret,

2231 3619 2582 3686 sedulamque
2635 3633 2850 3686 operam
2888 3617 3213 3687 paenitentia!
3251 3617 3422 3680 daret,
3461 3626 3514 3671 et
3567 3617 3797 3686 supplex

2232 3726 2261 3764 a
2293 3711 2401 3764 Deo
2436 3711 2805 3774 contenderet,
2852 3719 2913 3764 ut
2951 3725 3010 3765 se
3050 3710 3103 3763 in
3142 3709 3427 3778 pristinum
3469 3711 3784 3764 restitueret

2232 3802 2431 3857 locum.
2475 3800 2772 3856 Conficitur
2817 3800 2997 3869 itaque
3030 3815 3095 3854 ex
3134 3799 3219 3853 his
3253 3815 3373 3868 qua:
3401 3800 3512 3869 jam
3553 3814 3795 3853 comme—

2236 3893 2589 3955 moravimus,
2627 3904 2968 3960 nequaquam
3004 3904 3098 3960 per
3127 3888 3261 3944 iram
3289 3889 3615 3959 prohibitum
3649 3891 3798 3944 illum

2235 4001 2265 4040 a
2296 3984 2403 4039 Deo
2435 4000 2555 4039 esse
2587 3985 2654 4037 ab
2679 3984 2870 4038 arbore
2903 3981 3022 4036 vitae
3051 3997 3224 4052 neque
3262 3983 3513 4052 paradiso
3546 3982 3797 4050 ejectum,

2234 4077 2319 4130 vel
2364 4075 2524 4130 morti
2561 4074 2720 4128 etiam
2754 4072 3066 4138 addictum;
3109 4074 3204 4129 sed
3241 4088 3305 4126 ex
3335 4087 3481 4127 mera
3519 4072 3606 4127 Dei
3638 4074 3798 4127 mise-

2236 4168 2489 4228 ricordia,
2515 4175 2570 4221 et
2600 4165 2830 4221 sollicita
2877 4165 2995 4236 ejus
3025 4180 3174 4221 cura.
3204 4154 3311 4220 Sed
3341 4165 3483 4219 enim
3517 4165 3624 4220 sint
3666 4164 3797 4227 haec,

2237 4261 2378 4317 dicet
2408 4258 2626 4328 aliquis,
2657 4257 2730 4313 ita
2762 4273 2888 4312 cum
2931 4256 3137 4312 Adamo
3181 4266 3299 4312 acta
3335 4258 3403 4313 ab
3431 4257 3551 4326 ipso
3585 4256 3716 4316 Deo,
3743 4266 3801 4309 ut

585 4361 687 4400 nos
713 4359 898 4401 contra
929 4359 1024 4414 per
1053 4343 1145 4398 Dei
1176 4345 1600 4400 misericordiam
1635 4353 1798 4414 atque
1828 4356 2014 4399 curam
2048 4340 2139 4395 illa
2171 4354 2215 4409 ι)
2241 4353 2318 4408 illi
2359 4349 2706 4421 prodessent;
2743 4357 2796 4402 at
2841 4348 3074 4410 labores,
3137 4347 3372 4412 dolores,
3414 4347 3579 4401 sudor
3623 4346 3797 4409 faciei,

580 4438 723 4493 facta
753 4453 872 4494 esse
893 4439 1154 4504 dicimus;
1191 4438 1438 4507 quamvis
1465 4438 1609 4492 enim
1635 4436 1908 4492 contraria
1931 4436 2072 4490 inter
2087 4449 2147 4490 se

584 4527 888 4592 videantur,
914 4527 1178 4583 inducere
1199 4527 1253 4582 in
1279 4528 1591 4592 paradisum
1633 4535 1688 4582 et
1710 4528 1928 4598 ejicere,
1950 4535 2132 4582 tamen

585 4628 878 4688 utrumque
919 4620 1073 4688 juxta
1103 4621 1298 4676 divinae
1341 4620 1645 4676 clementiae
1685 4634 1822 4689 opus
1871 4629 1925 4674 et
1953 4633 2137 4674 curam

589 4725 752 4778 quam
786 4725 912 4781 erga
958 4729 1126 4781 genus
1153 4713 1451 4768 humanum
1484 4712 1703 4781 gerebat
1732 4709 1918 4777 fuisse,
1952 4726 2015 4766 ex
2054 4710 2140 4764 his

588 4813 889 4866 cognoscas
919 4801 1044 4856 licet
1070 4819 1084 4868 ;
1125 4803 1329 4857 idcirco
1353 4801 1497 4857 enim
1527 4800 1834 4872 prohibitus
1859 4811 1943 4855 est
1974 4787 2041 4852 ab
2056 4813 2144 4854 ar-

597 4889 728 4945 bore
759 4893 875 4947 vitae
902 4908 968 4948 ne
995 4893 1124 4963 quid
1151 4893 1278 4949 inde
1319 4893 1462 4963 quod
1489 4908 1612 4949 cum
1656 4893 1838 4946 divina
1880 4891 2143 4945 sententia

591 4990 870 5050 pugnaret,
902 4983 1187 5048 accideret,
1225 4985 1558 5052 verbumque
1593 4981 1688 5037 Dei
1735 4981 1934 5038 falsum
1983 4982 2148 5036 babe-

595 5080 765 5125 retur.
801 5072 1174 5130 Commiuatus
1199 5075 1342 5130 enim
1360 5075 1540 5131 fuerat
1570 5076 1711 5131 Deus
1739 5075 2062 5130 moriturum
2082 5074 2147 5127 il-

573 5168 704 5232 _tum
745 5181 854 5234 quo
901 5166 1211 5233 degustaret
1241 5169 1310 5222 de
1354 5169 1548 5222 arbore
1598 5147 1861 5233 scientiae,
1920 5167 2080 5236 igitur
2107 5167 2153 5222 si

2249 4441 2303 4495 in
2353 4453 2472 4508 quae
2507 4437 2647 4492 mala
2675 4437 2823 4492 illum
2854 4437 3084 4506 conjecit
3113 4435 3361 4506 paradiso
3407 4436 3639 4505 pulsum,
3665 4451 3800 4505 quas

2237 4531 2450 4588 tandem
2468 4529 2891 4591 commoditates,
2908 4526 3430 4581 utilitatesveaﬂ'erre
3451 4527 3525 4580 illi
3546 4529 3801 4595 potuere?

2244 4621 2671 4690 Respondemus,
2719 4619 2889 4672 Deum
2929 4632 3034 4671 non
3072 4617 3272 4671 frustra
3310 4621 3544 4686 quietem
3579 4616 3654 4669 illi
3683 4617 3798 4670 nulo

2245 4713 2351 4768 lam
2394 4713 2752 4775 concessisse,
2780 4719 2837 4763 ut
2870 4717 2951 4763 est
2986 4709 3279 4762 humanum
3335 4706 3634 4775 ingenium;
3675 4722 3794 4761 nam

2248 4807 2293 4862 si
2333 4806 2496 4860 tantis
2534 4801 2873 4859 condemnati
2911 4801 3067 4856 malis
3091 4815 3196 4854 non
3230 4798 3524 4852 desinimus
3555 4812 3794 4868 peccare,

2251 4896 2378 4967 quid
2433 4910 2542 4950 non
2593 4903 2958 4963 patrassemus
2999 4891 3052 4945 in
3088 4890 3200 4943 otio
3263 4887 3578 4957 deliciisque
3634 4889 3794 4940 vitam

2251 4988 2455 5059 agitare
2481 4983 2769 5054 permissi?
2795 4983 2953 5037 Certe
3007 4981 3167 5049 hujus
3220 4980 3312 5048 rei;
3345 4978 3587 5047 exempla
3645 4977 3796 5031 nobis

2250 5076 2592 5146 suppeditant
2635 5074 2902 5136 homines,
2933 5071 3025 5142 qui
3062 5069 3220 5125 otiosi
3253 5085 3315 5124 ac
3344 5069 3555 5123 desides
3589 5077 3748 5137 atque
3769 5083 3796 5119 a

2249 5169 2433 5224 labore
2464 5175 2518 5220 et
2545 5167 2806 5220 molestiis
2836 5165 2990 5218 vacui
3031 5163 3260 5217 molliter
3275 5175 3338 5214 ac
3364 5160 3590 5216 delicate
3615 5171 3794 5229 agunt.

597 5267 721 5326 post
739 5257 878 5314 hanc
896 5269 1191 5330 gustatam,
1209 5260 1368 5314 etiam
1393 5260 1458 5316 de
1474 5260 1668 5316 arbore
1685 5249 1807 5315 vitae
1823 5260 2042 5326 edisset,
2066 5269 2157 5314 aut
2255 5259 2430 5314 Otium
2456 5271 2638 5324 porro,
2661 5255 2946 5318 desidiam,
2983 5253 3201 5310 delicias
3231 5252 3367 5307 mala
3397 5267 3536 5316 esse,
3567 5248 3796 5306 certissi-

599 5349 739 5404 falso
766 5352 981 5404 nomine
1016 5353 1117 5407 ista
1143 5353 1262 5407 vita:
1291 5353 1452 5407 arbor
1474 5353 1732 5438 appellata
1757 5370 1786 5407 a
1817 5353 1926 5408 Deo
1948 5353 2156 5416 fuisset,

601 5451 697 5496 aut
740 5440 1026 5496 metulaces
1066 5443 1292 5500 fuissent
1339 5443 1444 5500 illae
1491 5439 1612 5514 ejus
1663 5445 1845 5500 mium.
1898 5444 1978 5499 Ad
2036 5443 2160 5508 hoc,

2265 5348 2367 5402 mis
2397 5347 2686 5418 Scriptura:
2708 5345 3028 5402 testimoniis
3057 5345 3465 5416 comprobatur.
3497 5342 3631 5398 Nam
3666 5342 3795 5394 libro

2258 5439 2493 5496 secundo
2521 5440 2630 5511 t2?)
2651 5439 2906 5509 scriptum
2928 5447 3011 5494 est
3030 5456 3042 5493 :
3062 5437 3301 5495 Consedit
3319 5435 3536 5506 papulas
3563 5435 3630 5488 ad
3654 5433 3795 5488 edon-

678 5612 792 5684 (Ξῖ)
837 5612 958 5690 Syri
1006 5615 1172 5674 libros
1204 5618 1361 5674 Musis
1388 5634 1450 5676 cx
1478 5620 1667 5678 ordine
1698 5619 1940 5679 numeris
1971 5627 2159 5702 notant
2198 5617 2392 5689 saepius
2427 5632 2586 5688 quam
2623 5616 2946 5672 nominibus.
