4086 6344
601 437 738 500 ’ἳΟ3
1608 441 1666 498 S-
1711 437 2128 499 NICEPHOBI
2171 436 2676 498 PATRIARCHJE
2721 437 2827 499 CP.
3783 434 3901 502 204

637 547 858 602 mat-hos
900 545 1182 615 scripsisse
1235 545 1633 601 Antirrheticos
1661 588 1674 613 ,
1709 561 1869 602 nemo
1903 555 2023 617 post
2069 545 2508 600 Sirmondianam
2558 548 2790 616 ipsorum
2837 543 3128 601 editionem
3169 541 3344 601 nescit
3375 557 3391 597 :
3422 548 3795 601 verumtamen
3838 545 3903 603 hi

643 635 770 688 nihil
834 633 1036 687 nostris
1061 672 1077 697 ,
1107 641 1301 702 praeter
1331 632 1542 686 titulum
1573 643 1625 686 et
1669 644 2063 703 argumentum,
2096 633 2272 687 simile
2303 633 2517 687 habent.

715 719 801 774 ιν.
844 720 1112 774 Caeterum
1147 728 1273 773 ante
1326 718 1706 773 Antirrheticos
1732 760 1746 786 ,
1776 719 2164 789 Apologeticum
2191 719 2440 788 majorem
2473 721 2764 788 scripserat
2800 719 2848 772 in
2885 718 3058 773 exsilii
3093 718 3295 786 pariter
3325 717 3510 788 quiete
3538 716 3903 792 Nicephorue,

642 821 778 876 opus
835 807 1042 875 grande
1086 821 1150 860 ac
1184 805 1439 874 spissum,
1495 806 1799 860 eruditione
1846 805 2100 874 plurima,
2149 805 2562 870 declamatione,
2597 807 2916 869 invectione,
2955 805 3362 875 egressionibus
3416 806 3580 859 etiam
3632 809 3802 862 variis
3845 819 3904 862 et

648 894 905 964 episodiis
961 893 1249 964 ﬁguratum
1283 905 1446 962 atque
1476 893 1821 947 redundans.
1861 893 2043 961 Stylns
2077 893 2314 946 auctoris
2346 907 2492 955 acer,
2550 903 2659 945 tum
2714 894 2796 946 hic
2831 901 2938 946 tum
2970 894 3022 944 in
3056 891 3438 954 Antirrheticis,
3465 893 3900 949 adversariorum

649 981 826 1035 latera
885 991 942 1034 et
996 983 1295 1050 praesertim
1319 980 1645 1050 Copronymi
1679 980 1783 1034 alte
1809 980 2145 1041 confodieris,
2179 993 2402 1044 quorum
2434 979 2635 1032 nullntn
2661 980 2847 1031 vitium
2879 993 2985 1031 non
3017 978 3213 1032 acerbo
3236 978 3603 1032 conviciorum
3637 980 3748 1034 sale
3773 997 3900 1050 per-

651 1067 850 1121 fundit.
912 1068 1202 1122 Contendit
1237 1067 1380 1121 enim
1413 1081 1528 1132 eos,
1572 1075 1767 1134 praeter
1807 1081 2014 1119 morum
2057 1066 2437 1134 turpitudinem
2469 1066 2722 1135 graphice
2752 1068 3104 1132 descriptam,
3135 1064 3294 1118 modo
3331 1079 3454 1119 esse
3487 1063 3900 1125 Phantasiastas

645 1163 739 1208 aut
803 1153 1209 1224 Mon0physitas
1239 1163 1288 1206 et
1322 1152 1645 1220 Acephalos,
1689 1152 1848 1205 modo
1875 1151 2106 1205 Arianos
2135 1161 2225 1203 ant
2255 1151 2575 1206 hlaniehaaos
2612 1153 2692 1205 vel
2737 1150 2982 1212 Jndu’os,
3019 1151 3216 1204 Christi
3263 1166 3326 1206 ac
3377 1151 3437 1205 Β.
3476 1151 3658 1208 Mariae
3721 1155 3897 1208 infen-

644 1240 893 1296 sissimos
947 1241 1154 1305 hostes,
1184 1239 1458 1300 ethnicos,
1493 1238 1886 1308 Anticliristos,
1913 1238 2112 1292 diaboli
2144 1237 2283 1291 filios
2309 1255 2322 1290 :
2356 1237 2554 1305 passim
2577 1236 2810 1304 denique
2833 1236 3078 1297 stolidos,
3107 1235 3374 1299 ebriosos,
3407 1237 3903 1309 ac-belluasappel-

647 1330 744 1380 lat.
818 1325 1144 1395 Quanquam
1181 1341 1373 1395 reapse
1405 1325 1468 1378 ad
1499 1325 1902 1394 Cupronymnm
1941 1325 2084 1393 quod
2111 1325 2304 1380 attinet
2337 1324 2470 1377 nihil
2521 1339 2621 1394 par
2653 1323 2908 1387 fteditati,
2939 1323 3180 1389 stevitite,
3230 1324 3597 1392 impietatique
3643 1325 3758 1392 ejus
3794 1329 3900 1380 dici

647 1411 838 1480 potuit.
912 1411 1037 1465 llazc
1072 1426 1253 1473 narro,
1289 1426 1394 1464 non
1443 1410 1572 1478 quia
1607 1410 1656 1464 id
1689 1420 1794 1464 tam
1823 1395 2114 1465 vehemens
2151 1419 2204 1464 et
2245 1411 2588 1478 praefractum
2639 1410 3010 1465 invectionum
3052 1423 3223 1477 genus
3281 1410 3444 1465 indoli
3481 1426 3613 1466 mete
3652 1413 3895 1482 placeat;

650 1496 745 1550 sed
797 1506 856 1550 ut
927 1512 1040 1550 rem
1087 1506 1246 1566 prout
1289 1511 1347 1550 se
1388 1495 1551 1548 habet
1588 1509 1851 1563 exponam
1898 1513 1910 1548 :
1943 1511 2064 1548 nam
2103 1510 2200 1549 nec
2229 1497 2400 1552 sancti
2432 1497 2741 1569 Hieronymi
2775 1496 3463 1553 ardentioresinvectiones
3493 1499 3691 1554 imitari
3741 1503 3898 1571 vulgo

651 1582 907 1637 solemus.
956 1582 1260 1651 Cteteroqui
1323 1581 1492 1648 zelus,
1545 1583 1714 1638 bonor
1746 1581 1945 1636 Christi
1972 1591 2064 1636 aut
2096 1582 2308 1639 virtutis
2331 1584 2586 1652 offensus,
2612 1585 2870 1641 solemnia
2916 1585 3190 1648 scandala,
3241 1585 3526 1654 impiorum
3569 1589 3892 1656 triumphus,

651 1670 911 1724 honorum
957 1671 1359 1738 oppressiones,
1388 1669 1658 1738 religionis
1688 1669 1864 1733 ruina,
1891 1664 2255 1738 'sicjnterdum
2279 1680 2586 1726 sanctorum
2611 1673 2820 1727 animos
2850 1671 3206 1735 inﬂammant,
3231 1673 3338 1726 utii
3359 1671 3654 1740 praesertim
3676 1679 3763 1743 qui
3792 1679 3896 1730 elo-

650 1759 890 1829 quentiaa
943 1757 1145 1828 impetu
1183 1757 1627 1826 valent,querelis
1651 1766 1705 1811 et
1723 1757 2202 1826 vituperationibns
2219 1759 2336 1814 sine
2358 1759 2516 1814 modo
2543 1757 2694 1814 frena
2719 1760 2982 1814 relaxent.
3011 1759 3124 1814 Jam
3150 1761 3234 1814 hic
3259 1759 3620 1829 Apologeticus
3650 1763 3701 1814 in
3724 1765 3897 1832 priore

655 1845 739 1899 sui
757 1855 934 1915 parte,
959 1845 1078 1900 ﬁdei
1100 1845 1409 1900 orthodoxa:
1432 1845 1844 1914 descriptionem
1869 1845 2130 1910 continet,
2151 1853 2203 1900 et
2221 1854 2549 1914 quantopere
2567 1843 2861 1900 Christiani
2882 1846 2951 1900 ab
2969 1845 3288 1900 idololatria:
3313 1845 3546 1900 crimine
3598 1849 3778 1901 absint
3801 1851 3895 1903 de-

660 1942 944 1986 monstrat.
970 1932 1240 1987 Deindein
1272 1933 1444 1986 media
1476 1932 1870 1999 quodammodo
1896 1941 2048 2001 parte
2065 1931 2338 2001 complura
2355 1931 2544 1986 recitat
2569 1945 2847 1986 sacrorum
2878 1930 3170 1985 Bibliorum
3206 1931 3534 1996 testimonia,
3567 1943 3626 1985 ut
3648 1937 3895 1988 ostendat

662 2019 1018 2073 idololatriam
1045 2034 1072 2072 a
1105 2018 1322 2073 Christo
1343 2031 1570 2088 prorsus
1602 2018 1771 2073 fuisse
1795 2019 2147 2083 destructam,
2172 2019 2241 2072 ita
2267 2026 2322 2071 ut
2340 2017 2479 2072 illius
2506 2018 2744 2074 Ecclesia
2768 2017 2964 2073 morbo
2994 2017 3097 2072 hoc
3125 2016 3372 2072 laborare
3397 2005 3501 2072 non
3526 2019 3718 2086 possit,
3741 2035 3897 2074 secus

653 2123 714 2159 ac
735 2105 1338 2175 Χριστιανοκατήγοροι
1394 2102 1641 2159 haeretici
1671 2104 2162 2159 calumniabantur.
2185 2103 2319 2160 Tum
2341 2115 2394 2159 et
2416 2105 2516 2158 alia
2549 2105 2858 2161 scribuntur
2885 2105 3138 2173 plurima,
3161 2119 3281 2174 quae
3309 2105 3479 2160 ferme
3503 2122 3533 2160 a
3564 2109 3799 2177 capitulo
3823 2109 3892 2163 65

647 2191 930 2244 ordiuntur
949 2231 966 2256 ,
989 2192 1055 2246 de
1093 2192 1287 2246 ritibus
1315 2191 1508 2254 variis,
1542 2191 1749 2261 ﬁguris,
1778 2192 2146 2254 tabernaculo,
2175 2207 2323 2256 arca,
2343 2193 2712 2262 praecipueque
2730 2193 2795 2248 de
2825 2191 3254 2247 Cherubinorum
3287 2193 3477 2260 positis
3501 2194 3553 2246 in
3585 2209 3646 2248 ea
3680 2194 3886 2260 formi-,

646 2284 698 2327 et
736 2275 803 2329 de
844 2274 1190 2331 Salomonico
1254 2276 1455 2346 templo
1486 2276 1720 2346 ejusque
1755 2278 1928 2331 sacris
1977 2278 2390 2332 emblematibus
2419 2289 2511 2332 aut
2542 2281 2875 2334 ornamentis
2905 2279 3106 2334 dicitur
3133 2295 3147 2332 :
3177 2294 3295 2348 quae
3334 2281 3512 2333 omnia
3549 2280 3690 2336 sacri
3721 2283 3892 2337 cttlltts

646 2377 862 2428 genera,
895 2365 961 2417 ad
989 2377 1268 2418 sacrarum
1296 2363 1594 2431 imaginum
1629 2365 1959 2418 suadendam
1993 2379 2129 2417 vene
2145 2368 2402 2418 rationem
2429 2375 2619 2420 auctor
2643 2365 2828 2420 trahit.
2861 2364 2995 2420 Tum
3029 2365 3214 2420 multis
3245 2364 3548 2434 huiusmodi
3571 2367 3888 2436 disputatis,

648 2450 1107 2518 praescriptionem
1139 2450 1372 2518 denique
1397 2450 1834 2518 octingentorum
1861 2464 2128 2504 annorum
2157 2452 2367 2520 arripit,
2392 2451 2457 2504 ab
2477 2451 2727 2507 Ecclesia:
2754 2452 3063 2521 primordiis
3087 2466 3261 2522 usque
3289 2453 3355 2506 ad
3376 2462 3588 2508 atatem
3615 2470 3795 2520 suam;
3831 2467 3890 2508 ttt

651 2537 779 2588 hinc
813 2537 1130 2601 concludat,
1157 2536 1417 2590 honorem
1441 2538 1613 2590 sacris
1652 2535 1977 2603 imaginibus
2007 2539 2207 2604 absone
2234 2552 2403 2592 sacra:
2441 2538 2778 2605 antiquitatis
2804 2539 3151 2594 accusatione
3183 2539 3370 2609 negari
3403 2555 3505 2593 non
3539 2555 3712 2610 posse.
3747 2539 3891 2594 Jam—

651 2636 779 2676 vero
847 2637 966 2675 cum
1003 2639 1031 2675 a
1089 2621 1380 2691 Nicephori
1459 2623 1787 2690 temporibus
1823 2639 1990 2691 usque
2038 2625 2102 2678 ad
2131 2633 2314 2679 nostra
2345 2624 2464 2692 plus
2489 2639 2650 2693 quam
2685 2625 2830 2679 mille
2858 2625 2984 2680 anni
3018 2625 3379 2690 decurrerint,
3411 2637 3788 2694 perseverante
3816 2629 3890 2680 in-

652 2709 810 2762 terim
879 2709 1017 2776 apud
1069 2707 1382 2764 Catholicos
1435 2721 1714 2762 sacrarum
1753 2709 2040 2779 imaginum
2072 2710 2436 2775 veneratione,
2470 2711 2712 2779 sequitur
2736 2721 2791 2765 ut
2821 2713 3154 2781 praescriptio
3189 2713 3356 2769 multo
3387 2714 3561 2767 adhuc
3605 2713 3892 2784 longaevior

652 2795 809 2848 nobis
865 2792 1043 2848 faveat
1068 2796 1329 2850 adversus
1351 2793 1644 2850 hodiernos
1673 2795 2079 2850 occidentalium
2116 2797 2387 2866 regionum
2420 2797 2825 2863 lconomachos,
2852 2801 2941 2868 qui
2973 2814 3003 2853 a
3033 2800 3285 2854 damnato
3331 2800 3420 2854 illo
3451 2815 3638 2855 errore
3663 2803 3890 2854 nomium

649 2882 952 2936 discedunt.
972 2881 1149 2950 Atque
1184 2881 1238 2935 hi
1263 2881 1487 2947 utinam,
1521 2891 1716 2948 praeter
1749 2880 2320 2952 Nieepborum,|egant
2351 2883 2508 2938 docili
2543 2885 2915 2954 animomagni
2944 2887 3228 2955 Augustini
3262 2888 3408 2942 locos
3449 2887 3707 2941 classicos
3751 2888 3888 2941 circa

650 2969 909 3023 herrorem
956 2967 1057 3022 SS.
1080 2976 1374 3038 martyrum
1406 2967 1484 3021 De
1521 2968 1580 3021 C.
1615 2967 1677 3021 0.
1714 2968 1806 3022 lib.
1838 2984 1948 3033 XIX,
1983 2985 2102 3038 cap.
2141 2970 2262 3033 ult.,
2306 2985 2510 3023 necnon
2541 2972 2784 3025 eumdem
2823 2970 3016 3026 Contra
3041 2971 3302 3025 Faustum
3329 2971 3846 3034 Manich.lib.xx,21
3875 2976 3889 3027 !

726 3055 789 3107 V.
826 3055 938 3123 Age
971 3069 1122 3119 vero,
1154 3057 1374 3122 quinam
1406 3067 1555 3108 meus
1585 3055 1637 3108 in
1667 3054 1767 3110 hoc
1793 3056 2000 3110 edendo
2031 3055 2331 3126 Nicephoro
2359 3055 2506 3110 labor
2540 3056 2723 3122 fuerit,
2752 3057 2784 3110 ii
2817 3057 2977 3112 facile
3002 3059 3365 3122 aestimabunt,
3399 3061 3490 3128 qni
3523 3059 3708 3128 plures
3766 3077 3889 3114 eru-

653 3145 801 3197 ditos
834 3159 1023 3196 saxum
1055 3143 1106 3195 id
1141 3154 1360 3195 versare
1397 3140 1607 3195 molitos
1637 3142 1834 3206 sciunt,
1862 3143 1956 3198 sed
2007 3143 2389 3212 defatigatione
2420 3153 2512 3196 aut
2558 3143 2815 3212 impensis
2849 3145 3136 3199 deterritos
3179 3146 3478 3200 abstitisse.
3510 3146 3642 3199 Nam
3703 3160 3894 3216 praeter

655 3231 1004 3291 Bandurium,
1025 3227 1326 3282 Turrianus
1347 3229 1529 3295 etiam,
1561 3229 1802 3293 Crusius,
1825 3229 2202 3293 Combeﬁsius,
2234 3241 2412 3298 atque,
2432 3241 2488 3283 ut
2519 3231 2696 3294 audio,
2726 3230 2976 3294 Allatius,
3009 3230 3075 3285 de
3107 3233 3346 3286 editione
3396 3233 3499 3288 hac
3553 3235 3895 3313 cogitarunt;

655 3332 708 3371 et
742 3318 990 3372 Petavius
1019 3317 1132 3385 ipse
1160 3315 1368 3370 nonnisi
1394 3315 1554 3369 breve
1579 3314 1936 3386 fragmentum
1981 3315 2218 3386 protulit.
2253 3314 2412 3370 Certe
2437 3316 2504 3369 ad
2533 3315 2779 3370 Latinam
2812 3318 3218 3373 translationem
3247 3321 3393 3388 quod
3447 3321 3641 3376 attinet
3667 3360 3682 3384 ,
3735 3337 3892 3389 quam

659 3406 885 3460 diversis
909 3404 1239 3473 temporibus
1275 3403 1412 3455 inter
1441 3403 1619 3456 varias
1643 3403 2043 3471 occupationes,
2063 3411 2118 3457 et
2152 3404 2312 3457 modo
2341 3402 2393 3456 in
2431 3405 2580 3469 urbe,
2613 3404 2770 3458 modo
2798 3404 3148 3474 peregrinans
3183 3444 3197 3469 ,
3242 3407 3568 3474 scriptitavi,
3625 3422 3712 3462 res
3774 3412 3895 3477 qui-

649 3497 782 3548 .dem
825 3509 917 3562 per
958 3507 1018 3547 se
1081 3492 1303 3546 molesta
1335 3501 1387 3545 et
1414 3491 1618 3559 prolixa
1651 3491 1865 3545 tazdium
1903 3491 2177 3559 ingerebat
2210 3507 2226 3545 :
2259 3490 2466 3560 perstiti
2496 3501 2692 3554 tamen,
2719 3506 3025 3562 quanquam
3056 3494 3236 3548 multis
3267 3493 3402 3548 locis
3430 3506 3649 3565 propter
3691 3497 3894 3551 theolo-

662 3583 834 3648 gicam
861 3579 1059 3635 Grrecw
1096 3578 1298 3634 scholae
1327 3578 1668 3641 locutionem,
1705 3576 1949 3645 aliasque
1991 3577 2252 3641 salebras,
2287 3592 2392 3630 non
2429 3591 2552 3631 raro
2589 3580 2908 3641 :estnabam,
2944 3594 3119 3650 neque
3150 3595 3234 3635 me
3261 3596 3474 3651 semper
3498 3597 3609 3637 rem
3661 3583 3892 3638 feliciter

657 3666 900 3735 gessisse
932 3674 1170 3719 autumo.
1203 3661 1345 3715 Sane
1374 3659 1661 3726 Nieephori
1695 3660 1876 3714 stilum
1919 3659 2166 3725 Pbotius,
2192 3675 2270 3716 c0t

2275 3661 2315 3718 Ι.
2344 3661 2432 3728 65,
2465 3663 2517 3716 in
2551 3663 2741 3731 primis
2772 3663 2952 3719 laudat
2996 3684 3008 3719 :
3055 3666 3386 3740 Καλλιλεξιᾳ
3418 3684 3480 3720 τε
3533 3669 3630 3722 καὶ
3660 3670 3888 3742 novitii,er

659 3751 820 3819 λόγου
846 3749 1202 3819 κεχρημένος,
1228 3749 1316 3818 οἵᾳ
1345 3748 1410 3799 ἂν
1432 3747 1698 3816 χρήσαιτο
1723 3744 1750 3796 ὁ
1801 3745 2089 3817 ῥητορικὸς
2129 3745 2204 3808 ὡς
2247 3748 2272 3800 ὁ

2285 3745 2464 3817 ληοῶς
2514 3748 2854 3814 instructo;
2882 3752 3026 3822 ἀνήρ
3079 3769 3093 3807 :
3144 3752 3224 3806 Ea
3255 3756 3526 3808 verborum
3560 3767 3827 3810 renuunt:
3854 3767 3894 3811 et

659 3837 918 3891 orationis
952 3835 1323 3903 compositione
1375 3834 1560 3910 utitur,
1597 3832 1802 3902 qualem
1839 3831 2107 3886 adhiberet
2150 3834 2411 3904 perfectus
2444 3837 2654 3890 omnino
2691 3845 2892 3891 orator.
2949 3835 3200 3894 Profecto
3245 3855 3412 3908 purus
3444 3849 3527 3897 est
3555 3841 3897 3896 hellenismtis

664 3923 970 3993 Nicephori,
1005 3919 1295 3976 artiﬁciosa
1327 3929 1378 3974 et
1408 3930 1594 3972 ornata
1618 3919 1871 3982 elocutio,
1906 3934 2009 3973 non
2041 3929 2219 3975 tamen
2250 3921 2414 3978 Attici
2445 3924 2658 3992 generis
2725 3926 2819 3980 sed
2854 3925 3038 3980 Asiani
3075 3944 3091 3994 ;
3128 3927 3236 3982 imo
3292 3943 3396 3983 non
3445 3930 3611 3985 semel
3661 3940 3721 3983 ut
3771 3931 3899 3983 mihi

663 4012 880 4076 quidem
914 4010 1128 4064 videtur
1178 4005 1470 4075 tautologia
1514 4019 1742 4076 peccans
1775 4005 1856 4058 vel
1881 4005 2068 4059 saltem
2102 4008 2446 4080 perissologia
2484 4029 2496 4065 :
2534 4026 2657 4065 nam
2688 4011 3014 4067 sententiam
3046 4014 3214 4070 semel
3245 4015 3471 4080 dictam,
3503 4017 3606 4071 alia
3665 4031 3783 4070 mox
3827 4033 3904 4068 ra-

667 4101 811 4154 tione
855 4098 1104 4167 replicat,
1165 4093 1500 4148 multimodis
1527 4102 1824 4146 commutat
1857 4101 1911 4144 et
1946 4101 2129 4147 versat
2159 4110 2172 4146 :
2203 4104 2256 4148 et
2278 4097 2418 4165 quod
2444 4097 2533 4152 alii
2573 4113 2680 4152 uno
2708 4108 2977 4153 commate
3011 4100 3348 4169 clauderent,
3400 4104 3446 4156 is
3491 4103 3703 4173 integro
3731 4102 3903 4156 inter-

665 4191 792 4241 dum
848 4185 1060 4256 periodi
1097 4183 1304 4237 ambitu
1352 4179 1644 4249 expandit;
1677 4178 1928 4248 quodque
1951 4187 2105 4234 antea
2137 4181 2369 4247 dixerat,
2397 4182 2580 4236 multis
2598 4183 2791 4238 deinde
2819 4184 3158 4256 interpositis
3188 4187 3241 4241 in
3277 4202 3502 4243 scenam
3529 4190 3705 4242 denuo
3749 4191 3904 4242 redu-

661 4274 760 4328 cit.
795 4270 1108 4341 Aliquando
1133 4268 1299 4322 etiam
1334 4266 1420 4321 vel
1449 4265 1618 4319 nimia
1646 4265 1849 4334 ingenii
1885 4268 2149 4341 ubertate,
2182 4269 2268 4323 vel
2301 4270 2604 4340 anagogico
2634 4271 2929 4342 mysticove
2964 4289 3128 4329 sensu
3183 4275 3459 4344 abreptus,
3506 4277 3578 4330 ita
3623 4290 3718 4346 per
3748 4292 3901 4330 sacra

664 4358 832 4414 Biblia
865 4366 1113 4428 vagatur,
1149 4364 1206 4408 ut
1241 4365 1379 4422 pene
1409 4349 1603 4407 devius
1635 4361 1789 4406 extra
1822 4366 1974 4408 suum
2020 4355 2352 4424 propositum
2380 4355 2637 4412 deerrare
2680 4359 2945 4413 videatur.
2977 4358 3243 4416 Caeterum
3278 4361 3520 4430 Nicepho
3535 4363 3576 4416 ri
3610 4363 3777 4416 dictio
3808 4379 3906 4416 no-

667 4447 790 4502 hilis
826 4456 929 4509 est,
961 4441 1171 4506 utdiai,
1202 4439 1404 4502 suavis,
1441 4439 1688 4506 rotunda,
1721 4448 1774 4494 et
1816 4442 1965 4510 quasi
1990 4443 2313 4511 pompatica,
2343 4443 2643 4512 eujusmodi
2675 4445 2899 4500 decebat
2921 4446 3229 4512 hominem,
3273 4449 3444 4514 omni,
3487 4456 3546 4502 ut
3570 4450 3643 4502 ait
3667 4448 3908 4518 lgnatins

665 4533 1020 4601 biographus,
1079 4527 1483 4596 disciplinarmn
1518 4541 1713 4595 genere
1743 4541 1770 4580 a
1813 4528 2042 4596 pueritia
2081 4529 2378 4594 excultum,
2431 4530 2734 4586 scribendis
2786 4532 3032 4600 plurimis
3075 4535 3166 4588 diu
3205 4536 3527 4599 elercitum,
3580 4536 3694 4588 otio
3744 4537 3906 4589 etiam

615 4647 632 4671 ε
670 4621 1058 4682 abundantem,
1102 4623 1157 4668 et
1183 4615 1438 4667 librorum
1493 4613 1812 4690 optimorum
1836 4615 2332 4685 supellectilelaute
2355 4617 2700 4673 instructum.
2729 4619 3011 4676 Postremo
3037 4636 3139 4675 non
3169 4637 3343 4676 meum
3377 4624 3470 4676 sed
3512 4622 3763 4676 Bandurii
3815 4624 3901 4689 ju-

670 4708 867 4760 dicium
905 4717 1122 4774 ponam,
1153 4701 1204 4754 in
1247 4713 1531 4769 conspectu
1563 4700 1810 4770 cogitata:
1846 4715 1956 4754 suae
1999 4700 2254 4754 editionis
2299 4702 2371 4755 ita
2414 4703 2704 4772 loquentis.
2737 4707 2932 4770 Quanti
2965 4709 3284 4762 aestimanda
3351 4709 3459 4762 sint
3491 4708 3678 4762 istbaec
3717 4725 3898 4780 opera,

671 4795 772 4848 etsi
814 4807 901 4846 res
932 4793 1043 4860 ipsa
1079 4804 1173 4858 per
1207 4803 1264 4842 se
1317 4788 1584 4858 loquatur,
1612 4787 1797 4856 paucis
1827 4798 2003 4841 tamen
2040 4801 2326 4843 recensere
2359 4805 2424 4843 ne
2468 4792 2713 4861 pigeat...
2745 4792 2822 4863 (υ)

752 4878 839 4930 Ἦ.
893 4875 1013 4930 Jam
1049 4877 1121 4947 (ε)
1171 4878 1357 4930 horum
1388 4874 1677 4944 Nic-ephori
1710 4890 1934 4944 operum
1972 4874 2178 4930 fructus
2207 4875 2363 4944 paulo
2389 4877 2566 4931 adhuc
2596 4880 2996 4935 numerosiores
3026 4883 3292 4936 recenseri
3315 4898 3538 4953 queunt.
3570 4888 3704 4943 Nam
3737 4889 3911 4955 primo

677 4966 862 5018 insunt
896 4962 1197 5017 testimonia
1235 4964 1531 5032 degmatica
1601 4962 1666 5016 de
1694 4961 1816 5014 ﬁdei
1845 4960 2076 5014 indubia:
2102 4962 2444 5023 necessitate,
2473 4963 2538 5016 de
2571 4966 2937 5019 sacratissima
2969 4965 3330 5034 Eucharistia,
3355 4973 3418 5025 de
3439 4974 3762 5026 auctoritate
3793 4990 3914 5042 per-

685 5051 950 5120 emptoria
981 5050 1189 5104 concilii
1231 5049 1574 5111 (countenici,
1609 5049 1675 5101 de
1702 5047 1958 5101 Romana:
1982 5047 2238 5102 Ecclesiae
2267 5049 2521 5118 primatu,
2553 5051 2617 5105 de
2656 5053 2984 5122 virginitatis
3023 5054 3248 5119 honore,
3278 5058 3343 5111 de
3384 5059 3592 5127 angelis
3621 5059 3811 5122 nmlta,
3859 5069 3916 5114 et

676 5139 743 5194 de
768 5139 891 5194 aliis
916 5137 1030 5210 (d);
1063 5155 1127 5192 ne
1159 5139 1285 5208 quid
1305 5138 1480 5194 dicam
1506 5138 1571 5190 de
1591 5134 1934 5188 invocatione
1957 5143 2295 5200 sanctorum,
2314 5151 2433 5205 quae
2460 5145 2572 5192 toto
2593 5141 2772 5210 operis
2796 5149 3116 5211 argumento
3132 5146 3563 5200 commendatur.
3591 5145 3731 5200 Sunt
3749 5148 3915 5202 etiam

745 5341 820 5421 (ὁ)
847 5339 974 5421 Qum
1014 5341 1100 5421 hic
1127 5335 2243 5421 rgsecavimusleg'esnpracanitis”.
2356 5340 2673 5421 ςρριιογιιιη,
2707 5353 2869 5414 atque
2921 5345 3022 5399 alia
3075 5347 3140 5402 de
3190 5349 3378 5405 eodem
3417 5349 3721 5421 Nicephoro
3772 5355 3917 5406 dicta

753 5405 823 5474 te)
864 5405 1008 5465 inter
1048 5412 1105 5463 S.
1141 5408 1429 5476 Nicephori
1481 5407 1788 5476 laudatores
1814 5407 2026 5460 excellit
2059 5405 2236 5460 Tlteo-
2355 5405 2669 5465 honoriﬁca.

677 5483 840 5557 dorus
893 5479 1136 5557 Studita,
1171 5475 1332 5557 quem
1377 5491 1474 5557 nos
1497 5476 1730 5557 feliciter
1768 5475 1868 5527 hoc
1913 5477 2098 5557 eodem
2156 5492 2248 5526 vo-
2357 5481 2624 5557 -.λάχεια
2659 5497 2871 5557 ριηςτ.
2908 5483 2962 5537 ἱιι
2995 5484 3146 5554 Apol.
3179 5488 3377 5556 majore
3426 5505 3546 5557 cap.
3590 5489 3683 5556 26,
3739 5491 3917 5547 innuit

678 5553 878 5628 lumine
915 5551 1085 5628 _simul
1145 5543 1378 5601 edimus.
1415 5543 1545 5624 Fuit
1573 5546 1750 5628 enith
1773 5547 1998 5628 minutiis
2029 5545 2244 5628 (⁸3⁸181³0
2354 5543 2694 5628 _I\'ieepholrns
2728 5543 3467 5628 pictorumga'ntimensiornm
3493 5543 3804 5628 'nsnm'(qni
3827 5543 3916 5613 ad;

677 5621 995 5697 familiaris,_
1013 5631 1065 5672 et
1112 5630 1479 5697 aerumnarum
1518 5615 2245 5697 pronortbodoxiaeaantla-
2352 5619 2456 5670 hut:
2494 5621 2543 5671 in
2587 5615 2772 5674 Graeca
2809 5622 3047 5697 Ecclesia
3081 5629 3426 5697 perseverat)
3479 5615 3708 5691 quorum
3729 5615 3914 5684 ἰιηιιιιι

680 5705 857 5745 tarum
885 5690 1088 5763 socius,
1112 5697 1170 5763 et
1198 5685 1412 5763 biennio
1435 5683 1739 5763 anteillum
1768 5685 2113 5763 tit-mortuus.
2146 5685 2242 5763 l_.tj-
2350 5704 2470 5763 cum
2501 5704 2598 5763 ego
2657 5695 2984 5763 aspexerim,
3035 5683 3155 5763 ej'us
3194 5683 3610 5763 descriptionem
3662 5699 3753 5753 hic
3803 5683 3916 5756 non

681 5775 879 5835 guutur
916 5759 1056 5826 apud
1109 5753 1455 5810 Sirmondum
1495 5755 1736 5819 epistolx
1768 5756 1992 5806 studiis:
2043 5755 2106 5805 ad
2155 5755 2250 5806 Μ-
2348 5753 2661 5811 subtraham
2693 5753 2764 5814 ξι
2807 5753 3101 5818 Linteolum
3134 5765 3186 5818 in
3229 5753 3387 5834 cujus
3413 5771 3590 5823 medio
3626 5785 3778 5836 crux.
3809 5753 3910 5827 sui
