3982 6346
144 340 233 403 577

1246 334 1340 393 DE
1379 327 1779 393 PARADISO.
1819 352 1889 364 -
1932 328 2124 388 PARS
2160 326 2207 387 Ι.

3286 326 3390 389 578

141 452 416 518 dum,elad
438 449 729 516 bibendrm,
755 448 1088 518 surrexitque
1106 446 1172 501 ad
1189 443 1686 501 ludendum“.Etli
1742 448 1779 501 Α
1816 444 2001 497 stilus
2036 439 2241 509 angelis
2274 438 2681 508 incorporeum;
2712 439 2882 491 aciem
2914 452 3039 492 vero
3079 434 3242 507 gladii
3274 451 3390 492 ver-

140 547 228 599 bro
241 542 424 613 quinto
450 560 463 593 :
485 539 702 611 Pinguis
720 540 893 609 factus
912 549 987 593 est
1015 537 1203 604 Israel,
1228 546 1277 591 et
1296 535 1592 590 calcitravit
1627 534 1693 586 ⁸¹.

138 638 196 691 Et
222 636 431 707 quidam
449 649 515 689 ex
538 633 874 703 sapientibus
899 632 1162 704 scriptum
1194 631 1408 699 reliquit
1441 648 1453 684 :
1494 628 1705 683 Malun.

137 738 203 783 est
232 726 408 789 otium,
459 738 615 794 atque
674 726 893 795 pigritia
942 723 1184 793 fraudem
1232 723 1372 791 parit
1398 721 1466 776 ⁸³.
1495 720 1698 775 Contra

140 835 255 875 vero
280 858 296 884 ,
331 820 562 882 labores,
609 819 1029 886 turbulentaque
1056 816 1311 870 exercitia
1362 815 1503 868 bona
1552 827 1696 877 esse,

138 919 410 965 attestatur
469 910 660 979 David,
715 924 836 963 corn
878 909 944 963 de
994 908 1253 961 lsraelitis
1302 906 1532 975 loquens
1581 904 1694 958 ait:

110 999 259 1061 .Cum
288 998 539 1052 occideret
570 999 731 1065 ipsos,
763 997 1061 1068 querellam
1083 1013 1221 1062 eum,
1252 1006 1301 1050 et
1327 998 1699 1067 converteban-

137 1102 238 1154 tur,
267 1099 417 1161 atque
444 1090 783 1144 maturabant
847 1089 916 1142 ad
940 1089 1113 1159 ipsum
1144 1088 1212 1141 ".
1245 1089 1308 1142 Et
1338 1087 1464 1141 alibi
1497 1102 1513 1141 :
1538 1086 1697 1153 Bene,

136 1182 320 1247 inquit,
354 1182 479 1234 mihi
522 1190 627 1243 est,
690 1182 827 1251 quod
868 1183 968 1235 sint
1016 1181 1347 1244 humiliatus,
1392 1192 1450 1232 ut
1499 1180 1699 1232 discam

140 1272 388 1325 mandata
443 1282 532 1324 tua
552 1272 618 1326 ".
676 1272 738 1325 Et
771 1271 914 1328 Deus
946 1288 1041 1342 per
1076 1270 1366 1327 Jeremiam
1409 1271 1471 1325 ad
1511 1270 1700 1325 civita-

136 1372 234 1417 tem
272 1360 567 1416 Jerusalem
613 1379 628 1416 :
662 1361 769 1416 Per
826 1362 1029 1432 plagas,
1060 1362 1253 1431 inquit,
1312 1361 1523 1415 erudita
1563 1377 1639 1438 es,
1669 1378 1699 1413 υ

134 1452 424 1507 Jerusalem
460 1453 527 1507 ".
562 1452 1031 1508 RursumPaulus
1066 1471 1079 1508 :
1115 1453 1280 1507 Datus
1317 1462 1416 1517 est,
1450 1455 1547 1517 ait,
1573 1452 1700 1505 mihi

134 1547 369 1598 stimulus
392 1547 444 1596 in
471 1561 680 1597 carnem
712 1561 905 1609 meam,
953 1544 1164 1613 angelus
1197 1543 1435 1609 Satumr,
1474 1559 1536 1596 ne
1571 1543 1696 1611 e/fe-

134 1650 220 1685 rar
238 1633 300 1685 ⁸⁷.
334 1631 631 1686 Conﬁcitur
655 1633 858 1701 itaque,
902 1632 1107 1686 homini
1138 1649 1204 1687 ex
1230 1649 1328 1686 usu
1351 1632 1521 1687 fuisse
1554 1623 1699 1701 quod

134 1725 422 1787 doloribus,
462 1723 866 1791 laboribusque,
906 1734 955 1778 et
983 1725 1276 1780 sudoribus
1317 1725 1587 1779 obnoxius
1616 1733 1699 1777 est

1802 534 1974 591 satilis
2000 532 2166 585 luisse
2201 530 2425 599 ﬁguram
2458 531 2745 598 quamdam
2796 529 2963 595 igneae
2996 529 3197 583 lancea:
3221 544 3385 598 quam

1801 624 2016 681 Chernb
2050 637 2210 675 manu
2262 631 2448 675 tenens
2496 630 2657 688 atque
2688 634 3005 678 coruxcans.
3036 619 3393 687 proterrebat

1803 720 2010 787 primos
2053 723 2306 783 parentes
2345 729 2373 767 a
2424 713 2696 782 paradiso,
2726 712 3057 780 arcebatque
3096 712 3164 763 ah
3194 698 3393 765 arbore

1800 810 1945 861 vitae.
1976 806 2240 861 Cancrum
2293 804 2502 864 lancea-
2544 802 2772 855 formam
2813 804 2936 857 inde
2962 812 3215 870 a-‘gnunt,
3247 803 3389 869 quod

1801 914 1868 953 eo
1921 899 2147 968 mystice
2213 905 2494 966 spectasse
2538 895 2784 949 videatur
2856 895 3040 948 lancea
3108 894 3194 946 illa
3228 907 3388 962 quam

1801 989 2056 1045 Christus
2098 1004 2198 1042 suo
2230 991 2396 1041 latere
2426 987 2640 1054 excepit
2678 1004 2690 1039 :
2722 986 2882 1054 quasi
2905 984 3017 1053 jam
3052 994 3165 1038 tum
3198 994 3380 1053 erepta

1804 1089 1947 1135 esset
1982 1080 2048 1134 de
2089 1094 2250 1134 manu
2311 1078 2551 1140 Chcrub,
2588 1076 2678 1130 illa
2739 1080 2946 1139 lancea,
3009 1074 3388 1145 patelaztaque

1801 1173 1866 1226 ad
1906 1172 2154 1224 arborem
2190 1170 2313 1223 vita:
2371 1168 2479 1222 via.
2526 1168 2628 1221 Alii
2659 1167 2844 1221 dicunt
2869 1170 3038 1220 aciem
3085 1168 3248 1236 gladii
3290 1182 3390 1222 vo-

1800 1272 1977 1319 catam
2031 1277 2175 1323 esse,
2228 1276 2335 1314 non
2377 1259 2582 1314 ferrum
2634 1274 2809 1327 neque
2858 1260 3059 1325 ignem,
3116 1260 3209 1313 Sed
3242 1261 3380 1328 ligu-

1802 1367 1917 1406 rum
1950 1352 2241 1421 quamdam
2293 1350 2463 1407 ensis,
2518 1364 2655 1418 qua:
2689 1349 2842 1415 ignea
2894 1348 3073 1417 specie
3124 1348 3393 1403 collucere

1801 1454 1967 1512 atque
2010 1441 2213 1511 lulgere
2254 1440 2569 1516 Videbatur;
2604 1437 2821 1493 Chcrub
2876 1454 3001 1493 vero
3047 1454 3153 1492 noo
3213 1436 3386 1493 rmle-
3438 1432 3441 1433 ⁷

1803 1544 1938 1590 stem
1976 1518 2209 1602 aliquem
2244 1532 2521 1601 spiritum-
2550 1539 2714 1598 atque
2760 1528 3137 1605 incmporeum
3178 1529 3395 1598 angelo-

1802 1641 1921 1679 rum
1963 1624 2151 1689 l'uisse,
2194 1624 2286 1677 sed
2314 1632 2585 1691 spectrum
2620 1621 2896 1689 quoddam
2953 1621 3273 1684 vehemens;
3305 1620 3389 1672 id-

1803 1735 1908 1791 que
1944 1718 2160 1774 Cherub
2184 1720 2402 1772 nomine
2434 1729 2685 1770 vocatum
2720 1729 2861 1779 csse,
2890 1714 3014 1782 quia
3045 1714 3216 1767 soleat
3244 1712 3390 1765 Scri-

135 1813 364 1867 redditus
411 1831 438 1866 a
480 1816 606 1875 Deo,
662 1824 945 1883 postquam
994 1814 1306 1869 eliminatus
1343 1824 1682 1882 esset,para-
1719 1812 1760 1866 Β
1790 1821 1944 1882 plura
1989 1825 2113 1879 quae
2170 1808 2390 1877 magnis
2430 1807 2639 1861 viribus
2700 1820 3004 1873 magnaque
3046 1802 3386 1857 vehementia

130 1903 277 1958 diso?
311 1903 375 1958 Et
424 1906 622 1958 uersari
660 1905 780 1975 fecit
835 1905 903 1958 ad
935 1906 1182 1958 orientem
1232 1907 1470 1975 paradisi
1496 1951 1499 1955 .
1528 1906 1692 1973 ipsius

131 1997 289 2059 Eden,
318 1994 541 2060 Chcrub,
573 2006 621 2048 et
669 1996 831 2049 aciem
854 1996 1019 2066 gladii
1057 1998 1342 2062 versatilis,
1395 1997 1464 2050 ad
1519 2009 1696 2051 custo-

141 2087 384 2140 diendum
408 2089 511 2141 iter
541 2087 743 2141 arboris
786 2089 924 2143 vita.
971 2088 1027 2142 ln
1065 2088 1290 2144 Hebraeo
1328 2097 1451 2143 est:
1479 2088 1548 2143 Et
1583 2105 1697 2142 ma-

130 2192 245 2230 nere
279 2177 405 2246 fecit
430 2177 495 2230 ab
548 2179 745 2232 oriente
789 2179 1033 2247 paradisi
1086 2179 1388 2234 Cherubim.
1448 2179 1693 2233 Graecum

130 2284 248 2323 vero
277 2270 438 2322 habet
474 2286 488 2321 :
524 2266 592 2319 Et
622 2268 894 2324 collocauit
926 2270 1153 2333 Chcrub,
1196 2279 1244 2323 et
1275 2270 1510 2341 gladium
1538 2271 1695 2340 ﬂam-

60 2366 61 2369 ‘
128 2374 291 2413 meum
320 2359 390 2411 ad
419 2359 820 2415 custodiendum
865 2364 964 2416 iter
990 2361 1192 2416 arboris
1236 2364 1377 2415 vita'.
1419 2362 1697 2433 Signiﬁca—

130 2459 213 2502 tur
244 2458 427 2503 autem
458 2450 545 2505 his
596 2451 797 2515 verbis,
833 2452 1135 2506 custodiam
1162 2450 1380 2506 Chcrub
1429 2460 1483 2505 et
1522 2452 1695 2506 aciem

128 2539 280 2609 gladii
312 2541 633 2597 collocatam
682 2540 853 2598 fuisse
921 2562 952 2599 a
1005 2544 1113 2597 Deo
1151 2544 1218 2597 ad
1259 2543 1401 2598 latus
1439 2542 1699 2599 orientale

127 2632 387 2686 duntaxat
422 2633 682 2703 paradisi,
720 2633 878 2704 quasi
907 2649 971 2689 ex
997 2649 1058 2688 ea
1088 2642 1238 2704 parte
1267 2635 1442 2688 solum
1500 2633 1694 2704 prohi-

128 2722 249 2777 bere
286 2725 559 2777 Adamum
600 2724 832 2781 voluerit
861 2740 969 2780 non
998 2725 1125 2780 item
1165 2725 1234 2779 ab
1259 2726 1380 2780 aliis
1412 2726 1695 2781 lateribus.

127 2812 329 2893 Quippe
374 2814 799 2870 existimandum
851 2824 955 2882 est,
986 2816 1076 2871 ab
1106 2826 1250 2889 ortu
1296 2817 1430 2873 solis
1490 2826 1699 2887 portam

127 2905 291 2987 fuisse
328 2906 651 2976 aditumque
682 2910 919 2977 patuisse
944 2909 999 2962 in
1036 2909 1390 2978 paradisum;
1419 2918 1586 2979 atque
1633 2908 1700 2962 il-

126 2994 201 3051 lac
254 2995 645 3065 introductum,
707 2998 940 3068 illaeque
994 3014 1185 3055 rursus
1243 3012 1491 3055 exactum
1559 3000 1704 3056 Ada-

127 3103 268 3142 nium
304 3103 470 3153 esse;
519 3088 644 3144 inde
673 3089 834 3145 etiam
893 3089 1135 3145 semitam
1178 3088 1346 3148 fuisse
1376 3089 1595 3146 ductam
1638 3093 1692 3146 in

128 3179 358 3234 inedium
402 3182 715 3249 paradisum
748 3182 836 3235 ubi
870 3182 973 3235 sita
1001 3192 1119 3235 erat
1144 3182 1265 3235 vita:
1312 3182 1493 3246 arbor,
1536 3192 1700 3253 atque

1723 3140 1772 3203 Ο

1795 1898 2025 1975 pollent,
2063 1916 2126 1955 ea
2167 1901 2270 1955 hoc
2300 1901 2519 1953 nomine
2580 1899 2826 1951 vocitare
2874 1897 3036 1965 quale
3085 1904 3169 1949 est
3210 1895 3387 1948 illud:

1799 1993 1903 2059 Qui
1930 1993 2176 2063 equitavit
2227 2008 2387 2061 super
2437 1988 2721 2053 Cherubos,
2766 1999 2813 2042 et
2846 1988 3038 2070 notavit
3068 1988 3135 2050 ⁸⁸,
3181 1986 3390 2055 signiti-

1800 2094 1897 2141 cat
1921 2087 2067 2141 cnim
2098 2086 2267 2141 Deum
2308 2100 2499 2153 magna
2527 2085 2579 2137 vi
2618 2082 2923 2145 advenisse,
2956 2088 3010 2134 et
3043 2079 3215 2134 veluti
3256 2079 3390 2132 insi-

1797 2179 2009 2233 dentem
2043 2176 2308 2232 Cherubis
2334 2175 2675 2244 apparuisse,
2695 2175 2798 2229 hoc
2818 2183 2922 2234 est,
2955 2180 3203 2239 potenter
3223 2184 3387 2223 eser-

1798 2271 1980 2326 cuisse
2011 2272 2316 2340 imperium.
2356 2268 2671 2325 Secundum
2705 2269 2804 2322 hos
2835 2266 3035 2320 habent
3077 2264 3182 2318 ista
3218 2262 3388 2316 Mosis

1805 2361 1967 2414 verba
1998 2360 2142 2413 hunc
2185 2374 2429 2422 sensum,
2471 2359 2614 2427 quod
2674 2358 2817 2411 Deus
2876 2354 3225 2409 coristituerit
3260 2365 3382 2420 spe-

1799 2462 1976 2515 cirum
2010 2451 2280 2522 quoddam
2313 2449 2604 2504 vehemens
2632 2462 2695 2502 ac
2726 2446 2967 2501 terribile
3022 2460 3122 2514 pro
3172 2444 3380 2499 lortous

1799 2550 1966 2613 inque
2000 2542 2119 2611 ipso
2169 2536 2315 2596 aditu
2346 2542 2583 2611 paradisi
2622 2539 2806 2609 specie
2846 2538 3142 2591 animantis
3186 2536 3373 2605 cujus-

1802 2636 1967 2705 piam,
2009 2628 2313 2689 deterrendi
2360 2632 2757 2697 coercendique
2801 2628 3235 2705 Adamigcausa.
3283 2626 3387 2681 Af-

1802 2724 1986 2780 ferunt
2042 2735 2222 2779 autem
2274 2726 2327 2778 1ιὶ
2358 2736 2471 2779 suae
2522 2726 2807 2778 sententia:
2868 2723 3014 2777 hanc
3074 2722 3385 2776 ratiunem:

1800 2817 2034 2881 Nomen,
2088 2815 2359 2886 inquiunt,
2422 2815 2648 2871 Chcrub
2678 2815 2745 2869 ad
2795 2814 3040 2885 juvenile
3103 2815 3382 2884 quoddam

1800 2909 1971 2965 robur
2021 2909 2241 2977 proprie
2266 2916 2493 2974 spectat,
2536 2906 2853 2975 acproinde
2886 2905 3184 2961 Cherubini
3225 2907 3388 2975 spirio

1792 2995 2033 3056 .tusDeo
2070 2995 2361 3051 viciniores
2394 2995 2682 3058 assistunt,
2728 3010 2828 3051 nec
2869 2996 2936 3050 ad
2983 3008 3157 3051 terras
3189 2996 3387 3051 deruit-

1805 3096 2026 3151 tuntur;
2084 3102 2261 3157 neque
2292 3087 2436 3140 enim
2488 3086 2780 3156 Scriptura
2818 3088 2884 3141 iis
2939 3084 3385 3156 procurationem

1804 3177 2041 3245 aliquam
2093 3176 2147 3228 in
2175 3174 2338 3230 terris
2379 3177 2649 3245 assignat,
2684 3178 2777 3231 sed
2807 3178 2983 3247 angeli
3021 3188 3150 3233 sunt
3192 3181 3284 3249 qui
3320 3182 3384 3233 ad

128 3270 239 3323 ideo
275 3286 341 3325 ne
374 3286 567 3327 rursus
610 3272 903 3341 aliquando
965 3271 1155 3335 Adam,
1201 3273 1325 3328 illac
1358 3287 1416 3326 se
1451 3274 1595 3329 intra
1621 3290 1706 3329 rc.
1804 3277 2004 3323 terram
2040 3267 2381 3335 ablegantur,
2434 3282 2633 3336 resque
2687 3268 2739 3321 in
2788 3283 2850 3321 ea
2895 3269 3285 3325 administrant
3328 3282 3386 3326 et

127 3363 346 3428 eiperet,
404 3364 705 3418 custodiam
739 3363 811 3418 ibi
841 3378 961 3419 esse
1006 3364 1276 3418 collatam.
1306 3363 1576 3419 Craterum
1606 3382 1703 3421 cur

124 3453 528 3506 custodiendam
588 3454 710 3506 vitae
771 3454 1040 3517 arborem,
1098 3453 1500 3523 arcendumque
1540 3456 1609 3508 ab
1639 3469 1701 3508 ea

124 3543 385 3596 Adamum
428 3544 661 3595 voluerit
709 3542 873 3606 Deus,
906 3552 1031 3597 ante
1076 3552 1162 3597 est
1190 3558 1218 3595 a
1252 3544 1408 3597 nobis
1454 3544 1698 3613 dictum;

125 3649 225 3701 quo
267 3637 369 3688 hoc
396 3636 557 3687 etiam
598 3632 901 3687 addendum
930 3644 1204 3702 putamus,
1230 3647 1295 3685 eo
1323 3648 1540 3703 quoque
1571 3648 1702 3702 Spe.

127 3735 299 3780 classe
340 3725 644 3779 custodiam
690 3731 750 3778 ut
796 3723 1119 3792 intelligeret
1175 3722 1419 3778 Adamus
1475 3740 1698 3793 prorsus

124 3818 447 3885 preclusum
494 3814 599 3870 sibi
634 3814 842 3869 aditum
882 3829 1005 3869 esse
1048 3829 1142 3884 per
1172 3824 1479 3884 peccatum,
1524 3830 1699 3884 eoque

124 3910 504 3977 pertinaciore,
560 3908 665 3961 hoc
725 3907 850 3961 odio
894 3915 1337 3977 prosequeretur,
1387 3906 1699 3975 maioreque

123 3987 245 4053 cura
270 4000 551 4053 vitandum
589 3998 692 4053 sibi
730 3998 783 4052 in
826 4008 1102 4068 posterum
1146 4007 1359 4067 putaret
1387 3999 1542 4066 quasi
1573 3996 1687 4051 lon-

123 4101 224 4144 tem
266 4080 543 4145 tanlorum
583 4091 873 4155 malorum,
911 4091 963 4143 in
1000 4103 1118 4158 quae
1148 4089 1289 4142 mala
1317 4103 1383 4142 ex
1415 4089 1540 4141 vitae
1572 4096 1697 4142 ante

122 4194 401 4251 peccatum
436 4192 591 4247 actae,
628 4196 751 4236 cum
782 4195 845 4235 ea
870 4181 924 4234 in
952 4195 1057 4249 qua
1084 4194 1232 4234 nunc
1264 4188 1529 4241 versetur,
1548 4194 1697 4233 com-

122 4275 399 4342 paratione
464 4274 622 4329 facile
675 4272 1013 4343 intelligeret.
1078 4270 1347 4329 Praeterea
1410 4272 1693 4341 magniﬁca

122 4364 206 4418 illa
241 4364 487 4418 custodia
520 4362 762 4433 (Chcrub
804 4363 946 4426 dico,
972 4372 1025 4417 et
1068 4364 1238 4418 aciem
1275 4363 1437 4432 gladii
1471 4364 1701 4419 versati-

1804 3358 2141 3428 dispensant.
2186 3357 2387 3412 Verum
2416 3361 2630 3428 priores
2683 3360 2778 3423 illi,
2824 3362 2971 3415 inter
3001 3378 3139 3431 quos
3205 3365 3384 3419 domi-

1803 3467 1934 3506 num
1961 3450 2227 3505 Iacobum
2286 3452 2649 3521 Sarugensem
2705 3466 2827 3506 esse
2860 3454 3121 3520 diximus,
3181 3468 3383 3527 negant

1802 3544 1941 3597 hanc
1964 3558 2087 3596 esse
2122 3543 2360 3609 nominis
2390 3541 2610 3597 Chcrub
2634 3547 2910 3598 notionem
2936 3562 2950 3609 ;
2989 3547 3099 3601 imo
3130 3548 3379 3603 ordinem

1800 3636 2090 3705 quemdam
2145 3635 2453 3690 cmlestinm
2499 3634 2789 3703 spirituum
2825 3651 2931 3691 non
2965 3640 3381 3707 aspectabilium

1799 3727 2102 3797 signiﬁcare
2138 3727 2240 3781 hoc
2269 3727 2592 3781 vocabulum
2636 3730 2826 3795 aiunt;
2893 3732 3084 3799 quales
3114 3747 3380 3801 apparue-

1800 3828 1926 3873 runt
1974 3818 2330 3882 Ezechieli”,
2366 3828 2421 3872 et
2481 3833 2713 3887 quorum
2784 3821 3075 3873 simulacra
3134 3823 3379 3889 quedam

1798 3920 1955 3963 erant
1987 3910 2040 3962 in
2072 3909 2247 3976 adytis
2279 3909 2612 3963 tabernaculi
2644 3910 2844 3977 posita,
2877 3913 3055 3981 itaque
3095 3913 3378 3979 geniorum

1796 4000 2096 4056 cmlestium
2146 3999 2381 4067 aliquem
2434 4000 2613 4068 potius
2671 4001 2843 4055 fuisse
2882 4010 3171 4055 autumant
3203 4002 3380 4072 ipsum

1794 4089 2033 4149 Chcrub.
2062 4089 2154 4157 qui
2181 4088 2323 4157 genii
2353 4088 2603 4143 cmleste's
2624 4088 2809 4142 dolent
2832 4089 2876 4142 si
2909 4091 3129 4151 quando
3155 4101 3382 4161 peccent

1796 4178 2050 4233 mortales
2076 4178 2209 4249 (ξε),
2241 4194 2306 4233 ac
2350 4194 2546 4234 rursus
2630 4181 2829 4250 gaudio
2889 4182 3197 4236 alliciuntnr
3253 4198 3377 4236 cum

1797 4270 1921 4325 illos
1979 4268 2303 4323 delictorum
2362 4270 2609 4339 poenitet,
2671 4282 2731 4324 ut
2781 4272 2857 4326 ait
2908 4272 3187 4330 Dominus.
3250 4274 3381 4329 Erat

1793 4360 1956 4431 igitur
1981 4360 2199 4416 Chcrub
2226 4370 2413 4417 custos
2445 4363 2702 4429 paradisi,
2735 4363 3038 4418 caelestium
3081 4366 3374 4434 spirituum

122 4454 205 4525 lis)
254 4455 324 4510 ob
384 4456 573 4511 oculos
627 4454 785 4509 nobis
841 4454 994 4524 ponit
1049 4454 1443 4525 praecellentem
1493 4455 1705 4523 arboris
1733 4476 1779 4534 υ
1812 4466 1953 4506 unus
1982 4440 2179 4521 aliquis
2208 4459 2402 4506 tenens
2433 4452 2673 4506 lanceam
2724 4454 2960 4524 igneam,
3015 4471 3246 4527 eamque
3280 4462 3359 4513 vi-

123 4546 239 4599 vitie
274 4546 616 4616 dignitatem.
661 4543 812 4611 Quod
844 4560 970 4601 vero
1000 4545 1308 4600 versatilem
1334 4545 1571 4614 gladium
1608 4547 1693 4601 di-

120 4636 209 4700 cit,
240 4644 498 4706 perpetua
526 4650 649 4689 cum
682 4637 972 4705 agitatione
1002 4636 1108 4691 huc
1131 4636 1264 4690 illud
1282 4637 1551 4690 vibratum
1571 4653 1692 4693 esse

120 4726 407 4795 signiﬁcat,
447 4740 675 4782 corusco
706 4726 913 4795 fulgore
954 4727 1085 4781 inde
1126 4728 1390 4783 emicante
1438 4742 1548 4798 quo
1600 4728 1697 4782 ob-

123 4820 383 4874 tuentium
420 4820 565 4874 oculi
615 4834 720 4874 non
770 4821 890 4874 sine
950 4822 1177 4875 horrore
1210 4822 1686 4890 perstringeretur.

121 4910 374 4980 Superest
420 4920 479 4965 ut
527 4912 593 4967 de
622 4912 839 4966 Chcrub
872 4922 925 4967 et
960 4914 1140 4981 gladio
1171 4912 1469 4977 videamus,
1502 4913 1691 4983 cujus-

123 4998 264 5054 modi
332 5014 417 5054 res
465 4999 682 5054 fuerint.
739 5000 999 5056 Dominus
1049 4999 1218 5056 Jacob
1259 5000 1581 5073 Sarugensis
1629 5018 1692 5057 ea

122 5090 364 5145 oratione
398 5106 558 5159 quam
598 5093 663 5146 de
700 5092 983 5155 Passione,
1022 5102 1075 5147 et
1122 5109 1313 5150 rursus
1343 5109 1405 5149 ea
1434 5110 1597 5164 quam
1627 5096 1694 5149 de

122 5180 360 5235 Ascensu
388 5182 642 5251 scripsit;
702 5193 753 5237 et
784 5199 905 5238 cum
940 5199 1006 5237 eo
1036 5184 1129 5237 alii
1176 5184 1364 5240 dicunt
1412 5188 1689 5241 custodem

124 5273 355 5338 paradisi
393 5273 611 5330 Chcrub
658 5274 825 5331 fuisse
855 5290 1020 5328 unum
1057 5278 1381 5346 quemqiam.
1429 5293 1495 5331 ex
1530 5279 1693 5334 cccle-

1810 4542 1975 4597 brans
2018 4551 2181 4610 atque
2225 4556 2543 4604 coruscans,
2592 4553 2643 4597 et
2671 4546 2873 4611 primos
2922 4558 3175 4616 parentes
3203 4550 3379 4604 deter-

1804 4648 1929 4689 rens
1959 4632 2027 4688 ab
2053 4648 2305 4698 excessu,
2338 4644 2399 4689 ut
2430 4636 2600 4690 sensit
2624 4638 2878 4693 dominus
2915 4638 3149 4695 Jacohus
3204 4640 3375 4697 Saru—

1801 4725 2008 4796 gensis,
2068 4735 2125 4793 et
2181 4726 2430 4797 plerique
2460 4745 2584 4783 eum
2619 4744 2685 4784 eo
2715 4731 2957 4799 ejusdem
2990 4742 3152 4787 sectae
3182 4736 3302 4790 viri.

1870 4815 1977 4871 Sed
2000 4817 2109 4887 jam
2138 4828 2192 4872 et
2216 4819 2391 4887 locus,
2424 4831 2480 4875 et
2525 4831 2735 4890 tempus
2765 4828 3061 4891 postulant,
3100 4836 3155 4880 ut
3186 4828 3375 4895 dispu-

1798 4910 1961 4963 tando
1993 4910 2403 4981 investigemus,
2444 4928 2623 4968 unone
2664 4916 2963 4986 eodemque
3013 4918 3101 4972 die
3144 4933 3211 4970 an
3251 4919 3373 4986 plu-

1800 5003 1949 5069 ribus
1966 5002 2082 5057 hac
2111 5007 2294 5059 omnia
2326 5014 2476 5076 gesta
2507 5006 2618 5061 sint
2649 5023 2664 5059 :
2699 5017 2914 5065 creatus
2942 5008 3376 5073 Adam,‘immis—

1800 5110 1893 5151 sus
1920 5094 1974 5149 in
2012 5096 2346 5163 paradisum,
2380 5096 2483 5150 lata
2526 5098 2633 5161 lex,
2695 5098 2865 5153 indita
2922 5100 3144 5153 nomina
3185 5100 3374 5157 bestiis

1800 5195 1855 5241 et
1910 5185 2251 5253 volucribus,
2284 5187 2497 5242 condita
2526 5186 2661 5253 Eva,
2698 5190 2907 5259 decepti
2941 5206 3038 5259 per
3065 5202 3367 5262 serpentem

1800 5278 1959 5349 primi
1988 5288 2262 5349 parentes,
2300 5278 2500 5335 violata
2552 5282 2661 5345 lcs,
2706 5280 3044 5339 vindicatum
3082 5285 3137 5338 in
3168 5287 3367 5341 noxios

188 5438 234 5471 ⁸¹
266 5434 436 5509 Exod.
483 5452 651 5501 χχχιι,
686 5436 737 5491 6.
785 5436 831 5509 ἐ
864 5436 1017 5509 Dent.
1046 5452 1212 5509 xxxii,
1250 5437 1352 5509 l5.
1384 5436 1430 5509 ξ’
1457 5434 1619 5509 Prov.
1657 5453 1685 5491 χ

1801 5437 1856 5491 ll
1884 5454 1899 5502 ;
1926 5454 2115 5509 smn,
2149 5438 2232 5494 l9.
2274 5439 2333 5471 ’⁸⁸
2366 5438 2513 5496 Psal.
2547 5452 2745 5507 Lxxvtt,
2772 5440 2868 5497 54.
2925 5440 3129 5497 "Psal.
3153 5455 3344 5509 cxvnt,

126 5506 207 5564 7i.
285 5508 330 5538 "
363 5508 472 5565 Jer.
511 5508 659 5574 vt,8.
736 5509 777 5540 ⁸’
818 5508 1017 5585 llCor.
1049 5522 1146 5573 xu,
1180 5508 1233 5560 ’1.
1312 5507 1355 5538 ⁸⁸
1386 5507 1685 5575 l’sal.xvn,

1893 5508 1937 5539 ”
1972 5510 2171 5564 Ezech.
2221 5524 2260 5575 I,
2291 5510 2358 5565 l5
2405 5526 2557 5580 seqq.

194 5664 301 5750 liti)
333 5666 519 5750 Caute
542 5668 694 5750 lege;
724 5684 847 5724 nam
877 5671 1050 5750 angeli
1087 5670 1300 5750 proprie
1351 5684 1457 5750 non
1482 5670 1671 5750 dolent

333 5674 519 5748 .Caute
543 5674 694 5748 lege;
724 5684 847 5724 nam
877 5674 1050 5748 angeli
1087 5674 1300 5748 proprie
1351 5684 1457 5748 non
1482 5674 1671 5748 dolent
1782 5689 1797 5727 ι
1835 5682 1973 5743 part.
2006 5683 2201 5741 qumsl.
2231 5674 2355 5748 “5,
2377 5682 2481 5729 art.
2508 5674 2538 5726 7
2558 5711 2573 5739 ,
2632 5674 2727 5729 sed
2765 5683 2967 5728 tantum
2997 5676 3365 5748 metaphptice

128 5746 215 5788 aut
278 5739 561 5794 tristantur
604 5742 672 5797 de
734 5738 973 5807 recentis
1030 5738 1332 5812 hominum,
1374 5741 1429 5797 S.
1482 5739 1676 5800 Thom.
1788 5738 1910 5799 cum
1957 5738 2207 5801 universe
2233 5746 2461 5801 salutem
2496 5738 2740 5802 uestram
2770 5747 3010 5805 cupiant.
3145 5738 3162 5748 ’
3212 5738 3227 5750 “

1788 5758 1910 5799 cum
1957 5758 2207 5801 universe
2233 5746 2461 5801 salutem
2496 5753 2740 5802 nostram
2770 5747 3010 5805 cupiant.
