3982 6346
616 314 717 377 5Ὶ9
1871 293 2097 354 MOSIS
2140 290 2219 351 BA

2328 285 2575 349 CEPHA
3725 271 3815 333 580

617 423 879 492 eiectique
917 419 1150 486 denique
1179 415 1254 470 illi
1302 421 1452 466 extra
1483 409 1813 481 paradisum.
1846 406 1922 462 De
1971 407 2070 460 hac
2113 418 2171 459 re
2200 409 2242 464 Α
2270 417 2417 466 cere,
2455 398 2614 468 cujus
2657 379 2906 467 polentia.
2946 402 3170 462 prorsus
3217 383 3481 487 voluntati
3528 385 3818 484 respondet.

622 470 701 568 iia
748 470 910 567 sentit
956 470 1306 567 Phiioxenus,
1363 470 1608 558 oratione
1654 515 1814 569 quam
1839 498 2056 568 scripsit
2107 497 2175 552 de
2278 491 2370 546 sed
2391 489 2517 560 quia
2553 501 2656 542 non
2686 483 2819 540 satis
2841 488 3263 536 consentaneum
3289 474 3502 530 videtur
3524 485 3587 529 ea
3615 470 3700 527 sic
3719 482 3819 525 aeta

624 558 1368 664 authors—rite"et‘domin'us
1398 594 1626 662 Ephrem
1670 558 2090 645 Comment-ariis
2119 587 2172 642 in
2280 558 2422 636 esse.
2476 577 2543 631 Et
2572 587 2700 630 vero
2727 572 2774 628 si
2806 571 2978 625 Adam
3007 566 3169 664 etiam
3217 562 3575 664 tum-nullum
3605 558 3824 660 paradisi

513 743 519 752 .
622 693 898 755 Genesim,
956 650 1114 758 atque
1166 685 1327 741 etiam
1403 650 1654 738 dominus
1721 679 1950 735 Jacobus
2011 679 2179 734 Saru-
2256 669 2516 725 .i’ructum
2542 670 2810 734 gustasset
2838 667 3027 731 praeter
3045 656 3269 712 vetitum
3300 653 3474 717 illum,
3505 665 3685 721 neque
3709 650 3828 704 satis

2290 761 2468 815 adhuc
2494 766 2588 812 aut
2617 756 2794 810 locum
2834 753 3029 822 ipsum,
3063 757 3156 804 aut
3174 747 3290 817 ejus
3315 744 3539 800 delicias
3565 742 3830 811 expertus.

2288 853 2460 907 solum
2502 847 2752 902 vertisset
2790 860 2804 898 ε
2843 841 2934 913 qui
2977 840 3241 910 petuisset
3266 851 3365 906 per
3384 833 3831 904 comparationem

2289 957 2353 997 ex
2371 942 2490 1012 ejus
2507 947 2665 994 terrm
2687 936 2827 990 unde
2839 933 3112 988 exciderat
3128 929 3402 992 felicitate,
3429 940 3576 986 eam,
3602 925 3660 978 in
3689 930 3833 992 quasi

2290 1029 2694 1090 detrudebatur,
2712 1024 2929 1086 duram,
2950 1020 3244 1085 horridam,
3268 1027 3431 1087 atque
3446 1013 3715 1071 infelicem
3735 1011 3836 1066 exi-

2294 1119 2548 1179 stimare?
2576 1117 2677 1174 Sed
2713 1117 2863 1172 dices
2895 1130 2910 1168 :
2942 1111 3208 1167 Audivere
3245 1124 3430 1165 vocem
3477 1107 3569 1162 Dei
3598 1104 3840 1175 gradien-

2295 1214 2368 1269 tis
2400 1226 2496 1282 per
2525 1208 2832 1280 paradisum
2858 1207 2946 1262 die
2968 1205 3080 1276 jam
3111 1213 3222 1260 tum
3250 1201 3532 1263 inclinato,
3557 1195 3698 1268 pulsi
3725 1207 3839 1263 ergo

2297 1311 2425 1359 sunt
2447 1316 2514 1357 eo
2563 1299 2668 1355 die.
2706 1296 2870 1366 Atqui
2899 1295 3177 1365 Scriptura
3200 1305 3308 1346 non
3339 1290 3490 1375 dicit,
3522 1302 3651 1341 eum
3690 1284 3842 1338 luisse

625 781 830 853 gensis,
863 777 1101 832 oratione
1120 772 1186 826 de
1216 771 1491 832 Passione,
1520 777 1573 821 et
1601 783 1724 820 cum
1751 766 1835 821 his
1858 766 1968 832 alii,
1999 765 2178 819 omnia

630 876 740 927 haec
775 870 958 924 eodem
1001 879 1111 919 uno
1137 864 1223 918 die
1249 863 1338 932 qui
1373 869 1557 916 sextus
1584 867 1700 913 erat
1728 873 1758 911 a
1793 856 2008 912 condito
2046 856 2183 910 caelo

629 973 902 1039 terraque,
955 964 1078 1010 acta
1128 965 1290 1023 atque
1325 949 1572 1005 coniecta
1612 963 1775 1004 esse:
1811 948 2032 1015 ejusque
2085 944 2181 1010 rei,

629 1036 737 1106 duo
774 1049 984 1104 iaciunt
1013 1052 1328 1115 argumenta
1364 1058 1378 1096 :
1407 1041 1655 1104 alterum,
1687 1037 1830 1108 quod
1853 1038 2029 1091 adhuc
2053 1036 2185 1090 nihil

630 1141 872 1195 odissent
934 1137 1105 1190 Adam
1155 1146 1437 1202 uxorque;
1487 1143 1610 1184 nam
1659 1129 1705 1182 si
1738 1134 2018 1182 vescentes
2062 1135 2188 1181 ante

629 1232 854 1286 vidisset
880 1241 1118 1298 serpens,
1146 1226 1368 1280 minime
1396 1223 1626 1278 dixisset
1651 1221 1715 1275 ad
1748 1220 1909 1274 Evam
1942 1236 1956 1273 :
1999 1218 2189 1272 Verene

631 1323 789 1391 iussit
830 1321 985 1382 Deus,
1030 1333 1091 1372 ne
1121 1317 1340 1371 ederetis
1371 1315 1434 1370 de
1476 1315 1617 1368 omni
1663 1311 1850 1366 arbore
1901 1309 2136 1380 paradisi
2166 1310 2192 1364 2

632 1381 751 1468 iam
783 1426 908 1467 vero
954 1381 1000 1466 si
1040 1413 1211 1465 multo
1239 1417 1365 1463 ante
1397 1407 1599 1462 conditi
1644 1405 1897 1468 fuissent,
1929 1402 2195 1471 nequivis-
2299 1394 2438 1449 diem
2465 1405 2574 1462 quo
2605 1389 2858 1446 conditus
2889 1385 3066 1441 fuerat
3103 1384 3367 1439 Adamus.
3396 1381 3520 1436 Pari
3560 1391 3697 1471 ergo
3723 1389 3841 1430 con-

636 1513 758 1559 sent
797 1502 974 1556 adhuc
1024 1500 1230 1570 absque
1266 1499 1410 1554 lame
1454 1505 1509 1553 et
1545 1497 1668 1552 cibo
1718 1495 1882 1550 vitam
1949 1469 2193 1548 tolerare.
2302 1483 2496 1540 feceris
2525 1481 2754 1546 ratione.
2781 1480 2968 1535 eodem
3014 1477 3103 1532 die
3157 1485 3212 1532 et
3236 1473 3498 1529 Joannem
3557 1469 3842 1540 Baptislm

634 1596 873 1648 Alterum
907 1561 1244 1663 petitum-est
1271 1605 1334 1646 ex
1367 1590 1434 1645 iis
1465 1603 1586 1660 quae
1607 1601 1800 1659 passus
1827 1594 1910 1641 est
1938 1583 2198 1638 Dominus
2301 1584 2359 1631 et
2378 1573 2653 1631 Christum
2675 1571 2908 1636 venisse,
2939 1566 3375 1639 quandoquidem
3395 1563 3638 1620 historiae
3671 1561 3845 1624 series,

637 1688 824 1737 noster
837 1653 1123 1748 Christus;
1155 1694 1218 1735 ea
1240 1678 1389 1746 enim.
1407 1653 1743 1732 emendando
1764 1673 1953 1729 Adami
1979 1672 2199 1733 delicto,
2231 1740 2272 1748 _
2305 1667 2386 1723 eis
2413 1665 2607 1721 diebus
2633 1663 2832 1733 quibus
2859 1660 3107 1731 apparuit
3129 1659 3239 1723 ille,
3263 1657 3423 1727 hujus
3450 1655 3593 1710 diem
3632 1653 3845 1722 subjun-

639 1780 832 1826 exacto
854 1781 1040 1825 tenore
1063 1740 1389 1841 respondere
1411 1769 1580 1823 aiunt.
1602 1766 1760 1823 Verbi
1779 1769 1950 1838 gratia
1976 1785 1991 1825 :
2015 1765 2198 1831 Sexto,
2231 1740 2276 1800 Β
2302 1760 2397 1831 git.
2429 1758 2536 1815 Sed
2571 1772 2748 1837 neque
2776 1755 2909 1810 illud
2941 1753 3073 1807 satis
3102 1753 3316 1806 ﬁrmum
3339 1757 3423 1805 est
3457 1753 3845 1817 argumentum,

637 1863 917 1932 inquiunt,
947 1861 1035 1916 die
1072 1839 1289 1916 creatus
1317 1868 1400 1915 est
1426 1860 1620 1924 Adam,
1644 1858 1831 1916 eodem
1861 1859 2201 1914 excruciatus
2281 1869 2404 1909 .cur
2437 1865 2781 1924 prtpropera
2837 1847 3185 1904 festinatione
3237 1839 3633 1896 conturhemus
3683 1846 3846 1890 rerum

639 1927 731 2006 est
757 1950 1016 2006 Dominus
1053 1960 1254 2016 noster,
1304 1951 1358 2006 in
1390 1951 1508 2021 ejus
1562 1951 1667 2006 diei
1715 1950 1869 2005 initio
1907 1949 1993 2003 ille
2022 1956 2105 2004 est
2134 1963 2198 2004 ex
2303 1959 2570 2016 gestarum
2594 1943 2814 2007 seriem,
2840 1949 3000 2008 atque
3039 1937 3202 1991 unius
3227 1932 3582 2004 ejusdemque
3611 1927 3849 1994 dieispa-

640 2040 754 2092 luto
776 2039 1125 2108 compositus,
1167 2039 1255 2094 hic
1285 2039 1411 2094 item
1441 2039 1508 2094 ad
1541 2039 1772 2094 tribunal
1797 2049 2021 2106 raptus;
2072 2038 2202 2091 hora
2301 2037 2381 2091 tio
2418 2045 2526 2090 tam
2562 2035 2729 2089 multa
2766 2031 3178 2092 concludamus,
3225 2024 3370 2097 quod
3402 2024 3469 2079 de
3500 2020 3711 2078 Christi
3741 2034 3849 2074 eruo

640 2127 788 2182 illius
817 2130 922 2184 diei
954 2130 1106 2183 tertia
1151 2129 1405 2186 inductus
1440 2139 1526 2186 est
1561 2132 1615 2186 in
1647 2131 1979 2202 paradisum,
2004 2139 2057 2184 et
2079 2127 2207 2184 Ser-
2303 2126 2536 2181 ciatihus
2578 2124 2798 2202 allptum
2869 2129 2971 2178 est.
3022 2120 3157 2174 Nam
3207 2127 3267 2172 ut
3325 2116 3553 2172 libentes
3613 2113 3850 2171 fatemur.

644 2229 798 2274 vator
823 2229 1010 2275 noster
1039 2220 1196 2275 tertia
1223 2221 1356 2276 hora
1385 2200 1664 2277 extractus
1693 2230 1862 2277 estex
1894 2221 2026 2276 urbe
2050 2218 2206 2275 Jeru-
2305 2215 2582 2270 Christum
2621 2200 2709 2269 die
2740 2209 2897 2269 sexto
2925 2209 3243 2266 emendasse
3276 2216 3440 2278 atque
3468 2200 3726 2274 expiasse
3752 2215 3854 2272 qua

2306 2310 2375 2362 ab
2425 2306 2634 2360 Adamo
2685 2304 2924 2358 admissa
3006 2298 3239 2362 fuerant,
3313 2299 3392 2352 ita
3450 2296 3563 2350 ﬁeri
3630 2293 3854 2364 potuisse

2308 2395 2684 2452 contendimus
2719 2403 2778 2448 ut
2825 2390 3085 2457 Adamus,
3145 2404 3266 2445 enm
3319 2385 3411 2442 die
3467 2384 3679 2441 conditi
3731 2384 3855 2438 orbis

2309 2482 2460 2544 sexto
2507 2487 2651 2541 esset
2683 2491 2901 2540 creatus
2929 2489 3088 2553 atque
3120 2479 3308 2536 eodem
3349 2474 3510 2534 etiam
3530 2476 3854 2549 deliquisset.

2309 2580 2416 2634 alio
2463 2578 2551 2635 die
2585 2585 2766 2640 sexto.
2799 2588 2900 2647 pro
2933 2588 2996 2630 ea
3019 2572 3230 2629 dierum
3271 2569 3412 2626 serie
3453 2582 3560 2640 qua
3587 2579 3858 2624 recurre-no

2311 2679 2397 2726 tes
2427 2674 2800 2731 recensentur,
2836 2663 2920 2719 sui
2959 2661 3143 2734 ﬂagitii
3176 2659 3570 2717 condemnatus
3599 2671 3637 2713 ι
3667 2657 3781 2712 Deo
3806 2657 3860 2708 sit

2313 2770 2479 2832 atque
2528 2759 2842 2814 eliminatus
2875 2756 3148 2834 paradiso.
3179 2746 3468 2807 Enimvero
3517 2744 3649 2821 quis
3701 2747 3863 2803 credat

657 2849 981 2905 obscuratus
1037 2857 1144 2915 est,
1195 2860 1359 2920 atque
1383 2852 1632 2905 universa
1669 2861 1916 2908 creatura
1942 2851 2087 2906 luctu
2119 2865 2215 2906 co-
2315 2853 2461 2925 (cum
2495 2849 2903 2922 amplissimum
2947 2854 3095 2902 esset
3157 2843 3394 2916 paradisi
3457 2841 3726 2912 spatium)
3772 2852 3864 2892 uno

655 2937 1062 3006 operata,quasi
1093 2939 1341 2992 reirieata
1364 2938 1575 3012 pristini
1592 2937 1720 2993 Ada
1745 2953 1906 2994 casus
1931 2939 2213 2994 memoria.

2323 2944 2405 3000 die
2439 2941 2704 2997 Adamum
2735 2953 2857 2996 esse
2879 2951 3152 3009 egressum
3176 2935 3242 2990 ad
3273 2931 3596 3003 imponenda
3634 2929 3866 2986 animan-

658 3028 851 3128 l-llapsa
880 3027 1072 3128 deinde
1100 3042 1245 3082 nona
1300 3029 1458 3128 hora,
1509 3029 1782 3128 dissipata
1805 3037 1966 3128 atque
2241 3070 2287 3128 ε
2316 3036 2462 3092 tibus
2499 3032 2744 3100 nomina,
2771 3027 3074 3098 eodemque
3120 3025 3410 3082 revertisse
3431 3024 3486 3080 in
3510 3023 3754 3078 medium
3785 3035 3862 3090 pa-

648 2310 841 2374 salem,
867 2310 1107 2365 humeris
1133 2326 1349 2367 crucem
1379 2328 1531 2367 suam
1558 2311 1845 2381 bajulans;
1863 2319 1917 2366 et
1947 2325 2053 2380 quo
2073 2319 2207 2363 tem-

646 2415 777 2469 pore
807 2403 979 2456 Adam
1012 2419 1205 2458 manus
1237 2405 1506 2474 protendit
1529 2405 1594 2459 ad
1619 2404 1981 2473 decerpeudos
2001 2401 2207 2456 fructus

649 2497 891 2561 negatos,
918 2492 1106 2547 eodem
1123 2493 1374 2548 Christus
1389 2510 1516 2549 suas
1535 2494 1792 2549 distendit
1808 2507 1966 2562 super
1982 2493 2206 2562 lignum.
2245 2553 2248 2557 _

652 2582 860 2638 ilursus
891 2597 922 2638 a
953 2594 1104 2638 sexta
1137 2584 1204 2638 ad
1241 2601 1438 2640 nonam
1468 2587 1655 2640 horam
1683 2593 1880 2640 exutus
1911 2565 2204 2640 caldam

653 2686 750 2725 sua
774 2671 965 2740 gloria,
998 2687 1254 2752 noxa-que
1277 2674 1514 2752 deditus,
1554 2673 1737 2743 itaque
1773 2682 1837 2728 et
1873 2673 1945 2729 υἱ)
1994 2687 2207 2731 crucem

652 2760 878 2816 Christi.
927 2758 1022 2816 Sol
1056 2776 1086 2815 a
1117 2749 1271 2816 sexta
1292 2749 1366 2816 ad
1406 2775 1627 2824 nonam,
1665 2760 1869 2820 amisso
1931 2761 2213 2829 splendore

661 3125 788 3169 sunt
838 3117 1102 3182 tenebras;
1155 3130 1263 3186 qua
1299 3133 1361 3171 re
1411 3117 1821 3184 signiﬁcabatur
1875 3118 2066 3174 soluta
2105 3122 2217 3187 jam

658 3216 772 3260 tum
806 3223 925 3263 esse
960 3224 1022 3265 ea
1055 3209 1193 3264 malst
1226 3225 1346 3275 quas
1393 3225 1564 3279 genus
1592 3212 1888 3264 humanum
1915 3212 2218 3267 circumde-

663 3299 872 3362 derant,
935 3310 1098 3369 atque
1152 3311 1481 3370 occuparant
1526 3312 1742 3371 propter
1797 3303 1964 3372 legem
2008 3301 2101 3356 Dei
2152 3302 2220 3355 ab

664 3390 872 3442 Artamo
906 3390 1181 3444 violatam.
1224 3391 1450 3458 insuper
1484 3407 1595 3460 quo
1641 3403 1883 3460 tempore
1933 3391 2222 3445 confossus

564 3491 570 3496 ‘
669 3481 1126 3536 Dmninusnoster
1152 3483 1358 3549 lancea,
1377 3474 1564 3538 eodem
1585 3500 1615 3538 a
1641 3470 1855 3540 Cheruh
1875 3486 2098 3539 custode
2130 3499 2224 3551 pa-

671 3574 831 3627 radisi
880 3583 933 3627 et
979 3575 1190 3630 arboris
1239 3576 1360 3630 vita:
1393 3576 1568 3630 ablata
1610 3587 1692 3631 est
1724 3577 1928 3632 lancea.
1988 3576 2227 3646 Denique

671 3678 776 3731 qua
825 3663 956 3718 hora
997 3666 1184 3734 pulsus
1211 3678 1290 3722 est
1322 3668 1574 3736 paradiso
1601 3667 1838 3722 Adanrus
1872 3684 1900 3720 a
1951 3667 2077 3731 Deo,
2138 3683 2229 3723 ea-

673 3751 798 3806 dem
828 3769 1051 3822 prorsus
1077 3771 1108 3810 a
1153 3756 1370 3812 Christo
1402 3759 1646 3813 immissa
1704 3769 1788 3813 est
1830 3759 1880 3813 in
1919 3760 2225 3829 paradisum

671 3845 848 3898 anima
872 3845 1096 3902 latronis
1126 3847 1236 3920 (29)
1271 3865 1284 3900 :
1309 3863 1373 3903 ac
1395 3850 1620 3918 proinde
1636 3864 1743 3919 quo
1766 3857 2007 3919 tempore
2023 3851 2230 3905 daemon

671 3935 856 3990 videns
884 3937 1114 4005 ejectum
1142 3939 1396 4008 paradiso
1445 3941 1712 3994 Adamum
1754 3943 1972 4012 gavisus
2003 3954 2103 4007 est,
2139 3957 2233 3997 eo-

675 4029 797 4082 dem
833 4039 886 4084 et
918 4030 1088 4084 doluit
1119 4045 1242 4084 cum
1267 4041 1516 4088 cerneret
1538 4034 1766 4090 latronis
1798 4036 2030 4089 animam
2055 4036 2106 4089 in
2141 4050 2234 4107 pa~

679 4119 917 4174 radisum
948 4122 1244 4176 reductam.
1283 4120 1492 4193 Quippe
1545 4140 1669 4178 cum
1717 4125 1919 4180 Christi
1967 4127 2146 4181 anima
2179 4127 2232 4180 in

678 4225 838 4263 cruce
865 4221 1005 4266 esset
1030 4226 1059 4265 a
1102 4226 1324 4282 corpore
1367 4224 1633 4283 separata,
1676 4216 1790 4286 ipsa
1819 4217 2071 4272 divinitas
2100 4217 2236 4273 sim-

679 4301 908 4369 pliciter,
938 4316 1114 4372 neque
1155 4317 1356 4375 corpus
1389 4319 1561 4374 neque
1593 4306 1830 4360 animam
1858 4307 2114 4371 deseruit,
2145 4306 2236 4362 sed

2323 3127 2583 3191 radisum,
2613 3123 2718 3177 hoc
2739 3131 2842 3186 est,
2867 3119 3158 3174 multorum
3187 3111 3863 3177 dierumiterconi'ecissei

2322 3217 2520 3272 Eodem
2578 3217 2738 3268 etiam
2781 3219 3083 3280 exemptam
3126 3209 3227 3279 ipsi
3279 3209 3506 3275 costam;
3530 3221 3678 3271 esse,
3725 3213 3778 3258 et
3822 3205 3860 3255 in

2324 3309 2601 3364 mulierem
2642 3303 3108 3366 transformatam,
3177 3300 3366 3355 eodem
3401 3300 3468 3354 de
3498 3284 3668 3352 vetita
3699 3295 3864 3351 arbore

2324 3402 2514 3456 ambos
2541 3399 2718 3454 edisse
2767 3396 3126 3467 paradisoque
3158 3407 3280 3448 esse
3322 3389 3606 3447 extrusosi
3645 3389 3802 3449 Sane,
3827 3396 3864 3438 et

2325 3493 2496 3557 exire,
2538 3500 2593 3544 et
2624 3488 2848 3553 reverti,
2881 3494 2938 3540 et
2967 3493 3222 3556 pratterea
3260 3482 3424 3538 tantis
3468 3481 3589 3536 aliis
3619 3480 3864 3537 interesse

2325 3584 2510 3646 rebus,
2540 3580 2685 3635 haud
2726 3587 2810 3634 est
2863 3585 2962 3649 pro
2996 3577 3155 3630 unius
3196 3563 3544 3644 diei’spatio;
3571 3582 3632 3642 et
3675 3570 3862 3638 quidem

2328 3690 2436 3730 non
2465 3672 2654 3740 integri
2685 3671 2778 3726 sed
2809 3682 2840 3723 a
2870 3667 3110 3724 diluculo
3134 3667 3200 3721 ad
3248 3677 3446 3720 nonam
3484 3664 3750 3719 duntaxat
3787 3659 3864 3712 bo-

2331 3782 2446 3820 ram
2480 3780 2674 3834 usque,
2719 3771 2782 3818 ut
2835 3761 2915 3816 illi
2957 3761 3130 3815 aiunt.
3185 3759 3426 3828 Denique
3462 3747 3724 3820 dicimus,
3751 3749 3863 3807 haud

2331 3857 2622 3912 verisimile
2643 3854 2832 3919 videri,
2867 3854 3054 3906 eodem
3083 3851 3164 3904 die
3189 3859 3243 3904 et
3293 3849 3569 3903 conditum
3599 3862 3726 3902 esse
3752 3844 3864 3898 Ada-

2333 3964 2481 4004 mum
2507 3946 2935 4002 etanimantibus
2951 3959 3047 3998 sua
3063 3957 3182 3998 eum
3206 3943 3464 3997 indidisse
3493 3939 3732 3994 nomina.
3759 3934 3862 3989 Nam

2333 4042 2378 4097 si
2410 4053 2518 4110 quo
2543 4048 2783 4107 tempore
2807 4044 2930 4092 sunt
2959 4043 3234 4103 procreata
3280 4031 3554 4093 animalia,
3585 4029 3769 4083 eodem
3810 4024 3863 4077 si—

2338 4132 2451 4187 mul
2509 4140 2562 4184 et
2612 4129 2828 4184 nomina
2867 4127 3104 4181 Adamus
3163 4124 3447 4178 dedisset:
3485 4120 3728 4191 profecto
3779 4131 3862 4170 non

2340 4229 2672 4277 memoraret
2704 4219 3002 4288 Scriptura,
3035 4216 3198 4270 Deum
3228 4214 3313 4268 illa
3341 4215 3407 4269 ad
3424 4213 3694 4268 Adamum
3724 4210 3862 4264 addu-

2341 4314 2509 4368 xisse.
2571 4309 2753 4380 Neque
2780 4310 2923 4364 enim
2952 4317 3078 4362 ante
3109 4322 3230 4362 eum
3263 4306 3402 4360 diem
3432 4319 3542 4375 quo
3575 4313 3784 4358 creatus
3804 4311 3862 4353 est

679 4402 733 4444 rt
761 4407 867 4446 una
901 4407 1024 4495 eum
1053 4409 1313 4495 -cprpore
1371 4397 1676 4495 sepulcrum
1732 4398 1934 4465 subiit;
1988 4407 2041 4454 et
2077 4398 2238 4454 simul
2270 4425 2316 4484 ο
2342 4404 2512 4458 Adam
2545 4401 2632 4456 illa
2679 4400 2828 4456 luere
2886 4407 3028 4462 orta,
3081 4398 3174 4454 sed
3208 4413 3272 4453 eo
3301 4400 3419 4469 ipso
3476 4411 3585 4465 quo
3638 4394 3861 4454 Adamus,

680 4497 804 4538 cum
830 4485 1008 4537 ³¹³ί¹¹¹²
1052 4484 1251 4541 inferos
1295 4487 1547 4549 εοπτθιίῑ»
1605 4498 1765 4556 ειιιιιε
1794 4490 1858 4541 ad
1909 4504 2001 4543 €38
2032 4489 2242 4543 "limits
2339 4496 2501 4552 etiam
2529 4495 2618 4550 illa
2665 4503 2792 4550 sunt
2812 4500 3126 4562 procreata;
3167 4504 3335 4558 quare
3363 4504 3554 4558 parum
3590 4498 3860 4556 congruen-

683 4592 802 4642 qua:
845 4575 973 4628 inibi
1023 4576 1346 4631 tenebantur
1383 4579 1702 4632 concionem
1755 4579 1945 4633 habuit
1996 4581 2136 4634 sicut
2171 4577 2247 4634 ait

592 4727 596 4730 η
688 4666 879 4720 l’ctt'us
925 4667 1200 4735 apostolus
1231 4670 1284 4722 in
1333 4684 1429 4724 sua
1481 4671 1705 4740 epistola
1730 4672 1795 4722 ”.
1832 4670 2015 4740 itaque
2068 4675 2246 4726 anima

685 4757 884 4811 Christi
922 4772 1012 4814 cas
1044 4759 1253 4816 animas
1284 4776 1405 4831 quae
1439 4763 1489 4816 in
1539 4777 1598 4818 se
1621 4763 1932 4828 credebant,
1959 4764 2025 4817 ab
2060 4749 2246 4818 inieris

686 4849 927 4915 sustulit,
975 4852 1338 4922 subvectaque
1374 4853 1587 4909 induxit
1635 4871 1757 4910 cum
1797 4856 2021 4910 latronis
2065 4857 2241 4910 anima

691 4957 741 4993 ill
777 4941 1084 5010 paradisum
1120 4945 1260 4998 unde
1287 4947 1545 5014 expulsus
1573 4946 1744 5000 fuerat
1772 4947 2030 5001 Adamns.

763 5033 1019 5086 Adamum
1045 5035 1222 5088 eodem
1246 5037 1330 5090 die
1364 5046 1593 5090 creatum
1630 5050 1676 5090 et
1708 5054 1735 5091 e
1761 5041 2009 5105 paradiso
2031 5039 2249 5105 eiectum

691 5140 792 5176 non
829 5124 1010 5192 fuisse.
1047 5155 1118 5167 -—
1151 5127 1344 5183 Ver-nm
1399 5132 1662 5183 sententia
1703 5130 1929 5183 aliorum
1971 5131 2249 5184 doctorum

689 5222 794 5276 est,
829 5230 1164 5294 nequaquam
1219 5236 1327 5273 uno
1361 5221 1446 5274 die
1473 5221 1649 5275 omnia
1705 5223 1794 5275 illa
1825 5237 1943 5274 esse
1989 5233 2199 5290 peracta
2238 5243 2249 5277 :

692 5324 795 5362 non
825 5309 949 5380 quia
968 5327 1074 5365 non
1095 5317 1322 5380 potuerit
1353 5313 1490 5368 Deus
1525 5323 1631 5366 tam
1658 5315 1800 5369 brevi
1820 5330 1879 5368 ca
1899 5317 2070 5384 spatio
2087 5318 2256 5368 conli-

763 5489 806 5520 ’θ
833 5491 848 5542 1
875 5494 1010 5546 Pctr.
1041 5511 1119 5559 ιιι,
1171 5496 1254 5551 19.

2343 4597 2422 4643 ter
2452 4588 2566 4657 ipsa
2597 4585 2846 4639 dicantur
2899 4582 3087 4636 eodem
3149 4593 3257 4634 uno
3300 4595 3421 4633 curn
3450 4578 3660 4653 Adamo
3703 4576 3781 4629 die
3821 4571 3859 4624 in

2344 4649 2553 4733 dissitis
2585 4673 2894 4745 regionibus
2920 4681 3060 4745 orta,
3088 4678 3140 4723 et
3169 4669 3328 4722 simul
3388 4669 3455 4721 ad
3488 4649 3746 4720 Adamum
3772 4672 3860 4716 acta

2344 4783 2505 4834 esse;
2576 4766 2823 4836 quamvis
2881 4742 2933 4814 id
2987 4753 3064 4813 in'
3097 4760 3345 4814 volucres
3397 4758 3662 4832 quadrare
3706 4753 3859 4826 possit.

2348 4862 2546 4930 quippe
2603 4871 2721 4927 qua:
2751 4857 2860 4925 jam
2906 4863 3029 4906 ante
3073 4854 3282 4906 fuerant
3329 4860 3521 4904 euatm.
3561 4849 3713 4915 Quod
3750 4847 3860 4902 enim

2352 4959 2718 5006 memorantur
2749 4945 2996 4999 animalia
3029 4946 3090 4998 ad
3110 4946 3428 4998 Adamunra
3464 4941 3569 4996 Deo
3598 4957 3713 4997 esse
3732 4939 3861 4994 addu-

2354 5052 2461 5104 cta,
2499 5039 2771 5107 siguiilcat
2819 5036 2981 5089 variis
3034 5034 3230 5102 alioqui
3281 5035 3414 5088 locis
3465 5033 3555 5086 illa
3617 5036 3856 5100 procreata

2357 5132 2706 5200 dispersaque
2794 5127 3042 5195 agitasse.
3127 5124 3598 5179 Verumcnimvero
3672 5123 3856 5177 liberum

2360 5231 2474 5277 esto
2501 5218 2711 5282 lectori,
2753 5230 2925 5272 utram
2971 5218 3095 5270 velit
3135 5219 3323 5271 harum
3374 5219 3600 5271 duarum
3661 5215 3786 5269 inter
3820 5224 3859 5260 se

2366 5310 2794 5367 adversariaruut
2827 5309 3140 5378 opinionum
3179 5309 3423 5379 amplecti
3460 5317 3621 5380 atque
3651 5308 3858 5361 retinere.

765 5678 872 5751 (‘29)
900 5680 1014 5737 Non
1064 5679 1116 5735 in
1153 5690 1454 5737 terrestrem
1499 5679 1805 5750 paradisum
1862 5680 2102 5737 immissa
2149 5687 2229 5737 est
2271 5678 2493 5735 latronis
2523 5681 2727 5744 animo,
2754 5679 2843 5731 sed
2868 5679 2914 5731 in
2952 5679 3192 5748 gloriam.
