3982 6346
133 345 218 409 581

127 551 309 609 sarculo
365 548 431 603 iis
477 547 722 601 absolute
760 543 1056 612 continget,
1099 544 1188 611 qui
1244 550 1402 596 antea
1435 540 1666 603 ,virtutis

126 641 377 698 exercitiis
423 654 481 694 se
509 638 613 708 ipsi
662 636 749 691 hic
777 651 806 690 a
839 635 1046 706 peccati
1089 635 1324 688 tenebris
1371 645 1668 704 perpurga-

123 735 302 788 verint.

185 825 384 890 Quanto
409 831 633 888 tempore
661 818 831 872 Adam
864 819 1049 872 vixerit
1080 819 1135 872 in
1169 812 1663 886 paradiso.——Jam

119 930 238 969 vero
283 913 384 965 hoc
440 925 658 981 quoque
723 910 1075 979 expediamus
1114 926 1128 962 :
1177 915 1380 976 quanto
1424 913 1666 974 tempore

119 1005 364 1060 manserit
395 1005 564 1058 Adam
592 1003 645 1056 iu
673 1002 944 1072 paradiso.
973 999 1073 1053 ilic
1105 998 1321 1068 quidatn
1355 996 1666 1052 existimant

119 1094 320 1164 triginta
350 1108 522 1148 annos
565 1093 698 1146 inibi
730 1091 929 1156 fuisse,
981 1103 1173 1158 nempe
1220 1097 1354 1158 qnot
1406 1086 1665 1142 Dominus

118 1187 356 1242 nosterin
391 1187 598 1242 mundo
642 1186 750 1258 egit
803 1200 900 1256 pro
924 1183 1193 1254 expiando
1232 1182 1376 1236 illius
1407 1181 1660 1238 scelere:

117 1285 171 1330 ut
213 1277 448 1346 quandiu
505 1275 692 1346 primi‘
723 1275 974 1330 homines
1001 1272 1397 1344 magniﬁcentia
1428 1269 1664 1340 paradisi

113 1376 232 1422 sunt
257 1366 435 1437 potiti,
464 1365 651 1420 tandiu
702 1365 804 1420 iste
855 1363 1041 1420 mundi
1083 1364 1249 1434 hujus
1302 1361 1661 1417 humilitatem

115 1457 438 1513 toleraverit.
493 1457 598 1512 Alii
630 1467 844 1526 putant,
899 1455 1256 1526 quadraginta
1297 1455 1486 1510 diebus
1518 1453 1662 1508 Ada-

110 1560 248 1600 mum
292 1546 400 1603 illic
433 1546 693 1614 hatsisse;
734 1561 909 1609 eoque
941 1545 1220 1601 Christum
1270 1545 1388 1600 dies
1439 1545 1662 1599 totidem

107 1636 358 1707 jejunium
417 1640 720 1715 duravisse,
766 1638 1027 1694 nimirum
1084 1648 1142 1693 nt
1189 1639 1352 1707 hujus
1391 1636 1660 1706 jejunium

108 1731 339 1785 remedio
368 1741 510 1786 esset
542 1731 758 1786 illorum
799 1731 1053 1800 ingluviei
1082 1745 1180 1799 per
1203 1745 1365 1799 quam
1391 1728 1662 1783 admisere

1224 341 1318 400 DE
1362 336 1765 400 PARADISO.
1807 363 1875 374 -
1914 336 2100 397 rans
2141 337 2189 398 I.
2952 409 2958 415 ε

130 462 247 516 Nam
276 466 411 514 certa
435 464 621 512 earum
669 471 848 511 rerum
887 453 1122 523 cognitio
1153 454 1205 508 in
1241 454 1423 508 futuro
1449 452 1668 506 demum
1699 455 1745 515 Α
1776 449 1828 503 in
1860 449 2113 518 paradiso
2160 453 2553 503 commoratum
2599 459 2721 500 esse
2769 445 2930 499 horas
2979 459 3086 500 non
3112 446 3347 514 amplius

3233 319 3346 394 532

1776 555 1906 605 sca;
1941 554 1969 593 a
2003 540 2158 593 tertia
2200 538 2428 600 scilicet,
2457 537 2524 591 ad
2583 551 2784 591 nonam
2815 551 2985 604 usque
3027 537 3129 591 diei
3161 538 3338 599 sexti;

1767 630 1932 700 idque
1995 629 2173 684 tribus
2229 628 2529 683 rationibus
2589 628 2972 681 demonstrare
3053 609 3344 683 nituntur’:

1765 735 1999 790 quarum
2033 720 2207 788 prima
2231 728 2345 783 est,
2377 719 2506 788 quia
2539 720 2710 772 multo
2736 717 2948 773 facilius
2970 715 3143 786 decipi
3173 721 3347 787 potuit
3379 713 3381 716 ⁴

1765 811 2009 867 Adamus
2042 813 2096 867 in
2132 813 2254 882 ipso
2282 813 2464 867 statim
2489 811 2646 866 initio
2666 825 2826 880 quam
2860 810 2904 864 si
2929 808 3178 878 longiore
3206 819 3294 864 ten
3315 840 3347 854 ι-

1765 915 1896 972 pore
1947 899 2258 972 paradisum
2309 901 2666 966 incoluisset;
2721 899 2932 965 altera,
2977 901 3238 969 quoniam
3298 902 3342 954 si

1764 993 1974 1048 diutius
2010 994 2153 1064 apud
2185 994 2428 1048 animum
2463 1007 2622 1048 suum
2654 990 2969 1046 meditando
2997 974 3345 1061 expendisstt

1765 1084 2085 1154 imperatam
2159 1084 2263 1140 sibi
2341 1084 2552 1153 legem,
2598 1081 2814 1137 cautior
2857 1078 3038 1136 factus
3111 1081 3342 1147 fuisset;

1765 1190 1950 1230 verum
1982 1175 2200 1245 quando
2230 1175 2484 1240 exiguum
2509 1171 2598 1226 ille
2659 1171 2921 1240 temporis
2951 1171 3185 1239 spatium
3208 1172 3341 1240 egit,

1763 1265 1925 1321 simul
1954 1274 2012 1320 ut
2032 1248 2347 1319 mandatum
2373 1279 2406 1319 a
2428 1262 2536 1316 Deo
2565 1267 2870 1329 acceperat,
2897 1259 3142 1314 fraudem
3171 1262 3333 1315 etiam

1763 1356 1870 1413 sibi
1923 1354 2084 1411 facile
2134 1355 2251 1410 fieri
2305 1367 2500 1424 passus
2527 1363 2634 1407 est.
2675 1351 2880 1419 Tertia,
2917 1350 3180 1406 credibile
3236 1360 3339 1416 est,

1764 1450 1971 1513 Deum,
2025 1461 2188 1518 quem
2249 1448 2506 1514 paradiso
2550 1443 2811 1514 puisurus
2853 1451 2993 1503 erat.
3022 1457 3147 1498 cum
3198 1442 3340 1496 haud

1763 1541 1923 1613 longo
1955 1551 2196 1612 tempore
2241 1549 2390 1596 tanta
2418 1538 2683 1594 felicitate
2713 1535 2822 1591 frui
2848 1535 3045 1591 sivisse
3072 1550 3140 1589 ne
3171 1534 3355 1607 nimio.

1765 1649 1900 1690 rum
1948 1633 2396 1697 excruciaretur;
2448 1631 2540 1685 sed
2611 1628 2831 1683 mollius
2871 1627 3160 1696 minusque
3200 1640 3342 1696 agre

1764 1720 1970 1786 ferret,
2029 1737 2089 1775 se
2153 1720 2333 1774 'tantis
2390 1718 2598 1774 deliciis
2644 1715 2902 1787 spoliari;
2967 1715 3106 1770 solet
3167 1713 3313 1768 enim

107 1829 374 1890 peccatum
401 1821 454 1875 in
487 1822 759 1890 paradiso.
808 1797 914 1875 δέει
941 1797 1190 1874 domi—nus
1222 1797 1498 1887 iEpltrcm,
1534 1816 1658 1870 Phi-
1693 1797 1733 1851 Β
1765 1813 1904 1867 Deus
1933 1812 2226 1866 clementer
2253 1810 2667 1879 castigationem
2698 1822 2976 1863 exercere.
3022 1806 3201 1874 Atque
3251 1805 3339 1859 ltic

107 1911 344 1979 loxenus,
367 1921 424 1967 et
453 1912 513 1968 ι).
539 1912 782 1968 Jacobus
817 1911 1142 1982 Sarugensis
1182 1912 1356 1977 aiunt,
1388 1907 1657 1963 Adamum

1765 1906 1888 1962 ﬁnis
1920 1913 2039 1960 esto
2077 1895 2238 1975 primi
2271 1900 2673 1957 commentarii.
2700 1921 2710 1935 -

121 2098 3293 2129 mm

1153 2247 1440 2351 rans
1516 2259 2236 2398 POSTERIOB.

679 2641 1094 2699 PROtEillUM.

157 2759 275 2818 Col.
320 2756 631 2830 Superioris
660 2755 1082 2821 Commentarii,
1115 2753 1201 2824 pie
1239 2750 1436 2824 ignati,
1477 2752 1654 2826 primo

95 2850 281 2920 capite,
310 2847 631 2906 disserendo
658 2846 1029 2911 ostendimus,
1058 2844 1370 2913 paradisum
1419 2842 1653 2914 duplicis

93 2956 206 2996 esse
243 2939 602 3002 conditionis,
636 2952 907 3007 corporeae
959 2945 1015 2992 et
1051 2927 1343 3006 spiritalis;
1388 2943 1551 3006 atque
1583 2935 1652 2990 ad

94 3033 140 3087 id
160 3032 619 3104 comprobandum
639 3029 965 3085 adduximus
981 3038 1294 3099 argumenta
1313 3027 1647 3084 ﬁrmissima:

94 3132 198 3176 tum
228 3124 295 3178 ab
325 3123 443 3192 ipsa
470 3135 651 3175 rerum
687 3115 878 3174 natura
909 3118 1095 3188 petita,
1131 3128 1244 3172 tum
1271 3132 1464 3173 eorum
1504 3118 1650 3172 viro-

92 3228 204 3268 rum
239 3213 565 3267 auctoritate
591 3211 715 3264 nixa
757 3211 848 3280 qui
875 3209 1031 3264 fidem
1060 3210 1112 3263 in
1142 3209 1210 3262 iis
1243 3209 1405 3264 rebus
1438 3222 1652 3262 meren-

93 3312 193 3360 tur.
222 3304 505 3360 Prosecuti
546 3287 707 3373 porro
732 3303 840 3357 illic
870 3318 1059 3360 sumus
1097 3285 1445 3371 corporatum
1493 3316 1652 3371 para-

89 3395 279 3459 disum,
310 3402 538 3465 quaeque
564 3407 630 3448 co
656 3407 779 3446 cum
805 3399 1130 3460 spectarent,
1149 3399 1454 3444 memoratu
1486 3389 1649 3460 digna

87 3500 200 3540 esse
231 3487 562 3540 videbantur
591 3501 605 3538 :
640 3473 994 3551 explicantes,
1044 3497 1152 3535 non
1195 3482 1356 3536 modo
1386 3497 1473 3536 res
1501 3481 1648 3550 ipsas

88 3577 174 3631 sed
211 3577 438 3630 nomina
469 3575 635 3627 etiam
665 3588 865 3638 rerum,
896 3588 991 3642 pro
1024 3581 1209 3626 tenore
1238 3587 1423 3626 eorum
1459 3572 1649 3625 terbo-

85 3654 214 3721 rum
245 3667 450 3734 quibus
500 3666 657 3720 divus
703 3664 879 3718 Moses
911 3664 964 3716 in
1000 3663 1355 3717 describenda
1391 3662 1644 3732 paradiso

85 3774 210 3814 usus
251 3768 357 3814 est.
391 3756 507 3813 Iam
537 3772 672 3811 vero
725 3756 780 3810 in
829 3757 933 3811 hoc
981 3755 1218 3811 secundo
1245 3753 1644 3809 Commentario

82 3850 491 3911 constituimus,
545 3849 836 3916 adjuvante
881 3862 1098 3917 operam
1146 3855 1390 3900 nostram
1433 3843 1640 3915 Spiritu

82 3950 264 3994 sancto
291 3939 386 4009 qui
418 3938 600 3992 omnia
631 3943 1001 4006 perscrutatur
1031 3936 1191 3990 etiam
1241 3949 1438 3991 arcana
1478 3943 1641 4006 atque

80 4033 260 4087 intima
297 4031 414 4095 Dei,
439 4030 506 4085 de
532 4030 719 4085 eodem
751 4030 999 4098 paradiso
1029 4029 1296 4083 disserere
1313 4029 1639 4096 mystice,et,

78 4125 230 4176 utsic
264 4125 468 4184 dicam,
496 4123 851 4191 spiritualiter
882 4136 897 4174 :
931 4129 986 4174 ut
1022 4121 1477 4190 quemadmodum
1522 4121 1638 4189 ipse

75 4214 360 4285 paradisus
419 4214 616 4280 duplex
672 4220 776 4277 est,
824 4212 896 4266 ita
931 4228 958 4265 a
1015 4212 1170 4267 nobis
1219 4212 1422 4282 duplici
1473 4212 1636 4267 modo

75 4312 350 4360 tractetur.
393 4302 827 4358 Consentaneum
876 4317 1040 4372 porro
1087 4311 1207 4369 est,
1265 4314 1324 4358 ut
1372 4303 1428 4358 in
1474 4304 1635 4370 hujus

2252 2639 2483 2698 CAPUT
2542 2602 2835 2698 emittm.
2920 2661 2928 2668 ·

1840 2753 2018 2811 Varia:
2049 2755 2323 2819 sententia:
2387 2757 2674 2813 Doctorum
2728 2757 3218 2814 Ecclesiasticorum
3271 2763 3336 2816 de

1756 2848 2012 2918 paradiso
2073 2849 2316 2918 mystica.
2370 2877 2443 2891 --
2501 2848 2764 2905 Doctores
2831 2849 3090 2907 Ecclesiae
3139 2867 3333 2920 sacrm,

1756 2939 1848 3012 qui
1873 2938 2155 3011 pracipui,
2225 2940 2648 3011 certissimaeque
2699 2941 2822 2996 fidei
2858 2941 3151 3010 habentur,
3186 2944 3325 3001 alias

1752 3040 1916 3102 atque
1947 3030 2083 3087 alias
2120 3031 2408 3097 opiniones
2435 3031 2677 3087 habuere
2697 3031 2764 3086 de
2789 3031 3041 3101 paradiso
3068 3034 3327 3102 mystico.

1757 3126 1990 3192 Quidam
2047 3123 2193 3178 enim
2259 3123 2504 3194 ipsorum
2565 3133 2976 3179 sacrosanctam
3026 3122 3325 3180 Ecclesiatn

1753 3218 2202 3273 existimaverunt
2240 3215 2529 3286 mysticum
2585 3215 2898 3285 paradisum
2921 3230 3044 3270 esse
3075 3231 3091 3270 :
3149 3225 3317 3285 atquc

1755 3309 1921 3378 hujus
1952 3307 2174 3378 ﬁguram
2233 3307 2520 3377 mysticam
2576 3307 2749 3362 inisse
2807 3307 2939 3361 olim
2973 3318 3325 3377 corporatum

1757 3397 1907 3452 illum
1939 3398 2251 3468 paradisum
2285 3399 2337 3450 in
2377 3412 2488 3466 quo
2546 3407 2665 3452 erat
2695 3398 2961 3453 Adamus.
3009 3397 3115 3452 Alii
3144 3416 3327 3471 “para-

1753 3492 1932 3546 disum
1971 3491 2259 3561 mysticum
2299 3488 2543 3545 fecerunt
2604 3505 2724 3546 eam
2777 3490 2984 3544 Christi
3041 3491 3326 3548 docrinam
3381 3517 3387 3522 -

1749 3599 1913 3653 quam
1943 3569 2253 3654 baptizatus
2281 3582 2621 3652 divulgabat,‘
2660 3586 2970 3653 cujusmodi
3020 3595 3150 3642 sunt
3192 3586 3325 3641 illa:

1744 3672 1824 3728 Ne
1851 3674 2110 3730 irascaris
2138 3683 2231 3728 tuo
2257 3673 2424 3730 fratri-
2447 3674 2688 3744 gratuito
2719 3674 2848 3752 :yNe
2884 3677 3132 3734 intueare
3165 3676 3325 3734 femi-

1746 3766 1948 3818 minam
1983 3779 2079 3834 per
2108 3764 2415 3835 cupidinem
2450 3783 2466 3820 :
2502 3764 2566 3822 Si
2616 3768 2732 3836 quis
2765 3769 3090 3835 'percusserit
3132 3771 3327 3824 nntin-

1743 3853 1852 3908 lam
1910 3865 2076 3918 tuam,
2136 3857 2656 3911 dexteram-obvertit:
2711 3860 2761 3912 ei
2811 3859 3037 3913 alteram
3075 3877 3322 3930 quoque:

1729 3945 1912 4011 ,Vade,
1943 3948 2104 4002 vende
2131 3949 2389 4018 quidquid
2415 3949 2594 4016 habes,
2617 3961 2667 4003 et
2689 3950 2818 4006 dato
2840 3952 3157 4021 pauperibus
3175 3955 3246 4018 ",
3271 3966 3324 4008 et

1739 4037 1902 4108 hujus
1930 4038 2145 4108 generis
2191 4040 2316 4094 alia.
2344 4040 2582 4116 Rursum
2634 4042 2724 4096 alii
2786 4051 3000 4112 putant,
3031 4051 3318 4114 mysticum

1736 4128 2046 4197 paradisum
2095 4145 2216 4184 esse
2267 4131 2462 4185 animae
2503 4141 2712 4204 typum,
2749 4135 3081 4205 arboresque
3121 4135 3174 4190 in
3227 4137 3321 4190 illo

1736 4227 1904 4283 satas,
1957 4219 2152 4272 animae
2189 4219 2432 4274 facinora
2474 4235 2569 4291 per
2606 4221 2862 4278 virtutem
2916 4222 3058 4279 facta
3106 4225 3320 4296 signiti-

1734 4325 1894 4374 care;
1924 4309 2002 4371 hi,
2020 4319 2256 4380 quatuor
2271 4310 2504 4379 paradisi
2525 4310 2748 4368 numina
2769 4315 2834 4369 ad
2857 4325 3095 4384 quatuor
3121 4319 3318 4372 anima:

73 4408 287 4464 quoque
333 4394 558 4449 secundi
608 4396 878 4448 sermonis
936 4394 1221 4464 principio,
1259 4395 1374 4463 ipsa
1425 4407 1631 4465 septem
1665 4439 1708 4493 ι)
1735 4401 1967 4454 virtutes
2013 4400 2336 4456 naturaliter
2361 4404 2798 4468 {accommodant
2828 4420 2844 4460 :
2878 4421 3072 4476 nempe
3104 4407 3170 4460 ad
3200 4423 3319 4461 eam

71 4488 240 4554 capita
269 4487 472 4555 quibus
506 4493 676 4538 totum
709 4500 845 4554 opus
872 4500 902 4538 a
937 4485 1093 4539 nobis
1123 4485 1447 4545 absolvetur,
1477 4501 1632 4541 sum-

72 4575 252 4628 matim
275 4589 665 4644 proponamus.
687 4573 870 4628 Primo
907 4576 1072 4645 igitur
1106 4576 1275 4646 capite
1304 4577 1630 4642 ostenditur,

69 4680 166 4733 qua
216 4667 431 4720 ratione
476 4665 679 4720 inducti
725 4666 835 4722 sint
867 4666 1117 4723 doctores
1150 4669 1425 4732 Ecclesiae,
1459 4676 1514 4723 ut
1564 4670 1633 4724 de

68 4755 321 4822 paradiso
365 4757 591 4826 mystice
625 4757 1008 4824 loquerentur;
1040 4768 1092 4812 et
1121 4760 1320 4828 quibus
1352 4762 1629 4816 vocabulis

68 4848 458 4917 appellaverint
490 4849 778 4918 mysticum
805 4863 1135 4918 paradisum.
1171 4849 1419 4907 Secundo
1454 4854 1629 4922 capite

67 4939 440 5008 explicabitur,
502 4941 637 5010 quid
681 4941 750 4996 sit
787 4943 1036 5008 pardisus
1085 4946 1365 5015 mysticus.
1416 4944 1624 5010 Tertio,

68 5047 310 5098 quaenam
341 5032 412 5087 sit
458 5042 598 5086 terra
640 5033 885 5104 mystica.
927 5033 1150 5101 Quarto,
1193 5039 1379 5106 quales
1425 5038 1626 5094 fuerint

67 5121 284 5174 arbores
341 5129 503 5190 atque
559 5121 752 5190 planta
814 5124 867 5177 in
899 5123 1001 5178 hoc
1055 5127 1284 5196 mystico
1349 5129 1621 5196 paradiso.

65 5208 258 5275 Quinto
297 5229 422 5282 quae
466 5213 628 5266 fuerit
675 5213 839 5269 arbor
882 5216 1121 5272 scientiae
1158 5219 1281 5272 boni
1315 5228 1368 5274 ct
1413 5221 1538 5273 mali
1572 5223 1625 5276 in

68 5300 164 5352 hor.
195 5303 450 5369 paradiso
477 5304 697 5375 mystico
724 5314 862 5360 sata.
898 5307 1082 5372 Sexto,
1115 5324 1235 5377 quae
1269 5308 1429 5364 fuerit
1465 5313 1626 5365 arbor

64 5391 181 5445 vitae
219 5391 274 5445 in
305 5391 408 5444 hoc
441 5393 690 5460 pamdiso
718 5396 964 5466 mystico.
1000 5397 1260 5468 Septitno,
1285 5413 1624 5469 exponentur

65 5484 286 5551 mystice
341 5485 502 5538 verba
551 5485 716 5542 Mosis
744 5503 864 5558 quae
893 5489 960 5546 de
996 5492 1248 5560 paradiso
1282 5495 1484 5566 scripta
1533 5498 1622 5554 ille

66 5573 299 5644 reliquit.

132 5730 171 5762 σε
218 5731 404 5790 ιιιιιιι.
435 5751 484 5805 ν,
517 5733 721 5804 ram,
757 5737 862 5804 59;
915 5754 1023 5805 m,
1060 5740 1150 5797 ει.

1738 4507 1857 4562 quae
1885 4492 2164 4546 rationalis
2187 4488 2359 4562 partis
2393 4493 2587 4550 animae
2615 4495 2834 4566 propria
2860 4505 2963 4558 est.
2989 4507 3045 4553 et
3077 4499 3320 4569 prudeoc

1741 4584 1813 4638 tia
1869 4595 2120 4648 vocatur,
2177 4585 2339 4640 et-ad
2391 4588 2809 4655 temperantiam
2846 4607 2860 4643 ε
2897 4589 3026 4644 item
3076 4590 3142 4646 ad
3195 4605 3314 4644 eam

1736 4691 1856 4747 quae
1886 4677 2186 4732 animosam
2217 4677 2331 4732 sive
2353 4679 2677 4733 irascibilem
2713 4691 2920 4749 partem
2955 4682 3150 4736 animae
3181 4697 3306 4751 spc-

1735 4776 1863 4834 ctat,
1892 4777 2057 4837 atque
2084 4783 2230 4823 nunc
2255 4767 2538 4835 fortitudo,
2573 4785 2718 4825 nunc
2748 4771 2946 4827 lenitas
2988 4786 3314 4827 mansuetu-

1735 4860 1874 4914 dove
1925 4858 2247 4928 appellatur,
2300 4861 2537 4930 denique
2578 4861 2645 4916 ad
2686 4852 2956 4932 jhstitiam
2990 4881 3003 4918 :
3035 4863 3118 4917 hac
3163 4865 3308 4919 enim

1733 4961 1988 5022 quatuor,
2025 4961 2250 5008 caeteras
2278 4954 2474 5009 animm
2502 4954 2732 5010 virtutes
2774 4971 2968 5010 omnes
3003 4955 3172 5009 veluti
3229 4957 3309 5011 ri~

1733 5057 1879 5113 gant,
1908 5043 2110 5110 fovent,
2130 5055 2349 5115 augent.
2387 5048 2526 5101 Sunt
2547 5059 2802 5117 prieterea
2833 5046 2925 5117 qui
2948 5047 3307 5113 arbitrentur,

1735 5138 2018 5207 mysticum
2058 5139 2370 5207 paradisum
2405 5154 2524 5194 esse
2554 5154 2748 5194 sensus
2793 5131 3058 5207 quosdam
3102 5139 3307 5211 figura-

1731 5238 1816 5282 tos
1849 5230 1963 5284 sive
1990 5231 2335 5300 parabolicos
2362 5230 2445 5301 (ut
2479 5231 2757 5300 vocamus)
2808 5239 2903 5284 aut
2941 5233 3300 5302 anagogicos:

1727 5333 1791 5372 ca
1815 5320 1958 5373 cnim
1991 5334 2113 5390 quae
2142 5337 2172 5375 a
2199 5320 2344 5376 Mose
2374 5321 2440 5376 de
2466 5321 2720 5391 paradiso
2743 5321 2887 5377 dicta
2921 5335 3066 5386 sunt,
3106 5321 3299 5391 partim

1726 5409 1792 5464 de
1833 5412 1995 5466 rebus
2048 5413 2179 5483 ipsis
2216 5429 2336 5483 qua:
2370 5413 2652 5468 vocabulis
2685 5414 2945 5483 subjectae
2977 5422 3126 5479 sunt,
3146 5413 3303 5466 acri-

1725 5500 1920 5570 picnda
1973 5518 2095 5558 esse
2132 5521 2146 5556 :
2177 5503 2375 5575 partim
2423 5519 2555 5559 vero
2599 5519 2696 5573 per
2725 5502 3139 5557 similitudinem
3196 5504 3304 5556 alio

1722 5595 2202 5651 accommodanda.
2250 5595 2413 5653 Verbi
2450 5596 2646 5667 gratia,
2683 5593 2828 5664 quod
2884 5593 2960 5649 ait
3007 5592 3294 5648 Dominum
