3982 6346
687 280 791 343 583

1947 283 2176 346 MOSIS
2217 286 2252 346 Ε

2350 289 2369 348 ι
2408 286 2649 348 (.‘EPHA
2766 341 2771 344 .
2816 333 2821 373 τ
3252 371 3259 373 Α
3800 300 3881 363 tu

692 396 856 449 l)enm
895 394 1158 450 formasse
1186 396 1476 463 Adamnm,
1517 405 1573 451 et
1618 412 1741 467 quae
1773 408 1902 453 sunt
1944 399 2107 469 hujus
2150 417 2248 471 geo
2275 408 2322 467 Α
2354 413 2435 460 est
2481 376 2784 460 diil'erentia
2820 423 2833 461 :
2868 408 3186 479 quantisper
3224 371 3367 465 enim
3417 410 3531 467 haec
3575 412 3706 467 Atla:
3745 414 3882 471 animi

689 486 855 546 neiis,
879 484 945 537 de
972 485 1135 540 rebus
1170 485 1298 557 ipsis
1321 500 1441 541 esse
1475 485 1816 556 intelligenda
1849 488 2036 542 dicunt
2070 505 2083 541 :
2118 489 2248 545 illud

687 590 837 637 vero,
868 575 1011 643 quod
1056 575 1315 631 Dominus
1343 575 1483 631 Deus
1509 577 1815 631 conseverit
1847 580 2155 646 paradisum
2195 582 2248 635 in

688 667 835 720 EJen
868 668 935 721 ab
973 669 1146 734 initio,
1177 668 1284 721 alio
1320 646 1483 722 sensu
1520 684 1637 721 csse
1670 670 2044 736 accipiendum
2086 687 2247 741 quam

688 760 853 812 verba
904 760 1019 829 ipsa
1054 760 1384 826 osmndunt;
1422 774 1617 828 nempe
1666 758 1833 814 Deum
1875 766 2250 832 comparuisse

687 851 1024 920 spiritualem
1056 853 1347 919 quamdam
1392 863 1554 918 atque
1590 852 1800 907 felicem
1832 856 2047 910 vivendi
2078 856 2243 910 ratio-

690 951 963 1002 nem,etc.
1003 941 1207 995 Przeter
1249 943 1346 996 hos
1395 950 1523 996 sunt
1570 944 1661 1011 qui
1709 944 1876 997 velint
1899 947 1931 1013 ,ξ
1964 949 2247 1015 mysticum

686 1030 999 1098 paradisum
1031 1045 1151 1084 esse
1182 1030 1356 1099 ipsum
1389 1042 1729 1100 corporatum
1758 1034 2090 1101 paradisum,
2116 1036 2247 1090 dum

689 1133 814 1171 cuin
860 1118 1047 1174 animo
1094 1120 1525 1189 contemplamnr
1571 1123 1838 1190 spirituali
1880 1127 2110 1180 ratione.
2145 1125 2251 1181 Po-

688 1220 895 1263 stremo
951 1219 1077 1264 sunt
1129 1210 1518 1266 aliidoctores
1548 1228 1779 1281 quorum
1816 1218 2102 1271 sententiae
2148 1233 2249 1274 nos

687 1284 905 1369 quoque
941 1302 1362 1366 subscribimus,
1390 1306 1481 1372 qui
1511 1306 1685 1375 ipsum
1735 1307 2041 1377 paradisum
2074 1310 2252 1381 dupli-

687 1395 767 1447 cis
803 1393 1137 1449 conditionis
1168 1411 1290 1450 esse
1338 1399 1491 1452 aiunt
1521 1439 1534 1464 ,
1574 1400 1767 1469 partim
1817 1404 1961 1457 enim
1992 1420 2057 1457 es
2090 1404 2249 1459 rebus

689 1484 1009 1547 corporalis,
1068 1486 1261 1554 partim
1293 1503 1358 1541 cx
1396 1490 1768 1556 spiritualibus
1799 1504 2074 1559 constare;
2110 1495 2251 1549 sicut

686 1582 739 1625 et
791 1574 903 1642 ipse
950 1576 1119 1629 Adam
1146 1578 1316 1645 cujus
1364 1581 1533 1649 gratia
1587 1582 1673 1633 ille
1726 1584 2144 1655 conditnslerat,
2181 1600 2248 1639 ex

686 1676 913 1731 corpore
939 1673 991 1716 et
1020 1667 1197 1731 anima
1237 1667 1351 1722 sive
1398 1668 1588 1737 spiritu
1640 1671 1815 1725 fuerat
1863 1675 2199 1743 compositus
2230 1712 2246 1738 ,

2350 496 2432 552 vis
2461 497 2562 555 sibi
2592 498 2897 565 constabat,
2949 510 3058 556 tota
3093 502 3145 555 in
3174 519 3341 557 unum
3388 519 3548 560 suum
3599 506 3884 562 Creatorem

2349 588 2593 650 inventa.
2627 590 3338 663 jugiquejcontemplatione
3367 598 3415 650 ei
3454 598 3694 668 alligata,
3726 600 3890 654 tantis-

2349 694 2446 749 per
2479 682 2530 733 in
2559 682 2680 735 solo
2710 682 2852 735 bono
2894 683 2979 737 ille
3012 688 3349 752 versabatur,
3380 689 3543 758 idque
3573 706 3741 743 unum
3783 706 3891 744 sen-

2351 771 2514 824 tiebat
2544 811 2561 836 ,
2588 786 2774 826 verum
2816 784 3110 844 postquam
3130 775 3389 833 illa'tnde
3444 789 3589 833 mota
3622 788 3728 842 est,
3765 796 3885 835 sese-

2348 877 2455 930 que
2492 862 2731 928 demisit,
2802 866 2971 919 sensit
3008 868 3171 921 etiam
3218 870 3445 925 alterum
3497 871 3629 925 illud
3654 909 3670 934 ,
3699 872 3893 933 id'cst,

2350 954 2526 1021 ipsum
2561 955 2784 1008 malum.
2825 956 2931 1010 Alii
2958 968 3237 1012 autumant
3287 961 3524 1015 scientia
3550 961 3675 1016 boni
3706 972 3760 1016 et
3787 963 3897 1015 ntali

2350 1045 2599 1100 arborem
2668 1045 2837 1101 luisse
2890 1058 3075 1118 typum
3106 1050 3237 1120 legis
3274 1049 3525 1105 Mosaicae
3551 1094 3567 1117 ,
3600 1068 3657 1105 ut
3702 1062 3757 1106 et
3790 1051 3900 1106 reit-

2349 1148 2491 1205 quas
2524 1136 2760 1205 paradisi
2793 1138 3042 1205 arbores,
3088 1140 3423 1208 singulorum
3453 1142 3573 1208 ejus
3608 1140 3744 1208 legis
3773 1156 3902 1211 pra-

2350 1236 2628 1296 ceptorum
2666 1228 2886 1298 lignras,
2906 1243 2976 1283 eo
3011 1230 3153 1298 quod
3185 1231 3268 1283 les
3288 1230 3520 1286 Mosaica
3548 1233 3686 1285 inter
3711 1232 3900 1286 bonum

2350 1317 2658 1387 malumque
2683 1318 2977 1388 dijudicet;
3006 1335 3207 1390 eosque
3242 1323 3334 1391 qui
3370 1321 3506 1376 bene
3522 1333 3711 1392 agunt.
3732 1324 3903 1390 bonis,

2350 1415 2404 1462 et
2433 1408 2525 1476 qui
2556 1409 2717 1473 male,
2752 1409 2910 1464 malis
2942 1408 3180 1475 aﬂiciat;
3214 1422 3377 1479 atque
3410 1411 3534 1481 ideo
3582 1413 3724 1465 hanc
3758 1414 3904 1466 arbo-

2350 1510 2463 1550 rem
2487 1498 2637 1564 jnxta
2666 1488 2784 1551 vitae
2821 1500 3068 1552 arborem
3123 1502 3279 1553 sitam
3315 1500 3486 1555 fuisse
3514 1542 3533 1568 ,
3565 1512 3626 1555 ut
3662 1504 3767 1556 nisi
3794 1504 3901 1570 quis

2352 1588 2521 1657 ipsam
2552 1588 2702 1656 prius
2729 1588 2894 1658 legem
2924 1590 3206 1653 coluisset,
3234 1590 3336 1644 hoc
3368 1602 3468 1653 est,
3500 1592 3634 1662 legis
3664 1595 3904 1646 mandata

2352 1678 2718 1741 observasset,
2743 1680 2807 1731 ad
2842 1681 2961 1733 vita:
3000 1679 3246 1733 arborem
3282 1685 3590 1751 pertingere
3648 1684 3902 1750 nequiret,

687 1764 1109 1830 corporatasque
1139 1758 1372 1824 paradisi
1397 1769 1574 1827 partes
1595 1776 1715 1816 esse
1743 1764 1990 1831 arbores,
2016 1766 2244 1833 plantas,
2283 1746 2323 1799 Β
2353 1769 2405 1824 id
2430 1779 2511 1823 est
2554 1771 2619 1823 ad
2652 1785 2769 1823 eam
2806 1770 3109 1824 libertatem
3142 1746 3446 1841 qutc'apud
3467 1746 3762 1827 Christum
3795 1782 3902 1835 est,

686 1856 740 1900 et
788 1846 1123 1914 ejuscemodi
1174 1865 1261 1904 res
1311 1852 1444 1906 alias
1482 1892 1497 1915 ,
1530 1864 1711 1922 partes
1741 1871 1870 1909 vero
1912 1857 2247 1926 spirituales,

688 1937 851 1989 vitam
880 1936 1088 1990 beatam
1118 1947 1279 2007 atque
1302 1943 1596 1996 secundum
1619 1944 1862 1999 virtutem
1892 1954 2093 2011 actam,
2115 1957 2250 2015 etc.,

644 2080 647 2083 ,
690 2028 831 2081 sicut
872 2027 1068 2095 prioris
1093 2026 1481 2084 Commentarii
1508 2033 1748 2088 secundo
1792 2034 1966 2105 capite
2015 2038 2254 2107 explica-

692 2118 888 2172 vimus.

1300 2190 1529 2245 CAPUT
1562 2192 1628 2246 ll.

760 2275 890 2341 Qua:
943 2292 1021 2330 res
1076 2281 1144 2331 sit
1194 2279 1477 2345 paradisus
1538 2284 1912 2351 ntystictts.—-
1960 2286 2253 2345 Paradisus

687 2367 985 2433 spiritualis
1035 2367 1151 2422 sive
1187 2372 1469 2439 mysticus,
1496 2373 1603 2426 vita
1654 2384 1737 2429 est
1796 2376 2100 2446 spiritalis
2131 2394 2253 2448 qua

686 2461 869 2513 animo
896 2463 1156 2530 agitatur,
1192 2462 1358 2530 'plena
1404 2477 1629 2518 summa:
1669 2468 2034 2535 temperantiae
2087 2482 2251 2540 atque

687 2551 1011 2615 sanctitatis,
1048 2562 1102 2605 et
1152 2553 1423 2621 perpetuis
1458 2554 1899 2616 meditationibus
1947 2575 2125 2614 rerum
2172 2562 2253 2616 di-

685 2640 935 2693 vinarum
971 2656 1268 2711 carumque
1304 2659 1423 2713 quae
1452 2655 1578 2699 sunt
1611 2663 1639 2699 a
1673 2646 1778 2702 Deo
1812 2650 2063 2717 conditae,
2093 2652 2250 2708 addi-

686 2738 774 2781 cta
804 2769 819 2793 ,
852 2738 1013 2798 atque
1051 2732 1296 2785 'omnino
1336 2732 1441 2787 vita
1487 2732 1644 2789 beata
1676 2744 1728 2790 et
1762 2739 2026 2807 angelica,
2062 2740 2252 2808 procul

687 2816 758 2871 ab
781 2817 1043 2872 omnibus
1070 2820 1236 2873 animi
1285 2812 1800 2897 perturbatioiiibus,
1850 2820 2252 2894 anxietatibus,

686 2900 961 2977 suspiriis,
999 2912 1145 2965 luctu
1179 2906 1417 2976 remota,
1440 2908 1603 2983 atque
1629 2929 1753 2969 cum
1790 2918 2010 2986 gaudio,
2041 2917 2251 2987 laetitia,

683 2999 1055 3054 exsultatione
1093 3001 1403 3069 conjuncta,
1456 3002 1634 3073 itaque
1690 3005 1897 3074 pollens
1948 3016 2250 3079 potensque

685 3096 748 3142 ut
795 3087 978 3144 radios
1027 3096 1190 3171 atque
1236 3072 1577 3159 splendorem
1613 3072 1918 3153 divinarum
1949 3072 2248 3154 motionum
2277 3072 2321 3130 α

687 3178 976 3246 concipere
1016 3190 1179 3249 queat
1207 3220 1222 3247 ,
1256 3182 1455 3252 quippe
1486 3185 1578 3253 qui
1610 3184 1666 3238 in
1705 3186 1807 3241 hoc
1840 3188 2094 3256 paradiso
2126 3204 2250 3244 ver-

684 3278 897 3349 saritur,
920 3269 977 3324 in
1029 3286 1241 3326 summa
1282 3273 1468 3355 vivunt
1506 3275 1868 3343 beatitudine,
1896 3290 2059 3348 atque
2097 3296 2249 3337 crear

685 3366 857 3415 torem
890 3359 1061 3415 Deum
1092 3364 1321 3433 ejusque
1344 3375 1641 3430 creaturas,
1674 3378 1851 3423 mente
1877 3373 2253 3443 contemplan-

693 3460 773 3505 tes
825 3449 1187 3509 obiectantur.
1218 3451 1352 3508 Nam
1382 3466 1436 3510 et
1481 3471 1729 3527 superna
1778 3460 1948 3529 copia:
1995 3467 2250 3534 angelicae

686 3539 798 3593 illic
831 3539 1107 3607 habitant,
1145 3551 1199 3597 et
1219 3544 1391 3599 Adam
1439 3546 1654 3616 Evaque
1676 3588 1692 3610 .
1726 3557 2017 3620 antequam
2056 3556 2253 3611 adver-

689 3646 813 3685 sum
868 3630 961 3686 Dei
1033 3636 1345 3716 mandatum
1428 3636 1720 3707 fecissent,
1805 3641 2004 3698 ibidem
2068 3661 2251 3702 mora-

686 3724 923 3779 bantu‘r.’

1221 3831 1225 3836 -
1300 3796 1528 3853 CAPUT
1565 3800 1658 3854 lll.

756 3925 946 3993 Qualis
1002 3931 1162 3998 luerit
1212 3937 1353 3984 terra
1407 3932 1618 4001 mystici
1669 3934 1932 4001 paradisi.
1977 3964 2052 3977 —
2084 3936 2252 3992 Terra

685 4020 897 4093 mystici
935 4020 1167 4088 paradisi
1201 4022 1304 4075 fuit
1350 4021 1565 4076 animus
1606 4032 1662 4076 et
1702 4040 1855 4080 mens
1891 4025 2106 4093 Adami,
2137 4028 2242 4083 hoc

683 4119 786 4176 est,
848 4111 1084 4167 hominis
1151 4111 1279 4166 inibi
1340 4114 1569 4183 agentis.
1623 4112 1757 4169 Nam
1808 4117 1933 4172 inde
1980 4120 2287 4187 pullulanti

686 4209 849 4270 aique
876 4204 1128 4256 oriuntur
1157 4198 1544 4258 meditationes
1574 4220 1682 4260 non
1714 4208 1873 4262 modo
1918 4224 2099 4263 rerum
2127 4226 2249 4280 spe-

686 4292 988 4355 ctabilium,
1016 4294 1109 4347 sed
1148 4302 1203 4349 et
1235 4308 1425 4349 earum
1466 4311 1684 4366 quoque
1714 4313 1832 4368 qua:
1891 4300 2041 4355 nullo
2084 4317 2246 4359 sensu

687 4385 889 4453 percipi
928 4394 1161 4460 queunt.

1278 4475 1505 4531 CAPUT
1556 4477 1648 4536 1V.

756 4583 944 4648 Quales
978 4576 1216 4640 arbores
1266 4598 1315 4640 et
1372 4590 1570 4658 planae
1614 4592 1668 4644 in
1693 4596 1966 4661 paradiso.
1989 4626 2058 4639 ——
2088 4595 2253 4665 Igitur

687 4676 1002 4744 hujusmodi
1050 4679 1405 4748 cogitationes
1441 4684 1923 4754 meditationesque
1960 4701 2024 4741 ex
2055 4688 2253 4742 animis

683 4774 738 4820 et
775 4767 1050 4819 hominum
1076 4777 1130 4821 et
1162 4770 1506 4839 angelorum;
1533 4775 1688 4841 quasi
1734 4776 1960 4831 arbores
2008 4791 2039 4831 e
2086 4786 2251 4841 terra,

687 4866 1004 4925 procreatur,
1037 4858 1262 4914 arbares
1292 4869 1346 4915 et
1376 4860 1572 4931 planta:
1603 4864 1839 4933 paradisi
1868 4866 2079 4936 mystici
2104 4864 2249 4920 haud

686 4945 920 5001 absurde
954 4946 1230 5002 dicuntur.
1814 4942 1815 4945 “

1297 5042 1526 5097 CAPUT
1571 5042 1630 5096 ν.

761 5128 832 5182 De
852 5130 1035 5184 arbore
1057 5133 1286 5186 scientiis
1321 5134 1440 5187 boni
1457 5144 1505 5187 et
1524 5133 1652 5187 mali
1675 5134 1728 5186 in
1748 5136 1991 5203 paradiso
2014 5140 2252 5208 mystico.

684 5250 750 5261 ——
775 5222 1003 5288 Quidam
1035 5237 1066 5275 e
1096 5239 1322 5279 numero
1346 5225 1627 5293 doctorum
1650 5224 1905 5282 Ecclesia:
1927 5230 2132 5295 dicunt,
2165 5246 2245 5283 ar.

689 5314 871 5367 horcm
895 5313 1137 5368 sticntia:
1168 5315 1295 5367 boni
1318 5324 1370 5369 et
1399 5317 1521 5369 mali
1554 5319 1834 5387 mysticam
1867 5328 1919 5372 et
1941 5318 1995 5374 in
2016 5322 2246 5392 mystico

687 5404 933 5473 paradiso
984 5405 1277 5468 consitam,
1329 5421 1451 5460 esse
1499 5408 1666 5462 animi
1702 5418 1906 5464 motum
1936 5413 2262 5480 jquemdam'

687 5511 795 5565 quo
829 5495 988 5550 homo
1015 5513 1111 5551 ceu
1160 5498 1417 5571 peculiari
1454 5504 1649 5557 mentis
1708 5516 1821 5556 sua:
1869 5501 2050 5557 indole
2087 5504 2245 5559 incli-

686 5599 863 5655 natur,
901 5603 964 5642 co
992 5590 1131 5644 enim
1156 5592 1366 5660 sentiri,
1399 5608 1519 5665 qua:
1546 5594 1683 5651 inter
1720 5592 1920 5648 malum
1940 5594 2245 5667 bonumque

760 5704 801 5735 '-
840 5700 1027 5756 Matth.
1065 5716 1148 5766 ιιι,
1182 5702 1236 5756 2.

2350 1861 2568 1924 quando
2623 1861 2738 1928 ipse
2789 1860 2951 1913 etiam
3005 1860 3336 1931 Redemptor
3394 1873 3583 1918 noster
3637 1866 3896 1933 tantisper

2351 1952 2477 2005 dum
2516 1952 2683 2022 legem
2727 1954 3069 2019 observabat,
3094 1954 3397 2009 libertatem
3431 1971 3542 2009 sua:
3568 1957 3699 2009 vitae
3730 1970 3909 2025 genere

2351 2043 2570 2097 minime
2608 2060 2720 2113 pre
2750 2059 2808 2099 se
2844 2044 3068 2100 ferebat.
3095 2045 3163 2098 At
3194 2060 3294 2100 nos
3324 2046 3611 2100 dellnimus
3666 2046 3905 2101 arbore

2352 2134 2596 2186 scientia:
2637 2134 2761 2187 boni
2790 2142 2844 2188 el
2878 2136 3004 2188 mali
3050 2136 3334 2204 mysticam
3398 2150 3519 2189 esse
3552 2138 3907 2203 cognitionem

2349 2230 2404 2277 et
2456 2224 2858 2279 meditationem
2889 2240 3010 2295 qua:
3040 2226 3188 2280 circa
3237 2226 3401 2280 Deum
3453 2243 3636 2281 rerum
3671 2228 3905 2281 omnium

2351 2316 2686 2369 conditorem
2717 2328 3007 2384 versatur;
3038 2316 3431 2385 scientiamque
3462 2318 3615 2383 boni,
3644 2334 3776 2372 esse
3807 2334 3907 2372 eam

2351 2406 2712 2477 cognitionem
2735 2423 2854 2475 quas
2875 2423 3043 2461 unum
3074 2411 3249 2463 solum
3274 2408 3437 2462 Deum
3470 2412 3732 2477 agnoscit
3760 2422 3905 2475 atque

2354 2492 2679 2568 profitetur;
2720 2498 2844 2552 mali
2875 2514 3001 2553 vero
3030 2514 3150 2568 quae
3188 2502 3385 2554 multos
3431 2514 3549 2553 esse
3577 2500 3717 2555 deos
3757 2513 3911 2569 putat.

2352 2602 2515 2660 atque
2534 2591 2633 2645 hac
2650 2590 2916 2645 Adamum
2935 2591 3206 2662 Evamque
3225 2608 3317 2661 per
3333 2592 3596 2647 daemonis
3622 2595 3908 2647 consilium

2352 2682 2525 2748 (uisse
2570 2682 2885 2756 distentos“
2920 2684 3144 2755 Insuper
3182 2684 3294 2755 hoc
3334 2686 3913 2759 ,qupquelzdiciinqs.

2351 2787 2471 2840 eam
2538 2773 3042 2851 commentationem
3093 2788 3190 2844 pro
3241 2764 3714 2851 iisrquii'ptollent
3762 2787 3915 2852 atque

2351 2865 2635 2920 exercitati
2711 2875 2838 2919 sunt
2896 2848 3246 2921 meditatione
3309 2848 3490 2920 rerum
3547 2848 3915 2925 divinarum.

2353 2957 2638 3011 scientiam
2685 2954 2812 3009 boni
2857 2966 2911 3010 et
2953 2958 3138 3009 vocari
3164 2966 3216 3011 et
3246 2971 3391 3031 esse,
3417 2972 3514 3026 pro
3566 2958 3635 3031 iis
3666 2974 3811 3013 vero
3842 2960 3917 3028 qui

2352 3059 2529 3114 neque
2565 3044 2698 3100 satis
2748 3043 2884 3098 ﬁrmi
2922 3055 3055 3100 sunt
3088 3060 3258 3115 neque
3309 3047 3610 3110 exercitati,
3638 3058 3700 3102 et
3747 3060 3915 3101 tamen

2357 3136 2557 3191 audent
2586 3136 2650 3191 de
2674 3134 2781 3190 Deo
2802 3135 2963 3190 altius
2992 3134 3366 3201 commentari,
3399 3137 3789 3207 appellandam
3822 3153 3916 3193 esse

2354 3227 2633 3281 scientiam
2667 3227 2815 3283 mali.

2973 3320 3200 3375 CAPUT
3246 3320 3330 3375 Vl.

2426 3409 2506 3464 De
2550 3410 2736 3465 arbore
2788 3411 2909 3466 vita
2960 3412 3199 3480 mystica.
3228 3441 3296 3450 —
3323 3409 3460 3465 Sunt
3496 3411 3633 3465 inter
3673 3412 3917 3466 doctores

2353 3500 2630 3569 Ecclesia,
2665 3502 2759 3572 qui
2828 3504 3077 3557 arborem
3127 3505 3247 3557 vitae
3302 3505 3525 3572 mystice
3570 3503 3772 3557 dicant
3823 3516 3921 3555 esse

2356 3592 2609 3648 humana:
2644 3595 2840 3648 mentis
2870 3596 3279 3663 proprietatem,
3306 3608 3426 3661 qua:
3455 3607 3577 3645 cum
3610 3593 3680 3647 iis
3724 3594 3918 3661 cogita-

2356 3686 2597 3739 tionibus
2630 3693 2748 3754 Quae
2779 3684 2922 3738 circa
2956 3700 3122 3755 unum
3158 3698 3316 3738 suum
3347 3683 3657 3737 ell‘ectorem
3700 3700 3920 3738 versan-

2355 3787 2467 3841 tur,
2510 3775 2729 3845 alligata
2758 3784 2861 3839 est,
2899 3791 3072 3845 neque
3095 3775 3227 3829 'huc
3262 3776 3387 3829 illuc
3416 3774 3821 3843 circumagitur
3848 3787 3923 3827 aut

2357 3873 2411 3923 in
2440 3868 2575 3923 alias
2613 3884 2702 3922 res
2731 3870 2982 3936 requirit,
3027 3876 3386 3937 prmterquam
3417 3867 3471 3920 in
3510 3866 3693 3921 solum
3727 3868 3923 3922 Condh

2355 3968 2532 4014 torem
2602 3973 2807 4022 suum,
2865 3958 3005 4013 sicut
3038 3960 3196 4011 etiam
3262 3959 3432 4013 sancti
3496 3958 3672 4027 angeli
3766 3959 3923 4014 solius

2352 4050 2627 4105 Creatoris
2664 4051 2749 4103 sui
2812 4048 3255 4103 meditationibus
3296 4048 3647 4103 distinentur.
3717 4050 3919 4104 ﬂorum

2354 4141 2622 4195 sententia
2652 4148 2756 4201 est,
2799 4140 3088 4202 Adamum,
3136 4139 3297 4193 simul
3328 4150 3491 4207 atque
3522 4150 3921 4195 creatusessit

2356 4229 2649 4298 Datumque
2678 4228 2989 4283 Conditoris
3016 4232 3100 4284 sui
3130 4230 3465 4299 excepisset,
3499 4232 3563 4283 ad
3600 4230 3786 4285 Deum
3820 4232 3919 4299 rapi

2354 4324 2593 4393 coepisse
2624 4339 2655 4377 a
2686 4338 2797 4392 quo
2845 4322 3069 4376 eﬂ‘ectus
3109 4320 3302 4385 luerat,
3345 4331 3507 4390 atque
3557 4322 3612 4376 in
3663 4323 3781 4377 hac
3832 4340 3916 4375 una

2358 4414 2815 4481 contemplatione
2871 4423 3041 4467 totum
3100 4411 3273 4466 luisse
3318 4414 3697 4480 mansisseque
3768 4414 3917 4469 horas

2276 4481 2463 4557 Dnon
2518 4502 2752 4570 amplius
2814 4511 2947 4564 tres,
3001 4501 3265 4569 tantisper
3312 4500 3517 4556 scilicet
3557 4499 3691 4555 dum
3762 4502 3915 4567 legem

2356 4597 2679 4664 imperatam
2730 4592 3050 4658 transiliret,
3105 4594 3183 4645 ita
3236 4600 3293 4643 ut
3343 4591 3545 4645 interea
3600 4593 3820 4647 nullam
3865 4593 3917 4643 de

2358 4686 2521 4741 rebus
2555 4685 2677 4738 aliis
2713 4685 3096 4752 cogitationem
3141 4697 3263 4736 cum
3293 4682 3382 4736 illa
3417 4682 3725 4755 miscuerit.
3768 4684 3919 4753 igitur

2354 4777 2408 4831 bi
2441 4774 2852 4829 meditationem
2902 4788 3019 4826 eam
3066 4774 3266 4828 tuentis
3293 4787 3414 4843 qua
3451 4760 3518 4827 de
3544 4789 3651 4829 uno
3690 4789 3803 4829 suo
3832 4773 3917 4827 Pa-

2346 4878 2503 4922 rente
2549 4866 2657 4920 Deo
2683 4865 2942 4933 agitatur,
3001 4866 3381 4934 proprietatem
3442 4864 3640 4919 mentis
3697 4854 3913 4920 voeant.

2352 4961 2448 5015 Est
2494 4961 2678 5028 itaque
2710 4957 2793 5011 his
2828 4956 2991 5011 arbor
3022 4958 3142 5011 vitae
3172 4957 3425 5021 mvstica,
3473 4969 3629 5011 sacer
3666 4958 3773 5012 ille
3800 4973 3912 5025 grs-

2354 5051 2457 5103 dus
2510 5050 2565 5102 in
2623 5063 2732 5116 quo
2773 5062 2869 5115 per
2912 5047 3236 5115 baptismum
3279 5046 3630 5113 collocamur,
3684 5058 3912 5104 matrem

2358 5143 2643 5212 mysticam
2676 5155 2780 5208 qua
2828 5140 3023 5193 iterum
3063 5138 3334 5207 gignimur
3362 5139 3427 5191 ad
3474 5140 3661 5194 vitam.
3697 5142 3813 5195 Alii
3844 5140 3914 5193 di-

2353 5241 2487 5289 cunt
2528 5235 2668 5286 hanc
2704 5231 2953 5285 arborem
3001 5232 3122 5283 vitae
3160 5228 3521 5297 spirituaiem,
3554 5244 3683 5285 esse
3719 5244 3911 5294 norum

2336 5319 2473 5375 evita
2536 5332 2705 5386 genus
2765 5318 2909 5387 quod
2966 5318 3368 5385 repraesentavit
3424 5314 3691 5374 Dominus
3736 5328 3911 5372 noster

2348 5411 2472 5466 inde
2494 5424 2561 5465 es
2587 5422 2699 5479 quo
2720 5410 3035 5479 baptizatus
3070 5407 3170 5461 init
3205 5424 3376 5477 usque
3406 5409 3535 5465 dum
3566 5413 3725 5465 cruci
3774 5422 3910 5466 esset

2349 5502 2575 5568 afﬁxus;
2608 5501 2675 5556 de
2708 5516 2817 5570 quo
2848 5513 3039 5570 genere
3068 5501 3184 5555 vita;
3230 5500 3433 5556 dictum
3451 5511 3550 5558 est
3589 5520 3605 5556 :
3644 5500 3911 5557 Conseru-

2348 5595 2475 5649 mini
2526 5611 2616 5665 per
2658 5593 3036 5665 penitentiam,
3068 5594 3383 5664 propinquat
3438 5607 3655 5666 regnum
3703 5588 3908 5648 ccli”.
