3982 6346
208 263 309 327 585

1330 269 1431 329 DE
1472 266 1880 329 PARADISO.
1921 292 1990 303 σ’-
2033 266 2228 326 PARS
2271 266 2318 325 Ι.

3372 260 3479 327 586

208 378 381 444 Atque
404 375 545 432 hanc
580 377 781 440 vitam,
808 377 1085 449 inquiunt,
1127 379 1340 449 agimus
1368 390 1657 450 postquam
1692 394 1786 449 per
1816 384 1862 439 Α
1894 375 2157 429 notiunis.
2201 376 2335 429 lllud
2376 389 2507 429 vero
2541 374 2682 442 quod
2717 373 2793 427 ait
2826 389 2842 431 :
2881 373 2955 426 Ab
2990 374 3164 438 initio,
3199 381 3303 439 est,
3333 389 3399 429 ac
3433 371 3477 430 si

208 466 556 534 baptismum,
586 474 820 523 veterem
850 471 1105 529 exuimus
1136 472 1414 526 hominem
1441 488 1456 525 :
1486 481 1683 541 estque
1716 486 1781 527 ea

206 571 303 611 ceu
332 558 582 626 quaedam
625 558 798 630 ﬁgura
852 561 973 628 ejus
1006 576 1164 616 novae
1209 563 1330 616 vita:
1361 577 1482 631 qua:
1516 562 1570 616 in
1616 576 1787 631 regno

207 651 329 705 caeli
364 651 523 707 nobis
554 660 637 707 est
669 657 961 721 promissa.
1012 654 1118 711 Alii
1160 669 1326 724 porro
1357 655 1480 709 vitae
1519 655 1777 710 arborem

208 738 490 810 mysticam
546 739 848 807 deﬁniunt,
908 743 1317 799 immunitatem
1370 742 1790 813 libertatemque

207 844 370 900 quam
427 824 597 887 dedit'
626 831 789 890 nobis
832 832 1086 890 Christus
1133 850 1163 888 a
1216 834 1703 890 constitutionibus
1735 843 1790 890 et

206 924 383 993 pinnis
414 924 565 997 legis.
600 925 709 983 Lex
741 926 886 980 enim
916 926 1367 997 delinquentibus
1396 940 1617 996 pinnam
1646 942 1789 997 pra:-

206 1013 474 1083 stituerat,
507 1032 541 1072 a
588 1032 692 1085 qua
732 1005 834 1079 nos
880 1019 1129 1073 asseruit
1163 1016 1417 1073 Christus
1456 1016 1547 1087 qui
1586 1016 1655 1071 de
1685 1016 1790 1071 hac

207 1090 459 1164 libertate
506 1108 593 1166 his
645 1109 832 1165 verbis
882 1118 966 1166 est
1009 1090 1421 1166 concionatusi
1472 1108 1664 1163 Redite
1693 1125 1789 1178 per

205 1200 587 1270 penitentiam,
614 1203 937 1273 propinquat
972 1218 1189 1271 regnum
1226 1200 1363 1255 cali.
1417 1202 1662 1256 Rursum
1696 1199 1789 1255 alii

162 1308 165 1309 '
207 1292 380 1356 aiunt,
413 1292 666 1349 arborem
697 1296 819 1350 vim
849 1309 972 1349 esse
1016 1296 1296 1354 hominem
1326 1309 1527 1349 novum
1562 1293 1656 1364 qui
1690 1307 1789 1362 per

206 1381 538 1452 baptismum
562 1394 725 1440 natus
752 1394 861 1440 est.
880 1383 1015 1449 Alii,
1034 1385 1309 1441 hominem
1328 1400 1528 1440 novum
1547 1385 1666 1455 qui,
1686 1385 1760 1439 ob
1774 1413 1786 1425 -

201 1472 435 1528 servatis
460 1471 556 1527 Dei
585 1473 783 1541 jussis,
808 1474 963 1529 exuit
990 1473 1122 1530 vitia
1166 1489 1288 1545 qua:
1331 1482 1602 1530 vocantur
1630 1462 1788 1551 vetus

205 1562 391 1629 homo,
424 1562 707 1634 iudultque
736 1565 966 1622 virtutes
1010 1580 1134 1637 qua
1173 1581 1355 1622 novus
1384 1565 1553 1622 homo
1593 1565 1789 1637 appel-

206 1650 406 1707 lantur.
438 1646 568 1721 Alii,
600 1664 838 1711 mortem
878 1670 1002 1712 esse
1043 1656 1234 1711 volunt
1279 1656 1621 1726 spiritualem
1656 1668 1794 1725 quae

204 1743 455 1797 nascitur
481 1758 551 1799 ex
599 1745 897 1801 securitate
920 1785 940 1812 ,
978 1723 1347 1803 observandis
1378 1745 1475 1802 Dei
1512 1723 1792 1801 mandatis
1825 1723 1843 1777 ¹

206 1842 540 1902 comparata.
581 1833 688 1889 Alii
730 1835 1141 1892 meditationem
1187 1852 1313 1908 quae
1341 1836 1552 1894 Christi
1592 1853 1789 1909 perso-

152 1922 159 1926 ’
205 1939 332 1977 nam
390 1919 837 1996 contemplatur,
898 1927 1030 1998 quia
1082 1943 1180 1999 per
1235 1943 1301 1985 ea
1362 1929 1598 1985 conditae
1663 1939 1792 1985 sunt

110 2084 119 2089 ἢ
154 2044 159 2048 -
204 2028 397 2073 omnes
428 2026 637 2073 natura:
665 2018 958 2088 participes
1004 2019 1131 2074 vita:
1174 2028 1343 2092 atque
1396 2020 1650 2076 rationis.
1684 2021 1787 2075 Alii

204 2120 423 2169 crucem
473 2105 678 2171 Christi
736 2116 927 2178 putant
995 2111 1246 2167 arborem
1273 2104 1420 2167 'vitae
1489 2109 1597 2168 diei
1660 2112 1790 2182 quia

202 2212 269 2253 es
306 2213 371 2253 ea
402 2196 730 2271 promanatit
772 2200 958 2272 omnia
995 2201 1154 2272 bona
1187 2201 1519 2272 spiritualia,
1577 2204 1785 2258 abolito

204 2284 429 2361 peccata
471 2298 636 2360 atque
666 2292 1071 2351 essecratione;
1108 2292 1241 2353 Alii
1265 2307 1484 2348 sacram
1531 2307 1686 2347 aram
1733 2294 1787 2346 in

203 2397 312 2451 qua
343 2380 794 2437 administrantur
845 2382 1031 2437 divina
1075 2393 1448 2439 sacramenta.
1496 2384 1602 2439 Alii
1636 2385 1791 2440 deni.

204 2487 335 2543 que,
370 2487 568 2543 corpus
599 2477 656 2528 'et
687 2472 1013 2544 sanguinem
1040 2475 1263 2553 Christi.
1294 2474 1389 2530 Dei
1421 2477 1597 2531 nostri
1625 2476 1790 2532 arbo-

204 2579 321 2619 rem
354 2565 479 2620 vitte
507 2566 692 2621 vocari
723 2572 938 2634 putant.
976 2564 1084 2621 Sed
1128 2567 1275 2622 enim
1308 2582 1420 2622 non
1451 2577 1577 2638 post
1608 2569 1708 2623 has
1736 2578 1790 2623 et

202 2654 346 2709 inter
372 2656 472 2709 has
500 2660 824 2724 sententias,
864 2665 1112 2713 nostram
1155 2673 1377 2730 quoque
1414 2659 1786 2730 prolerentes,

204 2746 501 2803 statuimus
539 2749 793 2803 arborem
828 2749 952 2804 vita:
988 2749 1277 2821 mysticam
1310 2765 1436 2806 esse
1473 2749 1795 2805 meditatio-

199 2853 328 2893 nem
356 2848 521 2908 atque
570 2840 938 2912 cognitionem
989 2856 1099 2913 qua
1144 2841 1466 2912 proﬁtemur
1498 2857 1788 2919 sacrosan-

200 2938 349 2985 ctam
396 2930 743 2997 Trinitatem,
802 2934 913 2989 hoc
939 2943 1046 3000 est,
1095 2950 1266 2989 unum
1316 2949 1441 2991 esse
1502 2934 1698 3002 Deum,
1734 2945 1792 2990 et

1896 466 2047 519 dicat
2077 480 2195 519 eam
2230 467 2397 520 vitam
2443 466 2783 535 spiritualem
2821 475 2986 536 atque
3021 468 3231 520 lzeatam
3262 469 3331 521 ab
3362 470 3484 538 ipso

1897 556 2011 612 Deo
2041 556 2349 612 institutam
2395 557 2567 613 luisse
2606 565 2734 612 ante
2778 559 3059 612 conditum
3105 556 3253 612 hunc
3284 574 3481 630 corpo-

1894 655 2073 702 ratum
2106 645 2401 710 mundum,
2432 647 2534 701 hoc
2562 653 2667 715 est,
2703 656 2832 699 ante
2860 660 2980 699 eam
3014 645 3328 701 machinam
3360 636 3486 716 quas

1891 750 1956 791 ex
1989 734 2131 788 cmlo
2167 745 2421 806 terraque
2449 746 2504 791 et
2547 735 2614 791 iis
2643 751 2768 806 qua:
2797 735 2937 790 inter
2970 735 3086 790 hare
3117 734 3297 791 media
3331 747 3482 801 sunt,

1892 832 2138 891 censui;
2187 834 2350 895 atque
2398 825 2453 879 in
2493 841 2558 907 ea
2609 827 2719 880 vita
2770 836 3025 883 versatos
3075 827 3489 899 oblectatosquc

1891 914 2068 971 fuisse
2118 918 2343 988 angelos
2388 927 2518 974 ante
2567 918 2709 974 hanc
2756 921 2944 973 mundi
2992 922 3383 990 aspectabilem
3433 933 3489 975 et

1892 1016 2244 1078 corporatam
2295 1009 2495 1065 malent
2545 1017 2770 1066 'creatos
2817 1011 3012 1079 luisse,
3063 1012 3168 1068 etsi
3223 1012 3345 1085 Syri
3385 1015 3493 1071 hoc

1894 1110 2094 1166 negent
2128 1098 2553 1170 (30).Caeterum
2592 1101 2644 1158 in
2678 1102 3035 1157 translatione
3076 1103 3271 1158 LXXII
3318 1104 3491 1158 Inter-

1892 1198 2108 1261 pretum
2156 1191 2429 1252 habentur
2476 1193 2569 1248 illa
2611 1194 2776 1249 verba
2815 1195 2879 1249 ad
2924 1196 3072 1251 hunc
3108 1198 3330 1254 modum
3368 1216 3383 1255 :
3416 1198 3489 1255 Et

1892 1283 2225 1353 plantaverat
2277 1284 2537 1341 Dominus
2591 1286 2735 1341 Deus
2775 1289 3093 1357 paradisum
3126 1291 3180 1345 in
3218 1289 3370 1347 Eden
3423 1292 3492 1346 ab

1895 1376 2132 1440 oriente;
2174 1375 2291 1442 ubi,
2343 1392 2444 1447 per
2495 1377 2789 1443 orientem,
2845 1379 3024 1434 lucem
3078 1395 3199 1435 eam
3254 1382 3493 1454 accipias

1896 1466 2025 1522 licet
2079 1478 2215 1537 qua?
2261 1471 2475 1524 ratione
2533 1470 2648 1525 sola
2709 1470 3052 1540 intelligitur,
3104 1472 3411 1543 proculque
3462 1489 3497 1528 τι

1896 1556 2064 1615 rebus
2110 1561 2421 1627 corporatis
2470 1570 2681 1615 semota
2733 1568 2839 1616 est.
2892 1558 2986 1615 H.e
3036 1562 3182 1617 enim
3235 1562 3293 1618 in
3343 1561 3497 1617 oeci-

1896 1648 2099 1715 dehte,
2156 1650 2265 1707 hoc
2324 1660 2450 1717 est,
2503 1651 2739 1722 caligine
2806 1663 3116 1709 versantur.
3170 1652 3267 1709 Est
3329 1654 3496 1723 igitur

1896 1756 2086 1797 eorum
2144 1744 2439 1819 verborum
2498 1744 2616 1800 haec
2685 1745 2957 1801 sententia
3026 1763 3039 1800 :
3100 1743 3273 1801 Deum
3327 1748 3493 1801 vitam

1895 1834 2110 1891 felicem
2160 1844 2327 1907 atque
2375 1836 2681 1908 angelicam
2732 1851 2960 1907 parasse
3008 1836 3064 1891 in
3114 1838 3236 1893 luce
3283 1838 3497 1906 agitan-

1894 1927 2046 1991 dam,
2083 1943 2207 1998 quas
2248 1928 2344 1983 lux
2374 1929 2492 1984 sola
2540 1937 2725 1985 mente
2754 1928 3020 1984 cernitur.
3056 1927 3128 1983 Et
3162 1929 3339 1999 posuit
3384 1930 3502 1984 illic

1894 2019 2164 2075 Adamum
2213 2035 2368 2092 quem
2420 2021 2677 2090 ﬁnxerat.
2729 2021 3070 2091 Postquam,
3123 2022 3337 2092 inquit,
3392 2022 3498 2077 lin-

1894 2112 2069 2168 xisset
2097 2112 2396 2179 Adamum,
2428 2112 2647 2167 induxit
2682 2112 2863 2183 ipsum
2901 2113 2955 2167 in
2989 2128 3110 2167 eam
3151 2113 3493 2183 spiritualem

1894 2216 1960 2257 ac
2009 2200 2221 2256 felicem
2260 2202 2451 2269 vitam,
2489 2202 2672 2256 laetum
2707 2210 2762 2258 et
2810 2202 3043 2257 miriﬁca
3093 2202 3349 2259 ali'ectum
3401 2220 3498 2260 vo-

1894 2291 2144 2362 luptate,
2216 2308 2313 2362 per
2381 2292 2766 2348 meditationes
2820 2295 3301 2365 cogitationesque
3359 2298 3493 2353 nulli

1894 2383 2445 2462 perturbationiaut
2495 2384 2758 2441 amicta-ti
2811 2386 3125 2451 obnoxias,
3179 2388 3233 2442 in
3285 2405 3493 2445 morem

1893 2475 2218 2547 angelorum
2272 2485 2331 2534 et
2382 2476 2755 2548 spiritualium
2821 2478 3155 2549 copiarum,
3218 2482 3499 2552 recipien-

1891 2575 2116 2639 temque
2173 2570 2359 2626 radios
2428 2564 2738 2625 divinarum
2795 2571 3085 2626 nationum
3159 2575 3497 2641 nonxaliter

1892 2644 2059 2729 atque
2111 2659 2291 2730 angeli
2354 2660 2601 2747 capiunt.
2658 2660 2728 2714 Et
2781 2662 2902 2730 fecit
2957 2663 3222 2721 Dominus
3252 2666 3417 2721 "Deus
3470 2687 3499 2722 e

1895 2758 2037 2804 terra
2076 2765 2283 2803 omnem
2329 2748 2573 2803 arborem
2617 2750 2899 2820 pulchram
2932 2750 3003 2803 ad
3045 2754 3415 2821 spectandum,
3446 2766 3500 2808 et

1891 2839 2238 2911 expetendam
2270 2842 2342 2895 ad
2369 2842 2702 2897 vescendum.
2738 2839 2853 2897 lloc
2883 2853 2965 2898 est
2999 2859 3012 2896 :
3046 2841 3125 2898 lta
3158 2846 3499 2915 comparavit

1892 2925 2036 2982 Deus
2090 2928 2222 2982 Adae
2254 2930 2475 2993 ,mentis
2528 2946 2798 2996 sensum,
2851 2928 2911 2987 ut
2965 2923 3283 3003 procrearet
3333 2944 3502 3004 atque

201 3032 318 3078 tres
354 3036 620 3091 personas
644 3032 887 3103 sanctas,
934 3025 1054 3081 sive
1104 3025 1370 3080 unitatem
1407 3024 1462 3079 in
1494 3018 1787 3089 Trinitate,
1816 3055 1867 3118 ο
1895 3019 2236 3090 expullulare
2281 3018 2491 3077 faceret
2522 3021 2724 3079 'omnis
2778 3026 2994 3095 generis
3033 3027 3238 3096 probas
3286 3028 3498 3096 cogita-

198 3122 255 3168 et
283 3111 607 3172 Trinitatem
639 3116 693 3169 in
725 3116 954 3171 unitate.
993 3115 1072 3172 De
1104 3114 1211 3172 hac
1250 3132 1418 3186 porro
1458 3118 1656 3172 arbore
1678 3134 1787 3172 non

198 3207 563 3266 comederunt
595 3208 763 3264 Adam
782 3218 847 3283 et
887 3208 1024 3277 Eva,
1066 3207 1244 3280 neque
1273 3209 1340 3264 ad
1372 3225 1493 3266 eam
1526 3212 1791 3266 accedere

199 3304 322 3359 sive
369 3302 438 3357 de
472 3318 533 3359 ea
569 3303 816 3374 cogitare
871 3303 1194 3373 quiverunt,
1232 3312 1292 3358 ut
1324 3303 1422 3374 qui
1451 3304 1635 3359 adhuc
1676 3318 1786 3357 non

198 3395 340 3449 satis
360 3392 657 3462 pollebant,
678 3401 1041 3463 potentesque
1063 3392 1129 3447 ad
1152 3392 1207 3446 id
1231 3408 1341 3450 non
1364 3400 1521 3448 erant
1556 3409 1573 3447 :
1608 3402 1664 3448 at
1688 3410 1789 3448 nos

198 3484 665 3551 Cbristiani,-non
691 3485 911 3555 quidem
938 3486 1042 3557 ipsi
1078 3476 1215 3542 satis
1244 3486 1534 3556 pollentes,
1563 3488 1661 3544 sed
1693 3503 1790 3556 per

196 3574 505 3641 Christum,
532 3574 868 3631 illustratum
893 3576 998 3632 hoc
1020 3564 1303 3632 arcanum
1319 3585 1374 3632 et
1398 3577 1788 3648 amplectimur

193 3672 253 3721 et
281 3665 619 3734 proﬁtemur.
670 3663 941 3728 Caeterum
993 3664 1428 3720 existimandum
1468 3674 1555 3720 est
1601 3665 1788 3720 multi-

197 3755 446 3809 tudinem
492 3736 1120 3825 d‘issimilitudinemque
1174 3756 1369 3809 harum
1419 3754 1565 3809 inter
1607 3769 1668 3810 se
1707 3755 1789 3809 in-

194 3846 649 3915 terpletatiouum
697 3862 836 3917 quas
881 3848 950 3903 de
988 3847 1190 3903 arbore
1251 3846 1373 3902 vitae
1428 3846 1783 3913 adduximus,

192 3935 528 4007 argumento
564 3952 686 3995 esse
729 3952 893 4008 quam
923 3939 998 3995 sit
1033 3954 1123 3995 res
1172 3940 1292 4008 ipsa
1326 3939 1607 4008 explicata
1646 3939 1788 3993 ditii-

193 4031 327 4086 cilis
359 4046 376 4086 :
409 4030 615 4101 alioqui
634 4032 782 4109 enim
811 4041 919 4086 tam
958 4033 1147 4088 multis
1174 4033 1461 4103 variisque
1496 4032 1682 4089 verbis
1715 4033 1783 4088 ad

192 4138 326 4178 eam
359 4123 751 4179 enucleandum
783 4122 1009 4179 minime
1033 4140 1176 4195 opus
1206 4124 1423 4181 luisset.
1566 4118 1571 4127 ’

801 4215 1030 4273 CAPUT
1069 4215 1183 4273 VII.
1326 4252 1327 4255 η
1615 4271 1618 4274 .

244 4307 648 4379 _Compleetitur
674 4307 1163 4377 interpretationem
1192 4310 1477 4379 mysticam
1506 4310 1784 4365 verborum

1895 3111 2075 3167 tiones
2118 3111 2620 3183 meditationesque
2651 3123 2764 3169 tam
2795 3115 2863 3171 de
2908 3115 3076 3173 rebus
3119 3132 3246 3188 qua:
3277 3119 3497 3177 videndi

1894 3216 2063 3259 sensu
2104 3212 2340 3272 possunt
2372 3205 2582 3275 percipi
2627 3222 2795 3276 quam
2837 3207 2907 3263 iis
2941 3223 3065 3279 qua-
3098 3224 3224 3265 eum
3270 3226 3498 3269 sensum

1891 3292 2182 3364 effugiunt.
2222 3294 2296 3349 Et
2341 3296 2587 3349 arborem
2638 3298 2763 3353 vita:
2812 3299 2867 3353 in
2920 3300 3093 3355 medio
3141 3303 3419 3372 paradiso,
3446 3318 3499 3360 et

1893 3384 2427 3440 arborem‘scientite
2477 3385 2602 3440 boni
2647 3398 2699 3440 et
2753 3389 2904 3444 mali.
2956 3389 3056 3446 Ha!
3104 3394 3227 3449 duae
3275 3396 3502 3452 arbores

1896 3475 2121 3547 quando
2150 3475 2435 3547 spirituali
2457 3479 2622 3534 modo
2649 3489 2999 3549 spectantur,
3022 3484 3202 3542 amba:
3229 3487 3283 3541 in
3317 3489 3503 3545 medio

1894 3568 2151 3638 paradiso
2201 3569 2512 3639 consistere
2564 3581 2813 3642 queunt;
2872 3568 2979 3630 h'oc
3029 3586 3147 3645 est,
3202 3578 3261 3635 in
3314 3584 3502 3638 medio

1893 3660 2069 3714 animi
2101 3659 2219 3716 sive
2257 3662 2487 3727 mentis,
2520 3674 2576 3718 ut
2608 3664 2779 3721 altera
2810 3665 3038 3722 alteram
3068 3684 3180 3725 non
3212 3680 3379 3744 angat
3406 3688 3502 3731 aut

1896 3750 2102 3817 trudat,
2131 3751 2278 3807 sicut
2306 3752 2387 3807 ait
2418 3751 2720 3826 Gregorius
2764 3754 3071 3828 Nyssenus.
3122 3758 3230 3816 Sed
3271 3778 3438 3833 supra
3468 3781 3500 3819 a

1892 3842 2097 3908 nobis,
2149 3841 2280 3896 dum
2334 3843 2564 3914 mystice
2618 3845 2988 3916 accipiuntur,
3043 3848 3133 3904 ubi
3192 3852 3499 3909 multorum

1891 3930 2197 3987 sententias
2244 3932 2297 3986 in
2336 3933 2575 3987 medium
2614 3934 2973 3993 adduximus.
3013 3937 3081 3993 Et
3123 3940 3319 4009 ﬂuvius
3353 3948 3500 4015 egre-

1890 4022 2139 4077 diebatur
2189 4039 2255 4077 ea;
2306 4023 2566 4080 Edentttt
2616 4027 2816 4097 rigaret
2866 4031 3205 4100 paradisum,
3255 4043 3306 4090 et
3350 4035 3503 4091 illinc

1891 4114 2249 4181 dividebatur,
2297 4124 2346 4169 et
2391 4117 2749 4173 evadebat'in
2795 4132 3026 4190 quatuor
3073 4127 3275 4193 capita.
3309 4125 3502 4183 Prius-
3556 4120 3557 4123 “

1891 4221 2057 4274 quam
2089 4207 2356 4261 violasset
2381 4208 2628 4265 Adamus
2660 4210 2855 4280 legem,
2880 4215 3245 4283 promanahat
3273 4217 3497 4287 ﬂuvius,

1893 4297 2000 4352 hoc
2045 4306 2151 4363 est,
2199 4297 2413 4355 delicia:
2462 4314 2530 4354 ex
2581 4296 2943 4360 meditatione
2996 4321 3182 4363 rerum
3224 4312 3503 4380 spectabi-

193 4400 370 4457 Hosis
418 4399 484 4454 de
530 4400 804 4468 paradiso.
862 4428 929 4440 -
983 4400 1220 4470 Scripsit
1273 4402 1437 4456 divus
1470 4386 1669 4458 Moses
1721 4402 1789 4458 de
1821 4400 1866 4456 ι)
1895 4388 2028 4444 lium
2074 4398 2129 4445 et
2173 4405 2283 4445 non
2329 4393 2749 4462 aspectabilium
2787 4405 2929 4451 nata!
2962 4415 2981 4452 :
3014 4399 3360 4472 rigabatque,
3398 4406 3502 4460 hoc

188 4493 459 4565 paradiso
505 4492 560 4546 in
617 4493 732 4547 haec
782 4490 947 4547 verba
1004 4509 1019 4546 :
1074 4490 1143 4545 Et
1206 4492 1476 4562 plantavit
1525 4496 1787 4551 Dominus

189 4585 346 4641 Deus
383 4586 697 4656 paradisum
742 4588 799 4641 in
831 4583 1002 4651 Edon,
1035 4584 1100 4639 ab
1134 4587 1312 4641 initio.
1347 4584 1406 4640 In
1443 4587 1529 4661 his
1582 4588 1788 4655 verbis,

188 4678 459 4747 paradiso
491 4675 775 4737 vocabulo,
814 4674 923 4730 vita
961 4675 1304 4745 signiﬁcatur
1335 4674 1663 4744 spiritualis,
1683 4673 1788 4734 hoc

186 4778 306 4828 est,
335 4781 459 4835 quae
480 4766 782 4822 secundum
814 4765 1054 4820 animam
1090 4765 1291 4836 agitur,
1324 4775 1380 4821 et
1412 4766 1590 4821 beata.
1623 4766 1788 4821 Plan-

189 4869 323 4914 tare
367 4871 499 4912 vero
544 4856 687 4916 idem
738 4865 821 4913 est
865 4857 1011 4927 quod
1058 4855 1260 4923 lacere,
1312 4859 1425 4915 sive
1474 4859 1787 4915 instituere.

188 4949 318 5005 Hoc
348 4950 530 5019 itaque
558 4949 693 5008 dicit
724 4947 925 5015 Moses,
961 4950 1253 5005 Dominum
1290 4953 1458 5007 Deum
1495 4968 1787 5024 compara-

187 5042 351 5099 visse
396 5041 611 5103 vivendi
656 5041 885 5096 modum
932 5023 1233 5099 secundum
1283 5043 1562 5113 Spiritum,
1615 5045 1689 5098 ita
1732 5055 1791 5099 ut

186 5146 263 5188 ea
301 5130 411 5186 vita
442 5138 589 5189 esset
634 5131 792 5200 plena
838 5133 1147 5188 sanctitatis
1174 5143 1229 5188 et
1274 5134 1650 5191 meditationis
1698 5152 1789 5191 re-

104 5210 107 5211 i
187 5238 335 5282 tum
370 5223 679 5281 divinarum
706 5233 761 5280 et
786 5239 976 5281 earum
1008 5240 1129 5292 quae
1158 5240 1187 5277 a
1221 5224 1333 5282 Deo
1364 5227 1600 5283 conditae
1633 5238 1789 5294 sunt,

189 5315 333 5372 felix
374 5324 429 5370 et
468 5316 537 5371 ab
576 5316 836 5373 omnibus
864 5318 1036 5372 animi
1069 5319 1573 5387 perturbationibus
1603 5323 1789 5378 anxie.

185 5407 520 5478 tatibusque
562 5418 793 5475 remota,
837 5424 1003 5481 quam
1055 5412 1391 5466 comitentur
1441 5414 1704 5482 gaudium
1740 5427 1795 5469 et

188 5500 539 5566 exsultatio,
594 5515 825 5579 quaeque
890 5518 1066 5572 capax
1123 5504 1193 5559 sit
1250 5504 1535 5559 radiorum
1594 5505 1793 5563 divinae

1895 4489 2011 4546 est,
2058 4481 2370 4538 oblectabat
2423 4485 2742 4541 universum
2795 4491 3046 4560 corporis
3100 4500 3502 4563 temperamen-

1895 4582 2037 4639 tum,
2071 4573 2220 4644 quod
2261 4590 2329 4631 ex
2358 4585 2597 4646 quatuor
2631 4588 2851 4636 constat
2884 4582 3231 4650 humoribus,
3265 4598 3332 4639 ex
3369 4600 3503 4641 sane

1903 4666 2089 4738 guine,
2122 4667 2318 4737 pituita
2351 4677 2516 4739 atque
2547 4679 2781 4742 utraque
2812 4674 2940 4730 bile.
2969 4673 3105 4729 Nam
3146 4685 3202 4730 et
3233 4693 3299 4732 ex
3353 4678 3501 4735 illius

1900 4757 2047 4811 modi
2096 4758 2573 4827 meditationibus,
2608 4766 2719 4818 nun
2758 4764 2939 4821 minus
2971 4782 3136 4836 quam
3185 4768 3256 4825 de
3303 4785 3501 4838 corpo-

1899 4848 2036 4904 ratis
2058 4850 2300 4923 paradisi
2328 4852 2623 4909 arboribus
2648 4856 3000 4912 recreabatur
3020 4858 3267 4917 Adamus
3288 4862 3496 4917 animo.

1900 4937 2041 4993 Sunt
2062 4940 2157 5009 qui
2186 4942 2291 4997 hoc
2317 4958 2537 5014 quoque
2564 4946 2727 5004 modo
2753 4950 3183 5019 interpretentur
3202 4968 3264 5008 ea
3286 4954 3452 5009 verba
3481 4974 3495 5010 :

1899 5028 2266 5111 Promanabat
2297 5032 2513 5100 ﬂuvius,
2550 5037 2654 5093 hoc
2682 5048 2790 5105 est,
2818 5039 3031 5097 deliciae
3065 5058 3132 5098 cx
3171 5043 3334 5099 rebus
3366 5060 3500 5101 con-

1896 5120 2051 5185 ditis,
2103 5122 2169 5176 iis
2222 5139 2346 5193 quas
2396 5129 2632 5195 spectari
2679 5140 2885 5199 queunt
2932 5144 2984 5187 et
3036 5134 3103 5188 iis
3152 5150 3275 5205 quae
3327 5138 3501 5193 videri

1903 5224 2206 5280 nequeunt.
2256 5225 2305 5268 et
2358 5216 2592 5286 rigabat,
2640 5220 2693 5275 id
2740 5231 2850 5288 est,
2900 5224 3210 5288 oblectabat
3261 5235 3499 5297 quatuor

1905 5302 2105 5357 anima:
2156 5304 2409 5371 virtutes,
2463 5322 2586 5366 eam
2640 5326 2765 5381 quae
2816 5313 3014 5369 rationi
3072 5318 3290 5386 praprie
3343 5318 3501 5373 attrio

1902 5392 2116 5458 buitur,
2165 5393 2271 5450 hoc
2320 5405 2427 5462 est,
2476 5399 2847 5469 prudentiam,
2884 5412 3000 5459 tum
3054 5408 3499 5473 temperantiam,

1908 5486 2405 5563 iortitudinemque
2449 5502 2505 5547 et
2559 5493 2868 5566 justitiam;
2908 5515 2972 5554 ac
3005 5502 3235 5570 proinde
3271 5504 3499 5557 virtutes

277 5663 397 5735 (30)
425 5658 608 5720 Caute‘
625 5665 766 5733 lege,
797 5674 848 5719 et
876 5667 999 5722 vide
1029 5680 1212 5722 notam
1248 5671 1313 5725 ad
1344 5687 1356 5726 ι
1394 5669 1487 5726 lib.
1519 5669 1941 5743 inllexaemer.,
1976 5674 2035 5730 S.
2070 5677 2343 5735 Anastasii
2383 5678 2613 5737 Sinaita.

538 5757 809 5821 Panos.
857 5759 976 5823 Gn.
1027 5762 1189 5824 CXI.

3113 5773 3178 5836 19
