3982 6346
596 275 698 337 587

1867 266 2095 351 MOSIS
2139 266 2154 322 l

2269 269 2278 320 ἱ
2318 260 2564 321 (ΖΞΙἮᾹ
3726 246 3812 310 588

590 387 782 439 animae
825 387 1049 437 cmteras
1097 393 1314 451 quoque
1357 377 1566 432 fovebat
1622 378 1982 446 augt-inatque.
2026 376 2162 430 Sunt
2189 381 2240 439 Α
2266 357 2370 439 sui,
2401 386 2568 440 seque
2601 388 2667 426 eo
2689 371 3130 424 uuooblectaret.
3164 368 3229 421 Et
3283 367 3548 420 mandauit
3586 364 3813 417 Daunum

591 483 891 542 praeterea,
948 473 1042 541 qui
1101 473 1217 534 sic,
1284 477 1344 523 ut
1405 457 1500 539 per
1557 461 1776 522 iluvium
1837 468 2166 537 intelligatur

588 564 837 616 Christus
866 562 957 632 qui
997 577 1091 616 sua
1127 561 1372 614 doctrina
1431 557 1727 612 Ecclesium
1779 558 2017 627 rigabat;
2053 556 2164 616 col-

589 655 790 723 legium
818 653 940 707 dieo
968 653 1328 722 apostolicum
1356 655 1498 722 quod
1525 662 1641 705 erat
1666 651 1829 705 veluti
1861 651 2162 720 paradisus,

587 745 784 798 deinde
813 741 1077 799 evadebat
1109 756 1288 798 sectus
1320 744 1374 796 in
1405 754 1642 812 quatuor
1671 743 1869 810 capita,
1914 743 2016 796 hoc
2058 750 2162 802 est,

585 835 736 904 ipsos
769 845 1004 905 quatuor
1052 837 1433 906 evangelistas,
1484 836 1854 898 Matthaaum,‘
1887 833 2162 894 Marcum,

589 924 830 988 Lucam,
889 923 1196 990 Joannem,
1263 934 1428 996 atque
1481 926 1533 980 hi
1588 925 1784 980 deinde
1843 925 2161 978 universum

585 1017 773 1070 orbem
812 1017 1158 1070 habitabilem
1197 1018 1542 1087 proluebant.
1595 1015 1801 1091 Nomen
1841 1017 1997 1069 unius
2033 1015 2162 1068 Phi-

586 1124 701 1171 son,
750 1109 792 1159 is
833 1117 907 1159 est
952 1107 1043 1175 qui
1091 1110 1278 1161 circuit
1319 1110 1616 1162 uniuersam
1665 1118 1859 1160 terram
1899 1106 2109 1161 Habita:
2143 1122 2161 1159 :

507 1213 512 1218 '
584 1195 631 1250 et
667 1197 740 1249 ibi
773 1208 849 1251 est
892 1215 1125 1263 aurum;
1160 1210 1208 1252 et
1243 1216 1434 1252 aurum
1475 1198 1587 1268 ejus
1629 1187 1783 1252 terra?
1829 1201 2017 1252 bonum
2047 1208 2160 1262 est;

585 1290 657 1340 ibi
687 1287 899 1353 bdellia,
932 1301 981 1342 et
1009 1290 1205 1358 lapides
1237 1291 1441 1362 berylli.

659 1379 852 1435 Phison
879 1384 1098 1450 mystice
1127 1384 1276 1450 quid.
1321 1413 1391 1422 —
1447 1378 1565 1438 Per
1591 1379 1882 1438 Phisoncni
1934 1381 2160 1436 ﬂuvium

590 1474 810 1543 intelligi
844 1485 1028 1544 potest
1074 1474 1210 1528 flava
1260 1476 1384 1530 bilis
1409 1478 1513 1546 fqui
1553 1477 1748 1530 humor
1782 1476 1854 1532 ,,in
1916 1477 2162 1545 corporis

583 1563 804 1618 humani
856 1566 1246 1621 constitutione
1297 1568 1586 1623 laudabilis
1637 1578 1738 1622 est.
1787 1566 1920 1622 Nam
1973 1569 2066 1638 qui
2097 1583 2161 1623 eo

581 1653 787 1722 largius
834 1655 1046 1725 praaditi
1097 1668 1244 1717 sunt.
1304 1658 1524 1727 ingenio
1566 1659 1770 1726 pollent
1825 1653 1936 1713 acri
1997 1669 2160 1730 atque

2269 457 2408 518 Deus
2445 464 2667 529 Artamo,
2702 464 2940 531 dixitque
2973 463 3073 531 ipsi
3108 460 3223 515 :De
3251 452 3496 514 oumibus
3534 460 3810 518 arboribus.

2267 573 2383 626 qua
2405 544 2525 610 sunt
2563 557 2616 610 in
2663 545 2950 626 paradiso,
2991 554 3189 608 edendo
3217 553 3336 606 edes
3363 568 3381 606 :
3409 560 3463 604 at
3495 552 3561 620 de
3591 553 3703 618 ipsa
3740 567 3817 601 ar,

2269 654 2388 702 bore
2418 650 2645 704 scientiae
2671 650 2790 702 boni
2820 659 2881 702 ει·
2902 649 3049 710 ntali,
3095 663 3156 700 ne
3189 645 3334 709 edas,
3379 646 3478 698 hoc
3509 653 3614 709 est,
3645 656 3816 695 excire

2270 749 2318 795 te
2349 740 2768 809 cogitationibus
2801 741 2882 810 ;de
2920 740 3087 794 rebus
3134 738 3392 792 omnibus
3443 745 3558 789 tum
3590 743 3817 803 aspecta-

2268 831 2468 888 bilihus
2496 871 2510 893 ,
2570 840 2679 884 tum
2729 847 2850 900 qua:
2891 831 3003 884 sola
3049 829 3246 884 mentis
3285 826 3637 897 intelligentia
3666 825 3820 894 perci.

2267 923 2488 990 piuntur
2515 939 2530 989 ;
2558 923 2806 991 apudque
2842 930 2992 975 tuum
3018 921 3260 975 animum
3289 918 3550 972 meditare
3579 916 3817 986 quisnam

2267 1014 2338 1067 sit
2377 1013 2588 1066 illarum
2613 1012 2833 1068 eﬂ‘ector
2862 1023 2913 1067 et
2945 1027 3159 1082 parens,
3192 1019 3245 1066 et
3267 1008 3541 1078 quomodo
3570 1008 3818 1062 sintcon-

2267 1105 2426 1168 ditas;
2464 1114 2720 1172 totusque
2755 1113 2872 1159 esto
2906 1103 2958 1157 in
3002 1102 3311 1157 meditando
3348 1115 3409 1154 ea
3439 1114 3560 1168 qua:
3593 1098 3693 1152 sibi
3729 1097 3820 1150 illis

2271 1197 2496 1266 mystice
2528 1197 2696 1249 latent
2725 1212 2739 1261 ;
2784 1209 3020 1265 cumque
3048 1210 3113 1248 ex
3152 1208 3332 1248 rerum
3360 1193 3574 1246 illarum
3601 1190 3822 1260 pulchri-

2268 1287 2455 1342 tudine
2495 1297 2682 1355 raptus
2723 1285 2892 1341 fueris
2939 1285 2995 1340 in
3038 1284 3449 1339 admirationem
3477 1322 3493 1347 ,
3525 1291 3654 1335 tunc
3692 1281 3824 1346 ipsa-

2265 1389 2383 1430 rum
2412 1377 2692 1433 Conditori
2716 1379 2916 1448 gratias
2934 1378 3094 1447 agita,
3108 1391 3342 1446 eumque
3361 1374 3613 1450 laudibus
3630 1371 3746 1426 eﬂet
3758 1379 3826 1425 to.

2265 1467 2422 1533 Quod
2457 1483 2618 1537 porro
2666 1469 2934 1538 sequitur,
2983 1468 3052 1522 ab
3097 1466 3293 1531 arbore
3330 1464 3573 1520 scientia:
3607 1463 3734 1543 horti
3780 1473 3825 1515 et

2265 1559 2821 1614 mali'abstinendum
2866 1575 3008 1624 esse,
3055 1558 3324 1628 signiﬁcat
3362 1557 3511 1610 illum
3567 1552 3824 1609 curiosius

2267 1651 2543 1719 inquirere
2573 1666 2677 1706 non
2703 1651 2957 1706 debuisse
3001 1652 3054 1704 in
3090 1651 3255 1708 Deum
3293 1649 3496 1718 ipsum,
3531 1646 3662 1717 quid
3693 1656 3825 1701 esset

581 1759 905 1799 arcanorum
953 1745 1046 1800 Dei
1097 1747 1454 1818 mysticorum
1490 1748 1822 1818 cognitione,
1874 1757 1927 1802 et
1972 1764 2155 1804 rerum
2190 1745 2232 1799 Β
2263 1753 2318 1796 et
2349 1743 2626 1812 quomodo
2645 1743 2952 1810 exsisteret,
2981 1753 3036 1797 et
3062 1744 3322 1798 unicusne
3347 1757 3414 1796 an
3444 1741 3632 1811 plures
3652 1748 3826 1794 essent

577 1839 922 1894 conditarum
955 1843 1224 1908 scientia;
1273 1843 1376 1897 hoc
1411 1852 1514 1908 est,
1549 1845 1856 1907 divinarum
1881 1853 1933 1898 et
1963 1844 2156 1898 huma-

579 1944 771 1982 narum
809 1944 992 1985 rerum
1032 1947 1268 2000 capace;
1298 1935 1440 2002 quod
1474 1935 1715 2002 profecto
1740 1934 1909 1987 multo
1941 1949 2075 1987 auro
2105 1944 2158 1988 et

578 2018 935 2086 margaritis,
991 2020 1374 2089 lapidibusque
1431 2023 1680 2091 pretiosis
1743 2021 2152 2075 anteferendum

577 2117 683 2171 est,
713 2111 850 2163 sicut
877 2111 952 2163 ait
978 2109 1186 2166 Psaltes
1220 2112 1383 2166 David
1426 2131 1439 2167 :
1479 2114 1760 2184 Propterea
1797 2117 1970 2168 amavi
2005 2132 2153 2167 man-

575 2199 705 2250 data
762 2208 852 2252 tua
910 2200 1133 2253 multum
1169 2213 1341 2270 supra
1389 2197 1600 2269 aur-um,
1634 2215 1682 2259 et
1729 2206 1950 2258 multum
1991 2222 2154 2275 supra

579 2291 786 2358 lapides
840 2296 1094 2358 pretiosos
1145 2294 1209 2347 ”.
1249 2294 1433 2350 Potest
1482 2298 1643 2350 etiam
1700 2313 1793 2366 per
1861 2297 2152 2351 Phisonem

576 2384 747 2450 accipi
787 2398 848 2436 ea
896 2385 1067 2437 virtus
1117 2387 1282 2440 animi
1339 2403 1456 2455 qum
1480 2390 1706 2442 ratioois
1756 2390 1972 2458 propria
2028 2399 2150 2451 est;

579 2475 920 2542 prudentiam
973 2475 1118 2530 dico.
1162 2475 1344 2532 Potest
1385 2495 1603 2548 quoque
1664 2480 1876 2534 Marcus
1922 2495 2156 2548 evange-

577 2563 698 2614 lista
740 2564 995 2617 l’hisouis
1028 2566 1246 2618 nomine
1292 2568 1538 2636 signatus
1576 2568 1824 2637 intelligi,
1856 2577 1911 2620 ut
1961 2569 2011 2621 iu
2042 2583 2152 2638 quo

579 2651 747 2703 robur
785 2650 1157 2721 iortitudoquc
1193 2656 1388 2708 enituit
1429 2673 1514 2710 res
1551 2673 1780 2727 superas
1822 2659 2148 2727 explicandi.

575 2738 644 2790 Et
694 2757 875 2806 nomen
927 2742 1077 2809 [lui-ii
1129 2733 1364 2809 secundi,
1426 2745 1618 2812 Gihon,
1650 2750 1692 2800 is
1737 2758 1811 2800 ett
1845 2751 1931 2811 qui
1964 2749 2146 2801 circuit

578 2847 779 2881 omnem
815 2844 1015 2884 terram
1043 2833 1183 2887 Clius
1218 2850 1236 2886 :
1269 2846 1317 2888 et
1344 2853 1528 2889 nomen
1555 2840 1702 2906 ﬂuvii
1735 2841 1912 2903 tertii,
1947 2839 2149 2902 Diklat,

573 2919 666 2987 qui
721 2923 759 2971 it
809 2924 1057 2978 adversus
1122 2929 1285 2978 Assur
1345 2945 1360 2979 :
1421 2939 1469 2981 et
1522 2931 1713 2996 ﬂuvius
1783 2943 2000 3000 quartus
2051 2943 2148 2995 est,

577 3009 795 3065 l’erath.
835 3013 1102 3068 Giliouem
1138 3028 1312 3081 vocat,
1347 3024 1635 3073 humorem
1668 3039 1789 3074 cum
1826 3040 1986 3091 quem
2025 3039 2151 3079 san-

2265 1831 2376 1900 dii;
2412 1834 2515 1887 huc
2541 1833 2689 1886 enim
2723 1834 2940 1904 penitus
2971 1835 3372 1904 procedendum
3405 1833 3477 1887 illi
3508 1847 3619 1886 non
3647 1829 3821 1890 fuisse,

2265 1935 2550 1994 propterea
2580 1925 2723 1994 quod
2769 1929 2948 1982 adhuc
2982 1929 3048 1982 ad
3082 1927 3230 1982 illius
3258 1925 3401 1980 modi
3431 1941 3518 1980 res
3546 1922 3826 1993 capiendas

2265 2028 2372 2075 non
2399 2015 2529 2068 satis
2559 2013 2785 2082 polleret
2805 2017 2950 2070 illius
2981 2031 3154 2071 mens.
3199 2015 3333 2079 Quia
3361 2031 3462 2084 quo
3485 2013 3572 2067 die
3599 2012 3825 2065 concedes

2263 2102 2326 2156 de
2354 2115 2634 2173 eahmorte
2665 2107 2950 2169 morieris;
2986 2121 3049 2160 ac
3078 2106 3124 2160 si
3159 2106 3305 2160 dicat
3338 2122 3351 2158 :
3393 2103 3512 2169 Quo
3540 2103 3628 2156 die
3661 2110 3825 2154 tecum

2264 2195 2537 2265 ambigere
2560 2197 2793 2264 coeperis
2830 2213 3038 2251 unusne
3066 2196 3204 2250 Deus
3236 2197 3307 2250 sit
3337 2197 3638 2267 anqplures,
3673 2200 3857 2260 atque!

2267 2286 2317 2338 in
2355 2287 2668 2361 opinionem
2722 2287 2959 2355 plurium
3006 2287 3284 2352 incideris,
3319 2296 3546 2338 mortem
3593 2293 3826 2352 oppetas.

2263 2389 2314 2428 et
2348 2378 2617 2443 peccando
2646 2387 2698 2430 et
2732 2387 2802 2438 te,
2837 2391 2864 2428 a
2889 2390 2996 2441 me,
3026 2377 3382 2430 subducenda
3407 2373 3824 2442 alienandoque,

2263 2466 2354 2534 qui
2387 2481 2508 2520 sum
2548 2481 2708 2521 verus
2731 2467 2890 2522 Deus.
2921 2450 3130 2537 Quippe
3163 2469 3211 2521 id
3242 2468 3315 2520 illi
3348 2467 3550 2531 evenit,
3580 2482 3687 2519 una
3713 2480 3826 2518 cum

2267 2571 2435 2608 uxore
2468 2552 2575 2608 Eva
2606 2557 2806 2609 diaboli
2844 2557 3034 2610 fraude
3062 2558 3288 2611 seducto
3327 2575 3340 2610 :
3393 2557 3482 2624 qui
3528 2570 3638 2608 non
3673 2555 3828 2608 modo

2263 2656 2402 2695 esca:
2448 2643 2715 2697 illecebris
2755 2645 2904 2712 ipsos
2952 2643 3162 2708 fefellit,
3217 2644 3311 2698 sed
3344 2643 3620 2712 persuasit
3672 2645 3826 2696 etiam

2262 2734 2446 2804 plures
2487 2750 2608 2789 esse
2637 2738 2792 2800 deos,
2833 2737 2962 2790 dum
3008 2737 3210 2790 diceret
3248 2753 3262 2789 :
3319 2734 3379 2789 Si
3411 2735 3746 2789 comederitis
3773 2734 3831 2787 de

2261 2843 2321 2878 ea
2355 2827 2562 2891 arbore,
2610 2830 2759 2880 eritis
2809 2829 2939 2881 sicut
2993 2829 3089 2883 dii.
3133 2827 3229 2883 Hic
3263 2828 3394 2898 illud
3428 2829 3593 2882 etiam
3649 2826 3833 2882 obser-

2262 2920 2499 2971 vandum
2561 2929 2645 2971 est
2692 2937 2705 2972 :
2760 2919 2889 2972 Adte
2943 2929 3105 2988 atque
3149 2921 3329 2980 uxori.
3388 2920 3583 2973 arbore
3621 2927 3829 2972 tantum

2262 3011 2504 3063 scientia:
2553 3011 2901 3064 interdictum
2943 3027 3062 3066 esse
3093 3025 3162 3066 ne.
3200 3012 3268 3065 ad
3321 3025 3439 3065 eam
3490 3014 3832 3077 accederent,

576 3098 794 3163 guinem
846 3101 1110 3167 dicimus;
1151 3104 1343 3168 Diltlat,
1389 3125 1513 3161 eum
1557 3126 1714 3178 quem
1755 3087 2002 3179 pituitam
2042 3128 2141 3165 vo~
2179 3087 2222 3146 ο
2261 3117 2456 3171 nempe
2509 3105 2638 3170 quia
2693 3106 2934 3154 nondum
2989 3102 3108 3171 eius
3141 3116 3369 3170 capaces
3417 3113 3619 3168 εττιηις
3669 3112 3726 3156 δι
3773 3104 3834 3155 δε

575 3201 797 3254 camus;
847 3190 1083 3260 denique
1136 3194 1356 3260 Perath,
1402 3201 1551 3252 illum
1597 3217 1757 3270 quem
1808 3204 2146 3271 appellamus

575 3277 736 3329 bilem
775 3287 970 3343 atram,
1027 3292 1084 3337 ut
1114 3285 1186 3337 ait
1222 3285 1283 3337 D.
1322 3287 1557 3342 Jacobus
1599 3294 1909 3346 Oriohaita.
1943 3295 2148 3347 Possu-

578 3380 702 3418 mus
735 3381 954 3434 quoque
1003 3385 1098 3437 per
1129 3373 1395 3427 Gihouem
1445 3379 1738 3448 intelligere
1785 3396 1900 3432 eam
1955 3384 2151 3436 anima:

577 3455 829 3510 virtutem
863 3473 984 3524 qua:
1013 3466 1366 3537 temperantia
1399 3466 1638 3532 dicitur;
1674 3485 1770 3537 per
1800 3469 1998 3532 Dihlat,
2031 3487 2150 3524 cam

574 3562 698 3616 quae
733 3548 798 3601 ad
838 3562 1045 3618 partem
1089 3555 1283 3607 auimze
1326 3558 1651 3610 irascibilem
1689 3561 1805 3614 sive
1847 3563 2150 3617 animosam

580 3638 845 3726 pertinet;
883 3644 980 3695 hoc
1004 3656 1104 3708 est,
1156 3645 1553 3714 fortitudinem,
1604 3662 1656 3704 et
1699 3652 2012 3719 leuitatem;
2059 3670 2155 3725 per

579 3729 776 3783 l’erath
825 3732 1058 3801 denique
1089 3776 1102 3799 ,
1151 3737 1440 3805 justitiam.
1495 3740 1705 3796 liursus
1757 3743 1931 3797 Gihon
1975 3757 2154 3814 potest

578 3817 891 3908 idalthaeum
924 3824 1230 3894 signiﬁcare
1254 3832 1664 3900 evangelistam;
1694 3832 1888 3898 Diklat,
1915 3835 2164 3908 Lueamj;

577 3905 779 3964 Perath
819 3909 1106 3971 Joannem.
1163 3917 1227 3970 Et
1282 3924 1481 3989 accepit
1536 3923 1789 3978 Dominus
1820 3926 1969 3981 Deus
2009 3905 2157 3982 Atla?

579 4019 742 4068 situm,
776 4015 825 4058 et
870 4009 1042 4073 posuit
1072 4014 1240 4077 ipsum
1265 4015 1326 4066 in
1360 4020 1614 4083 paradiso
1644 4017 1815 4074 Eden.
1858 4020 2153 4090 Postquam

578 4097 912 4152 condidisset
939 4101 1080 4157 Deus
1110 4105 1400 4172 Adamum,
1434 4109 1655 4163 sustulit
1682 4111 1860 4180 ipsum
1889 4113 2037 4168 illinc
2063 4115 2155 4170 ubi

581 4195 801 4240 creatus
833 4189 1029 4258 fuerat,
1068 4202 1122 4246 et
1159 4196 1396 4249 traduxit
1431 4197 1485 4250 in
1521 4201 1834 4266 paradisum
1897 4204 2160 4271 spiritua-

581 4278 837 4342 lem,hoc
881 4292 985 4346 est,
1037 4285 1091 4335 in
1125 4287 1286 4339 vitam
1322 4289 1559 4355 felicem,
1605 4300 1659 4344 ut
1709 4293 2038 4363 voluptatem
2071 4312 2163 4351 ca-

580 4381 733 4437 peret
775 4386 841 4425 ex
885 4374 1236 4432 meditatione
1282 4395 1465 4434 rerum
1501 4384 1868 4448 conditarum,
1898 4399 2062 4458 atque
2092 4405 2158 4444 ex

583 4458 782 4514 divinat
814 4466 1049 4521 nolionis
1081 4469 1244 4523 radiis
1287 4472 1487 4540 quibus
1520 4474 1692 4543 ipsius
1726 4493 1881 4532 mens
1915 4480 2157 4536 illustra-

581 4552 1119 4624 baturangclorum
1166 4576 1316 4616 more
1351 4604 1365 4628 ,
1422 4569 1880 4635 quemadmodum
1932 4572 1984 4624 in
2044 4572 2164 4642 ipso

581 4657 1156 4717 quoque.eorporato
1235 4659 1491 4724 paradiso
1555 4661 1952 4718 oblectabatur.
2026 4664 2163 4718 Cum

577 4739 726 4790 enim
761 4739 993 4807 duplicis
1025 4758 1170 4800 esset
1217 4751 1552 4807 conditionis
1602 4757 1931 4823 paradisus;
1975 4767 2165 4827 quate-

577 4839 686 4877 nus
717 4827 1015 4895 spiritualis
1064 4847 1197 4900 erat,
1243 4839 1548 4895 delectabat
1594 4844 1723 4897 Adm
1752 4846 1994 4900 animqu
2027 4863 2160 4901 con-

583 4918 1067 4986 templationibus;
1110 4941 1379 4995 quatenus
1421 4949 1548 4986 vero
1601 4941 1945 5004 corporatus,
1991 4940 2157 4993 arbo-

583 5008 733 5061 ribus
761 5010 1156 5085 fructibusque,
1187 5020 1329 5076 illius
1361 5037 1560 5093 corpus
1587 5030 1890 5081 recreabat.
1949 5030 2014 5082 Ut
2038 5048 2156 5084 eum

583 5099 776 5151 coleret
802 5111 1189 5164 et.custodiret.
1231 5111 1437 5170 Idcirco
1474 5116 1694 5186 (inquit)
1732 5120 1972 5174 traduxit
2006 5122 2155 5175 illum

587 5188 641 5242 in
679 5205 804 5245 eum
850 5197 1185 5264 spiritualem
1222 5217 1273 5261 et
1315 5209 1534 5264 beatum
1571 5213 1786 5266 vivendi
1821 5216 2068 5280 modum,
2108 5226 2166 5269 ut

588 5283 645 5343 in
676 5291 793 5358 ipso
825 5307 945 5350 sese
1001 5310 1277 5355 exerceret
1307 5317 1402 5371 per
1449 5305 1650 5372 probas
1699 5305 2060 5372 c0gitatioues
2117 5316 2172 5360 et

591 5394 770 5434 reetas
808 5385 1190 5443 meditationes
1214 5408 1334 5460 qua!
1362 5395 1506 5450 circa
1526 5398 1627 5450 'res
1659 5397 1913 5450 conditas
1944 5414 2173 5453 versen-

589 5483 704 5538 ωτι
758 5475 1042 5550 ipsumque
1092 5485 1412 5542 observaret
1460 5490 1606 5544 omni
1673 5490 1956 5558 proposito
2012 5491 2176 5544 animi

666 5639 710 5670 °’
740 5636 885 5696 Psal.
927 5659 1108 5710 eum,
1143 5649 1229 5700 7'2.

2264 3199 2458 3250 arbore
2490 3199 2608 3250 vita:
2639 3197 2772 3249 nihil
2798 3211 2920 3250 esse
2948 3203 3273 3266 praeceptum
3305 3196 3520 3265 quidem
3559 3197 3701 3268 lege,
3743 3198 3829 3251 sed

2267 3304 2365 3357 pro
2399 3288 2646 3341 custodia
2676 3287 2791 3354 ejus
2837 3291 3068 3356 positum
3099 3290 3317 3343 Cherub
3350 3297 3405 3342 et
3435 3293 3608 3345 aciem
3648 3290 3835 3360 gladii,

2269 3379 2523 3430 nimirum
2571 3387 2627 3431 ut
2669 3392 2731 3430 ea
2764 3393 2820 3430 re
2852 3378 3208 3447 signiﬁcetur,
3256 3394 3351 3432 eos
3391 3379 3654 3454 mortales
3706 3383 3838 3449 (sive

2267 3469 2484 3538 pristini
2519 3470 2666 3521 illius
2719 3472 2835 3522 sive
2869 3469 3028 3534 hujus
3081 3470 3360 3539 temporis,
3405 3472 3493 3538 qui
3549 3486 3662 3525 non
3706 3472 3836 3526 satis

2270 3563 2408 3614 llrmi
2448 3572 2572 3614 sunt
2603 3563 2668 3617 ad
2699 3543 3114 3615 commentanda
3171 3577 3232 3615 ea
3283 3578 3403 3631 quae
3440 3562 3506 3615 ad
3544 3545 3836 3617 sacrosan-

2271 3665 2411 3707 ctam
2466 3654 2784 3707 Trinitatem
2855 3661 3142 3721 spectant;
3223 3669 3389 3706 unum
3463 3654 3676 3709 sciliret
3725 3669 3839 3710 esse

2274 3742 2467 3808 Deum,
2526 3759 2786 3811 personas
2838 3760 2966 3797 vero
3011 3753 3141 3807 tres,
3191 3752 3356 3814 atque
3405 3745 3477 3798 ita
3511 3743 3837 3800 Trinitatem

2270 3851 2392 3890 esse
2429 3836 2482 3888 iu
2541 3839 2768 3901 unitate,
2816 3844 2870 3888 et
2917 3850 3134 3889 rursum
3182 3819 3445 3889 unitatem
3487 3835 3542 3890 iu
3577 3835 3842 3912 Trinitatc

2276 3928 2441 4000 (hanc
2478 3930 2622 3981 enim
2661 3944 2782 3981 esse
2829 3929 3080 3980 arborem
3113 3929 3260 3993 vitae,
3299 3942 3467 3997 supra
3511 3920 3841 3983 memoravi-

2277 4021 2464 4085 mus):
2499 4020 2542 4071 si
2574 4027 2839 4071 conentur
2886 4033 2977 4086 per
3009 4018 3366 4072 temeritatem
3411 4018 3504 4074 illo
3535 4031 3841 4088 penetrare,

2275 4111 2451 4175 deque
2499 4110 2711 4162 arcanis
2762 4108 2865 4160 illis
2902 4117 2984 4174 et,
3010 4108 3247 4175 cegitare
3275 4117 3329 4162 et
3360 4108 3507 4178 loqui
3536 4125 3551 4162 :
3609 4125 3736 4171 eos.
3766 4112 3847 4165 ia-

2277 4216 2463 4272 quam,
2499 4201 2738 4255 coerceri
2789 4201 3085 4269 repellique
3127 4203 3283 4269 quasi
3314 4216 3342 4254 a
3368 4201 3597 4256 custode
3631 4201 3844 4257 Cberub

2276 4305 2329 4350 et
2355 4297 2539 4349 lancea
2563 4295 2797 4363 quadam
2829 4296 2979 4363 ignea
3000 4295 3302 4366 fulgoribus
3334 4293 3569 4348 micante
3595 4295 3850 4362 ipsosque

2275 4388 2583 4440 deterrente
2632 4395 2792 4454 atque
2833 4400 3060 4440 accessu
3098 4387 3441 4450 prohibente.
3496 4383 3563 4435 Et
3602 4383 3845 4450 formarit

2282 4478 2533 4533 Dominus
2591 4477 2727 4530 Deus
2793 4495 2820 4530 e
2871 4488 3012 4530 terra
3062 4491 3267 4531 omnem
3324 4475 3548 4528 bestiam
3603 4477 3764 4545 agri,
3807 4483 3848 4526 et

2273 4571 2774 4624 omnemsotucrem
2806 4572 2943 4623 caeli.
2986 4567 3110 4623 Haec
3139 4568 3324 4630 verba,
3345 4577 3508 4636 atque
3531 4567 3648 4622 haec
3679 4566 3847 4621 oratio

2265 4664 2330 4718 de
2363 4663 2527 4717 rebus
2577 4663 2710 4730 ipsis
2742 4662 3011 4714 duntaxat
3054 4659 3402 4728 interpretari
3451 4666 3711 4727 possunt,
3752 4671 3849 4710 non

2263 4758 2423 4809 etiam
2443 4754 2510 4807 ad
2530 4755 2780 4822 spiritum
2806 4751 3226 4805 accommodari.
3247 4749 3410 4821 Igitur
3431 4763 3553 4818 quas
3569 4763 3850 4804 commen-

2267 4852 2407 4903 tario
2427 4848 2709 4917 superiore
2732 4845 2798 4900 de
2823 4844 2956 4914 ipsis
2977 4852 3105 4898 sunt
3129 4860 3158 4896 a
3189 4845 3345 4897 nobis
3376 4841 3540 4906 dicta,
3564 4842 3851 4897 sulliciant.

2273 4931 2588 5011 Etzimmisii
2623 4937 2877 4990 Dominus
2899 4936 3032 4989 Deus
3060 4937 3282 5004 quietem
3300 4934 3436 5003 (aut.
3461 4943 3519 4986 ut
3550 4934 3720 4987 habet
3759 4932 3856 4988 lle-

2273 5035 2502 5093 brzeum,
2524 5033 2783 5096 somnum)
2804 5030 2856 5081 in
2879 5030 3158 5088 Adamum,
3181 5036 3228 5079 et
3260 5026 3546 5079 dormivit:
3569 5034 3620 5078 et
3652 5025 3852 5079 sustuli!

2266 5142 2424 5177 unam
2453 5140 2478 5175 e
2513 5123 2668 5174 costis
2703 5123 2890 5188 ipsius,
2921 5121 3212 5186 clausitque
3246 5133 3400 5170 carne
3429 5117 3544 5186 ejus
3571 5121 3772 5182 locum,
3808 5115 3850 5168 ιι

2272 5216 2600 5271 concinnavit
2638 5214 2885 5265 Dominus
2937 5213 3071 5264 Deus
3114 5225 3177 5262 ea:
3201 5219 3345 5262 costa
3387 5225 3547 5278 quam
3569 5217 3852 5277 sumpserat

2277 5326 2340 5363 ex
2393 5309 2617 5370 Adamo,
2647 5308 2916 5375 feminam.
2939 5304 3092 5369 Quod
3129 5319 3190 5357 ex
3213 5304 3421 5358 Adamo
3451 5316 3656 5368 sopore
3673 5303 3851 5357 obruto

2284 5409 2498 5468 sumpta
2525 5410 2607 5453 est
2638 5409 2809 5460 costa,
2862 5408 3022 5464 atque
3060 5411 3122 5450 ex
3176 5396 3276 5448 hac
3312 5394 3453 5447 facta
3498 5392 3610 5446 Eva
3639 5433 3656 5459 ,
3691 5407 3853 5449 sacra-

2289 5502 2532 5547 mentum
2577 5499 2661 5544 est
2718 5490 2998 5557 sanguinis
3052 5498 3104 5543 ct
3150 5501 3407 5556 aquaeex
3439 5486 3651 5541 Christi
3703 5488 3851 5540 latere
