3982 6346
187 278 327 345 589ι

1285 277 1378 336 DE
1419 249 1818 338 emantso.
1861 298 1929 309 -
1961 272 2156 334 psus
2198 271 2278 330 II.

3316 260 3426 324 590

187 385 573 457 proﬂuentium,
633 395 922 457 postquam
982 387 1036 442 in
1078 403 1242 445 cruce
1283 389 1736 454 obdormivisset;
1769 401 1812 459 Α
1843 396 1926 442 ret
1961 386 2172 442 hortata
2203 390 2308 451 est,
2345 383 2391 437 is
2421 397 2548 436 vero
2580 379 2769 436 uxoris
2803 377 2964 440 dictis
3006 385 3092 434 est
3135 390 3413 439 assensus,

175 480 362 552 quibus
394 480 689 535 constituta
738 490 819 534 est
863 493 1210 537 sacrosancta
1254 482 1494 539 Ecclesia
1535 501 1552 536 :
1581 491 1719 548 tum,

180 569 307 638 quod
339 584 400 621 ex
447 569 611 653 latere
649 571 838 625 Adami
871 574 1240 642 excipiebatur
1270 574 1586 646 Eva,.typus
1623 574 1726 628 fuit

181 656 397 711 fodiendi
431 659 557 712 olim
605 660 790 716 lateris
841 662 1066 730 Christi,
1099 681 1164 720 ex
1215 681 1324 736 quo
1355 676 1539 722 essent
1571 664 1726 720 ciliu—

179 762 312 801 xum
359 763 511 817 aqua:
553 750 674 806 vitae
721 761 774 807 et
829 755 1022 810 vitales
1082 757 1508 828 salutaresque;
1547 773 1723 827 aqum.

179 839 405 908 inquam,
439 843 578 896 sacri
612 845 863 911 baptismi
895 848 986 916 qui
1039 857 1122 903 est
1167 860 1338 922 mater
1378 852 1632 921 mystica,
1663 866 1726 922 ex

178 943 272 997 qua
301 945 400 983 una
430 943 787 1000 procreantur
811 937 904 991 lilii
937 939 1058 991 novi
1097 941 1162 994 ad
1197 920 1357 995 vitam
1391 920 1727 1011 spiritualein

177 1031 327 1089 atque
367 1025 750 1092 sempiternam
808 1047 848 1085 ς’
883 1032 1026 1086 sicut
1083 1031 1188 1086 Eva
1245 1049 1461 1104 quoque
1503 1050 1624 1103 qure
1663 1050 1728 1090 ex

178 1111 362 1166 Adami
415 1115 587 1170 latere
640 1120 863 1188 prodiit,
915 1133 1089 1177 mater
1145 1124 1326 1179 omnis
1371 1125 1605 1188 viventis
1650 1133 1732 1180 est

175 1205 452 1289 appellata.
505 1207 568 1261 Et
622 1228 831 1282 serpens
894 1217 1124 1270 astutior
1151 1227 1268 1272 erat
1315 1217 1556 1272 omnibus
1609 1220 1730 1273 ani-

175 1297 387 1350 malibus
431 1301 571 1370 agri,
627 1319 741 1372 qua:
773 1305 970 1375 fecerat
1005 1305 1260 1362 Dominus
1294 1307 1456 1363 Deus.
1502 1309 1736 1380 Scrpen.

173 1397 270 1442 tem
298 1400 455 1445 vocat
491 1394 805 1464 diabolum;
846 1399 994 1454 illum
1031 1401 1138 1456 Deo
1162 1385 1438 1469 rebellem,
1469 1405 1733 1458 mendacii

177 1491 397 1550 patrem,
434 1481 684 1540 humanm
728 1499 934 1546 naturze
965 1493 1358 1567 impostorem;
1390 1512 1533 1560 nam
1573 1496 1734 1551 etiam

171 1571 287 1626 alibi
320 1574 372 1627 in
405 1579 574 1648 sacris
600 1578 836 1644 Litteris,
866 1583 1200 1658 illeserpens
1225 1589 1525 1658 appellatur
1552 1608 1564 1643 :
1592 1589 1734 1656 Feci,

173 1661 338 1732 inquit
369 1663 653 1730 Dominus,
685 1671 827 1726 vobis
854 1659 1159 1743 potestatem
1187 1677 1430 1734 calcandi
1474 1687 1736 1747 seipentes

1840 492 2001 551 atque
2051 482 2102 533 in
2159 479 2374 534 easdem
2434 467 2790 546 cogitationes
2843 472 3098 542 incubuit
3155 488 3168 524 :
3231 469 3424 538 Aperti

1833 581 1954 624 sunt
2000 571 2141 624 oculi
2188 571 2462 624 amborum
2498 577 2547 622 et
2592 576 2943 636 cognouerunt
2996 565 3135 633 quod
3180 563 3424 615 nudies-

1833 671 1968 716 sent.
2041 661 2311 730 Evestigio
2367 660 2567 715 violata
2636 658 2753 727 lege
2807 656 2923 720 Dei,
2986 653 3258 724 patefacti,
3294 664 3422 708 sunt

1837 755 2080 823 ipsorum
2108 753 2259 808 oculi
2294 767 2306 807 :
2351 768 2458 806 non
2503 751 2648 822 quod
2679 749 2732 803 in
2763 748 2894 802 deos
2923 747 3036 817 jam
3074 756 3184 801 tum
3216 744 3421 799 evasis-

1836 855 1974 906 seut,
2000 847 2052 899 in
2075 860 2234 918 quam
2267 857 2416 909 spem
2447 843 2596 912 ipsos
2616 840 2918 895 adduxerat
2940 840 3175 902 daemon,
3208 836 3301 892 sed
3328 837 3421 896 ita,

1840 946 1898 993 ut
1949 937 2440 991 animadverterent
2478 949 2629 990 suam
2667 933 3001 996 nuditatem;
3035 930 3138 985 hoc
3197 941 3298 993 est,
3331 927 3420 981 ad»

1839 1039 2013 1098 empta
2040 1038 2124 1085 est
2153 1028 2288 1098 ipsis
2315 1028 2462 1098 prior
2498 1028 2590 1081 illa
2618 1019 3136 1082 cernendi‘facultas
3163 1021 3422 1092 spirituav
3494 1095 3497 1098 _

1841 1121 1907 1176 lis
1924 1128 2088 1192 atque
2111 1119 2352 1191 angelica
2380 1135 2486 1189 qua
2513 1119 2734 1173 fuerant
2755 1117 2990 1187 praediti,
3019 1113 3420 1170 intellexvrunt-

1841 1228 1966 1281 que,
2000 1213 2188 1282 sejam
2221 1210 2358 1267 felici
2400 1211 2488 1266 illa
2523 1210 2616 1264 Dei
2658 1211 2831 1282 gratia
2868 1223 2991 1263 esse
3018 1208 3281 1278 spoliatos
3312 1219 3420 1274 qua

1842 1314 2133 1375 antequam
2163 1305 2430 1371 adversus
2474 1304 2650 1373 legem
2701 1303 2982 1364 fecissent,
3030 1295 3130 1355 sua
3176 1300 3423 1368 ipsorum

1842 1415 2069 1466 corpora
2125 1399 2287 1453 veluti
2319 1398 2493 1452 velata
2542 1397 2778 1452 fuerant.
2821 1394 2892 1448 Et
2937 1393 3429 1462 conglutinaverunt

1845 1492 1974 1562 folia
2018 1492 2266 1560 ﬁculnea,
2315 1491 2649 1560 feceruntque
2697 1489 2801 1544 sibi
2853 1485 3210 1555 subligaculo.
3273 1481 3427 1536 Folia

1845 1583 2075 1639 ficulnea
2133 1593 2290 1638 vocat
2351 1583 2595 1653 ipsorum
2678 1568 2914 1644 manus»;
2979 1578 3219 1632 referunt
3279 1574 3427 1630 enim

1847 1690 2051 1729 manus
2075 1688 2278 1737 ,eorum
2312 1673 2568 1728 foliorum
2611 1673 2864 1742 ﬁguram.
2909 1668 3076 1736 Quasi
3109 1668 3271 1726 dicat.
3300 1673 3426 1720 cum

169 1763 216 1807 et
261 1760 580 1825 scorpiones.
609 1763 676 1818 ".
737 1763 802 1819 Et
852 1767 982 1823 alibi
1035 1771 1298 1839 scriptum
1345 1779 1431 1827 est
1481 1790 1493 1822 :
1535 1772 1739 1828 Occidit
1772 1803 1814 1858 Β
1842 1781 1901 1821 se
1932 1765 2110 1821 nudos
2139 1764 2260 1820 esse
2301 1763 2830 1823 animadverterent,
2867 1761 3119 1816 manibus
3145 1761 3262 1814 sua
3298 1772 3436 1813 cono.

172 1863 351 1919 manus
412 1851 579 1918 ipsius
643 1865 926 1923 serpentem
980 1862 1336 1932 transfugam.
1400 1865 1507 1921 sive
1557 1865 1742 1932 fugiti-

169 1950 285 1988 cum
320 1937 393 1994 ".
424 1940 693 2008 Angelicaz
734 1959 860 1998 vero
893 1946 1118 2003 virtutes
1168 1951 1507 2018 appellantur
1534 1952 1744 2006 anima-

166 2024 384 2095 lia,quo
410 2031 627 2085 nomine
655 2033 774 2088 illas
806 2033 1120 2106 Scripturas
1159 2041 1301 2109 apud
1331 2041 1670 2096 Ezechielcm
1697 2044 1742 2074 "

164 2133 381 2188 quoque
414 2133 570 2176 vocat
605 2124 656 2178 in
685 2137 899 2182 ostento
930 2130 1043 2185 illo.
1079 2132 1284 2187 Dicitur
1314 2111 1494 2190 autem
1522 2151 1743 2203 serpens

167 2213 400 2266 sstutior
421 2215 673 2270 omnibus
699 2218 1047 2284 animalibus,
1071 2223 1197 2291 quia
1231 2225 1490 2293 angelicae
1518 2225 1744 2294 virtutes

166 2316 393 2370 prorsus
422 2305 488 2359 ab
522 2309 668 2361 omni
707 2310 907 2388 malitia
937 2321 1097 2381 atque
1124 2322 1244 2369 astu
1275 2330 1460 2370 vacuat
1491 2325 1658 2381 sunt;
1687 2324 1745 2370 at

164 2394 414 2450 diabolus
439 2395 586 2450 vafer
615 2407 698 2453 est
727 2410 780 2454 et
821 2402 1100 2472 improbus
1133 2419 1361 2473 prorsus
1395 2423 1408 2460 :
1438 2405 1508 2460 Et
1536 2408 1610 2460 ait
1631 2423 1746 2461 ser-

160 2500 284 2548 pens
323 2488 396 2539 ad
425 2489 695 2542 mulierem
724 2507 741 2544 :
785 2491 914 2568 Vere
941 2494 1078 2545 dixit
1118 2494 1273 2562 Deus,
1310 2512 1371 2550 ne
1405 2497 1742 2551 comederetis

163 2577 224 2630 de
248 2579 494 2632 omnibus
531 2581 808 2636 arboribus
835 2583 1098 2651 paradisi,
1143 2586 1246 2641 hoc
1282 2594 1386 2652 est,
1422 2587 1579 2654 plane
1610 2587 1746 2640 dixit

161 2669 314 2724 vobis
369 2669 515 2725 Deus
566 2689 580 2727 :
622 2671 807 2728 Nolite
839 2677 1150 2731 meditando
1195 2678 1502 2747 expendere
1561 2694 1742 2733 rerum

99 2838 101 2840 η
159 2761 556 2828 conditionem,
603 2767 716 2819 sive
765 2768 1203 2837 aspectabilium,
1253 2770 1366 2826 sive
1405 2785 1593 2826 earum
1625 2786 1746 2841 qua:

159 2852 211 2907 in
243 2867 445 2908 sensus
472 2870 578 2910 non
607 2858 828 2912 cadunt.
881 2845 948 2912 Εἱ
975 2861 1049 2914 ait
1094 2863 1282 2915 mulier
1311 2863 1380 2915 ad
1409 2871 1694 2931 serpentem
1725 2880 1745 2917 :

161 2941 234 2998 De
263 2945 532 3014 fructibus
573 2949 822 3003 arborum
853 2951 1092 3019 paradisi
1121 2955 1351 3009 omnium
1377 2956 1743 3020 comedemus;

158 3039 220 3089 de
285 3039 554 3109 fructibus
608 3041 838 3105 arboris,
897 3060 1013 3114 quae
1067 3054 1142 3098 est
1185 3047 1237 3098 in
1293 3047 1466 3101 medio
1499 3048 1754 3117 paradisi.

1848 1867 2026 1911 texere
2065 1855 2355 1926 pudenda;
2412 1863 2579 1925 atque
2629 1853 2703 1909 ita
2754 1853 2917 1909 etiam
2965 1867 3116 1906 nunc
3147 1865 3208 1905 se
3247 1862 3429 1903 mores

1846 1946 2161 2002 mortalium
2225 1942 2451 2000 habent.
2498 1940 2686 2012 Neque
2727 1945 2874 2000 enim
2909 1952 3004 1996 aut
3033 1931 3300 1996 amictum
3331 1946 3427 1993 aut

1810 2023 2090 2104 'tunicas,
2132 2036 2238 2092 sibi
2289 2037 2440 2107 ipsos
2490 2035 2686 2091 fecisse
2733 2034 3019 2097 dicit,'sed
3067 2031 3427 2102 perizomata.

1845 2133 1950 2187 hoc
1984 2139 2067 2186 est
2097 2171 2111 2195 ,
2155 2145 2275 2200 quae
2337 2128 2450 2183 sola
2527 2127 2780 2198 genitalia
2857 2126 3129 2180 membra
3158 2121 3427 2192 tegerent.

1847 2221 1915 2275 Et
1948 2223 2227 2275 audierunt
2263 2238 2434 2274 vocem
2466 2220 2679 2286 Domini
2723 2220 2816 2273 Dei
2851 2219 3144 2288 gradientis
3180 2217 3234 2269 in
3260 2230 3428 2284 para-

1846 2313 1981 2375 diso,
2014 2313 2083 2367 ad
2133 2312 2531 2372 inclinationem
2577 2310 2705 2364 diei.
2753 2309 3044 2365 Inclinatio
3077 2307 3185 2363 diei
3219 2321 3427 2361 moram

1849 2403 2110 2474 temporis
2149 2403 2456 2474 significat;
2507 2401 2662 2471 q’uaSi
2709 2400 2876 2464 dicat,
2923 2395 3226 2453 non'simul
3259 2405 3432 2466 atque

1846 2495 2163 2552 mandatum
2231 2494 2682 2570 transilivissent_
2730 2492 3198 2562 deliquissentque
3257 2504 3430 2560 appa-

1846 2587 2025 2640 ruisse
2052 2585 2186 2656 ipsis
2214 2584 2421 2640 Deum:
2459 2583 2556 2639 sed
2591 2583 2882 2652 interiecto
2922 2582 3184 2650 temporis
3219 2579 3422 2648 spatio,

1848 2676 2109 2731 nimirum
2143 2691 2252 2746 quo
2298 2676 2419 2746 ipso
2480 2674 2624 2744 apud
2671 2675 2914 2728 animum
2965 2687 3127 2729 suum
3165 2672 3266 2727 sibi
3304 2685 3434 2725 θοις-

1846 2767 1993 2824 scios
2018 2766 2246 2837 puderet
2276 2766 2518 2832 interitu,
2544 2766 2940 2836 pmniterctque
2968 2761 3196 2818 admissi
3220 2759 3430 2828 ﬂagitii.

1846 2857 2016 2914 Porro
2061 2860 2358 2934 descensus
2409 2869 2463 2912 et
2516 2857 2784 2912 adventus
2835 2855 2929 2909 Dei
2980 2855 3034 2908 in
3084 2852 3429 2924 paradisum,

1846 2951 2017 3020 ligura
2048 2957 2164 3004 erat
2197 2965 2320 3019 quae
2348 2950 2740 3004 descensurum
2771 2957 2939 3024 atque
2973 2955 3268 3000 venturum
3299 2943 3434 2998 olim

1847 3043 1902 3098 in
1937 3042 2199 3098 mundum
2241 3040 2334 3096 Dei
2361 3039 2600 3096 Verbum
2642 3039 3004 3111 signiﬁcabat.
3050 3035 3164 3091 Diei
3194 3035 3431 3090 inclina-

158 3130 300 3183 dixit
325 3118 494 3195 Deus,
526 3149 588 3186 ne
629 3135 797 3187 edalis
831 3135 894 3190 de
938 3152 999 3189 ea
1034 3153 1196 3206 neque
1236 3138 1469 3209 tangatis
1511 3155 1650 3204 eam,
1678 3155 1741 3193 ne
1768 3119 1810 3177 ο
1845 3136 1994 3191 tione
2041 3150 2167 3190 vero
2212 3132 2438 3206 mystice
2493 3132 2888 3195 ostendebatur
2934 3129 3052 3188 fore
3090 3135 3148 3182 ut
3185 3128 3289 3183 hoc
3334 3125 3433 3209 Dei

159 3224 496 3280 moriamint'.
527 3224 701 3280 Jussit
737 3228 952 3295 quidem
990 3228 1132 3284 Deus
1180 3232 1251 3284 ut'
1274 3246 1458 3285 rerum
1493 3232 1738 3286 omnium

158 3324 267 3368 tam
300 3330 432 3384 quae
477 3317 623 3371 cerni
657 3333 778 3382 non
833 3310 1065 3388 possunt
1109 3335 1270 3390 quam
1318 3337 1438 3392 quae
1491 3332 1726 3393 possunt

155 3407 628 3476 contemplatione
660 3423 762 3462 nos
808 3424 1186 3476 exerceamus,
1232 3420 1393 3481 atque
1426 3428 1488 3468 ea
1523 3423 1742 3468 nosmet

155 3497 534 3563 oblectemus;
592 3508 647 3555 at
699 3501 837 3556 inse
895 3502 998 3573 (est
1049 3503 1190 3558 enim
1238 3505 1373 3575 ipse,
1436 3506 1603 3560 arbor
1652 3507 1740 3559 illa

157 3588 493 3662 spiritualis)
532 3590 706 3645 noluit
737 3607 836 3646 nos
870 3593 1036 3649 altius
1062 3596 1447 3666 curiosiusque
1469 3596 1742 3665 inquirere

156 3679 438 3736 unicusne
480 3681 551 3737 sit
603 3683 743 3738 Deus
775 3698 841 3738 an
896 3685 1209 3754 plures,'ne
1256 3687 1382 3742 dum
1423 3687 1489 3741 ad
1533 3687 1745 3756 ejusceo

161 3770 314 3825 modi
369 3771 778 3840 indagationem
831 3790 988 3858 mens
1040 3784 1226 3832 nostra
1281 3794 1476 3848 parum
1533 3779 1743 3848 pollens

152 3872 476 3934 potensque
522 3872 625 3928 est,
673 3880 768 3934 per
819 3875 1100 3932 peccatum
1155 3867 1494 3924 occidamus.
1556 3868 1624 3922 Et
1667 3870 1743 3922 ait

152 3949 384 4020 serpens
431 3951 500 4004 ad
544 3952 817 4008 mulierem
864 3969 883 4008 :
931 3952 1067 4009 Non‘
1104 3968 1274 4011 morte
1305 3960 1552 4024 morituri
1597 3959 1742 4014 estis.

150 4041 233 4095 En
270 4051 336 4118 ut
367 4043 505 4097 nihil
553 4032 718 4112 pudet
766 4045 1068 4101 daemonem
1105 4048 1264 4127 plane
1312 4049 1421 4105 Deo
1467 4032 1747 4107 contradi-

149 4146 280 4189 cere
309 4153 326 4192 :
359 4135 452 4190 ille
479 4144 706 4190 mortem
735 4135 1026 4192 obnuntiat
1057 4140 1102 4194 si
1135 4141 1258 4210 quis
1283 4141 1446 4197 altius
1489 4143 1542 4196 in
1567 4143 1744 4214 ipsum

149 4225 438 4296 inqmrat;
462 4225 559 4282 hic
588 4230 1047 4305 prorsus\mortis
1080 4245 1305 4286 securos
1344 4233 1475 4287 facit
1514 4248 1609 4288 eos
1651 4233 1746 4303 qui

156 4327 373 4374 arcana
407 4311 502 4368 Dei
534 4314 773 4387 audeant
800 4317 1057 4371 scrutari.
1109 4318 1178 4372 Et
1206 4320 1341 4376 vidit
1383 4321 1572 4376 mulier
1610 4322 1747 4393 quod

150 4404 394 4472 pulchra
439 4416 573 4459 esset
624 4407 786 4460 arbor
828 4408 896 4461 ad
950 4411 1258 4464 vescendum
1284 4452 1303 4476 ,
1347 4422 1396 4465 et
1447 4413 1746 4482 expetibilis

1850 3226 2081 3281 Verbum
2103 3219 2168 3282 'in
2210 3227 2315 3283 line
2351 3235 2656 3295 temporum
2703 3240 2924 3278 carnem
2975 3222 3247 3286 indueret,
3287 3200 3434 3278 sicuf

1846 3317 1920 3371 ait
1951 3316 2152 3371 Paulus
2185 3334 2196 3368 :
2233 3315 2362 3369 Cum
2389 3315 2607 3369 venisset
2641 3315 2766 3383 ﬁnis
2809 3312 3079 3383 temporis,
3114 3311 3255 3364 misit
3289 3310 3430 3363 Deus

1852 3409 2053 3463 Filium
2083 3425 2259 3471 suum,
2278 3418 2320 3460 et
2351 3408 2526 3475 {actus
2555 3419 2630 3462 est
2658 3423 2721 3461 ex
2752 3406 2969 3465 muliere
2984 3405 3052 3458 θ’.
3079 3403 3280 3457 Deinde
3308 3416 3435 3473 gra—

1845 3499 2044 3554 dientis
2076 3499 2170 3553 Dei
2198 3497 2380 3552 audita
2426 3493 2518 3568 pe‘r
2563 3497 2877 3567 paradisum
2928 3511 3030 3550 vox
3072 3493 3436 3565 portendebat

1847 3589 2082 3645 Verbum
2130 3588 2220 3642 Dei
2256 3587 2552 3658 aliquando
2581 3588 2720 3656 apud
2772 3584 2871 3642 nos
2897 3584 2952 3640 in
2988 3600 3151 3640 carne
3173 3592 3435 3639 versatu-

1854 3699 1976 3737 rum
2005 3682 2544 3749 ambulaturumque,
2575 3672 3030 3750 quemadmodum
3060 3678 3126 3734 de
3148 3677 3264 3746 ipso
3302 3691 3437 3746 prc-

1851 3774 1989 3830 dixit
2019 3784 2166 3830 vates
2198 3792 2210 3827 :
2252 3773 2320 3828 Et
2349 3789 2505 3842 super
2532 3781 2731 3826 terram
2770 3772 2912 3826 visus
2944 3779 3044 3836 est,
3074 3779 3125 3823 et
3162 3768 3305 3836 apud
3335 3768 3435 3820 lto»

1850 3866 2016 3919 mines
2045 3874 2391 3918 uersatus‘est
2415 3863 2488 3917 ’⁸.
2547 3861 2615 3915 Et
2651 3862 2909 3916 abdebant
2934 3877 2988 3914 se
3012 3863 3183 3914 Adam
3222 3868 3440 3912 et-'ua:or

1853 3958 2022 4028 ipsius
2055 3975 2085 4011 a
2123 3967 2401 4026 conspectu
2435 3955 2644 4010 Domini
2694 3954 2812 4018 Dei,
2844 3955 2980 4027 inter
3020 3952 3234 4006 arbores
3265 3965 3438 4014 para-

1857 4049 1984 4104 disi.
2021 4050 2306 4105 Abdebant
2339 4048 2572 4118 ‘quidem
2622 4047 2764 4103 inter
2810 4043 3304 4114 arboresparadisi
3336 4052 3440 4096 sua

1848 4158 2134 4212 corpora;
2188 4156 2376 4197 verum
2434 4140 2828 4200 conscientiam
2884 4134 3439 4194 admissiiacinoris

1850 4245 2034 4304 tegere
2072 4252 2102 4290 a
2132 4242 2427 4303 conspectu
2462 4232 2679 4288 Domini
2705 4239 2870 4302 atque
2899 4229 3276 4294 dissimulare,
3312 4227 3430 4301 ipse

1851 4327 2171 4398 prohibebat
2196 4325 2392 4396 pudor.
2411 4325 2598 4380 Vocem
2621 4333 2768 4378 tuam
2792 4322 2970 4378 audiui
2997 4323 3051 4377 in
3081 4321 3360 4392 paradiso,
3381 4330 3434 4373 et

1852 4423 1958 4475 uidi
1981 4419 2121 4491 quod
2162 4420 2334 4475 nudus
2379 4435 2569 4481 essem,
2600 4428 2650 4473 et
2688 4417 2872 4478 abdidi
2905 4432 3006 4472 me.
3063 4413 3130 4469 Et
3162 4411 3438 4484 quissin-

150 4495 330 4551 oculis
362 4536 380 4562 ,
429 4507 586 4567 atque
633 4499 1004 4564 desiderabilis
1058 4502 1219 4557 arbor
1273 4480 1532 4574 spectata.
1589 4505 1746 4572 Quod
1782 4480 1824 4535 θ
1855 4480 2005 4584 quit;
2033 4527 2222 4567 vocem
2252 4521 2400 4567 tuam
2430 4509 2728 4581 gradientis
2761 4525 2855 4580 per
2878 4480 3196 4580 paradisum
3224 4503 3434 4567 audivi,

149 4591 626 4646 mulierem'dicit
654 4593 859 4648 vidisse
914 4594 1193 4661 arborem,
1223 4611 1333 4652 non
1364 4597 1440 4652 ita
1474 4599 1748 4668 accipien-

153 4684 294 4739 dum
324 4691 416 4738 est
443 4684 602 4753 quasi
646 4684 816 4740 Deum
856 4686 945 4745 illa
975 4688 1169 4744 viderit
1198 4673 1357 4759 quem
1390 4691 1620 4762 mystice
1652 4706 1748 4762 per

151 4790 284 4832 eam
316 4771 573 4830 arborem
609 4777 976 4846 signiﬁcatum
997 4795 1126 4837 esse
1141 4781 1412 4849 diximus;
1439 4784 1536 4842 sed
1571 4785 1744 4855 ipsam

153 4868 519 4925 auscultasse
551 4870 779 4926 COIISiiiO
821 4871 1121 4938 daemonis,
1155 4873 1384 4945 ejusque
1408 4875 1590 4933 verbis
1619 4891 1746 4947 pcr-

150 4960 393 5017 suasam
428 4962 711 5020 curiosius
738 4961 792 5017 in
823 4961 993 5018 Deum
1027 4965 1303 5035 inquirere
1342 4960 1746 5026 conatam‘esso

53 5121 56 5128 ι
148 5042 463 5122 signiﬁcat.
499 5053 564 5108 Et
597 5056 795 5125 accepit
833 5055 898 5110 de
935 5056 1192 5125 fructibus
1230 5057 1398 5129 ipsius
1422 5067 1471 5125 et
1499 5060 1631 5126 edit,
1653 5059 1748 5114 de-

135 5145 533 5216 .ditqueetiam
586 5146 746 5200 simul
786 5147 896 5200 uiro
951 5163 1069 5212 suo,
1107 5157 1156 5201 et
1189 5149 1592 5221 cornedihlpsa
1621 5165 1747 5205 cum

152 5239 357 5293 animo
383 5251 497 5294 suo
527 5229 782 5308 reputare
803 5247 980 5317 atque
1002 5240 1315 5310 disquirere
1329 5241 1509 5312 ‘c‘tepit
1537 5243 1605 5298 de
1642 5241 1766 5306 Deo

154 5344 390 5386 unusne
443 5337 592 5384 esset
625 5344 691 5384 an
745 5328 951 5401 plures,
994 5343 1048 5386 et
1068 5348 1232 5403 quam
1260 5333 1332 5389 ob
1371 5347 1595 5390 causam
1648 5332 1751 5388 sibi

152 5423 486 5490 maritoque
521 5437 624 5478 suo
647 5422 1024 5479 interdixisset
1049 5439 1233 5482 escam
1266 5426 1476 5482 arboris
1514 5426 1754 5482 scientiae

156 5527 336 5587 atque
364 5515 531 5570 simul
557 5515 824 5572 Adamum
863 5516 1118 5572 maritum
1145 5533 1307 5576 suum
1339 5530 1397 5574 ut
1424 5520 1567 5576 idem
1606 5520 1754 5575 face-
1784 5581 1786 5583 ,

232 5682 288 5718 ⁸⁸
332 5672 472 5737 Luc.
507 5682 677 5749 x,19.
753 5682 799 5716 "
838 5683 1006 5753 Apoc.
1033 5698 1122 5747 xx,
1194 5683 1250 5739 2.
1327 5687 1372 5718 "
1408 5685 1602 5740 Ezech.
1645 5701 1680 5749 ι,
1715 5684 1767 5736 Ii.

1856 4613 1910 4658 et
1933 4603 2060 4674 quia
2082 4602 2291 4657 nudum
2319 4616 2406 4657 me
2428 4617 2553 4657 esse
2578 4601 2939 4656 animadverti
2967 4617 2982 4665 ;
3010 4599 3078 4654 ab
3098 4613 3161 4652 ea
3196 4598 3440 4652 masima

1856 4704 2019 4764 atque
2058 4692 2415 4750 saluberrima
2441 4693 2614 4762 gratia
2642 4708 2749 4764 qua
2784 4703 2908 4747 ante
2947 4689 3157 4746 fueram
3185 4689 3434 4752 indutus,

1855 4789 1926 4842 ob
1955 4787 2054 4842 has
2087 4801 2187 4856 ego
2217 4785 2353 4840 duas
2391 4799 2588 4840 causas
2623 4793 2774 4849 metu
2807 4784 3098 4854 perculsus
3138 4796 3225 4836 me
3252 4779 3438 4836 occul-
3486 4849 3493 4857 _

1819 4927 1822 4930 .
1853 4879 1986 4943 tavi,
2019 4879 2120 4934 hoc
2147 4887 2230 4933 est
2262 4891 2377 4931 rem
2405 4877 2578 4948 ipsam
2608 4877 2983 4942 commissam,
3015 4874 3156 4944 apud
3189 4873 3433 4926 animum

1853 4984 2035 5024 meum
2062 4963 2374 5038 expendens
2413 4967 2570 5022 timui
2603 4986 2618 5023 :
2652 4966 2718 5022 Et
2743 4968 2822 5022 ait
2850 4968 2920 5020 ad
2955 4967 3106 5020 illum
3131 4965 3385 5019 Dominus
3415 4980 3434 5017 :

1857 5060 1991 5126 Quis
2024 5062 2337 5131 signiﬁcavit
2372 5061 2467 5114 tibi
2490 5062 2631 5130 quod
2658 5061 2834 5114 nudus
2865 5076 3000 5115 esses
3023 5059 3052 5112 .’
3098 5049 3435 5116 num‘ds'af-

1855 5155 1977 5209 bore
2011 5156 2075 5207 de
2097 5171 2201 5224 qua
2215 5153 2357 5222 jussi
2381 5169 2445 5206 ne
2469 5155 2673 5217 ederes,
2703 5153 2862 5207 edisti
2890 5155 2915 5209 ?
2949 5134 3032 5206 ’Λα
3061 5151 3108 5204 si
3136 5150 3281 5205 dicat
3307 5168 3322 5203 :
3354 5147 3431 5202 En

1814 5306 1816 5309 ,
1855 5249 1960 5302 mei
1995 5246 2420 5316 cegitatiouibus
2457 5250 2591 5300 ‘tete.
2620 5246 2921 5316 occupasti.
2965 5244 3222 5313 qualibus
3261 5242 3435 5297 absti-

1856 5353 1988 5392 nere
2021 5346 2072 5391 te
2103 5338 2401 5406 iusseram.
2434 5336 2507 5391 Et
2543 5339 2622 5391 ait
2666 5337 2840 5392 Adam
2871 5353 2889 5390 :
2922 5333 3119 5390 Mulier
3145 5347 3306 5404 quam
3353 5343 3439 5405 at-

1860 5429 2095 5483 tribuisti
2141 5430 2291 5492 mihi,
2325 5430 2441 5497 ipsa
2485 5429 2631 5483 dedit
2665 5431 2816 5492 mihi,
2849 5438 2896 5483 et
2942 5429 3165 5483 consedi.
3219 5424 3432 5492 Mulier,

1860 5521 2056 5586 inquit,
2087 5534 2251 5589 quam
2286 5520 2417 5574 mihi
2448 5519 2656 5574 sociam
2694 5518 2897 5585 fecisti,
2937 5535 2999 5574 ea
3047 5518 3177 5571 mihi
3209 5516 3436 5573 medita-

1845 5681 1888 5714 ’⁷
1925 5682 2103 5737 Galst.
2140 5700 2211 5750 tv,
2242 5684 2295 5737 4.
2371 5685 2415 5717 ’⁸
2457 5683 2695 5738 Baruch.
2736 5696 2817 5744 ut,
2845 5679 2935 5734 58.
