3982 6346
580 328 679 391 aut

1848 333 2076 392 MOSIS
2121 333 2266 393 ΒΑΚ
2309 336 2552 395 (ἸΕΡΗᾹ

3721 330 3809 395 592

589 439 753 495 tionis
784 441 848 494 de
880 449 928 495 te
975 439 1318 496 instituenda:
1347 455 1518 496 causa
1564 442 1682 496 fuit.
1716 441 1983 496 Nimirum
2029 443 2160 498 facit
2185 444 2234 503 Α
2263 446 2314 498 in
2345 443 2628 508 Tt-iuitatc,
2671 457 2725 500 i-t
2769 447 3091 500 'l‘t'iuitatent
3142 447 3194 500 in
3237 445 3447 500 unitate
3477 460 3491 510 ;
3525 454 3580 498 ct
3611 452 3670 496 ut
3705 442 3809 500 Ven.

582 533 751 584 Adam
802 529 948 600 quod
1008 533 1266 587 mortales
1307 547 1498 588 omnes
1550 533 1726 588 solent
1774 550 1790 589 :
1840 535 1886 588 si
1938 537 2156 604 quando

586 623 730 676 enim
768 632 957 678 errant
981 633 1144 693 atque
1174 633 1401 693 peccant
1431 625 1695 691 homines,
1712 640 1907 681 causas
1929 624 2153 694 quasvis

586 712 858 781 arripiunt
883 713 1077 782 quibus
1115 727 1146 766 a
1193 712 1351 783 culpa
1375 728 1436 768 se
1457 723 1512 769 et
1539 729 1696 784 paena
1738 713 2032 770 vindicent.
2076 713 2148 766 Et

586 802 662 853 ait
708 801 956 858 Dominus
989 802 1058 856 ad
1082 813 1368 872 serpentem
1391 820 1411 858 :
1451 804 1592 869 Quia
1625 806 1796 874 fecisti
1841 806 1959 870 hoc,
1989 806 2158 859 male-

586 894 758 947 dictus
797 911 850 948 es
894 911 1006 964 prie
1049 898 1194 950 omni
1265 897 1512 962 animali,
1553 906 1601 951 et
1651 896 1814 951 bestia
1854 899 1990 966 agri.
2045 898 2159 952 Hoc

588 984 719 1040 dicit
769 984 835 1039 ad
894 984 1154 1042 Satanam
1222 985 1487 1042 Dominus
1539 1003 1554 1040 :
1605 986 1731 1056 quia
1779 986 2049 1040 Adamum
2105 996 2158 1041 et

592 1092 814 1132 uxorem
840 1077 1010 1147 ipsius
1043 1077 1329 1140 seduxisti;
1381 1078 1629 1148 iumenta
1674 1077 1893 1152 quidem
1927 1077 2156 1134 bestias-

589 1183 696 1244 quq
744 1182 964 1225 rtetcras
1013 1169 1282 1240 dignabor
1325 1184 1443 1224 mea
1469 1184 1623 1235 cura,
1658 1169 1707 1222 id
1751 1178 1859 1236 est,
1891 1169 2155 1224 sulliciam

591 1260 725 1327 ipsis
759 1261 939 1314 cibum
984 1261 1038 1314 in
1082 1270 1326 1331 tempore
1355 1278 1370 1314 :
1412 1269 1469 1314 at
1497 1268 1554 1314 ιιι
1585 1275 1701 1314 mea
1735 1276 1866 1316 cura
1903 1262 2159 1330 indignus

589 1340 902 1404 habeberis.
931 1347 998 1402 Et
1027 1366 1180 1418 super
1210 1359 1433 1404 rentrem
1463 1359 1617 1402 tuum
1641 1351 1921 1420 gradieris.
1959 1350 2157 1405 Extor-

593 1441 666 1493 ris
695 1441 841 1495 enim
887 1456 917 1496 a
951 1443 1158 1497 caelesti
1197 1441 1497 1513 republica,
1526 1456 1682 1512 repes
1722 1443 1876 1496 humi
1911 1453 2074 1512 atque
2103 1442 2156 1497 in

594 1535 823 1590 terrenis
867 1535 1032 1589 rebus
1092 1533 1448 1590 volutaberis.
1497 1532 1566 1588 Et
1618 1534 1887 1602 puluerem
1924 1534 2160 1590 comedes

591 1625 830 1679 omnibus
857 1625 1040 1680 diebus
1069 1629 1186 1680 vita:
1216 1637 1322 1680 tua:
1351 1643 1367 1679 :
1401 1627 1650 1682 homines
1675 1628 1855 1695 perire
1880 1625 2048 1697 (quod
2076 1635 2161 1681 est

2262 536 2392 590 bum
2424 537 2542 604 Dei,
2585 539 2713 592 olim
2750 533 2969 593 carnem
3011 553 3134 592 esse
3175 545 3588 606 assumpturum
3639 544 3812 589 nostra

2260 627 2451 682 Salutis
2501 637 2556 682 et
2598 628 2984 698 redemptionis
3034 628 3212 698 gratia
3241 669 3258 692 ,
3299 626 3687 697 prospiceret:
3726 637 3816 677 non

2261 719 2415 784 satis,
2451 719 2702 789 inquam,
2731 721 2964 788 pollebat
2990 719 3193 774 deinde
3221 733 3397 788 genus
3427 718 3731 771 humanum
3763 716 3819 770 ad

2267 810 2586 880 bujusmodi
2618 811 2883 866 sublimes
2913 810 3296 865 meditationes
3325 807 3686 865 exercendas.
3712 814 3819 858 tan-

2263 904 2433 974 tisper
2464 901 2593 956 dum
2630 902 2894 973 ﬂagitium
2922 905 3053 958 illud
3079 911 3134 957 et
3169 903 3417 972 pravitas
3448 915 3548 970 per
3576 898 3818 953 Satanam

2261 997 2367 1050 sub
2430 995 2701 1066 serpentis
2744 997 2923 1064 specie
2976 995 3107 1064 (quo
3166 993 3424 1048 utebatur
3479 1007 3578 1044 ceu
3631 992 3822 1044 instru-

2214 1114 2219 1123 ι
2262 1088 2467 1150 mento)
2505 1087 2703 1157 injecta
2735 1087 3048 1141 delerentur
3091 1097 3255 1154 atque
3303 1084 3654 1138 abolerentur
3691 1083 3819 1149 peni-

2261 1189 2371 1235 tus.
2412 1179 2478 1234 Et
2512 1180 2653 1232 misit
2684 1181 2855 1250 ipsum
2890 1179 3145 1232 Dominus
3181 1175 3317 1230 Deus
3344 1186 3496 1230 extra
3533 1162 3825 1243 paradisum

2264 1270 2435 1335 Eden,
2464 1280 2520 1325 ut
2560 1271 2749 1326 coleret
2778 1283 2996 1331 terram,
3028 1286 3092 1324 ea:
3120 1285 3226 1339 qua
3269 1275 3510 1334 sumptus
3541 1265 3735 1334 fuerat.
3776 1261 3827 1315 Et

2261 1365 2556 1418 eliminavit
2603 1365 2777 1434 ipsum
2827 1363 3081 1416 Dominus
3121 1361 3278 1414 Deus.
3322 1359 3551 1426 Propter
3582 1354 3822 1409 violatam

2250 1455 2430 1530 legem
2469 1455 2716 1510 multavit
2747 1453 3013 1507 Adamum
3047 1451 3189 1506 Deus
3234 1449 3566 1503 'i'elicissima
3614 1447 3706 1501 illa
3741 1447 3830 1499 vita

2263 1549 2450 1619 inqua
2517 1557 2749 1602 mentem
2811 1561 2965 1602 suam
3014 1545 3108 1598 ille.
3153 1557 3369 1597 onmem
3414 1548 3682 1610 perpetua
3716 1553 3830 1593 con-

2269 1640 2620 1710 templatione
2651 1654 2832 1693 rerum
2864 1646 2918 1692 et
2943 1653 3065 1706 quas
3093 1634 3310 1690 videndi
3351 1631 3538 1687 sensui
3572 1629 3766 1699 subjici
3788 1639 3832 1685 et

592 1716 757 1769 veluti
787 1715 841 1770 in
872 1717 1148 1788 pulverem
1185 1716 1410 1785 reverti)
1446 1727 1502 1772 tu
1538 1717 1634 1772 tibi
1667 1732 1764 1787 pro
1792 1730 1916 1772 esca
1945 1725 2000 1771 et
2031 1717 2157 1771 cibo

596 1806 758 1831 .1..---
809 1816 1025 1831 .._-..a....
1050 1822 1320 1831 -....._.....-
1345 1818 1497 1831 .-η-..Α
1529 1808 1786 1831 -.l..-_-.--
1809 1807 1930 1831 211--
1956 1808 2135 1831 -.κυη-

2277 1744 2388 1799 tum
2414 1743 2524 1784 non
2549 1728 2744 1794 subjici
2779 1734 3044 1798 possunt,
3079 1733 3209 1778 ante
3250 1719 3640 1792 pertractabat.
3670 1720 3831 1786 Atque

594 1806 781 1870 duces,
809 1816 1025 1877 propter
1048 1822 1322 1864 summum
1345 1818 1500 1863 tuum
1528 1808 1787 1863 adversus
1809 1807 1932 1863 illos
1952 1808 2161 1886 odium.

596 1888 666 1950 Et
696 1898 1002 1952 inimicitias
1033 1915 1223 1964 ponam
1252 1900 1394 1954 inter
1437 1910 1506 1958 te.
1540 1909 1591 1954 et
1622 1899 1914 1964 mulierem,
1937 1908 1988 1952 et
2023 1897 2164 1952 inter

591 2006 767 2043 semen
821 1999 970 2044 tuum
1023 2000 1071 2045 et
1128 2005 1302 2045 semen
1370 1989 1537 2044 illius.
1590 1987 1647 2044 ld
1691 1990 1920 2055 odium,
1965 1988 2164 2058 inquit.

594 2095 703 2150 quo
743 2089 798 2136 ιιι
831 2082 1055 2152 gaudes,
1083 2095 1414 2152 ponamvego
1444 2082 1588 2136 inter
1617 2089 1669 2136 te
1697 2089 1751 2135 et
1777 2077 1924 2143 illos,
1947 2088 2001 2135 et
2027 2081 2168 2134 inter

597 2187 781 2228 semen
851 2173 1153 2227 humanum
1219 2182 1385 2242 atque
1432 2173 1661 2228 rebelles
1716 2173 1997 2228 daemonas
2046 2183 2170 2226 tuos

594 2261 795 2318 socios.
845 2261 910 2317 Et
938 2263 1052 2333 ipsa
1079 2271 1307 2318 conteret
1353 2272 1510 2333 caput
1543 2272 1713 2328 tuum,
1770 2263 1872 2318 hoc
1905 2271 2008 2326 est,
2040 2261 2167 2316 irri-

598 2360 714 2406 tum
746 2351 907 2406 faciet
939 2361 1155 2409 tuarum
1187 2352 1528 2419 astutiarum
1549 2353 1786 2408 initium.
1841 2351 1910 2406 Et
1943 2361 1998 2406 tu
2037 2352 2171 2406 illud

597 2444 756 2512 [eries
797 2445 852 2497 in
892 2445 1038 2498 calce
1069 2445 1258 2514 ipsius,
1323 2444 1426 2498 hoc
1456 2453 1560 2511 est,
1612 2456 1668 2498 tu
1711 2445 1917 2512 peccati
1974 2444 2170 2500 vulnus

599 2536 701 2604 ipsi
747 2534 982 2605 inﬂiges.
1006 2546 1064 2591 ut
1090 2536 1314 2607 perdere
1344 2535 1524 2606 possis
1553 2533 1610 2589 in
1633 2543 1880 2590 extremo
1903 2535 2174 2606 ejuslvitas

599 2638 746 2682 artu.
797 2629 868 2680 Et
907 2627 974 2680 ad
1007 2627 1280 2682 mulierem
1310 2616 1442 2681 ait‘:
1481 2624 1886 2696 Haltiplicando
1913 2628 2174 2697 multipli-

582 2716 730 2771 Arabe
757 2719 966 2774 dolores
1010 2729 1124 2774 tuos
1152 2727 1202 2774 et
1235 2726 1510 2787 conceptus
1553 2727 1692 2774 tuos.
1728 2718 1851 2774 llaec
1879 2722 2169 2791 mysticum

601 2823 821 2865 sensum
858 2827 968 2867 non
996 2813 1328 2882 admittunt;
1359 2828 1618 2874 caeterum
1654 2835 1765 2875 rem
1803 2818 1972 2888 ipsam
2006 2837 2171 2891 supra

603 2905 1072 2992 pet-tractavimus.
1109 2907 1174 2962 Et
1231 2909 1353 2979 fecit
1400 2909 1656 2965 Dominus
1685 2911 1827 2965 Deus
1872 2912 2094 2978 Adamo,
2124 2922 2176 2968 et

584 2995 755 3047 uxori
785 2995 951 3063 ipsius
973 2998 1180 3054 tunicas
1211 3001 1480 3070 pelliceas.
1524 3011 1574 3056 et
1607 3004 1811 3057 vestivit
1841 3005 2002 3072 ipsos.
2033 3003 2172 3059 Cum

2268 1821 2492 1890 insuper
2529 1836 2558 1873 a
2601 1819 2727 1873 vitte
2767 1817 2931 1873 etiam
2979 1816 3175 1870 arbore
3212 1810 3493 1884 prohibuit
3527 1827 3543 1878 ;
3583 1809 3660 1864 ait
3706 1808 3835 1864 enim

2269 1910 2449 1965 Moses
2485 1929 2498 1965 :
2541 1909 2611 1965 Et
2635 1909 2835 1973 versari
2869 1909 2991 1978 fecit
3018 1908 3088 1962 ad
3120 1907 3373 1960 orientem
3399 1902 3646 1974 paradisi
3677 1900 3836 1965 Ede»,

2267 2004 2438 2069 ipsum
2466 2002 2668 2056 Clternlt
2691 2012 2738 2054 st
2769 2001 2933 2055 aciem
2955 1998 3120 2070 gladii
3149 1995 3437 2060 versatilis,
3461 1994 3530 2048 ad
3559 1993 3842 2048 custodien-

2267 2095 2396 2149 dum
2426 2097 2526 2149 iter
2573 2093 2779 2148 arboris
2807 2095 2947 2148 vita.
2993 2090 3073 2147 Ad
3101 2087 3426 2145 orientalem
3449 2094 3660 2156 partem
3693 2098 3841 2154 para-

2267 2183 2372 2239 disi
2427 2185 2625 2246 solam.
2673 2199 2782 2238 non
2831 2181 2994 2237 etiam
3043 2179 3110 2235 ad
3165 2177 3408 2245 reliquas
3460 2174 3730 2230 collocata
3777 2181 3846 2226 est

2268 2273 2537 2336 custodia,
2568 2272 2696 2344 quia
2745 2271 2990 2328 Orientis
3045 2271 3195 2340 regio
3254 2265 3562 2337 praestituta
3623 2269 3744 2318 erat
3798 2271 3846 2316 ut

2267 2373 2415 2421 esset
2467 2365 2596 2420 olim
2639 2365 2792 2419 locus
2833 2361 3101 2418 adorandi
3147 2358 3264 2414 Dei.
3324 2358 3498 2410 Porro
3544 2352 3773 2410 Clierub
3801 2363 3846 2406 et

2269 2455 2484 2526 gladius
2506 2456 2698 2526 igneus
2727 2453 3131 2522 terriﬁeusque,
3184 2447 3448 2504 custodite
3479 2457 3644 2502 causa
3697 2443 3845 2514 positi

2273 2554 2404 2602 sunt
2451 2547 2594 2602 inter
2642 2546 2773 2601 Adm
2805 2543 3008 2616 ingenii
3060 2549 3278 2610 captum
3339 2546 3394 2593 et
3443 2538 3618 2604 ipsam
3671 2550 3847 2590 saero-

2273 2645 2517 2692 sanctam
2581 2634 2904 2690 Trinitatem
2951 2650 2967 2690 :
3029 2648 3098 2688 ne
3149 2629 3358 2685 scilicet
3407 2641 3563 2682 mens
3616 2626 3849 2683 humana

2272 2729 2435 2784 altius
2463 2725 3164 2797 curiosiusqueinquireret
3197 2721 3252 2776 in
3276 2729 3389 2776 tres
3424 2723 3696 2790 personas
3719 2715 3854 2770 Divi-

2279 2819 2468 2875 nitatis
2517 2835 2640 2889 qua:
2679 2833 2909 2889 prorsus
2945 2826 3030 2872 est
3060 2808 3658 2882 incomprehensibilis.
3724 2806 3855 2860 Sunt

2276 2924 2458 2968 autem
2497 2928 2621 2984 quae
2654 2913 2741 2967 hic
2767 2927 2796 2965 a
2828 2909 2978 2965 Mose
3005 2901 3349 2969 scribuntur,
3381 2917 3484 2974 pro
3506 2899 3722 2956 nostris
3755 2912 3860 2952 mo-

2279 3005 2437 3064 ribus
2463 3007 2630 3063 dicta.
2668 3005 2778 3062 Nos
2820 3006 2993 3062 enim.
3044 3000 3091 3055 si
3122 3013 3288 3069 quam
3317 3011 3431 3051 rem
3462 2996 3672 3051 salvam
3714 2991 3860 3060 cupi-

603 3086 798 3156 inquit,
858 3089 1110 3161 adempta
1160 3093 1268 3150 illis
1323 3105 1468 3150 esset
1516 3094 1624 3150 vita
1674 3095 1765 3149 illa
1822 3097 2167 3166 spiritualis:

2290 3121 2437 3167 mus,
2463 3102 2514 3158 ei
2546 3097 2830 3177 custodem
2864 3093 3185 3158 sollicitum,
3221 3089 3499 3153 sedulum,
3540 3087 3861 3158 prudentem

601 3177 784 3246 beata,
810 3181 1100 3252 gaudiique
1131 3185 1309 3254 plena,
1342 3196 1562 3258 propter
1586 3201 1687 3242 sua
1719 3187 1962 3257 ipsorum
1992 3197 2175 3243 errata

607 3271 976 3329 inductisunt
1015 3275 1066 3330 in
1104 3277 1267 3332 vitam
1311 3279 1451 3334 hanc
1495 3293 1851 3348 corpoream;
1905 3295 2179 3334 aerumno-

603 3377 720 3417 sam
763 3373 927 3432 atque
959 3365 1135 3423 anxiis
1169 3369 1331 3424 rebus
1358 3369 1639 3426 refertam.
1672 3370 1941 3426 Czeterum
1975 3369 2179 3426 tunicis

607 3455 869 3523 pelliccis.
903 3461 1142 3513 maxima
1175 3459 1298 3514 vitta
1328 3461 1685 3516 commutatio
1729 3477 1850 3531 quae
1883 3460 2015 3531 ipsis
2055 3461 2174 3516 vio-

607 3547 716 3601 lata
745 3547 860 3620 lege
897 3549 1119 3613 accidit,
1153 3549 1516 3620 significatur.
1541 3550 1777 3620 ’Propter
1801 3565 1898 3606 sua
1931 3551 2176 3619 ipsorum

607 3643 772 3712 igitur
800 3651 1020 3712 peccata
1049 3658 1144 3699 eas
1177 3659 1368 3714 pinnas
1416 3645 1705 3710 dederunt,
1748 3653 1806 3699 ut
1834 3644 2173 3715 spiritualem

607 3750 732 3790 cum
762 3749 1042 3806 corporea,
1082 3736 1181 3791 boc
1213 3744 1315 3802 est,
1346 3737 1716 3792 felicissimam
1763 3751 1888 3791 cum
1919 3736 2181 3792 infelicis-

609 3828 750 3882 sima
785 3829 890 3882 vita
924 3822 1225 3884 mutarent.
1254 3827 1321 3883 Et
1350 3829 1428 3883 ait
1454 3828 1722 3883 Dominus
1747 3844 1762 3883 :
1790 3826 1868 3882 En
1898 3827 2066 3882 Adam
2093 3829 2184 3896 [a-

610 3927 724 3970 ctus
757 3929 830 3971 est
856 3918 1030 3987 qualis
1065 3934 1203 3974 unus
1231 3928 1472 3973 nostrum
1503 3922 1556 3974 in
1586 3919 1937 3990 cognoscendo
1971 3917 2105 3973 bono
2136 3926 2188 3973 et

611 4009 774 4063 malo.
833 4007 957 4064 Haec
1000 4024 1166 4080 supra
1224 4011 1442 4066 abunde
1487 4011 1905 4082 explicavimus.
1955 4009 2074 4064 lam
2124 4025 2189 4064 ne

613 4102 856 4170 [ortassis
885 4103 1133 4156 extendat
1175 4118 1393 4157 manum
1428 4119 1604 4167 suam,
1631 4112 1679 4157 et
1709 4111 1885 4156 sumat
1915 4101 1980 4156 de
2003 4102 2190 4156 arbore

614 4195 753 4256 sine.
784 4203 833 4248 et
859 4196 1002 4261 edat,
1039 4211 1101 4249 ac
1142 4199 1278 4251 rirat
1305 4198 1363 4250 in
1393 4205 1668 4251 internum.
1692 4194 2051 4265 Posteaquam
2089 4193 2189 4249 ad-

617 4287 788 4339 misso
823 4283 1028 4357 ﬂagitio
1074 4289 1368 4344 excidisset
1411 4304 1593 4359 genus
1633 4289 1929 4342 humanum
1981 4288 2074 4341 illo
2105 4301 2193 4342 se-

613 4377 853 4433 cundum
890 4381 1138 4435 animum
1171 4381 1388 4437 vivendi
1432 4382 1598 4438 modo
1643 4381 1848 4451 illaque
1893 4380 2000 4435 vita
2032 4380 2204 4434 beata

2287 3196 2617 3268 praeﬂcimus
2657 3187 2886 3244 terribili
2936 3186 3116 3253 aliqua
3159 3184 3345 3238 lancea
3403 3179 3685 3235 munitum
3718 3219 3735 3243 ,
3771 3178 3855 3244 qui

2284 3285 2470 3358 procul
2533 3290 2715 3337 arceat
2795 3277 3136 3334 accedentes.
3199 3273 3317 3328 Huc
3375 3272 3624 3326 animum
3692 3276 3862 3323 atten-

2285 3373 2416 3434 dant
2460 3379 2705 3445 quoquot
2757 3377 2851 3425 aut
2901 3385 3006 3424 non
3054 3369 3191 3422 satis
3215 3365 3392 3419 ‘llrmi
3439 3377 3563 3420 cum
3612 3362 3754 3422 sint,
3785 3367 3863 3411 aut

2289 3483 2395 3524 non
2457 3465 2591 3521 satis
2659 3459 2940 3516 exercitati
2996 3469 3160 3528 atque
3209 3455 3431 3520 eruditi,
3495 3461 3594 3508 aut
3636 3450 3862 3517 denique

2291 3560 2501 3616 nullum
2529 3556 2750 3611 virtutis
2777 3567 2900 3609 cum
2935 3551 3171 3608 habeant
3205 3563 3363 3604 usum
3405 3569 3418 3602 :
3456 3544 3667 3600 audent
3693 3554 3862 3598 tamen

2292 3668 2388 3724 per
2415 3648 2777 3714 temeritatem
2810 3644 2991 3700 subito
3034 3641 3376 3726 presilire-in
3415 3637 3661 3692 medium
3704 3646 3859 3726 atque

2294 3744 2471 3813 loqui,
2535 3740 2956 3815 disceptareque
3008 3724 3075 3790 de
3162 3737 3534 3789 sacrosancte
3583 3724 3865 3782 Trinitatis

2296 3833 2548 3908 personis
2590 3849 2603 3885 :
2645 3841 2699 3886 et
2743 3829 2830 3885 bis
2877 3827 3044 3883 Mosis
3065 3825 3230 3881 dictis
3254 3831 3463 3878 tantam
3505 3835 3665 3876 suam
3705 3818 3864 3872 anda-

2295 3929 2436 3984 ciam
2491 3921 2778 3984 refrenare
2822 3920 3057 3981 discant.
3114 3926 3278 3986 atque
3334 3915 3409 3970 ita
3443 3927 3503 3970 se
3542 3913 3599 3966 in
3637 3911 3748 3965 hac
3772 3909 3863 3961 vita

2293 4024 2594 4086 espurgent
2638 4011 3003 4068 observandis
3045 4006 3138 4064 Dei
3187 4005 3364 4088 jussis
3396 4011 3456 4058 ut
3485 4003 3540 4057 in
3570 4002 3753 4056 altera
3785 3999 3862 4053 illa

2297 4109 2466 4164 futuri
2491 4106 2676 4164 saeculi
2729 4105 3003 4160 donentur
3059 4098 3369 4170 cognitione
3410 4093 3870 4158 meditationeque

2298 4216 2476 4255 rerum
2533 4213 2564 4253 a
2643 4195 2754 4252 Deo
2808 4193 3155 4249 conditarum
3240 4197 3404 4258 atque
3464 4185 3646 4256 ipsius
3723 4183 3867 4238 etiam

2296 4303 2526 4347 summae
2555 4284 2865 4349 Trinitatis,
2903 4289 3175 4351 quatenus
3222 4285 3368 4334 certe
3391 4275 3532 4330 hanc
3561 4290 3657 4329 res
3694 4281 3872 4328 create

2297 4389 2463 4450 atque
2494 4385 2737 4432 externa:
2769 4389 2864 4446 per
2885 4372 3140 4426 virtutem
3175 4367 3581 4451 omnipotentis
3602 4364 3708 4419 Dei
3740 4375 3872 4451 corn-

612 4481 670 4526 et
701 4472 968 4541 angelica,
1021 4474 1304 4546 indignum
1353 4476 1468 4546 jam
1517 4450 1768 4533 evaserat
1808 4485 1969 4547 atque
2025 4475 2188 4531 etiam
2223 4457 2631 4541 Dpreltendere
2683 4472 2955 4537 poterunt.
2992 4459 3058 4517 Et
3114 4460 3204 4516 hic
3244 4450 3367 4514 linis
3439 4467 3560 4512 esto
3613 4450 3872 4511 sermonis

618 4560 916 4616 invalidum
960 4572 1022 4618 ut
1062 4565 1394 4637 cogitatione
1429 4577 1821 4637 assequentur
1848 4573 2194 4638 agnosceret.

614 4668 727 4721 que
759 4670 928 4710 unum
964 4654 1133 4711 Deum
1178 4668 1232 4714 et
1275 4669 1387 4715 tres
1413 4668 1697 4732 personas,
1733 4670 1896 4731 atque
1929 4660 2188 4714 unitatem

2302 4561 2552 4618 secundi.

2508 4799 3820 4835 ,ιφ-,Μ

1818 4937 2103 5027 PARS
2195 4938 2682 5025 TERTIA.

1191 5250 1608 5308 ιιιιοοεδιιυω.

708 5364 996 5431 Superiora
1064 5365 1310 5428 proxima
1366 5364 1660 5426 oratione,
1714 5376 1748 5415 ο
1804 5361 1891 5430 pie
1924 5367 1982 5415 et
2041 5375 2204 5415 vene-

638 5455 802 5508 tande
867 5455 1030 5510 frater
1079 5465 1304 5519 noster,
1358 5453 1577 5509 domine
1633 5451 1828 5523 lgnati,
1875 5452 2088 5522 egimus
2137 5451 2206 5507 de

639 5545 892 5615 paradiso
934 5558 986 5601 et
1039 5548 1333 5601 arboribus
1375 5548 1641 5616 mysticis,
1705 5561 1804 5614 pro
1854 5546 1996 5600 serie
2037 5555 2202 5614 atque

639 5648 826 5694 tenore
860 5637 1149 5704 Scriptura:
1201 5659 1216 5694 :
1251 5650 1304 5694 at
1362 5641 1614 5707 praesenti
1650 5654 1900 5693 sermone
1929 5638 2210 5692 dissolve-

640 5746 784 5795 mus,
835 5729 945 5782 Deo
992 5746 1208 5784 manum
1259 5732 1418 5786 nobis
1447 5732 1783 5801 porrigentc,
1832 5730 2208 5784 haereticorum

642 5821 942 5879 calumnias
981 5836 1122 5892 quas
1157 5823 1442 5879 adversum
1483 5835 1668 5881 nostra
1720 5823 1860 5884 dicta
1900 5823 2211 5893 proferunt;

2313 5265 2376 5303 ac
2426 5244 2588 5302 simul
2625 5241 2912 5298 nonnullas
2959 5237 3295 5308 questiones
3339 5250 3370 5291 a
3409 5225 3752 5306 quibusdam
3778 5225 3875 5283 aliis

2307 5341 2440 5395 viris
2473 5336 2730 5408 quaesitas
2759 5333 3171 5406 explicabimus.

2937 5445 3167 5505 CAPUT
3202 5444 3244 5499 1.
3321 5479 3324 5481 λ

2316 5571 2512 5625 Contra
2548 5568 2842 5625 calumnias
2887 5563 3117 5617 Simonis
3151 5561 3330 5630 Magi,
3363 5567 3430 5614 de
3461 5563 3633 5630 primi
3669 5561 3872 5624 parentis

2983 5642 3212 5702 peccato.

2386 5731 2584 5799 Ol-jicit
2631 5730 2818 5782 Simon
2868 5725 3074 5794 Magos,
3104 5721 3377 5793 "inquiens
3420 5737 3433 5773 :
3478 5719 3627 5774 Deus
3680 5719 3768 5772 ille
3801 5711 3870 5782 qui

2323 5825 2588 5878 Adamum
2622 5818 2884 5884 condit-iit,
2920 5817 3189 5884 impotens
3222 5818 3342 5866 erat
3372 5816 3537 5878 atque
3570 5805 3870 5863 imbecillis:
