3982 6346
205 358 300 423 593

1314 358 1409 416 DE
1452 354 1846 417 PARADISO.
1888 380 1952 395 ·-
1992 355 2186 418 PARS
2226 360 2348 420 ΙΙΙ.

3338 362 3443 426 5‘.“

204 485 362 542 neque
408 472 553 525 enim
603 471 813 526 cilicere
862 471 1036 541 potuit
1084 481 1139 529 ut
1193 482 1439 528 maneret
1486 474 1828 540 Adamus,A
1923 474 1981 529 Si
2039 484 2345 544 propterea,
2390 474 2578 529 Simon
2660 475 2832 544 Mago,
2902 458 3077 533 Deum
3136 452 3433 535 invalidum

198 563 397 634 qualem
444 576 565 616 esse
596 559 829 617 volebat.
860 563 939 616 Ad
982 564 1096 618 haec
1147 561 1560 630 respondemus,
1600 577 1755 617 man-

199 655 329 709 sisse
390 652 656 705 Adamum
707 654 920 722 qualem
974 655 1151 722 ipsum
1187 660 1400 708 etesse
1436 664 1489 708 et
1538 668 1757 708 manere

198 743 399 797 volebat
438 740 579 795 Deus
614 744 867 797 conditor
908 731 1246 813 'cﬂ'ectorque
1293 744 1504 814 ipsius;
1543 745 1757 800 volebat

198 837 332 891 enim
382 833 523 889 Dens
568 836 745 904 ipsum
794 835 999 904 pollere
1049 844 1242 906 suapte
1286 837 1546 904 arbitrio,
1594 845 1757 907 atque

200 913 416 981 liberum
457 940 602 989 esse,
638 918 743 983 non
780 937 959 981 autem
1001 920 1251 982 naturam
1288 928 1487 983 habere
1520 926 1755 983 vinctam

192 1026 246 1073 et
267 1018 575 1084 obnoxiam,
601 1017 815 1087 qualem
850 1017 1050 1073 habent
1080 1020 1237 1072 bruta
1270 1019 1571 1073 animantia
1597 1028 1653 1073 et
1677 1032 1757 1073 ea:

194 1123 279 1163 res
313 1122 433 1177 qua
468 1108 665 1162 animae
709 1118 959 1178 expertes
1008 1116 1157 1163 sunt.
1207 1109 1370 1177 Atqui
1425 1108 1672 1178 profecto
1708 1108 1756 1163 si

193 1196 451 1252 voluisset
504 1196 647 1252 Deus
698 1196 904 1250 Adamo
952 1195 1179 1250 liberum
1233 1208 1357 1251 esse
1404 1212 1563 1251 suum
1606 1196 1757 1251 arbio

193 1288 374 1351 trium,
410 1286 497 1342 hie
525 1302 657 1343 vero
688 1302 794 1342 non
823 1287 1150 1343 obtinuisset
1175 1288 1462 1342 arbitrium
1501 1288 1752 1355 liberum,

192 1390 360 1446 neque
406 1373 454 1430 is
503 1373 701 1430 fuisset
750 1390 910 1445 quem
958 1390 1083 1430 esse
1130 1375 1345 1429 volebat
1373 1374 1511 1446 .ejus
1560 1391 1755 1444 parens

190 1465 346 1549 Deus,
393 1457 760 1535 sed'prorst‘rs
808 1465 971 1529 alius,
1002 1481 1069 1520 ac
1113 1473 1228 1519 tum
1276 1465 1494 1522 demum
1533 1466 1624 1522 isti
1658 1482 1755 1522 ca-

186 1554 401 1614 lumni‘z
453 1558 606 1613 locus
654 1557 870 1613 fuisset.
928 1556 1030 1613 Sed
1086 1558 1255 1613 instat
1304 1555 1491 1613 Simon
1548 1575 1563 1612 :
1612 1559 1757 1614 Deus

192 1649 406 1704 volebat
433 1664 500 1704 ne
516 1649 702 1704 ederet
733 1649 977 1705 Adamus
1001 1649 1069 1704 de
1096 1648 1185 1703 illa
1214 1650 1448 1714 arbore;
1475 1649 1597 1719 atjs
1622 1651 1755 1718 edit,

186 1756 289 1796 non
333 1756 464 1809 ergo
514 1740 719 1795 mansit
765 1739 981 1810 qualem
1040 1754 1264 1794 manere
1312 1738 1528 1794 volebat
1574 1739 1755 1808 Deus;

182 1833 472 1889 coniicitur
503 1847 633 1902 ergo
666 1846 857 1902 parum
896 1840 1171 1901 potentem
1206 1816 1380 1886 fuisse
1422 1831 1554 1887 Adae
1592 1833 1760 1895 Crea-

186 1935 376 1981 torem.
428 1924 542 1979 lmo
593 1939 723 1979 vero
756 1924 807 1978 id
851 1924 1029 1991 ipsum
1074 1923 1219 1993 quod
1269 1923 1381 1978 edit
1426 1924 1493 1978 de
1539 1926 1754 1991 arbore,

183 2025 508 2084 argumento
541 2023 626 2070 est
661 2015 932 2070 mansisse
961 2015 1178 2084 qualem
1212 2015 1429 2070 volebat
1461 2013 1606 2072 Deus
1636 2030 1756 2071 ma-

181 2122 308 2162 nere
347 2125 361 2162 :
405 2122 470 2161 ea
522 2108 670 2160 enim
721 2115 842 2161 erat
893 2105 985 2160 Dei
1037 2102 1325 2169 voluntas,
1358 2117 1418 2160 ut
1462 2115 1754 2173 constaret,

178 2198 449 2252 Adamum
494 2211 615 2253 esse
663 2196 895 2251 liberum
943 2203 1107 2267 atque
1148 2212 1273 2251 eum
1312 2196 1484 2253 libero
1529 2196 1755 2252 arbitrio

181 2288 511 2355 conditum;
550 2287 712 2357 idque
744 2298 894 2343 certo
939 2287 1012 2342 ita
1047 2302 1105 2343 se
1137 2288 1337 2365 habere
1374 2288 1500 2343 inde
1532 2289 1756 2359 potissi-

178 2395 327 2435 mum
377 2380 509 2436 sr-iri
563 2378 742 2449 potuit
786 2379 933 2449 quod
981 2388 1266 2450 appareret
1317 2379 1373 2434 in
1413 2380 1584 2449 ipsius
1632 2395 1753 2436 esse

174 2471 412 2541 positum
464 2470 723 2525 facultate
770 2480 825 2525 et
875 2470 1040 2531 edere
1083 2480 1137 2526 et
1186 2485 1296 2524 non
1347 2469 1508 2526 edere
1553 2472 1621 2525 de
1663 2472 1754 2525 illa

175 2565 405 2632 arbore;
438 2566 723 2636 legemque
747 2564 832 2618 vel
858 2563 1151 2618 observare
1179 2563 1257 2619 vel
1287 2546 1508 2618 violare.
1532 2560 1757 2617 Postea-

175 2668 340 2723 quam
375 2654 540 2723 igitur
584 2653 775 2724 jussus
818 2653 1092 2710 abstinere
1120 2668 1229 2710 non
1264 2654 1554 2722 abstinuit,
1588 2654 1755 2709 libero

174 2760 406 2815 prorsus
440 2746 669 2801 arbitrio
695 2761 755 2801 se
781 2746 1017 2803 ostendit
1048 2746 1333 2815 praeditum
1362 2761 1505 2812 esse,
1536 2746 1754 2815 qualem

174 2835 350 2904 ipsius
396 2837 618 2893 cﬂ'ector
664 2836 809 2893 Deus
845 2846 900 2895 et
944 2853 1068 2893 esse
1117 2846 1171 2893 et
1218 2854 1438 2894 manere
1485 2839 1753 2894 voluerat.

172 2925 365 2995 Neque
414 2940 552 2983 vero
595 2927 836 2982 Adamus
885 2927 1209 2983 vescebatur
1253 2944 1317 2983 ea
1361 2930 1578 2993 arbore,
1611 2933 1754 2985 vieta

174 3027 550 3088 superataque
578 3018 891 3077 Conditoris
920 3018 1016 3073 Dei
1040 3019 1345 3086 voluntate;
1377 3020 1471 3076 sed
1497 3022 1754 3076 Creatore

1818 566 2023 621 'vocas
2054 565 2183 634 quia
2235 565 2499 619 Adamum
2552 581 2673 621 cum
2729 566 2903 623 libero
2940 553 3165 624 arbitrio
3210 573 3435 636 crearit,

1859 675 1970 726 quu
2016 658 2107 712 ille
2156 655 2436 726 praeditus,
2487 657 2747 715 adversus
2793 661 2970 717 edicta
3019 661 3295 720 Creatoris
3346 666 3431 721 sui

1858 747 2041 802 facere
2086 756 2290 816 posset,
2342 756 2403 802 ut
2448 748 2613 802 etiam
2669 747 2829 803 hodie
2877 751 3211 806 imbecillum
3262 752 3455 808 Deum

1857 852 1983 892 esse
2018 838 2192 899 dicas,
2242 852 2467 894 necesse
2511 837 2710 907 fuerit;
2760 840 2927 908 jussit
2965 844 3108 899 enim
3142 858 3212 899 ne
3255 844 3429 899 homi-

1859 930 2021 993 cidia,
2049 928 2386 983 adulteriave
2419 932 2819 987 committerent
2863 934 3227 1000 mortales,“
3251 943 3445 990 tamen-

1859 1020 1976 1099 haze
2008 1028 2173 1089 atque
2213 1019 2320 1074 alia
2365 1021 2657 1077 adversum
2697 1024 2868 1095 legem
2906 1021 2998 1081 Dei
3046 1037 3279 1096 patraut.
3328 1028 3434 1084 Sed

1859 1109 2009 1163 enim
2039 1115 2193 1163 utare
2226 1118 2285 1164 ut
2320 1110 2450 1165 libet
2481 1125 2549 1167 eo
2596 1122 2689 1168 tuo
2722 1125 3068 1183 argumento,
3118 1114 3341 1183 Simon;
3378 1126 3437 1173 at

1860 1197 2078 1253 interim
2111 1198 2285 1268 lnobis
2330 1202 2656 1269 respondeto
2702 1217 2716 1254 :
2768 1201 3050 1260 volentene
3088 1205 3200 1260 Deo
3230 1205 3438 1259 faciunt

1861 1286 2116 1350 homines
2150 1289 2415 1372 adversus
2454 1290 2623 1362 legem
2674 1292 2864 1363 ipsius,
2895 1309 2965 1349 an
3008 1296 3265 1351 nolente?
3295 1297 3438 1350 Sane

1858 1380 1907 1436 si
1955 1379 2196 1446 nolente,
2232 1397 2573 1452 consequens
2608 1395 2714 1451 est,
2764 1384 3051 1441 imbecillis
3099 1398 3224 1441 eum
3270 1388 3445 1441 etiam

1836 1486 2012 1527 ,nunc
2042 1474 2250 1530 viribus
2281 1489 2435 1541 esse;
2484 1476 2688 1547 quippe
2731 1491 2842 1545 quo
2878 1476 3115 1544 nolente,
3148 1492 3271 1547 qua
3298 1493 3436 1548 pne-

1859 1562 2081 1631 scripsit
2127 1562 2423 1622 vialantur.
2465 1563 2563 1619 Sin
2612 1566 2849 1629 volente,
2883 1565 2988 1620 erit
3030 1566 3147 1636 ipse
3189 1567 3290 1621 sibi
3337 1567 3432 1642 sd-

1860 1650 2054 1711 versus
2103 1663 2163 1710 ut
2206 1655 2318 1735 qu;
2344 1671 2407 1710 ea
2460 1656 2642 1711 verbis
2670 1656 2896 1725 jusserit
2941 1671 3064 1726 quas
3110 1656 3287 1727 reipsa
3321 1656 3447 1713 ﬂeri-

1862 1746 2123 1811 noluerit,
2155 1756 2211 1803 et
2243 1747 2505 1804 mortales
2553 1747 2821 1805 voluntati
2873 1748 3020 1804 illius
3068 1750 3317 1818 paruisse
3353 1748 3439 1803 di-

1860 1846 2057 1893 centur
2084 1837 2181 1908 qui
2206 1845 2398 1893 contra
2431 1838 2684 1895 mandata
2716 1837 2979 1903 fecerint,
3009 1838 3154 1909 quod
3190 1839 3435 1908 profecto

1857 1927 2157 1985 absurdum
2202 1937 2312 1984 est.
2356 1926 2593 1996 Rursus,
2650 1927 2928 1985 libentene
2973 1943 3042 1984 an
3105 1928 3275 1985 invito
3323 1929 3445 1987 Deo
3494 1986 3499 1991 .

1858 2027 2079 2090 patrant
2119 2020 2370 2077 homines
2420 2037 2540 2092 qua:
2588 2022 2834 2092 improba
2882 2023 3050 2078 sunt?
3099 2023 3155 2077 Si
3211 2023 3433 2088 libente.

1854 2113 1965 2167 erit
2010 2112 2127 2182 ipse
2174 2128 2393 2183 quoque
2444 2114 2726 2184 improbus
2773 2113 2867 2183 qui
2920 2114 3067 2170 vitiis
3100 2115 3439 2182 delectetur;

1858 2203 1944 2258 sin
1990 2202 2185 2269 invito,
2230 2218 2330 2258 cur
2368 2219 2475 2257 non
2525 2203 2785 2273 impediti
2822 2204 2892 2258 At
2935 2203 2981 2259 si
3023 2217 3279 2262 coercere
3309 2204 3433 2260 illos

1861 2296 1932 2350 ab
1975 2309 2044 2350 eo
2086 2296 2231 2365 quod
2268 2310 2495 2365 pravum
2542 2303 2651 2363 est,
2695 2295 3030 2367 designando
3074 2308 3182 2351 non
3236 2303 3441 2366 potest,

1857 2386 2142 2441 coniicitur
2191 2388 2367 2450 certe,
2418 2384 2631 2440 viribus
2675 2383 2853 2454 ipsum
2903 2384 3067 2439 etiam
3121 2399 3268 2438 nunc
3326 2398 3434 2438 non

1856 2476 2061 2546 pollere
2102 2492 2118 2530 :
2162 2477 2243 2529 vel
2274 2477 2318 2530 si
2363 2483 2471 2531 n’on
2503 2475 2637 2539 vult,
2674 2489 2889 2531 rursum
2933 2488 3139 2544 pravus
3172 2483 3233 2530 ut
3262 2474 3435 2545 ipsius

1854 2570 1928 2624 sit
1972 2569 2348 2637 consequitur,
2395 2567 2488 2636 qui
2536 2581 2703 2635 prava
2748 2565 3076 2621 dissimulet.
3127 2564 3221 2621 Est
3265 2579 3447 2634 porro

1858 2657 2024 2713 etiam
2059 2658 2211 2712 aliud
2255 2656 2498 2712 Simonis
2532 2655 2667 2723 ιιικί
2707 2663 3087 2732 argumentum
3124 2669 3232 2723 quo
3265 2653 3446 2709 Deum-

1857 2750 2054 2804 Adami
2110 2748 2486 2812 conditorem,
2553 2744 2918 2815 improbitatis
2981 2752 3146 2812 atque
3210 2744 3435 2797 invidia:

1858 2854 2136 2895 arcessere
2177 2839 2390 2895 nititur.
2430 2836 2565 2892 Nam
2619 2834 2924 2901 interdixit,
2964 2834 3159 2904 inquit,
3202 2834 3430 2897 Adamn,

1858 2934 2057 2986 arbore
2090 2930 2333 2985 scientia:
2360 2927 2485 2983 boni
2515 2936 2570 2983 et
2598 2926 2885 2996 mali,qua
2916 2934 3131 2995 gustata
3167 2926 3435 2993 potuisset

1859 3023 1948 3079 ille
1978 3024 2125 3081 inter
2156 3022 2356 3075 bonum
2401 3018 2716 3087 malumque
2754 3017 3075 3087 dijudicare,
3114 3026 3276 3086 atque
3326 3017 3429 3071 hoc

172 3109 275 3179 ipsi
329 3111 722 3179 permittente,
795 3118 855 3164 ut
901 3109 1047 3179 quod
1113 3110 1320 3165 arbitrii
1366 3110 1485 3181 ejus
1537 3110 1829 3179 libertasc
1860 3116 2073 3183 fugere,
2124 3112 2258 3169 illud
2307 3111 2583 3181 persequi.
2634 3108 2741 3163 Sed
2792 3107 3437 3177 rcspondemus,’l)eum-

170 3198 409 3256 dictaret
455 3200 508 3255 id
555 3214 718 3269 porro
770 3207 973 3269 ageret,
1022 3198 1245 3267 faceret,
1293 3184 1550 3269 patraret.
1600 3201 1750 3255 Pra-

171 3282 347 3358 terea,
395 3291 504 3346 nisi
546 3291 699 3346 liberi
749 3289 960 3345 arbitrii
1006 3290 1137 3345 Adze
1176 3289 1485 3346 facultatem
1533 3290 1754 3345 rebellio

172 3383 269 3437 illa
322 3382 678 3453 prodidisset,
730 3396 902 3452 quare
953 3381 1164 3436 tandem
1205 3382 1436 3451 perSpici
1493 3382 1756 3450 potuisset

126 3482 129 3485 '
170 3476 420 3531 maxima
462 3474 777 3546 praestantia
815 3473 1060 3541 obsequii
1104 3472 1247 3543 quod
1294 3482 1479 3541 postea
1510 3473 1599 3526 ille
1635 3488 1755 3527 am-

170 3569 375 3638 plexus
404 3579 543 3631 erat,
570 3557 624 3621 et
654 3581 749 3636 per
782 3566 833 3620 id
867 3565 1143 3621 rediturus
1170 3565 1238 3619 ad
1266 3564 1557 3632 pristinum
1593 3579 1752 3619 suum

170 3658 458 3727 ordinem,
510 3654 888 3725 gradumque?
938 3654 1141 3723 quippe
1187 3668 1309 3708 cum
1356 3661 1503 3708 esset
1550 3654 1755 3707 bonum

169 3745 323 3814 quod
373 3745 493 3814 ipse
525 3753 784 3813 patraret,
821 3757 926 3796 non
974 3742 1153 3797 solum
1195 3741 1471 3797 Creatoris
1516 3742 1599 3796 sui
1642 3758 1759 3795 mu-

169 3850 315 3900 nus,
368 3849 561 3890 verum
612 3835 776 3888 etiam
828 3834 999 3903 ipsius
1051 3834 1332 3902 proprium
1382 3847 1540 3903 opus.
1592 3832 1759 3889 Porro

116 3957 123 3964 ο
169 3928 421 3997 amplius
450 3926 614 3981 etiam
660 3936 814 3996 urget
846 3925 1055 3990 Simon,
1084 3926 1271 3995 aitque
1302 3941 1316 3978 :
1350 3924 1577 3981 Volebat
1618 3928 1760 3983 Deus

169 4019 458 4073 Adamum
490 4032 715 4073 manere
764 4019 817 4072 in
867 4017 1157 4087 paradiso;
1211 4025 1265 4070 at
1310 4016 1425 4086 ipse
1469 4032 1564 4087 per
1598 4032 1757 4073 suum

168 4109 449 4180 ﬂagitium
500 4108 627 4162 inde
676 4109 914 4175 excidit;
964 4118 1084 4163 erat
1130 4124 1260 4177 ergo
1310 4108 1583 4179 impotens
1630 4109 1761 4164 Adae

168 4199 408 4255 en‘ector
453 4198 597 4255 Deus
644 4210 705 4254 ut
742 4200 835 4270 qui
884 4213 984 4268 pro
1026 4214 1125 4254 sua
1175 4200 1455 4255 voluntate
1504 4200 1656 4254 illum
1706 4200 1759 4253 in

168 4290 443 4360 paradiso
492 4290 1118 4361 retinere,uequiverit.
1172 4290 1277 4346 Sed
1370 4290 1762 4361 respondemus

171 4380 383 4449 Deum,
412 4382 507 4437 ubi
551 4380 815 4437 Adamum
852 4383 1183 4438 condidisset
1228 4390 1394 4453 atque
1424 4382 1477 4437 in
1511 4382 1762 4451 paradiso

1858 3204 2002 3265 haud
2041 3203 2160 3258 ideo
2202 3202 2441 3258 vetuisse
2484 3200 2754 3256 Adamum
2800 3199 2945 3254 vesci
2992 3198 3172 3253 fructu
3219 3197 3441 3252 arboris.

1859 3292 2105 3350 scientia:
2148 3307 2216 3347 ne
2263 3292 2464 3347 bonum
2513 3291 2952 3361 amplecteretur,
3000 3288 3306 3359 malumque
3346 3289 3425 3343 vi-

1856 3395 2011 3450 taret,
2057 3394 2115 3440 ut
2148 3383 2516 3439 calumniatur
2566 3383 2798 3448 Simon;
2846 3381 2962 3452 ipsa
3010 3386 3157 3435 enim
3210 3395 3297 3437 res
3345 3380 3435 3434 Si-

1861 3474 2042 3529 monis
2071 3474 2236 3530 verha
2272 3472 2552 3544 redarguit
2576 3471 2870 3535 mendacii,
2902 3486 3028 3526 nam
3070 3473 3183 3527 edit
3213 3472 3431 3542 quidem

1854 3563 1924 3618 de
1961 3567 2159 3620 arbore
2201 3564 2447 3620 scientia:
2479 3564 2720 3619 Adamus
2750 3578 2767 3618 :
2797 3570 2851 3618 et
2881 3564 3010 3632 quid
3044 3562 3271 3627 bonum,
3304 3564 3443 3633 quid

1858 3654 2062 3710 malum
2093 3666 2258 3721 esset,
2298 3655 2441 3712 facto
2478 3654 2722 3724 periculo
2752 3654 2943 3710 didicit
2976 3669 2994 3709 :
3027 3663 3080 3709 et
3110 3662 3287 3709 tamen
3322 3669 3443 3708 norr

1857 3747 2021 3800 modo
2065 3744 2215 3800 nullo
2263 3744 2392 3801 inde
2424 3745 2713 3801 commodo
2758 3745 3057 3799 utilitateve
3101 3753 3295 3798 auctus
3327 3754 3429 3807 est,

1857 3835 1952 3890 sed
2011 3836 2174 3890 etiarn
2232 3850 2430 3906 magno
2478 3836 2679 3890 damno
2729 3835 3028 3900 multatus,
3080 3834 3282 3904 quippe
3339 3836 3441 3903 qui

1859 3926 2055 3981 acerba
2102 3940 2263 3996 pmna
2295 3936 2379 3981 est
2417 3926 2834 3981 condemnatus.
2877 3924 2987 3980 Sed
3018 3924 3193 3995 pergit
3235 3923 3435 3994 impius

1859 4021 1949 4076 ille
2001 4019 2189 4090 Magus
2240 4037 2255 4074 :
2308 4020 2377 4074 At
2428 4018 2531 4073 nisi
2561 4056 2577 4081 ,
2632 4000 2851 4087 inquif,
2899 4014 3124 4071 Creator
3169 4014 3258 4069 ille
3306 4013 3435 4070 Adae

1857 4112 2121 4168 edixisset
2152 4126 2219 4165 ne
2246 4110 2336 4165 ille
2364 4109 2548 4164 ederet
2575 4108 2642 4164 de
2668 4123 2731 4163 ea
2762 4106 2978 4174 arbore,
3008 4106 3431 4177 haudquaquam

1854 4202 2124 4273 judiciuru
2157 4203 2261 4257 hoc
2285 4214 2613 4271 primamque
2642 4198 2974 4265 subivisset;
3009 4198 3132 4252 inde
3156 4196 3299 4252 enim
3332 4196 3436 4251 hoc

1861 4295 2063 4350 malum
2088 4293 2237 4364 quod
2282 4301 2475 4347 contra
2508 4290 2599 4345 Dei
2633 4290 2870 4344 edictum
2900 4290 2993 4344 ille
3020 4286 3258 4353 fecerat;
3292 4286 3435 4342 Deus

1863 4389 2009 4443 enirn
2043 4388 2285 4457 jusssrat
2330 4399 2401 4439 ne
2446 4382 2651 4449 ederet,
2701 4382 2819 4451 ipse
2865 4395 2994 4437 vero
3022 4380 3154 4436 edit.
3194 4378 3299 4433 Sed
3347 4394 3435 4434 re-

168 4473 482 4542 posuisset,
514 4488 744 4543 prorsus
789 4472 1020 4527 liberum
1068 4473 1170 4542 ipsi
1216 4472 1409 4529 fecisse
1450 4481 1509 4528 ut
1544 4473 1626 4527 vel
1659 4471 1759 4527 ob-
1786 4463 1838 4524 Ι)
1867 4477 2200 4548 spondemus
2247 4475 2417 4531 Deum
2468 4488 2645 4543 neque
2673 4471 2915 4528 voluisse
2953 4480 3014 4525 ut
3049 4470 3137 4525 ille
3162 4470 3344 4526 ederet
3372 4472 3437 4523 de

170 4572 403 4618 servata
436 4563 551 4634 lege
595 4564 725 4617 inibi
763 4572 1029 4629 maneret,
1063 4564 1143 4617 vel
1188 4562 1363 4637 fracta
1410 4564 1534 4617 inde
1563 4565 1752 4617 exiret.

168 4655 353 4725 igitur
401 4670 525 4709 eum
566 4670 629 4709 ea
675 4654 753 4708 illi
796 4654 1050 4708 voluntas
1100 4652 1293 4708 fuisset
1338 4663 1396 4706 ut
1441 4654 1758 4720 imperatam

169 4745 354 4815 legem
392 4745 715 4809 transiliret,
765 4746 958 4799 merito
988 4753 1251 4799 extrusus
1297 4753 1381 4798 est
1426 4743 1679 4813 paradiso
1705 4750 1761 4796 et

158 4832 365 4891 merte
388 4835 551 4889 etiam
576 4835 884 4901 damnatus,
911 4845 1132 4905 propter
1151 4834 1448 4889 admissum
1474 4843 1757 4903 peccatum

172 4927 437 4993 scilicet;
470 4933 526 4981 et
562 4926 730 4981 simul
764 4942 831 4981 ne
870 4926 1042 4996 ipsius
1081 4927 1321 4995 pravitas
1359 4925 1501 4981 foret
1534 4925 1762 4980 immor-

171 5019 330 5084 talis,
356 5018 536 5089 qualis
556 5028 640 5073 est
666 5018 889 5073 diaboli.
914 5019 1135 5074 Accedit
1158 5018 1288 5085 huc,
1312 5027 1372 5073 ut
1396 5027 1540 5073 metu
1570 5019 1761 5072 mortis

174 5112 351 5182 cujus
403 5126 499 5181 per
545 5110 872 5166 sententiam
918 5124 1047 5164 reus
1091 5118 1518 5172 erat,-causam
1570 5107 1761 5162 mortis

175 5212 479 5276 peccatum
504 5202 720 5267 vitaret,
747 5211 802 5255 et
826 5200 951 5255 huic
980 5203 1267 5255 contrariae
1291 5201 1518 5269 iustitia:
1539 5214 1759 5268 operam

177 5302 346 5353 daret
381 5313 396 5349 :
426 5295 658 5363 denique
691 5309 817 5349 eum
857 5294 985 5347 olim
1015 5308 1080 5348 ex
1118 5292 1647 5362 ipsius'posteritate
1680 5288 1764 5345 fu-

179 5388 299 5444 turi
329 5394 519 5443 essent
548 5394 830 5455 martyres,
864 5376 970 5437 lata
994 5393 1077 5439 est
1104 5382 1363 5439 adversus
1398 5383 1543 5437 illum
1571 5383 1763 5438 mortis

178 5479 491 5551 sententia.
521 5486 582 5533 ut
618 5477 673 5531 hi
707 5492 805 5547 per
837 5478 1067 5532 mortem
1099 5490 1196 5541 pro
1229 5490 1327 5531 sua
1360 5476 1413 5530 in
1448 5475 1617 5531 Deum
1652 5477 1765 5544 pie-

180 5579 305 5625 tate
368 5577 533 5637 atque
595 5566 896 5621 reverentia
957 5566 1201 5626 obitam.
1254 5578 1487 5620 coronas
1539 5564 1763 5634 adipisci

180 5667 426 5729 possent
448 5657 694 5727 justitia.
756 5654 861 5713 Sed
922 5666 1259 5723 revertamur
1316 5656 1759 5726 undcpaululum

191 5750 436 5818 digressi
472 5765 683 5805 sumus.

1861 4582 1922 4622 ea
1968 4569 2183 4621 arbore.
2233 4565 2365 4621 Nam
2412 4566 2458 4621 si
2504 4563 2764 4620 voluisset
2808 4569 2870 4619 ut
2914 4560 3123 4620 ederet.
3169 4560 3277 4613 duo
3321 4558 3435 4612 haec

1861 4659 2100 4713 absurda
2134 4659 2535 4712 conﬁcerentur
2566 4672 2581 4709 :
2611 4655 2867 4715 alterum,
2901 4650 3070 4706 Deum
3102 4651 3433 4704 verbotenus

1864 4748 2150 4802 mandasse
2200 4747 2343 4814 quod
2395 4745 2571 4813 reipsa
2619 4742 2734 4798 fieri
2800 4741 3101 4803 uoluisset.
3167 4740 3443 4803 alterum,

1861 4854 1986 4894 eum
2024 4838 2119 4907 qui
2156 4838 2422 4892 adversus
2466 4833 2782 4890 Conditoris
2828 4832 2915 4887 sui
2962 4832 3115 4902 jussa
3161 4829 3431 4899 propalam

1864 4928 2079 4998 agebat,
2115 4927 2379 4982 voluntati
2427 4927 2600 4995 ipsius
2637 4924 2836 4979 iecisse
2881 4922 3035 4987 satis,
3082 4920 3431 4990 quantumvis

1863 5019 2107 5072 nescium
2180 5028 2342 5087 atque
2414 5016 2840 5087 imprudentem.
2915 5012 3011 5065 Sin
3072 5011 3337 5067 voluisset
3368 5025 3434 5065 ne

1862 5110 2066 5172 ederet,
2102 5110 2271 5164 videri
2314 5116 2529 5179 poterat
2560 5106 2862 5163 imbecillus
2891 5119 2905 5157 :
2937 5114 2997 5158 ut
3027 5102 3185 5174 cujus
3235 5102 3429 5155 volun-

1866 5199 1964 5252 tati
1995 5198 2240 5253 Adamus
2271 5211 2571 5267 repugnare
2597 5194 2833 5264 potuerit
2860 5210 2875 5246 :
2900 5190 2993 5248 sed
3024 5191 3130 5246 huc
3160 5199 3433 5260 spectasse

1867 5289 2039 5344 Deum
2058 5290 2186 5344 dum
2211 5290 2379 5359 legem
2401 5286 2606 5342 Adamo
2626 5284 3022 5354 praescriberet,
3042 5281 3431 5337 observaretuc

1864 5396 1932 5436 an
1958 5381 2185 5434 violaret
2208 5380 2296 5435 ille
2314 5394 2457 5445 eam,
2480 5391 2589 5431 non
2613 5384 2794 5429 autem
2818 5374 2998 5428 ederet
3022 5386 3088 5425 au
3115 5385 3222 5425 non
3248 5371 3432 5424 ederet

1863 5472 1930 5527 de
1972 5472 2062 5525 illa
2104 5471 2321 5531 arbore,
2360 5481 2523 5539 atque
2572 5468 2697 5522 ideo
2740 5478 2956 5533 quoque
2996 5461 3063 5516 de
3105 5461 3316 5516 duabus
3352 5461 3428 5513 illi

1868 5562 2296 5618 habitationibus
2344 5560 2664 5632 providisse,
2713 5566 2772 5611 ut
2813 5555 3039 5620 alteram
3087 5552 3132 5607 si
3180 5551 3283 5621 legi
3333 5566 3425 5619 pa-
3460 5544 3467 5633 ξ

1867 5654 2088 5717 ruisset,
2114 5654 2341 5708 alteram
2374 5654 2417 5706 si
2450 5664 2558 5704 non
2588 5646 2860 5717 paruisset
2890 5644 3131 5698 haberet.
3166 5640 3328 5711 quue
3355 5641 3428 5695 ita

1867 5760 1988 5799 esse
2035 5743 2116 5798 vel
2165 5744 2291 5799 hinc
2328 5740 2646 5798 ostendatur
2694 5734 2839 5807 quod
2882 5735 2990 5793 duo
3033 5735 3146 5789 hac
3188 5731 3325 5788 inter
3368 5744 3435 5785 se
