3982 6346
545 373 654 435 595

1815 379 2046 444 MOSIS
2085 377 2237 440 ΒΑΗ
2274 379 2522 442 CEPHA

3680 375 3770 436 596

546 491 698 555 paria
745 495 871 543 sunt
901 504 914 541 :
949 489 1122 542 Deum
1173 488 1406 558 iussisse
1453 498 1514 547 ut
1558 478 1764 559 ederet,
1802 494 1950 548 illum
1988 507 2116 548 vero
2145 494 2190 551 Δ
2221 491 2392 560 ipsius
2422 489 2627 544 malitia
2659 504 2763 543 una
2795 501 2916 543 cum
2945 487 3064 558 ipso
3098 489 3443 553 immortalis,
3473 485 3771 559 cujusmodi

550 597 660 634 non
685 580 902 658 edisse;
935 589 987 635 et
1022 581 1188 635 Deum
1224 583 1459 637 vetuisse
1491 598 1558 636 ne
1583 587 1784 649 ederet,
1813 586 1906 640 sed
1935 596 2116 641 tamen

548 673 700 726 illum
753 667 984 736 edisse,’
1030 687 1124 740 par
1192 673 1335 726 enim
1404 675 1610 730 violatae
1674 677 1804 746 legis
1853 679 2008 746 culpa
2063 680 2114 734 in

549 765 762 820 ntrovis
792 764 971 818 futura
1017 774 1150 818 erat.
1203 763 1384 834 igitur
1423 781 1527 820 non
1560 783 1624 821 eo
1651 769 1927 838 spectabat
1975 769 2116 828 Deus

550 858 679 912 dum
729 858 899 926 legem
934 856 1222 916 conderet,
1268 856 1524 912 ederetne
1568 859 1655 938 ille
1700 876 1878 926 annon
1937 863 2118 920 ederet

547 963 712 1016 quem
756 947 966 1001 arbitrii
1000 947 1243 1001 libertate
1274 948 1523 1015 donarat,
1549 953 1640 1006 sed
1670 954 1998 1016 observaret,
2024 969 2117 1007 an-

552 1055 662 1093 non
711 1039 1025 1093 observaret
1089 1040 1256 1108 legem
1311 1056 1472 1108 quam
1526 1043 1681 1097 liberi
1742 1045 1860 1113 ejus
1907 1047 2115 1101 arbitrii

550 1130 834 1185 materiem
883 1143 1005 1182 esse
1038 1129 1301 1184 voluerat.
1343 1130 1622 1200 Simulque
1652 1149 1718 1186 eo
1744 1136 1904 1189 etiam
1949 1137 2119 1216 perti;

551 1219 716 1271 nebat
762 1215 894 1286 legis
933 1219 1272 1281 constitutio,
1317 1228 1373 1273 ut
1417 1221 1739 1291 intelligeret
1783 1225 2022 1282 Adamns
2063 1215 2120 1283 se

552 1308 622 1362 ab
654 1307 761 1362 alio
792 1308 1094 1372 conditum,
1125 1310 1280 1379 eique
1321 1325 1418 1365 suo
1450 1311 1748 1378 Conditori,
1782 1325 1839 1369 ut
1870 1315 2116 1383 Domino,

549 1399 862 1468 subjectum
904 1415 962 1454 se
999 1413 1136 1454 esse.
1180 1402 1284 1457 Sed
1333 1417 1496 1472 supra
1545 1421 1574 1459 a
1625 1407 1802 1471 nobis,
1848 1409 1930 1463 hae
1962 1420 2122 1481 atque

550 1491 672 1545 alite
697 1491 930 1546 ferendae
955 1491 1086 1561 legis
1111 1495 1446 1550 causae-satis
1474 1505 1714 1553 tractatae
1735 1501 2122 1572 explicatazque

549 1593 702 1640 sunt.
740 1582 821 1636 Ad
866 1582 990 1645 hoc,
1032 1583 1124 1652 qui
1174 1595 1346 1652 potest
1374 1589 1681 1645 verosimile
1723 1592 1912 1657 videri,
1954 1594 2118 1651 Deum

551 1676 766 1729 Adamo
797 1689 922 1729 esca
962 1675 1049 1729 illa
1088 1675 1433 1733 interdixisse
1467 1696 1532 1734 ne
1569 1683 1692 1740 inde
1723 1684 1849 1738 boni
1889 1686 2122 1754 malique

551 1765 735 1821 sciens
769 1766 915 1820 lieret
952 1784 966 1818 ε
998 1765 1338 1835 alterumque
1367 1770 1638 1839 amplecti,
1672 1773 1855 1842 fugere
1889 1776 2118 1831 alterum

2217 590 2298 636 est
2329 581 2525 635 diaboli
2575 581 2834 650 pravitas.
2886 581 3060 646 Atque
3108 579 3208 634 hoc
3242 579 3312 632 ita
3350 594 3409 633 se
3452 579 3655 632 habere
3702 579 3775 631 vel

2169 688 2171 690 ·
2217 675 2341 729 inde
2373 667 2579 729 certum
2613 681 2717 737 est,
2753 672 2895 741 quod
2930 672 3057 724 olim
3107 661 3466 725 concessurus
3501 680 3586 723 est
3632 669 3777 723 nobis

2216 765 2380 818 vitam
2428 774 2746 833 perpetuam
2787 764 2837 816 in
2881 762 3060 816 futuro
3091 763 3310 825 smeulo,
3348 762 3512 815 nullis
3549 749 3777 829 peccatis

2217 865 2308 910 aut
2348 856 2553 910 delictis
2592 854 2908 917 obnoxiam,
2937 853 3030 907 sed
3072 853 3414 921 sempiternis
3484 861 3649 920 atque
3684 854 3776 905 im-

2217 947 2537 1002 mortalibus
2566 945 2774 999 deliciis
2800 945 3033 1013 plenam.
3067 943 3278 998 Rursus
3302 944 3382 998 sic
3408 945 3589 1010 arguit
3619 942 3776 995 Deum

2219 1039 2358 1092 idem
2408 1037 2595 1091 Simon
2647 1036 2854 1104 Magus.
2885 1035 3001 1102 Qua
3047 1037 3264 1091 tandem
3313 1035 3547 1094 ratione.
3591 1037 3777 1102 inqui',

2216 1138 2528 1183 exsecratus
2582 1137 2664 1182 est
2726 1130 2866 1182 Deus
2933 1137 3235 1197 serpentem
3280 1129 3302 1181 ?
3337 1127 3467 1180 Nam
3499 1128 3542 1181 si
3577 1136 3634 1180 ut
3663 1142 3778 1180 eum

2219 1224 2311 1291 qui
2353 1221 2610 1276 damnum
2660 1221 2902 1284 dederat,
2947 1238 3044 1274 cur
3082 1237 3186 1274 non
3225 1221 3467 1274 coercuit
3506 1235 3574 1274 ne
3613 1220 3776 1284 daret,

2223 1316 2323 1369 hoc
2351 1323 2454 1381 est,
2485 1328 2551 1368 ne
2601 1313 2879 1367 seduceret
2923 1313 3233 1366 Adamum?
3271 1312 3325 1366 Si
3367 1317 3503 1366 vero
3535 1325 3634 1365 ccn
3664 1325 3778 1363 cum

2220 1407 2313 1476 qui
2362 1405 2646 1460 utilitatem
2683 1404 2956 1466 attulerat,
2989 1404 3186 1472 quippe
3228 1404 3316 1474 qui
3360 1402 3569 1457 Adam'o
3601 1412 3781 1456 auctor

2223 1496 2399 1550 fuerat
2430 1505 2488 1549 ut
2511 1495 2578 1548 de
2607 1495 2742 1547 bona
2779 1493 2868 1548 illa
2897 1494 3089 1549 arbore
3119 1493 3455 1561 cderet,sane
3484 1494 3782 1563 improbum

2222 1599 2382 1656 atque
2435 1586 2674 1640 invidum
2725 1585 2892 1640 fuisse
2940 1585 3092 1639 illum
3127 1600 3350 1640 necesse
3395 1596 3514 1650 est;
3562 1583 3787 1652 denique

2222 1691 2344 1736 cum
2394 1688 2632 1731 neutram
2665 1676 2857 1730 harum
2907 1693 3192 1732 causarum
3244 1677 3488 1736 haberet.
3525 1676 3675 1729 illum
3710 1683 3784 1729 est

2199 1768 2548 1831 detestatus,
2587 1780 2649 1818 ac
2703 1765 2928 1834 proinde
2980 1780 3112 1819 sane
3159 1765 3443 1836 imperitia:
3489 1774 3654 1834 atque
3699 1776 3785 1816 ve-

451 1861 457 1864 ’
550 1865 757 1922 nosset,
789 1857 1006 1925 quando
1054 1858 1200 1912 nulla
1229 1859 1277 1914 ei
1305 1861 1487 1916 arbori
1517 1863 1604 1918 vis
1637 1865 1812 1920 inerat
1847 1884 1967 1937 quae
1996 1869 2121 1924 boni
2159 1837 2198 1888 Β
2227 1859 2424 1914 cordia!
2475 1863 2666 1912 merito
2707 1861 3029 1912 accusetur!
3082 1857 3159 1911 Ad
3210 1859 3324 1912 haec
3372 1857 3787 1927 respondemus,

551 1944 794 2014 malique
837 1945 1166 2012 diiudicandi
1217 1948 1447 2004 scientia
1493 1953 2119 2012 edentesiuformarct:

553 2035 668 2088 imo
698 2050 826 2091 vero
868 2036 996 2104 jam_
1021 2048 1131 2092 tum
1157 2038 1284 2108 ejus
1328 2041 1522 2108 judicii
1572 2057 1767 2112 expers
1811 2047 1979 2101 Adam
2021 2051 2123 2104 ml-

555 2126 703 2208 nime
755 2138 901 2182 esset
949 2129 1169 2199 (quippe
1216 2131 1306 2185 lex
1353 2132 1420 2187 iis
1467 2148 1572 2188 non
1623 2139 1993 2205 praescribitur
2029 2142 2123 2213 qui

557 2215 760 2270 malum
795 2232 824 2271 a
861 2218 1005 2272 bono
1035 2235 1321 2276 secernere
1356 2239 1464 2277 non
1499 2237 1722 2296 queunt,
1756 2231 1849 2285 sed
1879 2232 1972 2302 qui
2003 2243 2127 2289 ante

553 2306 746 2375 probi
786 2309 1170 2381 improbique,
1240 2314 1581 2372 discernendi
1649 2320 1857 2390 judicio
1922 2327 2126 2393 praediti

550 2397 702 2466 sunt)
749 2397 894 2452 sicut
941 2401 1156 2467 oculus,
1189 2407 1439 2472 quamvis
1493 2422 1598 2462 non
1650 2426 1749 2465 usu
1800 2423 1961 2481 atque
2000 2413 2124 2468 lun-

551 2489 760 2552 ctione,
813 2505 870 2544 re
919 2501 1098 2547 tamen
1150 2494 1301 2563 ipsa,
1351 2505 1463 2551 tum
1515 2500 1746 2567 visione,
1800 2512 1912 2557 tum
1965 2506 2128 2560 rebus

552 2581 986 2649 aspectabilibus
1012 2585 1164 2652 prior
1187 2598 1269 2641 est
1297 2605 1310 2641 :
1341 2603 1461 2658 qua:
1483 2606 1646 2661 supra
1672 2610 1889 2664 quoque
1915 2612 1944 2651 a
1973 2592 2129 2668 nobis

552 2682 686 2729 sunt
730 2684 980 2732 tractata.
1025 2680 1093 2732 At
1125 2683 1401 2748 veroideo
1447 2685 1597 2748 illum
1644 2687 1808 2758 jussit
1839 2692 1906 2746 ab
1935 2695 2131 2750 arbore

552 2767 831 2821 (abstinere
873 2779 933 2823 ut
956 2774 1218 2827 evaderet
1259 2775 1605 2842 immortalis,
1641 2793 1932 2852 ageretque
1967 2787 2129 2841 vitam

555 2871 874 2929 perpetuam
907 2880 919 2917 :
955 2863 1055 2918 hoc
1087 2866 1230 2920 enim
1267 2867 1469 2938 donum
1507 2886 1534 2925 a
1565 2874 1744 2930 divina
1786 2877 2130 2944 gratia'retu-

554 2949 734 3005 lisset.
768 2951 836 3005 At
870 2949 1013 3007 enim
1063 2953 1228 3010 Deum
1264 2971 1368 3011 non
1412 2959 1716 3029 improbum
1758 2978 1855 3032 pro
1891 2965 2131 3022 Simonis

555 3041 870 3106 calumniis,
916 3044 1010 3097 sed
1060 3045 1260 3099 bonum
1301 3047 1704 3122 benignumque
1751 3064 1942 3109 natura
1989 3071 2130 3120 esse,

2229 1951 2396 2006 Deum
2446 1959 2790 2004 exsecratum
2861 1963 2983 2003 esse
3045 1959 3349 2019 serpentem
3404 1958 3460 2002 ut
3513 1948 3588 2002 rei
3646 1945 3791 2000 mala

2227 2051 2526 2105 auctorem,
2559 2049 2612 2095 et
2648 2050 2825 2095 tamen
2863 2055 2966 2104 non
3013 2041 3322 2094 coercuisse
3369 2038 3786 2099 machinantem,

2227 2135 2321 2207 qui
2354 2149 2411 2189 se
2439 2133 2644 2204 alioqui
2676 2133 2766 2203 qui
2814 2149 2919 2187 non
2962 2133 3183 2197 latebat,
3219 2133 3406 2186 eadem
3457 2111 3792 2199 rationequa

2230 2242 2402 2295 neque
2433 2225 2591 2280 hodie
2626 2240 2722 2278 eos
2754 2224 2969 2279 cohibet
2996 2224 3085 2293 qui
3122 2222 3383 2292 improbis
3413 2223 3576 2276 rebus
3608 2221 3791 2274 intenti

2230 2324 2378 2383 sunt,
2413 2333 2480 2371 ne
2526 2332 2618 2371 eas
2651 2323 2896 2385 patrent;
2937 2325 3047 2370 tum
3080 2314 3267 2378 etiam,
3315 2329 3381 2367 ne
3411 2329 3471 2368 ea
3511 2328 3568 2367 re
3600 2312 3792 2367 diaboli

2234 2409 2540 2463 libertatem
2577 2406 2884 2477 impediret,
2919 2408 3009 2476 qui
3047 2423 3140 2476 per
3172 2416 3477 2477 serpentem
3518 2408 3679 2460 verba
3717 2404 3791 2458 la-

2230 2499 2439 2563 ciebat;
2485 2481 2717 2566 denique
2764 2506 2823 2549 ut
2853 2496 3151 2566 periculum
3187 2495 3335 2550 ﬁeret
3366 2495 3435 2548 de
3475 2495 3684 2548 Adamo
3716 2493 3794 2562 ips

2231 2590 2451 2659 siusque
2487 2589 2655 2643 libero
2691 2589 2940 2652 arbitrio,
2974 2605 3034 2642 ea
3087 2603 3262 2655 pugna
3305 2580 3468 2656 atque
3511 2583 3812 2639 certamine

2230 2684 2283 2736 in
2315 2698 2425 2750 quo
2470 2681 2577 2735 illic
2627 2681 2962 2735 versabatur.
3003 2681 3284 2735 Posttcmo
3321 2679 3366 2733 si
3403 2666 3677 2747 serpentis
3710 2689 3802 2729 co-

2232 2782 2418 2828 natum
2458 2765 2828 2842 impedivisset
2865 2773 3027 2833 Deus,
3064 2775 3188 2827 data
3237 2772 3431 2827 luisset
3483 2771 3804 2824 mortalibus

2233 2866 2506 2934 quaerendi
2541 2881 2702 2932 ansa;
2733 2867 2995 2920 dixissent
3021 2867 3165 2920 enim
3226 2864 3394 2920 Deum
3423 2881 3521 2935 per
3547 2864 3800 2917 invidiam

2233 2955 2562 3010 abstinuisse
2584 2955 2854 3016 Adamum
2878 2971 2908 3010 a
2931 2957 3109 3011 brevis
3133 2956 3442 3010 tentationis
3468 2953 3808 3025 periculique

2221 3056 2530 3115 momento,
2563 3063 2630 3102 ne
2657 3063 2722 3102 eo
2753 3051 3009 3116 superato
3036 3049 3200 3102 vitam
3234 3049 3630 3118 adipisceretur
3659 3062 3804 3100 sem-

559 3132 647 3186 his
673 3132 947 3203 colligitur
978 3139 1350 3206 argumentis;
1391 3142 1632 3197 condidit
1664 3145 1806 3198 enim
1840 3148 2128 3216 Adamum,
2159 3174 2203 3234 α
2235 3143 2538 3211 pitcrnam;
2590 3158 2762 3212 neque
2797 3145 2940 3197 enim
2993 3143 3166 3213 ipsum
3223 3142 3490 3216 serpentis
3514 3141 3728 3203 -verbis,
3764 3141 3810 3195 si

554 3234 686 3272 cum
721 3229 845 3273 ante
879 3237 1055 3292 neque
1102 3225 1192 3280 ille
1226 3229 1538 3297 exsisteret,
1586 3249 1760 3302 neque
1804 3237 1945 3291 alius
1977 3214 2130 3305 quis.
2160 3214 2203 3234 “’
2237 3231 2452 3284 fallendi
2485 3247 2707 3285 causam
2759 3232 2909 3286 illum
2947 3234 3174 3288 adortus
3220 3214 3383 3300 esset,
3414 3246 3810 3288 concessurum

559 3309 728 3378 piam,
756 3311 853 3382 qui
896 3314 1072 3381 ipsum
1117 3316 1182 3369 ad
1225 3317 1376 3372 illum
1409 3323 1771 3388 condendum,
1803 3327 1887 3380 vel
1915 3327 2128 3384 hortatu

564 3402 648 3454 vel
688 3403 1245 3474 precibus‘moverct;
1281 3409 1456 3466 adhoc
1485 3415 1717 3470 contulit
1748 3416 1819 3470 illi
1849 3413 2131 3488 imperium

559 3495 618 3548 in
672 3495 846 3570 pisces
898 3499 1062 3551 maris
1111 3508 1164 3552 et
1216 3501 1462 3558 volucres
1515 3506 1690 3570 caeli:
1729 3507 1950 3578 insuper
1998 3512 2138 3565 bene

559 3593 940 3656 precatus'est
988 3590 1112 3656 ipsi,
1164 3601 1221 3645 ut
1265 3605 1536 3650 cresceret
1584 3613 1918 3668 numeroque
1969 3615 2132 3670 auge-

557 3690 765 3735 sceret.
809 3673 1074 3736 Praeterea
1117 3683 1260 3738 dedit
1308 3686 1384 3740 illi
1422 3704 1638 3743 omnem
1690 3691 1912 3756 herbam
1957 3693 2135 3764 proie-

541 3782 771 3832 ,rentem
803 3787 1012 3837 semen,
1039 3784 1092 3830 et
1117 3791 1333 3830 omnem
1363 3781 1613 3835 arborem
1646 3781 2004 3851 fructiferam,
2036 3801 2136 3856 pro

558 3864 711 3920 cibo.
739 3863 981 3936 Denique
1009 3883 1110 3923 nos
1144 3869 1288 3940 ipsos
1316 3873 1480 3927 etiam
1523 3889 1668 3930 nunc
1696 3885 1748 3932 et
1777 3878 1821 3932 si
1851 3893 2138 3947 peccemus

559 3965 729 4028 atque
764 3959 1053 4032 adversum
1081 3963 1278 4032 "ipsius
1327 3966 1581 4033 mandata
1633 3967 1917 4036 faciamus,
1955 3979 2136 4027 tamen

562 4066 674 4107 non
721 4054 883 4108 modo
936 4055 1169 4132 sustinet
1218 4072 1396 4127 neque
1444 4059 1616 4114 nostri
1650 4061 2010 4127 obliviscitur,
2044 4064 2135 4133 sed

562 4144 730 4198 etiam
757 4155 1060 4211 conservat,
1093 4148 1280 4215 pascit,
1311 4149 1602 4220 gubernat,
1629 4162 1682 4206 et
1712 4153 1934 4207 omnino
1966 4156 2136 4209 nostri

564 4253 756 4294 curam
785 4241 944 4305 gerit.
976 4237 1118 4294 Sunt
1143 4255 1308 4310 porro
1335 4241 1440 4295 alia
1473 4241 1705 4312 plurima
1731 4258 1854 4314 que
1879 4253 2138 4298 testentur

563 4333 740 4387 Deum
785 4341 977 4385 natura
1030 4331 1423 4396 bonumesse,
1473 4342 1636 4402 atque
1671 4349 1736 4388 ex
1775 4349 1920 4389 mera
1969 4335 2137 4406 gratia

563 4423 833 4477 Adamum
884 4431 1219 4493 ceterasque
1263 4438 1351 4478 res
1398 4423 1663 4480 effecisse.
1713 4423 1924 4495 Pugnat
1974 4440 2136 4496 porro

2233 3321 2422 3377 fuisse.
2476 3323 2642 3378 Porro
2685 3323 2752 3379 de
2801 3323 3024 3381 Simone
3077 3324 3228 3400 Mago
3264 3324 3396 3379 illud
3440 3325 3588 3380 scire
3632 3333 3811 3394 Opera:

2234 3416 2468 3486 pretium
2513 3424 2618 3480 est,
2669 3431 2791 3472 esse
2838 3419 2931 3487 qui
2982 3418 3188 3482 dicant,
3242 3419 3415 3487 ipsum
3466 3417 3520 3471 in
3573 3417 3850 3490 speciem.

2236 3506 2453 3576 quidem
2491 3507 2794 3562 assensisse
2843 3506 3008 3561 Mosis
3045 3508 3167 3578 legi,
3220 3509 3310 3561 sed
3365 3507 3545 3575 plures
3594 3505 3812 3559 interim

2236 3599 2364 3652 deos
2399 3598 2666 3667 posuisse,
2719 3591 2951 3669 quorum
2991 3615 3132 3654 unus
3181 3598 3250 3653 sit
3297 3597 3600 3652 imbecillus
3650 3609 3814 3664 atque

2236 3689 2536 3759 impotens,
2587 3691 2632 3746 is
2685 3692 2775 3760 qui
2824 3691 3089 3745 Adamum
3144 3691 3300 3745 ﬁnxit
3350 3690 3623 3760 fecitque;
3673 3685 3814 3742 alter

2236 3798 2365 3837 vero
2414 3781 2518 3838 hoc
2563 3791 2836 3852 superior,
2877 3784 3073 3852 majdr,
3105 3786 3398 3852 potentior.
3436 3783 3583 3835 Alios
3629 3791 3812 3833 autem

2237 3862 2429 3944 putare
2457 3872 2698 3928 Simonis
2732 3873 2869 3945 Magi
2903 3875 3228 3928 sententiam
3260 3864 3451 3937 fuisse,
3486 3874 3752 3926 mundum
3783 3883 3814 3924 ε

2237 3965 2374 4019 mala
2402 3979 2566 4019 causa
2592 3975 2770 4020 ortum
2798 3981 2950 4032 esse;
2981 3967 3290 4036 atqueoideo
3319 3964 3469 4019 illum
3497 3963 3814 4034 bujusmodi
3844 3952 3855 3966 ’

2237 4055 2470 4111 absurda
2524 4056 2810 4126 turpiaque
2852 4057 2999 4112 dictu
3051 4057 3373 4126 collegisse,
3423 4056 3622 4127 quibus
3669 4053 3815 4123 apud

2238 4159 2331 4198 eos
2383 4144 2474 4214 qui
2528 4145 2758 4199 in'vera
2816 4144 2918 4199 title
2966 4146 3248 4210 durarent,
3301 4143 3488 4198 mundi
3534 4153 3814 4196 auctorem

2238 4236 2409 4291 Deum
2453 4236 2792 4306 suggillaret.
2826 4235 3119 4306 Propterea
3151 4249 3441 4304 corporum
3477 4247 3692 4304 quoque
3725 4246 3812 4288 re—

2240 4330 2630 4384 surrectionem
2689 4329 2892 4397 perllde
2945 4329 3096 4382 illum
3154 4341 3400 4394 negasse.
3450 4325 3648 4382 Verum
3701 4327 3816 4378 haec

2242 4423 2423 4476 omnia
2449 4437 2513 4476 ex
2542 4435 2607 4475 eo
2636 4419 2785 4474 libro
2819 4421 3071 4490 cognosci
3104 4428 3354 4490 possunt,
3385 4433 3544 4488 quem
3572 4417 3641 4470 de
3671 4418 3814 4471 mul-

560 4513 754 4570 Simon
792 4512 980 4584 Magus
1012 4518 1276 4568 adversus
1313 4514 1503 4578 Deum,
1531 4515 1697 4569 etiam
1729 4515 1835 4569 hac
1868 4515 1953 4569 via
1989 4534 2003 4569 :
2039 4515 2138 4570 Per
2170 4521 2213 4574 ι)
2242 4516 2471 4571 titudine
2501 4507 2913 4584 dill'erentiaque
2942 4521 3212 4567 sectarum
3246 4508 3692 4580 conscripsimus.

564 4606 848 4670 invidiam,
876 4605 1072 4674 inquit,
1101 4606 1379 4674 prohibuit
1405 4605 1672 4660 Adamum
1703 4608 1770 4661 ab
1800 4608 1994 4661 arbore
2019 4607 2142 4662 vita:

566 4697 854 4766 gustanda,
903 4711 1095 4764 nempe
1126 4712 1192 4751 ne
1241 4697 1567 4750 immortalis
1603 4697 1776 4755 ﬁeret.
1811 4698 1970 4767 Atqui
2003 4698 2046 4752 si
2077 4712 2139 4753 ea

565 4784 769 4840 invidia
833 4786 1134 4840 laborasset
1188 4786 1333 4841 Deus
1375 4798 1604 4857 prorsus
1670 4790 1740 4842 ab
1796 4789 1974 4854 initio,
2032 4805 2138 4844 non

567 4878 868 4930 creavisset
898 4876 1190 4932 Adamum.
1237 4876 1602 4946 Neque'enim
1639 4877 1748 4932 ulla
1780 4893 1905 4934 eum
1951 4879 2032 4934 vis
2075 4878 2142 4933 ad

570 4967 862 5022 creandum
902 4969 1053 5023 illum
1106 4969 1343 5038 impulit,
1389 4970 1481 5025 sed
1527 4985 1625 5025 sua
1674 4961 1970 5035 voluntate,
2019 4987 2142 5040 gra-

571 5059 714 5114 tuito
743 5061 888 5115 illum
917 5062 1189 5127 condidit;
1216 5057 1414 5129 adhoc,
1442 5064 1754 5132 paradisum
1786 5064 1929 5116 illius
1955 5079 2143 5129 causa,

571 5153 680 5206 hoc
725 5161 840 5215 est,
887 5162 949 5206 ut
996 5156 1046 5206 in
1098 5168 1163 5208 eo
1215 5154 1304 5207 ille
1338 5163 1404 5226 ,ει
1455 5155 1723 5209 habitaret
1770 5164 1824 5209 et
1872 5155 2146 5224 voluptate

573 5243 870 5307 frueretur,
923 5258 1028 5296 non
1081 5243 1296 5302 iecisset
1344 5248 1389 5301 si
1447 5247 1752 5311 invidisset,
1810 5255 1901 5299 aut
1950 5247 2143 5300 saltem

575 5334 750 5404 ipsam
778 5336 902 5390 vita:
935 5336 1183 5390 arborem
1230 5354 1388 5408 quam
1423 5339 1499 5392 illi
1532 5339 1833 5401 invidisset,
1869 5353 1974 5391 non
2022 5353 2147 5412 pro-

577 5436 819 5481 creasset
845 5428 898 5481 in
930 5428 1215 5498 paradiso;
1256 5445 1427 5498 neque
1446 5439 1605 5484 tanto
1635 5429 1796 5485 etiam
1831 5430 2062 5499 imperio
2092 5430 2146 5483 in

581 5519 784 5591 pisces,
808 5520 1071 5584 volucres,
1100 5520 1365 5588 iumenta,
1393 5521 1532 5577 feras
1556 5523 1705 5577 illum
1730 5521 2145 5593 ampliﬁcasset;

581 5609 820 5680 denique
865 5625 969 5665 non
1001 5613 1333 5669 condidisset
1375 5612 1524 5669 illum
1571 5614 1637 5666 ad
1672 5629 1824 5668 suam
1858 5615 2145 5684 imaginem

583 5710 635 5756 ct
666 5700 1073 5772 similitudinem
1109 5721 1122 5756 :
1155 5706 1246 5759 sed
1279 5720 1342 5760 ea
1385 5705 1453 5760 de
1497 5719 1662 5762 causa
1693 5706 1760 5759 ab
1793 5709 1984 5761 arbore
2030 5707 2150 5761 vitae

586 5796 850 5862 coercuit,
879 5811 945 5852 ne
978 5804 1238 5871 perpetuo
1276 5798 1475 5854 viveret
1513 5799 1562 5853 in
1611 5807 1854 5873 peccato,
1900 5808 2151 5869 essetque

2862 4646 3091 4703 CAPUT
3131 4646 3199 4702 ll.

2250 4765 2578 4852 Objection“
2614 4783 2763 4852 intpii
2803 4763 3051 4844 Manetis,
3096 4791 3147 4835 et
3175 4780 3288 4849 ejus
3334 4787 3489 4834 secta
3521 4777 3813 4831 hominum.

2305 4876 2500 4928 Manes
2539 4873 2703 4926 homo
2741 4870 3204 4940 improbissimus,
3232 4879 3287 4924 et
3314 4869 3405 4938 qui
3439 4876 3562 4922 eum
3595 4876 3816 4922 sectan-

2248 4975 2359 5032 tur,
2383 4967 2574 5019 dicunt
2602 4965 2772 5032 legem
2802 4962 3009 5017 Adamn
3032 4961 3350 5031 imperatam
3382 4959 3627 5028 plurimis
3653 4962 3816 5012 rebus

2246 5057 2500 5113 absurdis
2530 5057 2770 5126 ’plenam
2804 5070 2945 5118 esse,
2979 5063 3140 5124 atque
3186 5053 3310 5106 inde
3353 5051 3520 5106 multa
3554 5040 3814 5119 suppedi-

2247 5150 2407 5204 ditari
2478 5141 2793 5218 argumenta
2847 5147 3045 5216 quibus
3113 5144 3304 5200 merito
3353 5151 3640 5200 accusetur
3700 5143 3816 5211 ipse

2248 5242 2548 5312 legislator.
2598 5240 2759 5295 Verbi
2808 5240 3003 5310 gratia,
3032 5239 3196 5308 jussit
3240 5237 3506 5290 Adamum
3540 5234 3818 5287 abstinere

2251 5336 2319 5389 ab
2361 5333 2555 5387 arbore
2589 5333 2828 5388 scientiae
2874 5331 3002 5386 boni
3030 5338 3083 5383 et
3115 5329 3263 5392 mali,
3294 5328 3533 5382 minatus
3577 5337 3816 5380 mortem

2251 5440 2359 5493 quo
2408 5425 2496 5479 die
2543 5425 2688 5479 illius
2735 5424 2911 5477 fructu
2961 5430 3308 5486 vesceretur;
3358 5417 3502 5488 quod
3553 5417 3816 5479 (dierum,

2253 5516 2446 5570 barum
2492 5531 2671 5570 rerum
2716 5514 2957 5568 omnium
3002 5512 3180 5581 arguit
3227 5509 3391 5563 Deum
3419 5526 3452 5594 κε
3491 5506 3818 5570 inscientia,

2252 5607 2588 5672 iracundiae,
2633 5605 3018 5683 poenitentiae,
3079 5602 3344 5657 mendacii
3411 5600 3663 5669 denique.
3729 5596 3820 5651 ln-

2252 5701 2494 5757 scientite
2535 5699 2792 5769 quidem,
2841 5690 2983 5767 quod
3029 5697 3204 5771 legem
3258 5695 3604 5765 imperaverit
3650 5705 3815 5760 quam

2256 5795 2458 5866 putarit
2507 5791 2924 5857 observandam,
2973 5804 3034 5842 ea
3072 5803 3198 5844 vero
3234 5790 3516 5845 observata
3573 5775 3672 5841 son
3727 5784 3816 5838 sit.

3547 5931 3564 6068 ἑ

3555 6071 3562 6084 I‘
