3982 6346
174 303 262 367 591
390 324 398 331 -
964 297 968 301 ‘
1237 297 1334 357 DE
1374 292 1773 358 PARADISO.
1818 319 1885 328 —-
1932 297 2123 356 PARS
2165 296 2309 379 111..
2380 358 2383 361 .

3299 306 3402 368 598

173 412 471 477 li-acundiae,
508 412 651 482 quod
702 424 824 465 eum
859 410 953 479 qui
1000 414 1184 464 contra
1237 420 1394 464 suam‘
1428 411 1597 479 legem
1637 409 1716 463 [ε-
1743 413 1792 470 Α
1819 384 1938 460 Non
1968 406 2133 475 igitur
2155 406 2316 459 latam
2342 421 2368 459 a
2392 422 2449 462 se
2471 409 2796 466 sententiam
2820 411 3091 470 adversus
3107 416 3393 482 Adamum,
3450 408 3454 412 ’

80 532 83 535 ν
170 509 343 570 cisset,
373 518 467 574 per
509 503 645 556 iram
695 500 1160 556 condemnaverit.
1200 499 1560 564 i‘oenitentiae,
1590 501 1715 569 quia

168 600 319 653 latam
358 593 699 655 sententiam,
751 606 846 662 per
873 589 1310 645 misericordiam
1362 592 1444 661 (ut
1493 605 1588 646 vos
1636 593 1765 646 di-'

166 689 311 751 citis,
364 685 569 753 inquit,
626 682 841 748 Manes)
891 683 1100 737 irritam
1153 682 1423 741 habuerit.
1480 684 1720 751 Denique

168 777 456 844 mendacii,
506 777 633 847 quia
680 783 907 829 mortem
958 789 1068 828 non
1113 774 1431 844 appetiverit
1480 775 1725 831 Adamus

159 885 267 941 quo
294 868 379 924 die
406 869 517 923 edit
547 868 615 923 de
641 867 729 922 illa
757 867 969 923 arbore.
1001 866 1305 950 Adversum
1351 867 1465 923 haec
1494 880 1727 937 respon-

166 959 367 1024 demus,
401 956 569 1012 Deum
604 957 902 1012 inscientiae
929 957 1137 1027 culpari
1171 973 1277 1012 non
1314 973 1495 1028 posse,
1526 961 1623 1032 qui
1655 961 1724 1015 ab

162 1058 355 1104 aeterno
397 1049 577 1103 omnia
613 1049 762 1103 novit
793 1050 946 1119 prius
977 1064 1137 1118 quam
1183 1049 1348 1117 (iant;
1394 1064 1456 1105 ae
1492 1038 1723 1120 proinde

160 1140 284 1195 illud
335 1139 498 1195 etiam
549 1140 690 1195 clare
739 1141 1034 1212 prazscivit,
1082 1142 1386 1205 Adamum.
1439 1158 1564 1213 quae
1610 1144 1725 1214 ipse

160 1218 513 1301 imperaturus
555 1241 716 1295 esset,
774 1246 836 1286 ea
890 1247 997 1285 non
1035 1230 1329 1287 facturum.
1374 1232 1491 1312 {ﬁco
1542 1240 1735 1290 tamen

160 1322 272 1375 ideo
312 1336 419 1375 non
448 1320 750 1391 imperavit,
782 1322 909 1393 quia
940 1321 1090 1377 illum
1124 1323 1427 1391 parituru’in
1462 1340 1571 1381 non
1602 1340 1722 1381 esse

158 1406 458 1480 prrcscivlt;
514 1423 939 1467 consentaneum
993 1413 1134 1466 enim
1191 1420 1348 1483 erat,
1406 1424 1465 1470 ut
1521 1417 1720 1471 nihilo-

161 1501 338 1557 minus
404 1502 481 1556 illi
536 1502 908 1581 praescriberet
973 1502 1188 1574 legem,
1258 1515 1310 1561 et
1363 1496 1580 1583 quidem
1650 1506 1720 1560 ob

157 1592 348 1648 multas
384 1607 597 1650 causas.
640 1593 878 1649 Primum
926 1604 983 1649 ut
1023 1605 1304 1652 constaret
1346 1614 1465 1654 esse
1496 1600 1588 1669 qui
1624 1601 1720 1654 do-

155 1684 444 1754 minatione
484 1692 855 1756 potestateque
890 1700 1071 1739 rerum
1120 1688 1390 1756 potiretu‘r
1433 1689 1539 1760 (est
1570 1693 1714 1746 enim

151 1773 509 1842 dominorum,
561 1777 707 1845 leges
754 1778 1018 1850 statuere)
1066 1776 1345 1850 sciretque
1391 1782 1632 1837 Adamus
1665 1792 1717 1838 et

154 1872 363 1918 caeteras-
410 1881 494 1921 res
524 1859 772 1933 conditie,
803 1860 878 1923 'se
924 1878 1204 1925 creaturas
1251 1886 1372 1927 esse
1414 1881 1467 1926 et
1511 1888 1714 1942 servos,

150 1956 343 2023 quibus
372 1957 550 2013 solent
599 1958 743 2030 leges
790 1960 928 2015 dari.
976 1962 1061 2017 Ad
1114 1963 1236 2028 hoc,
1283 1965 1404 2019 data
1455 1967 1569 2036 lege
1601 1983 1717 2021 cer-

151 2045 337 2100 tiorem
369 2047 604 2103 reddidit
631 2048 776 2105 Deus
804 2051 1073 2105 Adamum
1102 2062 1155 2108 et
1183 2054 1425 2125 reliquos
1458 2048 1715 2112 mortales

153 2137 355 2192 ratione
390 2141 667 2208 prmditos,
696 2156 753 2196 se
783 2142 995 2196 arbitrii
1026 2144 1279 2209 libertate
1304 2147 1451 2213 ipsos
1482 2148 1716 2203 donasse

150 2226 273 2281 dum
313 2228 589 2294 conderet,
622 2243 729 2300 qua
762 2229 885 2284 freti
918 2242 1143 2301 possent
1190 2233 1270 2287 vel
1317 2235 1607 2289 observare
1636 2237 1717 2291 vel

152 2317 422 2372 transilire
454 2317 622 2391 legem
653 2306 1043 2389 prmscriptam.
1078 2319 1214 2375 Nam
1246 2323 1293 2377 si
1322 2323 1489 2391 legem
1536 2325 1713 2391 tollas,

150 2408 279 2463 nihil
308 2411 417 2465 erit
445 2412 586 2467 unde
623 2427 739 2467 eam
779 2414 1110 2477 libertatem,
1145 2428 1421 2469 summum
1474 2416 1717 2484 profecto

150 2498 240 2553 llei
268 2505 496 2565 donum,
525 2506 847 2571 cognoscas.
877 2503 1107 2573 insuper
1140 2504 1246 2571 lex,
1274 2514 1326 2560 et
1348 2507 1391 2559 si
1418 2507 1487 2560 ab
1508 2508 1717 2561 Adamo

149 2589 399 2645 violanda
439 2602 588 2657 crat,
636 2604 815 2647 tamen
860 2594 1150 2649 utilisluit
1189 2598 1254 2649 ad
1289 2598 1600 2666 probandos
1629 2613 1718 2654 se-

148 2685 558 2760 gregandosque
625 2688 925 2758 morigeros
979 2706 1007 2743 a
1064 2689 1392 2757 rebellibus,
1454 2692 1629 2746 bonos
1686 2709 1717 2747 a

149 2772 325 2837 malis,
372 2775 578 2830 aulicos
626 2776 695 2831 ab
744 2778 1018 2844 hostibus,
1070 2779 1416 2851 aliorumque
1463 2784 1715 2854 virtutem

149 2864 215 2918 ab
244 2865 479 2920 aliorum
516 2869 780 2937 pravitate
824 2889 839 2923 :
878 2887 1110 2939 quorum
1147 2872 1282 2926 nihil
1332 2874 1544 2929 sublata
1578 2876 1714 2945 lege,

149 2959 408 3025 cognosci
459 2959 852 3031 dijudicarique
897 2979 926 3016 a
979 2965 1137 3020 nobis
1171 2976 1374 3033 posset.
1422 2964 1540 3019 Jam
1590 2984 1718 3022 vero

148 3051 235 3114 qui
263 3058 547 3104 constaret
571 3052 717 3121 juste
742 3053 863 3108 aliis
892 3056 1172 3121 praemium
1205 3070 1234 3108 a
1262 3053 1372 3109 Deo
1398 3056 1513 3109 dari
1545 3046 1720 3124 ipsum

147 3140 365 3195 cteleste
424 3156 691 3212 regnum,
761 3144 853 3212 qui
904 3144 1221 3214 obsequiosi
1276 3147 1540 3201 servanda
1603 3149 1719 3217 lege

148 3227 386 3283 cilicium
437 3231 689 3309 colunt,
729 3233 851 3286 aliis
905 3234 1246 3289 calamitates
1297 3236 1489 3290 merito
1549 3237 1642 3290 inii
1667 3239 1717 3309 gi

149 3321 236 3388 qui
265 3320 391 3375 lata:
421 3320 520 3391 legi
554 3308 908 3392 non"parent,
940 3325 1046 3385 nisi
1076 3326 1159 3379 lex
1193 3338 1342 3381 esset
1380 3328 1484 3380 lata
1510 3329 1533 3380 ?
1563 3308 1715 3394 Quod

148 3411 193 3464 si
223 3425 351 3466 vero
385 3412 505 3467 ideo
551 3412 678 3468 ferri
730 3430 837 3470 non
882 3415 1067 3469 debuit
1111 3417 1241 3483 quia
1288 3431 1404 3479 eam
1440 3417 1716 3473 fracturus

147 3512 259 3557 erat
282 3503 524 3559 Adamus
546 3521 668 3559 cum
696 3520 884 3570 uxore,
906 3505 1051 3560 haud
1074 3520 1208 3561 sane
1230 3515 1379 3561 recte
1402 3511 1716 3580 praescripta

143 3591 253 3661 jam
283 3591 450 3657 fuerit
482 3594 802 3648 mortalibus
835 3594 953 3649 ﬁdei
984 3609 1198 3658 norma,
1230 3598 1447 3663 quando
1478 3591 1715 3652 maxima

62 3716 66 3718 ~
152 3698 274 3751 pars
302 3684 585 3740 hominum
612 3703 729 3740 eam
760 3702 867 3741 non
893 3686 1039 3741 colit.
1068 3685 1371 3751 Postremo,
1402 3690 1716 3760 praescripta

150 3769 264 3839 iege
311 3784 602 3845 monemur
634 3773 863 3842 alterum
897 3789 1018 3828 esse
1064 3774 1322 3830 sacculum
1369 3776 1421 3829 in
1472 3791 1578 3845 quo
1621 3794 1717 3834 sua

152 3861 395 3927 praemia,
428 3870 483 3915 el.
505 3838 581 3916 iis
610 3862 701 3931 qui
733 3840 1125 3932 alitemperant,
1154 3871 1206 3915 et
1235 3864 1300 3916 iis
1329 3863 1422 3932 qui
1457 3838 1718 3920 rebellant

148 3949 259 4004 sint
305 3953 601 4021 praestituta
641 3966 655 4005 :
693 3952 876 4006 alteris
926 3959 1199 4021 perpetuae
1253 3951 1482 4014 deliciae,
1532 3952 1718 4007 alteris

152 4040 433 4097 cruciatus
486 4041 823 4110 sempiterni.
876 4039 987 4095 Lex
1042 4041 1186 4095 enim
1241 4042 1439 4105 omnis,
1491 4049 1545 4094 et
1592 4055 1720 4110 pro-

151 4131 319 4186 missa
358 4140 413 4187 et
454 4132 630 4187 minas
656 4130 860 4189 'secum
910 4129 1106 4186 all'ert:
1140 4141 1199 4185 ut
1230 4131 1339 4199 illa,
1372 4132 1416 4186 si
1452 4141 1714 4198 servetur,

152 4222 258 4288 lite,
298 4206 350 4277 si
390 4221 687 4291 frangatur,
720 4232 917 4292 praesto
958 4221 1087 4275 sint.
1133 4221 1289 4293 Quod
1321 4238 1485 4287 porro
1514 4225 1579 4277 ad
1613 4224 1720 4279 ira-

148 4304 413 4368 cundiam
466 4322 709 4381 spectat,
765 4313 1158 4382 respondemus
1247 4311 1414 4366 Deum
1468 4328 1573 4368 non
1624 4330 1719 4384 per

1823 501 1987 570 quasi
2035 499 2154 567 ejus
2180 492 2515 568 paenituerit,
2546 503 2814 571 dissolvit,
2848 504 2942 560 sed
2978 520 3072 576 per
3105 524 3257 563 suam
3292 528 3394 565 nus-

1830 589 2184 644 sericordiam
2214 597 2376 656 atque
2399 589 2906 663 clementiam-quae
2935 595 3110 665 ipsius
3144 585 3391 667 virtutes,

1831 697 1891 735 ea
1918 696 1979 735 re
2007 689 2134 736 sunt
2170 681 2469 735 luculenter
2501 682 2811 751 patefactae.
2841 686 2970 740 Nam
3000 690 3202 758 alioqui
3233 692 3393 747 etiam

1827 773 2042 843 quoties
2082 772 2270 827 relicta
2316 773 2783 842 impietatevredit,
2813 793 2936 832 eum
2968 784 3203 851 excipit;
3238 794 3397 853 atque

1826 880 1952 935 quae
1994 866 2255 919 adversus
2302 865 2451 918 illum
2501 867 2850 931 decreverat,
2906 880 3099 937 mutat,
3144 875 3219 928 ait
3267 891 3398 946 pro-

1825 953 1988 1023 pheta
2039 950 2397 1008 Jeremias".
2443 954 2507 1007 Et
2550 951 2822 1011 Ninivitas
2868 958 3034 1016 exitio
3091 962 3393 1030 damnatos,

1826 1052 1947 1115 post
1995 1058 2157 1113 quam
2205 1055 2612 1103 commntarunt
2658 1051 2858 1114 vitam,
2920 1053 3187 1122 supplicio
3214 1058 3397 1111 exsol-

1834 1138 1909 1191 vit
1941 1137 1979 1192 ί.
2035 1135 2220 1207 Neque
2254 1137 2542 1194 Ezeeniam
2574 1142 2640 1197 de
2672 1143 2911 1200 admisso
2950 1158 3176 1216 peccato
3210 1152 3399 1206 dolen-

1825 1237 1953 1293 tem,
2000 1240 2199 1294 morte,
2242 1238 2302 1284 ut
2332 1224 2696 1288 comminatus
2730 1234 2928 1301 fuerat,
2970 1240 3236 1296 multavit.
3284 1243 3400 1297 imo

1824 1336 1951 1376 vero
1989 1322 2237 1391 quotidie
2283 1323 2469 1378 videre
2503 1334 2609 1390 est,
2648 1326 2805 1382 illum
2853 1346 2962 1385 non
3011 1335 3280 1402 perditum
3318 1332 3400 1392 ire

1820 1421 1917 1468 eos“
1944 1414 2040 1484 qui
2086 1416 2206 1472 suis
2237 1408 2508 1474 mandatis
2543 1433 2653 1475 non
2702 1416 2916 1490 parent,
2955 1426 3048 1481 sed
3080 1439 3401 1497 exspectare

1822 1513 1883 1558 ut
1913 1506 2260 1575 resipiscant.
2312 1506 2602 1565 Postremo
2644 1510 2710 1566 ad
2759 1515 3026 1571 mendacii
3071 1518 3397 1575 calumniam

1821 1596 2238 1666 respondemus,
2272 1599 2429 1669 plane
2452 1599 2619 1656 Deum
2650 1604 2936 1659 mentitum
2967 1620 3072 1660 non
3105 1623 3245 1672 esse,
3273 1624 3395 1664 eum

1820 1686 2014 1753 Adam,
2062 1703 2169 1758 quo
2213 1689 2302 1743 die
2347 1691 2413 1745 de
2458 1692 2620 1746 vetita
2661 1694 2854 1750 arbore
2898 1698 3028 1762 edit,
3064 1713 3131 1753 eo
3167 1708 3396 1753 mortem

1819 1793 2035 1863 quoque
2080 1781 2147 1849 (si
2201 1781 2446 1835 animum
2494 1787 2730 1852 spectes)
2774 1786 3016 1863 _obierit;
3064 1790 3263 1859 quippe
3306 1793 3399 1858 qui

1820 1854 2265 1950 abalienatus'sit
2291 1885 2321 1926 a
2353 1870 2481 1937 Deo,
2514 1874 2607 1944 Qui
2646 1854 2788 1931 unus
2821 1876 2930 1931 vita
2963 1854 3111 1941 vera,
3146 1889 3401 1950 certaque
3480 1910 3487 1916 ~

1819 1969 1937 2023 est;
1970 1969 2083 2013 rata
2112 1946 2275 2033 igitur
2305 1961 2407 2015 run
2436 1962 2551 2028 Dei,
2581 1978 2645 2018 eo
2676 1961 2787 2029 die,
2815 1966 3083 2023 adversus
3112 1970 3260 2025 illu.n
3292 1971 3399 2025 lata

1818 2051 2109 2105 sententia.
2140 2050 2202 2104 Et
2230 2065 2356 2105 vero
2392 2052 2507 2119 ipso
2534 2053 2697 2106 etiam
2731 2068 2985 2122 corpore,
3011 2057 3103 2110 illo
3137 2059 3224 2111 die
3255 2075 3400 2113 mor-

1820 2138 1944 2195 tuus
1974 2150 2057 2194 est
2086 2126 2319 2210 quadam
2354 2142 2645 2197 all'cctiune
2707 2144 3019 2201 turbulenta
3057 2163 3177 2216 qua:
3208 2152 3400 2206 mortis

1819 2240 1963 2287 esset
1994 2231 2231 2286 eliieicns
2262 2248 2285 2311 ελ
2309 2240 2366 2285 ut
2396 2248 2425 2285 a
2456 2248 2565 2302 quo
2596 2235 2760 2289 simul
2795 2251 3019 2303 prorsus
3051 2239 3400 2295 auferebatur

1820 2320 2481 2393 immortalitatisgratia,
2535 2339 2599 2378 ac
2648 2326 2876 2394 proinde
2928 2328 3088 2383 morti
3123 2329 3235 2399 jam
3289 2340 3401 2386 tum

1824 2409 1983 2462 licbat
2014 2404 2305 2476 obnoxius,
2338 2421 2391 2465 et
2444 2413 2670 2468 omnino
2718 2398 2986 2470 mortalis.
3025 2398 3243 2473 Exilis
3270 2436 3402 2488 ergo
3448 2455 3470 2481 η

1820 2494 2074 2554 omnibus
2110 2501 2439 2577 coniicitur,
2464 2502 2733 2559 Manetem
2781 2513 2837 2560 et
2875 2505 3124 2577 reliquos
3166 2509 3286 2580 ejus
3320 2512 3402 2565 fa-

1818 2591 2015 2665 etionis
2068 2590 2318 2646 homines
2371 2593 2622 2663 improbe
2688 2594 2855 2650 Deum
2906 2599 3166 2668 sugillare
3215 2617 3403 2658 eorum

1819 2678 2149 2745 criminum,
2191 2696 2315 2750 quas
2347 2681 2459 2751 jam
2501 2684 2764 2743 vidimus.

1889 2762 2099 2825 Rursus
2129 2770 2281 2824 aiunt
2314 2771 2472 2826 iidem
2504 2774 2729 2830 Manetis
2756 2790 3076 2835 assensores
3105 2798 3121 2835 :
3152 2780 3399 2848 Quanam

1821 2858 2131 2929 prohibitus
2192 2850 2278 2919 est
2325 2852 2568 2920 Adamus
2614 2862 2781 2921 causa
2816 2868 2885 2924 ab
2920 2872 3114 2926 arbore
3158 2875 3402 2928 scientiae

1820 2952 2128 3018 gustand‘a?
2175 2955 2242 3007 an
2280 2955 2409 3023 quia
2446 2955 2586 3008 mala
2617 2972 2683 3027 ea
2712 2969 2897 3024 esset,
2945 2976 3013 3015 an
3056 2964 3184 3033 quia
3220 2964 3405 3019 bona?

1826 3038 1883 3117 Si
1918 3041 2043 3110 quia
2077 3043 2216 3095 mala
2241 3060 2254 3108 ;
2278 3058 2345 3096 an
2381 3044 2714 3117 malaarbor
2738 3050 2853 3103 Sala
2886 3060 3007 3104 erat
3034 3053 3086 3105 in
3112 3052 3403 3121 paradiso?

1827 3128 1921 3183 Sin
1951 3131 2078 3200 quia
2110 3132 2248 3186 bona
2274 3148 2287 3197 ;
2312 3148 2407 3202 per
2436 3135 2697 3190 invidiam
2720 3140 3030 3206 prohibitus
3057 3144 3172 3196 est!
3199 3141 3400 3201 Contra

1822 3220 1934 3274 haec
1982 3221 2237 3296 dicimus,
2271 3236 2388 3276 eam
2436 3225 2689 3280 arborem
2738 3228 2937 3299 suapte
2984 3243 3181 3291 natura
3227 3252 3413 3306 neque-

1793 3310 2014 3363 :bonam
2044 3313 2447 3380 neque‘malam
2482 3315 2685 3390 fuisse,_
2704 3317 2797 3374 sed
2832 3320 3058 3389 perinde
3086 3336 3250 3395 atque
3282 3329 3400 3396 ipsa

1820 3399 1940 3467 quis
1965 3409 2202 3454 uteretur
2227 3401 2631 3459 abutereturvc.
2658 3403 2830 3462 Usum
2880 3420 3060 3466 autem
3113 3425 3272 3485 atque
3301 3419 3402 3471 ab-

1818 3505 1976 3544 usum
1999 3529 2014 3555 ,
2035 3490 2086 3544 in
2120 3490 2293 3547 libero
2327 3496 2626 3563 primorum
2658 3509 2945 3571 parentum
2979 3502 3154 3559 fuisse
3175 3507 3400 3566 arbitrio

1819 3582 2054 3651 positum
2084 3624 2098 3645 ,
2139 3593 2197 3637 ut
2240 3583 2353 3653 jam
2389 3599 2497 3639 non
2530 3602 2598 3640 ex
2641 3588 2756 3656 ipsa
2789 3581 2986 3645 arbore
3027 3593 3229 3648 malum
3257 3634 3273 3659 ,
3306 3597 3402 3651 sed

1818 3664 1883 3728 ex
1908 3674 2121 3728 arboris
2146 3666 2321 3730 abusu
2349 3677 2669 3744 provenisse
2692 3680 3120 3738 existimandum
3138 3686 3229 3741 sit.
3254 3685 3402 3741 Idem

1819 3766 1885 3820 de
1915 3767 2060 3828 bono
2090 3766 2381 3822 dicendum
2416 3766 2611 3822 luisset
2637 3808 2652 3834 ,
2684 3770 2730 3822 si
2759 3771 2933 3827 Adam
2966 3776 3241 3831 mandatis
3272 3793 3397 3847 qua:

1819 3856 1885 3911 de
1924 3871 1986 3909 ea
2028 3857 2225 3911 arbore
2264 3863 2555 3929 acceperat
2581 3861 2853 3929 paruisset
2874 3863 2903 3916 ':
2938 3856 3429 3934 quemadmodum.

1819 3944 1974 3999 cibus
1995 3961 2102 4016 qua
2129 3946 2283 4003 cibus
2298 3957 2406 4013 est,
2433 3948 2566 4003 nihil
2593 3950 2734 4006 ullus
2752 3951 2944 4008 ab'alio
2967 3954 3169 4022 dill‘ert,
3188 3958 3280 4012 sed
3302 3973 3401 4027 pro

1818 4045 1977 4091 aetate
2024 4040 2188 4107 atque
2221 4038 2432 4095 viribus
2461 4040 2800 4113 vescentium
2838 4044 3098 4101 maxime.
3138 4045 3272 4101 Nam
3305 4052 3401 4118 qui

1822 4129 2088 4185 vescentis
2121 4129 2333 4185 viribus
2359 4130 2655 4201 respondet
2683 4141 2852 4203 atque
2882 4149 3125 4210 congruo
3159 4146 3401 4206 tempore

1821 4219 2078 4283 sumitur,
2102 4220 2314 4285 bonus;
2348 4223 2441 4291 qui
2480 4238 2609 4278 vero
2644 4224 2789 4280 vires
2822 4238 3043 4295 superat
3076 4238 3171 4282 aut
3205 4245 3310 4283 non
3343 4232 3398 4297 in

1823 4320 2062 4378 tempore
2088 4312 2325 4381 eapitdr,
2360 4315 2536 4369 malus
2568 4314 2801 4371 habetur
2834 4332 2847 4369 :
2878 4322 2957 4372 sic
2992 4333 3126 4373 usus
3153 4319 3282 4373 Atla:
3313 4334 3398 4374 at-

152 4405 292 4461 iram
334 4408 720 4476 pronuntiasse
749 4406 1012 4462 adversus
1056 4403 1321 4459 Adamum
1363 4404 1511 4458 illam
1557 4406 1716 4460 talem
1753 4415 1794 4469 ι)
1828 4414 1931 4469 que
1964 4403 2148 4455 uxoris
2178 4404 2231 4456 in
2278 4407 2542 4472 permissa
2576 4405 2796 4474 quidem
2830 4409 3024 4462 arbore
3050 4448 3065 4473 ,
3100 4410 3313 4477 bonus;
3347 4422 3401 4467 at

153 4502 507 4564 sententiam,
547 4500 641 4553 sed
690 4515 784 4569 per
828 4514 1030 4591 meram
1062 4497 1536 4565 gmisericordiam;
1573 4499 1716 4568 quod

154 4594 281 4647 hinc
315 4592 683 4663 cognoscitur,
721 4590 847 4661 quia
881 4589 1299 4660 haudquaquam
1347 4589 1437 4642 illo
1467 4590 1555 4645 die
1583 4591 1719 4644 obiit

155 4694 389 4740 mortem
433 4699 540 4752 quo
586 4683 793 4737 facinus
830 4681 988 4746 fecit,
1022 4697 1121 4751 pro
1164 4681 1450 4735 sententiae
1487 4681 1666 4735 verbis
1703 4699 1716 4734 :

158 4776 418 4831 nimirum
453 4773 615 4829 verba
650 4786 715 4827 eo
746 4770 958 4851 fecerat,
982 4772 1125 4827 Deus
1166 4771 1447 4842 rigidiora,
1480 4785 1589 4839 quo
1620 4786 1717 4840 po-

149 4869 846 4937 steritatcm‘venturosque
876 4872 1122 4934 nepotes,
1150 4879 1242 4933 per
1265 4872 1489 4926 metum,
1515 4878 1542 4916 a
1568 4862 1717 4916 l‘ran-

156 4960 347 5030 gendis
397 4958 603 5028 legibus
651 4956 1069 5034 rebellandoque
1130 4955 1455 5022 contineret.
1512 4948 1717 5007 Rursus

153 5053 222 5107 de
248 5049 586 5121 paenitentia,
614 5048 769 5117 cujus
806 5056 1027 5101 accusat
1055 5044 1223 5098 Deum
1254 5042 1456 5106 Manes,
1485 5041 1717 5096 dicimus

157 5142 379 5198 illorum
420 5155 538 5195 esse
567 5140 752 5194 dolore
794 5146 958 5207 atque
987 5136 1247 5205 pcenitere
1292 5135 1384 5204 qui
1433 5134 1601 5190 nescii
1631 5148 1718 5188 re-

98 5260 103 5265 ·
159 5251 282 5293 rum
309 5241 562 5299 eventus,
596 5246 659 5286 ea
700 5230 904 5285 faciunt
934 5244 1165 5299 quorum
1196 5230 1373 5282 exitus
1416 5213 1602 5295 parum
1633 5240 1717 5279 re-

66 5320 70 5325 ’
159 5329 424 5398 spondeat
461 5325 701 5394 ipsorum
732 5320 1068 5385 commodis;
1108 5329 1163 5372 at.
1205 5318 1396 5383 Deum,
1428 5333 1550 5371 eum
1583 5331 1717 5386 prae-

160 5422 302 5475 seiat
350 5416 530 5473 omnia
580 5430 739 5483 quem
789 5413 897 5468 sint
945 5425 1172 5479 quaeque
1219 5408 1468 5462 habitura
1524 5408 1713 5474 linem,

162 5524 391 5580 prorsus
430 5506 689 5578 poenitere
739 5504 902 5560 ullius
977 5516 1083 5556 non
1131 5515 1307 5569 posse,
1373 5509 1465 5553 aut
1514 5498 1714 5569 pigere.

234 5671 280 5705 "
308 5667 504 5724 let-em.
537 5680 552 5720 t
582 5673 634 5722 et
664 5677 809 5719 xvnt.
895 5660 909 5691 ί
942 5659 1093 5715 Joan.
1116 5648 1209 5723 ιιιι,
1247 5657 1266 5713 l
1305 5671 1452 5726 seqq.

1822 4493 1876 4546 in
1909 4493 2069 4547 vetita
2094 4532 2110 4555 ,
2147 4492 2324 4548 malus
2350 4502 2486 4549 erat.
2538 4493 2725 4564 Neque
2754 4497 2897 4550 enim
2947 4499 3000 4551 in
3056 4498 3174 4569 ipsa
3204 4502 3416 4556 arbore.

1825 4583 1951 4637 boni
1994 4583 2187 4639 malive
2234 4584 2781 4651 elﬁcientiainerat,
2832 4589 2926 4642 sed
2976 4589 3156 4658 ipsum
3196 4593 3399 4645 violare

1829 4672 1917 4728 Dei
1949 4672 2155 4743 legem;
2189 4673 2243 4727 id
2271 4688 2399 4729 vero
2447 4686 2563 4729 erat
2608 4676 2757 4745 quod
2794 4677 3065 4733 Atlamum
3098 4682 3398 4747 occidebat,

1825 4780 1929 4819 non
1957 4765 2139 4819 arbor.
2177 4765 2362 4819 Veluti
2387 4767 2843 4823 contumeliosum
2876 4770 2928 4823 in
2964 4782 3212 4839 parentes
3238 4814 3250 4836 ,
3288 4789 3396 4846 non

1826 4856 1941 4923 ipsa
1967 4855 2301 4911 contumelia
2324 4858 2516 4911 multat
2540 4868 2736 4923 morte,
2760 4862 2851 4915 sed
2881 4860 3051 4913 fracta
3080 4862 3201 4927 lex;
3226 4878 3402 4932 neque
3465 4915 3468 4918 .

1828 4961 1982 5002 mons
2034 4944 2185 5002 Sinai
2217 4963 2313 5003 eos
2348 4949 2711 5005 interﬁeiebat
2758 4954 2850 5020 qui
2897 4966 2952 5005 se
3006 4950 3399 5021 contingebant

1826 5051 1936 5107 quo
1963 5048 2205 5107 tempore
2242 5039 2373 5093 certi
2406 5039 2540 5095 lines
2563 5040 2865 5111 praescripti
2902 5039 3054 5094 fuere
3088 5041 3226 5096 ultra
3261 5058 3397 5111 quos

1825 5147 1985 5185 nemo
2019 5131 2451 5194 accederet,'sed
2485 5133 2572 5187 lex
2597 5133 2816 5187 violata.
2846 5127 2965 5184 Non
2996 5131 3157 5200 igitur
3191 5133 3278 5186 illa
3306 5149 3394 5185 ar-

1826 5222 1925 5275 bor
1955 5222 2163 5277 Adamo
2206 5223 2409 5277 malum
2442 5225 2619 5287 dedit,
2672 5221 2765 5276 sed
2797 5222 3000 5277 amissa
3043 5212 3138 5293 per
3161 5224 3391 5297 iractam

1825 5315 1995 5383 legem
2046 5328 2222 5380 noxa;
2256 5315 2532 5370 enimvero
2566 5328 2660 5382 per
2687 5311 2949 5366 invidiam
2978 5328 3085 5367 non
3116 5329 3237 5369 esse
3268 5328 3392 5382 pro-

1827 5398 2051 5461 hibitum
2100 5390 2368 5459 Adamum
2407 5405 2473 5458 ab
2512 5418 2616 5457 una
2669 5418 2734 5459 ea
2782 5404 2978 5460 arbore
3011 5406 3144 5461 satis
3194 5403 3390 5474 arguit,

1825 5497 1970 5567 quod
1998 5507 2205 5554 czetcrai
2234 5511 2423 5553 omnes
2466 5495 2565 5565 ipsi
2611 5496 2733 5554 usui
2764 5496 3043 5568 permissae
3069 5496 3240 5556 luere.
3285 5492 3390 5547 Sed
