3982 6346
557 374 659 436 599
1821 355 2046 416 MOSIS
2090 355 2235 412 BAN
2274 350 2520 410 CEi’lIA
2980 378 2982 380 τ
3673 347 3770 410 θοο

551 498 620 537 eo
649 477 924 549 spectabat
953 476 1263 531 mandatum
1292 511 1307 535 ,
1337 478 1398 526 ut
1426 469 1490 524 de
1518 467 1648 522 Adae
1690 467 1952 534 obsequio
1977 463 2122 534 peri-
2151 471 2196 527 Α
2223 475 2386 530 quem
2403 453 3778 549 praeseiehatpeccaturum.Respondemus,minime

559 542 740 626 culum
767 570 821 623 in
847 582 952 622 una
977 567 1169 620 arbore
1201 563 1351 618 ﬁeret
1371 578 1386 628 ;
1409 573 1580 628 eoque
1606 559 1653 612 si
1681 558 2130 626 obtemperasset.
2233 549 2511 606 conditum
2534 561 2564 600 a
2593 548 2698 600 Deo
2717 561 2839 600 esse
2861 546 3124 600 Adamum
3149 553 3207 599 ut
3233 551 3482 614 peccaret
3501 542 3584 598 vel
3604 553 3663 597 ut
3685 559 3780 598 non

561 674 838 718 summum
875 657 1106 727 pretium
1141 653 1389 718 referret,
1429 665 1623 717 nempe
1651 659 1709 702 ut
1747 657 1940 716 posset
1961 644 2128 716 Evesci
2233 649 2504 710 peccaret,
2527 639 2642 693 sive
2663 636 2913 704 utjustus
2939 644 3213 698 essel,aut
3237 647 3293 690 ut
3313 635 3572 727 injustas,
3591 636 3681 688 sed
3700 650 3786 689 ae-

572 752 768 806 arbore
796 726 920 805 vitae
943 786 960 812 ,
989 755 1154 816 atque
1184 741 1506 800 immortalis
1537 740 1675 794 ﬁeri.
1715 737 1820 792 Sed
1854 737 1976 791 aliis
1999 751 2136 804 pra:-
2235 745 2343 800 que
2372 738 2430 783 ut
2459 729 2630 799 legem
2653 728 2966 816 observaret
2988 727 3072 816 vel
3098 736 3158 780 ut
3173 739 3283 779 non
3306 726 3644 816 observaret,
3663 738 3783 794 nam

566 851 715 896 terea
766 814 1082 893 rationibus
1118 847 1283 904 supra
1333 830 1712 892 ostendimus,
1750 827 1905 880 nihil
1941 825 2136 880 borum
2237 817 2285 874 si
2313 819 2508 872 borum
2542 817 2776 886 alicujus
2805 815 2976 904 gratia
3019 815 3175 868 illum
3221 814 3576 881 condidisset,
3603 829 3786 883 magna

568 947 665 1001 per
694 927 952 984 invidiam
980 941 1012 982 a
1044 925 1155 980 Deo
1179 903 1394 992 gestum
1423 934 1564 976 esse.
1767 969 1772 976 ,
1863 978 1866 980 γ
2242 921 2388 1001 sane
2423 919 2590 960 causa
2642 905 2746 1001 hoc
2781 903 2852 958 ab
2895 903 3002 958 illis
3029 912 3385 1001 quaereretur.2
3564 918 3663 1001 pro
3697 918 3784 958 sua

639 983 842 1075 lterum
899 1018 1065 1072 instat
1124 983 1350 1068 Ma‘netis
1417 1020 1597 1074 secta,
1655 1007 1908 1077 inquiens
1962 1021 1977 1058 :
2031 1003 2141 1075 Aut
2242 997 2508 1060 bonitate,
2559 997 2841 1068 gratiaque
2895 1010 3041 1050 mera
3094 995 3244 1050 illum
3309 983 3529 1056 eﬂ'ecit:
3577 995 3788 1064 haecque

565 1109 892 1178 prmsciebat
943 1106 1087 1161 Deus
1142 1103 1410 1157 Adamum
1463 1114 1571 1154 non
1615 1098 2142 1166 obtemperaturum,
2241 1090 2418 1160 prima
2452 1091 2561 1144 Deo
2592 1088 2740 1178 illius
2770 1087 2989 1142 creandi
3022 1100 3188 1178 causa
3240 1084 3341 1140 fuit
3372 1102 3390 1139 :
3412 1093 3606 1140 extera
3634 1098 3787 1178 porro

566 1173 667 1252 aut
697 1212 803 1251 non
848 1191 1164 1264 praesciebat
1198 1203 1322 1243 cum
1373 1189 1544 1255 legem
1582 1185 1770 1239 ferret.
1809 1181 1867 1236 Si
1919 1181 2022 1236 bne
2050 1181 2140 1234 de-
2245 1181 2358 1243 illa,
2395 1177 2716 1234 secundaria
2747 1177 3103 1232 existimanda
3129 1183 3278 1240 sunt,
3307 1182 3367 1228 ut
3397 1189 3519 1245 quae
3543 1189 3613 1229 ex
3633 1173 3792 1243 ipsius

571 1289 718 1344 deris
753 1303 769 1354 ;
801 1283 1094 1340 absurdum
1130 1289 1214 1334 est
1258 1297 1273 1334 :
1317 1277 1401 1333 sin
1441 1275 1572 1331 illud
1593 1313 1609 1338 ,
1639 1272 1909 1329 vecordia:
1949 1280 2032 1326 est
2059 1284 2144 1324 ar-
2244 1271 2374 1326 Ada
2407 1271 2636 1326 arbitrio
2669 1268 3062 1340 pependerint,
3093 1282 3216 1322 cum
3265 1266 3368 1322 hoc
3422 1279 3592 1336 penes
3627 1265 3790 1320 solum

572 1377 820 1446 gueudus
849 1375 1011 1429 Deus.
1045 1370 1158 1426 Nos
1190 1384 1321 1426 vero
1346 1366 1738 1436 respondemus
1762 1365 1907 1434 quod
1939 1375 2144 1431 nuper:
2247 1361 2558 1418 Creatorem
2581 1370 2743 1416 esset.
2774 1361 3112 1430 Quapropter
3134 1357 3316 1427 potius
3343 1357 3423 1412 sic
3454 1355 3530 1410 illi
3553 1368 3790 1426 quaerere

577 1464 920 1536 przescivisse
973 1461 1197 1531 quidem
1246 1458 1455 1522 Deum,
1511 1468 1623 1510 non
1678 1454 2025 1509 observatum
2079 1447 2148 1502 iri
2248 1453 2588 1518 debuerunt,
2623 1464 2722 1505 cur
2753 1449 3020 1505 creaverit
3064 1449 3331 1503 Adamum
3361 1446 3528 1531 Deus,
3561 1448 3634 1500 ita
3660 1446 3796 1501 enim

581 1551 899 1605 mandatum
929 1547 996 1603 ab
1020 1547 1232 1602 Adamo
1253 1585 1267 1609 ,
1301 1545 1353 1598 ill
1386 1553 1564 1598 tamen
1586 1557 1689 1597 cur
1711 1541 1891 1595 minus
1925 1537 2152 1592 manda-
2249 1555 2573 1611 responsum
2612 1541 2860 1595 tulissem
2895 1554 2910 1593 :
2950 1548 3168 1610 propter
3197 1551 3349 1593 suam
3376 1537 3550 1605 ipsi";
3573 1536 3802 1607 probi“.

588 1649 696 1706 ret,
720 1641 855 1696 nihil
878 1639 1174 1694 obstitisse.
1200 1635 1334 1701 Quis
1359 1635 1502 1689 enim
1531 1633 1757 1688 stultum
1782 1639 1938 1686 vocet
1957 1628 2151 1693 Deum,
2253 1639 2382 1688 tem.
2413 1630 2548 1686 Nam
2584 1630 2790 1699 reliqua
2820 1628 2911 1683 illa
2949 1641 3180 1698 peccare
3217 1636 3312 1682 aut
3339 1641 3446 1680 non
3479 1639 3726 1696 peccare,
3754 1632 3802 1680 et

582 1734 714 1801 quia
771 1729 980 1799 legibus
1034 1727 1207 1782 vetuit
1239 1739 1488 1796 peccare,
1533 1737 1656 1777 cum
1701 1721 1866 1776 sciret
1891 1719 2154 1788 plurimus
2195 1748 2202 1754 -
2253 1737 2374 1793 qua
2411 1721 2748 1776 addebantur
2783 1729 3016 1786 cetera;
3049 1733 3118 1773 ex
3156 1717 3284 1772 Ad;
3313 1717 3481 1772 libera
3509 1715 3804 1786 pendebat

583 1825 703 1874 l'ure
734 1819 828 1888 qui
855 1827 1042 1873 essent
1072 1804 1381 1888 peccaturi?
1406 1813 1551 1870 Sane
1580 1813 1628 1868 si
1656 1811 1837 1866 nullas
1867 1810 2011 1878 leges
2031 1822 2160 1862 con-
2191 1824 2235 1878 Β
2260 1815 2555 1869 voluntate.
2614 1810 2738 1867 Huc
2779 1811 3028 1866 addimus
3059 1810 3220 1865 etiam
3278 1809 3410 1864 illud
3456 1823 3474 1862 :
3520 1807 3722 1876 Deum,
3752 1815 3804 1861 ut

583 1912 831 1975 didisset,
873 1917 967 1963 aut
992 1909 1125 1962 nihil
1157 1907 1567 1976 imperavisset,
1602 1917 1778 1972 neque
1805 1916 1970 1972 penes
2003 1900 2154 1954 illum
2256 1904 2530 1975 pmscivit
2570 1912 2917 1972 peccat-rum
2945 1901 3211 1958 Adamum
3241 1899 3628 1970 lapsurumque
3661 1898 3804 1968 prius

584 2000 1032 2062 dominationem,
1065 2009 1239 2064 neque
1275 2009 1438 2063 penes
1468 2008 1568 2046 nos
1603 1992 1812 2046 arbitrii
1851 1990 2156 2044 libertatem
2257 2011 2422 2066 quam
2466 1995 2756 2060 conderet;
2797 1994 2871 2048 ita
2928 1992 3266 2063 praescivisse
3292 1981 3526 2070 ‘quoque
3577 2004 3638 2044 se
3682 1990 3804 2044 olim

581 2105 744 2154 esse,
808 2088 1064 2142 rescitum
1136 2094 1301 2142 esset.
1359 2082 1834 2138 Verumenimvero
1885 2080 1978 2135 ille
2033 2095 2157 2134 cum
2258 2078 3807 2152 venturum,redempturumqneillumapeccatoinquod

581 2175 860 2248 praescirct
900 2182 1099 2228 cuncta
1133 2186 1254 2243 quas
1285 2180 1544 2226 eventura
1575 2177 1783 2231 essent,
1823 2166 1966 2236 leges
2000 2164 2159 2220 nobis

588 2267 736 2322 dedit
767 2279 866 2320 ceu
900 2263 1087 2318 liberis
1110 2271 1165 2318 et
1185 2262 1359 2316 libero
1386 2259 1610 2315 arbitrio
1639 2257 1876 2328 praeditis
1895 2297 1911 2322 ,
1935 2265 1993 2310 ut
2014 2255 2161 2325 quod

587 2358 780 2410 liberet
811 2355 869 2408 id
900 2367 1206 2424 ageremus.
1236 2348 1348 2405 Nos
1377 2365 1502 2404 vero
1531 2362 1634 2417 pro
1667 2357 1764 2402 ειη
1798 2347 2032 2416 quisque
2063 2359 2158 2399 vo-

589 2449 798 2500 luntate
827 2454 882 2498 et
909 2442 1121 2497 arbitrii
1161 2441 1408 2494 libertate
1432 2477 1448 2503 ,
1484 2453 1610 2508 erga
1637 2437 1783 2506 leges
1809 2476 1824 2502 ,
1850 2446 1945 2490 aut
1977 2436 2164 2491 obser-

596 2536 772 2590 vando
808 2550 904 2590 eas
931 2520 1028 2588 aut
1075 2533 1374 2600 frangendo
1399 2569 1414 2596 ,
1448 2541 1660 2584 nosmet
1689 2530 1947 2599 gerimus.
1978 2525 2163 2596 Neque

584 2627 746 2681 aliter
771 2639 989 2696 quoque
1034 2623 1158 2679 eum
1193 2623 1398 2676 Adamo
1431 2628 1610 2695 actum
1644 2628 1764 2685 est;
1802 2633 1968 2688 penes
2005 2619 2159 2672 illum

587 2719 735 2770 enim
767 2724 884 2770 erat
927 2722 982 2769 et
1008 2714 1168 2768 edere
1206 2722 1260 2767 ct
1301 2726 1407 2764 non
1442 2710 1602 2764 edere
1633 2710 1700 2764 de
1739 2709 1934 2764 arbore
1960 2709 2159 2772 vetita;

591 2817 758 2875 atque
785 2804 831 2859 si
855 2819 962 2858 non
979 2795 1207 2868 edisset,
1232 2818 1298 2856 ex
1324 2801 1494 2871 gratia
1518 2800 1840 2854 immortalis
1869 2798 2160 2862 evasisset;

586 2907 942 2967 posteaquam
991 2909 1119 2947 vero
1148 2893 1280 2957 edit,
1318 2899 1567 2944 mortuus
1606 2898 1710 2943 est.
1740 2889 1836 2943 llis
1868 2890 2051 2958 itaque
2076 2904 2166 2942 ar-

588 2983 874 3053 gumenlis
900 2983 1152 3052 colligere
1173 2993 1277 3048 est,
1309 2995 1487 3050 neque
1516 2980 1654 3034 male
1680 2987 1851 3034 satam
1883 2977 2054 3034 fuisse
2077 2992 2167 3032 ar-

594 3080 780 3127 borem
839 3073 1085 3127 scientia:
1115 3073 1184 3126 ab
1232 3071 1405 3136 initio,
1436 3085 1610 3140 neque
1646 3068 1854 3124 Adamo
1900 3069 2166 3123 invidiose

591 3161 682 3213 illa
714 3161 1064 3216 interdictum
1096 3175 1218 3216 esse
1251 3177 1264 3214 :
1300 3176 1368 3214 ne
1401 3161 1495 3214 illo
1537 3159 1753 3214 mittant
1790 3160 1998 3228 linguas
2038 3172 2168 3214 suas
2192 3145 2236 3205 α

595 3249 828 3306 Manetis
853 3249 1094 3314 asseclaz,
1121 3249 1211 3305 Dei
1241 3250 1446 3317 hostes,
1475 3249 1602 3304 dum
1629 3264 1728 3319 pro
1751 3250 1958 3304 duabus
1981 3263 2164 3304 rerum

596 3341 784 3393 causis
802 3341 1112 3404 astruendis
1134 3340 1519 3394 contendentes
1541 3340 1794 3411 (quarum
1817 3340 1983 3395 altera
2003 3342 2166 3404 bona,

607 3429 747 3482 mala
783 3433 947 3482 altera
997 3428 1090 3498 sit)
1139 3428 1445 3483 istiusmodi
1479 3429 1818 3498 argumentis
1866 3443 1967 3483 nos
1999 3429 2167 3484 laces-

599 3527 758 3584 sunt,
808 3519 900 3588 qui
939 3517 1313 3580 unungeum
1348 3519 1670 3588 proﬁtemur
1700 3536 1713 3573 :
1748 3520 1816 3584 si,
1847 3519 2170 3588 inquientes,

599 3609 738 3662 mala
767 3616 887 3663 erat
932 3607 1113 3673 arbor,
1149 3621 1248 3662 cur
1283 3622 1402 3662 eam
1443 3608 1579 3663 sevit
1618 3608 1760 3662 Deus
1794 3611 1847 3662 in
1892 3610 2166 3679 paradiso,

604 3714 725 3767 quae
757 3699 964 3752 Adanio
999 3699 1212 3752 ruinam
1243 3706 1389 3753 esset
1419 3697 1666 3753 illatura?
1699 3700 1793 3752 Sin
1824 3701 1986 3767 bona,
2015 3715 2171 3769 pror-

601 3803 699 3843 sus
723 3803 818 3858 per
843 3789 1101 3842 invidiam
1125 3789 1466 3858 prohibuerit
1495 3789 1644 3842 illum
1673 3804 1893 3845 necesse
1923 3803 2028 3846 est.

1151 3896 1423 3952 CAPUT
1481 3899 1590 3954 ΙΙΙ.

596 3992 795 4060 ϐοιιιεα
818 3991 1028 4046 Iuliani
1055 3995 1353 4060 Apostatw,
1381 3992 1446 4045 de
1467 3995 1652 4045 arbore
1683 3993 1823 4056 vitaz,
1852 3993 2170 4050 calumnias.

675 4081 856 4136 Satius
891 4083 1079 4137 fuisset
1105 4122 1120 4146 ,
1149 4084 1224 4137 ait
1271 4080 1521 4137 Julianus
1541 4121 1558 4146 ,
1586 4083 1836 4138 arborem
1863 4084 2009 4138 illam
2035 4086 2172 4139 veti-

600 4183 707 4225 tam
729 4211 743 4236 ,
777 4182 870 4226 aut
898 4173 952 4227 in
987 4174 1185 4243 angulo
1217 4173 1454 4242 paradisi
1485 4181 1580 4227 aut
1609 4175 1725 4228 loco
1757 4175 1942 4244 aliquo
1969 4177 2173 4231 obscu-

603 4262 749 4317 riore
790 4252 1042 4328 exstare;
1093 4279 1160 4317 ne
1187 4263 1317 4317 dum
1372 4274 1632 4334 perpetuo
1675 4265 1745 4319 ob
1775 4265 1963 4320 oculos
1993 4274 2172 4332 esset,

609 4352 836 4406 nimium
865 4354 948 4406 sui
973 4353 1306 4408 desiderium
1335 4356 1388 4408 iu
1415 4355 1613 4410 animis
1645 4367 1930 4424 parentum
1963 4366 2176 4412 nostro-

2259 2172 2562 2237 incidisset,
2594 2172 2878 2241 ipsiusque
2904 2178 3226 2226 vetustatem
3254 2170 3712 2232 instauraturum,
3737 2176 3810 2221 at.

2259 2279 2366 2335 que
2413 2265 2714 2332 collapsum
2749 2261 3190 2328 sublevaturum;
3219 2271 3278 2316 ut
3305 2275 3371 2315 eo
3405 2246 3595 2317 minus.
3618 2259 3808 2315 miram

2263 2353 2697 2424 videri‘dcbeatj,
2726 2354 2772 2409 si
2805 2354 3008 2408 creavit
3037 2366 3198 2423 quem
3233 2351 3395 2422 paulo
3418 2360 3540 2421 post
3565 2360 3812 2422 peccatu-

2262 2459 2382 2498 rum
2434 2446 2734 2513 prmseiret.
2788 2443 2991 2498 Adbac
3052 2441 3159 2498 nisi
3219 2449 3462 2498 creasset
3514 2439 3658 2510 quod
3714 2455 3812 2496 non

2262 2534 2542 2587 nesciebat
2622 2543 2942 2602 peccaturos
2975 2570 2992 2597 ,
3041 2529 3246 2587 frustra
3314 2531 3536 2588 creandi
3597 2547 3813 2602 operam

2261 2624 2626 2692 sumpsisset;
2664 2623 2866 2692 quippe
2896 2622 2990 2691 qui
3021 2636 3122 2676 nec
3148 2621 3523 2691 blasphemum
3554 2620 3608 2676 in
3637 2630 3817 2675 ventre
3848 2665 3850 2668 μ

2263 2713 2455 2767 matris
2487 2728 2599 2766 suae
2641 2711 2884 2767 ﬁnxisset
2904 2749 2920 2774 ,
2953 2726 3129 2782 neque
3163 2711 3462 2781 hypocrita:
3490 2711 3818 2782 permisisset

2265 2813 2326 2859 ut
2350 2805 2623 2873 aspiceret
2658 2803 2860 2858 lumen.
2908 2802 3150 2872 Denique
3176 2817 3242 2858 eo
3281 2802 3709 2856 luculentissime
3731 2801 3817 2858 Dei

2265 2892 2508 2958 probitas
2539 2901 2592 2946 et
2617 2892 2786 2960 gratia
2811 2898 3070 2960 apparet,
3103 2890 3242 2960 quod
3273 2904 3411 2960 quos
3439 2890 3542 2945 sibi
3564 2905 3694 2944 non
3730 2891 3820 2944 ob—

2267 2990 2664 3047 temperaturos
2688 2982 2858 3043 novit.
2879 2995 2971 3034 eos
2991 2980 3312 3050 progignere
3340 2994 3445 3034 non
3477 2981 3816 3050 dedignatur.

2265 3071 2401 3125 Nam
2443 3072 2589 3126 solos
2622 3072 2921 3140 morigeros
2943 3111 2960 3135 ,
2990 3085 3086 3124 sua
3117 3085 3280 3125 causa
3299 3108 3316 3137 ,
3349 3070 3450 3125 hoc
3475 3081 3558 3126 est
3579 3111 3596 3137 ,
3629 3083 3690 3126 ut
3715 3089 3820 3126 sua:

2269 3163 2530 3216 voluntati
2555 3161 2891 3230 imperioque
2914 3160 3366 3226 obsecundarent,
3391 3170 3444 3216 et
3471 3160 3573 3216 sibi
3605 3171 3816 3232 gratum

2270 3254 2530 3320 facerent,
2546 3252 2798 3324 genuisse
2821 3251 2984 3306 videri
3003 3262 3213 3322 poterat
3233 3267 3246 3305 :
3268 3259 3324 3305 at
3346 3252 3566 3320 quando
3585 3253 3702 3322 jam
3728 3268 3820 3322 pro

2269 3361 2368 3400 sua
2395 3345 2653 3407 bonitate,
2683 3351 2737 3396 et
2761 3343 2934 3396 bonos
2957 3350 3099 3396 creat
3133 3352 3187 3396 et
3215 3342 3408 3406 malos,
3442 3357 3547 3396 non
3577 3343 3820 3413 ignarus,

2269 3435 2468 3491 alteros
2489 3449 2583 3504 per
2605 3433 2879 3498 virtutem,
2909 3445 3002 3501 per
3032 3431 3453 3500 improbitatem,
3480 3432 3681 3488 alteros
3701 3443 3823 3488 cta-

2270 3534 2377 3581 tem
2408 3534 2625 3581 acturos
2657 3522 3128 3594 (quemadmodum
3159 3522 3320 3576 etiam
3354 3523 3486 3577 solis
3506 3525 3593 3577 sui
3621 3524 3820 3586 lumen,
3881 3520 3883 3522 ’

2267 3619 2420 3689 juxta
2482 3616 2640 3672 bonis
2684 3625 2738 3670 et
2786 3614 2946 3670 malis
2993 3614 3252 3684 impertit,
3274 3621 3329 3668 et
3378 3598 3614 3683 pluviam
3663 3615 3821 3684 justi:

2274 3709 2596 3778 injustisque
2616 3709 2660 3777 ³)
2689 3705 2989 3762 clarissima
3019 3703 3264 3775 profecto
3289 3705 3467 3760 evadit
3492 3704 3666 3774 ipsius
3703 3721 3822 3774 pro-

2274 3799 2414 3854 bitas
2459 3807 2622 3867 atque
2669 3796 2974 3866 benignitas
3005 3810 3126 3864 quae
3153 3793 3372 3865 profuse
3398 3793 3664 3860 deﬂuens,
3711 3794 3823 3848 uni-

2273 3905 2429 3946 versa
2452 3890 2817 3960 amplectitur.
2849 3887 3049 3943 Verum
3076 3887 3218 3943 hanc
3243 3887 3594 3969 quastionem
3623 3888 3819 3942 dissol-

2271 3981 2447 4036 vimus
2480 3995 2699 4050 quoque
2745 3980 2798 4033 in
2845 3987 3031 4034 nostra
3081 3978 3526 4048 interpretatione
3575 3977 3818 4049 quamiu

2273 4070 2382 4126 divi
2422 4069 2658 4125 Matthxi
2693 4068 3036 4142 Evangelium
3074 4067 3322 4124 fecimus.

2827 4154 3104 4211 CAPUT
3156 4153 3223 4210 ν.

2331 4297 2339 4304 .
2429 4248 2667 4304 Mortalis
2692 4263 2758 4301 an
2789 4247 3109 4300 inlmortclis
3142 4255 3349 4301 creatus
3377 4247 3446 4302 sit
3472 4248 3673 4303 Adam.

2347 4340 2606 4408 Quaerunt
2631 4339 2744 4401 alii,
2767 4338 3120 4392 mortalemne
3143 4346 3360 4405 natura,
3379 4353 3446 4392 an
3471 4339 3822 4394 immortalem

604 4459 723 4496 rum
755 4444 1039 4497 excitaret.
1070 4442 1207 4498 lluic
1239 4445 1526 4514 respondet
1558 4445 1619 4498 ι).
1648 4445 1902 4515 Cyrillus,
1928 4449 2168 4502 oratione

2274 4433 2525 4504 genuerit
2563 4429 2702 4486 Deus
2733 4429 3021 4484 Adamum.
3068 4428 3172 4515 Sed
3203 4429 3469 4498 principio
3520 4430 3824 4499 expenden-

600 4537 758 4589 tertia
789 4552 952 4605 quam
979 4537 1238 4592 adversus
1262 4511 1386 4592 cum
1416 4511 1762 4609 conscripsit,
1791 4539 1847 4594 in
1874 4543 2015 4594 hanc
2039 4556 2166 4596 sen-
2199 4511 2246 4566 θ
2275 4527 2399 4576 dum
2433 4522 2518 4576 hic
2543 4530 2644 4586 εει»
2685 4521 2816 4590 (Ιίίά
2855 4519 2954 4574 Si“
2987 4511 3117 4572 ί¹¹υδ
3155 4518 3299 4584 vel":
3341 4517 3607 4609 {manium
3641 4527 3822 4609 "3‘9"

597 4627 822 4680 tentiam
859 4645 872 4681 :
909 4626 1102 4683 Studio
1127 4628 1400 4684 Creatoris
1440 4606 1650 4684 factum
1667 4641 1770 4694 est,
1798 4646 1866 4685 ne
1891 4631 2055 4688 arbor
2081 4631 2171 4685 illa
2270 4611 2554 4667 mortalem
2590 4625 2715 4666 ⁸⁵³⁸
2751 4617 2926 4663 ("tum
2953 4623 2966 4672 ἶ
2998 4615 3274 4709 ευθθξείῗξδ
3300 4607 3365 4659 ad
3404 4606 3823 4709 “"iversa“'_i!"

601 4809 954 4873 spectatores,
983 4807 1098 4873 ipsa
1129 4807 1338 4863 arboris
1370 4810 1704 4879 aspectione,
1733 4812 2044 4866 mandatum
2076 4812 2168 4866 Dei

599 4904 758 4962 atque
809 4896 978 4964 legem
1031 4896 1084 4949 in
1123 4898 1438 4951 memoriam
1492 4911 1853 4966 revocarent,
1902 4909 1957 4955 et
2008 4902 2170 4956 simul

606 4985 815 5037 Domini
849 4987 934 5040 sui
965 4987 1058 5056 qui
1088 4988 1255 5057 legent
1291 4988 1506 5051 tulerat,
1538 4990 1953 5046 recordarentur
1994 5013 2006 5047 :
2035 5009 2171 5061 quo-

599 5089 717 5126 rum
768 5089 946 5128 rerum
991 5077 1187 5132 oblivio
1226 5079 1358 5147 ipsis
1407 5077 1566 5134 facile
1606 5081 1872 5148 potuisset
1907 5084 2169 5154 obrepere

599 5166 645 5215 si
679 5164 730 5217 in
762 5165 965 5232 angulo
994 5169 1246 5236 quopiam
1273 5169 1510 5237 paradisi
1545 5169 1636 5224 illa
1669 5179 1786 5225 sata
1813 5171 2028 5228 fuisset.

2276 4795 2508 4848 inditum
2540 4792 2710 4846 fuisse
2735 4799 2795 4842 ut
2823 4789 3002 4843 anima
3032 4787 3357 4842 dissocietur
3386 4801 3415 4839 a
3442 4799 3690 4854 corpore,
3716 4799 3822 4855 quae

2271 4884 2562 4953 disjunctio
2602 4895 2748 4934 mors
2791 4879 2861 4932 sit
2891 4894 2906 4934 :
2941 4894 3008 4932 an
3040 4893 3168 4932 vero
3199 4875 3503 4931 mortalitas
3534 4876 3600 4930 ad
3632 4891 3821 4945 corpus

2269 4975 2448 5032 solum
2489 4972 2780 5034 referatur,
2808 4978 2867 5022 ut
2893 4969 3019 5023 huic
3049 4966 3295 5021 naturale
3325 4964 3498 5021 fuisse
3532 4976 3819 5029 statuatur,

2271 5065 2495 5122 interire
2547 5072 2710 5130 atque
2760 5059 3026 5113 occidere.
3060 5055 3470 5124 Respondemus
3515 5055 3698 5126 igitur,
3730 5069 3819 5109 nos

2263 5134 2470 5225 corpus
2528 5153 2705 5207 solum
2744 5159 2986 5220 spectare
3011 5187 3027 5212 ,
3065 5161 3187 5200 cum
3240 5147 3472 5200 dicimus
3497 5185 3512 5210 ,
3561 5149 3815 5202 Adamum

2273 5259 2468 5301 natura
2524 5243 2806 5297 mortalem
2861 5240 3030 5294 fuisse
3077 5247 3317 5292 creatum
3359 5255 3372 5291 :
3407 5237 3514 5292 hoc
3568 5240 3712 5294 enim
3755 5242 3817 5289 ita

1165 5278 1445 5333 CAPUT
1504 5279 1634 5334 IV.»

601 5361 895 5440 Sequuntur
929 5367 1277 5440 quwslionea,
1311 5386 1426 5435 qua:
1455 5387 1485 5422 a
1527 5373 1706 5424 multis
1754 5375 1924 5440 quwri
1953 5375 2160 5430 solent:

675 5448 734 5482 ac
790 5435 1034 5514 primum,
1087 5453 1180 5488 cur
1210 5436 1364 5514 Deus
1415 5444 1660 5493 creaverit
1711 5435 2166 5514 Adamum,quem

673 5511 1004 5564 peccaturum
1032 5507 1361 5572 pra'sciebat.

675 5589 938 5651 Qntcrunt
974 5597 1232 5658 nonnulli,
1268 5610 1363 5651 cur
1391 5599 1656 5651 creaverit
1690 5601 1954 5657 Adamum
1987 5602 2128 5659 Deus
2150 5645 2162 5666 ,

674 5685 692 5712 ‘
716 5680 905 5739 Matth.
944 5701 992 5750 v,
1026 5685 1110 5739 i3.

2272 5336 2633 5406 compositum
2668 5333 2787 5398 fuit,
2819 5341 2880 5385 ut
2927 5337 3116 5398 suapte
3163 5339 3375 5394 natura,
3408 5330 3670 5399 passioni,
3703 5342 3817 5383 cor-

2274 5427 2530 5496 ruptioni,
2567 5426 2725 5480 morti
2756 5421 2989 5490 denique
3021 5429 3163 5474 esset
3195 5420 3502 5490 subjectum
3535 5428 3698 5490 atque
3727 5433 3816 5486 op-

2271 5527 2585 5587 portunum.
2626 5517 2848 5573 Interim
2879 5527 2908 5564 a
2955 5526 3178 5581 corpore
3204 5513 3270 5566 ad
3316 5520 3492 5566 totum
3522 5511 3624 5565 hoc
3654 5521 3820 5563 trans-

2270 5607 2479 5670 fertur,
2532 5609 2876 5673 dicimusque
2945 5600 3214 5657 hominem
3287 5607 3477 5654 natura
3549 5598 3816 5654 mortalem
