3982 6346
88 371 172 433 btll
1167 365 1265 425 DE
1306 314 1706 424 PARADISO.
1745 382 1805 398 -
1858 359 2052 419 PARS
2085 357 2200 418 III.

3195 355 3298 419 002

86 500 192 543 esse
246 489 459 544 natum;
498 490 622 534 nam
677 474 732 529 in
785 471 948 530 rebus
994 473 1316 544 compositis
1369 472 1443 526 ita
1501 471 1618 526 ﬁeri
1648 476 1693 532 Α
1723 478 1895 526 stunt.
1933 469 2121 532 Nono,
2158 483 2188 523 a
2227 467 2385 524 nobis
2433 475 2580 524 stant
2623 469 2885 527 doctores
2905 463 3142 534 classici.
3175 489 3302 542 pro-

87 573 264 631 assolet
283 580 346 623 ιιι
387 568 533 637 quod
569 564 740 635 partis
769 574 856 621 est
889 564 1054 617 unius
1077 601 1094 629 ,
1132 562 1232 616 toti
1265 561 1616 616 attribuatur.

87 666 210 721 Sunt
237 671 405 714 tamen
436 657 527 726 qui
557 664 778 726 negent,
814 654 1082 708 Adamum
1112 661 1302 706 natura
1331 651 1618 705 mortalem

87 768 193 809 esse
235 756 605 820 procreatum;
637 755 764 801 sunt
791 747 957 800 etiam
987 745 1080 814 qui
1114 743 1398 798 mortalem
1430 751 1482 796 et
1518 743 1622 794 im-

86 843 336 900 mortalem
369 846 561 894 natura
590 838 838 893 en‘ectum
861 853 982 892 esse
1010 836 1212 902 velint;
1243 845 1371 890 sunt
1390 834 1624 903 denique

87 934 167 1002 qui
220 943 386 999 neque
445 928 731 982 mortalem
784 941 956 996 neque
1009 926 1372 979 immortalem
1427 935 1618 977 natura

87 1021 334 1078 conditum
371 1018 662 1074 afllrmeut.
706 1017 811 1084 Qui
856 1024 1056 1088 negant
1102 1016 1380 1070 mortalem
1427 1023 1622 1068 natura

84 1119 300 1167 creatum
331 1125 358 1162 a
389 1109 497 1164 Deo
525 1124 646 1165 esse
670 1148 687 1176 ,
717 1109 924 1172 dicunt,
960 1107 1123 1162 morti
1153 1107 1448 1161 obnoxium
1497 1119 1622 1159 esse

85 1199 264 1258 facium
315 1216 412 1275 per
454 1201 692 1254 divinam
738 1200 1061 1254 sententiam
1099 1212 1207 1267 qua
1239 1200 1306 1251 ob
1341 1204 1621 1265 peccatum

87 1302 161 1349 cst
189 1300 352 1348 morte
374 1295 662 1348 damnatus
688 1309 703 1346 :
731 1300 891 1361 atque
922 1290 973 1344 id
1000 1298 1280 1359 peccatum
1317 1287 1394 1341 illi
1428 1287 1619 1363 mortis

81 1393 280 1439 causam
322 1383 492 1438 fuisse
536 1383 837 1436 secundum
873 1381 961 1436 illa
1003 1379 1106 1450 Dei
1128 1379 1290 1434 verba
1329 1394 1344 1432 :
1377 1375 1495 1442 Quo
1533 1377 1619 1430 die

82 1475 230 1530 aderis
256 1475 319 1529 de
349 1474 446 1528 illa
477 1473 664 1527 arbore
683 1514 699 1540 ,
731 1482 897 1527 morte
939 1471 1204 1534 morieris.
1237 1469 1404 1524 Alteri
1432 1510 1447 1534 ,
1481 1483 1622 1537 quos

81 1564 298 1619 diximus
329 1564 614 1636 mortalem
648 1574 810 1633 atque
840 1562 1204 1618 immortalem
1240 1554 1436 1617 natura
1466 1561 1619 1615 illum

80 1655 242 1709 facere
269 1671 286 1708 :
312 1656 417 1710 hoc
447 1657 514 1710 ad
540 1655 802 1718 animum,
835 1655 978 1711 istud
1009 1655 1076 1710 ad
1124 1670 1323 1724 corpus
1353 1655 1616 1709 referunt.

82 1744 232 1800 Tertii
259 1744 491 1815 denique
514 1745 605 1814 qui
648 1753 900 1814 utraque,
930 1752 984 1799 et
1014 1745 1397 1799 mortalitatem
1429 1752 1478 1797 et
1514 1743 1614 1796 im-

1725 568 1969 632 bateque
2009 563 2152 618 fidei.
2180 561 2319 617 Nam
2373 562 2630 619 dominus
2658 562 2919 626 Joannes,
2954 580 3016 620 ea
3050 566 3298 620 oratione

1730 668 1894 722 quam
1957 653 2022 706 ad
2088 652 2360 723 Sta'grium
2401 653 2727 708 monachum
2783 653 3004 724 scripsit
3045 653 3183 726 (5i),
3217 657 3298 710 sic

1724 741 1889 800 habet
1922 759 1936 797 :
1970 742 2227 796 Nondum
2259 751 2460 798 certam
2487 743 2715 797 habebat
2737 745 2977 800 Adamus
3007 744 3294 798 immorta-

1723 833 1890 889 litatis
1944 849 2117 903 spem.
2152 835 2217 888 Et
2264 851 2458 905 rursus
2500 835 2746 889 oratione
2791 851 2952 904 quam
2991 837 3059 892 de
3103 835 3300 890 arbore

1728 922 1974 976 scientiae
2006 921 2130 975 boni
2176 932 2231 976 et
2259 923 2385 975 mali
2418 921 2726 990 composuit
2754 939 2770 978 :
2799 923 2992 976 Anima
3018 962 3035 988 ,
3075 924 3289 994 inquit,

1725 1021 1920 1066 natura
1970 1013 2294 1066 immortalis
2322 1021 2405 1066 est
2429 1051 2446 1076 ,
2482 1023 2536 1066 at
2573 1013 2802 1067 mortale
2838 1021 3035 1066 natura
3064 1029 3288 1084 corpus.

1726 1103 1810 1156 Ad
1842 1103 1935 1156 ubi
1966 1103 2068 1156 tria
2103 1103 2268 1157 verba
2299 1103 2530 1170 explicat
2573 1105 2667 1172 qui
2705 1105 2758 1156 in
2789 1103 2930 1157 libro
2956 1101 3061 1157 Job
3084 1105 3284 1172 scripta

1724 1200 1940 1245 exstant
1969 1210 1983 1245 :
2015 1191 2118 1256 Qui
2142 1208 2321 1246 servus
2360 1203 2436 1246 est
2471 1207 2570 1246 non
2603 1193 2778 1262 ﬁdelis
2802 1193 2938 1263 (32),
2975 1194 3055 1248 sic
3080 1194 3158 1248 ait
3188 1209 3203 1247 :
3236 1194 3293 1249 Si

1726 1284 1890 1337 homo
1915 1298 2038 1337 cum
2068 1283 2526 1338 immortali;atem
2551 1295 2742 1353 suapte
2770 1294 2965 1338 natura
2996 1299 3103 1344 non
3130 1285 3296 1338 liabe-

1724 1383 1852 1440 ret,
1903 1374 2144 1428 cervices
2178 1374 2442 1442 iactavit,
2473 1375 2601 1445 quid
2632 1391 2738 1429 non
2782 1375 3019 1440 fecisset,
3055 1375 3101 1430 si
3146 1376 3292 1428 illam

1727 1464 2041 1520 habuisset?
2087 1465 2417 1520 Athanasius
2454 1479 2710 1535 quoque,
2762 1467 3006 1519 oratidne
3042 1465 3111 1520 de
3159 1475 3286 1519 ortu

1723 1558 2016 1628 corporali,
2037 1558 2230 1613 scribit
2260 1555 2434 1614 fuisse
2452 1557 2728 1612 hominem
2759 1567 2955 1613 natura
2985 1557 3295 1623 mortalem,

1723 1650 1908 1718 utqui
1964 1664 2032 1704 ex
2071 1648 2234 1704 rebus
2283 1647 2635 1704 ﬂuxis’esset
2689 1647 2995 1718 colligatus.
3047 1647 3295 1716 Denique

1723 1739 1980 1808 Cyrillus,
2019 1739 2266 1793 oratione
2307 1750 2500 1793 octava
2549 1738 2808 1793 adversus
2863 1738 3090 1806 impium
3117 1737 3298 1792 Julia-

80 1811 448 1889 mortalitatem
474 1871 490 1898 ,
524 1811 718 1887 natura
744 1873 762 1895 .
791 1811 869 1887 illi
905 1834 1141 1904 ingenita
1179 1833 1352 1887 fuisse
1397 1839 1616 1900 negant,
1652 1811 1694 1865 Β
1728 1843 1882 1891 num,
1910 1828 1963 1882 in
1991 1827 2144 1881 hunc
2167 1828 2389 1881 modum
2421 1828 2708 1896 loquitur:
2738 1827 2877 1881 Cum
2906 1827 3087 1880 Adam
3106 1834 3298 1881 contra

79 1926 395 1980 arbitrantur
432 1924 608 1979 media
655 1923 970 1979 conditione
1000 1933 1178 1980 ortum
1226 1923 1394 1978 fuisse
1419 1963 1434 1988 ,
1481 1931 1541 1978 ut
1577 1923 1624 1978 si

77 2012 276 2081 corpori
313 2010 529 2066 deditus
571 2010 734 2064 vitam
769 2011 1036 2078 agitaret,
1073 2009 1323 2064 mortalis
1356 2028 1370 2064 :
1400 2009 1483 2064 sin
1512 2009 1628 2062 ani-

80 2116 170 2155 ma:
195 2115 302 2154 suae
317 2100 587 2170 praeclara
623 2098 802 2154 studia
827 2107 1126 2154 sectaretur
1148 2097 1486 2166 coleretque,
1519 2100 1626 2150 im-

80 2190 306 2267 mortalis
351 2189 623 2244 evaderet.
668 2189 776 2244 Nos
825 2178 1316 2252 vero'statuimus,
1356 2189 1626 2241 Adamum

79 2288 256 2334 natura
283 2277 566 2333 mortalem
594 2292 714 2348 esse
745 2277 1084 2348 progenitum
1108 2316 1122 2340 ,
1155 2277 1316 2346 idque
1345 2277 1428 2330 bis
1465 2276 1623 2329 colli-

79 2370 241 2439 gimus
280 2350 640 2440 argumentis.
669 2367 853 2422 Primo
873 2405 888 2433 ,
927 2367 1261 2436 compositus
1289 2375 1376 2421 est
1403 2381 1466 2420 ex
1501 2367 1624 2434 pul-

78 2477 190 2516 vere
217 2469 275 2516 ut
309 2461 567 2525 materia;
602 2459 654 2514 id
689 2474 817 2513 vero
848 2459 995 2528 quod
1025 2473 1090 2512 ex
1138 2459 1362 2528 pulvere
1409 2457 1628 2512 confer-

79 2558 268 2603 malum
310 2530 613 2619 ilct'umque
637 2557 721 2604 est
751 2548 980 2602 mortale
1015 2563 1136 2602 esse
1169 2556 1362 2616 suapte
1407 2557 1626 2608 natura,

79 2650 268 2694 certum
302 2647 410 2694 est.
437 2638 710 2704 Secundo,
739 2638 864 2708 quia
896 2652 1019 2692 cum
1049 2638 1220 2691 virilis
1255 2651 1319 2690 ac
1349 2637 1629 2700 muliebris

79 2739 228 2779 sexus
265 2724 585 2780 discrimine
621 2721 872 2778 conditus
922 2731 1007 2777 est
1054 2738 1070 2775 :
1120 2721 1264 2790 quod
1306 2721 1630 2774 mortalibus

77 2815 355 2886 congruit,
396 2813 796 2868 immortalibus
837 2828 1204 2883 nequaquam.
1238 2811 1426 2866 Tertio
1451 2851 1467 2878 ,
1491 2811 1627 2880 'quia

77 2913 390 2975 procreatus‘
411 2915 496 2960 est
517 2921 640 2960 cum
675 2906 849 2960 oculis
881 2906 972 2973 qui
1007 2918 1189 2959 escam
1221 2909 1555 2971 appeterent,
1577 2908 1630 2954 et

80 2998 314 3053 manibus
356 3011 497 3067 quas
536 2995 684 3050 illius
735 2995 984 3052 sumendi
1038 2995 1212 3063 gratia
1258 2992 1624 3062 protenderet,

76 3085 292 3155 denique
313 3100 440 3140 cum
468 3086 611 3140 vasis
635 3100 755 3154 qua:
781 3085 1094 3138 alimentum
1119 3085 1428 3152 exciperent
1453 3081 1630 3136 contis

70 3185 362 3245 'nereutque
396 3192 412 3228 :
445 3175 560 3230 brae
608 3176 753 3230 enim
803 3174 869 3229 iis
917 3162 1078 3227 modi)
1125 3172 1324 3242 quibus
1378 3169 1628 3224 mortalis

67 3250 256 3323 natura
298 3266 532 3336 obtigit,
595 3266 715 3321 usui
762 3280 882 3322 esse
934 3273 1183 3334 possunt,
1223 3261 1624 3317 immortalibus

85 3356 276 3410 frustra
323 3357 545 3410 dentur.
589 3353 815 3420 Quarto,
863 3362 1072 3407 caetera:
1118 3367 1205 3406 res
1245 3366 1383 3420 quas
1430 3349 1625 3404 Adami

76 3446 238 3515 gratia
285 3446 544 3502 condidis
576 3445 753 3510 Deus,
789 3444 923 3500 satis
958 3452 1191 3514 arguunt
1237 3440 1390 3494 illum
1430 3448 1625 3494 natura

77 3537 345 3590 mortalem
370 3551 488 3591 esse
503 3535 725 3590 factum.
741 3535 1008 3600 Quorsum
1026 3533 1170 3587 enim
1184 3542 1325 3586 terra
1340 3529 1628 3600 Opuserat?

83 3641 339 3694 quorsum
381 3626 721 3684 ﬁrmamento
741 3632 821 3685 (ut
837 3625 1051 3693 vocant)
1067 3623 1090 3676 ?
1109 3637 1368 3693 quorsum
1393 3622 1628 3675 lucenti-

74 3716 167 3771 bus
195 3718 248 3770 iu
281 3719 391 3770 boc
434 3715 642 3770 stellis?
664 3730 922 3785 quorsum
942 3699 1182 3784 piscibus
1208 3713 1632 3783 volucribusque

74 3821 186 3876 qua:
207 3806 544 3861 mactantur?
560 3819 820 3874 quorsum
834 3805 1114 3874 iumentis,
1133 3803 1359 3872 aliisque
1377 3804 1628 3858 animan-

71 3898 208 3951 tibus
231 3912 354 3966 que
380 3896 571 3964 partim
598 3896 860 3960 serviunt,
883 3896 989 3949 alia
1016 3893 1284 3948 eduntur?
1315 3895 1458 3948 Sane
1478 3893 1630 3948 hisce

71 3985 320 4040 omnibus
359 3999 466 4039 non
490 3993 718 4038 utuntur
748 3982 850 4053 qui
864 3983 973 4036 vita
999 3981 1257 4037 fruuntur
1280 3980 1574 4036 immortali
1607 3997 1622 4034 :

70 4074 160 4127 sed
204 4075 279 4129 illi
313 4075 418 4131 soli
460 4077 550 4146 qui
601 4074 802 4128 ﬂuxam
845 4083 1007 4144 atque
1040 4075 1300 4128 caducam
1331 4073 1625 4128 suStinent.

72 4165 290 4232 Quinto,
317 4181 384 4221 ex
416 4167 532 4234 lege
558 4180 675 4234 qua:
697 4164 906 4220 Adamo
930 4172 1012 4218 est
1031 4179 1061 4217 a
1092 4163 1334 4233 genitore
1359 4162 1472 4217 Deo
1492 4176 1632 4230 prae-

73 4254 268 4324 scripta
289 4293 305 4319 ,
343 4254 630 4308 coniicitur
660 4253 811 4306 illum
841 4252 1055 4306 mortali
1089 4253 1403 4307 conditione
1448 4259 1629 4305 ortum

73 4360 190 4400 esse
220 4366 235 4400 :
268 4345 415 4401 vesci
467 4345 610 4400 enim
647 4359 710 4399 ac
765 4360 872 4399 non
905 4343 1049 4398 vesci
1100 4344 1201 4398 hac
1262 4352 1357 4396 aut
1406 4343 1496 4396 illa
1551 4357 1630 4409 re,

1731 1915 1822 1969 Dei
1869 1916 2043 1985 legem
2096 1915 2357 1983 fecisset,
2393 1923 2570 1971 morte
2606 1923 2693 1970 est
2739 1916 3070 1980 damnatus,
3099 1929 3207 1984 qua
3245 1929 3302 1968 re

1729 2007 1891 2076 quod.
1922 2017 2116 2060 natura
2148 2007 2394 2060 mortalis
2421 2015 2586 2070 esset,
2624 2006 2976 2076 arguebatur.
3011 2005 3300 2068 Caeterum,

1728 2095 1984 2151 dominus
2010 2093 2252 2151 Iacobus
2291 2096 2639 2168 Sarugensis,
2675 2111 2736 2150 ea
2771 2098 3020 2150 oratione
3048 2112 3154 2165 qua
3186 2096 3302 2149 dis-

1730 2187 1881 2249 serit,
1915 2185 2147 2241 fueritne
2179 2186 2347 2240 Adam
2375 2187 2626 2240 mortalis
2673 2186 2925 2242 conditus
2963 2200 3032 2239 an
3068 2187 3297 2240 immor-

1731 2277 1856 2332 talis
1884 2315 1901 2342 ,
1935 2277 2143 2338 scribit,
2187 2278 2454 2332 Adamum
2503 2279 2784 2332 mortalem
2827 2287 2882 2331 et
2935 2279 3296 2332 immortalem

1731 2367 1900 2422 fuisse
1941 2368 2256 2433 conditum,
2300 2384 2431 2433 eum
2471 2369 2642 2437 ipsius
2697 2369 2868 2423 libero
2902 2370 3140 2424 arbitrio
3171 2386 3298 2436 per.

1731 2459 2037 2528 mitteretur
2067 2473 2096 2512 a
2135 2457 2242 2513 Deo
2278 2466 2342 2512 ut
2386 2458 2468 2512 vel
2500 2458 2790 2513 observata
2830 2457 2945 2528 lege
2980 2461 3303 2516 immortalis

1730 2561 1905 2616 esset,
1939 2549 2020 2603 vel
2054 2550 2225 2603 fracta
2277 2559 2602 2606 moreretur.
2635 2550 2707 2604 At
2736 2551 3068 2607 Philohenus
3094 2591 3109 2616 ,
3141 2550 3304 2622 Capi-

1733 2643 1867 2695 tulis
1898 2655 2019 2711 quae
2070 2641 2333 2696 adversus
2376 2639 2675 2696 Diodorum
2721 2642 3029 2710 composuit
3063 2660 3076 2696 :
3110 2641 3304 2696 Teme-

1732 2727 1909 2790 raria,
1942 2725 2155 2796 inquit,
2201 2726 2427 2786 audacia
2477 2727 2581 2792 est,
2613 2729 2883 2782 Adamum
2936 2730 3300 2784 immortalem

1729 2817 1911 2871 dicere
1958 2826 2149 2886 suapte
2196 2827 2426 2881 natura,
2464 2821 2578 2872 sive
2610 2829 2724 2872 tum
2779 2834 2904 2873 cum
2953 2820 3297 2890 gignebatur,

1728 2906 1842 2960 sive
1890 2915 2176 2975 postquam
2222 2909 2602 2972 resurrexerit.
2654 2899 2758 2973 Qui
2810 2918 2990 2978 potest
3041 2892 3300 2964 eninrea

1730 3005 1926 3049 natura
1973 2996 2293 3051 immortalis
2338 2998 2530 3052 haberi
2577 3015 2699 3067 quze
2736 3014 2800 3053 ex
2848 3000 3023 3053 nihilo
3051 3008 3301 3061 creatur,

1733 3087 2125 3155 perficiturque
2145 3087 2371 3142 alterius
2395 3087 2748 3156 iussu?-Nain
2789 3089 2952 3142 etiam
2995 3090 3038 3144 si
3069 3090 3305 3158 gratuito

1733 3176 1838 3246 ipsi
1876 3191 2196 3232 concessum
2225 3177 2438 3242 fuisset,
2463 3188 2524 3232 ut
2555 3180 2719 3233 vitam
2756 3181 3139 3249 sempiternam
3176 3198 3303 3250 agt--

1694 3256 1838 3329 iret,
1886 3280 1994 3320 non
2046 3266 2166 3319 ideo
2204 3268 2525 3322 immortalis
2583 3277 2777 3322 natura
2835 3269 3103 3324 dicendus
3139 3278 3302 3325 erat:

1732 3359 1928 3426 quippe
1964 3358 2121 3425 cuius
2156 3358 2260 3409 vita
2297 3357 2350 3410 in
2385 3357 2608 3412 alterius
2647 3369 2790 3412 esset
2832 3368 3120 3427 potestate.
3193 3359 3299 3429 lgi-

1732 3458 1822 3503 tur
1854 3458 1908 3502 et
1941 3449 1986 3502 si
2028 3450 2082 3504 in
2123 3457 2382 3502 :rtcrnum
2427 3464 2533 3502 non
2572 3448 2764 3504 fuisset
2802 3451 3121 3516 moriturus,
3153 3467 3306 3505 mur-

1733 3541 1858 3595 talis
1907 3549 2085 3594 tamen
2135 3550 2282 3604 erat;
2320 3555 2512 3606 nempe
2569 3540 2950 3595 immortalitas
3004 3542 3070 3594 ad
3127 3543 3302 3596 solum

1736 3633 1903 3685 Deum
1931 3641 2138 3702 spectat
2162 3648 2177 3695 ;
2205 3640 2258 3686 et
2285 3632 2330 3685 si
2349 3633 2458 3686 ulla
2492 3632 2561 3686 sit
2594 3636 2787 3687 natura
2817 3649 2938 3702 qure
2965 3650 3070 3688 non
3105 3633 3307 3690 dissol-

1735 3725 1880 3779 vitur
1907 3738 2009 3778 nec
2043 3722 2150 3776 ullo
2184 3723 2373 3776 mortis
2418 3722 2530 3776 fato
2577 3725 2881 3791 perimitur.
2938 3725 2988 3777 id
3025 3739 3088 3778 ex
3133 3728 3304 3794 gratia

1737 3815 1997 3869 donatum
2028 3813 2128 3866 sibi
2177 3813 2244 3866 ab
2271 3813 2363 3867 illo
2396 3813 2593 3879 liabet;
2626 3813 2768 3881 quod
2799 3825 2978 3868 autem
3014 3814 3170 3870 alteri
3209 3833 3304 3872 ac-

1738 3917 1953 3975 ceptum
2003 3902 2195 3966 fertur,
2230 3903 2282 3958 id
2329 3920 2521 3960 rursus
2553 3919 2651 3974 pro
2681 3905 2827 3960 illius
2873 3906 3100 3985 arbitrio
3139 3907 3304 3962 adimi

1736 4003 1938 4061 potest.
1969 3993 2237 4049 Craterum
2267 3997 2334 4049 de
2358 3994 2570 4050 Adamn
2594 3994 2801 4050 clarum
2834 4006 2937 4060 est,
2973 3996 3020 4052 si
3049 3999 3306 4054 mandato

1738 4081 2244 4151 obtemperavisset.
2275 4081 2518 4143 futurum
2549 4084 2718 4139 fuisse
2743 4092 2803 4138 ut
2826 4100 2931 4138 non
2958 4086 3133 4140 obiret
3161 4102 3307 4140 mor-

1740 4181 1881 4239 tem;
1919 4187 2024 4226 non
2055 4172 2198 4240 quod
2246 4173 2338 4227 tali
2392 4174 2703 4228 conditione
2740 4181 2887 4229 esset
2915 4178 3130 4245 genitus
3153 4216 3169 4240 ,
3211 4179 3305 4232 sed

1740 4278 1842 4335 pro
1879 4257 2166 4318 Effectoris
2209 4264 2292 4318 sui
2325 4279 2474 4317 mera
2523 4264 2893 4334 benignitate,
2929 4281 3122 4320 rursus
3149 4277 3304 4336 post-

1734 4371 1908 4426 quam
1943 4358 2264 4420 resurrexit,
2291 4356 2547 4426 deinceps
2578 4370 2799 4426 quoque
2822 4372 2928 4410 non
2953 4359 3303 4426 moriturum,

78 4439 336 4494 mortales
362 4437 624 4508 iubentur
647 4477 661 4502 ,
693 4451 797 4490 non
853 4435 1207 4500 immortales.
1251 4432 1437 4497 Sexto,
1488 4435 1628 4488 idem
1663 4449 1712 4509 ο
1737 4451 1832 4504 sed
1871 4457 1925 4504 ει
1962 4449 2012 4503 id
2063 4462 2278 4518 quoque
2317 4463 2413 4517 per
2441 4449 2676 4517 “gratiam
2722 4449 2930 4520 Opitieis
2963 4449 3082 4505 Dei.
3120 4451 3306 4524 Neque

73 4530 342 4600 colligitur
367 4545 434 4584 ex
454 4529 632 4583 verbis
657 4525 745 4581 Dei
770 4541 889 4597 quas
916 4535 1041 4580 ante
1068 4527 1380 4578 mandatum
1403 4524 1469 4579 ad
1491 4525 1633 4578 Ada-

75 4636 216 4675 mum
249 4605 484 4676 faciebat
514 4619 762 4689 inquiens
790 4636 804 4672 :
849 4617 1075 4673 Crescite
1098 4627 1144 4671 et
1175 4617 1628 4686 multiplicamini,

69 4721 116 4764 ct
133 4711 481 4766 dominamini
504 4711 730 4779 piscibus
757 4710 923 4763 maris
966 4719 1013 4764 et
1038 4708 1331 4763 volucribus
1359 4708 1474 4762 mli
1495 4731 1508 4772 ,
1538 4715 1627 4762 et:

76 4803 204 4857 Dedi
239 4801 385 4858 vobis
433 4819 582 4858 omne
628 4818 800 4855 semen
839 4803 980 4871 quod
1023 4803 1334 4865 seminatur,
1368 4811 1415 4853 et
1457 4801 1628 4853 omnis

72 4893 228 4946 arbor
244 4895 344 4946 erit
374 4892 516 4946 vobis
542 4907 634 4963 pro
657 4893 790 4944 cibo.
820 4889 1083 4960 Septimo,
1112 4891 1218 4945 nisi
1247 4889 1458 4944 mortali
1485 4898 1629 4944 statu

75 4982 303 5038 eﬂ‘ectus
338 4983 530 5036 fuisset
586 4984 748 5036 etiam
781 4991 839 5035 ut
878 4981 1046 5051 legem
1094 4980 1344 5051 fregisset
1387 4994 1493 5033 non
1531 4981 1631 5033 ob-

73 5073 258 5131 ivisset
281 5084 531 5136 mortem,
551 5083 606 5130 ut
621 5075 774 5140 obiit;
796 5088 969 5142 neque
988 5074 1134 5127 enim
1154 5073 1423 5137 diabolus,
1447 5088 1632 5141 quam-

73 5165 153 5218 vis
170 5167 433 5234 peccavit,
459 5165 914 5220 immortalitatem
938 5164 1119 5217 amisit
1133 5179 1295 5233 quam
1313 5164 1366 5217 in
1387 5180 1488 5219 suo
1505 5171 1626 5216 ortu

72 5266 377 5326 acceperat.
412 5257 615 5313 Octavo
638 5296 654 5322 ,
675 5257 1028 5329 compositus
1055 5265 1139 5310 est
1168 5258 1338 5310 Adam
1367 5270 1432 5310 ex
1463 5255 1628 5309 rebus

74 5333 342 5415 diversis;
369 5348 420 5404 id
446 5364 572 5404 vero
598 5350 917 5418 compositis
945 5347 1196 5404 omnibus
1221 5347 1496 5411 peculiare
1521 5353 1625 5408 est,

73 5447 129 5490 ut
158 5440 208 5492 in
242 5453 306 5493 ea
353 5439 689 5496 dissolubilis
721 5441 830 5494 sint
866 5455 930 5495 ex
961 5439 1161 5509 quibus
1195 5439 1441 5507 colligata
1476 5438 1626 5491 exsi-

70 5545 461 5700 D‘(3z’lriofi§stat
489 5579 752 5634 locusch
783 5579 922 5650 apud
955 5579 1423 5651 Chrysostomum,
1449 5577 1544 5630 lib.
1567 5590 1632 5638 tt,

139 5715 248 5780 t52)
285 5707 377 5771 Dei
407 5719 474 5773 ad
509 5719 776 5788 Stagrium
802 5719 962 5790 Forte
989 5718 1061 5772 ibi
1088 5734 1263 5774 servus
1301 5716 1428 5772 liber
1474 5733 1504 5770 ιι
1529 5714 1632 5769 Da-

1738 4539 1887 4594 enim
1919 4539 2125 4608 alisque
2168 4539 2428 4606 periculo,
2461 4548 2554 4593 aut
2577 4550 2688 4594 tum
2720 4533 2855 4595 eum
2893 4543 3160 4612 gigneret,
3211 4556 3307 4600 aut

1737 4645 1860 4684 cum
1903 4629 2182 4685 suscitabit
2213 4645 2242 4688 a
2269 4613 2734 4696 mortuis/fecerit
2784 4643 2978 4688 natura
3014 4636 3299 4691 immorta-

1737 4722 1869 4776 lem.
1912 4719 1986 4773 Ex
2017 4721 2100 4775 his
2133 4722 2388 4777 omnibus
2418 4722 2725 4789 conficitur,
2756 4724 3028 4780 Adamuin
3077 4729 3298 4792 mortali

1737 4810 2046 4865 conditione
2078 4821 2417 4880 procreatum
2449 4828 2589 4868 esse.
2625 4811 2845 4868 Interim
2895 4815 3149 4880 fatemur,
3194 4818 3300 4870 im.

1741 4901 2067 4956 mortalitate
2105 4902 2414 4958 donandam
2452 4919 2482 4959 a
2521 4919 2620 4958 suo
2653 4905 2908 4961 Genitore
2956 4906 3159 4973 fuisse,
3193 4923 3299 4963 non

1736 4992 1952 5062 quidem
1991 4994 2250 5060 naturali,
2287 4996 2379 5050 sed
2421 4996 2656 5065 gratuita
2689 4996 2734 5051 si
2772 4997 2872 5069 legi
2902 4998 3199 5067 paruisset.

2277 5143 2554 5199 CAPUT
2612 5143 2730 5200 Vl.
2823 5181 2834 5192 κ

1735 5255 1969 5326 Objeclio
1997 5255 2206 5311 Iuliani
2250 5255 2650 5310 Ilalicarnasset'
2675 5255 2786 5328 (35)
2812 5299 2824 5320 ,
2846 5264 2895 5310 et
2925 5257 3039 5327 ejus
3075 5268 3301 5311 assecta-

2279 5329 2433 5381 tionis
2461 5330 2748 5382 hominum.

1793 5437 2042 5496 Julianus
2074 5439 2518 5496 Halicarnasseus
2538 5481 2553 5505 ,
2601 5450 2653 5494 ct
2685 5437 2778 5508 qui
2806 5437 2927 5508 eius
2963 5451 3123 5496 seem
3151 5449 3296 5506 sunt,

1737 5576 1872 5648 utin
1905 5595 1997 5648 suo
2024 5577 2144 5648 (Job
2172 5595 2252 5643 tu,
2659 5568 2684 5597 ⁴
2801 5645 2810 5648 λ
2838 5646 2849 5648 ᾼ
2927 5646 2939 5648 ,
3004 5647 3007 5648 ,
3037 5623 3046 5648 ς

1809 5646 1924 5716 (53)
1961 5647 2034 5702 De
2062 5647 2278 5704 Juliauo
2306 5645 2727 5703 llalicarnassco
2763 5645 2886 5703 vide
2919 5646 3138 5702 Suidam
3173 5659 3270 5714 pro

1733 5713 1857 5770 lixc.
