3982 6346
718 292 824 353 603

1968 302 2194 365 MOSlS
2235 310 2383 368 nan
2420 310 2664 394 cerua

3804 321 3875 387 604

712 402 896 456 dicunt
931 403 1099 459 Adam
1133 417 1321 461 natura
1377 410 1652 463 conditum
1697 425 1817 465 esse
1863 413 2223 470 immortalem
2253 430 2346 497 :‘A
2372 437 2433 475 ea
2458 423 2774 489 dissolubile
2805 440 2870 478 ex
2899 424 3095 494 quibus
3121 425 3296 481 fuerat
3324 426 3705 496 coniunctum;
3736 446 3878 489 verum

716 492 855 546 sicut
896 494 1078 548 anima
1104 512 1221 550 cum
1256 498 1490 553 naturali
1527 499 1928 556 immortalitate
1955 515 2132 558 creata
2166 515 2265 570 est,

712 594 817 632 non
862 591 1039 637 autem
1072 587 1343 655 gratuita;
1379 596 1432 642 et
1459 587 1564 643 nisi
1602 600 1877 657 peetasset
1900 634 1915 656 ,
1950 607 2265 650 mansurum

714 668 881 753 fuisse
903 711 916 733 ,
950 673 1250 740 passionis,
1288 678 1688 746 corruptionis,
1734 682 1925 736 mortis
1948 692 2217 753 essortem
2248 701 2262 737 :

711 768 763 810 et
791 747 1002 828 quidem
1035 759 1149 816 hate
1175 765 1356 818 omnia
1384 781 1446 820 ex
1478 776 1667 838 suapte
1698 778 1887 824 natura
1910 811 1924 836 ,
1953 747 2151 841 quippe
2173 773 2267 842 qui

716 849 767 900 in
807 863 866 901 ea
903 865 1093 908 rursus
1133 852 1467 911 dissolubilis
1500 873 1605 911 non
1643 858 1806 913 fuerit
1839 876 1903 914 ex
1933 862 2128 931 quibus
2154 873 2269 917 erat

711 948 1136 1005 coagmentatus.
1172 942 1341 998 Porro
1373 947 1500 1014 quia
1534 948 1791 1003 adversus
1818 950 1985 1019 legem
2018 949 2107 1004 Dei
2143 950 2268 1006 fecit

711 1035 877 1098 atque
924 1032 1184 1101 deliquit,
1226 1036 1347 1090 ideo
1404 1038 1691 1092 multatum
1743 1055 1862 1095 esse
1913 1050 2026 1096 tum
2076 1047 2267 1098 animae

713 1129 885 1175 morte
924 1138 1043 1190 qua:
1088 1136 1169 1179 est
1214 1126 1540 1181 abalienatio
1583 1144 1613 1183 a
1660 1129 1769 1205 Deo
1803 1146 1897 1201 per
1938 1144 2261 1203 peccatum:

664 1281 671 1287 ο
713 1219 825 1261 tum
857 1213 1129 1280 corporis,
1165 1229 1286 1282 qua:
1313 1225 1397 1270 est
1427 1218 1745 1273 dissociatio
1781 1220 1847 1273 ab
1879 1221 1977 1275 hac
2004 1224 2109 1276 vita
2142 1239 2263 1293 qua:

710 1296 841 1367 ipsis
869 1302 1142 1367 corporeis
1176 1305 1428 1362 sensibus
1453 1310 1764 1379 percipitur.
1792 1308 1884 1366 llis
1916 1306 2014 1367 nos
2038 1329 2266 1382 respon-

709 1387 897 1443 demus
932 1408 946 1444 :
982 1390 1037 1444 Si
1096 1404 1349 1448 naturam
1410 1399 1648 1454 Adantus
1698 1416 1817 1454 cum
1865 1413 2262 1471 procrearetur,

708 1481 1005 1546 accepisset
1032 1482 1393 1539 immortalem
1432 1498 1490 1541 ut
1516 1503 1609 1544 vos
1631 1489 1809 1545 dicitis
1837 1507 1851 1547 :
1881 1507 1942 1545 ea
1968 1509 2095 1548 sane
2121 1495 2261 1549 haud

714 1576 917 1621 mutata
946 1584 1091 1624 esset
1137 1574 1188 1626 in
1220 1578 1499 1630 mortalem
1546 1594 1641 1648 per
1669 1590 1969 1649 peccatum,
2006 1593 2063 1636 ut
2090 1598 2269 1652 neque,

713 1657 925 1712 Satanae
961 1662 1339 1720 immortalitas
1370 1670 1654 1734 naturalis,
1682 1686 1802 1738 cum
1830 1672 2157 1728 mortalitate
2182 1682 2264 1730 est
2292 1657 2305 1729 'l,

708 1759 1033 1802 commutata
1062 1763 1346 1824 postquam
1376 1759 1636 1813 adversus
1662 1748 1825 1814 Deum
1854 1761 2098 1831 deliquit.
2126 1763 2264 1818 [lur-

706 1850 801 1889 sus
828 1855 842 1892 :
868 1839 912 1892 si
938 1848 995 1892 ut
1026 1844 1201 1895 anima
1228 1844 1391 1914 (quod
1425 1862 1517 1902 vos
1551 1847 1869 1918 allirmatis),
1893 1850 1962 1903 ita
1994 1862 2047 1905 et
2068 1867 2266 1922 corpus

708 1932 902 1980 natura
956 1929 1259 1985 immortale
1304 1948 1641 2003 procreatum
1695 1938 1831 2001 fuit,
1870 1949 2028 2008 atque
2083 1943 2265 2013 ipsum,

704 2018 904 2072 violare
936 2020 1126 2089 legem,
1156 2039 1262 2077 non
1292 2026 1453 2081 modo
1482 2030 1715 2097 corpori,
1742 2032 1833 2089 sed
1872 2034 2041 2101 magis
2073 2035 2264 2088 annua:

703 2106 858 2175 cujus
916 2111 1143 2180 imperio
1192 2115 1323 2170 illud
1367 2121 2054 2191 regebalurimputandum
2114 2124 2261 2179 fuit:

710 2202 809 2255 cur
856 2215 1070 2271 patrato
1102 2205 1323 2276 flagitio,
1352 2225 1546 2280 corpus
1580 2213 1797 2283 quidem
1851 2218 2129 2271 mortalem
2165 2233 2262 2271 na-

704 2303 884 2347 turam
922 2296 1115 2362 induit,
1140 2298 1322 2353 anima
1352 2316 1480 2355 vero
1508 2318 1658 2356 suam
1695 2307 1794 2359 sibi
1831 2309 2261 2362 natura‘insitam

703 2384 1162 2441 immortalitatem
1217 2391 1473 2445 retinuit?
1498 2392 1597 2447 Sed
1620 2394 1809 2449 dicetis
1847 2396 2005 2449 etiam
2029 2396 2261 2450 animam

704 2490 798 2542 per
840 2488 1119 2545 peccatum
1153 2481 1354 2535 abiisse
1403 2488 1658 2547 mortem!
1698 2485 1802 2540 Sed
1844 2486 1973 2555 quid
2025 2490 2264 2556 carpus?

703 2578 882 2619 annon
922 2567 1097 2635 ipsum
1132 2586 1349 2638 quoque
1396 2589 1492 2642 per
1534 2586 1809 2643 peccatum
1845 2578 2015 2630 obiit?
2064 2578 2119 2633 Si
2166 2594 2258 2633 ne-

704 2656 863 2725 gatis,
890 2656 1013 2711 falsi
1040 2660 1205 2725 estis;
1231 2662 1311 2715 sin
1339 2662 1605 2729 fatemini,
1624 2681 1722 2718 cur
1739 2682 1861 2720 cum
1886 2669 2261 2736 pariterambo

704 2755 895 2801 natura
917 2758 1098 2803 essent
1121 2750 1447 2807 immortalia
1497 2756 1808 2827 pariterque
1830 2760 2121 2826 peccarint,
2144 2776 2260 2815 cor-

702 2851 804 2906 pus
835 2838 1032 2907 duplici
1089 2851 1263 2897 morte
1307 2843 1554 2898 allectum
1591 2857 1714 2900 est:
1755 2849 1990 2902 animam
2035 2865 2164 2903 vero
2196 2865 2257 2904 ea

703 2929 816 2983 sola
856 2946 976 2999 quae
1031 2934 1237 3000 peccati
1285 2950 1427 2989 mors
1471 2937 1688 3003 dicitur,
1740 2939 1972 2994 invasit?
2009 2939 2258 2996 Profecto

704 3020 833 3074 nihil
861 3022 950 3078 hic
992 3023 1095 3077 illis
1125 3026 1314 3096 reliqui
1338 3037 1420 3082 est
1443 3011 1586 3097 quod
1614 3029 1974 3099 respondeant
2004 3049 2017 3085 :
2048 3048 2257 3087 verum-

709 3115 856 3167 cnim
894 3130 1021 3168 vero
1056 3116 1328 3181 conlicitc,
1364 3132 1455 3173 aut
1482 3123 1549 3175 ab
1579 3121 1693 3189 ipsa
1720 3131 1907 3176 natura
1930 3162 1943 3185 ,
1980 3132 2070 3179 aut
2100 3140 2126 3177 a
2172 3140 2261 3180 ra-

711 3204 856 3256 tione
904 3205 1079 3273 petitis
1124 3210 1492 3276 argumentis,
1533 3222 1626 3265 aut
1670 3213 1901 3282 denique
1949 3227 2258 3270 sanctorum

702 3294 922 3350 Patrum
957 3298 1305 3364 testimoniis,
1335 3301 1440 3355 nisi
1478 3317 1677 3371 corpus
1709 3321 1805 3358 sua
1841 3316 2029 3359 natura
2057 3308 2253 3362 factum

701 3402 821 3442 csse
851 3388 1151 3445 immortale
1172 3390 1325 3459 juxta
1351 3406 1412 3445 ac
1432 3393 1686 3457 animam,
1717 3411 1888 3465 neque
1914 3397 1963 3449 in
1997 3413 2058 3450 ea
2087 3400 2256 3453 disso-

700 3477 861 3531 lubile
878 3493 996 3535 esse
1010 3495 1071 3533 cx
1094 3480 1288 3549 quibus
1310 3483 1613 3553 colligatum
1641 3494 1742 3549 est,
1770 3497 1821 3541 et
1848 3487 2257 3549 subscribemus

701 3567 927 3622 libentes
961 3578 1151 3623 vestra:
1184 3573 1464 3625 sententia:
1498 3588 1671 3641 neque
1711 3575 2099 3629 contendamus
2136 3591 2256 3629 am-

627 3696 631 3700 .
707 3657 850 3725 plius
881 3660 1115 3727 gratuita
1148 3660 1555 3716 immortalitate
1582 3656 2080 3745 denandum‘fuisse
2102 3681 2130 3718 a
2160 3680 2257 3721 suo

700 3747 974 3816 Genitore,
1011 3750 1055 3805 si
1094 3762 1361 3820 praecepto
1389 3752 1677 3821 paruisset.

768 3840 981 3895 [ludent
1004 3842 1144 3896 idem
1170 3843 1373 3897 lanista:
1392 3831 1652 3898 lacessere
1679 3860 1771 3900 eos
1794 3847 1880 3914 qui
1898 3861 2111 3901 carnem
2131 3863 2254 3902 cor-

704 3930 1009 4000 ruptibilcm
1037 3942 1228 4009 natura
1258 3935 1464 3998 dicunt,
1489 3935 1642 4004 quasi
1673 3935 1725 3988 hi
1755 3944 1809 3989 et
1840 3935 2008 4004 ipsam
2039 3954 2251 3993 carnem

704 4024 894 4076 malam
953 4037 1004 4077 ct
1056 4020 1238 4081 carnis
1276 4026 1435 4081 simul
1481 4024 1735 4096 Opiﬁcem
1784 4029 1984 4084 tnalunt
2035 4031 2251 4087 faciant.

700 4114 810 4169 Nos
840 4132 967 4171 vero
990 4118 1248 4172 adversus
1276 4119 1375 4173 ista
1405 4121 1753 4189 producimus
1784 4124 2035 4177 dot-tores
2068 4124 2252 4180 Eccle-

701 4208 796 4262 site
821 4211 1028 4277 priscos
1060 4210 1228 4279 gloria
1255 4222 1307 4266 et
1333 4213 1486 4266 laude
1506 4213 1695 4282 dignos
1723 4232 1735 4269 :
1766 4216 1855 4283 qui
1884 4227 1935 4270 et
1964 4217 2007 4270 si
2037 4228 2251 4272 carnem

2370 514 2515 568 nulla
2547 524 2663 570 erat
2708 515 2898 571 mortis
2928 516 2981 570 in
3019 518 3135 587 ipso
3182 516 3513 589 efﬁcientia;
3553 536 3727 590 neque
3771 525 3877 579 enim

2372 606 2673 679 ut_mortis
2730 605 2932 674 laqueis
3000 607 3379 677 subigeretur,
3441 610 3695 665 conditus
3743 611 3881 669 fuerat

2373 689 2537 745 homo
2570 693 2637 747 ab
2672 692 2845 761 initio,
2894 695 2987 749 sed
3021 712 3190 764 neque
3237 713 3427 752 rursus
3463 705 3525 753 ut
3567 708 3771 755 naturae
3797 718 3880 756 sor-

2372 788 2477 835 tem
2522 794 2799 863 superaret
2833 795 3086 855 essetque
3131 788 3477 852 immortalis.
3533 787 3627 842 sed
3660 804 3752 859 per
3790 808 3882 860 gra-

2371 870 2496 923 tiam
2532 882 2696 943 atque
2725 874 3106 943 benignitatem
3140 876 3439 933 voluntatis
3488 876 3686 932 divina:
3738 894 3883 937 serra-

2369 960 2529 1016 batur
2607 963 2675 1017 ad
2744 967 2909 1020 vitam
2973 968 3351 1037 sempiternam
3408 978 3463 1025 et
3515 969 3884 1039 immortalem,

2368 1052 2630 1107 voluntati
2679 1065 2858 1121 autem
2897 1056 3129 1124 divina,
3180 1068 3369 1114 natura
3421 1075 3603 1114 rerum
3659 1061 3887 1119 obsistere

2368 1144 2575 1212 nequit.
2607 1142 2771 1214 Igitur
2788 1154 2841 1223 et
2868 1147 2911 1202 si
2943 1157 3137 1203 natura
3171 1147 3283 1218 ipsa
3310 1151 3452 1219 quod
3484 1161 3887 1220 coagmentatum

2367 1243 2471 1299 est,
2512 1228 2704 1313 rursus
2749 1241 3045 1297 dissolvere
3093 1243 3295 1313 cupiat,
3344 1254 3522 1299 tamen
3580 1245 3635 1300 in
3681 1247 3887 1309 homine.

2368 1322 2469 1378 hoc
2502 1326 2701 1381 malum
2737 1329 2960 1384 minime
2987 1331 3251 1401 quivisset
3280 1330 3517 1399 efllcere,
3542 1321 3795 1405 impedita
3817 1351 3888 1405 per

2366 1414 2600 1487 divinam
2648 1417 2973 1473 voluntatem
3042 1429 3202 1489 atque
3262 1422 3528 1491 gratiam;
3591 1424 3708 1493 ipsa
3773 1426 3888 1480 enim

2366 1504 2671 1560 mortalitas
2728 1508 2983 1578 absorpta
3041 1509 3231 1565 fuisset
3283 1526 3313 1565 a
3362 1511 3513 1578 vita,
3565 1522 3617 1567 et
3673 1523 3889 1579 naturam

2364 1582 2689 1651 refrenasset
2717 1598 2897 1651 divina
2929 1599 3120 1670 gratia.
3150 1600 3216 1652 At
3253 1614 3381 1655 vero
3414 1604 3761 1657 mortalitatis
3792 1620 3889 1657 cor-

2370 1685 2628 1754 ruptricis
2678 1687 2946 1755 corporis,
2976 1704 3099 1758 quae
3132 1687 3431 1745 efficienter
3480 1699 3566 1745 est
3598 1704 3890 1755 consecuta,

2366 1776 2491 1832 fons
2520 1785 2572 1833 et
2606 1779 2757 1849 origo
2792 1778 2893 1833 fuit
2919 1791 3198 1850 peccatum
3244 1791 3405 1851 atque
3450 1782 3715 1837 adversus
3746 1786 3890 1853 legem

2365 1868 2664 1924 admissum
2704 1869 2935 1927 facinus.
2989 1855 3143 1929 Tunc
3183 1874 3327 1928 enim
3377 1874 3585 1942 occepit
3630 1890 3781 1930 mors
3824 1891 3890 1939 ea,

2365 1973 2488 2025 quae
2538 1959 2682 2028 quod
2730 1962 3089 2031 compositum
3146 1970 3226 2017 est
3281 1962 3548 2027 dissolvit,
3599 1963 3707 2016 vim
3764 1979 3891 2019 suam

2363 2056 2525 2117 atque
2576 2049 2950 2107 eflicacitalem
3004 2054 3055 2108 in
3106 2055 3327 2109 homine
3371 2069 3426 2108 re
3472 2054 3587 2122 ipsa
3626 2070 3891 2119 exercere,

2364 2139 2584 2205 quando
2619 2142 2799 2195 anima
2828 2158 2919 2211 per
2950 2141 3175 2199 fractam
3218 2144 3386 2210 legem
3426 2147 3741 2204 necessario
3777 2157 3847 2201 est
3870 2164 3893 2201 a

2367 2226 2474 2282 Deo
2508 2230 2810 2285 abalienata
2854 2240 3014 2302 atque
3052 2234 3550 2303 perturbationibus
3584 2236 3756 2291 variis
3780 2235 3889 2289 ἀσε-

2362 2326 2448 2369 cta
2494 2318 2876 2391 implicataque
2906 2340 2920 2375 :
2954 2339 3016 2377 ex
3052 2324 3249 2392 quibus
3296 2333 3501 2379 natura:
3549 2326 3893 2394 perturbatio-

2361 2406 2544 2473 nibus,
2580 2408 2759 2478 ipsum
2808 2414 2970 2467 etiam
3016 2429 3212 2484 corpus
3246 2415 3391 2484 (nam
3424 2425 3476 2471 et
3514 2418 3569 2470 in
3618 2418 3716 2472 illo
3743 2429 3891 2472 enata

2362 2505 2522 2564 atque
2553 2497 2754 2553 effecta:
2800 2501 2948 2572 sunt)
2980 2506 3330 2573 corruptibile
3371 2521 3491 2560 esse
3530 2505 3893 2574 intelligimus.

2362 2596 2413 2640 et
2450 2589 2891 2653 pronuntiamus.
2926 2592 3314 2651 Concludimus
3346 2612 3497 2666 ergo,
3553 2599 3755 2653 morris
3793 2613 3893 2651 cor-

2362 2677 2738 2747 ruptionlsque
2770 2680 3012 2737 debitum
3050 2700 3118 2738 ex
3150 2687 3344 2741 violata
3381 2688 3496 2756 lege
3533 2698 3727 2742 uatum
3758 2700 3895 2758 atque

2359 2777 2698 2825 contractum
2752 2788 2901 2840 esse;
2954 2791 3061 2830 non
3115 2786 3295 2830 autem
3352 2778 3496 2844 inde,
3531 2779 3680 2850 quod
3720 2794 3897 2848 corpus

2360 2858 2489 2912 Adae
2516 2871 2655 2916 esset
2713 2866 3089 2933 compositum,
3147 2876 3305 2936 atque
3370 2869 3424 2923 in
3474 2884 3537 2923 ea
3590 2885 3671 2923 exi
3720 2870 3899 2941 quibus

2358 2951 2662 3017 constabat,
2719 2953 3056 3011 dissolubile.
3095 2957 3277 3026 Neque
3325 2959 3467 3013 enim
3514 2957 3748 3014 difficile
3798 2972 3900 3013 erat

2358 3040 2602 3094 omnlmn
2656 3026 2837 3097 rerum
2872 3046 3077 3114 parenti
3112 3048 3243 3112 Deo,
3292 3049 3408 3117 eius
3441 3048 3531 3116 qui
3567 3050 3896 3118 corruptioni

2361 3133 2643 3202 subjectus
2672 3134 2774 3190 fuit
2808 3150 2905 3205 pro
2953 3147 3158 3191 naturae
3204 3152 3314 3213 suze
3365 3137 3704 3201 conditione,
3752 3140 3897 3191 vitam

2358 3225 2726 3294 corruptionis
2770 3225 2875 3280 fato
2923 3226 3180 3291 eximere,
3236 3236 3395 3295 atque
3458 3226 3656 3280 invita
3715 3227 3896 3295 sempi-

2359 3324 2513 3369 terna
2556 3315 2692 3368 tueri
2726 3330 3181 3384 conscrvareque.
3207 3318 3287 3373 Ad
3321 3318 3464 3372 hunc
3490 3318 3665 3387 igitur
3694 3320 3896 3387 modum

2360 3404 2612 3458 doctores
2652 3419 2868 3458 carnem
2900 3407 3120 3476 quidem
3162 3417 3349 3477 suapte
3395 3416 3587 3461 natura
3621 3407 3900 3463 dissolubi-

2358 3494 2463 3548 lem
2500 3493 2668 3551 fuisse
2716 3498 2924 3560 dicunt,
2960 3513 3057 3552 nec
3109 3509 3289 3553 tamen
3316 3498 3542 3568 proinde
3594 3508 3702 3553 aut
3746 3500 3896 3568 ipsam

2361 3595 2454 3641 aut
2482 3602 2683 3659 corpus
2715 3604 2746 3643 a
2788 3591 2931 3645 malo
2962 3589 3214 3646 clt'ectore
3249 3598 3593 3661 procreatum
3629 3606 3779 3647 esse.

2941 3723 3168 3778 CAPUT
3214 3723 3322 3779 VII.

2739 3837 2861 3890 Alia
2886 3836 3100 3905 objectio
3122 3836 3329 3890 Iuliani
3355 3837 3517 3904 impii.

2431 3947 2661 4004 Ridebat
2711 3950 2927 4018 quidem
2980 3950 3173 4018 impius
3208 3949 3456 4005 Julianus
3487 3949 3635 4017 quod
3691 3946 3899 4009 Mosam,

2360 4038 2615 4094 Ecclesiae
2647 4040 2901 4093 docturos
2952 4040 3195 4094 dicerent
3251 4040 3522 4093 hominem
3569 4038 3898 4110 corruptibili

2360 4139 2557 4183 natura
2608 4139 2931 4199 prognatum
2979 4129 3166 4196 fuisse,
3227 4138 3281 4184 et
3334 4141 3513 4183 tamen
3575 4144 3693 4183 non
3752 4129 3898 4182 fuisse

2360 4230 2660 4287 mortuum,
2700 4221 2772 4274 ita
2835 4220 3046 4276 volente
3077 4221 3209 4274 Deo.
3243 4219 3347 4274 Sed
3384 4221 3432 4274 ei
3480 4219 3783 4289 respondet
3808 4218 3895 4287 Cy-

700 4311 818 4350 esse
841 4306 1028 4351 natura
1057 4301 1462 4367 corruptibilem
1489 4304 1692 4367 dixere,
1717 4320 1822 4359 non
1849 4315 2025 4360 tamen
2052 4307 2251 4363 idcirco
2284 4319 2325 4374 1)
2356 4311 2511 4366 rillus
2546 4327 2560 4364 :
2599 4311 2830 4377 Platoni,
2874 4311 3072 4381 inquit,
3114 4322 3207 4367 tuo
3253 4311 3376 4365 licet
3410 4309 3591 4365 dicere
3638 4311 3803 4380 quasi
3846 4324 3895 4362 ex

706 4387 901 4440 malam
932 4403 1049 4441 esse
1076 4390 1303 4457 professi
1334 4405 1478 4446 sunt.
1505 4394 1793 4463 Gregorius
1822 4396 1985 4459 enim,
2014 4400 2253 4453 oratione

698 4493 859 4547 quam
893 4479 958 4532 de
986 4479 1178 4533 virtute
1204 4482 1440 4552 scripsit,
1468 4483 1533 4537 ad
1559 4484 1701 4539 hunc
1727 4485 1964 4555 loquitur
1996 4490 2249 4542 modum:

699 4569 911 4635 Corpus
968 4572 1113 4634 omni
1171 4586 1233 4623 ex
1295 4581 1442 4640 parte
1509 4575 1864 4643 compositum
1928 4586 2044 4638 cst,
2102 4579 2244 4645 quod

702 4666 879 4711 autem
915 4664 1269 4729 compositum
1304 4674 1406 4728 est,
1451 4665 1500 4717 id
1535 4680 1689 4719 nemo
1721 4667 2095 4721 indissolubile
2126 4686 2248 4724 esse

702 4752 941 4815 dixerit;
978 4766 1030 4807 at
1058 4758 1199 4822 quod
1234 4756 1449 4809 dissolvi
1494 4768 1687 4825 potest,
1733 4760 2001 4826 corrumpi
2036 4770 2247 4827 potest;

703 4852 785 4921 est
825 4845 985 4913 igitur
1034 4860 1161 4898 caro
1206 4849 1536 4915 corruptioni
1587 4849 1851 4916 subjecta.
1902 4849 2111 4904 Rursus
2143 4850 2247 4921 Cy—

705 4913 879 4995 rillus,
934 4946 1077 4989 tomo
1118 4940 1276 4991 tertio
1325 4939 1708 4993 Con'nncntarii
1756 4940 1807 4992 in
1857 4940 2147 5008 Epistulam
2182 4942 2247 4996 ad

705 5025 1033 5080 Corinthios.
1064 5029 1157 5082 Est
1186 5029 1424 5097 quidem,
1472 5030 1567 5093 ait,
1610 5045 1738 5085 caro
1778 5040 1968 5083 natura
2004 5047 2101 5085 sua
2130 5048 2248 5086 cor-

705 5117 942 5185 ruptioni
987 5119 1215 5173 obnoxia
1253 5139 1267 5175 :
1304 5123 1394 5174 sed
1426 5132 1602 5175 tamen
1642 5137 1733 5191 per
1759 5124 2008 5177 virtutem
2042 5121 2131 5177 Dei
2162 5124 2246 5177 cui

706 5210 858 5275 plane
895 5210 1025 5262 nihil
1068 5219 1148 5262 est
1180 5210 1407 5277 dillicilc,
1456 5214 1625 5282 ipsam
1657 5224 1965 5281 superasset
2001 5224 2267 5268 naturam.

707 5312 865 5368 atque
895 5288 946 5355 in
983 5304 1087 5355 vita
1137 5305 1459 5372 sempiterna
1491 5307 1678 5361 luisset
1730 5318 2076 5362 conservatus
2109 5308 2247 5361 Ada-

708 5409 848 5451 tnus,
885 5395 927 5447 si
961 5397 1125 5463 legem
1156 5397 1318 5465 impie
1360 5413 1468 5449 non
1503 5399 1773 5453 violasset.
1807 5400 2062 5454 llominus
2090 5399 2249 5453 Seve-

706 5498 799 5533 rus
843 5482 988 5546 item,
1040 5487 1492 5553 orationegquam
1545 5487 1798 5541 adversus
1855 5488 2247 5543 Fclir’issitnum

705 5573 959 5641 scripsit,
1016 5573 1125 5625 hare
1171 5549 1477 5630 sumiuatitn
1533 5579 1691 5632 habet
1730 5596 1740 5628 :
1778 5579 1975 5647 Suapte
2030 5581 2245 5648 quidem

708 5674 894 5717 natura
930 5665 1154 5717 mortale
1188 5676 1232 5717 ct
1260 5670 1598 5734 corruptibili:
1627 5681 1736 5725 erat
1764 5686 1982 5739 corpus,
2015 5671 2245 5737 atquein

2363 4400 2456 4455 Dei
2487 4416 2741 4470 persona,
2772 4402 2835 4454 ad
2886 4402 3077 4469 solem,
3108 4402 3287 4455 lunam
3322 4409 3657 4469 caeterasque
3688 4399 3893 4455 stellas:

2356 4488 2622 4555 Quoniam
2651 4489 2754 4545 orti
2783 4490 2933 4555 estis,
2968 4489 3314 4543 immortales-
3330 4503 3426 4543 vos
3456 4488 3682 4557 quidem
3716 4502 3835 4542 esse
3856 4494 3897 4539 et

2356 4580 2768 4636 indissolubiles
2845 4597 2949 4634 non
3022 4580 3283 4646 potestis,
3349 4580 3671 4647 neutiquam
3736 4586 3891 4631 tamen

2352 4670 2747 4736 dissolvemini,
2787 4684 2885 4722 nec
2925 4682 3021 4722 vos
3070 4667 3176 4722 ulla
3229 4667 3415 4722 mortis
3454 4665 3562 4721 fata
3616 4666 3894 4735 periment.

2354 4771 2572 4828 propter
2600 4758 2894 4813 consilium
2933 4767 3177 4812 nostrum
3212 4758 3357 4828 quod
3388 4756 3564 4821 majus
3596 4766 3687 4809 est
3726 4756 3892 4808 vincu-

2354 4851 2463 4904 lum
2497 4850 2784 4919 quam,vis
2837 4850 2943 4902 ulla
2995 4865 3114 4919 qua:
3152 4850 3304 4903 vobis
3342 4846 3569 4901 accidat.
3607 4844 3695 4900 Tu
3740 4846 3895 4901 Plato-

2355 4959 2475 4996 ncm
2508 4942 2588 4995 vis
2639 4955 2765 4994 vera
2800 4940 2997 5003 dicere,
3029 4950 3082 4995 et
3130 4955 3229 4993 nos
3261 4937 3394 4991 Mosi
3443 4952 3548 5013 non
3599 4936 3893 4993 credemus,

2352 5031 2443 5099 qui
2497 5030 2574 5081 ait
2630 5029 2901 5083 heminem
2959 5043 3066 5083 non
3122 5028 3293 5081 fuisse
3342 5024 3781 5089 dissolvendum,
3836 5021 3893 5073 ita

2353 5123 2568 5176 volente
2601 5120 2753 5173 Deo?
2793 5119 3041 5175 Profecto
3076 5118 3491 5187 haudquaquam
3536 5113 3768 5169 difﬁcile
3806 5111 3892 5166 Deo

2353 5214 2569 5278 fuisset,
2602 5228 2722 5267 eum
2757 5214 2899 5283 quia
2933 5210 3280 5279 corruptione
3309 5206 3708 5275 occupabatur,
3737 5219 3891 5275 quan-

2354 5317 2468 5359 tutn
2524 5305 2586 5358 ad
2619 5307 2785 5373 ipsam
2816 5306 2934 5372 ejus
2986 5312 3232 5356 naturam
3282 5298 3578 5370 spectabat,
3616 5312 3844 5367 prorsus
3867 5310 3889 5345 ι

2352 5399 2699 5463 corruptione
2722 5397 2997 5449 vindicare
3027 5403 3183 5462 atque
3207 5403 3449 5447 asserere
3484 5389 3538 5443 in
3561 5391 3736 5442 vitam
3765 5401 3889 5442 seut-

2355 5483 2640 5556 pitcrnam.
2695 5487 2864 5555 Igitur
2912 5485 3013 5538 nisi
3050 5486 3115 5539 de
3164 5484 3357 5536 arbore
3407 5480 3636 5544 edisset,
3678 5484 3885 5531 mortem

2356 5593 2459 5630 nou
2508 5578 2766 5632 obitisset
2800 5575 3082 5641 Adatnus;
3118 5584 3171 5629 et
3214 5573 3337 5642 quia
3383 5571 3516 5635 cdit,
3547 5572 3711 5625 obiit.
3742 5568 3888 5623 Επιεο

2358 5685 2474 5723 runt
2512 5668 2661 5723 Plato
2709 5669 2847 5722 haud
2901 5677 3042 5722 rcctc
3080 5667 3172 5728 ait,
3229 5664 3415 5729 solent,
3461 5663 3673 5727 lunam,
3728 5661 3887 5718 stellas
