3982 6346
92 365 179 443 tos
634 398 637 401 ι
1161 377 1256 438 DE
1295 375 1702 438 PARADISO.
1737 401 1808 444 _—-
1847 358 2038 436 rans
2081 375 2198 435 III.

3206 371 3309 434 606

95 501 291 547 caeteras
332 487 668 544 immortales
710 500 856 554 esse,
890 490 1090 561 quippe
1117 489 1451 559 queanima
1487 487 1625 541 vita-
1654 494 1698 549 Α
1731 496 1895 555 atque
1943 485 2111 555 hujus
2164 485 2382 556 generis
2420 484 2545 549 alia,
2595 465 2884 540 diversum
2926 487 3058 555 quid
3090 480 3184 542 'ab
3241 501 3307 540 eo

92 596 184 652 que
215 588 445 634 careant.
579 624 582 626 η

584 717 585 720 η
638 668 867 724 CAPUT
907 668 1045 725 VIII.

89 763 304 832 Objcclio
352 759 612 816 Theodori.
646 771 698 816 et
731 761 990 827 Nestorii,
1036 771 1191 832 atque
1225 762 1337 829 ejus
1377 761 1625 830 factionis

341 891 350 898 η
714 832 964 901 aliorum.

150 944 306 998 Aiunt
339 940 659 998 Theodorus
689 953 763 998 .et
801 942 1097 998 ’Nestorius
1138 943 1339 1012 aliique
1385 942 1475 1011 qui
1526 941 1627 997 hos

86 1041 652 1104 scquuntur,‘mortem
693 1050 802 1088 non
827 1035 897 1089 ob
927 1044 1207 1104 peccatum
1245 1037 1488 1104 Iegemve
1523 1035 1617 1090 Dei

86 1124 341 1187 violatam,
385 1123 654 1178 invasisse
688 1138 860 1194 genus
899 1124 1227 1188 humanum,
1259 1125 1351 1180 sed
1404 1124 1624 1178 mortali

86 1229 184 1269 tos.
207 1215 517 1282 conditione
557 1231 586 1268 a
624 1215 738 1270 Deo
778 1216 992 1285 genitos
1023 1231 1181 1280 esse;
1219 1232 1395 1286 neque
1430 1231 1626 1285 quem-

83 1323 226 1377 quam
282 1307 387 1361 ulla
454 1307 664 1362 ratione
713 1307 906 1363 mortis
961 1305 1254 1363 terminum
1307 1323 1470 1378 quem
1535 1309 1625 1363 ille

84 1409 252 1454 nostro
311 1401 496 1466 generi
555 1409 874 1471 natumque
926 1405 1332 1472 prazstituerat,
1389 1403 1624 1457 vivendo

82 1507 528 1562 transgressurum
580 1493 790 1560 fuisse,
850 1496 1013 1549 etiam
1076 1495 1123 1550 si
1209 1494 1449 1549 Adumus
1512 1508 1621 1549 non

80 1583 378 1652 deliquisset
409 1599 425 1637 :
459 1585 628 1638 multa
655 1585 797 1638 enim
829 1583 1065 1639 absurda
1099 1585 1387 1654 consequi,
1421 1583 1527 1638 nisi
1569 1583 1621 1638 id

81 1677 142 1730 ita
175 1691 289 1732 esse
323 1664 650 1730 statuamus.
683 1674 796 1741 Qui
820 1675 986 1737 enim,
1024 1673 1300 1742 inquiunt,
1337 1673 1624 1728 conveniet

77 1770 259 1836 dicere,
309 1769 499 1834 Deum,
559 1766 716 1835 cujus
764 1767 1047 1820 consilium
1093 1775 1213 1819 erat
1254 1781 1357 1820 nos
1404 1765 1624 1820 efﬁcere

1728 578 2038 646 signiﬁcare
2062 578 2218 646 quod.
2240 577 2406 632 verba
2430 577 2617 631 audita
2655 593 2767 647 pra:
2799 593 2856 632 se
2882 577 3086 632 ferunt.
3119 578 3307 648 Itaque

1730 683 1826 738 per
1849 677 2067 734 tropum
2107 669 2361 723 similiter
2403 668 2716 737 accipienda
2746 683 2868 723 esse
2902 684 2962 722 ea
2995 668 3158 722 verba
3189 684 3306 739 qtne

1730 760 1892 814 nobis
1935 760 2205 814 Adamum
2260 774 2287 812 a
2326 759 2436 813 Deo
2481 759 2768 821 mortalem
2802 751 3008 814 natura?
3050 746 3278 829 prorrca

1730 861 1844 904 tum
1895 861 2224 915 memorant,
2270 865 2334 905 ac
2384 851 2584 916 deinde
2617 843 2790 918 legem
2841 852 2944 920 ipsi
2994 852 3306 921 impositam

1728 944 1922 1008 fuisse,
1977 956 2036 997 ut
2078 945 2122 998 si
2177 944 2361 997 ederet
2406 944 2472 998 de
2521 943 2730 998 arbore
2772 943 2896 1012 illa,
2955 953 3308 1000 moreretur:

1726 1050 1923 1104 nempe
1973 1033 2051 1088 ω’
2081 1050 2208 1089 cum
2272 1034 2489 1088 audiret
2535 1035 2792 1093 Adamus.
2827 1049 2885 1088 se
2925 1033 2996 1087 ob
3050 1024 3308 1090 violatam

1733 1126 1902 1194 legem
1947 1118 2113 1195 atque
2160 1125 2514 1180 rebellionem
2553 1125 2807 1193 paradiso
2842 1125 3061 1192 pulsum
3113 1127 3309 1191 mortis

1728 1230 1834 1284 que
1861 1215 2106 1270 deditum
2139 1229 2280 1278 esse,
2313 1214 2441 1269 odio
2479 1213 2705 1282 haberet
2734 1214 3050 1283 fugeretque
3096 1229 3306 1284 pecca-

1730 1316 1845 1360 tum
1900 1306 2388 1372 rebellionentque.
2439 1303 2546 1359 Sed
2598 1319 2697 1360 nos
2749 1305 2814 1359 ad
2854 1304 2968 1359 haec
3016 1308 3311 1372 responde-

1729 1411 1852 1453 mus
1903 1415 1917 1449 :
1963 1395 2080 1451 Non
2140 1386 2211 1450 ita
2265 1387 2514 1466 profecto
2542 1397 2716 1460 ,‘viri
2745 1436 2760 1458 ,
2821 1408 2979 1462 sacra
3021 1395 3307 1467 Scriptura

1726 1493 1967 1561 loquitur
1997 1502 2057 1547 ut
2090 1507 2188 1548 vos
2220 1491 2574 1557 existimatis,
2611 1491 2814 1562 quippe
2845 1506 3010 1562 quam
3050 1493 3309 1548 omnibus

1732 1586 1868 1641 locis
1894 1571 2101 1640 diserte
2134 1568 2575 1653 pronuntiantem
2624 1584 2979 1649 oﬁ‘endimns,
3016 1573 3304 1654 peccatum

1725 1677 1918 1732 Adatni
1975 1695 2199 1734 causam
2238 1678 2409 1734 fuisse
2451 1679 2666 1743 mortis,
2716 1669 2842 1732 cum
2891 1679 2966 1732 illi
3015 1679 3142 1749 ipsi,
3189 1688 3302 1733 tum

1728 1771 2000 1824 universas
2052 1770 2403 1838 posteritati,
2458 1769 2761 1824 sedundum
2813 1770 2942 1823 illud
2981 1783 3008 1824 τ’
3047 1770 3164 1837 Quo
3219 1769 3308 1824 die

78 1835 418 1923 immortales,
473 1868 697 1928 propter
745 1867 1026 1927 peccatum
1078 1856 1274 1926 fecisse
1332 1858 1627 1913 mortales?
1656 1835 1697 1894 Β
1726 1862 2015 1914 comederis
2048 1835 2113 1914 tle
2153 1860 2366 1926 urbere,
2392 1835 2395 1836 ν
2420 1868 2642 1914 mortem
2672 1868 2902 1928 appetes.
2954 1857 3022 1914 Et
3063 1835 3304 1916 rursus:

75 1950 252 2005 deinde
280 1950 324 2004 si
364 1959 591 2020 propter
622 1950 751 2003 Adai
786 1957 1066 2018 peccatum
1099 1963 1196 2003 nos
1231 1948 1428 2003 occidit
1455 1948 1618 2012 Deus,

75 2040 362 2104 Conficitur,
398 2051 451 2094 et
479 2043 660 2110 justos
696 2054 818 2094 eum
860 2034 1146 2093 occidisse
1176 2046 1398 2108 propter
1427 2051 1620 2106 pecca-

73 2142 222 2196 tores,
263 2145 316 2188 et
363 2125 591 2204 patrum
643 2133 907 2201 supplicia
969 2130 1037 2184 ad
1089 2131 1233 2184 ﬁlios
1290 2129 1618 2191 extendisse,

71 2239 284 2293 quorum
323 2232 617 2292 utrumque
651 2223 957 2292 improbum
984 2231 1110 2288 est;
1147 2223 1220 2302 ait
1251 2222 1396 2274 enim
1445 2235 1621 2289 neque

73 2321 233 2383 patres
263 2315 562 2370 morituros
602 2327 700 2382 pro
748 2312 897 2375 tiliis,
943 2327 1119 2381 neque
1152 2311 1292 2365 ﬁlios
1326 2325 1425 2380 pro
1451 2310 1620 2377 patri-

73 2407 179 2459 bus.
223 2404 357 2461 Tum
395 2415 470 2461 .ut
532 2407 723 2462 demus
777 2406 1046 2460 Adamum
1109 2405 1329 2467 obiisse,
1379 2405 1506 2471 quia
1554 2403 1621 2474 de

69 2497 247 2554 arbore
298 2498 562 2567 gustavit,
612 2513 775 2568 quam
819 2498 1088 2562 dicemus,
1141 2495 1276 2558 Noe,
1333 2494 1617 2551 Melchise-

69 2591 226 2655 deeo,
271 2591 590 2645 Abrahamo
635 2591 828 2645 mortis
869 2589 1044 2644 fuisse
1077 2603 1321 2652 causam,
1376 2586 1620 2657 profecto

71 2682 212 2737 hodie
247 2684 458 2762 nullum
489 2691 574 2738 est
593 2683 793 2749 scelus,
814 2689 907 2736 aut
940 2681 1143 2752 grande
1174 2688 1267 2734 aut
1304 2682 1441 2745 leve,
1471 2680 1618 2749 quod

73 2787 91 2824 a
129 2774 367 2842 patribus
409 2772 708 2828 admissum
741 2773 794 2827 in
836 2773 958 2826 ﬁliis
1003 2772 1275 2825 vindicat:
1301 2772 1420 2844 quis
1455 2772 1621 2840 igitur

71 2863 322 2918 existimet
366 2864 439 2918 ob
484 2865 600 2917 leve
649 2864 782 2917 illud
835 2863 964 2916 Adae
1005 2872 1313 2931 peccatum,
1372 2850 1499 2929 quia
1553 2862 1620 2915 de

73 2951 231 3007 fructu
269 2954 440 3007 vetito
489 2954 844 3023 gustavisset,
889 2954 1193 3007 universam
1243 2952 1618 3021 posteritatem

73 3053 226 3098 morte
257 3044 522 3098 multari?
560 3043 625 3096 Et
653 3058 780 3098 vero
830 3045 876 3098 is
916 3043 1023 3097 Deo
1069 3058 1188 3098 mos
1239 3051 1322 3098 est
1369 3054 1427 3098 ut
1462 3044 1619 3098 malis

1728 1953 2237 2017 Quia—auscultasti
2287 1954 2403 2007 voci
2453 1936 2638 2007 uxoris
2693 1961 2800 2006 tua
2839 1960 2996 2020 atque
3035 1953 3192 2006 edisti
3244 1953 3307 2007 de

1723 2047 1910 2106 arbore
1949 2060 2054 2114 qua
2095 2045 2191 2098 tibi
2240 2043 2642 2108 interdixeram,
2690 2031 2980 2099 maledicta
3027 2054 3136 2099 esto
3165 2052 3311 2098 terra

1721 2148 1935 2208 propter
1967 2149 2033 2191 te.
2076 2137 2141 2190 Et
2179 2136 2325 2206 apud
2360 2137 2545 2191 divum
2577 2135 2807 2191 Paulum
2842 2136 3118 2207 legimus:
3154 2135 3310 2192 Sicut

1721 2247 1810 2300 per
1833 2246 1993 2282 unum
2019 2229 2278 2283 hominem
2301 2240 2572 2297 peccatum
2601 2229 2836 2299 introivit
2871 2229 2925 2283 in
2951 2235 3224 2290 mundum,
3257 2239 3306 2282 et

1723 2339 1814 2391 per
1847 2333 2118 2390 peccatum
2167 2337 2307 2374 mors
2335 2322 2376 2383 ⁸.
2429 2329 2535 2386 c,tc.
2586 2319 2654 2393 Et
2697 2320 2827 2375 alibi
2862 2340 2876 2376 :
2913 2317 3056 2374 Nam
3114 2325 3314 2390 absque.

1723 2411 1833 2482 lege
1885 2405 2158 2480 peccatum
2209 2418 2325 2463 erat
2381 2421 2688 2475 mortuum;
2748 2427 2840 2480 ego
2893 2421 3016 2463 vero
3075 2410 3309 2464 vivebam

1721 2504 1989 2574 quondam
2036 2502 2231 2571 absque
2282 2501 2394 2571 lege
2437 2501 2566 2569 (hoc
2598 2509 2704 2564 est,
2740 2496 3039 2556 cunt‘nihil
3078 2502 3311 2558 mortale

1721 2594 2074 2663 cogitarem);
2116 2609 2272 2662 porro
2329 2609 2464 2672 cum.
2503 2595 2746 2658 venisset
2786 2595 3103 2647 mandatum
3163 2595 3310 2662 (ipso

1722 2685 1930 2739 scilicet
1962 2686 2189 2752 violato)
2227 2686 2418 2738 reuixit
2455 2696 2754 2752 peceatum,
2787 2703 2882 2755 ego
2915 2703 3034 2744 vero
3065 2696 3307 2741 mortuus

1723 2792 1860 2839 sum,
1900 2787 1949 2828 et
1978 2777 2244 2830 inventum
2285 2784 2362 2833 est
2391 2778 2704 2830 mandatum
2737 2778 2968 2848 quodut
3009 2778 3116 2831 vita
3151 2788 3306 2844 esset,

1725 2869 1914 2921 datum
1958 2869 2134 2937 fuerat
2170 2868 2241 2929 (ei
2275 2869 2368 2936 qui
2398 2869 2804 2941 ipsiparceret)
2837 2872 2968 2924 mihi
2999 2873 3113 2941 (qui
3148 2872 3306 2944 fregi)

1722 2949 1942 3017 mortem
1993 2964 2245 3031 a/ferre".
2315 2963 2434 3016 Alia
2495 2975 2760 3032 przeterea
2843 2966 3078 3034 plurima
3137 2981 3308 3024 sacrae

1726 3055 2027 3124 Scripturze
2060 3057 2176 3108 loca
2211 3057 2364 3110 facile
2409 3056 2677 3121 invenias,
2719 3073 2844 3128 qua:
2886 3055 3009 3112 cum
3053 3057 3145 3114 his
3176 3074 3311 3115 con-

73 3134 300 3204 ignoscat
327 3135 600 3192 bonorum
657 3138 849 3206 gratia,
907 3152 1014 3190 non
1074 3150 1252 3190 autem
1313 3147 1371 3188 ut
1420 3132 1618 3206 pro'bos
1650 3167 1693 3223 ο
1729 3156 1949 3215 gruant,
1989 3157 2154 3217 atque
2197 3149 2400 3202 diserte
2454 3158 2833 3225 tuortemper
2868 3159 3152 3228 peccatum
3207 3167 3309 3206 nos

73 3224 438 3294 improborum
477 3242 641 3282 causa
669 3229 876 3297 perdat,
911 3237 1074 3297 atque
1110 3238 1168 3283 ut
1203 3244 1300 3299 pro
1329 3228 1426 3284 sua
1457 3229 1618 3283 mise-

71 3319 312 3386 ricordia,
345 3313 640 3390 'grandiu'm
669 3321 997 3388 flagitiorum
1033 3322 1265 3390 gratiam
1311 3323 1626 3376 hominibus

72 3410 236 3478 faciat,
275 3423 490 3469 tantum
520 3415 699 3481 abest,
751 3425 811 3469 ut
835 3416 950 3470 leve
1003 3415 1271 3484 piaculum
1305 3415 1624 3484 gravissima

68 3516 216 3567 ptena
242 3504 506 3559 vindicet.
541 3505 762 3569 Adhaec,
794 3506 835 3558 si
869 3514 1088 3574 propter
1116 3513 1401 3573 peccatum
1433 3519 1624 3557 aman-

68 3594 166 3647 dati
194 3611 387 3652 sumus
411 3596 462 3650 in
506 3597 654 3652 hunc
685 3603 948 3651 mundum
978 3597 1377 3661 dissolubilcm,
1410 3590 1620 3663 magna:

71 3685 303 3753 profecto
322 3689 516 3759 gratiae
536 3689 840 3743 debeantur
866 3692 1110 3757 peccato.
1133 3699 1189 3742 ut
1210 3690 1352 3757 quod
1376 3689 1625 3743 emendae

71 3775 224 3846 hujus
268 3780 518 3834 mortalis
547 3781 812 3834 machina:
847 3796 1010 3834 causa
1043 3781 1226 3834 fuerit.
1277 3780 1543 3835 Praeterea
1575 3784 1621 3835 si

68 3867 297 3925 Adamus
345 3870 568 3934 occidit,
605 3871 695 3939 qui
729 3872 991 3939 peccavit,
1024 3887 1124 3926 cur
1161 3860 1269 3925 non
1305 3873 1627 3928 occiderunt

6 4009 10 4016 .
68 3958 332 4016 daemones
359 3961 520 4031 longe
561 3962 785 4030 majoris
821 3961 1006 4030 ﬂagitii
1039 3964 1164 4017 rei?
1207 3963 1262 4016 Si
1304 3964 1447 4019 dicat
1478 3967 1622 4032 quis,

66 4047 183 4116 hos.
214 4051 404 4104 animo
450 4050 766 4106 occidisse;
799 4052 949 4120 atqui
1005 4067 1104 4104 cur
1162 4051 1407 4106 Adamus
1461 4054 1623 4105 etiam

66 4143 328 4211 corpore?
375 4142 442 4200 Et
467 4144 553 4198 his
587 4141 889 4197 confecisse
918 4150 1133 4212 putant,
1177 4144 1468 4205 Adamum,
1510 4147 1624 4199 sive

67 4219 425 4288 abstinuisset
455 4234 521 4288 ab
547 4232 743 4310 arb’ore
770 4247 873 4301 qua
908 4233 1007 4286 sibi
1035 4234 1216 4287 fuerat
1249 4233 1622 4299 interdictum,

65 4326 172 4380 sive
209 4342 318 4380 non
386 4325 742 4380 abstinuisset
772 4340 998 4395 prorsus
1051 4327 1379 4380 moriturum
1430 4327 1621 4389 fuisse,

61 4410 176 4472 cum
229 4413 380 4473 essét
421 4417 879 4471 natura.mortali
935 4417 1204 4472 conditus.
1251 4417 1520 4471 (Steterunt
1570 4417 1625 4468 in

1729 3237 1994 3290 invasisse
2028 3246 2344 3292 testentur.~
2367 3238 2434 3290 At
2476 3238 2523 3291 si
2571 3238 2684 3291 haec
2732 3253 2840 3291 non
2871 3240 3141 3307 recipitis,
3177 3255 3304 3309 pro-

1725 3323 1861 3380 ferte
1893 3327 2049 3380 nobis
2082 3343 2247 3380 unum
2290 3327 2524 3396 aliquem
2559 3328 2740 3380 locum
2763 3329 2843 3382 .in
2869 3343 2980 3397 quo
3022 3330 3305 3399 Scriptura

1725 3416 1890 3480 dit-at,
1943 3432 2042 3470 nos
2100 3428 2206 3469 non
2264 3421 2403 3470 mori
2453 3405 3048 3487 proriter'pcccatum,
3116 3437 3304 3474 verum

1730 3507 1952 3574 quando
2013 3506 2315 3558 illiusmodi
2369 3506 2522 3572 locus
2575 3523 2843 3576 nusquam
2897 3519 3001 3573 est,
3071 3511 3306 3564 alterum

1730 3597 1864 3650 illud
1903 3613 2088 3651 verum
2122 3598 2193 3651 sit
2223 3612 2446 3655 necesse
2476 3607 2580 3651 est.
2613 3595 2801 3669 Neque
2835 3599 2980 3654 enim
3016 3613 3311 3656 consenta-

1729 3704 1889 3742 neum
1949 3701 2042 3744 εει
2091 3700 2150 3744 ut
2200 3705 2267 3743 co
2323 3690 2612 3758 repudiato
2664 3690 2813 3760 quod
2864 3693 3040 3748 sacris
3083 3692 3310 3751 Litteris

1728 3781 2377 3850 proditumiqvcnintus,
2437 3783 2488 3836 id
2544 3777 2942 3851 amplectamur
2971 3786 3119 3855 quod
3173 3803 3308 3841 nus-

1734 3888 1899 3942 quam
1939 3875 2202 3942 scriptum
2252 3883 2452 3928 exstat.
2501 3873 2638 3928 Nam
2689 3876 2754 3930 ad
2804 3891 2866 3931 ea
2913 3877 3024 3930 duo
3058 3893 3180 3946 quas
3211 3893 3310 3931 vos

1728 3980 1827 4018 ceu
1864 3965 2102 4018 absurda
2150 3981 2213 4018 ex
2260 3977 2451 4020 nostra
2494 3967 2584 4020 illa
2635 3969 2905 4023 sententia
2945 3970 3309 4040 colligeltatis,

1728 4073 1920 4126 nempe
1963 4056 2132 4112 Deum
2177 4055 2430 4134 occidere
2457 4059 2655 4129 .jnstos
2688 4069 2912 4130 prOpter
2958 4061 3213 4132 iniustos,
3248 4070 3304 4115 et

1727 4159 1947 4219 patrum
1993 4150 2202 4204 scelera
2250 4151 2445 4219 punire
2498 4151 2552 4204 in
2587 4152 2738 4217 filiis,
2779 4148 3134 4208 dicimus'ea
3163 4155 3309 4209 haud

1729 4245 1857 4298 inde
1909 4246 2215 4313 consequi:
2251 4260 2428 4315 neque
2477 4245 2621 4300 enim
2676 4245 2844 4300 Deum
2903 4256 3124 4316 propter
3177 4246 3306 4322 Adae

1729 4335 2066 4404 impietatem
2116 4336 2385 4390 occidere
2421 4335 2594 4404 ipsius
2644 4345 2900 4405 posteros
2950 4336 3065 4391 sive
3099 4319 3307 4406 probos

1731 4429 1843 4479 sive
1891 4425 2196 4493 improbos,
2246 4435 2304 4478 ut
2353 4440 2530 4494 neque
2571 4425 2713 4481 ﬁlios
2745 4428 2827 4481 ob
2851 4441 2912 4479 ea
2957 4442 3081 4495 quae
3123 4435 3306 4493 patres

62 4503 172 4579 ejus
200 4509 502 4580 Scriptura:
524 4508 961 4576 'verbis‘tropum
995 4524 1140 4573 esse,
1187 4525 1307 4577 quae
1339 4508 1412 4561 ita
1450 4508 1624 4576 loqui-
1649 4511 1704 4569 D
1735 4527 2018 4586 patravere
2057 4517 2260 4588 flagitia
2294 4534 2310 4572 ξ
2347 4519 2438 4571 sed
2472 4516 2652 4584 fuerat
2689 4518 2930 4573 Adamus
2963 4528 3157 4572 natura
3184 4519 3308 4588 qui-

41 4609 244 4672 Vturac
278 4601 325 4656 si
367 4600 540 4653 Adam
580 4608 797 4669 propter
829 4594 1113 4669 peccatum
1163 4599 1430 4653 obivisset
1480 4616 1621 4653 mor-

65 4702 184 4759 tem,
234 4693 495 4747 nimirum
551 4701 609 4745 ut
641 4709 764 4746 cum
801 4693 890 4745 ille
921 4693 1136 4746 audiret
1191 4687 1472 4761 peccatum
1515 4693 1615 4746 sibi

66 4787 250 4841 mortis
309 4799 535 4857 causam
593 4786 782 4848 fuisse,
845 4785 970 4838 odio
1026 4784 1266 4848 haberet,
1317 4787 1617 4852 vitarctqne

61 4888 337 4943 peccatum
361 4869 384 4930 ἐ
416 4877 873 4946 quemadmodum
903 4876 1090 4928 multis
1128 4875 1250 4928 aliis
1291 4876 1425 4928 locis
1462 4885 1617 4943 tropo
1657 4874 1663 4892 ‘

61 4980 156 5018 usa
208 4975 291 5020 est
337 4963 663 5034 Scriptura,
719 4975 777 5019 ut
823 4981 944 5019 cum
1006 4966 1170 5019 habet
1220 4985 1232 5019 :
1279 4965 1343 5018 Et
1399 4968 1616 5019 tentavit

60 5056 310 5114 Dominus
345 5059 723 5114 (Abrahamum
755 5060 815 5127 ³;
850 5075 1026 5127 neque
1059 5061 1202 5114 enim
1256 5061 1421 5115 Deum
1474 5062 1618 5116 facto

61 5149 292 5216 periculo
345 5167 483 5219 Opus
530 5152 748 5226 habere.
795 5151 1008 5206 Rursus
1054 5153 1147 5206 ubi
1177 5153 1274 5216 ait,
1305 5152 1474 5207 Deum
1525 5170 1618 5208 vo-

62 5237 226 5294 luisse
285 5242 592 5296 interﬁcere
655 5242 900 5308 Mosem,
959 5244 1146 5298 uxoris
1215 5253 1391 5297 tamen
1453 5259 1619 5312 Opera

62 5330 333 5398 placatum
416 5334 696 5389 dimisisse
765 5335 926 5405 illum
1001 5334 1339 5403 impuncm‘.
1380 5334 1618 5389 Etcum

63 5432 266 5487 narrat,
326 5421 610 5480 Christum
657 5423 840 5479 Jesum
893 5426 1020 5479 inde
1083 5439 1113 5478 a
1161 5439 1320 5480 mane
1370 5425 1619 5494 jejunum

62 5523 218 5582 atque
277 5514 585 5572 famelicum
640 5518 940 5574 accessisse
989 5518 1054 5570 ad
1113 5518 1272 5573 ficum
1310 5501 1617 5583 arborem,

60 5603 236 5660 alieno
287 5622 317 5660 a
374 5608 493 5665 ticis
555 5612 844 5666 nascendis
897 5619 1138 5679 tempore
1164 5612 1206 5667 ⁵.
1262 5610 1384 5665 Haec
1435 5613 1618 5676 enim,

1729 4612 1850 4664 dem
1909 4610 2160 4663 mortalis
2217 4610 2472 4676 genitus,
2524 4610 2954 4663 ronservabatur
3016 4621 3197 4664 tamen
3253 4609 3307 4663 in

1727 4703 2136 4756 immortalitate
2187 4717 2281 4770 per
2334 4700 2752 4755 Eﬁectoris-sui
2814 4702 3200 4772 benignitatem
3254 4713 3307 4754 ct

1726 4795 1996 4862 gratiam;
2049 4795 2139 4846 sed
2192 4795 2281 4846 ubi
2317 4795 2488 4862 legem
2523 4793 2784 4846 violasset
2834 4798 3007 4862 atque!
3037 4793 3300 4861 deliquis-

1728 4893 1827 4946 set,
1879 4885 2116 4937 removit
2168 4884 2236 4936 ab
2295 4886 2411 4952 ipso
2472 4881 2611 4936 Deus
2661 4897 2814 4935 suam
2877 4882 3301 4936 immortalitatis

1726 4975 1974 5045 gratiam,
2016 4984 2177 5043 atque
2211 4983 2322 5027 tum
2361 4975 2445 5028 ille
2473 4964 2598 5031 talis
2634 4976 2836 5029 mansit
2869 4973 3046 5052 qualis
3081 4963 3300 5048 alioqui

1727 5077 1920 5119 natura
1973 5060 2188 5129 fuerat;
2250 5068 2352 5119 hoc
2406 5079 2509 5132 est,
2578 5067 2840 5121 mortalis.
2878 5064 3005 5117 Sed
3058 5064 3204 5120 enim
3246 5066 3292 5119 si

1727 5165 1854 5210 ante
1919 5159 2180 5211 amissam
2245 5158 2671 5212 immortalitatis
2723 5157 2951 5225 gratiam
3011 5155 3101 5210 ille
3161 5155 3299 5210 filius

1728 5258 2093 5319 procreasset,
2152 5259 2263 5302 tum
2322 5265 2453 5303 vero
2509 5251 2615 5305 dici
2665 5250 2955 5318 potuisset,
3006 5263 3102 5303 eos
3151 5247 3299 5302 illius

1726 5341 1869 5396 filios
1920 5343 2010 5418 qui
2067 5342 2202 5396 nihil
2249 5351 2594 5411 peccassent,
2650 5341 3077 5395 immortalitatis
3123 5339 3297 5404 gratia

1724 5435 1926 5488 merito
1970 5435 2349 5490 destituendos
2403 5419 2530 5489 non.
2567 5433 2758 5488 fuisse.
2822 5433 3018 5488 Verum
3078 5433 3300 5501 quando

1724 5537 1847 5593 post
1880 5527 2131 5596 adeptam
2158 5517 2282 5582 sibi
2325 5529 2540 5582 demum
2588 5525 3015 5581 immortalitatis
3064 5528 3297 5595 gratiam

1726 5619 1932 5686 prolem
1970 5618 2192 5688 gignere
2218 5618 2403 5686 erepit,
2447 5619 2497 5674 id
2527 5618 2669 5690 quod
2703 5618 2873 5687 ipsius
2897 5626 3091 5673 natura
3126 5618 3296 5672 habe-

128 5775 466 5848 ’Gen.’xxn,
497 5785 548 5840 I.
626 5784 833 5842 ‘Exod.
871 5803 939 5851 tv,
970 5785 1058 5838 ει.
1135 5785 1154 5815 ⁵
1179 5783 1343 5841 Marc.
1377 5801 1450 5853 xi,
1484 5787 1567 5842 I5.
1647 5789 1666 5819 '
1690 5789 1845 5845 llotn.
1883 5808 1933 5856 ν,
1977 5792 2075 5852 l2,
2140 5799 2156 5829 ⁷
2181 5793 2336 5859 Rom.
2374 5812 2468 5855 vn,
2502 5795 2553 5848 8.
2589 5795 2644 5849 9.
