3982 6346
670 333 778 399 eos
806 416 811 419 ν

1880 340 2159 423 ΤΗΕΟΙ).
2228 343 2786 425 mmmam“,

3819 354 3888 418 603

670 451 765 504 bat
788 487 805 514 ,
859 430 1270 505 transnritteha’t
1329 448 1386 504 in
1424 449 1567 506 filios
1600 469 1615 506 :
1652 451 1707 507 id
1759 467 1892 509 vero
1932 455 2080 525 quod
2131 465 2263 513 ante
2289 475 2338 523 Α
2366 477 2476 516 non
2504 460 2853 527 deliciarum,
2881 468 2943 517 ut
2966 476 3067 519 vos
3084 461 3432 534 existimatis.
3458 464 3707 537 Denique
3730 476 3890 538 quod:

667 541 937 597 amiserat
969 558 1149 612 neque
1167 543 1280 611 jam
1314 553 1431 602 tum
1470 547 1729 615 habebat,
1773 548 2031 605 conferre
2061 550 2117 605 in
2152 551 2258 609 hos

669 648 780 686 non
814 633 1019 700 potuit.
1069 632 1321 691 Mortalis
1367 636 1554 707 itaque
1601 639 1863 694 mortales
1902 643 2251 710 procreavit;

554 724 555 727 “
666 718 835 793 atque
867 724 999 778 hinc
1033 726 1283 781 omnium
1330 740 1591 796 nepotum
1626 745 1780 785 mors
1811 744 2113 788 consecuta
2143 747 2253 800 est,

666 828 778 871 non
813 824 997 869 autem
1045 832 1111 872 ex
1159 818 1308 874 illius
1337 820 1563 875 delicto.
1599 820 1714 875 lmo
1744 837 1876 876 vero
1906 824 1955 877 si
2003 836 2258 882 accurate

666 920 856 961 sacras
888 895 1143 964 Litteras
1198 911 1567 979 perlustretis,
1615 915 1743 974 erit,
1794 914 1885 967 ubi
1937 928 1992 970 et
2032 918 2255 991 quando

552 1002 559 1008 '
668 995 839 1050 Deum
877 999 1181 1066 peremisse
1224 1001 1365 1057 Illius
1400 1020 1498 1072 per
1548 1014 1763 1075 patrum
1816 1023 2045 1066 causam
2097 1010 2253 1064 inve-

643 1088 869 1161 ,niatis.
899 1089 1037 1145 Nam
1093 1094 1236 1161 apud
1270 1093 1583 1149 Samuelem
1636 1099 1902 1168 scriptum
1944 1108 2027 1154 est
2060 1116 2075 1153 :
2109 1099 2254 1165 Quia

627 1179 915 1251 ‘reeordor
958 1180 1076 1250 ejus
1129 1183 1268 1250 quod
1318 1184 1536 1237 Amalec
1594 1184 1718 1255 fecit
1778 1185 1977 1241 Israelt‘
2038 1188 2253 1242 exeunti

660 1266 919 1340 λῖθνρεο.
943 1271 1073 1325 “de
1096 1280 1174 1336 tu.
1201 1270 1358 1343 Scal,
1378 1286 1429 1329 et
1448 1285 1683 1346 pugnata
1708 1277 1960 1333 adversus
1982 1278 2131 1350 Agag
2158 1295 2253 1348 po-

664 1361 951 1432 pulumque
990 1363 1158 1431 ipsius
1179 1362 1225 1429 ⁸,
1279 1368 1403 1421 etc.’
1440 1366 1510 1422 Et
1556 1368 1689 1423 alibi
1736 1370 2001 1441 scriptum
2049 1380 2248 1437 exstat,

662 1462 888 1521 propter
938 1452 1163 1525 pavidis
1208 1466 1493 1524 peccatum
1545 1473 1747 1515 mores
1789 1461 1964 1527 ipsius
2022 1471 2251 1517 constu-

660 1543 907 1612 prandas
936 1559 1060 1600 esse
1075 1545 1121 1599 '.
1163 1544 1229 1623 Et
1257 1562 1452 1604 rursus
1492 1550 1549 1603 in
1577 1548 2008 1607 Gabaonitarum
2038 1555 2249 1624 gratia-

666 1650 787 1688 rum
836 1647 1161 1705 peremptos
1220 1654 1346 1694 esse
1402 1644 1702 1711 suspendio
1753 1659 1785 1699 a
1845 1644 2053 1701 Davide
2106 1646 2250 1702 ﬁlios

2360 551 2705 621 damonibus
2741 552 3041 624 collegistis
3076 565 3488 629 argumentum,
3512 560 3610 627 qui
3651 559 3753 614 etsi
3791 561 3893 617 deli-

2359 656 2600 713 querunt
2645 646 2813 700 etiam
2860 646 3110 714 gravius,
3165 663 3275 703 non
3323 660 3509 704 tamen
3577 659 3709 706 sunt
3762 666 3895 708 morte

2359 732 2617 797 multati,
2686 733 2767 787 sic
2817 733 3175 809 dissolvimus
3227 736 3576 800 :daamonas,
3637 739 3767 808 quia
3808 756 3897 795 sese

2358 823 2687 877 extulissent
2723 832 2887 892 atque
2936 816 3032 895 per
3081 826 3401 895 superbiam
3440 826 3773 896 iactassent,
3808 832 3896 886 ideo

2357 909 2675 967 deturbatos
2730 925 2853 967 esse
2878 927 2899 963 :
2937 927 3044 966 non
3091 922 3305 967 autem.
3341 913 3413 968 ob
3452 926 3735 983 peccatum
3787 933 3897 971 mor-

2357 1013 2502 1066 tuos,
2536 1004 2665 1072 quia
2698 1018 2729 1057 a
2759 1018 2944 1058 rerum
2971 1003 3206 1059 Parente
3237 1005 3367 1072 Deo,
3401 1017 3597 1061 natura
3634 1008 3897 1064 immortali

2354 1093 2576 1147 fuerant
2603 1092 2957 1162 praedititum
2986 1109 3111 1149 cum
3144 1095 3532 1166 gignebantur,
3559 1097 3715 1167 prius
3741 1112 3898 1167 nempe

2354 1199 2519 1254 quam
2567 1172 2884 1255 peccassent
2916 1202 2932 1239 :
2963 1186 3235 1242 Adamum
3285 1203 3416 1242 vero
3464 1199 3746 1258 mortuum
3788 1205 3901 1256 esse,

2353 1274 2483 1344 quia
2528 1274 2783 1344 adempta
2829 1273 2932 1343 ipsi
2982 1282 3103 1330 erat
3153 1274 3588 1333 immortalitatis
3638 1277 3808 1347 gratia
3849 1280 3899 1332 ob

2354 1356 2655 1420 admisium
2701 1377 3008 1436 peccatum.
3048 1363 3237 1436 Neque
3263 1381 3395 1423 vero
3434 1368 3634 1423 iisdem
3668 1368 3902 1424 omnibus

2353 1456 2520 1511 rebus
2551 1455 2765 1527 praditi
2801 1470 2994 1512 sumus
3025 1470 3148 1523 nos,
3180 1457 3602 1527 damenesque;
3634 1474 3742 1525 nos
3778 1461 3901 1514 enim

2350 1564 2448 1604 sua
2478 1547 2623 1603 Deus
2654 1550 2827 1619 gratia
2859 1549 3133 1619 dignatur,
3174 1549 3295 1606 illos
3328 1564 3461 1605 vero
3487 1550 3743 1616 minime,
3792 1561 3909 1605 tam.

2349 1640 2452 1693 etsi
2493 1636 2727 1708 plurima
2786 1637 2999 1692 ratione
3044 1637 3303 1707 polleant.
3338 1638 3510 1709 Igitur
3538 1654 3609 1694 ex
3641 1640 3733 1695 his
3759 1642 3905 1696 omni-

661 1723 890 1796 Rephat.
942 1727 1068 1783 tiliae
1114 1729 1343 1798 Aius“;
1376 1746 1544 1800 porro
1592 1735 1740 1804 quod
1787 1750 1889 1791 ceu
1941 1736 2246 1792 absurdum
2280 1803 2316 1810 _
2352 1731 2456 1786 bus
2503 1729 3107 1810 dilucide,coniicitur,
3160 1745 3260 1786 nos
3305 1730 3377 1786 ob
3427 1742 3717 1810 peccatum
3770 1736 3903 1789 mori.

660 1905 836 1963 fuisse
880 1910 1302 1978 respondemus,
1330 1910 1384 1966 id
1415 1928 1646 1983 prorsus
1678 1913 1881 1970 falsum
1932 1930 2057 1971 esse
2084 1927 2249 1987 atque

566 2071 570 2075 θ
660 1998 1114 2067 abominandum.
1189 2000 1413 2058 Interim
1470 2004 1576 2059 hoc
1654 2005 1888 2061 libenter
1964 2007 2246 2073 fatemur,

650 2092 936 2145 mundum
972 2105 1099 2147 esse
1123 2092 1364 2149 hominis
1391 2098 1699 2164 peccatoris
1728 2112 1895 2152 causa
1924 2099 2245 2165 conditum;

651 2178 825 2249 idque
885 2181 990 2237 hac
1032 2183 1243 2238 ratione
1294 2202 1313 2239 :
1361 2200 1489 2240 nam
1539 2188 1716 2242 Adam
1760 2189 2096 2258 simulatque
2129 2191 2247 2245 for-

658 2281 846 2328 matus
894 2281 1039 2338 erat,
1086 2275 1378 2332 traductus
1421 2286 1508 2334 est
1542 2280 1596 2334 in
1626 2281 1969 2349 paradisum,
2005 2297 2108 2337 ceu
2159 2283 2242 2337 Io-

660 2378 787 2418 cum
822 2365 1089 2431 medium,
1121 2374 1185 2421 ut
1216 2367 1261 2420 si
1290 2378 1511 2437 pareret
1542 2370 1646 2440 legi
1678 2372 1735 2426 in
1759 2372 1986 2428 calcate
2010 2387 2240 2443 regnum

659 2453 1080 2523 subveheretur,
1133 2457 1219 2512 sin
1261 2460 1448 2515 minus
1489 2468 1707 2529 pareret
1749 2462 2136 2519 detruderetur
2185 2465 2241 2519 in

660 2543 809 2598 hunc
841 2546 1130 2611 mundum,
1167 2547 1219 2601 id
1241 2550 1387 2617 quod
1426 2549 1557 2605 alibi
1604 2560 1691 2606 est
1720 2567 1753 2607 a
1798 2551 1960 2609 nobis
1999 2553 2242 2623 explica-

661 2649 799 2692 tum.
855 2640 954 2694 Est
1007 2641 1176 2711 igitur
1222 2642 1463 2699 hominis
1519 2647 1827 2715 peccatoris
1876 2645 2083 2716 gratia,
2129 2659 2240 2699 non

660 2741 843 2785 autem
876 2732 1109 2800 peccati,
1140 2732 1373 2789 eﬂ'ectus
1401 2734 1508 2790 iste
1537 2737 1778 2792 mundus
1803 2754 1821 2804 ;
1856 2737 2018 2791 vallis
2041 2752 2240 2806 nempe

660 2818 1032 2889 lacrymarum
1082 2823 1329 2898 et'locus
1355 2826 1610 2880 dolorum
1671 2828 1993 2898 umbraeque
2042 2814 2240 2882 mortis

544 1868 547 1871 ,
662 1816 945 1887 colligitis,
978 1828 1291 1888 peccatum,
1330 1824 1556 1897 creandi
1586 1803 1751 1893 hujus
1791 1827 1981 1880 mundi
2016 1841 2244 1881 causam

2355 1809 2837 1874 Verumenitnve'ro
2894 1821 2943 1875 si
2985 1829 3271 1891 propterea
3331 1803 3580 1891 regnavit
3638 1822 3694 1875 in
3748 1834 3905 1876 nostra

2354 1919 2898 1981 naturapeccatum,
2956 1912 3085 1981 quia
3152 1911 3328 1967 Adam
3390 1914 3790 1983 prevaricatus
3846 1924 3911 1967 est

2355 2011 2548 2058 contra
2585 2001 2758 2070 legem
2807 2001 2928 2065 Dei,
2958 2010 3166 2068 quanto
3196 2002 3372 2071 magis
3407 2002 3841 2071 jttstilicabimur
3871 2015 3909 2055 et

2356 2094 2703 2151 servabimur
2731 2107 2830 2162 per
2856 2093 3023 2148 vitam
3072 2090 3303 2156 Christi,
3341 2092 3432 2162 qui
3463 2104 3519 2149 et
3562 2104 3801 2149 mortem
3833 2109 3906 2149 su-

2352 2186 2566 2259 peravit
2604 2194 2656 2241 et
2684 2192 2940 2238 naturam
2991 2191 3239 2239 nostram
3271 2182 3427 2247 vicit,
3465 2184 3737 2254 ﬁamque
3773 2186 3907 2239 nobis

2353 2278 2568 2350 aperuit
2613 2276 2809 2332 salutis
2840 2290 2968 2330 eum
3007 2274 3076 2330 de
3118 2275 3262 2331 etelo
3295 2275 3363 2330 ad
3413 2290 3516 2331 nos
3545 2276 3906 2339 descenderet,

2353 2386 2461 2441 qua
2494 2379 2779 2439 pergentes
2814 2367 3225 2437 perveniremus
3256 2364 3310 2419 in
3332 2352 3528 2420 beatas
3558 2365 3909 2421 habitationes

2346 2464 2544 2516 domus
2588 2458 2768 2515 Patris
2823 2456 2970 2511 illius
3015 2456 3159 2525 :qui
3210 2468 3335 2509 cum
3390 2452 3555 2511 Patre
3613 2465 3673 2511 et
3726 2457 3905 2527 Spiritu

2346 2562 2539 2611 sancto
2591 2552 2864 2613 laudetur,
2918 2546 3155 2619 gloriose
3192 2543 3525 2616 praedicetur
3568 2556 3628 2601 et
3666 2546 3913 2603 adoretur

2346 2660 2448 2716 pro
2478 2643 2652 2699 tantis
2684 2640 2973 2702 beneﬂciis
2994 2653 3118 2709 qua:
3146 2637 3202 2692 in
3234 2637 3541 2693 humanum
3578 2653 3767 2708 genus
3794 2654 3908 2694 con~

2346 2736 2492 2802 tulit,
2545 2734 2676 2790 hinc
2726 2746 2900 2804 usque
2945 2730 3002 2784 in
3049 2728 3440 2801 generationes
3484 2718 3911 2800 gene'rationutn.

2341 2830 2538 2881 Amen.

666 2990 671 2996 ‘
726 2987 792 3041 ⁸1
819 2989 959 3065 Reg.
994 3009 1083 3061 av,
1113 2994 1169 3049 2.
1245 2998 1267 3028 ’
1292 2995 1334 3049 Il
1358 2997 1491 3070 lleg.
1520 3014 1621 3063 xtl,
1660 2999 1746 3053 Il.
1825 3000 1870 3032 ¹⁶
1895 2999 1933 3052 Il
1971 3000 2105 3070 Reg.
2130 3006 2252 3065 ιιι,
2280 2997 2335 3063 8,
2364 2996 2419 3052 9.

665 3174 3909 3226 Μ

1952 3356 2122 3403 ANNO
2170 3356 2395 3403 DOIINI
2439 3356 2635 3403 CXLVI

791 3536 2131 3796 THEODOBUS
2257 3534 3793 3813 DAPHNOPATA

2041 3992 2591 4100 NOTITIA.

1666 4225 1849 4283 (Oudin
1880 4223 1951 4273 De
1989 4221 2163 4284 script.
2187 4221 2392 4281 eccles.,
2424 4225 2542 4270 tom.
2571 4219 2633 4279 Il,
2660 4235 2707 4283 p.
2750 4221 2879 4281 με.)

730 4376 1056 4433 Theodorus
1089 4374 1465 4449 Daplmopata,
1509 4372 1719 4443 primus
1752 4386 1780 4424 a
1811 4370 2038 4425 secretis
2077 4378 2243 4441 atque
2296 4366 2563 4438 patricius
2594 4365 2739 4436 apud
2770 4365 3322 4440 Constantinopolim,
3356 4372 3555 4429 claruit
3587 4389 3749 4433 anno
3787 4376 3907 4435 956;

653 4466 814 4535 cujus
870 4450 1203 4518 mentionem
1260 4460 1469 4517 faciunt
1522 4458 1762 4515 Joannes
1820 4458 2081 4527 Scylitzes
2125 4471 2188 4510 ac
2238 4455 2507 4522 Georgius
2560 4453 2859 4530 Cedrenus,
2892 4463 3119 4539 uterque
3173 4458 3234 4513 in
3282 4458 3653 4518 Historiarum
3689 4481 3904 4520 suarum

659 4551 955 4618 proatmt't's,
999 4559 1164 4618 atque
1200 4549 1342 4602 inter
1369 4562 1466 4601 eos
1493 4548 1585 4617 qui
1618 4543 1918 4600 Historiam
1952 4543 2305 4615 Byzantinam
2331 4543 2447 4598 sive
2473 4540 3133 4610 Constantinopolitanam
3167 4546 3520 4615 scripserunt,
3569 4554 3902 4621 pracipuos:

660 4640 732 4693 ibi
774 4642 953 4693 locum
984 4638 1215 4695 obtinet.
1250 4634 1488 4690 Etatem
1521 4650 1629 4705 qua
1663 4634 1799 4688 vixit
1831 4635 2033 4690 indicat
2081 4633 2258 4687 oratio
2292 4628 2465 4698 ipsius
2511 4630 2565 4681 in
2622 4644 2835 4680 manum
2870 4626 2927 4681 S.
2964 4626 3318 4684 Pnzcursoris
3345 4630 3636 4700 Baptista,
3674 4655 3811 4707 quae
3832 4640 3905 4693 diu

651 4740 961 4796 magnaque
1023 4724 1387 4792 cura,'inquit
1437 4723 1617 4778 Cavus
1653 4722 1894 4785 tumoll,
1931 4736 2026 4776 seu
2091 4729 2311 4797 parte.“
2380 4714 2636 4769 Historia:
2694 4714 2989 4779 litterariae,
3016 4716 3082 4770 ad
3132 4732 3333 4772 annum
3364 4720 3903 4797 956,Antiochizin
3962 4720 3963 4795 ξ

652 4792 959 4882 ιθιιῖριοίῐ).
997 4810 1140 4865 Petri
1198 4810 1466 4863 custodita
1517 4808 1716 4873 fuerat,
1757 4824 1919 4878 quam
1977 4808 2195 4861 tandem
2233 4792 2371 4859 clam
2432 4803 2699 4872 surripuit
2726 4804 2899 4857 Jobus
2925 4804 3145 4871 quidam
3186 4804 3452 4862 diaconus
3477 4792 3896 4885 'Autiochenus,

651 4909 706 4955 et
737 4896 870 4953 urbe
904 4908 1068 4954 noctu
1101 4912 1375 4971 egressus,
1405 4895 1804 4953 Chalcedonem
1838 4894 2050 4968 detulit,
2082 4893 2173 4946 ubi
2206 4892 2567 4960 imperatoria:
2601 4890 2809 4944 triremi
2845 4891 2909 4943 ad
2947 4890 3048 4943 hoc
3107 4891 3281 4959 ipsum
3326 4893 3541 4948 emissa!
3581 4897 3895 4969 impositam

649 4987 978 5042 illustriores
1025 4994 1307 5040 senatores
1341 4986 1695 5053 procedentes
1728 4983 1965 5046 obviam,
2015 4997 2139 5035 cum
2174 4978 2465 5047 Polyeucto
2496 4975 2808 5055 patriarcha
2858 4984 2913 5029 et
2957 4975 3211 5031 universo
3233 4978 3378 5032 clero
3414 4988 3470 5033 et
3510 4985 3752 5052 pepulo.
3788 5004 3895 5041 cum

652 5075 850 5141 cereis,
878 5073 1087 5127 lacibus
1143 5080 1199 5125 et
1256 5071 1548 5138 sumtibus,
1583 5086 1703 5126 eam
1762 5071 1816 5123 in
1878 5068 2137 5138 palatium
2190 5067 2554 5128 deduxerunt,
2604 5077 2745 5117 anno
2774 5062 2987 5117 circiter
3032 5062 3158 5129 956,
3196 5062 3467 5121 referente
3498 5068 3617 5126 haec
3651 5072 3895 5129 Cedreno

653 5161 911 5216 Historiae
942 5157 1362 5214 Gnaeo-Latiare
1401 5175 1522 5228 pag.
1550 5158 1674 5214 640.
1711 5157 1832 5212 Mox
1863 5158 2174 5212 institutum
2213 5153 2377 5223 hujus
2416 5148 2808 5205 Translationt's
2837 5150 3058 5214 festum,
3095 5161 3149 5205 et
3179 5151 3279 5208 hac
3303 5157 3597 5212 occasione
3627 5176 3794 5218 anno
3828 5179 3897 5219 se-

654 5247 865 5320 quenti.
896 5263 1018 5302 cum
1048 5246 1423 5301 anniversaria
1456 5246 1615 5301 istius
1647 5245 1773 5301 festi
1818 5245 2022 5299 rediret
2053 5243 2395 5305 solemnitas,
2428 5242 2568 5296 hanc
2621 5241 2922 5294 orationem
2972 5240 3294 5296 Theodorus
3338 5244 3549 5311 habuit,
3580 5250 3667 5302 uti
3712 5268 3893 5305 nume.

657 5341 736 5393 ris
764 5334 911 5402 XVI,
938 5334 1105 5398 XVII,
1137 5332 1307 5387 XVIII
1332 5343 1387 5389 et
1420 5333 1566 5402 XIX,
1596 5335 1713 5404 ipse
1738 5334 1942 5405 prolixe
1974 5338 2184 5386 narrat.
2221 5328 2360 5384 Ilinc
2394 5329 2512 5399 ejus
2545 5339 2676 5384 tetas
2700 5329 2942 5399 alioquin
2973 5331 3107 5384 satis
3142 5335 3376 5385 obscura
3410 5333 3560 5389 clare
3586 5336 3893 5408 deprehea-
3962 5320 3963 5361 ³

653 5425 822 5481 ditur.
844 5422 967 5478 ﬂ.ee
990 5438 1056 5477 ex
1084 5421 1381 5477 Laurentio
1412 5424 1575 5477 Surio
1602 5423 1781 5477 Cavus
1812 5422 1930 5477 loco
1959 5420 2212 5489 allegato.
2240 5418 2472 5487 Scripsit
2497 5434 2716 5488 quoque
2738 5416 3036 5473 Historiam
3060 5419 3169 5474 sive
3192 5418 3487 5475 Chronicon
3507 5421 3888 5495 Byzantina,
3962 5444 3963 5495 χ

655 5514 801 5585 quod
834 5510 1065 5582 posteris
1089 5510 1281 5565 invidit
1312 5510 1496 5580 lapsus
1528 5510 1789 5580 temporis
1819 5482 2300 5562 omnium'edacis.
2344 5482 2414 5560 Ᾱι
2448 5482 2553 5563 alia
2596 5482 2754 5561 nobis
2804 5518 3096 5576 supersunt
3146 5503 3269 5576 ejus
3311 5524 3500 5578 opera,
3527 5482 3661 5582 q'ua:
3700 5482 3888 5572 uti...
3960 5482 3963 5555 1

654 5601 931 5658 Theodori
960 5600 1193 5667 posteris
1223 5608 1498 5671 utcunque
1526 5608 1766 5654 servant.
1800 5597 2026 5653 Exstant
2055 5596 2299 5666 ejusdem
2328 5595 2736 5664 Apanthismata
2772 5596 2888 5648 sive
2917 5591 3157 5647 Flosculi
3184 5610 3246 5647 ea:
3288 5598 3448 5651 variis
3468 5603 3653 5654 sancti
3675 5603 3891 5659 Joannis

655 5689 1021 5760 Chrysostomi
1080 5689 1316 5756 operibus
1373 5691 1603 5757 excerpti
1657 5690 1800 5744 inter
1848 5702 1980 5741 mss.
2010 5687 2226 5741 codices
2278 5683 2622 5737 bibliothecae
2672 5681 2976 5735 Bodleian-.0
3005 5680 3165 5737 codd.
3193 5682 3331 5737 25H
3381 5693 3439 5740 et
3467 5685 3637 5753 2545,
3672 5692 3737 5745 in
3774 5709 3888 5747 mss.

658 5780 883 5836 Thomtn
922 5772 1128 5847 Bedleii
1161 5776 1321 5834 codd.
1345 5777 1452 5833 εει
1477 5776 1677 5843 c1255,
1710 5790 1940 5845 quorum
1973 5775 2183 5844 primus
2214 5776 2452 5833 continet
2484 5774 2748 5845 ejusmodi
2801 5771 3115 5842 Eclngarunt
3161 5788 3442 5833 sermones
3484 5777 3575 5846 52,
3616 5784 3889 5839 secunde:

3934 2822 3963 3291 l

3952 3686 3963 4019 l
