3982 6346
155 309 242 368 an
1581 292 1727 351 NOT

1801 292 1912 350 'IA-
3270 288 3373 350 GI.)

151 421 296 474 codex
319 423 584 468 sermones
620 408 688 463 M
722 424 786 461 ιι
812 406 1202 477 Chrysostomo
1232 414 1520 475 excerptos
1573 419 1668 473 per
1697 403 2048 458 Theodorum
2093 401 2416 473 magistrum
2445 402 2651 459 o'rmce.
2682 403 2850 460 Iidem
2879 411 2936 458 ct
2957 401 3015 458 in
3056 404 3378 474 Augustana

148 503 433 562 bibliotheca
459 497 645 552 codice
687 495 756 551 68
789 496 842 550 in
873 495 1161 550 sermones
1189 495 1261 549 56
1296 477 1730 556 distribuuntur,
1759 485 1868 546 etcl
1918 487 1984 543 Et
2016 490 2070 544 in
2105 489 2184 544 '33
2216 490 2396 559 capita
2438 489 2626 550 divisi.
2653 507 2786 547 mss.
2810 477 3048 563 quidem
3081 489 3136 544 in
3168 490 3375 545 biblio-

149 596 279 646 tbeca
331 586 566 641 Ca'sarea
616 581 1052 646 Vindobonensi,
1079 582 1363 640 codicibus
1426 595 1561 636 mss.
1621 579 1948 648 theologicis
2004 577 2213 632 Grrecis
2269 575 2428 632 CLIII
2465 587 2519 632 et
2549 577 2736 642 CLIV,
2762 588 2821 633 ut
2849 579 3016 634 habet
3048 579 3379 636 Lambecius

145 693 272 734 tomo
302 674 383 730 IV.
414 671 948 725 Cotumcntariorum
989 671 1154 739 hujus
1191 669 1554 744 bibliothecas,
1589 684 1710 738 pag.
1751 667 1850 721 137
1879 677 1931 720 ct
1963 664 2085 729 159,
2110 666 2176 719 ad
2205 664 2380 720 dictos
2408 666 2628 720 codices
2672 667 2756 722 his
2789 669 2970 722 verbis
3003 685 3019 720 :
3057 684 3076 718 ι
3117 665 3380 720 Theodori

142 766 469 836 Daphnopatc
497 759 907 829 Apantbismata
954 760 1062 812 sive
1091 758 1324 826 ﬂosculi,
1364 771 1429 811 ea:
1454 757 1616 811 variis
1651 756 1824 810 sancti
1859 752 2088 807 Joannis
2119 752 2486 826 Chrysostomi
2527 755 2774 824 operibus
2811 755 3063 821 decerpti,
3103 765 3157 810 et
3203 756 3257 808 iu
3288 772 3384 809 ca-

142 857 234 924 pita
268 853 331 906 33
361 848 539 914 divisi,
582 850 699 916 ipsa
749 847 886 901 tituli
937 845 1114 901 Graeci
1160 847 1322 900 verba
1379 855 1530 905 sunt.
1577 846 1714 898 Ἀπα

1815 859 2001 913 σματα
2038 842 2136 896 τοῦ
2176 845 2238 896 ἐν
2274 843 2458 911 ἁγίοις
2509 843 2725 912 Πατρδς
2771 843 2935 914 ἡμῶν
2987 843 3241 896 Ἰωάννου
3282 843 3379 896 τοῦ

137 936 516 1012 Χρυσοπόμου,
548 933 980 1005 ἁναοροισθέντα
1015 935 1166 1003 napi
1197 932 1370 1003 κυροῦ
1405 931 1688 1003 Θεοδώρου

1807 930 1815 981 i
1851 931 2265 1000 Δαφνοπάτους.
2295 932 2526 985 Exstant
2547 932 2770 1004 quidem
2809 934 2926 986 haec
2958 932 3379 999 Apantbismata

138 1031 180 1082 in
206 1041 414 1097 cperam
475 1024 653 1078 sancti
707 1019 936 1078 Ioannis
987 1022 1369 1093 Chrysostomi
1426 1021 1670 1074 editione
1719 1018 1910 1074 Graeca
1943 1017 2220 1071 Saviliana
2263 1025 2412 1071 tomo
2450 1015 2564 1082 VII,
2597 1031 2722 1085 pag.
2756 1017 2884 1083 665,
2915 1029 2968 1074 et
3028 1020 3082 1073 in
3136 1019 3384 1073 editione

134 1110 523 1170 Greco-Latina
551 1109 921 1165 Frontoniana
961 1120 1108 1164 torno
1143 1108 1230 1173 VI,
1260 1125 1381 1178 pag.
1415 1109 1552 1173 663;
1584 1109 1678 1162 sed
1707 1109 1842 1162 ordo
1881 1117 1935 1180 et
1966 1122 2232 1162 numerus
2281 1109 2576 1178 utrobique
2631 1109 2909 1178 discrepat
2956 1109 3029 1165 ab
3065 1110 3167 1164 hoc
3193 1110 3384 1164 codice

131 1205 374 1266 Ctesarco,
401 1209 458 1254 ut
489 1198 794 1254 conferenti
825 1198 958 1252 mihi
987 1198 1181 1267 patuit.
1233 1198 1531 1268 lusignitur
1560 1208 1751 1250 auctor
1787 1194 1948 1248 titulo
1987 1196 2420 1258 protosecretarii
2451 1211 2514 1249 ac
2563 1196 2810 1264 patricii,
2839 1205 2894 1250 et
2927 1197 3049 1250 sine
3088 1196 3259 1250 dubio
3291 1197 3382 1251 illo

130 1293 228 1361 ipsc
258 1297 356 1348 est.
390 1289 418 1341 ὁ
449 1285 816 1356 Δαφνοπάτης
843 1285 1142 1355 Θεόδωρος,
1169 1287 1262 1354 qui
1320 1302 1347 1338 a
1403 1281 1614 1339 Joanne
1667 1283 1702 1336 S

1807 1291 1902 1336 illi!
1941 1291 1995 1335 et
2025 1280 2264 1350 Georgio
2315 1281 2564 1337 Cedreno
2623 1285 2678 1337 in
2739 1299 2968 1338 suarum
3006 1282 3379 1338 Historiarum

131 1377 380 1433 Prmriis
411 1375 634 1436 citatur,
670 1382 720 1429 et
757 1375 897 1429 inter
922 1387 1018 1428 eos
1049 1375 1140 1442 qui
1186 1371 1482 1440 Historiam
1531 1370 1888 1442 Iiyzautinatn
1939 1371 2057 1429 sive
2096 1369 2202 1424 ΟΡ.
2239 1371 2612 1440 particulatim
2643 1373 3006 1440 scripserunt,
3040 1373 3381 1444 praecipuum

124 1468 187 1521 ibi
217 1465 384 1520 locum
417 1463 647 1517 obtinet.
687 1463 880 1516 Exstat
909 1476 1127 1531 quoque
1177 1461 1232 1514 in
1293 1460 1482 1513 eadem
1530 1459 1861 1513 bibliotheca
1893 1457 2169 1520 Czesarea,
2204 1467 2264 1512 ut
2299 1467 2533 1513 testatur
2565 1460 2707 1514 idem
2761 1459 3089 1515 Lambecius
3131 1474 3282 1516 totno
3309 1458 3382 1515 IV

121 1554 339 1622 ejusdem
371 1549 739 1614 Bibliotheca,
770 1563 896 1619 pag.
931 1547 1024 1613 60,
1061 1549 1115 1602 in
1151 1546 1346 1602 codice
1374 1563 1480 1602 ms.
1504 1543 1841 1616 Theulogico
1879 1545 2074 1600 Graeco
2099 1545 2236 1610 CXI,
2271 1562 2426 1602 num.
2459 1547 2515 1612 5,
2540 1556 2597 1604 et
2621 1549 2842 1618 quidem
2873 1564 2904 1603 a
2931 1547 3027 1603 fol.
3052 1548 3146 1615 8'1,
3176 1564 3301 1621 pag.
3329 1550 3380 1614 I,

121 1657 273 1712 usque
304 1639 369 1694 ad
399 1637 495 1692 fol.
528 1638 620 1701 98.
649 1652 772 1714 pag.
807 1636 864 1698 2,
897 1634 1163 1692 Theodori
1198 1635 1360 1705 primi
1391 1651 1424 1688 a
1464 1637 1683 1688 secretis
1713 1645 1761 1688 et
1791 1627 2042 1696 Patricii.
2075 1645 2421 1703 cognomento
2455 1635 2846 1705 Daphnopatat,
2887 1639 3065 1692 oratio
3109 1638 3174 1691 de’
3219 1653 3384 1691 manu

119 1728 169 1784 S.
195 1727 412 1782 Joannis
451 1724 736 1795 Baptistae,
764 1725 1051 1778 Antiochia
1077 1721 1606 1790 Constantinopolim
1635 1723 1926 1785 translata,
1963 1721 2126 1791 cujus
2159 1723 2353 1776 titulus
2396 1733 2451 1778 et
2505 1725 2862 1794 principium,
2897 1723 3183 1796 Θεοδώρου
3229 1742 3385 1796 πρω-

114 1817 474 1887 τοασηκρήτου
506 1814 602 1867 καὶ
633 1811 954 1882 πατρικίου,
981 1809 1077 1863 τοῦ
1118 1809 1503 1878 Δαφνοπάτου,
1545 1809 1705 1876 λόγος
1734 1810 1816 1870 εἰς
1851 1809 1953 1880 τὴν
1998 1810 2059 1876 ἐξ
2093 1808 2432 1880 Ἀντιοχείας
2475 1811 2823 1884 ἀνακομιδὴν
2873 1813 2975 1885 τῆς
3027 1815 3238 1884 σεμνῆς
3285 1813 3382 1867 καὶ

113 1903 284 1967 τιμίας
309 1900 493 1972 χειρὸς
527 1899 629 1953 τοῦ
673 1897 836 1968 ἁγίου
889 1896 1166 1963 Ἰωάννου,
1193 1895 1289 1950 τοῦ
1324 1894 1648 1967 Προδρόμου
1697 1897 1793 1950 καὶ
1829 1897 2170 1953 Βαπτιστοῦ,
2214 1896 2456 1968 Incipit;
2503 1899 2638 1953 Ἰδοὺ
2670 1902 2767 1954 καὶ
2799 1901 2972 1956 πάλιν
3003 1904 3138 1972 ἡμῖν
3178 1906 3208 1956 ὁ
3235 1901 3386 1972 ἱερὸς

113 1990 195 2044 τοῦ
221 1989 457 2061 Χριστοῦ
488 1983 814 2060 ἐπεδήμησε
862 1987 1202 2058 Πρόδρσμος,
1240 1983 1352 2037 τῶν
1394 1983 1565 2037 αὺτοῦ
1620 1984 1868 2055 χαρίτων
1903 1982 2194 2064 ἁναδιδοζος
2249 1988 2504 2055 ἀφθόνως
2546 1987 2617 2042 τὰ
2654 1989 2900 2058 νάματα.
2936 1991 3130 2046 Exstat
3157 1991 3381 2062 quidem

115 2078 214 2133 lucc
239 2078 414 2132 oratio
464 2077 610 2144 apud
668 2074 1025 2130 Laurentium
1064 2071 1288 2128 Surium
1349 2082 1498 2127 tonio
1538 2069 1605 2125 IV
1641 2071 1718 2126 De
1782 2074 2022 2142 probatis
2080 2072 2184 2131 SS.
2242 2077 2506 2132 Histeriis
2541 2079 2630 2132 die
2662 2079 2734 2134 29
2762 2081 3020 2151 Augusti,
3056 2082 3149 2135 sed
3182 2079 3382 2135 Latine

111 2176 302 2221 tantum
335 2175 393 2220 et
434 2164 648 2234 absque
699 2162 922 2218 nomine
978 2162 1220 2215 auctoris
1249 2160 1336 2214 sui
1370 2158 1634 2214 Theodori
1685 2160 2074 2232 Daphnopata,
2114 2160 2420 2234 incipitque
2450 2170 2522 2221 ab
2553 2231 2556 2236 _
2587 2167 2674 2222 his
2707 2168 2890 2224 verbis
2920 2188 2936 2222 :
2970 2168 3110 2224 Ecce
3147 2171 3219 2224 ad
3279 2186 3379 2224 nos

109 2269 281 2308 rursus
310 2238 451 2307 venit
477 2259 859 2306 sacrosanctus
893 2246 1098 2303 Christi
1125 2246 1458 2310 Prwcursor,
1501 2247 1708 2300 abunde
1744 2249 1950 2318 ﬂuenta
1998 2253 2244 2305 emittens
2314 2269 2540 2307 suarum
2587 2256 2914 2325 gratiarum.
2957 2256 3220 2327 Ejusdem
3253 2273 3381 2313 ura-

109 2341 260 2396 tionis
277 2339 344 2395 de
361 2340 726 2394 translatione
756 2352 952 2392 manus
972 2334 1032 2390 S.
1049 2335 1278 2390 Joannis
1303 2334 1579 2404 Baptista,
1599 2335 1847 2390 meminit
1868 2338 2034 2391 etiam
2061 2336 2170 2391 Leo
2198 2333 2432 2392 Allatius
2455 2341 2509 2392 in
2532 2339 2776 2395 Diali-ilia
2797 2341 2874 2395 De
2895 2341 3218 2413 ngeonum
3242 2345 3384 2397 scri-

105 2429 221 2496 ptis,
247 2443 367 2496 pag.
400 2425 492 2492 96,
527 2420 837 2495 ibidemque
867 2439 928 2478 ea
960 2423 1148 2478 itidem
1184 2431 1245 2477 ut
1274 2423 1328 2476 in
1358 2423 1465 2476 hoc
1499 2423 1689 2477 codice
1728 2438 1831 2477 ms.
1859 2424 2134 2490 Caesareo,
2155 2419 2482 2481 attribuitur
2503 2425 2780 2482 Theodoro
2817 2428 3206 2497 Daphnopata’.
3232 2429 3380 2485 Idem

105 2515 320 2569 Allatius
347 2513 549 2570 ibidem
573 2528 696 2583 pag.
715 2509 787 2565 87
805 2511 977 2566 aliam'
999 2510 1300 2565 orationem
1325 2506 1600 2563 Theodori
1646 2508 2017 2581 Daphnopata:
2063 2513 2272 2582 profert
2305 2510 2371 2566 In
2417 2513 2770 2570 Nalivitatem
2806 2515 3191 2583 Praecnrsoris,
3213 2519 3296 2581 ei;
3321 2519 3385 2572 τὸ

105 2607 333 2672 γενέσιον
358 2603 455 2658 τοῦ
481 2602 670 2673 τιμίου
694 2601 1035 2674 Προδρόμου,
1059 2588 1187 2671 (ιιιαὲ
1211 2600 1402 2670 incipit
1434 2601 1496 2654 Et
1531 2602 1630 2670 μὲν
1658 2603 1677 2653 ἐ

1809 2598 1813 2645 i
1848 2601 2022 2666 Λόγου
2057 2600 2238 2669 κῆρυξ
2267 2601 2364 2656 καὶ
2388 2601 2720 2672 πρόδρομος,
2742 2613 2908 2672 atque
2939 2607 2995 2658 in
3025 2604 3214 2660 codice
3241 2606 3381 2662 1074

106 2690 358 2748 Vaticano
393 2691 658 2745 tribuitur
683 2689 1024 2750 Theodoreti)
1052 2689 1191 2759 tlyri
1216 2689 1495 2758 episcopo,
1537 2687 1883 2759 Gsobopirou-
1913 2688 2220 2740 ἐπισκόπου
2269 2688 2481 2758 Κύρου,
2512 2691 2673 2757 cujus
2705 2692 2854 2746 inter
2892 2697 3067 2761 Opera
3101 2695 3373 2764 impressa
3461 2681 3464 2684 ’

102 2779 276 2835 Cra-ce
323 2788 381 2834 et
428 2777 623 2832 Latine
669 2777 967 2831 invenitur.
1017 2776 1097 2830 Ad
1147 2777 1403 2830 eumdem
1450 2774 1802 2830 Theodorum
1847 2773 2575 2849 Daphnopatamgpcrtinct,
2616 2777 2934 2832 Encontium
2983 2784 3160 2835 sancti
3210 2780 3382 2836 Pauli

101 2866 316 2936 apostoli
343 2881 412 2919 ea;
440 2865 661 2918 diversis
695 2864 996 2929 collectum,
1040 2864 1200 2932 cujus
1229 2863 1477 2916 meminit
1503 2861 1613 2918 Leo
1645 2863 1879 2918 Allatius
1914 2864 1967 2916 in
2005 2865 2246 2919 Diatriba
2287 2862 2365 2918 De
2395 2863 2747 2934 Symeonibus
2777 2883 2899 2937 pag.
2926 2885 3009 2924 ιιι.
3055 2870 3377 2940 Ἐγκὼμ-ιον

100 2958 202 3010 ἀπὸ
235 2956 518 3026 διαφόρων
563 2953 740 3022 λόγων
771 2953 864 3007 τοῦ
897 2953 1312 3024 Χρυσοστόμου,
1345 2954 1427 3016 εἰς
1472 2952 1564 3006 τὸν
1609 2953 1672 3021 ἆγ

1814 2951 2120 3005 ἀπόστολον
2150 2952 2366 3007 Παῦλον
2409 2955 2513 3006 sub
2546 2957 2770 3008 nomine
2808 2954 3076 3010 Theodori
3106 2958 3379 3026 magistri,

97 3054 146 3097 et
172 3045 382 3112 incipit,
416 3045 526 3112 Τῆς
563 3043 661 3112 μὲν
687 3041 1008 3112 ἐπιγραφῆς
1038 3039 1147 3093 τῶν
1179 3040 1563 3094 ἁποστολικῶν
1597 3057 1669 3111 πρ

1801 3059 1876 3093 iw.
1898 3039 2034 3093 Nam
2069 3051 2128 3094 ut
2156 3052 2329 3096 notati
2355 3038 2598 3096 Savilius
2631 3044 2696 3096 ad
2735 3043 3147 3109 Apantltismata
3179 3047 3373 3111 citata,

98 3131 300 3184 illorum
337 3143 532 3185 auctor
559 3131 613 3184 in
646 3145 781 3184 mss.
813 3130 1096 3183 codicibus
1125 3127 1388 3184 Vaticano
1423 3138 1476 3182 et
1511 3128 1783 3193 Palatino,
1805 3129 1982 3184 fertur
2017 3127 2326 3184 Theodorus
2356 3130 2632 3198 magister,
2664 3131 2760 3200 qui
2793 3132 2849 3186 in
2879 3132 3134 3188 Caesareo
3160 3135 3370 3190 diserte

96 3219 442 3288 Daplrnopata
483 3219 808 3288 appellatur.
850 3219 1027 3286 Atque
1049 3219 1214 3271 etiam
1245 3219 1348 3271 hoc
1380 3215 1697 3271 Encomium
1729 3217 1998 3287 reperitur
2031 3219 2173 3272 inter
2223 3219 2639 3286 Apantltismata
2691 3223 2840 3275 varia
2891 3222 3057 3290 hujus
3093 3223 3376 3278 Theodori

97 3319 148 3366 in
176 3310 419 3365 editione
451 3309 754 3372 Saviliana,
782 3305 1017 3376 Operutn
1047 3306 1155 3359 divi
1188 3306 1582 3375 Chrysostomi.
1613 3305 1672 3359 In
1711 3304 2105 3360 Dissertatione
2139 3305 2210 3358 De
2239 3305 2503 3374 Operibns
2545 3309 2720 3361 sancti
2755 3306 2986 3364 Joannis
3015 3298 3382 3383 Chrysostomi

92 3398 407 3466 cditis,cap.
435 3395 489 3460 9,
521 3395 758 3449 Savilius
815 3394 980 3450 refert
1041 3392 1346 3462 Florigeria
1378 3391 1573 3446 XXXI
1629 3407 1694 3446 ca:
1729 3391 1984 3446 Homiliis
2037 3395 2213 3446 sancti
2277 3394 2504 3474 Joannis
2561 3393 2936 3467 Cltrysostomi
2993 3401 3240 3470 decerpta
3287 3417 3382 3471 per

95 3482 424 3538 Theodorum
448 3484 765 3553 magistrum
797 3482 864 3536 de
893 3496 1004 3552 quo
1045 3482 1345 3550 loquimur,
1381 3497 1505 3551 qua:
1554 3481 1718 3536 habet
1755 3482 1937 3534 dictus
1981 3479 2222 3536 Savilius
2259 3492 2410 3536 toruo
2439 3479 2548 3546 VII,
2581 3498 2704 3552 pag.
2741 3485 2849 3538 665
2881 3486 3144 3542 editionis
3175 3489 3381 3544 Graecae

92 3571 381 3627 Etonensis
418 3586 591 3640 usque
621 3571 688 3624 ad
731 3569 1023 3640 Florilegia
1047 3567 1317 3636 XLVIII,
1345 3569 1553 3624 additis
1598 3583 1797 3638 nempe
1823 3567 1880 3632 5,
1912 3569 1965 3632 9,
2007 3567 2095 3631 II,
2124 3567 2218 3628 22,
2249 3569 2343 3633 28,
2397 3566 2488 3633 52,
2534 3569 2625 3627 33.
2660 3569 2752 3632 39,
2786 3570 2878 3635 ιο,
2907 3573 3002 3638 41,
3034 3573 3126 3637 42,
3159 3574 3249 3636 45,
3284 3575 3377 3638 44,

85 3659 174 3735 45,
201 3659 295 3723 46,
331 3658 402 3712 47
440 3657 610 3712 et48.
648 3657 846 3711 Verum
888 3671 954 3711 es
988 3658 1073 3712 his
1116 3673 1277 3726 quam
1319 3658 1552 3726 plurima
1599 3667 1972 3725 excerpuutur
2009 3672 2074 3710 ex
2101 3658 2210 3711 illis
2255 3657 2500 3712 homiliis
2531 3673 2654 3726 qua:
2679 3671 3000 3728 supersunt,
3034 3670 3202 3731 atque
3240 3666 3380 3718 adeo

88 3747 212 3801 alibi
240 3748 537 3801 habentur.
576 3746 650 3799 De
686 3746 772 3799 his
803 3753 985 3798 autem
1015 3745 1087 3799 ita
1123 3743 1364 3800 S:IVIIIIIS
1402 3745 1457 3798 in
1489 3746 1635 3800 notis
1681 3747 1748 3800 ad
1794 3754 2006 3801 tomum
2047 3744 2158 3807 VII,
2189 3751 2297 3802 col.
2335 3745 2442 3802 9I9
2478 3748 2742 3801 editionis
2773 3750 2886 3804 suae
2915 3748 3123 3806 Graeca
3150 3771 3163 3805 :
3189 3754 3379 3822 Apon-

95 3835 407 3888 thismatum
437 3848 687 3886 numerus
749 3832 804 3885 in
855 3832 1234 3902 manuscriptis
1269 3831 1379 3901 fere
1426 3831 1518 3894 52,
1553 3833 1623 3887 53
1653 3832 1730 3886 vel
1757 3833 1850 3898 3i,
1880 3834 2076 3904 quibus
2105 3835 2152 3887 si
2181 3837 2366 3888 demas
2411 3833 2465 3896 9,
2511 3835 2598 3897 II,
2627 3849 2674 3888 et
2709 3837 2802 3900 28,
2839 3850 3126 3906 supersunt
3169 3851 3378 3904 tantum

56 3986 62 3992 ι
89 3925 268 3992 capita
291 3923 358 3978 3|
381 3960 399 3985 ,
424 3919 748 3988 Eciogarum
775 3921 984 3973 nomine
1002 3920 1130 3988 jure
1167 3919 1449 3973 censenda.
1487 3918 1655 3974 Plura
1685 3921 1755 3975 de
1779 3922 1866 3976 his
1906 3923 1963 3976 in
1991 3921 2394 3977 Dissertatione
2429 3921 2503 3974 De
2546 3925 2809 3992 Uperibns
2860 3923 3376 3997 Chrysostomiunis,

85 4024 207 4080 cap.
241 4009 298 4086 9,
330 4007 400 4062 ad
429 4007 576 4077 quod
633 4006 895 4060 lectorem
950 4006 1244 4070 mittimus,
1269 4007 1530 4073 omnibus
1580 4021 1648 4090 es
1706 4006 1916 4062 Savilio
1947 4011 2212 4080 acceptis.
2250 4010 2352 4066 llic
2384 4008 2712 4066 Theodorus
2746 4023 2938 4068 noster
2975 4017 3360 4086 Daphnopata,

83 4097 437 4170 postmodum
474 4096 615 4151 'aula
686 4095 1039 4164 imperatoris
1094 4094 1374 4159 derelicta,
1425 4109 1522 4162 pro
1563 4111 1717 4150 more
1776 4095 2098 4152 Graecorum
2147 4099 2477 4162 multorum,
2512 4099 2750 4170 elegisse
2800 4106 3162 4160 monasticam
3203 4110 3370 4161 vitam

85 4168 325 4251 videtur,
349 4193 515 4254 atque
547 4181 836 4252 scripsisse
853 4180 1182 4235 ‘Encomium
1217 4184 1272 4235 in
1301 4193 1550 4236 sanctum
1573 4181 1888 4254 Gregorium
1922 4182 2339 4240 Nasiansenum
2369 4195 2418 4240 et
2454 4168 2992 4257 Constantinopoleos
3019 4195 3379 4263 archiepisco-

81 4289 229 4340 pum,
263 4273 346 4327 uti
376 4263 540 4326 habet
561 4269 770 4346 Petrus.
789 4268 1121 4325 Lambecius
1153 4272 1293 4326 libro
1320 4285 1373 4327 vt
1404 4270 1943 4328 Commentariorum
1986 4272 2298 4330 Bibliothec
2317 4289 2346 4327 ο
2373 4273 2642 4330 Cicsarea:
2671 4278 3307 4352 Vindobonensis,parte
3331 4299 3373 4350 ι,

82 4361 149 4416 ad
175 4362 423 4418 codicem
457 4375 562 4416 ms.
587 4359 883 4430 juridicutn
915 4357 1166 4415 Graecum
1195 4375 1348 4414 num.
1390 4360 1481 4437 10,
1511 4359 1723 4431 pag)36
1748 4360 1836 4415 his
1869 4361 2094 4418 verbis:

160 4487 182 4528 ι
216 4475 443 4554 Decimo
475 4473 775 4544 etquidem
805 4488 835 4531 a
865 4473 995 4529 folio
1019 4473 1149 4539 221,
1176 4489 1297 4545 pag.
1337 4476 1390 4540 I,
1432 4490 1608 4545 usque
1655 4475 1724 4529 ad
1771 4473 1968 4530 folium
2009 4473 2139 4538 292,
2170 4491 2295 4548 pag.
2334 4474 2394 4542 2,
2432 4478 2694 4532 Theodori
2723 4480 2973 4554 Magistri
3005 4489 3180 4541 oratio
3213 4506 3373 4543 enco-

85 4548 336 4618 miastica
370 4563 425 4617 in
473 4572 719 4616 sanctum
751 4559 1065 4630 Gregorium
1118 4560 1556 4627 Nazianzenum,
1589 4578 1656 4618 cu

1803 4563 2000 4620 titulus
2044 4573 2102 4644 et
2133 4563 2466 4636 principium
2499 4584 2514 4619 :
2544 4567 2722 4636 Λόγος
2755 4548 3203 4644 ἐγνωμιαστικὸς
3233 4577 3371 4648 πρὸς

84 4653 185 4729 τον.
208 4655 271 4706 ἐν
305 4650 486 4720 ἁγίοις
515 4650 739 4720 Πατέρα
772 4651 930 4721 ήμῶν
965 4651 1404 4720 ἁρχιεπίσκοπον
1450 4651 2090 4716 Κωνσταντινουπὸλεως
2135 4654 2233 4706 καὶ
2276 4652 2665 4724 οζκουμενικδν
2711 4657 3036 4713 διδάσκαλον
3063 4661 3370 4735 Γρηγόριον

83 4741 177 4793 τὸν
211 4739 505 4807 Θεολόγον,
547 4740 894 4807 συγγραφεὶς
917 4740 1070 4808 παρὰ
1100 4738 1196 4824 του
1216 4739 1557 4824 τιεξιωτάτου
1586 4741 1646 4792 ὲν
1681 4745 1964 4814 μοναχοῖς,
1993 4745 2319 4812 σοφωτάτου
2370 4746 2466 4796 καὶ
2514 4745 2856 4813 λογιωτάτου
2891 4751 3061 4822 κυροῦ
3092 4752 3368 4824 Θεοδώρου

82 4829 179 4881 τοῦ
226 4827 560 4899 μαγίστρου.
585 4827 700 4898 Οὐχ
726 4827 874 4890 ὅπως
897 4827 1007 4880 οὐδ’
1041 4826 1107 4881 ἂν
1144 4823 1225 4892 εἷς
1261 4822 1417 4898 οἶμαι
1444 4828 1558 4882 τῶν
1591 4830 1834 4895 πάντων,
1870 4831 1982 4884 οὐδ’
2011 4831 2168 4894 ὅπως.
2204 4849 2255 4884 τι
2303 4826 2398 4882 οὖν
2439 4834 2566 4900 ἐμοὶ
2601 4838 2930 4915 νεμεσήσαι,
2959 4840 3071 4893 οὐδ’
3109 4822 3368 4905 ἀπονοίας

82 4912 308 4986 ἧστινος
341 4911 436 4970 οὖν
466 4915 601 4979 ἕλοι,
628 4916 724 4970 καὶ
749 4913 1008 4986 θράσους,
1034 4917 1082 4968 εἰ
1103 4915 1267 4986 μηδὲν
1305 4917 1446 4990 μήτε
1467 4917 1529 4970 τὸ
1558 4904 1790 4988 μέγεθος
1824 4921 2294 4990 ὑπολογισάμενος
2329 4918 2424 4972 τοῦ
2458 4904 2732 4991 παρόντος
2759 4926 2993 4995 ἀγῶνος,
3011 4929 3120 4982 οὐδ’
3148 4929 3223 4994 ὡς
3256 4904 3361 4985 etc.

91 4995 243 5060 Ideni
272 5014 453 5059 autem
487 5003 814 5060 Lambecius
845 5004 985 5060 libro
1014 5021 1044 5059 v
1071 5005 1604 5063 Commentariorum
1639 5009 1663 5062 d

1789 5025 1799 5063 ι
1840 5007 2192 5064 Bibliotheca:
2228 5006 2419 5062 codice
2453 5007 2582 5077 266,
2617 5027 2771 5068 num.
2820 5015 2907 5077 13.
2939 5018 3268 5088 ascripserat
3297 5036 3361 5078 cx

84 5093 423 5162 conjecturis
469 5092 619 5147 idem
676 5092 1019 5148 Eucotnium'
1051 5095 1269 5150 cuidam
1303 5094 1562 5166 Symeoni
1603 5096 1794 5160 Setho,
1831 5095 2120 5166 pag.20|,
2152 5095 2238 5151 his
2265 5094 2472 5149 verbis.
2511 5097 2732 5154 Decimo
2773 5101 2936 5156 tertio
2965 5112 3020 5158 et
3076 5107 3297 5176 quidem
3329 5126 3359 5162 a

85 5179 221 5236 folio
251 5181 374 5246 167,
403 5196 527 5252 pag.
591 5181 647 5244 1,
707 5197 880 5249 usque
941 5182 1003 5236 ad
1059 5181 1249 5238 folium
1291 5184 1419 5247 252,
1488 5201 1611 5256 pag.
1663 5185 1719 5239 2.
1762 5185 2029 5256 Anonymi
2075 5185 2354 5256 cujusdam
2420 5183 2670 5257 Magistri
2727 5191 2819 5260 qui
2869 5190 3103 5264 Symeon
3162 5198 3360 5256 Setbus

83 5283 212 5324 esse
274 5269 487 5325 videtur
545 5269 707 5340 (solet
748 5271 894 5323 enim
951 5271 1026 5324 illi
1055 5273 1222 5325 etiam
1279 5273 1331 5327 in
1379 5274 1503 5329 aliis
1558 5289 1655 5330 non

1791 5273 1836 5328 is
1887 5288 2024 5328 mss.
2075 5270 2360 5358 codicibus
2398 5270 2627 5341 Graecis,
2677 5277 2868 5335 titulus
2903 5282 3226 5358 Μαγιστρου
3260 5290 3360 5342 καὶ

96 5355 357 5428 Ῥήτορος
383 5360 822 5412 autonmnastice
853 5360 1103 5428 attribui)
1133 5358 1322 5415 Oratio
1351 5364 1730 5417 encomiastica
1767 5367 1823 5416 in
1863 5371 2126 5417 sanctum
2161 5355 2476 5429 Gregorium
2527 5361 2933 5424 Nasianzenum
2975 5355 3356 5436 Patriarchant

89 5441 764 5511 Constantinopolitanum,
811 5446 969 5514 cujus
1003 5447 1192 5502 titulus
1220 5460 1273 5502 et
1314 5451 1643 5519 principium

1782 5452 1854 5504 ,οὗ
1884 5453 2199 5520 σοφωτάτου
2241 5449 2333 5501 καὶ
2359 5452 2799 5528 ρητορυὶωτάτου
2830 5463 3148 5537 Μαγίστρου
3194 5468 3354 5540 λόγος

86 5531 537 5601 ἔγκωμιαστικὺς
571 5533 710 5602 πρὸς
747 5535 838 5586 τὸν
876 5536 934 5586 ἐν
973 5535 1152 5602 ἁγίοις
1188 5537 1408 5608 Πατέρα
1440 5540 1623 5610 ἡμῶν,
1660 5540 1756 5594 καὶ
1787 5541 2173 5608 οἰκουμενικὸν
2201 5536 2545 5610 διδάσκαλον,
2589 5546 3024 5618 ἀρχιεπὲσκοπον
3055 5531 3357 5613 Κωνστάνξ

82 5620 476 5684 τινουτῶλεως,
519 5621 825 5692 Γρηγόριον
857 5623 948 5673 τὸν
1003 5622 1169 5676 Θεολό
1185 5643 1290 5692 γον.
1334 5628 1447 5697 Οὐχ
1497 5631 1644 5693 ὅπως
1680 5631 1791 5682 οὐδ’
1844 5632 1911 5684 ἂν
1945 5625 2026 5694 εἷς
2057 5626 2212 5691 οἶμαι
2253 5627 2360 5680 τῶν
2418 5632 2655 5701 πάντων,
2686 5639 2794 5692 οὐδ’
2824 5642 2973 5708 ὅπως
3005 5663 3058 5700 τι
3096 5645 3189 5701 οὖν
3233 5652 3356 5716 ἐμοὶ

81 5709 403 5776 νεμεσήσαι,
441 5708 550 5761 οὐδ’
587 5711 869 5778 ἀπονοίας,
897 5729 914 5762 ι
955 5721 1060 5766 etc.
1093 5711 1334 5784 Dt‘niqnc
1369 5717 1417 5769 in
1451 5717 1653 5773 bibliotl

1815 5713 2322 5792 Lugdune-Batava
2357 5731 2542 5777 nostra
2582 5725 2632 5777 in
2665 5744 2794 5785 mss.
2829 5736 3112 5792 codicibus
3145 5708 3352 5791 (ἶνές-ῖς
