3982 6346
675 327 815 411 mne

1886 334 2252 420 THEOD.l

2358 339 2760 401 mnuum.
2784 412 2791 419 _
3825 350 3890 413 θος

675 445 771 498 bat
794 481 811 508 ,
866 424 1276 497 transmittebat
1335 443 1392 499 in
1430 443 1574 501 ﬁlios
1606 463 1621 501 :
1658 446 1714 501 id
1765 462 1898 503 vero
1938 450 2086 520 quod
2137 460 2269 507 ante
2295 470 2344 518 Α
2372 472 2481 511 non
2510 455 2859 523 deliciarum,
2886 463 2948 512 ut
2972 471 3073 514 vos
3090 456 3437 529 existimatis.
3464 459 3713 532 Denique
3736 472 3891 534 quod:

673 536 943 591 amiserat
975 552 1155 607 neque
1173 537 1286 605 jam
1321 548 1437 596 tum
1477 541 1735 609 habebat,
1779 543 2036 600 conferre
2067 545 2123 600 iu
2158 545 2263 604 hos

675 641 786 681 non
821 627 1025 694 potuit.
1075 627 1327 686 Mortalis
1374 631 1559 701 itaque
1607 634 1868 688 mortales
1909 638 2257 705 procreavit;

559 716 561 737 τ
672 710 841 787 atque
873 718 1005 773 hinc
1039 720 1289 775 omnium
1336 734 1597 791 nepotum
1632 740 1786 780 mors
1816 738 2119 783 consecuta
2149 742 2259 795 est,

672 823 783 864 non
820 818 1004 864 autem
1051 827 1117 866 ex
1165 812 1314 868 illius
1343 814 1568 869 delicto.
1605 815 1720 869 lmo
1750 832 1882 871 vero
1912 818 1960 872 si
2009 830 2264 877 accurate

672 914 862 954 sacras
894 889 1149 959 Litteras
1204 905 1573 974 perlustretis,
1620 909 1749 968 erit.
1799 908 1890 961 ubi
1942 922 1997 964 et
2038 913 2261 985 quando

559 997 567 1002 ’
674 989 845 1044 Deum
883 993 1187 1060 peremisse
1229 996 1371 1051 illius
1406 1014 1503 1067 per
1554 1009 1769 1069 patrum
1822 1017 2050 1061 causam
2103 1005 2258 1059 inve-

648 1082 875 1154 ‘niatis.
905 1083 1043 1138 Nam
1099 1088 1242 1156 apud
1276 1087 1588 1144 Samuelem
1641 1094 1907 1163 scriptum
1949 1102 2033 1149 est
2065 1110 2080 1147 :
2115 1093 2259 1160 Quia

632 1173 921 1245 ‘recordor
964 1174 1082 1244 ejus
1134 1177 1273 1245 quod
1324 1178 1542 1231 Amalec
1599 1178 1724 1248 fecit
1783 1179 1983 1236 Israeli
2043 1183 2258 1237 exeunti

666 1260 924 1334 Αῖθνριο,
949 1265 1078 1319 “de
1101 1274 1180 1330 ιιι.
1207 1264 1363 1337 δᾶνι,
1385 1280 1434 1323 et
1453 1279 1688 1340 pugnata
1714 1271 1965 1327 adversus
1988 1273 2137 1345 Agag
2163 1290 2259 1343 po-

669 1355 957 1425 pulumque
996 1357 1163 1426 ipsius
1185 1357 1230 1423 ⁸,
1285 1360 1408 1415 etc.‘
1446 1360 1515 1416 Et
1562 1362 1694 1417 alibi
1742 1364 2006 1436 scriptum
2055 1374 2253 1432 exstat,

562 1442 563 1445 “
668 1456 894 1515 propter
943 1445 1169 1519 pavidis
1214 1459 1498 1518 peccatum
1550 1468 1753 1509 uxores
1795 1454 1970 1522 ipsius
2027 1466 2256 1512 constu~

666 1537 913 1605 praudas
942 1539 1126 1593 esse’.
1168 1538 1234 1618 Et
1262 1557 1458 1598 rursus
1498 1543 1555 1598 in
1582 1543 2013 1601 Gabaonitarum
2044 1550 2254 1619 gratia-

671 1644 793 1682 rum
841 1641 1167 1699 peremptos
1225 1648 1352 1688 esse
1408 1638 1708 1705 suspendio
1759 1654 1790 1693 a
1850 1638 2058 1695 Davide
2111 1640 2255 1697 ﬁlios

2366 546 2710 615 daemonibus
2747 546 3047 619 collegistis
3082 560 3494 624 argumentum,
3518 555 3616 622 qui
3658 555 3759 609 etsi
3796 557 3894 613 deli-

2365 651 2606 708 querunt
2650 640 2819 695 etiam
2866 642 3115 709 gravius,
3170 658 3281 699 non
3329 655 3515 699 tamen
3583 655 3716 702 sunt
3767 660 3895 704 morte

2365 727 2622 791 multati,
2691 728 2773 782 sic
2822 727 3180 805 dissolvimus
3232 730 3582 795 :datmonas,
3643 734 3773 803 quia
3814 750 3897 791 sese
3960 727 3961 793 Ὺ

2364 808 2693 872 extulissent
2729 827 2892 887 atque
2942 810 3037 889 per
3087 821 3406 891 superbiam
3446 821 3778 892 iactassent,
3812 826 3897 882 ideo

2363 904 2680 962 deturbatos
2736 920 2859 961 esse
2884 922 2904 959 :
2943 922 3049 961 tton
3097 917 3311 963 autem.
3346 908 3419 964 ob
3457 921 3740 978 peccatum
3792 928 3899 967 tnor-

2362 1008 2507 1061 tuos,
2541 998 2670 1067 quia
2703 1012 2735 1052 a
2764 1013 2949 1053 rerum
2976 998 3211 1054 Parente
3242 1000 3372 1067 Deo,
3406 1012 3603 1056 natura
3640 1004 3897 1061 immortali
3960 990 3961 1067 ἰ

2360 1088 2581 1142 fuerant
2609 1088 2962 1157 praedititum
2991 1104 3116 1144 cum
3149 1090 3537 1161 gignebantur,
3565 1093 3721 1163 prius
3746 1108 3900 1163 nempe

2359 1194 2524 1249 quam
2572 1168 2890 1250 peccassent
2922 1197 2937 1234 :
2969 1181 3240 1237 Adamum
3290 1198 3421 1237 vero
3470 1195 3752 1254 mortuum
3794 1201 3901 1252 esse,

2358 1269 2488 1339 quia
2532 1269 2788 1340 adempta
2835 1268 2938 1338 ipsi
2987 1278 3108 1326 erat
3158 1269 3594 1328 immortalitatis
3643 1273 3813 1343 gratia
3852 1276 3900 1328 ob

2359 1350 2660 1415 admiss‘um
2706 1372 3014 1431 peccatum.
3054 1358 3242 1431 Neque
3268 1376 3401 1419 vero
3440 1362 3639 1419 iisdem
3674 1364 3902 1420 omnibus

2358 1452 2525 1506 rebus
2555 1450 2771 1522 praditi
2807 1465 2999 1507 sumus
3030 1466 3153 1518 nos,
3185 1452 3608 1523 damonesque;
3640 1470 3748 1521 nos
3784 1457 3901 1510 enim

2356 1558 2453 1598 sua
2482 1542 2628 1598 Deus
2659 1545 2832 1614 gratia
2864 1544 3138 1614 dignatur,
3180 1545 3300 1601 illos
3334 1559 3467 1600 vero
3492 1546 3748 1611 minime,
3797 1556 3908 1601 lam-

2354 1634 2457 1687 etsi
2498 1632 2733 1703 plurima
2792 1632 3004 1687 ratione
3049 1632 3309 1702 polleant.
3343 1634 3517 1704 Igitur
3544 1649 3614 1689 ex
3647 1635 3739 1691 his
3764 1638 3905 1692 omnio

666 1718 896 1790 Rephaa.
948 1721 1074 1778 tiliae
1119 1724 1349 1793 Aize“;
1381 1740 1549 1795 porro
1598 1730 1745 1799 quod
1792 1744 1895 1785 ceu
1946 1730 2251 1787 absurdum
2286 1798 2321 1805 _
2357 1725 2461 1780 bus
2508 1724 3112 1805 dilucide.conficitur,
3164 1741 3265 1781 nos
3310 1726 3381 1781 ob
3432 1737 3722 1805 peccatum
3776 1732 3903 1784 mori.

666 1899 841 1958 fuisse
886 1904 1307 1972 respondemus,
1336 1904 1389 1960 id
1420 1922 1651 1977 prorsus
1684 1908 1886 1964 falsum
1937 1925 2061 1966 esse
2089 1922 2254 1982 atque

665 1992 1120 2065 abominandum.
1194 1994 1418 2052 Interim
1474 1999 1581 2054 hoc
1659 2000 1893 2055 libenter
1969 2002 2251 2068 fatemur,

671 2086 941 2139 modum
978 2099 1103 2140 esse
1128 2086 1369 2143 hominis
1396 2092 1704 2158 peccatoris
1733 2106 1901 2146 causa
1929 2093 2249 2159 conditum;

658 2172 830 2243 idque
890 2175 995 2231 bac
1036 2177 1248 2232 ratione
1299 2195 1319 2234 :
1366 2195 1494 2235 nam
1544 2182 1721 2237 Adam
1766 2183 2102 2253 simulatque
2134 2186 2252 2239 for-

656 2274 851 2322 matus
899 2276 1043 2333 erat,
1091 2268 1383 2326 traductus
1426 2281 1513 2328 est
1547 2275 1602 2329 in
1631 2275 1975 2344 paradisum,
2010 2291 2113 2332 ceu
2164 2278 2247 2332 lo-

664 2372 791 2412 cum
828 2358 1093 2426 mcdium,
1126 2368 1189 2415 ut
1220 2362 1266 2415 si
1296 2372 1517 2432 pareret
1546 2364 1651 2434 legi
1683 2366 1740 2421 in
1764 2367 1991 2423 cmleste
2015 2382 2245 2437 regnum

664 2447 1084 2517 subveheretur,
1138 2452 1225 2507 sin
1266 2455 1453 2510 minus
1494 2464 1712 2524 p’areret
1754 2458 2141 2513 detruderetur
2190 2460 2246 2514 in

664 2537 813 2592 hunc
845 2540 1135 2605 mundum,
1172 2542 1224 2596 id
1246 2545 1393 2612 quod
1431 2544 1562 2599 alibi
1609 2554 1696 2601 est
1725 2562 1758 2601 a
1802 2546 1965 2604 nobis
2004 2548 2248 2617 explica-

666 2643 803 2687 tunt.
860 2634 958 2688 Est
1012 2636 1180 2705 igitur
1227 2637 1467 2694 hominis
1524 2642 1832 2709 peccatoris
1880 2640 2088 2711 gratia,
2134 2654 2245 2695 non

664 2735 847 2780 autem
881 2727 1114 2795 peccati,
1144 2726 1378 2783 effectus
1406 2729 1512 2785 iste
1541 2732 1782 2786 mundus
1808 2749 1825 2799 ;
1862 2732 2022 2786 vallis
2046 2747 2245 2801 nempe

665 2812 1037 2884 lacrytnarum
1087 2817 1333 2893 et'locus
1359 2820 1615 2874 dolorum
1676 2822 1998 2893 umbraque
2047 2810 2245 2877 mortis

550 1864 553 1867 ,
667 1810 951 1881 colligitis,
984 1823 1296 1882 peccatum,
1335 1818 1561 1891 creandi
1591 1817 1756 1887 hujus
1796 1821 1987 1874 mundi
2021 1836 2249 1876 causam

2360 1804 2842 1869 Verumeniutvero
2899 1816 2948 1871 si
2990 1824 3277 1886 propterea
3336 1798 3585 1886 regnavit
3643 1818 3699 1871 in
3753 1830 3905 1871 nostra

2360 1915 2569 1962 natura
2597 1914 2903 1976 peccatum,
2961 1907 3089 1976 quia
3157 1906 3333 1962 Adam
3395 1909 3795 1979 praevaricatus
3848 1920 3910 1962 est

2360 2006 2553 2053 contra
2590 1996 2763 2066 legem
2812 1996 2933 2061 Dei,
2963 2006 3171 2063 quanto
3202 1997 3377 2066 magis
3412 1997 3843 2067 jttstificabimur
3872 2010 3908 2051 et

2361 2089 2708 2146 servabimur
2737 2102 2835 2158 per
2860 2088 3029 2143 vitam
3077 2085 3309 2151 Christi,
3346 2087 3437 2157 qui
3468 2099 3525 2145 et
3568 2099 3805 2145 mortem
3836 2105 3907 2144 su-

2357 2181 2571 2254 peravit
2608 2190 2661 2236 et
2689 2187 2944 2233 naturam
2996 2186 3245 2234 nostram
3276 2177 3432 2243 vicit,
3470 2179 3742 2250 ﬂatuque
3777 2181 3906 2234 nobis

2359 2273 2574 2345 aperuit
2619 2271 2814 2328 salutis
2845 2285 2973 2326 cum
3011 2269 3081 2325 de
3124 2270 3267 2326 coelo
3300 2270 3368 2325 ad
3418 2286 3521 2327 nos
3550 2271 3906 2335 descenderet,

2358 2381 2467 2437 qua
2499 2374 2783 2434 pergentes
2819 2362 3230 2432 perveniremus
3261 2360 3315 2414 in
3336 2348 3533 2415 beatas
3563 2361 3907 2417 habitationes

2351 2459 2549 2511 domus
2593 2453 2772 2509 Patris
2827 2452 2975 2507 illius
3019 2469 3033 2505 :
3070 2452 3163 2521 qui
3215 2464 3340 2504 cum
3395 2447 3559 2506 Patre
3617 2461 3677 2507 et
3731 2452 3906 2522 Spiritu

2351 2556 2544 2606 sancto
2596 2546 2869 2608 laudetur,
2922 2542 3160 2614 gloriose
3197 2538 3529 2611 pr’iedlcetur
3574 2551 3633 2596 et
3671 2541 3911 2598 adoretur

2350 2655 2453 2711 pro
2483 2638 2657 2694 tantis
2688 2635 2977 2697 beneﬂciis
2999 2648 3123 2705 quae
3151 2633 3206 2687 ln
3239 2632 3547 2688 humanum
3583 2648 3771 2703 genus
3796 2650 3906 2689 con-

2350 2731 2497 2797 tulit,
2550 2729 2681 2785 hinc
2730 2741 2905 2799 usque
2949 2725 3007 2779 in
3053 2723 3445 2796 generationes
3488 2714 3910 2795 gene'rationum.

2346 2825 2543 2876 Antea.

674 2986 675 2989 “
730 2981 796 3036 ⁸1
823 2983 963 3059 Reg.
998 3004 1088 3057 xv,
1118 2989 1173 3044 2.
1250 2993 1271 3023 ’
1297 2990 1338 3044 ll
1362 2991 1496 3064 lleg.
1524 3009 1625 3058 ιιι,
1664 2994 1751 3047 Η.
1829 2994 1875 3027 ’⁸
1899 2993 1937 3047 ll
1976 2995 2110 3065 Reg.
2134 3001 2257 3059 'xxt,
2285 2992 2339 3058 8,
2368 2991 2423 3047 9.

670 3167 3907 3221 Μ

1956 3350 2126 3397 ANNO
2174 3351 2400 3398 DCIIII“
2443 3351 2639 3398 CILVI

795 3530 2135 3791 THEODORUS
2260 3529 3795 3809 DAPHNOPATA

2044 3987 2595 4094 NOTITIA.

1669 4218 1853 4275 (Oudiu
1884 4216 1955 4266 De
1993 4215 2167 4278 script.
2190 4215 2395 4276 eccles.,
2427 4220 2545 4265 tom.
2574 4214 2637 4274 ll,
2663 4230 2711 4277 p.
2753 4216 2882 4277 448.)

734 4370 1060 4427 Theodorus
1093 4367 1469 4443 Daplmopata,
1512 4365 1723 4436 primus
1756 4379 1784 4418 a
1814 4364 2042 4419 secretis
2082 4372 2247 4434 atque
2300 4361 2566 4433 patricius
2597 4360 2742 4431 apud
2773 4360 3325 4434 Constantinopolim,
3359 4367 3559 4424 claruit
3590 4385 3751 4428 anno
3788 4371 3905 4429 956;

658 4460 818 4528 cujus
874 4458 1207 4511 mentionem
1264 4454 1473 4510 faciunt
1524 4451 1765 4508 Joannes
1823 4452 2085 4521 Scylitzes
2129 4465 2193 4505 ac
2243 4449 2510 4516 Georgius
2563 4447 2862 4525 Cedrenus,
2895 4458 3122 4534 uterque
3176 4453 3237 4507 in
3285 4452 3656 4513 Historiarum
3692 4476 3902 4516 suarum

663 4543 959 4611 prommiis,
1003 4552 1168 4611 atque
1204 4542 1345 4595 inter
1372 4556 1469 4595 eos
1496 4541 1587 4610 qui
1621 4536 1921 4593 Historiam
1956 4537 2309 4609 Byzantinam
2334 4537 2450 4592 sive
2476 4535 3136 4605 Constantinopolitanam
3170 4541 3524 4610 scripserunt,
3572 4550 3901 4617 praecipuum

664 4632 736 4685 ibi
778 4634 956 4685 locum
989 4631 1218 4688 obtinet.
1254 4627 1490 4683 Elatem
1524 4643 1633 4698 qua
1666 4628 1803 4681 vixit
1835 4628 2037 4683 indicat
2086 4627 2262 4681 oratio
2296 4622 2468 4691 ipsius
2514 4624 2568 4675 in
2625 4638 2837 4675 manum
2873 4621 2930 4676 S.
2966 4621 3321 4680 Prcecursoris
3348 4626 3638 4695 Baptiste,
3678 4651 3810 4703 qua:
3832 4635 3903 4687 diu

655 4733 965 4788 magnaque
1026 4717 1390 4785 cura,'inquit
1440 4716 1621 4771 Cavus
1657 4725 1804 4769 tumo
1833 4716 1898 4779 ll,
1936 4730 2030 4769 seu
2096 4723 2313 4792 parte-tt
2382 4708 2640 4763 Historia:
2698 4709 2992 4775 litterariis,
3019 4712 3085 4766 ad
3136 4728 3336 4768 annum
3367 4716 3900 4792 956,Antiocbizia

654 4786 963 4875 teniploVD.
1001 4803 1143 4858 Petri
1202 4804 1469 4857 custodita
1520 4801 1719 4867 fuerat,
1760 4817 1923 4872 quam
1981 4801 2199 4854 tandem
2237 4786 2374 4852 61am
2436 4798 2702 4867 surripuit
2729 4798 2902 4852 Jobus
2929 4800 3148 4866 quidam
3189 4800 3456 4857 diaconus
3481 4786 3893 4879 'Antiocbenus,

653 4902 709 4947 et
740 4888 873 4947 urbe
908 4901 1072 4947 noctu
1104 4906 1378 4964 egressus,
1407 4888 1807 4947 Chalcedonem
1842 4888 2054 4962 detulit,
2086 4886 2178 4939 ubi
2209 4886 2571 4954 imperatoria:
2604 4885 2813 4938 triremi
2848 4886 2912 4938 ad
2950 4886 3051 4938 hoc
3110 4886 3284 4954 ipsum
3329 4889 3544 4944 emissa:
3584 4893 3893 4964 impositam

652 4979 982 5035 illustriores
1028 4987 1310 5033 senatores
1344 4978 1699 5046 procedentes
1731 4976 1969 5039 obviam,
2019 4990 2143 5029 cum
2178 4972 2469 5040 Polyeuclo
2500 4970 2811 5049 patriarcha
2862 4978 2916 5023 et
2960 4970 3214 5026 universo
3237 4972 3382 5027 clero
3418 4984 3473 5029 et
3514 4980 3751 5046 populo.
3787 4999 3893 5037 cum

655 5068 853 5134 cereis,
882 5066 1090 5120 facibus
1146 5074 1201 5119 et
1258 5065 1551 5131 sullitibus,
1586 5080 1707 5119 eam
1766 5065 1819 5117 in
1882 5061 2141 5132 palatium
2193 5060 2557 5121 deduxerunt,
2607 5071 2748 5111 anno
2777 5057 2990 5111 circiter
3035 5056 3161 5123 956,
3200 5057 3470 5116 referente
3501 5064 3619 5120 hac
3654 5067 3893 5123 Call-eno

657 5154 915 5209 Historia:
946 5150 1365 5208 Greco-Latina:
1404 5168 1525 5222 pag.
1553 5152 1677 5207 640.
1714 5151 1835 5205 Mox
1866 5152 2177 5205 institutum
2217 5147 2381 5217 hujus
2419 5143 2811 5199 Translationis
2841 5144 3062 5208 festum,
3099 5155 3153 5200 et
3182 5146 3282 5203 hac
3307 5152 3598 5207 occasione
3628 5171 3793 5212 anno
3827 5174 3897 5212 se

657 5241 869 5314 quenti.
900 5257 1022 5296 cum
1051 5240 1426 5295 anniversaria
1459 5240 1618 5295 istius
1651 5239 1775 5295 festi
1822 5239 2025 5292 rediret
2056 5238 2252 5292 solemr

2358 5252 2398 5299 s,
2431 5236 2571 5291 hanc
2625 5236 2925 5288 orationem
2975 5234 3298 5290 Theodorus
3342 5239 3551 5306 habuit,
3582 5245 3668 5297 uti
3712 5262 3890 5301 nume-

659 5334 739 5386 ris
768 5328 914 5394 XVI,
941 5328 1108 5392 XVII,
1140 5326 1311 5381 XVlll
1335 5336 1390 5383 et
1423 5327 1569 5396 XIX,
1600 5329 1717 5398 ipse
1740 5328 1945 5398 prolixe
1976 5332 2187 5380 narrat.
2224 5322 2363 5378 Hinc
2397 5323 2516 5393 ejus
2548 5333 2679 5379 aetas
2703 5324 2945 5394 alioquin
2976 5326 3109 5379 satis
3145 5330 3379 5380 obscura
3413 5328 3563 5384 clare
3587 5331 3892 5403 deprehen-

656 5418 826 5475 ditur.
847 5415 971 5471 Η.εο
993 5431 1059 5471 ex
1087 5414 1383 5471 Laurentio
1415 5418 1578 5471 Surio
1604 5417 1784 5471 Cavus
1815 5416 1933 5471 loco
1962 5414 2215 5484 allegato.
2242 5412 2475 5483 Scripsit
2501 5429 2719 5483 quoque
2740 5411 3039 5467 Historiam
3063 5414 3173 5469 sive
3195 5414 3490 5471 Chronicon
3510 5416 3887 5490 Byzantinus,

658 5508 805 5579 quod
838 5503 1068 5575 posteris
1092 5504 1285 5559 invidit
1315 5504 1499 5574 lapsus
1531 5504 1791 5574 temporis
1822 5502 2067 5557 omnium
2098 5501 2303 5556 edacis.
2348 5504 2417 5555 At
2450 5503 2557 5558 alia
2598 5502 2756 5556 nobis
2807 5513 3099 5571 supersunt
3149 5498 3271 5571 ejus
3314 5519 3502 5573 opera,
3530 5523 3663 5578 quae
3701 5512 3887 5568 famam

658 5595 935 5651 Theodori
964 5594 1196 5661 posteris
1225 5603 1501 5664 utcunque
1529 5602 1768 5648 servant.
1803 5591 2028 5648 Exstant
2058 5590 2302 5660 ejusdem
2330 5590 2739 5659 Apanthismata
2775 5591 2891 5643 sive
2920 5586 3160 5641 Flosculi
3187 5606 3250 5642 ex
3291 5593 3451 5647 variis
3471 5598 3654 5650 sancti
3677 5599 3889 5655 Joannis

659 5683 1023 5754 Chrysosfomi
1083 5682 1319 5749 operibus
1376 5684 1605 5750 αεσξηιιί
1660 5683 1802 5737 inter
1851 5696 1982 5736 mss.
2012 5682 2229 5736 codiccs
2280 5678 2625 5732 bibliothecae
2674 5676 2979 5730 Bodleianm
3008 5676 3168 5732 codd.
3196 5678 3334 5732 25H
3384 5689 3442 5735 ct
3470 5680 3639 5749 2545,
3674 5687 3738 5741 in
3774 5704 3885 5742 mss.

661 5774 886 5830 'l'ttontzc
925 5769 1130 5839 Βοάιυίνὶ
1163 5768 1324 5827 codd.
1348 5770 1455 5826 εει
1480 5780 1532 5828 et
1556 5769 1680 5835 255,
1712 5784 1942 5838 quorum
1976 5770 2185 5838 primus
2216 5770 2455 5827 continet
2486 5769 2751 5840 ejusmodi
2804 5766 3119 5837 Eclogarunt
3164 5784 3445 5829 sermones
3487 5773 3576 5841 3‘3,
3620 5780 3887 5835 secundus
