3982 6346
148 313 238 372 ωδ
1586 300 1632 360 Ν
1639 301 1720 360 ΟἸ

1807 301 1917 359 'IA.
3046 279 3055 284 “
3275 295 3379 360 GI.)

62 393 79 482 i‘
146 426 295 478 codex
319 431 589 475 sermones
625 416 694 471 14
727 432 791 469 ex
817 414 1207 486 Chrysostomo
1237 423 1525 495 excerptos
1578 427 1674 482 per
1703 411 2054 467 Theodorum
2097 409 2421 480 magistrum
2451 410 2656 468 draco.
2687 412 2855 495 Iidem
2884 419 2941 466 ct
2963 409 3020 466 in
3062 412 3384 482 Augustana

60 489 74 571 ἶ
143 509 438 566 bibliotheca
464 504 651 560 codice
692 503 761 559 68
794 504 847 558 in
879 504 1166 558 s‘ermones
1195 503 1266 557 56
1301 486 1735 565 distribuuntur,
1764 493 1873 554 etc‘.
1923 496 1989 552 Et
2021 499 2076 552 in
2112 497 2189 552 '33
2221 498 2401 566 capita
2444 498 2631 558 divisi.
2658 515 2792 556 mss.
2814 486 3053 571 quidem
3087 498 3141 552 in
3173 499 3381 553 biblio-

67 587 78 656 ἰ.
143 601 279 651 theca
331 593 571 648 Ca-sarea
621 589 1057 654 Vindobonensi,
1084 590 1368 648 codicibus
1431 604 1566 644 mss.
1627 587 1952 656 theologicis
2009 585 2218 640 Graecis
2274 583 2434 640 CLIII
2470 595 2525 640 et
2554 585 2741 651 CLIV,
2767 596 2826 641 ut
2854 587 3022 643 habet
3054 587 3384 644 Lambecius

139 697 272 739 tomo
303 681 386 737 IV.
417 679 954 733 Commentariorum
994 679 1159 747 hujus
1196 677 1559 751 bibliothecae,
1594 691 1714 746 pag.
1756 675 1854 729 I37
1884 685 1936 727 et
1969 673 2090 737 I59,
2115 675 2182 727 ad
2209 673 2385 728 dictos
2413 674 2633 729 codices
2677 675 2762 730 his
2794 677 2976 730 verbis
3009 693 3024 729 :
3063 693 3082 726 ι
3121 672 3386 728 Theodori

137 773 474 842 Daphnopatp
503 767 912 837 Apanthismata
959 768 1067 820 sive
1097 766 1328 834 ﬂosculi,
1369 779 1434 819 ea:
1459 765 1621 819 variis
1656 764 1828 818 sancti
1865 761 2093 815 Joannis
2124 761 2491 834 Cltrysostomi
2532 763 2778 832 operibus
2816 763 3068 828 decerpti.
3107 773 3162 818 ct
3209 765 3262 816 in
3294 779 3389 817 ca-

138 863 232 930 pita
268 860 333 913 ὅτι
363 856 544 922 divisi,
587 858 705 924 ipsa
755 855 892 908 tituli
943 853 1120 909 Graeci
1166 855 1326 908 verba
1384 863 1536 912 sunt.
1583 854 1635 906 Ἀ

1819 867 2006 921 σματα
2043 850 2141 904 τοῦ
2181 854 2242 903 ἐν
2279 851 2463 920 άγιοις
2515 851 2730 920 [ἰατρὸς
2776 851 2940 922 ἡμῶν
2992 851 3246 904 ’ῐωάννου
3287 851 3385 904 τοῦ

133 943 521 1018 Χρυσοστόμου,
553 941 986 1013 άναοροισθέντα
1021 943 1172 1012 παρὰ
1202 940 1375 1011 κυροῦ
1410 939 1692 1012 Θεοδώρου

1812 939 1820 990 i
1857 939 2270 1008 Δαφνοπάτους.
2301 939 2775 1011 Exstantquidem
2815 942 2931 994 haec
2963 940 3384 1008 Apautbismata

48 1023 60 1090 ἶ
134 1037 178 1088 in
204 1048 418 1104 operum
481 1031 658 1086 sancti
712 1027 942 1086 Joannis
992 1030 1374 1101 Chl-ysostomi
1431 1030 1676 1082 editione
1725 1026 1915 1082 Graeca
1948 1025 2224 1079 Saviliana
2268 1033 2417 1079 tomo
2455 1023 2569 1090 VII,
2602 1042 2727 1093 pag.
2761 1025 2889 1091 665,
2920 1037 2974 1082 et
3033 1028 3087 1081 in
3141 1027 3389 1081 editione

46 1109 56 1176 ἱ
130 1118 528 1177 Gnaeo-Latina
556 1117 927 1173 Frontoniana
966 1128 1114 1172 tomo
1149 1116 1236 1181 VI,
1265 1133 1386 1186 pag.
1420 1117 1557 1180 663;
1589 1117 1683 1170 sed
1711 1117 1847 1171 ordo
1887 1125 1940 1170 et
1971 1130 2237 1170 numerus
2287 1116 2582 1185 utrobique
2636 1117 2914 1186 discrepat
2961 1118 3034 1173 ab
3069 1119 3172 1172 hoc
3200 1118 3389 1172 codice

44 1211 54 1260 Γ
127 1211 378 1274 Cassarco,
406 1217 464 1262 ut
495 1206 800 1262 confercnti
831 1206 964 1260 mihi
992 1207 1187 1275 patuit.
1238 1206 1536 1276 lnsignitur
1565 1216 1756 1258 auctor
1793 1203 1952 1257 titulo
1992 1204 2426 1267 protosecretarii
2457 1219 2520 1257 ac
2568 1204 2815 1272 patricii,
2843 1213 2900 1258 et
2933 1205 3054 1258 sine
3094 1204 3264 1258 dubio
3297 1205 3388 1259 ille

42 1293 48 1350 ἶ
126 1300 228 1368 ipse
259 1305 359 1355 est.
395 1297 423 1349 ὁ
455 1294 820 1364 Δαφνοπάτης
849 1293 1148 1363 Θεόδωρος,
1175 1295 1267 1362 qtti
1325 1311 1352 1346 a
1409 1290 1614 1347 Joanne

1813 1285 2000 1344 .tza’ct
2030 1288 2270 1358 Georgio
2320 1289 2570 1346 Cedreno
2629 1293 2683 1345 in
2745 1307 2973 1346 suarum
3011 1289 3385 1346 Historiarum

41 1387 44 1390 ’
127 1385 385 1440 Prooemiis
416 1384 640 1444 citatur.
675 1390 725 1436 et
762 1383 902 1437 inter
927 1395 1024 1436 eos
1054 1383 1146 1450 qui
1191 1379 1487 1448 Historiam
1537 1379 1893 1451 IIyzautinam
1944 1379 2062 1436 sive
2101 1377 2208 1432 ΟΡ.
2244 1380 2616 1448 particulatim
2649 1381 3011 1448 scripserunt,
3045 1381 3386 1452 praecipuum

38 1466 40 1500 ⁵
122 1475 186 1529 ibi
217 1473 388 1528 locum
422 1471 653 1525 obtinet.
692 1471 886 1525 Exstat
914 1485 1132 1540 quoque
1182 1469 1238 1522 in
1298 1468 1488 1521 eadem
1536 1467 1866 1521 bibliotheca
1897 1465 2174 1528 uesania,
2209 1475 2269 1520 ut
2305 1475 2539 1522 testatur
2571 1468 2712 1523 idem
2767 1467 3094 1523 Lambecius
3137 1482 3288 1525 ιοιιιο
3315 1466 3387 1523 IV

119 1562 344 1631 ejusdem
374 1557 744 1622 Bibliotheca,
776 1571 901 1627 pag.
937 1556 1030 1622 60,
1067 1557 1122 1610 in
1157 1554 1352 1610 codice
1379 1571 1485 1609 ms.
1509 1552 1846 1624 Theologico
1884 1553 2079 1608 Graeco
2104 1553 2241 1618 CXI,
2275 1570 2432 1610 num.
2465 1555 2520 1620 5,
2545 1564 2602 1611 et
2627 1557 2847 1626 quidem
2878 1572 2909 1611 a
2937 1555 3032 1611 fol.
3057 1557 3152 1623 87,
3181 1573 3306 1629 pag.
3334 1558 3386 1622 I,

34 1631 46 1726 ξ’
119 1664 275 1720 usque
306 1647 373 1702 ad
405 1646 501 1700 fol.
533 1647 626 1708 98,
655 1660 778 1722 pag.
813 1645 870 1706 2.
903 1643 1168 1699 Theodori
1203 1643 1366 1713 primi
1397 1659 1429 1696 a
1469 1645 1688 1696 secretis
1718 1653 1767 1696 et
1796 1636 2047 1704 Patricii.
2081 1653 2426 1710 cognomento
2460 1643 2852 1713 Daphnopatar,
2892 1647 3070 1700 oratio
3114 1646 3180 1700 de
3225 1661 3388 1700 manu

32 1743 40 1800 ἱ
117 1737 168 1793 8.
195 1735 417 1790 Joannis
456 1733 742 1804 Baptista,
769 1733 1056 1786 Antiochia
1083 1729 1611 1798 Constantinopolim
1640 1731 1932 1793 translata,
1968 1729 2132 1799 cujus
2165 1730 2358 1784 titulus
2401 1741 2456 1786 et
2510 1733 2867 1802 principium,
2901 1732 3188 1804 Θεοδώρου
3235 1750 3390 1804 πρωσ

112 1825 480 1895 τοασηκρήτου
511 1822 608 1875 καὶ
639 1819 960 1890 πατρικίου,
986 1817 1082 1871 τοῦ
1123 1817 1509 1886 Δαφνοπάτου,
1550 1817 1710 1884 λόγος
1739 1817 1821 1878 εἰς
1855 1817 1958 1887 τὴν
2003 1815 2437 1888 ἐξἊντιοχείας
2481 1819 2828 1892 ἀνακομιδὴν
2878 1821 2980 1892 τῆς
3032 1823 3243 1892 σεμνῆς
3290 1821 3388 1875 καὶ

112 1911 286 1976 τιμίας
312 1908 499 1980 χειρὸς
533 1908 634 1960 τοῦ
677 1905 840 1976 άγιου
894 1904 1172 1972 Ἰωάννου,
1198 1903 1294 1958 τοῦ
1330 1903 1654 1975 Προόρόμου
1703 1905 1799 1958 καὶ
1835 1905 2175 1961 Βαπτιστοῦ.
2219 1904 2461 1976 Incipit;
2509 1907 2643 1961 Ἰδοὺ
2675 1911 2772 1962 καὶ
2805 1909 2977 1963 πάλιν
3007 1912 3144 1980 ἡμῖν
3184 1914 3212 1964 ό
3241 1909 3390 1980 ἱερὸς

111 1999 196 2053 τοῦ
223 1996 462 2070 Χριστοῦ
493 1991 820 2068 ἐπεδήμησε
868 1995 1208 2066 Πρόδρομος,
1245 1992 1357 2046 τῶν
1399 1992 1571 2046 αὺτοῦ
1625 1992 1872 2063 χαρίτων
1908 1991 2199 2071 ἀναδιδοῖρς
2255 1995 2509 2062 ἀφθόνως
2551 1995 2622 2049 τά
2659 1998 2905 2066 νάματα.
2941 1999 3135 2054 Exstat
3163 1999 3386 2070 quidem

114 2087 216 2142 hac
241 2086 420 2140 oratio
469 2086 615 2152 apud
673 2082 1030 2138 Laurentium
1069 2080 1294 2136 Surium
1354 2090 1503 2136 tomo
1544 2077 1610 2133 IV
1645 2079 1723 2133 De
1787 2082 2027 2150 probatis
2085 2079 2190 2139 SS.
2247 2085 2511 2139 Historiis
2546 2087 2635 2140 die
2667 2087 2739 2142 29
2767 2089 3026 2158 Augusti,
3061 2090 3154 2144 sed
3187 2087 3387 2143 Latine

111 2185 306 2230 tantum
340 2183 399 2229 et
439 2172 652 2242 absque
705 2170 928 2226 nomine
983 2171 1225 2224 auctoris
1253 2169 1342 2222 sui
1375 2166 1639 2222 Theodori
1690 2167 2080 2240 Daplmopatai,
2119 2168 2424 2242 incipitque
2455 2178 2528 2229 ab
2558 2239 2564 2242 _
2592 2175 2679 2230 his
2712 2177 2895 2232 verbis
2926 2196 2942 2231 :
2975 2176 3115 2232 Ecce
3153 2179 3225 2232 ad
3285 2195 3384 2232 nos

110 2277 284 2316 rursus
314 2244 456 2316 venit
483 2266 864 2314 sacrosanctus
899 2255 1104 2310 Christi
1129 2254 1463 2318 Prmcursor,
1507 2255 1714 2308 abunde
1749 2257 1955 2326 ﬂuenta
2003 2261 2249 2313 emittens
2319 2277 2546 2314 suarum
2593 2264 2920 2333 gratiarum.
2963 2264 3225 2336 Ejusdem
3258 2281 3386 2321 ora-

109 2349 262 2405 tionis
280 2347 348 2404 de
365 2348 732 2402 translatione
762 2360 958 2400 manus
978 2343 1037 2398 S.
1053 2343 1284 2398 Joannis
1308 2342 1584 2412 Baptistae,
1605 2344 1852 2398 meminit
1873 2346 2039 2400 etiam
2066 2344 2176 2400 Leo
2203 2341 2436 2400 Allatins
2461 2349 2514 2400 in
2537 2347 2782 2403 Diatriba
2804 2349 2880 2403 De
2901 2349 3224 2420 ngeonum
3247 2353 3357 2404 scri
3372 2373 3389 2387 ο

106 2438 223 2506 ptis,
249 2451 371 2505 pag.
406 2433 498 2501 96,
533 2429 843 2503 ibidemque
872 2447 934 2487 ea
965 2431 1154 2486 itidem
1190 2439 1250 2485 ut
1279 2432 1333 2484 in
1363 2431 1471 2484 hoc
1505 2431 1694 2485 codice
1734 2446 1836 2486 ms.
1864 2432 2140 2498 Caesareo,
2160 2429 2487 2489 attribuitur
2509 2434 2786 2490 Theodoro
2823 2436 3211 2505 Daphnopatw.
3237 2437 3386 2493 Idem

106 2524 324 2578 Allstius
352 2521 555 2578 ibidem
579 2517 792 2591 pag.87
809 2519 982 2574 aliam‘
1004 2518 1306 2574 orationem
1331 2515 1606 2571 Theodori
1652 2516 2022 2588 Daphn0p:it:e
2067 2522 2277 2590 profert
2311 2519 2377 2574 In
2423 2521 2776 2578 Nutivitatem
2812 2523 3196 2590 Prwcursoris,
3218 2527 3301 2589 et;
3326 2526 3390 2580 τὸ

106 2616 338 2682 γενέσιον
365 2611 460 2666 τοῦ
487 2610 674 2682 τιμίου
699 2596 1192 2681 Προδρόμου,’(ιιιαὲ
1217 2608 1408 2678 incipit
1440 2610 1502 2662 El
1535 2609 1636 2678 μὲν
1663 2611 1678 2661 ἐ

1814 2606 1818 2654 i
1852 2609 2028 2674 Λόγου
2062 2607 2243 2677 κήρυξ
2273 2609 2370 2664 καὶ
2394 2610 2726 2680 πρόδρομος,
2748 2621 2914 2680 atque
2945 2615 3000 2666 in
3030 2611 3219 2668 codice
3246 2613 3386 2670 I074

108 2699 363 2756 Vaticano
399 2699 663 2754 tribuitur
689 2697 1030 2758 'l‘heodoreto
1057 2697 1197 2767 tiyri
1222 2697 1501 2766 episcopo,
1543 2695 1680 2748 Θεοδ

1805 2713 1889 2748 ουι
1917 2697 2225 2748 ἐπισκόπου
2274 2696 2487 2766 Κύρου,
2517 2700 2679 2765 cujus
2710 2700 2859 2754 inter
2897 2704 3072 2769 Opera
3107 2703 3377 2771 impressa

104 2789 280 2844 Graece
328 2796 387 2843 et
434 2785 628 2840 Latine
674 2785 972 2839 invenitur.
1023 2785 1102 2838 Ad
1152 2785 1408 2839 eumdem
1455 2783 1806 2838 Theodorum
1853 2781 2580 2858 Daphnopatamgpcrtinct,
2621 2785 2939 2840 Encomium
2988 2792 3166 2843 sancti
3215 2787 3387 2844 Pauli

104 2875 320 2945 apostoli
349 2889 418 2928 ea;
446 2873 666 2926 diversis
701 2871 1001 2937 collectum,
1045 2871 1206 2940 cujus
1235 2871 1482 2925 meminit
1509 2869 1618 2926 Leo
1649 2872 1884 2926 Albitius
1920 2872 1972 2924 in
2009 2873 2252 2927 Diatriba
2292 2869 2371 2926 De
2401 2871 2752 2942 Symeonibus
2782 2891 2905 2945 pag.
2931 2892 3014 2932 ιιι.
3060 2878 3382 2948 Ἐγκώμιον

103 2967 207 3019 ἀπὸ
240 2964 523 3035 διαφόρων
569 2962 745 3030 λόγων
776 2961 870 3015 τοῦ
903 2963 1317 3032 Χρυσοστόμου,
1350 2963 1432 3024 εἰς
1477 2960 1569 3014 τὸν
1614 2961 1675 3029 ἀγ

1819 2959 2125 3013 ἀπόστολον
2155 2961 2370 3014 Παῦλον
2415 2963 2518 3015 sub
2551 2965 2776 3016 nomine
2814 2961 3080 3018 Theodori
3111 2967 3384 3033 magistri,

101 3037 389 3122 ctiincipit,
421 3053 532 3120 Τῆς
567 3051 666 3120 μὲν
693 3049 1013 3120 ἐπιγραφῆς
1044 3047 1152 3101 τῶν
1184 3048 1568 3102 άποστολικῶν
1602 3065 1673 3119 πρ

1806 3066 1881 3101 υν.
1903 3047 2039 3101 Nam
2075 3059 2132 3102 ut
2162 3059 2334 3104 notar-
2361 3047 2603 3104 Savilius
2636 3053 2702 3104 ad
2740 3051 3152 3117 Apantltismata
3184 3055 3378 3119 citata,

0 3181 14 3198 .
102 3141 306 3194 illorum
343 3151 538 3193 auctor
565 3140 618 3192 in
651 3153 787 3192 mss.
818 3138 1101 3191 codicibus
1131 3135 1393 3191 Vaticano
1429 3145 1481 3190 et
1516 3137 1788 3202 Palatino,
1810 3137 1987 3192 fertur
2022 3135 2331 3191 Theodorus
2361 3137 2638 3206 magister,
2669 3139 2765 3208 qui
2799 3140 2854 3194 in
2884 3141 3138 3196 Caesareo
3165 3143 3375 3198 diserto

0 3208 12 3216 ﬁ
101 3229 448 3298 Daplmopata
488 3227 813 3296 app-ﬂatur.
856 3227 1032 3294 Atque
1054 3227 1218 3280 etiam
1250 3227 1352 3279 hoc
1385 3223 1702 3280 Encomium
1734 3226 2004 3295 reperitur
2036 3227 2178 3279 inter
2229 3226 2644 3294 Apantltismata
2697 3231 2846 3283 varia
2896 3230 3062 3299 hujus
3097 3230 3381 3286 'I'heodori

103 3329 154 3376 in
181 3319 424 3373 editione
457 3317 759 3380 Saviliana,
787 3313 1023 3384 Operum
1053 3314 1160 3367 tlivi
1193 3314 1588 3383 Chrysostomi.
1617 3313 1677 3367 In
1717 3313 2110 3367 Dissertatione
2145 3313 2216 3367 De
2244 3313 2508 3390 Operibns
2551 3318 2726 3370 sancti
2761 3314 2992 3372 Joannis
3021 3306 3386 3391 Chrysostomi

97 3404 494 3474 cdilis,cap.9,
527 3403 764 3457 Savilius
821 3402 986 3457 refert
1045 3400 1350 3470 Florigeria
1383 3399 1578 3455 XXXI
1635 3416 1700 3454 ea:
1734 3399 1989 3454 Homiliis
2041 3403 2218 3454 sancti
2282 3403 2510 3482 J‘ounnis
2567 3401 2941 3475 Cltrgsostomi
2998 3409 3245 3478 decerpta
3292 3425 3387 3479 per

101 3491 429 3547 Theodorum
453 3493 770 3561 magistrum
803 3490 869 3544 de
898 3504 1009 3560 quo
1051 3490 1350 3558 loquimur,
1387 3505 1510 3558 qua:
1560 3490 1723 3544 habet
1761 3490 1942 3543 dictus
1987 3488 2227 3543 Savilius
2264 3500 2421 3543 tonso
2444 3487 2553 3555 VII,
2586 3506 2710 3560 pag.
2746 3493 2855 3546 665
2886 3494 3149 3550 editionis
3181 3497 3386 3551 Graeca:

97 3580 386 3636 Etonensis
423 3594 596 3648 usque
625 3579 693 3632 ad
737 3577 1028 3648 ﬂorilegia
1052 3575 1322 3644 XLVIII,
1350 3577 1558 3632 additis
1603 3593 1669 3631 ne

1829 3576 1885 3641 5,
1917 3577 1970 3640 9,
2011 3576 2100 3639 II,
2129 3575 2222 3636 22,
2255 3577 2349 3642 28,
2401 3574 2494 3641 52,
2539 3577 2630 3635 55.
2665 3577 2758 3640 39.
2791 3578 2883 3644 40,
2913 3581 3008 3646 Il,
3039 3581 3131 3645 42,
3165 3582 3255 3645 45.
3290 3583 3381 3646 ﬂ.

93 3668 181 3744 45,
208 3667 302 3732 46,
338 3666 408 3720 47
445 3676 501 3720 et
524 3665 615 3718 48.
653 3665 850 3719 Verum
893 3679 958 3718 es
992 3666 1078 3719 his
1121 3681 1282 3733 quam
1325 3667 1557 3734 plurima
1604 3675 1977 3733 excerpuutur
2014 3680 2079 3718 ex
2107 3665 2216 3719 illis
2260 3665 2506 3719 homiliis
2537 3681 2660 3734 qua:
2684 3679 3005 3737 supersunt,
3040 3678 3208 3739 atque
3245 3675 3386 3726 adeo

95 3756 218 3811 alibi
247 3756 542 3809 habentur.
582 3754 655 3807 De
691 3754 777 3806 his
809 3761 991 3806 autem
1021 3753 1092 3806 ita
1129 3751 1369 3807 Savilius
1408 3753 1463 3806 in
1494 3754 1641 3809 notis
1687 3755 1754 3808 ad
1799 3762 2012 3809 tomum
2053 3752 2163 3816 VII.
2194 3758 2302 3809 col.
2341 3753 2448 3810 9I9
2483 3756 2747 3810 editionis
2778 3758 2891 3812 suae
2920 3757 3129 3814 Graecae
3155 3779 3169 3814 :
3194 3762 3385 3830 Apau-

102 3845 413 3896 thismatum
443 3856 692 3894 numerus
754 3840 809 3893 in
859 3840 1239 3910 manuscriptis
1274 3839 1384 3908 fere
1432 3839 1523 3903 52,
1559 3841 1628 3895 55
1657 3840 1734 3894 vel
1763 3841 1855 3906 Si,
1885 3842 2081 3912 quibus
2111 3843 2158 3895 si
2187 3845 2372 3895 demas
2416 3841 2470 3904 9,
2516 3843 2604 3905 II,
2633 3857 2680 3897 et
2714 3845 2807 3908 28,
2845 3858 3131 3915 supersunt
3174 3858 3384 3913 tantum

64 3997 70 4003 ε
96 3934 274 4000 capita
298 3931 364 3986 3|
387 3968 404 3994 ,
429 3927 754 3996 Eclogarum
780 3929 990 3981 nomine
1007 3928 1136 3997 jure
1173 3927 1455 3981 censenda.
1494 3925 1660 3982 Plura
1691 3929 1760 3984 de
1784 3930 1871 3984 bis
1911 3931 1968 3984 in
1997 3929 2400 3985 Dissertatione
2434 3929 2508 3982 De
2552 3933 2814 4000 Uperibus
2865 3931 3382 4006 Chrysostomiunis,

93 4033 214 4089 cap.
248 4017 304 4094 9,
336 4015 405 4070 ad
435 4015 582 4085 quod
639 4014 900 4068 lectorem
955 4014 1249 4077 mittimus,
1275 4015 1536 4082 omnibus
1585 4029 1653 4099 es
1711 4013 1922 4070 Savilio
1953 4019 2217 4088 acceptis.
2255 4019 2357 4074 llic
2389 4016 2717 4074 Theodorus
2751 4031 2942 4076 noster
2980 4025 3367 4093 Uapltttoputzt,

92 4105 442 4178 postmodum
478 4103 620 4159 .aula
692 4103 1044 4172 imperatoris
1099 4102 1380 4168 derelicta,
1430 4118 1527 4170 pro
1568 4119 1722 4158 more
1781 4103 2103 4160 Graecorum
2153 4107 2482 4170 multorum,
2517 4107 2755 4178 elegisse
2805 4114 3168 4168 monasticam
3209 4118 3376 4169 vitam

93 4175 332 4259 videtur,
355 4200 520 4262 atque
551 4190 841 4260 scripsisse
859 4188 1188 4243 ‘Encomium
1222 4191 1279 4243 in
1307 4201 1555 4244 sanctum
1578 4189 1893 4261 Gregorium
1928 4190 1979 4245 Ν
1987 4195 2345 4249 aziansenum
2374 4204 2424 4248 et
2459 4175 2998 4266 Constantinopoleos
3025 4203 3386 4271 archiepisco-

90 4298 236 4350 pum,
270 4281 351 4335 uti
381 4270 546 4334 habet
566 4277 775 4354 Petrus.
795 4276 1126 4333 Lambecius
1158 4279 1298 4334 libro
1325 4293 1378 4335 νι
1409 4278 1948 4336 Commentariorum
1991 4279 2351 4338 Bibliotheca
2378 4282 2646 4339 Caesarea:
2677 4270 3314 4360 Vindobonensis,parte
3339 4307 3380 4358 ι,

91 4370 157 4424 ad
183 4369 428 4426 codicem
462 4383 568 4424 ms.
593 4367 888 4438 juridicum
919 4365 1172 4423 Gracum
1200 4383 1353 4422 num.
1395 4368 1486 4446 10,
1515 4368 1728 4438 pag236
1753 4368 1841 4424 his
1875 4369 2099 4426 verbis:

48 531 79 1054 ρ

169 4496 190 4536 ι
223 4483 448 4568 Decimo
480 4489 538 4539 et
562 4481 841 4568 quidemia
870 4481 1000 4537 folio
1024 4481 1154 4546 221,
1181 4497 1302 4552 pag.
1343 4483 1396 4548 I,
1437 4498 1614 4553 usque
1661 4484 1730 4538 ad

1809 4482 1973 4538 tilium
2015 4482 2145 4546 292,
2176 4499 2300 4556 pag.
2339 4483 2399 4551 2,
2437 4487 2699 4541 Theodori
2712 4489 2978 4562 Magistri
3011 4497 3186 4548 oratio
3221 4513 3381 4550 enco-

94 4567 342 4626 miastiea
375 4571 430 4625 in
479 4580 725 4624 sanctum
757 4567 1071 4638 Gregorium
1124 4568 1561 4634 Naaiansenum.
1594 4587 1666 4639 cu

1808 4571 2005 4627 titulus
2049 4581 2106 4651 et
2137 4571 2471 4644 principium
2505 4593 2519 4627 :
2549 4576 2726 4645 Λόγος
2760 4581 3210 4652 ἐγκωμιαστικδς
3241 4585 3380 4654 πρὸς

94 4661 192 4739 τὸν·
215 4663 278 4714 ἐν
311 4658 492 4728 ἁγίοις
521 4658 744 4728 Πατέρα
777 4659 936 4729 ἡμῶν
971 4659 1409 4728 ἀρχιεπξσκοπον
1456 4660 2096 4724 Κωνσταντινουπὸλεως
2140 4663 2238 4715 καὶ
2281 4661 2670 4733 οζκουμενικδν
2717 4665 3042 4721 διδάσκαλον
3070 4669 3380 4742 Γρηγόριον

93 4749 184 4802 τὸν
219 4747 510 4815 Θεολόγον,
553 4747 900 4814 συγγραφεὶς
923 4748 1076 4816 παρὰ
1106 4745 1201 4799 τοῦ
1222 4747 1563 4831 τιμιωτάτου
1591 4749 1652 4800 ὲν
1686 4753 1968 4822 μοναχοῖς,
1998 4753 2324 4820 σοφωτάτου
2375 4755 2471 4805 καὶ
2519 4754 2861 4822 λογιωτάτου
2896 4759 3067 4830 κυροῦ
3099 4759 3378 4831 Θεοδώρου

92 4837 187 4890 τοῦ
233 4835 566 4908 μαγίστρου.
591 4835 706 4906 Οὐχ
731 4835 880 4898 ὅπως
903 4834 1013 4888 οὐδ’
1047 4834 1112 4889 ἂν
1150 4831 1230 4899 εἷς
1266 4830 1422 4905 οἶμαι
1450 4837 1563 4890 τῶν
1596 4838 1840 4921 πάντων,
1875 4839 1987 4892 οὐδ’
2016 4839 2172 4902 ὅπως,
2210 4858 2260 4893 τι
2308 4835 2403 4892 οὖν
2443 4843 2571 4910 ἐμοὶ
2607 4847 2936 4924 νεμεσήσαι,
2966 4848 3078 4901 οὐδ’
3118 4830 3380 4912 ἀπονοίας

92 4920 313 4995 ἧστινος
347 4918 442 4977 οὖν
471 4923 606 4986 ἕλοι,
633 4924 730 4978 καὶ
755 4921 1014 4993 θράσους,
1039 4925 1088 4976 εἰ
1108 4923 1273 4994 μηδὲν
1311 4924 1451 4999 μήτε
1472 4925 1534 4978 τὸ
1563 4912 1794 4996 μέγεθος
1829 4928 2300 4999 ὑπολογισάμενος
2335 4927 2428 4981 τοῦ
2463 4912 2737 5000 παρόντος
2765 4934 3001 5003 ἀγῶνος,
3019 4936 3129 4990 οὐδ’
3157 4937 3234 5000 ὡς
3268 4946 3374 4991 etc.

99 5012 250 5068 Idem
277 5021 459 5066 autem
493 5010 820 5067 Lambecius
850 5011 991 5068 libro
1020 5028 1050 5066 v
1077 5013 1610 5071 Commentariorum
1644 5017 1671 5070 d

1845 5016 2198 5073 Bibliotheca:
2233 5015 2424 5071 codice
2459 5017 2587 5085 266,
2623 5036 2777 5077 num.
2827 5023 2914 5085 I3.
2947 5026 3280 5095 ascripserat
3310 5041 3376 5082 cx

93 5101 429 5170 conjecturis
477 5099 625 5155 idem
681 5099 1024 5155 Encomium'
1057 5103 1274 5157 cuidam
1308 5101 1568 5175 Symeoni
1608 5104 1799 5168 Setbo,
1835 5120 1959 5174 pag.
1992 5103 2126 5172 201,
2158 5105 2244 5160 his
2271 5104 2476 5158 verbis.
2515 5106 2738 5163 Decimo
2779 5110 2945 5164 tertio
2975 5119 3029 5165 et
3087 5114 3311 5183 quidem
3345 5131 3374 5167 a

95 5187 380 5253 foli0167,
409 5203 532 5259 pag.
598 5189 653 5252 I,
713 5204 885 5256 usque
946 5189 1009 5244 ad
1065 5189 1255 5245 folium
1297 5191 1425 5255 252,
1492 5209 1616 5265 pag.
1668 5193 1724 5247 2.
1767 5193 2034 5264 Anonymi
2081 5194 2359 5264 cujusdam
2425 5193 2676 5266 Magistri
2734 5199 2826 5267 qui
2878 5198 3116 5270 Symeon
3176 5204 3376 5260 Sethus

94 5292 218 5332 esse
279 5276 492 5333 videtur
551 5276 713 5347 (solet
754 5278 900 5330 enim
956 5279 1031 5332 illi
1061 5281 1227 5333 etiam
1285 5281 1336 5335 in
1384 5282 1508 5337 aliis
1563 5282 1842 5338 nonnullis
1892 5297 2030 5336 mss.
2080 5279 2364 5336 codicibus
2403 5279 2633 5348 Graecis,
2684 5285 2878 5341 titulus
2913 5289 3242 5362 Μαγίστρου
3276 5293 3378 5345 καὶ

105 5363 362 5435 Ῥήτορος
388 5367 828 5419 autonnznastice
859 5367 1109 5436 attribui)
1138 5366 1327 5423 Oratio
1357 5373 1736 5426 encomiastica
1773 5375 1828 5424 in
1868 5381 2131 5425 'sanctum
2167 5364 2481 5437 Gregorium
2533 5370 2944 5429 Nazianzenum
2989 5378 3373 5436 Putriarcham

99 5449 770 5518 Constantinopolitanum,
816 5453 975 5522 cujus
1008 5455 1198 5510 titulus
1225 5467 1278 5510 et
1319 5459 1649 5527 principium

1800 5459 1859 5513 οὗ
1889 5461 2204 5529 σοφωτάτου
2246 5457 2338 5510 καὶ
2364 5461 2810 5531 ρητοριιξωτάτου
2842 5467 3164 5540 Μαγίστρου
3210 5469 3371 5540 λόγος

97 5539 543 5609 ὲγκωμιαστικὺς
578 5541 715 5610 πρὸς
753 5543 844 5593 τὸν
882 5543 939 5594 ἐν
979 5542 1158 5610 ἁγίοις
1194 5546 1414 5616 Πατέρα
1445 5548 1629 5618 ἡμῶν,
1665 5548 1762 5602 καὶ
1793 5551 2178 5618 οἰκουμενικὺν
2206 5544 2552 5617 διδάσκαλον,
2597 5553 3039 5623 άρχιεπὶσκοπον
3084 5539 3374 5612 Κιονστάνο

93 5627 482 5691 τινουπόλεως,
525 5628 830 5699 Γρηγόριον
862 5631 954 5681 τὶν
1009 5630 1175 5683 Θεολό
1191 5651 1296 5701 γον.
1340 5636 1453 5705 Οὐχ
1502 5639 1650 5701 ὅπως
1687 5639 1798 5690 οὐδ’
1850 5640 1916 5693 ἂν
1950 5635 2031 5703 εἷς
2062 5634 2217 5700 οἶμαι
2259 5635 2366 5687 τῶν
2425 5639 2665 5704 πάντων,
2698 5643 2806 5695 οὐδ’
2838 5646 2988 5709 ὅπως
3021 5664 3074 5700 τι
3112 5644 3205 5700 οὖν
3248 5650 3372 5716 ἐμοὶ

91 5718 408 5784 νεμεσήσαι,
447 5715 556 5768 οὐδ’
593 5718 874 5786 ἀπονοίας,
903 5737 920 5769 ι
961 5729 1066 5774 etc.
1099 5719 1340 5792 Denique
1374 5725 1423 5777 iu
1456 5725 1663 5782 bibliotl

1821 5727 2109 5801 Lugduno.
2130 5721 2328 5777 Batava
2365 5737 2552 5782 IlOSlI'II
2593 5730 2643 5781 ἱιι
2677 5748 2808 5788 mss.
2845 5737 3128 5791 codicibus
3161 5715 3367 5790 Grercis
