4086 6344
610 371 744 436 4207

1671 372 1731 430 S.
1774 370 2190 430 NICEPHORI
2230 369 2739 430 PATRIARCHE
2777 368 2887 430 (ΞΡ,

3797 375 3910 440 c208

644 485 1084 541 Christianorum
1141 484 1454 556 religionem
1508 485 1801 554 impietatis
1854 484 2059 540 idolicae
2123 501 2222 555 ptt~

2332 483 2678 557 Χριστιανῶν
2721 483 3055 550 θεοσέϐειαν,
3109 483 3427 548 δυσσεϐείας
3485 484 3768 557 είδωλικῆς
3815 487 3914 541 διά

650 596 789 644 ram,
855 578 1026 634 sacris
1102 577 1298 632 litteris
1361 576 1625 641 recitatis,
1678 578 1992 646 praecedens
2043 592 2222 631 sermo

652 671 1014 735 monstravit;
1053 669 1174 724 illos
1202 683 1334 724 vero
1360 669 1449 737 qui
1481 668 1822 737 iniquitatem
1860 671 1912 723 iu
1946 669 2220 725 excelsum

648 764 814 820 locuti
850 771 981 817 sunt
1017 762 1034 792 ⁸
1068 775 1131 815 ac
1166 760 1433 825 meditati,
1465 773 1565 814 ceu
1599 759 1883 815 dementes
1932 762 2223 815 traducens

648 857 849 926 abegit.
876 853 1031 909 Nunc
1053 863 1232 906 autem
1260 850 1491 905 accincti
1512 850 1689 905 denuo
1708 851 1937 905 alterum
1960 852 2224 906 adversus

632 947 976 1015 impietatem
1035 943 1370 1013 ingredimur
1411 943 1671 997 stadium.
1722 942 2018 1008 Quoniam,
2081 945 2225 999 sicut

637 1040 750 1105 jam
782 1045 939 1090 antea
971 1034 1228 1099 diximus,
1253 1034 1447 1103 duplex
1480 1050 1508 1088 a
1545 1035 1791 1090 veritatis
1824 1035 2072 1091 hostibus
2097 1052 2227 1092 cou-

634 1139 725 1181 'tra
754 1125 1136 1181 ortltodoxiaut
1168 1124 1416 1193 prmlinm
1447 1125 1839 1190 committitur,
1860 1142 1958 1181 nos
1986 1141 2222 1197 quoque,

644 1218 784 1274 haud
820 1233 981 1274 secus
1012 1232 1175 1287 quam
1207 1220 1410 1273 zelotes
1432 1216 1693 1284 Pltinees,
1726 1218 1834 1273 telo
1886 1220 2079 1274 armati
2114 1220 2225 1289 spi-

645 1314 801 1377 ritus,
845 1322 900 1366 et
926 1309 1179 1365 auxiliari
1241 1311 1360 1379 ipsa
1403 1311 1635 1364 veritate
1687 1319 1927 1375 utentes,
1963 1325 2061 1380 pro
2117 1326 2222 1380 qua

642 1416 948 1477 pugnantes
988 1419 1268 1459 armorum
1303 1403 1624 1459 societatem
1654 1402 1929 1470 inivimus,
1957 1411 2013 1459 et
2069 1402 2224 1473 cujus

624 1496 807 1552 causa
840 1496 943 1552 hoc
975 1496 1103 1552 item
1136 1496 1292 1551 nobis
1318 1494 1574 1551 obortum
1619 1502 1708 1549 est
1762 1494 1982 1559 bellum,
2016 1494 2218 1550 Media-

562 1628 571 1638 .
644 1586 872 1641 nitieam
926 1586 1259 1655 impietatem
1322 1600 1445 1639 cum
1485 1583 1862 1639 incredulitate
1898 1582 2137 1652 judaica,
2170 1584 2223 1640 id

636 1685 731 1733 est
778 1677 1135 1732 manicltmam
1177 1676 1383 1731 rabiem
1417 1690 1539 1731 cum
1569 1676 1757 1730 ariana
1801 1674 2044 1743 vesania,
2075 1676 2223 1745 peri-

647 1769 901 1824 tncndam
927 1768 1264 1825 curabimus.

2323 577 2431 629 τῶν
2492 577 2656 649 ἱερῶν
2709 577 3055 647 γραμμάτων
3091 577 3120 629 ό
3166 576 3323 644 λόγος
3375 576 3681 648 προλαϐὼν,
3735 579 3913 634 καθαο

2326 668 2595 736 ρεύουσαν
2639 669 2971 738 ἀποδέδειχε,
3032 668 3159 732 τοὺς
3200 667 3259 721 δὲ
3289 667 3504 723 ἀδικίαν
3555 671 3635 732 είς
3670 669 3733 723 τὸ
3771 669 3911 741 ὕψος

2324 758 2666 831 λαλήσαντάς
2706 778 2765 813 τε
2813 761 2906 813 καὶ
2963 759 3393 830 μελετήσαντας,
3438 760 3797 831 στηλιτεῦσας
3830 761 3913 826 ὡς

2326 853 2684 921 παράφρονας
2726 851 3102 924 ἀπερῤἀπισε.
3148 848 3263 903 Νῦν
3294 851 3352 905 δὲ
3393 846 3549 916 αὖθις
3578 854 3671 906 ἐπὶ
3705 853 3765 907 τὸ
3789 853 3913 907 ἓτε-

2328 959 2421 1013 ρον
2474 944 2572 1013 τῆς
2623 943 2882 1007 ἀσεϐείας
2927 942 3335 1012 ἀποδυσάμενοι
3380 944 3611 1014 μέτιμεν
3664 944 3908 999 στάδιον.

2339 1035 2622 1105 Ἐπείπερ,
2656 1034 2798 1088 καθά
2831 1034 2896 1107 δὴ
2924 1038 3018 1089 καὶ
3055 1035 3323 1107 πρότερον
3355 1036 3488 1105 ἡμῖν
3535 1036 3765 1109 ἐρρήθη,
3796 1036 3914 1090 διτ-

2326 1124 2417 1188 τὸς
2443 1124 2593 1195 παρά
2621 1124 2729 1176 τῶν
2762 1126 2860 1196 τῆς
2878 1125 3134 1196 ἀληθείας
3164 1124 3375 1195 ἐχθρῶν
3405 1127 3435 1179 ό
3466 1126 3607 1179 κατά
3623 1128 3722 1197 τῆς
3747 1128 3910 1180 εὐσε-

2325 1216 2475 1280 ϐείας
2503 1217 2836 1288 συνέστηκεν
2869 1215 3039 1286 ἀγὼν,
3098 1216 3241 1271 κατά
3289 1216 3381 1271 τὸν
3428 1217 3680 1289 ζηλωτὴν
3720 1220 3909 1282 «met,-

2288 1344 2291 1349 -
2323 1307 2404 1378 τῷ
2438 1310 2778 1380 σειρομάστῃ
2827 1308 3288 1373 καθοπλισθέντες
3322 1309 3419 1364 τοῦ
3450 1310 3791 1381 πνεύματος,
3815 1315 3910 1365 καί

2323 1400 2461 1470 αὐτῇ
2499 1402 2568 1471 τῇ
2597 1398 2831 1470 ἀληθείᾳ
2855 1400 3105 1471 συνεργῷ
3138 1402 3437 1472 χρώμενοι,
3469 1402 3610 1473 ὑπὲρ
3637 1397 3705 1473 ἧς
3738 1404 3909 1473 μαχό⁹

2327 1506 2477 1559 μενοι
2528 1488 2990 1560 συμμαχούμεθα,
3022 1490 3117 1544 καὶ
3161 1492 3190 1543 ό
3240 1488 3436 1562 παρὼν
3501 1492 3637 1561 ἡμῖν
3684 1493 3910 1545 έπισυν-

2324 1581 2522 1651 έστηκε
2566 1580 2824 1652 πόλεμος,
2856 1581 2953 1653 τὴν
2972 1581 3292 1636 Μαδιανῖτιν
3317 1581 3507 1635 ἀθεῖαν
3534 1584 3599 1652 τῇ
3639 1581 3903 1652 Ἰουδαϊκῇ

2322 1672 2578 1743 ἀπιστίᾳ,
2610 1671 2709 1743 τὴν
2762 1673 3113 1743 Μανιχαῖκήν
3163 1690 3307 1743 φημι
3341 1670 3542 1726 λύτταν
3576 1674 3643 1742 τῇ
3686 1673 3903 1741 Ἀρεια-

2323 1767 2447 1835 νικῇ
2484 1764 2652 1836 μανία
2687 1764 3233 1835 συνεκκεντήσοντες.

715 1858 767 1912 1.
799 1857 856 1914 Si
886 1858 1006 1928 quis
1034 1857 1214 1928 itaque
1235 1857 1666 1927 eosinterroget,
1685 1855 1906 1911 ubinam
1934 1855 2222 1926 aliquando

2396 1864 2464 1911 α’.
2516 1856 2672 1911 Ἐπεὶ
2700 1851 2796 1911 οὖν
2841 1858 2895 1910 εί
2916 1874 3001 1922 τις
3028 1857 3210 1912 αὐτῶν
3247 1855 3589 1922 διαπύθοιτο,
3642 1857 3748 1911 ποῦ
3774 1875 3904 1913 ποτε

626 1948 990 2017 ςϐιιτίειίαηοε
1015 1947 1206 2002 idoliea
1241 1946 1522 2012 scandala,
1550 1955 1807 2016 tanquam
1863 1946 1997 2002 deos
2027 1948 2220 2017 depre-

610 2012 933 2097 'henderint
965 2042 1276 2107 adorantes,
1300 2038 1428 2107 quid
1460 2012 1829 2109 respondeant
1861 2053 1966 2094 non
1997 2012 2218 2105 hab-ent,

643 2132 1005 2188 valdelautem
1032 2131 1298 2202 vertigine
1326 2130 1602 2194 laborant,
1636 2130 1707 2185 ab
1738 2130 1856 2202 ipsa
1891 2130 2125 2187 veritate
2156 2134 2222 2185 ad

626 2222 835 2277 incitas
864 2221 1173 2287 redacti,et
1202 2221 1384 2291 lingua
1443 2221 1710 2293 impediti,
1747 2234 1801 2277 et
1836 2223 2016 2277 anima
2071 2231 2224 2277 tene-

640 2314 748 2365 tiris
777 2323 1062 2381 occupata.
1098 2312 1317 2382 Alioqui
1365 2312 1532 2366 etiam
1584 2314 1829 2367 sentiunt
1880 2328 1939 2369 se
1999 2328 2223 2384 magno-

624 2420 770 2471 ,μετα
792 2404 1059 2459 adversus
1074 2402 1242 2459 Deum
1270 2419 1519 2473 peccare,
1538 2406 1666 2461 dum
1686 2408 1740 2460 in
1766 2423 1823 2461 re
1850 2421 2002 2462 sacra
2026 2415 2223 2477 prmtcr

642 2505 722 2548 l.ts
751 2497 1006 2551 labuntur
1055 2513 1069 2549 :
1115 2512 1348 2566 cumque
1386 2497 1455 2553 iis
1486 2498 1545 2551 lit
1590 2498 1950 2568 exploratum,
1995 2507 2222 2567 quanto-

643 2600 772 2654 pere
798 2586 980 2655 injurii
1009 2587 1141 2650 sint,
1183 2598 1314 2642 tunc
1346 2588 1412 2642 ad
1478 2587 1938 2658 iucircumscripti
1992 2591 2222 2643 vocabu-

632 2683 753 2733 lum
790 2679 1131 2749 confugiunt.
1166 2678 1469 2749 Sperantes
1499 2680 1645 2734 enim
1689 2694 1749 2734 se
1782 2679 1994 2749 injuriae
2033 2694 2222 2735 exces-

644 2786 763 2823 sum
810 2770 1007 2836 vitare,
1065 2770 1350 2826 honestam
1400 2773 1782 2843 excogitaruut
1842 2774 2063 2829 induere
2113 2773 2218 2828 sibi

644 2877 954 2931 personam,
1020 2878 1218 2931 nempe
1277 2862 1732 2933 incircumscripti
1802 2864 2218 2934 appellationem

643 2969 807 3022 quam
835 2954 1056 3010 Christo
1080 2942 1390 3009 attribuunt
1417 2971 1432 3009 :
1461 2957 1601 3010 hanc
1619 2956 1716 3011 sibi
1755 2956 1920 3012 veluti
1945 2958 2218 3011 cautelam

635 3046 1256 3114 circumponentesmt,
1287 3048 1411 3100 dum
1443 3047 1716 3102 aiuntnon
1743 3056 2001 3118 oportere
2040 3050 2220 3103 facere

645 3138 930 3208 imagines,
969 3135 1260 3192 videantur
1287 3146 1464 3192 tamen
1524 3140 1761 3195 vesania.
1820 3140 2081 3195 adversus
2130 3154 2217 3193 res
2247 3174 2291 3233 ο

643 3240 862 3283 sanctas
895 3228 1100 3283 crimen
1133 3228 1327 3283 vitare.
1362 3228 1525 3297 Atqui
1552 3229 1603 3283 in
1636 3229 1739 3285 hoc
1769 3230 1942 3301 major
1978 3230 2218 3299 ipsorum

643 3320 916 3384 protervia
972 3319 1331 3388 cntuperitur.
1366 3318 1636 3375 Malitiose
1693 3321 1893 3390 quippe
1951 3331 2221 3374 conantur

647 3415 812 3466 tienm
844 3410 1015 3465 latere
1040 3410 1091 3464 in
1136 3411 1220 3465 his
1243 3424 1365 3479 qua:
1381 3412 1641 3466 adversus
1678 3394 1818 3466 'enm
1859 3423 2085 3482 peccant
2117 3411 2224 3483 ιθ

644 3502 844 3556 stolidi.
877 3498 1050 3557 Porro
1078 3517 1201 3556 cum
1240 3502 1341 3572 ipsi
1375 3503 1595 3559 sibimet
1624 3501 1807 3558 fucum
1853 3502 2079 3569 iaciant,
2116 3504 2220 3558 hoc

644 3601 861 3653 uernum
894 3598 1264 3671 insipientium
1322 3600 1571 3671 atquein
1634 3615 1825 3657 errore
1887 3600 2218 3655 versantium

645 3690 903 3745 iudicium
924 3699 1029 3746 est.
1136 3712 1137 3715 η

712 3870 766 3924 2.
804 3867 1015 3926 Rursus
1048 3870 1230 3941 itaque
1253 3871 1306 3925 in
1337 3871 1439 3926 hac
1466 3885 1687 3941 quoque
1712 3870 2005 3942 impietatis
2068 3880 2223 3941 parte

644 3962 998 4018 consentanei
1029 3962 1133 4018 sibi
1167 3973 1311 4018 sunt.
1339 3962 1527 4033 Neque
1556 3963 1701 4018 enim
1750 3963 2036 4019 veritatem
2071 3964 2221 4018 iuve-

644 4058 761 4111 nire
788 4054 1031 4122 student,
1068 4056 1163 4111 sed
1215 4055 1481 4111 Mamonae
1533 4069 1920 4124 errorem,ceu
1977 4056 2220 4124 regulam

642 4157 698 4201 et
731 4156 982 4203 exactam
1030 4148 1347 4220 dogmatutn
1372 4146 1637 4203 rationem
1673 4148 1725 4202 lti
1779 4148 1966 4203 miseri
2002 4147 2222 4215 adopta-

645 4247 792 4292 runt.
845 4236 1051 4309 Quippe
1102 4238 1174 4292 ita
1232 4238 1301 4293 ab
1333 4251 1489 4307 aequo
1518 4235 1808 4291 ratiocinio
1854 4237 2218 4300 recesserunt,

640 4339 692 4383 et
731 4328 1050 4397 turpitudini
1101 4328 1418 4400 suti'ragium
1474 4342 1631 4384 suum
1667 4327 2052 4393 contulerunt;
2083 4328 2223 4383 unde

640 4420 781 4486 ipsis
823 4436 958 4476 vana
1000 4422 1116 4477 haec
1150 4422 1395 4477 doctrina
1460 4421 1782 4488 insipienter
1838 4418 2066 4476 conﬂata
2117 4428 2218 4475 est.

2324 1951 2434 2021 ἄρα
2500 1950 2865 2021 Χριστιανοὺς
2923 1948 3223 2014 είδωλικοίς
3286 1948 3762 2020 προσοχθίσμασιν
3828 1959 3905 2014 ὡς

2333 2042 2478 2105 θεοῖς
2530 2042 2823 2113 ἐφώρασαν
2875 2040 3284 2112 ύποκύψαντας,
3332 2041 3431 2094 οὐκ
3461 2039 3647 2111 έχουσι
3678 2043 3708 2094 ὅ
3729 2059 3782 2097 τι
3812 2043 3907 2095 καὶ

2325 2134 2791 2204 ἀντιφθέγξαιντο,
2822 2133 3095 2204 ίλιγγιῶσι
3132 2133 3191 2187 δὲ
3217 2132 3456 2203 μάλιστα
3477 2133 3570 2186 ὑπ’
3603 2134 3778 2203 αὐτῆς
3805 2138 3905 2209 τῆς

2326 2228 2585 2299 ἀληθείας
2622 2226 3070 2299 στρεϐλούμενοι,
3118 2226 3213 2280 καὶ
3256 2226 3353 2297 τὴν
3377 2224 3634 2294 γλῶσσαν
3670 2225 3905 2295 δεσμούς

2327 2337 2498 2391 μενοι,
2552 2321 2646 2374 καὶ
2691 2321 2792 2391 τὴν
2830 2319 3012 2392 ψυχὴν
3064 2318 3291 2382 σκότους
3344 2317 3735 2389 πληρούμενοι.
3793 2318 3905 2371 Καὶ

2323 2411 2502 2475 ἄλλως
2556 2411 2977 2481 συναισθόμενοι
3023 2410 3101 2474 ὡς
3161 2410 3282 2462 λίαν
3343 2406 3604 2462 ἀσεϐοῦσι
3650 2407 3716 2460 τά
3760 2407 3907 2477 πρὸς

2316 2503 2455 2556 Θεὸν
2483 2506 2596 2566 τοῖς
2630 2504 2795 2573 ίεροῖς
2835 2501 3093 2572 ἀθέσμως
3125 2500 3581 2572 προσπταίοντες,
3617 2499 3905 2569 ἐγνωσμέ-

2324 2615 2413 2652 νον
2440 2598 2630 2661 αὐτοῖς
2661 2598 2786 2651 ὅποι
2815 2598 2885 2650 τά
2925 2595 3031 2666 τῆς
3090 2594 3304 2666 ὕϐρεως
3342 2595 3699 2665 ἀναφέρεται,
3748 2611 3900 2664 τηνι-

2324 2690 2503 2744 καῦτα
2552 2688 2826 2760 χωροῦσιν
2888 2688 2982 2741 ἐπὶ
3033 2686 3095 2740 τὸ
3140 2685 3578 2757 ἀπερίγραπτον.
3651 2685 3901 2755 Οίόμενςι

2322 2779 2432 2849 γάρ
2462 2778 2746 2849 διαδρᾶναι
2794 2776 2855 2830 τὸ
2904 2776 3003 2846 τῆς
3056 2774 3267 2847 ῦϐρεως
3311 2776 3638 2846 ὑπέρογκον,
3695 2775 3903 2845 κομψὸν

2322 2868 2621 2939 έπενόησαν
2654 2869 2793 2938 ὅπερ
2835 2866 3110 2921 ὑπέδυσαν
3157 2869 3523 2936 προσωπεῖον,
3584 2866 3674 2919 τοῦ
3704 2871 3901 2937 ἀπεριε-

2322 2959 2570 3031 γράπτου
2617 2959 2678 3021 τὸ
2715 2958 3038 3028 πρόσρημα,
3073 2956 3103 3009 δ
3143 2955 3210 3023 δὴ
3260 2955 3341 3026 τῷ
3395 2957 3619 3027 Χριστῷ
3669 2958 3905 3026 ἐπιγρά-

2322 3068 2512 3121 φουσι·
2563 3050 2738 3121 ταύτῃ
2778 3049 2940 3119 δῆθεν
2991 3046 3499 3111 κατασκευάζοντες
3528 3047 3591 3101 τὸ
3633 3048 3906 3118 ἀπρόσκο-

2324 3161 2446 3208 πον,
2481 3143 2557 3207 ὼς
2587 3143 2654 3198 ἀν
2675 3142 2756 3213 τῷ
2784 3141 2860 3213 μὴ
2888 3142 3003 3195 δείν
3036 3140 3423 3209 είκονίζεσθαι,
3452 3142 3521 3195 τά
3550 3141 3643 3194 επὶ
3668 3144 3735 3212 τῇ
3765 3158 3907 3213 παρ-

2323 3235 2464 3305 οινίᾳ
2510 3234 2621 3287 τῶν
2665 3232 2838 3301 ἁγίων
2872 3232 3050 3287 ἄτοπα
3113 3230 3537 3301 διαπεφευγέναι
3568 3231 3802 3297 δόξαιεν.
3839 3233 3905 3285 Ὃ

2327 3327 2517 3398 μεῖζον
2558 3328 2745 3391 αὐτοῖς
2792 3328 2875 3389 είς
2924 3324 3158 3379 ἀτοπίαν
3211 3324 3529 3395 ἐξεύρηται.
3576 3324 3904 3394 Σοφίζονται

2323 3418 2432 3489 γὰρ
2468 3418 2757 3473 λανθάνειν
2788 3417 2945 3482 Θεδν,
2989 3417 3074 3485 ιφν
3108 3409 3191 3479 οἷς
3217 3418 3298 3479 είς
3326 3415 3492 3469 αὐτὸν
3520 3416 3819 3470 ἀσεϐοῦσιν
3853 3418 3903 3469 oi

2321 3509 2611 3563 ἀσύνετον
2674 3506 2934 3577 λελήθασι
2995 3505 3054 3558 δὲ
3113 3503 3191 3575 τῷ
3245 3503 3362 3558 δντι
3415 3506 3559 3575 σφᾶς
3598 3505 3804 3568 αὐτοὺς
3855 3507 3902 3559 οξ

2323 3601 2691 3672 πλανώμενοι,
2751 3599 2827 3664 ὡς
2875 3598 2937 3653 τό
2993 3613 3056 3667 γε
3100 3598 3351 3659 ,ἑαυτοὺς
3406 3597 3897 3668 παραλογίζεσθαι,

2322 3693 2427 3746 τῶν
2470 3693 2714 3764 ἀνοήτων
2755 3691 2898 3744 πάνυ
2936 3691 3032 3743 καὶ
3079 3686 3367 3759 σφαλερῶν
3416 3689 3657 3760 ὑπάρχει
3693 3691 3889 3758 τεκμή-

2324 3802 2458 3856 ριον.

2396 3875 2462 3946 β’.
2516 3874 2686 3929 Πάλιν
2730 3869 2824 3928 οὖν
2855 3876 2959 3929 κάν
2992 3872 3167 3945 τούτῳ
3201 3871 3278 3943 τῷ
3313 3873 3471 3945 μέρει
3517 3873 3619 3943 τῆς
3648 3872 3903 3934 ἀσεϐείας

2324 3964 2540 4027 ἑαυτοῖς
2568 3962 2989 4027 ἀκολουθοῦντες
3020 3979 3034 3995 ο
3065 3963 3127 4017 οὐ
3163 3961 3272 4035 γάρ
3298 3962 3363 4034 δὴ
3386 3962 3486 4035 τὴν
3515 3965 3613 4035 τῆς
3643 3961 3903 4031 ἀληθείας

2321 4051 2708 4106 διασκοποῦσιν
2758 4051 3001 4124 εὕρεσιν,
3068 4052 3165 4123 τὴν
3204 4053 3316 4112 ,τοῦ
3374 4052 3632 4123 Μαμωνᾶ
3671 4050 3903 4121 πλάνην,

2324 4146 2525 4200 κανόνα
2558 4146 2651 4199 καὶ
2682 4144 2969 4217 δογμάτων
3007 4145 3295 4218 ἀκρίϐειαν
3348 4146 3398 4199 οί
3453 4144 3677 4198 δείλαιοι
3732 4142 3908 4206 ἐξεδέ-

2326 4237 2506 4303 ξαντο.
2536 4236 2692 4291 Οὕτω
2722 4238 2832 4310 γὰρ
2861 4237 2955 4292 τοῦ
2985 4237 3201 4301 δέοντος
3234 4236 3725 4308 παρεκομίσθησαν
3755 4234 3906 4300 λογιο

2328 4329 2490 4397 σμοῦ,
2530 4331 2770 4393 καὶτοῖς
2806 4329 3043 4399 αἱσχίοσι
3096 4330 3198 4400 τὴν
3244 4328 3426 4399 ψῆφον
3475 4328 3739 4398 ἦνεγκαν,
3781 4324 3907 4377 ὅθεν

2325 4423 2509 4485 αὐτοῖς
2539 4421 2601 4475 τδ
2625 4423 2733 4476 πᾶν
2754 4421 2855 4491 τῆς
2883 4419 3096 4484 εἰκαίας
3116 4420 3319 4491 ταύτης
3364 4417 3717 4477 διδασκαλίας
3740 4417 3907 4485 ἀνοήο

641 4512 785 4569 Vere
822 4513 890 4570 de
913 4514 986 4569 ita
1015 4512 1379 4568 sentientibus
1426 4527 1571 4567 nunc
1601 4525 1818 4582 quoque
1863 4512 2093 4577 dicetur,
2153 4528 2217 4569 ex

2324 4530 2431 4575 τως
2464 4511 2817 4581 συνέστηκεν.
2865 4512 3075 4574 Ὄντως
3108 4509 3307 4580 ἀληθὲς
3346 4509 3476 4581 περὶ
3506 4507 3615 4561 τῶν
3641 4500 3742 4561 ὧδε
3768 4524 3905 4576 φρο-

641 4608 750 4661 \ite
811 4606 1196 4672 Sodomorum,
1253 4620 1372 4661 esse
1443 4606 1606 4660 vitem
1670 4594 1897 4671 eorum;
1941 4606 2218 4676 palmitem

638 4714 825 4753 eorum
857 4714 925 4754 ex
952 4698 1283 4765 Gomorrha,
1318 4706 1376 4753 et
1434 4713 1592 4752 uvam
1621 4713 1812 4753 eorum
1861 4712 2014 4752 uvam
2055 4700 2215 4761 fellis.

639 4806 913 4845 racemum
947 4805 1138 4845 eorum
1162 4788 1628 4843 amaritudinem'.
1647 4787 1895 4860 Namque
1924 4789 2219 4860 impietatis

644 4883 792 4937 illinc
821 4896 1093 4938 meracam
1121 4882 1291 4937 veluti
1326 4881 1641 4937 haurientes
1684 4883 2126 4947 amaritudinem,
2165 4892 2219 4938 et

641 4973 941 5030 elaboratis
997 4989 1025 5027 a
1059 4972 1306 5027 Mamurra
1346 4972 1495 5028 falsis
1525 4972 1719 5029 fabulis
1758 4975 2023 5028 ebrialaut
2065 4991 2221 5028 tuen-

644 5078 749 5121 tem
770 5074 1044 5133 gerentes,
1062 5066 1128 5119 ad
1148 5064 1487 5135 prodigiosas
1506 5075 1561 5119 et
1583 5065 1980 5122 irratiduabiles
1995 5082 2219 5137 prorsus

641 5154 992 5227 garrulitates
1052 5155 1292 5226 linguam
1358 5156 1771 5212 absurdissima
1853 5165 2218 5211 remitterent.

641 5248 811 5303 Multo
834 5247 1018 5317 itaque
1048 5262 1105 5303 se
1132 5247 1317 5303 labore
1358 5257 1678 5311 atterentes.
1720 5248 2024 5317 multusque
2053 5248 2222 5301 libros

642 5344 1057 5405 corrumpentes
1103 5344 1267 5406 atque
1305 5336 1694 5405 adulterantes,
1720 5338 2093 5407 plurimasque
2134 5337 2216 5389 in-

643 5428 912 5499 clytorum
944 5425 1165 5483 Patrum
1216 5431 1537 5494 sententias,
1565 5445 1776 5484 necnon
1805 5440 1859 5482 et
1888 5430 2116 5489 aliorum
2149 5428 2217 5481 ab

642 5517 904 5575 Ecclesiae
934 5531 1081 5577 cmtu
1109 5523 1456 5593 expulsorum
1494 5532 1831 5583 scrutantes.
1855 5524 2060 5591 basque.
2098 5540 2221 5591 per-

644 5610 867 5668 turbare
883 5621 938 5667 et
955 5612 1138 5669 fucare
1156 5625 1437 5681 conantes,
1459 5614 1627 5669 niltilo
1657 5612 1829 5683 magis
1853 5615 2217 5693 profecerunt.

718 5792 739 5828 ³
771 5790 915 5851 Psal.
946 5812 1113 5865 Lutt,
1152 5798 1205 5854 8.
1283 5800 1302 5828 '
1345 5795 1501 5852 Deut.
1537 5811 1709 5864 usu,
1737 5794 1829 5852 5'2.
2076 5791 2141 5830 ⁸

2325 4606 2581 4668 νούντων,
2612 4603 2780 4674 φάναι
2808 4602 2903 4656 καὶ
2925 4602 3040 4666 νῦν,
3071 4602 3147 4666 ὡς
3175 4603 3261 4674 είη
3289 4600 3352 4667 ἐξ
3374 4600 3624 4672 ἀμπέλου
3652 4593 3923 4667 Σοδόμωῦ

2327 4700 2360 4768 ἡ
2387 4696 2632 4767 ἄμπελος
2677 4695 2882 4762 αὐτῶν,
2913 4697 2946 4766 ἡ
2986 4695 3259 4765 κληματίς
3282 4694 3462 4747 αὐτῶν
3488 4693 3551 4745 ἐκ
3591 4690 3947 4763 Γομόρῤαςξκ

2325 4790 2357 4857 η
2394 4787 2637 4857 σταφυλὴ
2686 4787 2867 4841 αὐτῶν
2922 4785 3168 4855 σταφυλὴ
3213 4784 3400 4855 χολῆς,
3446 4783 3643 4855 βότρυς
3681 4782 3908 4852 πικρίας

2327 4880 2530 4935 αὐτῶν.
2564 4881 2668 4934 Τὸν
2698 4881 2806 4951 γὰρ
2837 4879 2938 4949 τῆς
2961 4878 3221 4941 ἀσεϐείας
3248 4876 3461 4930 ἐκεῖθεν
3492 4877 3688 4947 πικρὸν
3715 4875 3911 4947 ὥσπερ

2329 4973 2655 5044 ἑκχεάμενοι
2687 4974 2948 5044 ἄκρατον,
2976 4973 3069 5026 καὶ
3097 4974 3212 5035 τοῖς
3254 4970 3725 5041 ἐκπεπονημένοις
3757 4970 3911 5041 αὐτῷ

2328 5064 2820 5136 ψευδομυθήμασιν
2864 5064 3341 5135 ὲκμεμεθυσμένοι
3406 5065 3499 5117 τὸν
3561 5063 3711 5127 νοῦν,
3771 5063 3912 5133 πρὸς

2328 5157 2652 5220 ἀλλοκότους
2700 5159 2795 5210 καὶ
2835 5156 3153 5222 ἀλογίστους
3184 5155 3459 5227 φλυαρίας
3497 5156 3598 5228 τὴν
3653 5154 3914 5223 γλῶσσαν

2327 5248 2653 5304 ἀτοπώτατα
2683 5250 3119 5321 παραφέρονται.
3160 5249 3340 5303 Πολλά
3365 5248 3431 5320 δὴ
3473 5246 3569 5303 οὖν
3615 5248 3913 5318 καμόντες.

2329 5343 2423 5396 καὶ
2449 5342 2649 5406 πολλὰς
2690 5343 2906 5412 βίϐλους
2955 5340 3370 5413 διαφθείραντες
3407 5342 3502 5395 καὶ
3531 5340 3914 5405 νοθεύσαντεε,

2332 5433 2591 5497 πλείστας
2625 5450 2682 5486 τε
2711 5431 2867 5498 δόξας
2893 5432 3003 5485 τῶν
3027 5449 3088 5485 τε
3122 5432 3381 5501 ἀοιδίμων
3430 5430 3694 5502 Πατέρων
3727 5430 3914 5500 ἡμῶν,

2333 5526 2467 5595 πρὸς
2490 5526 2547 5578 δὲ
2576 5505 2673 5579 καὶ
2699 5526 2805 5579 τῶν
2834 5526 2991 5590 ἐκτὸς
3019 5526 3112 5578 καὶ
3144 5524 3241 5578 τοῦ
3276 5524 3375 5595 τῆς
3415 5523 3746 5595 Ἐκκλησίας
3809 5526 3919 5578 ch:-

2332 5618 2683 5690 εληλαμένων
2717 5618 2879 5692 χοροῦ
2917 5618 3403 5691 ἑξερευνήσαντες,
3430 5614 3526 5671 καὶ
3559 5615 3770 5680 ταύτας
3816 5633 3922 5671 πα-
