  <div class='ocr_page' id='page_1' title='image "/cluster/home/n/w/nwhite01/storage/ocr_20150623/100/hvd.32044010574994/1210.png"; bbox 0 0 3982 6346; ppageno 0'>
   <div class='ocr_carea' id='block_1_1' title="bbox 97 286 179 350">
    <p class='ocr_par' dir='ltr' id='par_1_1' title="bbox 97 286 179 350">
     <span class='ocr_line' id='line_1_1' title="bbox 97 286 179 350; baseline -0.024 0"><span class='ocrx_word' id='word_1_1' title='bbox 97 286 179 350; x_wconf 80' lang='lat'><strong>613</strong></span> 
     </span>
    </p>
   </div>
   <div class='ocr_carea' id='block_1_2' title="bbox 94 469 1620 546">
    <p class='ocr_par' dir='ltr' id='par_1_2' title="bbox 94 469 1620 546">
     <span class='ocr_line' id='line_1_2' title="bbox 94 469 1620 546; baseline -0.016 -5"><span class='ocrx_word' id='word_1_2' title='bbox 94 483 266 541; x_wconf 75' lang='lat' dir='ltr'><strong>Judaeis</strong></span> <span class='ocrx_word' id='word_1_3' title='bbox 289 473 745 542; x_wconf 83' lang='lat' dir='ltr'><strong>ostenditAgnum</strong></span> <span class='ocrx_word' id='word_1_4' title='bbox 775 469 890 546; x_wconf 61' lang='lat' dir='ltr'><strong>Dei,</strong></span> <span class='ocrx_word' id='word_1_5' title='bbox 918 479 970 525; x_wconf 92' lang='lat' dir='ltr'><strong>et</strong></span> <span class='ocrx_word' id='word_1_6' title='bbox 988 483 1234 526; x_wconf 87' lang='lat' dir='ltr'><strong>securem</strong></span> <span class='ocrx_word' id='word_1_7' title='bbox 1266 470 1332 532; x_wconf 79' lang='lat' dir='ltr'><strong>ad</strong></span> <span class='ocrx_word' id='word_1_8' title='bbox 1365 469 1620 533; x_wconf 82' lang='lat' dir='ltr'><strong>arborum</strong></span> 
     </span>
    </p>
   </div>
   <div class='ocr_carea' id='block_1_3' title="bbox 93 562 1625 637">
    <p class='ocr_par' dir='ltr' id='par_1_3' title="bbox 93 562 1625 637">
     <span class='ocr_line' id='line_1_3' title="bbox 93 562 1625 637; baseline -0.012 -8"><span class='ocrx_word' id='word_1_9' title='bbox 93 575 296 630; x_wconf 86' lang='lat' dir='ltr'><strong>radicem</strong></span> <span class='ocrx_word' id='word_1_10' title='bbox 335 568 559 637; x_wconf 76' lang='lat' dir='ltr'><strong>positam</strong></span> <span class='ocrx_word' id='word_1_11' title='bbox 622 573 675 619; x_wconf 92' lang='lat' dir='ltr'><strong>et</strong></span> <span class='ocrx_word' id='word_1_12' title='bbox 707 565 1040 620; x_wconf 84' lang='lat' dir='ltr'><strong>excisionem</strong></span> <span class='ocrx_word' id='word_1_13' title='bbox 1075 562 1383 616; x_wconf 76' lang='lat' dir='ltr'><strong>minabatur</strong></span> <span class='ocrx_word' id='word_1_14' title='bbox 1433 573 1625 630; x_wconf 85' lang='lat' dir='ltr'><strong>pecca-</strong></span> 
     </span>
    </p>
   </div>
   <div class='ocr_carea' id='block_1_4' title="bbox 92 665 811 723">
    <p class='ocr_par' dir='ltr' id='par_1_4' title="bbox 92 665 811 723">
     <span class='ocr_line' id='line_1_4' title="bbox 92 665 811 723; baseline -0.008 -2"><span class='ocrx_word' id='word_1_15' title='bbox 92 665 290 720; x_wconf 77' lang='lat' dir='ltr'><strong>toribus.</strong></span> <span class='ocrx_word' id='word_1_16' title='bbox 603 721 606 723; x_wconf 26' lang='grc' dir='ltr'>λ</span> <span class='ocrx_word' id='word_1_17' title='bbox 806 704 811 710; x_wconf 92' lang='grc'><em>.</em></span> 
     </span>
    </p>
   </div>
   <div class='ocr_carea' id='block_1_5' title="bbox 157 744 1627 816">
    <p class='ocr_par' dir='ltr' id='par_1_5' title="bbox 157 744 1627 816">
     <span class='ocr_line' id='line_1_5' title="bbox 157 744 1627 816; baseline -0.009 -8"><span class='ocrx_word' id='word_1_18' title='bbox 157 755 216 810; x_wconf 90' lang='lat' dir='ltr'><strong>ll.</strong></span> <span class='ocrx_word' id='word_1_19' title='bbox 242 752 386 807; x_wconf 80' lang='lat' dir='ltr'><strong>Nunc</strong></span> <span class='ocrx_word' id='word_1_20' title='bbox 419 758 598 804; x_wconf 83' lang='lat' dir='ltr'><strong>autem</strong></span> <span class='ocrx_word' id='word_1_21' title='bbox 622 763 744 804; x_wconf 91' lang='lat' dir='ltr'><strong>cum</strong></span> <span class='ocrx_word' id='word_1_22' title='bbox 777 747 866 801; x_wconf 91' lang='lat' dir='ltr'><strong>illa</strong></span> <span class='ocrx_word' id='word_1_23' title='bbox 905 746 1016 814; x_wconf 89' lang='lat' dir='ltr'><strong>ipsa</strong></span> <span class='ocrx_word' id='word_1_24' title='bbox 1046 744 1378 816; x_wconf 61' lang='lat' dir='ltr'><strong>apparuerit,</strong></span> <span class='ocrx_word' id='word_1_25' title='bbox 1408 751 1460 798; x_wconf 91' lang='lat' dir='ltr'><strong>et</strong></span> <span class='ocrx_word' id='word_1_26' title='bbox 1493 757 1627 812; x_wconf 81' lang='lat' dir='ltr'><strong>prae-</strong></span> 
     </span>
    </p>
   </div>
   <div class='ocr_carea' id='block_1_6' title="bbox 90 835 1626 912">
    <p class='ocr_par' dir='ltr' id='par_1_6' title="bbox 90 835 1626 912">
     <span class='ocr_line' id='line_1_6' title="bbox 90 835 1626 912; baseline -0.012 -8"><span class='ocrx_word' id='word_1_27' title='bbox 90 845 308 904; x_wconf 82' lang='lat' dir='ltr'><strong>stantiori</strong></span> <span class='ocrx_word' id='word_1_28' title='bbox 334 843 566 912; x_wconf 89' lang='lat' dir='ltr'><strong>quodam</strong></span> <span class='ocrx_word' id='word_1_29' title='bbox 597 839 767 895; x_wconf 83' lang='lat' dir='ltr'><strong>modo</strong></span> <span class='ocrx_word' id='word_1_30' title='bbox 799 853 994 904; x_wconf 86' lang='lat' dir='ltr'><strong>manus</strong></span> <span class='ocrx_word' id='word_1_31' title='bbox 1023 837 1254 909; x_wconf 75' lang='lat' dir='ltr'><strong>evaserit</strong></span> <span class='ocrx_word' id='word_1_32' title='bbox 1292 835 1626 895; x_wconf 86' lang='lat' dir='ltr'><strong>barbaricas,</strong></span> 
     </span>
    </p>
   </div>
   <div class='ocr_carea' id='block_1_7' title="bbox 88 928 1627 1008">
    <p class='ocr_par' dir='ltr' id='par_1_7' title="bbox 88 928 1627 1008">
     <span class='ocr_line' id='line_1_7' title="bbox 88 928 1627 1008; baseline -0.011 -14"><span class='ocrx_word' id='word_1_33' title='bbox 88 956 113 994; x_wconf 87' lang='lat' dir='ltr'><strong>a</strong></span> <span class='ocrx_word' id='word_1_34' title='bbox 139 937 318 1008; x_wconf 85' lang='lat' dir='ltr'><strong>quibus</strong></span> <span class='ocrx_word' id='word_1_35' title='bbox 341 934 619 988; x_wconf 75' lang='lat' dir='ltr'><strong>videbatur</strong></span> <span class='ocrx_word' id='word_1_36' title='bbox 651 930 842 992; x_wconf 86' lang='lat' dir='ltr'><strong>teneri,</strong></span> <span class='ocrx_word' id='word_1_37' title='bbox 873 939 1126 998; x_wconf 85' lang='lat' dir='ltr'><strong>tauquam</strong></span> <span class='ocrx_word' id='word_1_38' title='bbox 1149 928 1382 1002; x_wconf 62' lang='lat' dir='ltr'><strong>captiva,</strong></span> <span class='ocrx_word' id='word_1_39' title='bbox 1412 939 1627 995; x_wconf 69' lang='lat' dir='ltr'><strong>aequum</strong></span> 
     </span>
    </p>
   </div>
   <div class='ocr_carea' id='block_1_8' title="bbox 87 1016 1629 1093">
    <p class='ocr_par' dir='ltr' id='par_1_8' title="bbox 87 1016 1629 1093">
     <span class='ocr_line' id='line_1_8' title="bbox 87 1016 1629 1093; baseline -0.012 -7"><span class='ocrx_word' id='word_1_40' title='bbox 87 1039 175 1093; x_wconf 90' lang='lat' dir='ltr'><strong>est,</strong></span> <span class='ocrx_word' id='word_1_41' title='bbox 209 1037 262 1082; x_wconf 93' lang='lat' dir='ltr'><strong>ut</strong></span> <span class='ocrx_word' id='word_1_42' title='bbox 295 1026 345 1079; x_wconf 93' lang='lat' dir='ltr'><strong>in</strong></span> <span class='ocrx_word' id='word_1_43' title='bbox 391 1024 510 1078; x_wconf 80' lang='lat' dir='ltr'><strong>festi</strong></span> <span class='ocrx_word' id='word_1_44' title='bbox 553 1023 790 1076; x_wconf 59' lang='lat' dir='ltr'><strong>laetitiam</strong></span> <span class='ocrx_word' id='word_1_45' title='bbox 834 1021 918 1091; x_wconf 90' lang='lat' dir='ltr'><strong>pie</strong></span> <span class='ocrx_word' id='word_1_46' title='bbox 947 1029 1000 1075; x_wconf 92' lang='lat' dir='ltr'><strong>et</strong></span> <span class='ocrx_word' id='word_1_47' title='bbox 1029 1027 1340 1081; x_wconf 70' lang='lat' dir='ltr'><strong>reverenter</strong></span> <span class='ocrx_word' id='word_1_48' title='bbox 1361 1016 1629 1071; x_wconf 77' lang='lat' dir='ltr'><strong>afﬁciatur</strong></span> 
     </span>
    </p>
   </div>
   <div class='ocr_carea' id='block_1_9' title="bbox 87 1110 1630 1184">
    <p class='ocr_par' dir='ltr' id='par_1_9' title="bbox 87 1110 1630 1184">
     <span class='ocr_line' id='line_1_9' title="bbox 87 1110 1630 1184; baseline -0.009 -8"><span class='ocrx_word' id='word_1_49' title='bbox 87 1129 243 1176; x_wconf 69' lang='lat' dir='ltr'><strong>cintus</strong></span> <span class='ocrx_word' id='word_1_50' title='bbox 294 1131 478 1171; x_wconf 87' lang='lat' dir='ltr'><strong>eorum</strong></span> <span class='ocrx_word' id='word_1_51' title='bbox 529 1115 625 1184; x_wconf 86' lang='lat' dir='ltr'><strong>qui</strong></span> <span class='ocrx_word' id='word_1_52' title='bbox 680 1113 879 1169; x_wconf 80' lang='lat' dir='ltr'><strong>festum</strong></span> <span class='ocrx_word' id='word_1_53' title='bbox 925 1113 1179 1180; x_wconf 29' lang='lat' dir='ltr'><strong>libenter.</strong></span> <span class='ocrx_word' id='word_1_54' title='bbox 1217 1110 1526 1174; x_wconf 73' lang='lat' dir='ltr'><strong>celebrant;</strong></span> <span class='ocrx_word' id='word_1_55' title='bbox 1574 1115 1630 1162; x_wconf 92' lang='lat' dir='ltr'><strong>et</strong></span> 
     </span>
    </p>
   </div>
   <div class='ocr_carea' id='block_1_10' title="bbox 87 1202 1628 1280">
    <p class='ocr_par' dir='ltr' id='par_1_10' title="bbox 87 1202 1628 1280">
     <span class='ocr_line' id='line_1_10' title="bbox 87 1202 1628 1280; baseline -0.007 -14"><span class='ocrx_word' id='word_1_56' title='bbox 87 1212 236 1266; x_wconf 88' lang='lat' dir='ltr'><strong>nubes</strong></span> <span class='ocrx_word' id='word_1_57' title='bbox 260 1208 498 1280; x_wconf 86' lang='lat' dir='ltr'><strong>quidem,</strong></span> <span class='ocrx_word' id='word_1_58' title='bbox 533 1222 654 1278; x_wconf 77' lang='lat' dir='ltr'><strong>quae</strong></span> <span class='ocrx_word' id='word_1_59' title='bbox 690 1206 987 1274; x_wconf 70' lang='lat' dir='ltr'><strong>interiectae</strong></span> <span class='ocrx_word' id='word_1_60' title='bbox 1015 1203 1252 1259; x_wconf 88' lang='lat' dir='ltr'><strong>animam</strong></span> <span class='ocrx_word' id='word_1_61' title='bbox 1308 1202 1628 1272; x_wconf 89' lang='lat' dir='ltr'><strong>impediunt,</strong></span> 
     </span>
    </p>
   </div>
   <div class='ocr_carea' id='block_1_11' title="bbox 83 1286 1631 1371">
    <p class='ocr_par' dir='ltr' id='par_1_11' title="bbox 83 1286 1631 1371">
     <span class='ocr_line' id='line_1_11' title="bbox 83 1286 1631 1371; baseline -0.005 -17"><span class='ocrx_word' id='word_1_62' title='bbox 83 1300 322 1371; x_wconf 78' lang='lat' dir='ltr'><strong>ejus‘illa,</strong></span> <span class='ocrx_word' id='word_1_63' title='bbox 357 1297 852 1369; x_wconf 75' lang='lat' dir='ltr'><strong>quaeintelligentia</strong></span> <span class='ocrx_word' id='word_1_64' title='bbox 889 1286 1202 1366; x_wconf 72' lang='lat' dir='ltr'><strong>percipitur,</strong></span> <span class='ocrx_word' id='word_1_65' title='bbox 1235 1293 1631 1348; x_wconf 86' lang='lat' dir='ltr'><strong>illuminatione</strong></span> 
     </span>
    </p>
   </div>
   <div class='ocr_carea' id='block_1_12' title="bbox 83 1383 1629 1454">
    <p class='ocr_par' dir='ltr' id='par_1_12' title="bbox 83 1383 1629 1454">
     <span class='ocr_line' id='line_1_12' title="bbox 83 1383 1629 1454; baseline -0.008 -8"><span class='ocrx_word' id='word_1_66' title='bbox 83 1391 317 1446; x_wconf 75' lang='lat' dir='ltr'><strong>discutiat</strong></span> <span class='ocrx_word' id='word_1_67' title='bbox 344 1397 400 1443; x_wconf 89' lang='lat' dir='ltr'><strong>et</strong></span> <span class='ocrx_word' id='word_1_68' title='bbox 436 1387 737 1450; x_wconf 87' lang='lat' dir='ltr'><strong>dissolvat;</strong></span> <span class='ocrx_word' id='word_1_69' title='bbox 775 1387 938 1442; x_wconf 85' lang='lat' dir='ltr'><strong>alaeri</strong></span> <span class='ocrx_word' id='word_1_70' title='bbox 989 1394 1170 1453; x_wconf 85' lang='lat' dir='ltr'><strong>autem</strong></span> <span class='ocrx_word' id='word_1_71' title='bbox 1205 1385 1340 1454; x_wconf 87' lang='lat' dir='ltr'><strong>pede</strong></span> <span class='ocrx_word' id='word_1_72' title='bbox 1372 1393 1423 1438; x_wconf 93' lang='lat' dir='ltr'><strong>et</strong></span> <span class='ocrx_word' id='word_1_73' title='bbox 1447 1383 1629 1438; x_wconf 83' lang='lat' dir='ltr'><strong>exsul-</strong></span> 
     </span>
    </p>
   </div>
   <div class='ocr_carea' id='block_1_13' title="bbox 83 1474 1634 1548">
    <p class='ocr_par' dir='ltr' id='par_1_13' title="bbox 83 1474 1634 1548">
     <span class='ocr_line' id='line_1_13' title="bbox 83 1474 1634 1548; baseline -0.006 -14"><span class='ocrx_word' id='word_1_74' title='bbox 83 1490 213 1534; x_wconf 90' lang='lat' dir='ltr'><strong>tante</strong></span> <span class='ocrx_word' id='word_1_75' title='bbox 241 1479 452 1548; x_wconf 78' lang='lat' dir='ltr'><strong>spiritu,</strong></span> <span class='ocrx_word' id='word_1_76' title='bbox 488 1481 554 1532; x_wconf 89' lang='lat' dir='ltr'><strong>ad</strong></span> <span class='ocrx_word' id='word_1_77' title='bbox 590 1492 653 1532; x_wconf 89' lang='lat' dir='ltr'><strong>ea</strong></span> <span class='ocrx_word' id='word_1_78' title='bbox 682 1492 802 1546; x_wconf 84' lang='lat' dir='ltr'><strong>quae</strong></span> <span class='ocrx_word' id='word_1_79' title='bbox 831 1485 959 1532; x_wconf 87' lang='lat' dir='ltr'><strong>sunt</strong></span> <span class='ocrx_word' id='word_1_80' title='bbox 990 1476 1073 1530; x_wconf 86' lang='lat' dir='ltr'><strong>vel</strong></span> <span class='ocrx_word' id='word_1_81' title='bbox 1099 1476 1229 1545; x_wconf 89' lang='lat' dir='ltr'><strong>ipsis</strong></span> <span class='ocrx_word' id='word_1_82' title='bbox 1253 1474 1460 1542; x_wconf 84' lang='lat' dir='ltr'><strong>angelis</strong></span> <span class='ocrx_word' id='word_1_83' title='bbox 1488 1474 1634 1526; x_wconf 67' lang='lat' dir='ltr'><strong>desio</strong></span> 
     </span>
    </p>
   </div>
   <div class='ocr_carea' id='block_1_14' title="bbox 82 1563 1630 1646">
    <p class='ocr_par' dir='ltr' id='par_1_14' title="bbox 82 1563 1630 1646">
     <span class='ocr_line' id='line_1_14' title="bbox 82 1563 1630 1646; baseline -0.005 -21"><span class='ocrx_word' id='word_1_84' title='bbox 82 1570 343 1636; x_wconf 88' lang='lat' dir='ltr'><strong>derabilia,</strong></span> <span class='ocrx_word' id='word_1_85' title='bbox 375 1571 628 1640; x_wconf 82' lang='lat' dir='ltr'><strong>mysteria</strong></span> <span class='ocrx_word' id='word_1_86' title='bbox 676 1568 909 1626; x_wconf 76' lang='lat' dir='ltr'><strong>festinet.</strong></span> <span class='ocrx_word' id='word_1_87' title='bbox 958 1567 1072 1646; x_wconf 70' lang='lat' dir='ltr'><strong>Hoc</strong></span> <span class='ocrx_word' id='word_1_88' title='bbox 1123 1575 1202 1621; x_wconf 91' lang='lat' dir='ltr'><strong>est</strong></span> <span class='ocrx_word' id='word_1_89' title='bbox 1225 1566 1368 1621; x_wconf 88' lang='lat' dir='ltr'><strong>enim</strong></span> <span class='ocrx_word' id='word_1_90' title='bbox 1434 1563 1630 1618; x_wconf 80' lang='lat' dir='ltr'><strong>festum</strong></span> 
     </span>
    </p>
   </div>
   <div class='ocr_carea' id='block_1_15' title="bbox 80 1652 1622 1729">
    <p class='ocr_par' dir='ltr' id='par_1_15' title="bbox 80 1652 1622 1729">
     <span class='ocr_line' id='line_1_15' title="bbox 80 1652 1622 1729; baseline -0.006 -13"><span class='ocrx_word' id='word_1_91' title='bbox 80 1652 350 1723; x_wconf 81' lang='lat' dir='ltr'><strong>celebrare,</strong></span> <span class='ocrx_word' id='word_1_92' title='bbox 384 1670 601 1729; x_wconf 84' lang='lat' dir='ltr'><strong>paratos</strong></span> <span class='ocrx_word' id='word_1_93' title='bbox 623 1659 838 1714; x_wconf 71' lang='lat' dir='ltr'><strong>essent!</strong></span> <span class='ocrx_word' id='word_1_94' title='bbox 897 1667 1147 1728; x_wconf 89' lang='lat' dir='ltr'><strong>prompto</strong></span> <span class='ocrx_word' id='word_1_95' title='bbox 1168 1667 1221 1712; x_wconf 91' lang='lat' dir='ltr'><strong>et</strong></span> <span class='ocrx_word' id='word_1_96' title='bbox 1244 1656 1408 1710; x_wconf 86' lang='lat' dir='ltr'><strong>alacri</strong></span> <span class='ocrx_word' id='word_1_97' title='bbox 1439 1656 1622 1710; x_wconf 79' lang='lat' dir='ltr'><strong>animo</strong></span> 
     </span>
    </p>
   </div>
   <div class='ocr_carea' id='block_1_16' title="bbox 79 1748 1633 1818">
    <p class='ocr_par' dir='ltr' id='par_1_16' title="bbox 79 1748 1633 1818">
     <span class='ocr_line' id='line_1_16' title="bbox 79 1748 1633 1818; baseline -0.004 -11"><span class='ocrx_word' id='word_1_98' title='bbox 79 1750 454 1807; x_wconf 83' lang='lat' dir='ltr'><strong>occurrendum</strong></span> <span class='ocrx_word' id='word_1_99' title='bbox 476 1750 563 1815; x_wconf 88' lang='lat' dir='ltr'><strong>iis,</strong></span> <span class='ocrx_word' id='word_1_100' title='bbox 580 1763 699 1818; x_wconf 75' lang='lat' dir='ltr'><strong>quae</strong></span> <span class='ocrx_word' id='word_1_101' title='bbox 714 1757 842 1802; x_wconf 91' lang='lat' dir='ltr'><strong>sunt</strong></span> <span class='ocrx_word' id='word_1_102' title='bbox 863 1748 1211 1814; x_wconf 79' lang='lat' dir='ltr'><strong>venerabilia,</strong></span> <span class='ocrx_word' id='word_1_103' title='bbox 1227 1749 1633 1802; x_wconf 77' lang='lat' dir='ltr'><strong>etextrinseeus</strong></span> 
     </span>
    </p>
   </div>
   <div class='ocr_carea' id='block_1_17' title="bbox 79 1825 1636 1910">
    <p class='ocr_par' dir='ltr' id='par_1_17' title="bbox 79 1825 1636 1910">
     <span class='ocr_line' id='line_1_17' title="bbox 79 1825 1636 1910; baseline -0.002 -17"><span class='ocrx_word' id='word_1_104' title='bbox 79 1841 247 1910; x_wconf 81' lang='lat' dir='ltr'><strong>ﬁguris</strong></span> <span class='ocrx_word' id='word_1_105' title='bbox 273 1848 324 1894; x_wconf 87' lang='lat' dir='ltr'><strong>et</strong></span> <span class='ocrx_word' id='word_1_106' title='bbox 347 1841 587 1893; x_wconf 87' lang='lat' dir='ltr'><strong>motibus</strong></span> <span class='ocrx_word' id='word_1_107' title='bbox 614 1839 733 1892; x_wconf 81' lang='lat' dir='ltr'><strong>tldei</strong></span> <span class='ocrx_word' id='word_1_108' title='bbox 759 1825 1148 1892; x_wconf 66' lang='lat' dir='ltr'><strong>et‘aﬂ‘ectionis</strong></span> <span class='ocrx_word' id='word_1_109' title='bbox 1173 1839 1447 1892; x_wconf 90' lang='lat' dir='ltr'><strong>internum</strong></span> <span class='ocrx_word' id='word_1_110' title='bbox 1474 1838 1636 1892; x_wconf 83' lang='lat' dir='ltr'><strong>ardo-</strong></span> 
     </span>
    </p>
   </div>
   <div class='ocr_carea' id='block_1_18' title="bbox 77 1929 1599 2010">
    <p class='ocr_par' dir='ltr' id='par_1_18' title="bbox 77 1929 1599 2010">
     <span class='ocr_line' id='line_1_18' title="bbox 77 1929 1599 2010; baseline -0.002 -24"><span class='ocrx_word' id='word_1_111' title='bbox 77 1948 177 1986; x_wconf 88' lang='lat' dir='ltr'><strong>rem</strong></span> <span class='ocrx_word' id='word_1_112' title='bbox 200 1932 501 1986; x_wconf 83' lang='lat' dir='ltr'><strong>ostendere.</strong></span> <span class='ocrx_word' id='word_1_113' title='bbox 555 1929 666 2010; x_wconf 37' lang='lat' dir='ltr'><strong>‘llic</strong></span> <span class='ocrx_word' id='word_1_114' title='bbox 722 1943 851 1999; x_wconf 83' lang='lat' dir='ltr'><strong>ergo</strong></span> <span class='ocrx_word' id='word_1_115' title='bbox 912 1931 1042 1984; x_wconf 93' lang='lat' dir='ltr'><strong>mihi</strong></span> <span class='ocrx_word' id='word_1_116' title='bbox 1097 1931 1238 1984; x_wconf 87' lang='lat' dir='ltr'><strong>adsit</strong></span> <span class='ocrx_word' id='word_1_117' title='bbox 1285 1931 1465 1985; x_wconf 90' lang='lat' dir='ltr'><strong>omnis</strong></span> <span class='ocrx_word' id='word_1_118' title='bbox 1500 1930 1599 1984; x_wconf 90' lang='lat' dir='ltr'><strong>ord</strong></span> 
     </span>
    </p>
   </div>
   <div class='ocr_carea' id='block_1_19' title="bbox 76 2023 1608 2100">
    <p class='ocr_par' dir='ltr' id='par_1_19' title="bbox 76 2023 1608 2100">
     <span class='ocr_line' id='line_1_19' title="bbox 76 2023 1608 2100; baseline -0.003 -22"><span class='ocrx_word' id='word_1_119' title='bbox 76 2039 248 2078; x_wconf 91' lang='lat' dir='ltr'><strong>eorum</strong></span> <span class='ocrx_word' id='word_1_120' title='bbox 283 2026 375 2093; x_wconf 88' lang='lat' dir='ltr'><strong>qui</strong></span> <span class='ocrx_word' id='word_1_121' title='bbox 402 2032 530 2100; x_wconf 82' lang='lat' dir='ltr'><strong>sunt</strong></span> <span class='ocrx_word' id='word_1_122' title='bbox 564 2023 864 2078; x_wconf 78' lang='lat' dir='ltr'><strong>honoriﬁce</strong></span> <span class='ocrx_word' id='word_1_123' title='bbox 889 2023 942 2076; x_wconf 91' lang='lat' dir='ltr'><strong>in</strong></span> <span class='ocrx_word' id='word_1_124' title='bbox 977 2024 1211 2078; x_wconf 84' lang='lat' dir='ltr'><strong>excelsis</strong></span> <span class='ocrx_word' id='word_1_125' title='bbox 1229 2023 1426 2076; x_wconf 86' lang='lat' dir='ltr'><strong>remoti</strong></span> <span class='ocrx_word' id='word_1_126' title='bbox 1455 2038 1484 2076; x_wconf 89' lang='lat' dir='ltr'><strong>a</strong></span> <span class='ocrx_word' id='word_1_127' title='bbox 1520 2035 1608 2076; x_wconf 89' lang='lat' dir='ltr'><strong>ma</strong></span> 
     </span>
    </p>
   </div>
   <div class='ocr_carea' id='block_1_20' title="bbox 75 2115 1636 2184">
    <p class='ocr_par' dir='ltr' id='par_1_20' title="bbox 75 2115 1636 2184">
     <span class='ocr_line' id='line_1_20' title="bbox 75 2115 1636 2184; baseline -0.002 -15"><span class='ocrx_word' id='word_1_128' title='bbox 75 2116 217 2180; x_wconf 84' lang='lat' dir='ltr'><strong>teria,</strong></span> <span class='ocrx_word' id='word_1_129' title='bbox 242 2123 301 2171; x_wconf 84' lang='lat' dir='ltr'><strong>et.</strong></span> <span class='ocrx_word' id='word_1_130' title='bbox 317 2130 508 2169; x_wconf 92' lang='lat' dir='ltr'><strong>eorum</strong></span> <span class='ocrx_word' id='word_1_131' title='bbox 545 2116 636 2184; x_wconf 90' lang='lat' dir='ltr'><strong>qui</strong></span> <span class='ocrx_word' id='word_1_132' title='bbox 668 2122 797 2168; x_wconf 89' lang='lat' dir='ltr'><strong>sunt</strong></span> <span class='ocrx_word' id='word_1_133' title='bbox 829 2115 1135 2183; x_wconf 82' lang='lat' dir='ltr'><strong>adhuehoc</strong></span> <span class='ocrx_word' id='word_1_134' title='bbox 1167 2116 1490 2178; x_wconf 86' lang='lat' dir='ltr'><strong>circumdati</strong></span> <span class='ocrx_word' id='word_1_135' title='bbox 1518 2115 1636 2184; x_wconf 89' lang='lat' dir='ltr'><strong>pul-</strong></span> 
     </span>
    </p>
   </div>
   <div class='ocr_carea' id='block_1_21' title="bbox 73 2203 1637 2284">
    <p class='ocr_par' dir='ltr' id='par_1_21' title="bbox 73 2203 1637 2277">
     <span class='ocr_line' id='line_1_21' title="bbox 73 2203 1637 2277; baseline 0.004 -24"><span class='ocrx_word' id='word_1_136' title='bbox 73 2218 187 2257; x_wconf 85' lang='lat' dir='ltr'><strong>vere</strong></span> <span class='ocrx_word' id='word_1_137' title='bbox 222 2220 236 2257; x_wconf 86' lang='lat'><strong>:</strong></span> <span class='ocrx_word' id='word_1_138' title='bbox 265 2213 318 2257; x_wconf 90' lang='lat' dir='ltr'><strong>et</strong></span> <span class='ocrx_word' id='word_1_139' title='bbox 356 2203 635 2275; x_wconf 84' lang='lat' dir='ltr'><strong>communi</strong></span> <span class='ocrx_word' id='word_1_140' title='bbox 668 2211 918 2257; x_wconf 78' lang='lat' dir='ltr'><strong>contexta</strong></span> <span class='ocrx_word' id='word_1_141' title='bbox 952 2207 1175 2277; x_wconf 65' lang='lat' dir='ltr'><strong>chbrea,</strong></span> <span class='ocrx_word' id='word_1_142' title='bbox 1212 2205 1546 2271; x_wconf 89' lang='lat' dir='ltr'><strong>luminosum</strong></span> <span class='ocrx_word' id='word_1_143' title='bbox 1581 2216 1637 2259; x_wconf 94' lang='lat' dir='ltr'><strong>et</strong></span> 
     </span>
    </p>
   </div>
   <div class='ocr_carea' id='block_1_22' title="bbox 37 2290 1638 2360">
    <p class='ocr_par' dir='ltr' id='par_1_22' title="bbox 37 2290 1638 2360">
     <span class='ocr_line' id='line_1_22' title="bbox 37 2290 1638 2360; baseline 0.002 -18"><span class='ocrx_word' id='word_1_144' title='bbox 37 2349 40 2353; x_wconf 91' lang='lat'><strong>_</strong></span> <span class='ocrx_word' id='word_1_145' title='bbox 75 2305 317 2360; x_wconf 87' lang='lat' dir='ltr'><strong>perquam</strong></span> <span class='ocrx_word' id='word_1_146' title='bbox 353 2290 565 2344; x_wconf 91' lang='lat' dir='ltr'><strong>clarum</strong></span> <span class='ocrx_word' id='word_1_147' title='bbox 608 2290 1009 2345; x_wconf 84' lang='lat' dir='ltr'><strong>constituamus</strong></span> <span class='ocrx_word' id='word_1_148' title='bbox 1075 2293 1372 2357; x_wconf 87' lang='lat' dir='ltr'><strong>theatrum,</strong></span> <span class='ocrx_word' id='word_1_149' title='bbox 1403 2308 1468 2345; x_wconf 85' lang='lat' dir='ltr'><strong>eo</strong></span> <span class='ocrx_word' id='word_1_150' title='bbox 1499 2293 1638 2346; x_wconf 90' lang='lat' dir='ltr'><strong>duce</strong></span> 
     </span>
    </p>
   </div>
   <div class='ocr_carea' id='block_1_23' title="bbox 74 2381 1633 2456">
    <p class='ocr_par' dir='ltr' id='par_1_23' title="bbox 74 2381 1633 2456">
     <span class='ocr_line' id='line_1_23' title="bbox 74 2381 1633 2456; baseline 0.001 -22"><span class='ocrx_word' id='word_1_151' title='bbox 74 2390 295 2456; x_wconf 62' lang='lat' dir='ltr'><strong>utentes,</strong></span> <span class='ocrx_word' id='word_1_152' title='bbox 332 2382 428 2450; x_wconf 90' lang='lat' dir='ltr'><strong>qui</strong></span> <span class='ocrx_word' id='word_1_153' title='bbox 488 2381 629 2434; x_wconf 90' lang='lat' dir='ltr'><strong>inter</strong></span> <span class='ocrx_word' id='word_1_154' title='bbox 669 2390 822 2434; x_wconf 89' lang='lat' dir='ltr'><strong>natos</strong></span> <span class='ocrx_word' id='word_1_155' title='bbox 865 2382 1154 2446; x_wconf 85' lang='lat' dir='ltr'><strong>mulierum</strong></span> <span class='ocrx_word' id='word_1_156' title='bbox 1203 2391 1286 2436; x_wconf 87' lang='lat' dir='ltr'><strong>est</strong></span> <span class='ocrx_word' id='word_1_157' title='bbox 1341 2383 1633 2437; x_wconf 81' lang='lat' dir='ltr'><strong>maximus.</strong></span> 
     </span>
    </p>
   </div>
   <div class='ocr_carea' id='block_1_24' title="bbox 72 2473 1636 2544">
    <p class='ocr_par' dir='ltr' id='par_1_24' title="bbox 72 2473 1636 2544">
     <span class='ocr_line' id='line_1_24' title="bbox 72 2473 1636 2544; baseline 0.001 -18"><span class='ocrx_word' id='word_1_158' title='bbox 72 2474 193 2527; x_wconf 84' lang='lat' dir='ltr'><strong>Nam</strong></span> <span class='ocrx_word' id='word_1_159' title='bbox 222 2473 323 2528; x_wconf 89' lang='lat' dir='ltr'><strong>etsi</strong></span> <span class='ocrx_word' id='word_1_160' title='bbox 353 2474 609 2527; x_wconf 70' lang='lat' dir='ltr'><strong>humanae</strong></span> <span class='ocrx_word' id='word_1_161' title='bbox 648 2483 858 2526; x_wconf 68' lang='lat' dir='ltr'><strong>naturae</strong></span> <span class='ocrx_word' id='word_1_162' title='bbox 910 2475 1191 2543; x_wconf 71' lang='lat' dir='ltr'><strong>superavit</strong></span> <span class='ocrx_word' id='word_1_163' title='bbox 1223 2477 1488 2530; x_wconf 85' lang='lat' dir='ltr'><strong>terminos</strong></span> <span class='ocrx_word' id='word_1_164' title='bbox 1542 2492 1636 2544; x_wconf 89' lang='lat' dir='ltr'><strong>per</strong></span> 
     </span>
    </p>
   </div>
   <div class='ocr_carea' id='block_1_25' title="bbox 72 2548 1638 2643">
    <p class='ocr_par' dir='ltr' id='par_1_25' title="bbox 72 2548 1638 2643">
     <span class='ocr_line' id='line_1_25' title="bbox 72 2548 1638 2643; baseline 0.002 -26"><span class='ocrx_word' id='word_1_165' title='bbox 72 2567 222 2619; x_wconf 82' lang='lat' dir='ltr'><strong>vitam</strong></span> <span class='ocrx_word' id='word_1_166' title='bbox 257 2580 288 2618; x_wconf 90' lang='lat' dir='ltr'><strong>a</strong></span> <span class='ocrx_word' id='word_1_167' title='bbox 322 2557 489 2619; x_wconf 88' lang='lat' dir='ltr'><strong>carne</strong></span> <span class='ocrx_word' id='word_1_168' title='bbox 519 2573 572 2619; x_wconf 91' lang='lat' dir='ltr'><strong>et</strong></span> <span class='ocrx_word' id='word_1_169' title='bbox 610 2548 837 2643; x_wconf 85' lang='lat' dir='ltr'><strong>corpore</strong></span> <span class='ocrx_word' id='word_1_170' title='bbox 892 2555 1146 2628; x_wconf 85' lang='lat' dir='ltr'><strong>alienam.</strong></span> <span class='ocrx_word' id='word_1_171' title='bbox 1197 2576 1254 2620; x_wconf 87' lang='lat' dir='ltr'><strong>ut</strong></span> <span class='ocrx_word' id='word_1_172' title='bbox 1307 2569 1398 2636; x_wconf 89' lang='lat' dir='ltr'><strong>qui</strong></span> <span class='ocrx_word' id='word_1_173' title='bbox 1455 2577 1638 2622; x_wconf 91' lang='lat' dir='ltr'><strong>tamen</strong></span> 
     </span>
    </p>
   </div>
   <div class='ocr_carea' id='block_1_26' title="bbox 75 2647 1636 2726">
    <p class='ocr_par' dir='ltr' id='par_1_26' title="bbox 75 2647 1636 2726">
     <span class='ocr_line' id='line_1_26' title="bbox 75 2647 1636 2726; baseline -0.001 -18"><span class='ocrx_word' id='word_1_174' title='bbox 75 2647 375 2709; x_wconf 84' lang='lat' dir='ltr'><strong>nostrarum</strong></span> <span class='ocrx_word' id='word_1_175' title='bbox 417 2654 752 2709; x_wconf 87' lang='lat' dir='ltr'><strong>naturalium</strong></span> <span class='ocrx_word' id='word_1_176' title='bbox 782 2657 1055 2723; x_wconf 82' lang='lat' dir='ltr'><strong>partireps</strong></span> <span class='ocrx_word' id='word_1_177' title='bbox 1082 2655 1183 2710; x_wconf 83' lang='lat' dir='ltr'><strong>fuit</strong></span> <span class='ocrx_word' id='word_1_178' title='bbox 1220 2659 1636 2726; x_wconf 72' lang='lat' dir='ltr'><strong>prOpt-ietatum,</strong></span> 
     </span>
    </p>
   </div>
   <div class='ocr_carea' id='block_1_27' title="bbox 71 2743 1642 2831">
    <p class='ocr_par' dir='ltr' id='par_1_27' title="bbox 71 2743 1642 2831">
     <span class='ocr_line' id='line_1_27' title="bbox 71 2743 1642 2831; baseline 0.004 -35"><span class='ocrx_word' id='word_1_179' title='bbox 71 2743 268 2800; x_wconf 71' lang='lat' dir='ltr'><strong>laetatur</strong></span> <span class='ocrx_word' id='word_1_180' title='bbox 289 2745 496 2800; x_wconf 89' lang='lat' dir='ltr'><strong>nostris</strong></span> <span class='ocrx_word' id='word_1_181' title='bbox 521 2745 674 2830; x_wconf 39' lang='lat' dir='ltr'><strong>de&#39;se</strong></span> <span class='ocrx_word' id='word_1_182' title='bbox 711 2745 965 2800; x_wconf 82' lang='lat' dir='ltr'><strong>laudibus</strong></span> <span class='ocrx_word' id='word_1_183' title='bbox 992 2757 1040 2798; x_wconf 90' lang='lat' dir='ltr'><strong>et</strong></span> <span class='ocrx_word' id='word_1_184' title='bbox 1076 2747 1558 2831; x_wconf 62' lang='lat' dir='ltr'><strong>celebrationibus,</strong></span> <span class='ocrx_word' id='word_1_185' title='bbox 1587 2758 1642 2803; x_wconf 92' lang='lat' dir='ltr'><strong>et</strong></span> 
     </span>
    </p>
   </div>
   <div class='ocr_carea' id='block_1_28' title="bbox 72 2835 1642 2906">
    <p class='ocr_par' dir='ltr' id='par_1_28' title="bbox 72 2835 1642 2906">
     <span class='ocr_line' id='line_1_28' title="bbox 72 2835 1642 2906; baseline 0.004 -17"><span class='ocrx_word' id='word_1_186' title='bbox 72 2837 258 2890; x_wconf 89' lang='lat' dir='ltr'><strong>bonam</strong></span> <span class='ocrx_word' id='word_1_187' title='bbox 294 2835 586 2903; x_wconf 84' lang='lat' dir='ltr'><strong>accipiens.</strong></span> <span class='ocrx_word' id='word_1_188' title='bbox 608 2835 964 2901; x_wconf 87' lang='lat' dir='ltr'><strong>voluntatem,</strong></span> <span class='ocrx_word' id='word_1_189' title='bbox 1007 2840 1285 2906; x_wconf 80' lang='lat' dir='ltr'><strong>c0piosam</strong></span> <span class='ocrx_word' id='word_1_190' title='bbox 1356 2845 1642 2894; x_wconf 86' lang='lat' dir='ltr'><strong>remetitur</strong></span> 
     </span>
    </p>
   </div>
   <div class='ocr_carea' id='block_1_29' title="bbox 68 2925 581 2980">
    <p class='ocr_par' dir='ltr' id='par_1_29' title="bbox 68 2925 581 2980">
     <span class='ocr_line' id='line_1_29' title="bbox 68 2925 581 2980; baseline 0 -3"><span class='ocrx_word' id='word_1_191' title='bbox 68 2925 581 2980; x_wconf 85' lang='lat' dir='ltr'><strong>remunerationem.</strong></span> 
     </span>
    </p>
   </div>
   <div class='ocr_carea' id='block_1_30' title="bbox 349 259 2190 339">
    <p class='ocr_par' dir='ltr' id='par_1_30' title="bbox 349 259 2190 339">
     <span class='ocr_line' id='line_1_30' title="bbox 349 259 2190 339; baseline -0.012 0"><span class='ocrx_word' id='word_1_192' title='bbox 349 333 357 339; x_wconf 91' lang='lat'><strong>.</strong></span> <span class='ocrx_word' id='word_1_193' title='bbox 1131 267 1225 326; x_wconf 84' lang='lat' dir='ltr'><strong>DE</strong></span> <span class='ocrx_word' id='word_1_194' title='bbox 1262 262 1475 325; x_wconf 68' lang='lat' dir='ltr'><strong>MANU</strong></span> <span class='ocrx_word' id='word_1_195' title='bbox 1519 261 1578 321; x_wconf 90' lang='lat' dir='ltr'><strong>S.</strong></span> <span class='ocrx_word' id='word_1_196' title='bbox 1621 259 2190 322; x_wconf 65' lang='lat' dir='ltr'><strong>PIL&#39;ECURSORIS.</strong></span> 
     </span>
    </p>
   </div>
   <div class='ocr_carea' id='block_1_31' title="bbox 94 357 3289 463">
    <p class='ocr_par' dir='ltr' id='par_1_31' title="bbox 94 357 3289 463">
     <span class='ocr_line' id='line_1_31' title="bbox 94 357 3289 463; baseline -0.012 -19"><span class='ocrx_word' id='word_1_197' title='bbox 94 409 194 463; x_wconf 71' lang='grc' dir='ltr'><strong>σμιεε</strong></span> <span class='ocrx_word' id='word_1_198' title='bbox 215 397 488 454; x_wconf 78' lang='lat' dir='ltr'><strong>eratsnpra</strong></span> <span class='ocrx_word' id='word_1_199' title='bbox 517 381 784 436; x_wconf 81' lang='lat' dir='ltr'><strong>hominem</strong></span> <span class='ocrx_word' id='word_1_200' title='bbox 810 397 822 442; x_wconf 85' lang='lat'>;</span> <span class='ocrx_word' id='word_1_201' title='bbox 849 393 967 448; x_wconf 67' lang='lat' dir='ltr'><strong>quae</strong></span> <span class='ocrx_word' id='word_1_202' title='bbox 983 380 1134 448; x_wconf 89' lang='lat' dir='ltr'><strong>prius</strong></span> <span class='ocrx_word' id='word_1_203' title='bbox 1151 380 1366 449; x_wconf 89' lang='lat' dir='ltr'><strong>quidem</strong></span> <span class='ocrx_word' id='word_1_204' title='bbox 1391 375 1617 446; x_wconf 82' lang='lat' dir='ltr'><strong>ingratis</strong></span> <span class='ocrx_word' id='word_1_205' title='bbox 1649 380 1691 435; x_wconf 79' lang='grc' dir='ltr'>Α</span> <span class='ocrx_word' id='word_1_206' title='bbox 1721 376 1822 431; x_wconf 84' lang='lat' dir='ltr'><strong>sibi</strong></span> <span class='ocrx_word' id='word_1_207' title='bbox 1855 389 1961 428; x_wconf 93' lang='lat' dir='ltr'><strong>non</strong></span> <span class='ocrx_word' id='word_1_208' title='bbox 2017 374 2221 435; x_wconf 89' lang='lat' dir='ltr'><strong>liceret,</strong></span> <span class='ocrx_word' id='word_1_209' title='bbox 2255 378 2539 440; x_wconf 83' lang='lat' dir='ltr'><strong>prepterea</strong></span> <span class='ocrx_word' id='word_1_210' title='bbox 2589 363 2734 434; x_wconf 90' lang='lat' dir='ltr'><strong>quod</strong></span> <span class='ocrx_word' id='word_1_211' title='bbox 2770 361 3054 463; x_wconf 75' lang='lat' dir='ltr'><strong>Philippus</strong></span> <span class='ocrx_word' id='word_1_212' title='bbox 3087 372 3150 412; x_wconf 78' lang='lat' dir='ltr'><strong>ex</strong></span> <span class='ocrx_word' id='word_1_213' title='bbox 3202 357 3289 409; x_wconf 76' lang='lat' dir='ltr'><strong>illa</strong></span> 
     </span>
    </p>
   </div>
   <div class='ocr_carea' id='block_1_32' title="bbox 3181 241 3288 304">
    <p class='ocr_par' dir='ltr' id='par_1_32' title="bbox 3181 241 3288 304">
     <span class='ocr_line' id='line_1_32' title="bbox 3181 241 3288 304; baseline -0.019 0"><span class='ocrx_word' id='word_1_214' title='bbox 3181 241 3288 304; x_wconf 73' lang='lat' dir='ltr'><strong>6H</strong></span> 
     </span>
    </p>
   </div>
   <div class='ocr_carea' id='block_1_33' title="bbox 1724 453 3296 534">
    <p class='ocr_par' dir='ltr' id='par_1_33' title="bbox 1724 453 3296 534">
     <span class='ocr_line' id='line_1_33' title="bbox 1724 453 3296 534; baseline -0.013 -11"><span class='ocrx_word' id='word_1_215' title='bbox 1724 468 1922 523; x_wconf 85' lang='lat' dir='ltr'><strong>liberos</strong></span> <span class='ocrx_word' id='word_1_216' title='bbox 1959 473 2296 534; x_wconf 85' lang='lat' dir='ltr'><strong>susceperat,</strong></span> <span class='ocrx_word' id='word_1_217' title='bbox 2352 462 2594 516; x_wconf 79' lang='lat' dir='ltr'><strong>duxisset</strong></span> <span class='ocrx_word' id='word_1_218' title='bbox 2625 460 2676 513; x_wconf 92' lang='lat' dir='ltr'><strong>in</strong></span> <span class='ocrx_word' id='word_1_219' title='bbox 2719 453 3137 531; x_wconf 72' lang='lat' dir='ltr'><strong>matrimonium</strong></span> <span class='ocrx_word' id='word_1_220' title='bbox 3186 468 3206 503; x_wconf 88' lang='lat'><strong>:-</strong></span> <span class='ocrx_word' id='word_1_221' title='bbox 3240 460 3296 503; x_wconf 85' lang='lat' dir='ltr'><strong>ot</strong></span> 
     </span>
    </p>
   </div>
   <div class='ocr_carea' id='block_1_34' title="bbox 1724 544 3292 626">
    <p class='ocr_par' dir='ltr' id='par_1_34' title="bbox 1724 544 3292 626">
     <span class='ocr_line' id='line_1_34' title="bbox 1724 544 3292 626; baseline -0.012 -12"><span class='ocrx_word' id='word_1_222' title='bbox 1724 570 1866 614; x_wconf 87' lang='lat' dir='ltr'><strong>esset</strong></span> <span class='ocrx_word' id='word_1_223' title='bbox 1895 559 2024 611; x_wconf 89' lang='lat' dir='ltr'><strong>illud</strong></span> <span class='ocrx_word' id='word_1_224' title='bbox 2047 557 2265 626; x_wconf 78' lang='lat' dir='ltr'><strong>quidem</strong></span> <span class='ocrx_word' id='word_1_225' title='bbox 2306 553 2483 608; x_wconf 87' lang='lat' dir='ltr'><strong>scelus</strong></span> <span class='ocrx_word' id='word_1_226' title='bbox 2546 551 2679 620; x_wconf 81' lang='lat' dir='ltr'><strong>legis</strong></span> <span class='ocrx_word' id='word_1_227' title='bbox 2707 544 2938 612; x_wconf 82' lang='lat' dir='ltr'><strong>eversio,</strong></span> <span class='ocrx_word' id='word_1_228' title='bbox 2977 545 3065 598; x_wconf 91' lang='lat' dir='ltr'><strong>Dei</strong></span> <span class='ocrx_word' id='word_1_229' title='bbox 3115 554 3292 597; x_wconf 90' lang='lat' dir='ltr'><strong>autem</strong></span> 
     </span>
    </p>
   </div>
   <div class='ocr_carea' id='block_1_35' title="bbox 1725 633 3299 717">
    <p class='ocr_par' dir='ltr' id='par_1_35' title="bbox 1725 633 3299 717">
     <span class='ocr_line' id='line_1_35' title="bbox 1725 633 3299 717; baseline -0.015 -10"><span class='ocrx_word' id='word_1_230' title='bbox 1725 649 2079 717; x_wconf 86' lang='lat' dir='ltr'><strong>contemptio,</strong></span> <span class='ocrx_word' id='word_1_231' title='bbox 2105 646 2382 701; x_wconf 83' lang='lat' dir='ltr'><strong>hominum</strong></span> <span class='ocrx_word' id='word_1_232' title='bbox 2413 657 2543 696; x_wconf 82' lang='lat' dir='ltr'><strong>vero</strong></span> <span class='ocrx_word' id='word_1_233' title='bbox 2577 641 2642 694; x_wconf 89' lang='lat' dir='ltr'><strong>ad</strong></span> <span class='ocrx_word' id='word_1_234' title='bbox 2678 639 2944 694; x_wconf 85' lang='lat' dir='ltr'><strong>deteriora</strong></span> <span class='ocrx_word' id='word_1_235' title='bbox 2991 633 3299 690; x_wconf 83' lang='lat' dir='ltr'><strong>adhortatio</strong></span> 
     </span>
    </p>
   </div>
   <div class='ocr_carea' id='block_1_36' title="bbox 1726 723 3298 804">
    <p class='ocr_par' dir='ltr' id='par_1_36' title="bbox 1726 723 3298 804">
     <span class='ocr_line' id='line_1_36' title="bbox 1726 723 3298 804; baseline -0.011 -11"><span class='ocrx_word' id='word_1_236' title='bbox 1726 749 1780 794; x_wconf 91' lang='lat' dir='ltr'><strong>et</strong></span> <span class='ocrx_word' id='word_1_237' title='bbox 1808 737 2083 801; x_wconf 87' lang='lat' dir='ltr'><strong>inductio;</strong></span> <span class='ocrx_word' id='word_1_238' title='bbox 2120 746 2270 798; x_wconf 89' lang='lat' dir='ltr'><strong>tunc,</strong></span> <span class='ocrx_word' id='word_1_239' title='bbox 2299 744 2557 804; x_wconf 87' lang='lat' dir='ltr'><strong>tanquam</strong></span> <span class='ocrx_word' id='word_1_240' title='bbox 2592 730 2752 784; x_wconf 84' lang='lat' dir='ltr'><strong>fortis</strong></span> <span class='ocrx_word' id='word_1_241' title='bbox 2789 728 2988 781; x_wconf 89' lang='lat' dir='ltr'><strong>athleta</strong></span> <span class='ocrx_word' id='word_1_242' title='bbox 3035 723 3298 785; x_wconf 81' lang='lat' dir='ltr'><strong>Joannes,</strong></span> 
     </span>
    </p>
   </div>
   <div class='ocr_carea' id='block_1_37' title="bbox 1726 817 3298 892">
    <p class='ocr_par' dir='ltr' id='par_1_37' title="bbox 1726 817 3298 892">
     <span class='ocr_line' id='line_1_37' title="bbox 1726 817 3298 892; baseline -0.012 -6"><span class='ocrx_word' id='word_1_243' title='bbox 1726 840 1874 886; x_wconf 86' lang='lat' dir='ltr'><strong>recte</strong></span> <span class='ocrx_word' id='word_1_244' title='bbox 1902 831 2205 892; x_wconf 78' lang='lat' dir='ltr'><strong>institutus,</strong></span> <span class='ocrx_word' id='word_1_245' title='bbox 2241 837 2296 881; x_wconf 84' lang='lat' dir='ltr'><strong>et</strong></span> <span class='ocrx_word' id='word_1_246' title='bbox 2325 827 2377 880; x_wconf 92' lang='lat' dir='ltr'><strong>in</strong></span> <span class='ocrx_word' id='word_1_247' title='bbox 2433 824 2714 879; x_wconf 84' lang='lat' dir='ltr'><strong>laboribus</strong></span> <span class='ocrx_word' id='word_1_248' title='bbox 2743 821 2898 890; x_wconf 80' lang='lat' dir='ltr'><strong>prius</strong></span> <span class='ocrx_word' id='word_1_249' title='bbox 2949 817 3298 875; x_wconf 82' lang='lat' dir='ltr'><strong>exercitatus,</strong></span> 
     </span>
    </p>
   </div>
   <div class='ocr_carea' id='block_1_38' title="bbox 1728 908 3299 983">
    <p class='ocr_par' dir='ltr' id='par_1_38' title="bbox 1728 908 3299 983">
     <span class='ocr_line' id='line_1_38' title="bbox 1728 908 3299 983; baseline -0.011 -6"><span class='ocrx_word' id='word_1_250' title='bbox 1728 925 1976 980; x_wconf 76' lang='lat' dir='ltr'><strong>veritatis</strong></span> <span class='ocrx_word' id='word_1_251' title='bbox 2021 921 2211 983; x_wconf 87' lang='lat' dir='ltr'><strong>armis,</strong></span> <span class='ocrx_word' id='word_1_252' title='bbox 2261 928 2316 974; x_wconf 93' lang='lat' dir='ltr'><strong>et</strong></span> <span class='ocrx_word' id='word_1_253' title='bbox 2367 918 2490 972; x_wconf 85' lang='lat' dir='ltr'><strong>telis</strong></span> <span class='ocrx_word' id='word_1_254' title='bbox 2543 916 2813 974; x_wconf 90' lang='lat' dir='ltr'><strong>munitus.</strong></span> <span class='ocrx_word' id='word_1_255' title='bbox 2847 912 3018 965; x_wconf 89' lang='lat' dir='ltr'><strong>aciem</strong></span> <span class='ocrx_word' id='word_1_256' title='bbox 3079 908 3299 977; x_wconf 86' lang='lat' dir='ltr'><strong>quidem</strong></span> 
     </span>
    </p>
   </div>
   <div class='ocr_carea' id='block_1_39' title="bbox 1729 1007 3303 1080">
    <p class='ocr_par' dir='ltr' id='par_1_39' title="bbox 1729 1007 3303 1080">
     <span class='ocr_line' id='line_1_39' title="bbox 1729 1007 3303 1080; baseline -0.013 -6"><span class='ocrx_word' id='word_1_257' title='bbox 1729 1017 1892 1074; x_wconf 89' lang='lat' dir='ltr'><strong>struit</strong></span> <span class='ocrx_word' id='word_1_258' title='bbox 1924 1015 2184 1068; x_wconf 87' lang='lat' dir='ltr'><strong>adversus</strong></span> <span class='ocrx_word' id='word_1_259' title='bbox 2214 1020 2530 1080; x_wconf 86' lang='lat' dir='ltr'><strong>tyrannum.</strong></span> <span class='ocrx_word' id='word_1_260' title='bbox 2554 1007 2813 1073; x_wconf 54' lang='lat' dir='ltr'><strong>Quaenam</strong></span> <span class='ocrx_word' id='word_1_261' title='bbox 2842 1019 2970 1058; x_wconf 92' lang='lat' dir='ltr'><strong>vero</strong></span> <span class='ocrx_word' id='word_1_262' title='bbox 2997 1017 3061 1058; x_wconf 88' lang='lat' dir='ltr'><strong>ea</strong></span> <span class='ocrx_word' id='word_1_263' title='bbox 3109 1008 3262 1056; x_wconf 89' lang='lat' dir='ltr'><strong>erant</strong></span> <span class='ocrx_word' id='word_1_264' title='bbox 3288 1016 3303 1052; x_wconf 88' lang='lat'><strong>:</strong></span> 
     </span>
    </p>
   </div>
   <div class='ocr_carea' id='block_1_40' title="bbox 1735 1092 3307 1166">
    <p class='ocr_par' dir='ltr' id='par_1_40' title="bbox 1735 1092 3307 1166">
     <span class='ocr_line' id='line_1_40' title="bbox 1735 1092 3307 1166; baseline -0.013 -2"><span class='ocrx_word' id='word_1_265' title='bbox 1735 1109 1853 1164; x_wconf 80' lang='lat' dir='ltr'><strong>Non</strong></span> <span class='ocrx_word' id='word_1_266' title='bbox 1884 1109 2004 1161; x_wconf 78' lang='lat' dir='ltr'><strong>licet</strong></span> <span class='ocrx_word' id='word_1_267' title='bbox 2033 1104 2127 1158; x_wconf 86' lang='lat' dir='ltr'><strong>tibi</strong></span> <span class='ocrx_word' id='word_1_268' title='bbox 2155 1103 2344 1156; x_wconf 79' lang='lat' dir='ltr'><strong>habere</strong></span> <span class='ocrx_word' id='word_1_269' title='bbox 2371 1116 2588 1155; x_wconf 73' lang='lat' dir='ltr'><strong>uxorem</strong></span> <span class='ocrx_word' id='word_1_270' title='bbox 2614 1098 2806 1166; x_wconf 74' lang='lat' dir='ltr'><strong>fratris</strong></span> <span class='ocrx_word' id='word_1_271' title='bbox 2850 1097 2931 1152; x_wconf 81' lang='lat' dir='ltr'><strong>tui</strong></span> <span class='ocrx_word' id='word_1_272' title='bbox 2951 1094 3049 1166; x_wconf 81' lang='lat' dir='ltr'><strong>(l).</strong></span> <span class='ocrx_word' id='word_1_273' title='bbox 3069 1092 3113 1148; x_wconf 91' lang='grc'>0</span> <span class='ocrx_word' id='word_1_274' title='bbox 3143 1093 3307 1146; x_wconf 85' lang='lat' dir='ltr'><strong>liber-</strong></span> 
     </span>
    </p>
   </div>
   <div class='ocr_carea' id='block_1_41' title="bbox 1731 1181 3309 1266">
    <p class='ocr_par' dir='ltr' id='par_1_41' title="bbox 1731 1181 3309 1266">
     <span class='ocr_line' id='line_1_41' title="bbox 1731 1181 3309 1266; baseline -0.01 -13"><span class='ocrx_word' id='word_1_275' title='bbox 1731 1209 1918 1263; x_wconf 88' lang='lat' dir='ltr'><strong>tatem,</strong></span> <span class='ocrx_word' id='word_1_276' title='bbox 1952 1214 2072 1266; x_wconf 70' lang='lat' dir='ltr'><strong>qua:</strong></span> <span class='ocrx_word' id='word_1_277' title='bbox 2099 1193 2205 1250; x_wconf 83' lang='lat' dir='ltr'><strong>non</strong></span> <span class='ocrx_word' id='word_1_278' title='bbox 2239 1205 2412 1263; x_wconf 83' lang='lat' dir='ltr'><strong>potest</strong></span> <span class='ocrx_word' id='word_1_279' title='bbox 2444 1192 2636 1258; x_wconf 85' lang='lat' dir='ltr'><strong>everti,</strong></span> <span class='ocrx_word' id='word_1_280' title='bbox 2668 1189 2712 1246; x_wconf 91' lang='grc' dir='ltr'><strong>Ο</strong></span> <span class='ocrx_word' id='word_1_281' title='bbox 2733 1181 3092 1250; x_wconf 55' lang='grc' dir='ltr'><strong>σθ’ᾱὶνίιιωηζ</strong></span> <span class='ocrx_word' id='word_1_282' title='bbox 3119 1195 3173 1240; x_wconf 85' lang='lat' dir='ltr'><strong>et</strong></span> <span class='ocrx_word' id='word_1_283' title='bbox 3201 1184 3309 1239; x_wconf 88' lang='lat' dir='ltr'><strong>lin-</strong></span> 
     </span>
    </p>
   </div>
   <div class='ocr_carea' id='block_1_42' title="bbox 1731 1271 3311 1362">
    <p class='ocr_par' dir='ltr' id='par_1_42' title="bbox 1731 1271 3311 1362">
     <span class='ocr_line' id='line_1_42' title="bbox 1731 1271 3311 1362; baseline -0.009 -16"><span class='ocrx_word' id='word_1_284' title='bbox 1731 1308 1917 1362; x_wconf 89' lang='lat' dir='ltr'><strong>guam,</strong></span> <span class='ocrx_word' id='word_1_285' title='bbox 1953 1305 2075 1359; x_wconf 68' lang='lat' dir='ltr'><strong>quae</strong></span> <span class='ocrx_word' id='word_1_286' title='bbox 2108 1271 2146 1341; x_wconf 53' lang='lat' dir='ltr'><strong>a’</strong></span> <span class='ocrx_word' id='word_1_287' title='bbox 2173 1286 2285 1341; x_wconf 90' lang='lat' dir='ltr'><strong>Deo</strong></span> <span class='ocrx_word' id='word_1_288' title='bbox 2314 1294 2585 1347; x_wconf 84' lang='lat' dir='ltr'><strong>movetur,</strong></span> <span class='ocrx_word' id='word_1_289' title='bbox 2635 1297 2758 1352; x_wconf 78' lang='lat' dir='ltr'><strong>qua:</strong></span> <span class='ocrx_word' id='word_1_290' title='bbox 2793 1283 2846 1336; x_wconf 92' lang='lat' dir='ltr'><strong>in</strong></span> <span class='ocrx_word' id='word_1_291' title='bbox 2883 1280 3060 1349; x_wconf 90' lang='lat' dir='ltr'><strong>ipsum</strong></span> <span class='ocrx_word' id='word_1_292' title='bbox 3097 1292 3311 1351; x_wconf 32' lang='lat' dir='ltr'><strong>cor‘re—</strong></span> 
     </span>
    </p>
   </div>
   <div class='ocr_carea' id='block_1_43' title="bbox 1731 1368 3313 1451">
    <p class='ocr_par' dir='ltr' id='par_1_43' title="bbox 1731 1368 3313 1451">
     <span class='ocr_line' id='line_1_43' title="bbox 1731 1368 3313 1451; baseline -0.011 -16"><span class='ocrx_word' id='word_1_293' title='bbox 1731 1380 2156 1451; x_wconf 87' lang='lat' dir='ltr'><strong>prehensionum</strong></span> <span class='ocrx_word' id='word_1_294' title='bbox 2225 1377 2452 1445; x_wconf 86' lang='lat' dir='ltr'><strong>inligens</strong></span> <span class='ocrx_word' id='word_1_295' title='bbox 2497 1373 2736 1437; x_wconf 88' lang='lat' dir='ltr'><strong>aculeos,</strong></span> <span class='ocrx_word' id='word_1_296' title='bbox 2801 1370 2948 1435; x_wconf 75' lang='lat' dir='ltr'><strong>fecit,</strong></span> <span class='ocrx_word' id='word_1_297' title='bbox 2983 1376 3042 1423; x_wconf 91' lang='lat' dir='ltr'><strong>ut</strong></span> <span class='ocrx_word' id='word_1_298' title='bbox 3095 1368 3188 1422; x_wconf 90' lang='lat' dir='ltr'><strong>ille</strong></span> <span class='ocrx_word' id='word_1_299' title='bbox 3220 1381 3313 1420; x_wconf 79' lang='lat' dir='ltr'><strong>sn-</strong></span> 
     </span>
    </p>
   </div>
   <div class='ocr_carea' id='block_1_44' title="bbox 1733 1457 3311 1543">
    <p class='ocr_par' dir='ltr' id='par_1_44' title="bbox 1733 1457 3311 1543">
     <span class='ocr_line' id='line_1_44' title="bbox 1733 1457 3311 1543; baseline -0.011 -15"><span class='ocrx_word' id='word_1_300' title='bbox 1733 1473 1929 1543; x_wconf 86' lang='lat' dir='ltr'><strong>perbus</strong></span> <span class='ocrx_word' id='word_1_301' title='bbox 1961 1483 2015 1526; x_wconf 92' lang='lat' dir='ltr'><strong>et</strong></span> <span class='ocrx_word' id='word_1_302' title='bbox 2041 1471 2282 1524; x_wconf 85' lang='lat' dir='ltr'><strong>insolens</strong></span> <span class='ocrx_word' id='word_1_303' title='bbox 2311 1469 2556 1539; x_wconf 81' lang='lat' dir='ltr'><strong>clypeum</strong></span> <span class='ocrx_word' id='word_1_304' title='bbox 2613 1465 2875 1534; x_wconf 87' lang='lat' dir='ltr'><strong>abjiceret</strong></span> <span class='ocrx_word' id='word_1_305' title='bbox 2918 1470 2973 1516; x_wconf 90' lang='lat' dir='ltr'><strong>et</strong></span> <span class='ocrx_word' id='word_1_306' title='bbox 3008 1460 3237 1530; x_wconf 81' lang='lat' dir='ltr'><strong>fugeret.</strong></span> <span class='ocrx_word' id='word_1_307' title='bbox 3267 1457 3311 1512; x_wconf 91' lang='grc' dir='ltr'><strong>Ο</strong></span> 
     </span>
    </p>
   </div>
   <div class='ocr_carea' id='block_1_45' title="bbox 1703 1553 3312 1624">
    <p class='ocr_par' dir='ltr' id='par_1_45' title="bbox 1703 1553 3312 1624">
     <span class='ocr_line' id='line_1_45' title="bbox 1703 1553 3312 1624; baseline -0.012 -4"><span class='ocrx_word' id='word_1_308' title='bbox 1703 1587 1706 1591; x_wconf 66' lang='grc'><strong>’</strong></span> <span class='ocrx_word' id='word_1_309' title='bbox 1733 1570 1956 1620; x_wconf 85' lang='lat' dir='ltr'><strong>manum</strong></span> <span class='ocrx_word' id='word_1_310' title='bbox 1978 1561 2340 1620; x_wconf 87' lang='lat' dir='ltr'><strong>venerandam</strong></span> <span class='ocrx_word' id='word_1_311' title='bbox 2369 1570 2422 1612; x_wconf 87' lang='lat' dir='ltr'><strong>et</strong></span> <span class='ocrx_word' id='word_1_312' title='bbox 2456 1567 2728 1616; x_wconf 88' lang='lat' dir='ltr'><strong>sanctam.</strong></span> <span class='ocrx_word' id='word_1_313' title='bbox 2753 1571 2875 1624; x_wconf 66' lang='lat' dir='ltr'><strong>quae</strong></span> <span class='ocrx_word' id='word_1_314' title='bbox 2899 1553 2966 1608; x_wconf 87' lang='lat' dir='ltr'><strong>ad</strong></span> <span class='ocrx_word' id='word_1_315' title='bbox 2997 1563 3312 1608; x_wconf 81' lang='lat' dir='ltr'><strong>sermonum</strong></span> 
     </span>
    </p>
   </div>
   <div class='ocr_carea' id='block_1_46' title="bbox 1669 1637 3318 1719">
    <p class='ocr_par' dir='ltr' id='par_1_46' title="bbox 1669 1637 3318 1719">
     <span class='ocr_line' id='line_1_46' title="bbox 1669 1637 3318 1719; baseline -0.012 -8"><span class='ocrx_word' id='word_1_316' title='bbox 1669 1656 1701 1719; x_wconf 43' lang='grc' dir='ltr'>μ</span> <span class='ocrx_word' id='word_1_317' title='bbox 1729 1667 1880 1711; x_wconf 83' lang='lat' dir='ltr'><strong>mota</strong></span> <span class='ocrx_word' id='word_1_318' title='bbox 1905 1645 2292 1716; x_wconf 82' lang='lat' dir='ltr'><strong>elocutionem,</strong></span> <span class='ocrx_word' id='word_1_319' title='bbox 2316 1649 2808 1719; x_wconf 86' lang='lat' dir='ltr'><strong>reprehensionum</strong></span> <span class='ocrx_word' id='word_1_320' title='bbox 2837 1659 3058 1714; x_wconf 86' lang='lat' dir='ltr'><strong>quoque</strong></span> <span class='ocrx_word' id='word_1_321' title='bbox 3082 1637 3318 1711; x_wconf 81' lang='lat' dir='ltr'><strong>augebat</strong></span> 
     </span>
    </p>
   </div>
   <div class='ocr_carea' id='block_1_47' title="bbox 1735 1733 3310 1816">
    <p class='ocr_par' dir='ltr' id='par_1_47' title="bbox 1735 1733 3310 1816">
     <span class='ocr_line' id='line_1_47' title="bbox 1735 1733 3310 1816; baseline -0.015 -13"><span class='ocrx_word' id='word_1_322' title='bbox 1735 1747 2109 1816; x_wconf 85' lang='lat' dir='ltr'><strong>asperitatem.</strong></span> <span class='ocrx_word' id='word_1_323' title='bbox 2136 1752 2195 1804; x_wconf 67' lang='lat' dir='ltr'><strong>,et</strong></span> <span class='ocrx_word' id='word_1_324' title='bbox 2231 1741 2484 1796; x_wconf 82' lang='lat' dir='ltr'><strong>ﬁduciam</strong></span> <span class='ocrx_word' id='word_1_325' title='bbox 2529 1736 2857 1792; x_wconf 81' lang='lat' dir='ltr'><strong>ostendebat</strong></span> <span class='ocrx_word' id='word_1_326' title='bbox 2896 1746 2948 1788; x_wconf 90' lang='lat' dir='ltr'><strong>et</strong></span> <span class='ocrx_word' id='word_1_327' title='bbox 3001 1733 3310 1788; x_wconf 88' lang='lat' dir='ltr'><strong>audaciam.</strong></span> 
     </span>
    </p>
   </div>
   <div class='ocr_carea' id='block_1_48' title="bbox 1737 1821 3318 1901">
    <p class='ocr_par' dir='ltr' id='par_1_48' title="bbox 1737 1821 3318 1901">
     <span class='ocr_line' id='line_1_48' title="bbox 1737 1821 3318 1901; baseline -0.014 -7"><span class='ocrx_word' id='word_1_328' title='bbox 1737 1840 1854 1894; x_wconf 82' lang='lat' dir='ltr'><strong>Mos</strong></span> <span class='ocrx_word' id='word_1_329' title='bbox 1877 1848 1956 1893; x_wconf 90' lang='lat' dir='ltr'><strong>est</strong></span> <span class='ocrx_word' id='word_1_330' title='bbox 1987 1838 2131 1891; x_wconf 90' lang='lat' dir='ltr'><strong>enim</strong></span> <span class='ocrx_word' id='word_1_331' title='bbox 2164 1835 2232 1888; x_wconf 89' lang='lat' dir='ltr'><strong>iis</strong></span> <span class='ocrx_word' id='word_1_332' title='bbox 2269 1833 2365 1901; x_wconf 91' lang='lat' dir='ltr'><strong>qui</strong></span> <span class='ocrx_word' id='word_1_333' title='bbox 2394 1831 2575 1883; x_wconf 85' lang='lat' dir='ltr'><strong>verbis</strong></span> <span class='ocrx_word' id='word_1_334' title='bbox 2598 1827 2961 1885; x_wconf 86' lang='lat' dir='ltr'><strong>contendunt,</strong></span> <span class='ocrx_word' id='word_1_335' title='bbox 2995 1837 3217 1890; x_wconf 84' lang='lat' dir='ltr'><strong>manum</strong></span> <span class='ocrx_word' id='word_1_336' title='bbox 3242 1821 3318 1873; x_wconf 89' lang='lat' dir='ltr'><strong>si-</strong></span> 
     </span>
    </p>
   </div>
   <div class='ocr_carea' id='block_1_49' title="bbox 1737 1903 3318 1995">
    <p class='ocr_par' dir='ltr' id='par_1_49' title="bbox 1737 1903 3318 1995">
     <span class='ocr_line' id='line_1_49' title="bbox 1737 1903 3318 1995; baseline -0.016 -9"><span class='ocrx_word' id='word_1_337' title='bbox 1737 1931 1849 1986; x_wconf 91' lang='lat' dir='ltr'><strong>mul</strong></span> <span class='ocrx_word' id='word_1_338' title='bbox 1876 1945 2005 1995; x_wconf 32' lang='lat' dir='ltr'><strong>eum,</strong></span> <span class='ocrx_word' id='word_1_339' title='bbox 2024 1943 2118 1982; x_wconf 91' lang='lat' dir='ltr'><strong>ore</strong></span> <span class='ocrx_word' id='word_1_340' title='bbox 2137 1939 2376 1986; x_wconf 84' lang='lat' dir='ltr'><strong>movere,</strong></span> <span class='ocrx_word' id='word_1_341' title='bbox 2392 1931 2445 1976; x_wconf 90' lang='lat' dir='ltr'><strong>et</strong></span> <span class='ocrx_word' id='word_1_342' title='bbox 2464 1903 2702 1975; x_wconf 83' lang='lat' dir='ltr'><strong>sermoni</strong></span> <span class='ocrx_word' id='word_1_343' title='bbox 2721 1917 2840 1988; x_wconf 76' lang='lat' dir='ltr'><strong>eius</strong></span> <span class='ocrx_word' id='word_1_344' title='bbox 2870 1930 3090 1985; x_wconf 90' lang='lat' dir='ltr'><strong>quoque</strong></span> <span class='ocrx_word' id='word_1_345' title='bbox 3109 1922 3318 1965; x_wconf 86' lang='lat' dir='ltr'><strong>motum</strong></span> 
     </span>
    </p>
   </div>
   <div class='ocr_carea' id='block_1_50' title="bbox 1737 2005 3322 2087">
    <p class='ocr_par' dir='ltr' id='par_1_50' title="bbox 1737 2005 3322 2087">
     <span class='ocr_line' id='line_1_50' title="bbox 1737 2005 3322 2087; baseline -0.012 -11"><span class='ocrx_word' id='word_1_346' title='bbox 1737 2022 2017 2083; x_wconf 85' lang='lat' dir='ltr'><strong>adbibere,</strong></span> <span class='ocrx_word' id='word_1_347' title='bbox 2075 2029 2127 2072; x_wconf 89' lang='lat' dir='ltr'><strong>et</strong></span> <span class='ocrx_word' id='word_1_348' title='bbox 2162 2033 2260 2087; x_wconf 83' lang='lat' dir='ltr'><strong>per</strong></span> <span class='ocrx_word' id='word_1_349' title='bbox 2320 2027 2612 2080; x_wconf 82' lang='lat' dir='ltr'><strong>utrumque</strong></span> <span class='ocrx_word' id='word_1_350' title='bbox 2669 2010 2985 2067; x_wconf 87' lang='lat' dir='ltr'><strong>ostendere.</strong></span> <span class='ocrx_word' id='word_1_351' title='bbox 3031 2022 3195 2077; x_wconf 84' lang='lat' dir='ltr'><strong>quam</strong></span> <span class='ocrx_word' id='word_1_352' title='bbox 3250 2005 3322 2060; x_wconf 90' lang='lat' dir='ltr'><strong>sit</strong></span> 
     </span>
    </p>
   </div>
   <div class='ocr_carea' id='block_1_51' title="bbox 1738 2097 3315 2177">
    <p class='ocr_par' dir='ltr' id='par_1_51' title="bbox 1738 2097 3315 2177">
     <span class='ocr_line' id='line_1_51' title="bbox 1738 2097 3315 2177; baseline -0.013 -10"><span class='ocrx_word' id='word_1_353' title='bbox 1738 2113 2016 2168; x_wconf 77' lang='lat' dir='ltr'><strong>conﬁdens</strong></span> <span class='ocrx_word' id='word_1_354' title='bbox 2046 2120 2098 2163; x_wconf 87' lang='lat' dir='ltr'><strong>et</strong></span> <span class='ocrx_word' id='word_1_355' title='bbox 2129 2108 2410 2167; x_wconf 85' lang='lat' dir='ltr'><strong>interritus</strong></span> <span class='ocrx_word' id='word_1_356' title='bbox 2435 2108 2503 2168; x_wconf 89' lang='lat' dir='ltr'><strong>is,</strong></span> <span class='ocrx_word' id='word_1_357' title='bbox 2539 2104 2632 2171; x_wconf 81' lang='lat' dir='ltr'><strong>qui</strong></span> <span class='ocrx_word' id='word_1_358' title='bbox 2660 2103 2920 2170; x_wconf 89' lang='lat' dir='ltr'><strong>loquitur.</strong></span> <span class='ocrx_word' id='word_1_359' title='bbox 2941 2100 3081 2177; x_wconf 76' lang='lat' dir='ltr'><strong>Hinc</strong></span> <span class='ocrx_word' id='word_1_360' title='bbox 3113 2097 3315 2152; x_wconf 80' lang='lat' dir='ltr'><strong>factum</strong></span> 
     </span>
    </p>
   </div>
   <div class='ocr_carea' id='block_1_52' title="bbox 1739 2194 3319 2268">
    <p class='ocr_par' dir='ltr' id='par_1_52' title="bbox 1739 2194 3319 2268">
     <span class='ocr_line' id='line_1_52' title="bbox 1739 2194 3319 2268; baseline -0.011 -10"><span class='ocrx_word' id='word_1_361' title='bbox 1739 2214 1841 2268; x_wconf 87' lang='lat' dir='ltr'><strong>est,</strong></span> <span class='ocrx_word' id='word_1_362' title='bbox 1879 2211 1935 2256; x_wconf 88' lang='lat' dir='ltr'><strong>ut</strong></span> <span class='ocrx_word' id='word_1_363' title='bbox 1975 2202 2027 2254; x_wconf 89' lang='lat' dir='ltr'><strong>in</strong></span> <span class='ocrx_word' id='word_1_364' title='bbox 2062 2214 2357 2262; x_wconf 89' lang='lat' dir='ltr'><strong>carcerem,</strong></span> <span class='ocrx_word' id='word_1_365' title='bbox 2378 2207 2430 2250; x_wconf 91' lang='lat' dir='ltr'><strong>et</strong></span> <span class='ocrx_word' id='word_1_366' title='bbox 2451 2198 2503 2249; x_wconf 87' lang='lat' dir='ltr'><strong>in</strong></span> <span class='ocrx_word' id='word_1_367' title='bbox 2534 2194 2750 2248; x_wconf 84' lang='lat' dir='ltr'><strong>vincula</strong></span> <span class='ocrx_word' id='word_1_368' title='bbox 2779 2194 3172 2262; x_wconf 88' lang='lat' dir='ltr'><strong>conjiceretur,</strong></span> <span class='ocrx_word' id='word_1_369' title='bbox 3197 2204 3319 2243; x_wconf 89' lang='lat' dir='ltr'><strong>eum</strong></span> 
     </span>
    </p>
   </div>
   <div class='ocr_carea' id='block_1_53' title="bbox 1739 2272 3321 2350">
    <p class='ocr_par' dir='ltr' id='par_1_53' title="bbox 1739 2272 3321 2350">
     <span class='ocr_line' id='line_1_53' title="bbox 1739 2272 3321 2350; baseline -0.01 -2"><span class='ocrx_word' id='word_1_370' title='bbox 1739 2310 1938 2350; x_wconf 89' lang='lat' dir='ltr'><strong>vesana</strong></span> <span class='ocrx_word' id='word_1_371' title='bbox 1983 2293 2175 2348; x_wconf 88' lang='lat' dir='ltr'><strong>mulier</strong></span> <span class='ocrx_word' id='word_1_372' title='bbox 2197 2272 2781 2345; x_wconf 81' lang='lat' dir='ltr'><strong>nefariumamatorem</strong></span> <span class='ocrx_word' id='word_1_373' title='bbox 2814 2300 2974 2341; x_wconf 90' lang='lat' dir='ltr'><strong>suum</strong></span> <span class='ocrx_word' id='word_1_374' title='bbox 2997 2285 3062 2338; x_wconf 90' lang='lat' dir='ltr'><strong>ad</strong></span> <span class='ocrx_word' id='word_1_375' title='bbox 3088 2284 3139 2337; x_wconf 90' lang='lat' dir='ltr'><strong>id</strong></span> <span class='ocrx_word' id='word_1_376' title='bbox 3170 2296 3321 2336; x_wconf 88' lang='lat' dir='ltr'><strong>com-</strong></span> 
     </span>
    </p>
   </div>
   <div class='ocr_carea' id='block_1_54' title="bbox 1741 2389 1988 2460">
    <p class='ocr_par' dir='ltr' id='par_1_54' title="bbox 1741 2389 1988 2460">
     <span class='ocr_line' id='line_1_54' title="bbox 1741 2389 1988 2460; baseline -0.016 -17"><span class='ocrx_word' id='word_1_377' title='bbox 1741 2389 1988 2460; x_wconf 86' lang='lat' dir='ltr'><strong>pulisset.</strong></span> 
     </span>
    </p>
   </div>
   <div class='ocr_carea' id='block_1_55' title="bbox 1811 2468 3324 2541">
    <p class='ocr_par' dir='ltr' id='par_1_55' title="bbox 1811 2468 3324 2541">
     <span class='ocr_line' id='line_1_55' title="bbox 1811 2468 3324 2541; baseline -0.009 -8"><span class='ocrx_word' id='word_1_378' title='bbox 1811 2481 1878 2535; x_wconf 76' lang='lat' dir='ltr'><strong>V.</strong></span> <span class='ocrx_word' id='word_1_379' title='bbox 1919 2479 2122 2533; x_wconf 89' lang='lat' dir='ltr'><strong>Deinde</strong></span> <span class='ocrx_word' id='word_1_380' title='bbox 2156 2477 2271 2530; x_wconf 87' lang='lat' dir='ltr'><strong>dies</strong></span> <span class='ocrx_word' id='word_1_381' title='bbox 2299 2476 2472 2528; x_wconf 83' lang='lat' dir='ltr'><strong>festus</strong></span> <span class='ocrx_word' id='word_1_382' title='bbox 2504 2474 2724 2540; x_wconf 87' lang='lat' dir='ltr'><strong>natalis,</strong></span> <span class='ocrx_word' id='word_1_383' title='bbox 2752 2479 3029 2541; x_wconf 90' lang='lat' dir='ltr'><strong>potusque</strong></span> <span class='ocrx_word' id='word_1_384' title='bbox 3065 2468 3324 2536; x_wconf 86' lang='lat' dir='ltr'><strong>copiosus</strong></span> 
     </span>
    </p>
   </div>
   <div class='ocr_carea' id='block_1_56' title="bbox 1743 2555 3321 2630">
    <p class='ocr_par' dir='ltr' id='par_1_56' title="bbox 1743 2555 3321 2630">
     <span class='ocr_line' id='line_1_56' title="bbox 1743 2555 3321 2630; baseline -0.01 -2"><span class='ocrx_word' id='word_1_385' title='bbox 1743 2582 1797 2628; x_wconf 89' lang='lat' dir='ltr'><strong>et</strong></span> <span class='ocrx_word' id='word_1_386' title='bbox 1833 2572 2248 2630; x_wconf 88' lang='lat' dir='ltr'><strong>immoderatus.</strong></span> <span class='ocrx_word' id='word_1_387' title='bbox 2284 2583 2406 2622; x_wconf 92' lang='lat' dir='ltr'><strong>cum</strong></span> <span class='ocrx_word' id='word_1_388' title='bbox 2452 2555 2682 2619; x_wconf 89' lang='lat' dir='ltr'><strong>nimium</strong></span> <span class='ocrx_word' id='word_1_389' title='bbox 2710 2565 2895 2618; x_wconf 86' lang='lat' dir='ltr'><strong>vinum</strong></span> <span class='ocrx_word' id='word_1_390' title='bbox 2921 2579 3069 2626; x_wconf 89' lang='lat' dir='ltr'><strong>eum,</strong></span> <span class='ocrx_word' id='word_1_391' title='bbox 3107 2562 3198 2630; x_wconf 92' lang='lat' dir='ltr'><strong>qui</strong></span> <span class='ocrx_word' id='word_1_392' title='bbox 3231 2573 3321 2612; x_wconf 90' lang='lat' dir='ltr'><strong>ce-</strong></span> 
     </span>
    </p>
   </div>
   <div class='ocr_carea' id='block_1_57' title="bbox 1741 2649 3327 2720">
    <p class='ocr_par' dir='ltr' id='par_1_57' title="bbox 1741 2649 3327 2720">
     <span class='ocr_line' id='line_1_57' title="bbox 1741 2649 3327 2720; baseline -0.012 -3"><span class='ocrx_word' id='word_1_393' title='bbox 1741 2663 1988 2717; x_wconf 86' lang='lat' dir='ltr'><strong>lebrabat</strong></span> <span class='ocrx_word' id='word_1_394' title='bbox 2023 2658 2357 2720; x_wconf 89' lang='lat' dir='ltr'><strong>convivium,</strong></span> <span class='ocrx_word' id='word_1_395' title='bbox 2410 2655 2734 2710; x_wconf 87' lang='lat' dir='ltr'><strong>devolvisset</strong></span> <span class='ocrx_word' id='word_1_396' title='bbox 2760 2653 2826 2706; x_wconf 91' lang='lat' dir='ltr'><strong>ad</strong></span> <span class='ocrx_word' id='word_1_397' title='bbox 2853 2651 3124 2705; x_wconf 88' lang='lat' dir='ltr'><strong>delirium.</strong></span> <span class='ocrx_word' id='word_1_398' title='bbox 3159 2649 3327 2700; x_wconf 83' lang='lat' dir='ltr'><strong>Polus</strong></span> 
     </span>
    </p>
   </div>
   <div class='ocr_carea' id='block_1_58' title="bbox 1742 2741 3327 2819">
    <p class='ocr_par' dir='ltr' id='par_1_58' title="bbox 1742 2741 3327 2819">
     <span class='ocr_line' id='line_1_58' title="bbox 1742 2741 3327 2819; baseline -0.011 -13"><span class='ocrx_word' id='word_1_399' title='bbox 1742 2754 1926 2806; x_wconf 84' lang='lat' dir='ltr'><strong>autem</strong></span> <span class='ocrx_word' id='word_1_400' title='bbox 1963 2764 2211 2819; x_wconf 68' lang='lat' dir='ltr'><strong>quaenam</strong></span> <span class='ocrx_word' id='word_1_401' title='bbox 2243 2759 2328 2802; x_wconf 94' lang='lat' dir='ltr'><strong>est</strong></span> <span class='ocrx_word' id='word_1_402' title='bbox 2378 2744 2702 2800; x_wconf 83' lang='lat' dir='ltr'><strong>delectatio?</strong></span> <span class='ocrx_word' id='word_1_403' title='bbox 2732 2743 2965 2796; x_wconf 86' lang='lat' dir='ltr'><strong>Saltatio</strong></span> <span class='ocrx_word' id='word_1_404' title='bbox 3018 2741 3162 2802; x_wconf 68' lang='lat' dir='ltr'><strong>tiliaa,</strong></span> <span class='ocrx_word' id='word_1_405' title='bbox 3207 2752 3327 2808; x_wconf 71' lang='lat' dir='ltr'><strong>quae</strong></span> 
     </span>
    </p>
   </div>
   <div class='ocr_carea' id='block_1_59' title="bbox 1743 2836 3326 2908">
    <p class='ocr_par' dir='ltr' id='par_1_59' title="bbox 1743 2836 3326 2908">
     <span class='ocr_line' id='line_1_59' title="bbox 1743 2836 3326 2908; baseline -0.01 -10"><span class='ocrx_word' id='word_1_406' title='bbox 1743 2853 1863 2899; x_wconf 90' lang='lat' dir='ltr'><strong>erat</strong></span> <span class='ocrx_word' id='word_1_407' title='bbox 1893 2845 2063 2898; x_wconf 89' lang='lat' dir='ltr'><strong>instar</strong></span> <span class='ocrx_word' id='word_1_408' title='bbox 2094 2838 2424 2903; x_wconf 76' lang='lat' dir='ltr'><strong>meretricis,</strong></span> <span class='ocrx_word' id='word_1_409' title='bbox 2459 2848 2513 2893; x_wconf 90' lang='lat' dir='ltr'><strong>et</strong></span> <span class='ocrx_word' id='word_1_410' title='bbox 2546 2838 2735 2908; x_wconf 85' lang='lat' dir='ltr'><strong>petitio</strong></span> <span class='ocrx_word' id='word_1_411' title='bbox 2768 2836 3072 2902; x_wconf 81' lang='lat' dir='ltr'><strong>mercedis_;</strong></span> <span class='ocrx_word' id='word_1_412' title='bbox 3104 2841 3157 2886; x_wconf 91' lang='lat' dir='ltr'><strong>et</strong></span> <span class='ocrx_word' id='word_1_413' title='bbox 3180 2847 3326 2884; x_wconf 84' lang='lat' dir='ltr'><strong>mer-</strong></span> 
     </span>
    </p>
   </div>
   <div class='ocr_carea' id='block_1_60' title="bbox 1744 2925 3326 3004">
    <p class='ocr_par' dir='ltr' id='par_1_60' title="bbox 1744 2925 3326 3004">
     <span class='ocr_line' id='line_1_60' title="bbox 1744 2925 3326 3004; baseline -0.01 -12"><span class='ocrx_word' id='word_1_414' title='bbox 1744 2953 1860 3001; x_wconf 85' lang='lat' dir='ltr'><strong>ces,</strong></span> <span class='ocrx_word' id='word_1_415' title='bbox 1890 2935 2163 3004; x_wconf 74' lang='lat' dir='ltr'><strong>propheta:</strong></span> <span class='ocrx_word' id='word_1_416' title='bbox 2197 2932 2638 2987; x_wconf 78' lang='lat' dir='ltr'><strong>interfectio.‘Ex</strong></span> <span class='ocrx_word' id='word_1_417' title='bbox 2675 2947 2783 3000; x_wconf 87' lang='lat' dir='ltr'><strong>qua</strong></span> <span class='ocrx_word' id='word_1_418' title='bbox 2815 2931 2960 2996; x_wconf 82' lang='lat' dir='ltr'><strong>regis</strong></span> <span class='ocrx_word' id='word_1_419' title='bbox 2998 2929 3117 2981; x_wconf 82' lang='lat' dir='ltr'><strong>ticta</strong></span> <span class='ocrx_word' id='word_1_420' title='bbox 3152 2925 3326 2978; x_wconf 89' lang='lat' dir='ltr'><strong>tristi-</strong></span> 
     </span>
    </p>
   </div>
   <div class='ocr_carea' id='block_1_61' title="bbox 130 3008 3325 3098">
    <p class='ocr_par' dir='ltr' id='par_1_61' title="bbox 130 3008 3325 3098">
     <span class='ocr_line' id='line_1_61' title="bbox 130 3008 3325 3098; baseline -0.005 -12"><span class='ocrx_word' id='word_1_421' title='bbox 130 3014 215 3071; x_wconf 76' lang='lat' dir='ltr'><strong>&quot;l-</strong></span> <span class='ocrx_word' id='word_1_422' title='bbox 250 3016 522 3072; x_wconf 57' lang='lat' dir='ltr'><strong>amem&quot;)</strong></span> <span class='ocrx_word' id='word_1_423' title='bbox 560 3017 679 3084; x_wconf 70' lang='lat' dir='ltr'><strong>eius</strong></span> <span class='ocrx_word' id='word_1_424' title='bbox 708 3008 926 3088; x_wconf 78' lang='lat' dir='ltr'><strong>quidem</strong></span> <span class='ocrx_word' id='word_1_425' title='bbox 961 3031 1286 3090; x_wconf 66' lang='lat' dir='ltr'><strong>conceptum</strong></span> <span class='ocrx_word' id='word_1_426' title='bbox 1335 3032 1388 3077; x_wconf 77' lang='grc' dir='ltr'><strong>ει</strong></span> <span class='ocrx_word' id='word_1_427' title='bbox 1428 3031 1635 3087; x_wconf 72' lang='lat' dir='ltr'><strong>ortum.</strong></span> <span class='ocrx_word' id='word_1_428' title='bbox 1668 3040 1712 3095; x_wconf 85' lang='lat' dir='ltr'>c</span> <span class='ocrx_word' id='word_1_429' title='bbox 1745 3031 1819 3084; x_wconf 90' lang='lat' dir='ltr'><strong>tia</strong></span> <span class='ocrx_word' id='word_1_430' title='bbox 1840 3040 2057 3098; x_wconf 89' lang='lat' dir='ltr'><strong>propter</strong></span> <span class='ocrx_word' id='word_1_431' title='bbox 2075 3037 2325 3088; x_wconf 70' lang='lat' dir='ltr'><strong>(nstrum,</strong></span> <span class='ocrx_word' id='word_1_432' title='bbox 2349 3027 2493 3095; x_wconf 84' lang='lat' dir='ltr'><strong>quod</strong></span> <span class='ocrx_word' id='word_1_433' title='bbox 2520 3041 2645 3079; x_wconf 90' lang='lat' dir='ltr'><strong>eum</strong></span> <span class='ocrx_word' id='word_1_434' title='bbox 2673 3020 3325 3079; x_wconf 78' lang='lat' dir='ltr'><strong>obsidebatiutrinsecus;</strong></span> 
     </span>
    </p>
   </div>
   <div class='ocr_carea' id='block_1_62' title="bbox 65 3107 1640 3182">
    <p class='ocr_par' dir='ltr' id='par_1_62' title="bbox 65 3107 1640 3182">
     <span class='ocr_line' id='line_1_62' title="bbox 65 3107 1640 3182; baseline 0.006 -22"><span class='ocrx_word' id='word_1_435' title='bbox 65 3115 114 3160; x_wconf 88' lang='lat' dir='ltr'><strong>et</strong></span> <span class='ocrx_word' id='word_1_436' title='bbox 132 3110 319 3176; x_wconf 87' lang='lat' dir='ltr'><strong>vitam,</strong></span> <span class='ocrx_word' id='word_1_437' title='bbox 347 3107 514 3178; x_wconf 90' lang='lat' dir='ltr'><strong>quam</strong></span> <span class='ocrx_word' id='word_1_438' title='bbox 545 3110 653 3179; x_wconf 84' lang='lat' dir='ltr'><strong>egit</strong></span> <span class='ocrx_word' id='word_1_439' title='bbox 687 3110 739 3164; x_wconf 94' lang='lat' dir='ltr'><strong>in</strong></span> <span class='ocrx_word' id='word_1_440' title='bbox 789 3112 1102 3175; x_wconf 86' lang='lat' dir='ltr'><strong>solitudine,</strong></span> <span class='ocrx_word' id='word_1_441' title='bbox 1136 3123 1188 3166; x_wconf 90' lang='lat' dir='ltr'><strong>et</strong></span> <span class='ocrx_word' id='word_1_442' title='bbox 1221 3114 1341 3182; x_wconf 84' lang='lat' dir='ltr'><strong>ejus</strong></span> <span class='ocrx_word' id='word_1_443' title='bbox 1373 3116 1439 3168; x_wconf 91' lang='lat' dir='ltr'><strong>ad</strong></span> <span class='ocrx_word' id='word_1_444' title='bbox 1464 3115 1640 3171; x_wconf 85' lang='lat' dir='ltr'><strong>Israe-</strong></span> 
     </span>
    </p>
   </div>
   <div class='ocr_carea' id='block_1_63' title="bbox 69 3198 1643 3277">
    <p class='ocr_par' dir='ltr' id='par_1_63' title="bbox 69 3198 1643 3277">
     <span class='ocr_line' id='line_1_63' title="bbox 69 3198 1643 3277; baseline 0.006 -25"><span class='ocrx_word' id='word_1_445' title='bbox 69 3198 164 3252; x_wconf 88' lang='lat' dir='ltr'><strong>lem</strong></span> <span class='ocrx_word' id='word_1_446' title='bbox 200 3201 605 3276; x_wconf 70' lang='lat' dir='ltr'><strong>ostensionem,</strong></span> <span class='ocrx_word' id='word_1_447' title='bbox 654 3212 707 3255; x_wconf 90' lang='lat' dir='ltr'><strong>et</strong></span> <span class='ocrx_word' id='word_1_448' title='bbox 735 3203 1038 3256; x_wconf 88' lang='lat' dir='ltr'><strong>veridicum</strong></span> <span class='ocrx_word' id='word_1_449' title='bbox 1099 3205 1497 3270; x_wconf 83' lang='lat' dir='ltr'><strong>testimonium,</strong></span> <span class='ocrx_word' id='word_1_450' title='bbox 1548 3223 1643 3277; x_wconf 90' lang='lat' dir='ltr'><strong>per</strong></span> 
     </span>
    </p>
   </div>
   <div class='ocr_carea' id='block_1_64' title="bbox 66 3289 1643 3366">
    <p class='ocr_par' dir='ltr' id='par_1_64' title="bbox 66 3289 1643 3366">
     <span class='ocr_line' id='line_1_64' title="bbox 66 3289 1643 3366; baseline 0.008 -27"><span class='ocrx_word' id='word_1_451' title='bbox 66 3289 200 3354; x_wconf 86' lang='lat' dir='ltr'><strong>quod</strong></span> <span class='ocrx_word' id='word_1_452' title='bbox 231 3289 325 3343; x_wconf 89' lang='lat' dir='ltr'><strong>Dei</strong></span> <span class='ocrx_word' id='word_1_453' title='bbox 355 3305 558 3360; x_wconf 87' lang='lat' dir='ltr'><strong>agnum</strong></span> <span class='ocrx_word' id='word_1_454' title='bbox 578 3294 906 3364; x_wconf 48' lang='lat' dir='ltr'><strong>ostendiget</strong></span> <span class='ocrx_word' id='word_1_455' title='bbox 938 3293 1111 3361; x_wconf 82' lang='lat' dir='ltr'><strong>ipsum</strong></span> <span class='ocrx_word' id='word_1_456' title='bbox 1151 3297 1383 3362; x_wconf 89' lang='lat' dir='ltr'><strong>primum</strong></span> <span class='ocrx_word' id='word_1_457' title='bbox 1419 3306 1472 3351; x_wconf 89' lang='lat' dir='ltr'><strong>et</strong></span> <span class='ocrx_word' id='word_1_458' title='bbox 1495 3308 1643 3366; x_wconf 84' lang='lat' dir='ltr'><strong>post-</strong></span> 
     </span>
    </p>
   </div>
   <div class='ocr_carea' id='block_1_65' title="bbox 65 3383 1641 3453">
    <p class='ocr_par' dir='ltr' id='par_1_65' title="bbox 65 3383 1641 3453">
     <span class='ocr_line' id='line_1_65' title="bbox 65 3383 1641 3453; baseline 0.009 -23"><span class='ocrx_word' id='word_1_459' title='bbox 65 3394 120 3432; x_wconf 86' lang='lat' dir='ltr'><strong>ea</strong></span> <span class='ocrx_word' id='word_1_460' title='bbox 168 3383 475 3437; x_wconf 84' lang='lat' dir='ltr'><strong>venientem</strong></span> <span class='ocrx_word' id='word_1_461' title='bbox 508 3399 603 3452; x_wconf 87' lang='lat' dir='ltr'><strong>per</strong></span> <span class='ocrx_word' id='word_1_462' title='bbox 634 3384 875 3436; x_wconf 81' lang='lat' dir='ltr'><strong>divinam</strong></span> <span class='ocrx_word' id='word_1_463' title='bbox 905 3386 1313 3453; x_wconf 86' lang='lat' dir='ltr'><strong>auctoritatem,</strong></span> <span class='ocrx_word' id='word_1_464' title='bbox 1364 3398 1417 3444; x_wconf 84' lang='lat' dir='ltr'><strong>et</strong></span> <span class='ocrx_word' id='word_1_465' title='bbox 1448 3389 1641 3444; x_wconf 86' lang='lat' dir='ltr'><strong>huma-</strong></span> 
     </span>
    </p>
   </div>
   <div class='ocr_carea' id='block_1_66' title="bbox 67 3466 1643 3548">
    <p class='ocr_par' dir='ltr' id='par_1_66' title="bbox 67 3466 1643 3548">
     <span class='ocr_line' id='line_1_66' title="bbox 67 3466 1643 3548; baseline 0.01 -28"><span class='ocrx_word' id='word_1_466' title='bbox 67 3466 144 3523; x_wconf 78' lang='lat' dir='ltr'><strong>nae</strong></span> <span class='ocrx_word' id='word_1_467' title='bbox 175 3483 390 3530; x_wconf 59' lang='lat' dir='ltr'><strong>natura</strong></span> <span class='ocrx_word' id='word_1_468' title='bbox 417 3475 1214 3544; x_wconf 84' lang='lat' dir='ltr'><strong>pronuntiavitsusceptionem</strong></span> <span class='ocrx_word' id='word_1_469' title='bbox 1245 3495 1260 3543; x_wconf 86' lang='lat'><strong>;</strong></span> <span class='ocrx_word' id='word_1_470' title='bbox 1293 3488 1347 3532; x_wconf 87' lang='lat' dir='ltr'><strong>et</strong></span> <span class='ocrx_word' id='word_1_471' title='bbox 1374 3481 1643 3548; x_wconf 89' lang='lat' dir='ltr'><strong>quemad-</strong></span> 
     </span>
    </p>
   </div>
   <div class='ocr_carea' id='block_1_67' title="bbox 66 3563 1641 3633">
    <p class='ocr_par' dir='ltr' id='par_1_67' title="bbox 66 3563 1641 3633">
     <span class='ocr_line' id='line_1_67' title="bbox 66 3563 1641 3633; baseline 0.008 -20"><span class='ocrx_word' id='word_1_472' title='bbox 66 3563 280 3616; x_wconf 85' lang='lat' dir='ltr'><strong>tnodum</strong></span> <span class='ocrx_word' id='word_1_473' title='bbox 311 3579 383 3618; x_wconf 79' lang='lat' dir='ltr'><strong>ex</strong></span> <span class='ocrx_word' id='word_1_474' title='bbox 411 3563 525 3620; x_wconf 89' lang='lat' dir='ltr'><strong>alto</strong></span> <span class='ocrx_word' id='word_1_475' title='bbox 549 3575 776 3620; x_wconf 89' lang='lat' dir='ltr'><strong>vocatus</strong></span> <span class='ocrx_word' id='word_1_476' title='bbox 806 3567 955 3620; x_wconf 90' lang='lat' dir='ltr'><strong>venit</strong></span> <span class='ocrx_word' id='word_1_477' title='bbox 978 3567 1045 3620; x_wconf 90' lang='lat' dir='ltr'><strong>ad</strong></span> <span class='ocrx_word' id='word_1_478' title='bbox 1073 3566 1476 3633; x_wconf 68' lang='lat' dir='ltr'><strong>Jurdanem,&#39;et</strong></span> <span class='ocrx_word' id='word_1_479' title='bbox 1516 3587 1641 3625; x_wconf 91' lang='lat' dir='ltr'><strong>cum</strong></span> 
     </span>
    </p>
   </div>
   <div class='ocr_carea' id='block_1_68' title="bbox 63 3657 1643 3732">
    <p class='ocr_par' dir='ltr' id='par_1_68' title="bbox 63 3657 1643 3732">
     <span class='ocr_line' id='line_1_68' title="bbox 63 3657 1643 3732; baseline 0.006 -26"><span class='ocrx_word' id='word_1_480' title='bbox 63 3667 280 3720; x_wconf 89' lang='lat' dir='ltr'><strong>purum,</strong></span> <span class='ocrx_word' id='word_1_481' title='bbox 310 3666 370 3710; x_wconf 89' lang='lat' dir='ltr'><strong>et</strong></span> <span class='ocrx_word' id='word_1_482' title='bbox 401 3657 472 3710; x_wconf 86' lang='lat' dir='ltr'><strong>ab</strong></span> <span class='ocrx_word' id='word_1_483' title='bbox 502 3659 649 3710; x_wconf 92' lang='lat' dir='ltr'><strong>omni</strong></span> <span class='ocrx_word' id='word_1_484' title='bbox 681 3658 802 3712; x_wconf 89' lang='lat' dir='ltr'><strong>labe</strong></span> <span class='ocrx_word' id='word_1_485' title='bbox 837 3659 1101 3724; x_wconf 88' lang='lat' dir='ltr'><strong>alienum,</strong></span> <span class='ocrx_word' id='word_1_486' title='bbox 1136 3669 1191 3714; x_wconf 94' lang='lat' dir='ltr'><strong>et</strong></span> <span class='ocrx_word' id='word_1_487' title='bbox 1215 3662 1408 3729; x_wconf 88' lang='lat' dir='ltr'><strong>quavis</strong></span> <span class='ocrx_word' id='word_1_488' title='bbox 1443 3677 1643 3732; x_wconf 87' lang='lat' dir='ltr'><strong>purga-</strong></span> 
     </span>
    </p>
   </div>
   <div class='ocr_carea' id='block_1_69' title="bbox 67 3745 1645 3818">
    <p class='ocr_par' dir='ltr' id='par_1_69' title="bbox 67 3745 1645 3818">
     <span class='ocr_line' id='line_1_69' title="bbox 67 3745 1645 3818; baseline 0.007 -24"><span class='ocrx_word' id='word_1_489' title='bbox 67 3745 206 3798; x_wconf 85' lang='lat' dir='ltr'><strong>tione</strong></span> <span class='ocrx_word' id='word_1_490' title='bbox 231 3746 576 3815; x_wconf 88' lang='lat' dir='ltr'><strong>superiorem</strong></span> <span class='ocrx_word' id='word_1_491' title='bbox 596 3747 949 3818; x_wconf 80' lang='lat' dir='ltr'><strong>baptizasset,</strong></span> <span class='ocrx_word' id='word_1_492' title='bbox 997 3750 1090 3803; x_wconf 92' lang='lat' dir='ltr'><strong>illo</strong></span> <span class='ocrx_word' id='word_1_493' title='bbox 1106 3759 1361 3804; x_wconf 84' lang='lat' dir='ltr'><strong>contactu</strong></span> <span class='ocrx_word' id='word_1_494' title='bbox 1382 3755 1645 3817; x_wconf 82' lang='lat' dir='ltr'><strong>ostendit,</strong></span> 
     </span>
    </p>
   </div>
   <div class='ocr_carea' id='block_1_70' title="bbox 63 3826 1647 3912">
    <p class='ocr_par' dir='ltr' id='par_1_70' title="bbox 63 3826 1647 3912">
     <span class='ocr_line' id='line_1_70' title="bbox 63 3826 1647 3912; baseline 0.008 -26"><span class='ocrx_word' id='word_1_495' title='bbox 63 3826 265 3890; x_wconf 71' lang='lat' dir='ltr'><strong>fontem</strong></span> <span class='ocrx_word' id='word_1_496' title='bbox 295 3837 774 3901; x_wconf 80' lang='lat' dir='ltr'><strong>sanctiﬁcationis,</strong></span> <span class='ocrx_word' id='word_1_497' title='bbox 813 3847 867 3893; x_wconf 90' lang='lat' dir='ltr'><strong>et</strong></span> <span class='ocrx_word' id='word_1_498' title='bbox 895 3855 1016 3907; x_wconf 56' lang='lat' dir='ltr'><strong>qua;</strong></span> <span class='ocrx_word' id='word_1_499' title='bbox 1073 3841 1141 3895; x_wconf 88' lang='lat' dir='ltr'><strong>de</strong></span> <span class='ocrx_word' id='word_1_500' title='bbox 1184 3843 1306 3912; x_wconf 90' lang='lat' dir='ltr'><strong>ipso</strong></span> <span class='ocrx_word' id='word_1_501' title='bbox 1353 3841 1575 3898; x_wconf 71' lang='lat' dir='ltr'><strong>Judarus</strong></span> <span class='ocrx_word' id='word_1_502' title='bbox 1601 3847 1647 3900; x_wconf 90' lang='lat' dir='ltr'><strong>is</strong></span> 
     </span>
    </p>
   </div>
   <div class='ocr_carea' id='block_1_71' title="bbox 64 3927 1646 4000">
    <p class='ocr_par' dir='ltr' id='par_1_71' title="bbox 64 3927 1646 4000">
     <span class='ocr_line' id='line_1_71' title="bbox 64 3927 1646 4000; baseline 0.006 -19"><span class='ocrx_word' id='word_1_503' title='bbox 64 3927 154 3995; x_wconf 80' lang='lat' dir='ltr'><strong>qui</strong></span> <span class='ocrx_word' id='word_1_504' title='bbox 188 3927 382 3984; x_wconf 78' lang='lat' dir='ltr'><strong>fuitab</strong></span> <span class='ocrx_word' id='word_1_505' title='bbox 399 3930 520 3998; x_wconf 82' lang='lat' dir='ltr'><strong>ipso</strong></span> <span class='ocrx_word' id='word_1_506' title='bbox 545 3930 871 4000; x_wconf 85' lang='lat' dir='ltr'><strong>baptizatus,</strong></span> <span class='ocrx_word' id='word_1_507' title='bbox 896 3948 992 4000; x_wconf 90' lang='lat' dir='ltr'><strong>per</strong></span> <span class='ocrx_word' id='word_1_508' title='bbox 1017 3934 1303 3992; x_wconf 85' lang='lat' dir='ltr'><strong>arundinis</strong></span> <span class='ocrx_word' id='word_1_509' title='bbox 1320 3944 1373 3988; x_wconf 91' lang='lat' dir='ltr'><strong>et</strong></span> <span class='ocrx_word' id='word_1_510' title='bbox 1399 3936 1646 3992; x_wconf 91' lang='lat' dir='ltr'><strong>mollium</strong></span> 
     </span>
    </p>
   </div>
   <div class='ocr_carea' id='block_1_72' title="bbox 64 4018 1646 4091">
    <p class='ocr_par' dir='ltr' id='par_1_72' title="bbox 64 4018 1646 4091">
     <span class='ocr_line' id='line_1_72' title="bbox 64 4018 1646 4091; baseline 0.005 -21"><span class='ocrx_word' id='word_1_511' title='bbox 64 4018 293 4072; x_wconf 89' lang='lat' dir='ltr'><strong>vestium</strong></span> <span class='ocrx_word' id='word_1_512' title='bbox 329 4021 567 4075; x_wconf 88' lang='lat' dir='ltr'><strong>amictus</strong></span> <span class='ocrx_word' id='word_1_513' title='bbox 598 4022 1038 4086; x_wconf 86' lang='lat' dir='ltr'><strong>similitudinem,</strong></span> <span class='ocrx_word' id='word_1_514' title='bbox 1068 4023 1295 4091; x_wconf 57' lang='lat' dir='ltr'><strong>ad‘ejus</strong></span> <span class='ocrx_word' id='word_1_515' title='bbox 1321 4025 1461 4080; x_wconf 78' lang='lat' dir='ltr'><strong>dixit</strong></span> <span class='ocrx_word' id='word_1_516' title='bbox 1497 4042 1646 4080; x_wconf 89' lang='lat' dir='ltr'><strong>com-</strong></span> 
     </span>
    </p>
   </div>
   <div class='ocr_carea' id='block_1_73' title="bbox 61 4108 1641 4180">
    <p class='ocr_par' dir='ltr' id='par_1_73' title="bbox 61 4108 1641 4180">
     <span class='ocr_line' id='line_1_73' title="bbox 61 4108 1641 4180; baseline 0.007 -22"><span class='ocrx_word' id='word_1_517' title='bbox 61 4109 500 4180; x_wconf 78' lang='lat' dir='ltr'><strong>mendationem;</strong></span> <span class='ocrx_word' id='word_1_518' title='bbox 532 4108 650 4177; x_wconf 88' lang='lat' dir='ltr'><strong>ejus</strong></span> <span class='ocrx_word' id='word_1_519' title='bbox 677 4111 801 4164; x_wconf 72' lang='lat' dir='ltr'><strong>vitae</strong></span> <span class='ocrx_word' id='word_1_520' title='bbox 831 4125 861 4164; x_wconf 92' lang='lat' dir='ltr'><strong>a</strong></span> <span class='ocrx_word' id='word_1_521' title='bbox 887 4127 1068 4166; x_wconf 90' lang='lat' dir='ltr'><strong>rerum</strong></span> <span class='ocrx_word' id='word_1_522' title='bbox 1087 4113 1487 4180; x_wconf 83' lang='lat' dir='ltr'><strong>superﬂuarum</strong></span> <span class='ocrx_word' id='word_1_523' title='bbox 1508 4129 1641 4169; x_wconf 87' lang='lat' dir='ltr'><strong>cura</strong></span> 
     </span>
    </p>
   </div>
   <div class='ocr_carea' id='block_1_74' title="bbox 58 4195 1647 4271">
    <p class='ocr_par' dir='ltr' id='par_1_74' title="bbox 58 4195 1647 4271">
     <span class='ocr_line' id='line_1_74' title="bbox 58 4195 1647 4271; baseline 0.005 -20"><span class='ocrx_word' id='word_1_524' title='bbox 58 4195 905 4271; x_wconf 84' lang='lat' dir='ltr'><strong>abhorrentemsimplicitatem,</strong></span> <span class='ocrx_word' id='word_1_525' title='bbox 941 4204 1067 4256; x_wconf 89' lang='lat' dir='ltr'><strong>etin</strong></span> <span class='ocrx_word' id='word_1_526' title='bbox 1095 4206 1296 4258; x_wconf 88' lang='lat' dir='ltr'><strong>virtute</strong></span> <span class='ocrx_word' id='word_1_527' title='bbox 1337 4206 1647 4260; x_wconf 81' lang='lat' dir='ltr'><strong>tirmitutettl</strong></span> 
     </span>
    </p>
   </div>
   <div class='ocr_carea' id='block_1_75' title="bbox 59 4294 1650 4366">
    <p class='ocr_par' dir='ltr' id='par_1_75' title="bbox 59 4294 1650 4366">
     <span class='ocr_line' id='line_1_75' title="bbox 59 4294 1650 4366; baseline 0.004 -21"><span class='ocrx_word' id='word_1_528' title='bbox 59 4302 114 4346; x_wconf 90' lang='lat' dir='ltr'><strong>et</strong></span> <span class='ocrx_word' id='word_1_529' title='bbox 160 4294 560 4359; x_wconf 86' lang='lat' dir='ltr'><strong>constantiam,</strong></span> <span class='ocrx_word' id='word_1_530' title='bbox 603 4303 818 4350; x_wconf 83' lang='lat' dir='ltr'><strong>etcum</strong></span> <span class='ocrx_word' id='word_1_531' title='bbox 868 4297 1037 4350; x_wconf 86' lang='lat' dir='ltr'><strong>veteri</strong></span> <span class='ocrx_word' id='word_1_532' title='bbox 1086 4295 1218 4350; x_wconf 75' lang='lat' dir='ltr'><strong>Elia:</strong></span> <span class='ocrx_word' id='word_1_533' title='bbox 1247 4298 1533 4366; x_wconf 74' lang='lat' dir='ltr'><strong>aequalem.</strong></span> <span class='ocrx_word' id='word_1_534' title='bbox 1595 4306 1650 4352; x_wconf 91' lang='lat' dir='ltr'><strong>ct</strong></span> 
     </span>
    </p>
   </div>
   <div class='ocr_carea' id='block_1_76' title="bbox 1745 3111 3332 3190">
    <p class='ocr_par' dir='ltr' id='par_1_76' title="bbox 1745 3111 3332 3190">
     <span class='ocr_line' id='line_1_76' title="bbox 1745 3111 3332 3190; baseline -0.008 -16"><span class='ocrx_word' id='word_1_535' title='bbox 1745 3121 2143 3190; x_wconf 88' lang='lat' dir='ltr'><strong>obtemperatio</strong></span> <span class='ocrx_word' id='word_1_536' title='bbox 2201 3128 2406 3186; x_wconf 84' lang='lat' dir='ltr'><strong>tamen,</strong></span> <span class='ocrx_word' id='word_1_537' title='bbox 2468 3124 2521 3170; x_wconf 92' lang='lat' dir='ltr'><strong>et</strong></span> <span class='ocrx_word' id='word_1_538' title='bbox 2585 3114 2901 3178; x_wconf 85' lang='lat' dir='ltr'><strong>submissio,</strong></span> <span class='ocrx_word' id='word_1_539' title='bbox 2967 3121 3020 3166; x_wconf 91' lang='lat' dir='ltr'><strong>et</strong></span> <span class='ocrx_word' id='word_1_540' title='bbox 3070 3111 3332 3164; x_wconf 86' lang='lat' dir='ltr'><strong>adversus</strong></span> 
     </span>
    </p>
   </div>
   <div class='ocr_carea' id='block_1_77' title="bbox 1694 3202 3328 3280">
    <p class='ocr_par' dir='ltr' id='par_1_77' title="bbox 1694 3202 3328 3280">
     <span class='ocr_line' id='line_1_77' title="bbox 1694 3202 3328 3280; baseline -0.007 -15"><span class='ocrx_word' id='word_1_541' title='bbox 1694 3275 1698 3280; x_wconf 24' lang='grc' dir='ltr'><em>ι</em></span> <span class='ocrx_word' id='word_1_542' title='bbox 1746 3213 1956 3280; x_wconf 85' lang='lat' dir='ltr'><strong>justum</strong></span> <span class='ocrx_word' id='word_1_543' title='bbox 1994 3210 2315 3278; x_wconf 85' lang='lat' dir='ltr'><strong>prephetam</strong></span> <span class='ocrx_word' id='word_1_544' title='bbox 2350 3208 2581 3278; x_wconf 89' lang='lat' dir='ltr'><strong>prolatio</strong></span> <span class='ocrx_word' id='word_1_545' title='bbox 2608 3206 2893 3262; x_wconf 81' lang='lat' dir='ltr'><strong>sententiae</strong></span> <span class='ocrx_word' id='word_1_546' title='bbox 2936 3212 2991 3258; x_wconf 90' lang='lat' dir='ltr'><strong>et</strong></span> <span class='ocrx_word' id='word_1_547' title='bbox 3014 3202 3176 3271; x_wconf 90' lang='lat' dir='ltr'><strong>paulo</strong></span> <span class='ocrx_word' id='word_1_548' title='bbox 3209 3209 3328 3269; x_wconf 89' lang='lat' dir='ltr'><strong>post</strong></span> 
     </span>
    </p>
   </div>
   <div class='ocr_carea' id='block_1_78' title="bbox 1746 3291 3332 3368">
    <p class='ocr_par' dir='ltr' id='par_1_78' title="bbox 1746 3291 3332 3368">
     <span class='ocr_line' id='line_1_78' title="bbox 1746 3291 3332 3368; baseline -0.008 -14"><span class='ocrx_word' id='word_1_549' title='bbox 1746 3308 1911 3368; x_wconf 85' lang='lat' dir='ltr'><strong>caput</strong></span> <span class='ocrx_word' id='word_1_550' title='bbox 1944 3300 1993 3351; x_wconf 90' lang='lat' dir='ltr'><strong>in</strong></span> <span class='ocrx_word' id='word_1_551' title='bbox 2049 3299 2200 3351; x_wconf 86' lang='lat' dir='ltr'><strong>disco</strong></span> <span class='ocrx_word' id='word_1_552' title='bbox 2234 3297 2483 3358; x_wconf 78' lang='lat' dir='ltr'><strong>allatum,</strong></span> <span class='ocrx_word' id='word_1_553' title='bbox 2515 3304 2568 3350; x_wconf 92' lang='lat' dir='ltr'><strong>et</strong></span> <span class='ocrx_word' id='word_1_554' title='bbox 2603 3297 2910 3350; x_wconf 81' lang='lat' dir='ltr'><strong>libidinosae</strong></span> <span class='ocrx_word' id='word_1_555' title='bbox 2967 3303 3020 3346; x_wconf 91' lang='lat' dir='ltr'><strong>et</strong></span> <span class='ocrx_word' id='word_1_556' title='bbox 3070 3291 3332 3344; x_wconf 82' lang='lat' dir='ltr'><strong>adulterae</strong></span> 
     </span>
    </p>
   </div>
   <div class='ocr_carea' id='block_1_79' title="bbox 1749 3382 3332 3455">
    <p class='ocr_par' dir='ltr' id='par_1_79' title="bbox 1749 3382 3332 3455">
     <span class='ocr_line' id='line_1_79' title="bbox 1749 3382 3332 3455; baseline -0.008 -11"><span class='ocrx_word' id='word_1_557' title='bbox 1749 3389 1967 3444; x_wconf 74' lang='lat' dir='ltr'><strong>mulieri</strong></span> <span class='ocrx_word' id='word_1_558' title='bbox 1997 3389 2276 3444; x_wconf 87' lang='lat' dir='ltr'><strong>traditum.</strong></span> <span class='ocrx_word' id='word_1_559' title='bbox 2309 3389 2450 3455; x_wconf 83' lang='lat' dir='ltr'><strong>Quid</strong></span> <span class='ocrx_word' id='word_1_560' title='bbox 2479 3388 2580 3442; x_wconf 89' lang='lat' dir='ltr'><strong>hac</strong></span> <span class='ocrx_word' id='word_1_561' title='bbox 2607 3387 2904 3441; x_wconf 88' lang='lat' dir='ltr'><strong>inhumana</strong></span> <span class='ocrx_word' id='word_1_562' title='bbox 2931 3385 3147 3438; x_wconf 86' lang='lat' dir='ltr'><strong>actione</strong></span> <span class='ocrx_word' id='word_1_563' title='bbox 3174 3382 3332 3435; x_wconf 77' lang='lat' dir='ltr'><strong>inhu-</strong></span> 
     </span>
    </p>
   </div>
   <div class='ocr_carea' id='block_1_80' title="bbox 1749 3470 3328 3550">
    <p class='ocr_par' dir='ltr' id='par_1_80' title="bbox 1749 3470 3328 3550">
     <span class='ocr_line' id='line_1_80' title="bbox 1749 3470 3328 3550; baseline -0.006 -14"><span class='ocrx_word' id='word_1_564' title='bbox 1749 3483 1984 3545; x_wconf 87' lang='lat' dir='ltr'><strong>manius,</strong></span> <span class='ocrx_word' id='word_1_565' title='bbox 2015 3492 2070 3534; x_wconf 92' lang='lat' dir='ltr'><strong>et</strong></span> <span class='ocrx_word' id='word_1_566' title='bbox 2106 3481 2280 3550; x_wconf 81' lang='lat' dir='ltr'><strong>magis</strong></span> <span class='ocrx_word' id='word_1_567' title='bbox 2309 3479 2624 3534; x_wconf 81' lang='lat' dir='ltr'><strong>nefarium?</strong></span> <span class='ocrx_word' id='word_1_568' title='bbox 2660 3479 2800 3545; x_wconf 86' lang='lat' dir='ltr'><strong>Quid</strong></span> <span class='ocrx_word' id='word_1_569' title='bbox 2830 3479 2932 3532; x_wconf 88' lang='lat' dir='ltr'><strong>hoc</strong></span> <span class='ocrx_word' id='word_1_570' title='bbox 2967 3470 3328 3549; x_wconf 42' lang='lat' dir='ltr'><strong>belluiuo&#39;l’a-</strong></span> 
     </span>
    </p>
   </div>
   <div class='ocr_carea' id='block_1_81' title="bbox 1746 3571 3329 3642">
    <p class='ocr_par' dir='ltr' id='par_1_81' title="bbox 1746 3571 3329 3642">
     <span class='ocr_line' id='line_1_81' title="bbox 1746 3571 3329 3642; baseline -0.005 -14"><span class='ocrx_word' id='word_1_571' title='bbox 1746 3575 1931 3628; x_wconf 88' lang='lat' dir='ltr'><strong>ciuore</strong></span> <span class='ocrx_word' id='word_1_572' title='bbox 1967 3574 2138 3642; x_wconf 90' lang='lat' dir='ltr'><strong>magis</strong></span> <span class='ocrx_word' id='word_1_573' title='bbox 2174 3574 2429 3627; x_wconf 87' lang='lat' dir='ltr'><strong>insanum</strong></span> <span class='ocrx_word' id='word_1_574' title='bbox 2463 3580 2516 3625; x_wconf 86' lang='lat' dir='ltr'><strong>et</strong></span> <span class='ocrx_word' id='word_1_575' title='bbox 2570 3571 2892 3636; x_wconf 89' lang='lat' dir='ltr'><strong>belluinum,</strong></span> <span class='ocrx_word' id='word_1_576' title='bbox 2931 3571 3210 3625; x_wconf 83' lang='lat' dir='ltr'><strong>hominem</strong></span> <span class='ocrx_word' id='word_1_577' title='bbox 3268 3585 3329 3620; x_wconf 81' lang='lat' dir='ltr'><strong>ex</strong></span> 
     </span>
    </p>
   </div>
   <div class='ocr_carea' id='block_1_82' title="bbox 1746 3661 3332 3734">
    <p class='ocr_par' dir='ltr' id='par_1_82' title="bbox 1746 3661 3332 3734">
     <span class='ocr_line' id='line_1_82' title="bbox 1746 3661 3332 3734; baseline -0.005 -15"><span class='ocrx_word' id='word_1_578' title='bbox 1746 3665 1866 3734; x_wconf 88' lang='lat' dir='ltr'><strong>ipso</strong></span> <span class='ocrx_word' id='word_1_579' title='bbox 1893 3665 2087 3718; x_wconf 87' lang='lat' dir='ltr'><strong>matris</strong></span> <span class='ocrx_word' id='word_1_580' title='bbox 2107 3675 2262 3717; x_wconf 85' lang='lat' dir='ltr'><strong>utero</strong></span> <span class='ocrx_word' id='word_1_581' title='bbox 2290 3662 2585 3718; x_wconf 89' lang='lat' dir='ltr'><strong>sanctitate</strong></span> <span class='ocrx_word' id='word_1_582' title='bbox 2616 3662 3039 3722; x_wconf 86' lang='lat' dir='ltr'><strong>circumdatum.</strong></span> <span class='ocrx_word' id='word_1_583' title='bbox 3066 3661 3158 3728; x_wconf 91' lang='lat' dir='ltr'><strong>qui</strong></span> <span class='ocrx_word' id='word_1_584' title='bbox 3193 3669 3332 3713; x_wconf 85' lang='lat' dir='ltr'><strong>tem-</strong></span> 
     </span>
    </p>
   </div>
   <div class='ocr_carea' id='block_1_83' title="bbox 1748 3753 3331 3827">
    <p class='ocr_par' dir='ltr' id='par_1_83' title="bbox 1748 3753 3331 3827">
     <span class='ocr_line' id='line_1_83' title="bbox 1748 3753 3331 3827; baseline -0.006 -15"><span class='ocrx_word' id='word_1_585' title='bbox 1748 3758 2055 3827; x_wconf 86' lang='lat' dir='ltr'><strong>perantiam</strong></span> <span class='ocrx_word' id='word_1_586' title='bbox 2107 3764 2226 3809; x_wconf 88' lang='lat' dir='ltr'><strong>erat</strong></span> <span class='ocrx_word' id='word_1_587' title='bbox 2292 3755 2596 3824; x_wconf 77' lang='lat' dir='ltr'><strong>amplexus,</strong></span> <span class='ocrx_word' id='word_1_588' title='bbox 2664 3754 2969 3809; x_wconf 69' lang='lat' dir='ltr'><strong>castitatem</strong></span> <span class='ocrx_word' id='word_1_589' title='bbox 3037 3753 3331 3815; x_wconf 79' lang='lat' dir='ltr'><strong>asciverat,</strong></span> 
     </span>
    </p>
   </div>
   <div class='ocr_carea' id='block_1_84' title="bbox 1748 3846 3331 3917">
    <p class='ocr_par' dir='ltr' id='par_1_84' title="bbox 1748 3846 3331 3917">
     <span class='ocr_line' id='line_1_84' title="bbox 1748 3846 3331 3917; baseline -0.004 -13"><span class='ocrx_word' id='word_1_590' title='bbox 1748 3850 1929 3904; x_wconf 85' lang='lat' dir='ltr'><strong>inedia</strong></span> <span class='ocrx_word' id='word_1_591' title='bbox 1951 3864 2008 3902; x_wconf 89' lang='lat' dir='ltr'><strong>se</strong></span> <span class='ocrx_word' id='word_1_592' title='bbox 2025 3858 2362 3911; x_wconf 79' lang='lat' dir='ltr'><strong>exercuerat,</strong></span> <span class='ocrx_word' id='word_1_593' title='bbox 2388 3849 2457 3901; x_wconf 89' lang='lat' dir='ltr'><strong>ab</strong></span> <span class='ocrx_word' id='word_1_594' title='bbox 2473 3849 2620 3902; x_wconf 91' lang='lat' dir='ltr'><strong>omni</strong></span> <span class='ocrx_word' id='word_1_595' title='bbox 2645 3848 3031 3917; x_wconf 90' lang='lat' dir='ltr'><strong>congressione</strong></span> <span class='ocrx_word' id='word_1_596' title='bbox 3051 3846 3331 3899; x_wconf 90' lang='lat' dir='ltr'><strong>hominum</strong></span> 
     </span>
    </p>
   </div>
   <div class='ocr_carea' id='block_1_85' title="bbox 1749 3939 3330 4009">
    <p class='ocr_par' dir='ltr' id='par_1_85' title="bbox 1749 3939 3330 4009">
     <span class='ocr_line' id='line_1_85' title="bbox 1749 3939 3330 4009; baseline -0.006 -13"><span class='ocrx_word' id='word_1_597' title='bbox 1749 3956 1810 3997; x_wconf 87' lang='lat' dir='ltr'><strong>se</strong></span> <span class='ocrx_word' id='word_1_598' title='bbox 1885 3949 2256 4009; x_wconf 86' lang='lat' dir='ltr'><strong>separaverat,</strong></span> <span class='ocrx_word' id='word_1_599' title='bbox 2329 3939 2679 3994; x_wconf 88' lang='lat' dir='ltr'><strong>solitudinem</strong></span> <span class='ocrx_word' id='word_1_600' title='bbox 2736 3947 2991 4004; x_wconf 80' lang='lat' dir='ltr'><strong>tanquam</strong></span> <span class='ocrx_word' id='word_1_601' title='bbox 3057 3939 3330 3992; x_wconf 86' lang='lat' dir='ltr'><strong>civitatem</strong></span> 
     </span>
    </p>
   </div>
   <div class='ocr_carea' id='block_1_86' title="bbox 1751 4030 3360 4102">
    <p class='ocr_par' dir='ltr' id='par_1_86' title="bbox 1751 4030 3360 4102">
     <span class='ocr_line' id='line_1_86' title="bbox 1751 4030 3360 4102; baseline -0.003 -16"><span class='ocrx_word' id='word_1_602' title='bbox 1751 4032 2116 4094; x_wconf 86' lang='lat' dir='ltr'><strong>habitaverat,</strong></span> <span class='ocrx_word' id='word_1_603' title='bbox 2146 4034 2238 4100; x_wconf 91' lang='lat' dir='ltr'><strong>qui</strong></span> <span class='ocrx_word' id='word_1_604' title='bbox 2267 4031 2432 4086; x_wconf 90' lang='lat' dir='ltr'><strong>simul</strong></span> <span class='ocrx_word' id='word_1_605' title='bbox 2462 4047 2588 4086; x_wconf 88' lang='lat' dir='ltr'><strong>cum</strong></span> <span class='ocrx_word' id='word_1_606' title='bbox 2624 4031 2741 4102; x_wconf 85' lang='lat' dir='ltr'><strong>agri</strong></span> <span class='ocrx_word' id='word_1_607' title='bbox 2777 4031 2966 4086; x_wconf 87' lang='lat' dir='ltr'><strong>bestiis</strong></span> <span class='ocrx_word' id='word_1_608' title='bbox 2991 4030 3360 4089; x_wconf 88' lang='lat' dir='ltr'><strong>versabatur,-</strong></span> 
     </span>
    </p>
   </div>
   <div class='ocr_carea' id='block_1_87' title="bbox 1751 4121 3330 4192">
    <p class='ocr_par' dir='ltr' id='par_1_87' title="bbox 1751 4121 3330 4192">
     <span class='ocr_line' id='line_1_87' title="bbox 1751 4121 3330 4192; baseline -0.001 -17"><span class='ocrx_word' id='word_1_609' title='bbox 1751 4122 1945 4175; x_wconf 84' lang='lat' dir='ltr'><strong>eameli</strong></span> <span class='ocrx_word' id='word_1_610' title='bbox 1978 4124 2106 4191; x_wconf 88' lang='lat' dir='ltr'><strong>pilis</strong></span> <span class='ocrx_word' id='word_1_611' title='bbox 2158 4123 2464 4191; x_wconf 85' lang='lat' dir='ltr'><strong>tegebatur,</strong></span> <span class='ocrx_word' id='word_1_612' title='bbox 2526 4122 2753 4192; x_wconf 87' lang='lat' dir='ltr'><strong>pellicea</strong></span> <span class='ocrx_word' id='word_1_613' title='bbox 2806 4138 2940 4175; x_wconf 85' lang='lat' dir='ltr'><strong>zona</strong></span> <span class='ocrx_word' id='word_1_614' title='bbox 2991 4121 3330 4190; x_wconf 84' lang='lat' dir='ltr'><strong>cingebatur.</strong></span> 
     </span>
    </p>
   </div>
   <div class='ocr_carea' id='block_1_88' title="bbox 1739 4211 3332 4282">
    <p class='ocr_par' dir='ltr' id='par_1_88' title="bbox 1739 4211 3332 4282">
     <span class='ocr_line' id='line_1_88' title="bbox 1739 4211 3332 4282; baseline -0.003 -14"><span class='ocrx_word' id='word_1_615' title='bbox 1739 4217 1896 4269; x_wconf 84' lang='lat' dir='ltr'><strong>sicut</strong></span> <span class='ocrx_word' id='word_1_616' title='bbox 1927 4229 2053 4270; x_wconf 88' lang='lat' dir='ltr'><strong>aves</strong></span> <span class='ocrx_word' id='word_1_617' title='bbox 2085 4215 2158 4279; x_wconf 89' lang='lat' dir='ltr'><strong>id,</strong></span> <span class='ocrx_word' id='word_1_618' title='bbox 2182 4216 2326 4282; x_wconf 91' lang='lat' dir='ltr'><strong>quod</strong></span> <span class='ocrx_word' id='word_1_619' title='bbox 2358 4229 2458 4270; x_wconf 90' lang='lat' dir='ltr'><strong>sua</strong></span> <span class='ocrx_word' id='word_1_620' title='bbox 2491 4224 2683 4282; x_wconf 91' lang='lat' dir='ltr'><strong>sponte</strong></span> <span class='ocrx_word' id='word_1_621' title='bbox 2711 4214 3060 4274; x_wconf 85' lang='lat' dir='ltr'><strong>nascebatur,</strong></span> <span class='ocrx_word' id='word_1_622' title='bbox 3095 4211 3332 4265; x_wconf 88' lang='lat' dir='ltr'><strong>habebat</strong></span> 
     </span>
    </p>
   </div>
   <div class='ocr_carea' id='block_1_89' title="bbox 1752 4303 3333 4372">
    <p class='ocr_par' dir='ltr' id='par_1_89' title="bbox 1752 4303 3333 4372">
     <span class='ocr_line' id='line_1_89' title="bbox 1752 4303 3333 4372; baseline -0.004 -11"><span class='ocrx_word' id='word_1_623' title='bbox 1752 4306 2096 4371; x_wconf 86' lang='lat' dir='ltr'><strong>alimentum,</strong></span> <span class='ocrx_word' id='word_1_624' title='bbox 2117 4307 2336 4361; x_wconf 88' lang='lat' dir='ltr'><strong>carebat</strong></span> <span class='ocrx_word' id='word_1_625' title='bbox 2357 4306 2715 4372; x_wconf 91' lang='lat' dir='ltr'><strong>nutrimento,</strong></span> <span class='ocrx_word' id='word_1_626' title='bbox 2740 4306 2960 4360; x_wconf 89' lang='lat' dir='ltr'><strong>carebat</strong></span> <span class='ocrx_word' id='word_1_627' title='bbox 2989 4303 3333 4366; x_wconf 86' lang='lat' dir='ltr'><strong>utensilibus,</strong></span> 
     </span>
    </p>
   </div>
   <div class='ocr_carea' id='block_1_90' title="bbox 63 4384 1638 4468">
    <p class='ocr_par' dir='ltr' id='par_1_90' title="bbox 63 4384 1638 4457">
     <span class='ocr_line' id='line_1_90' title="bbox 63 4384 1638 4457; baseline 0.006 -23"><span class='ocrx_word' id='word_1_628' title='bbox 63 4384 312 4439; x_wconf 89' lang='lat' dir='ltr'><strong>moribus</strong></span> <span class='ocrx_word' id='word_1_629' title='bbox 352 4384 591 4440; x_wconf 85' lang='lat' dir='ltr'><strong>similem</strong></span> <span class='ocrx_word' id='word_1_630' title='bbox 625 4385 788 4439; x_wconf 87' lang='lat' dir='ltr'><strong>tacite</strong></span> <span class='ocrx_word' id='word_1_631' title='bbox 837 4386 1187 4455; x_wconf 78' lang='lat' dir='ltr'><strong>signiﬁcans;</strong></span> <span class='ocrx_word' id='word_1_632' title='bbox 1222 4396 1278 4440; x_wconf 88' lang='lat' dir='ltr'><strong>et</strong></span> <span class='ocrx_word' id='word_1_633' title='bbox 1310 4402 1638 4457; x_wconf 74' lang='lat' dir='ltr'><strong>quzecunqut</strong></span> 
     </span>
    </p>
   </div>
   <div class='ocr_carea' id='block_1_91' title="bbox 1741 4384 3331 4468">
    <p class='ocr_par' dir='ltr' id='par_1_91' title="bbox 1755 4399 3331 4468">
     <span class='ocr_line' id='line_1_91' title="bbox 1755 4399 3331 4468; baseline -0.003 -16"><span class='ocrx_word' id='word_1_634' title='bbox 1755 4407 1807 4453; x_wconf 92' lang='lat' dir='ltr'><strong>et</strong></span> <span class='ocrx_word' id='word_1_635' title='bbox 1832 4399 1992 4468; x_wconf 85' lang='lat' dir='ltr'><strong>plane</strong></span> <span class='ocrx_word' id='word_1_636' title='bbox 2015 4399 2198 4454; x_wconf 90' lang='lat' dir='ltr'><strong>carnis</strong></span> <span class='ocrx_word' id='word_1_637' title='bbox 2228 4408 2346 4452; x_wconf 89' lang='lat' dir='ltr'><strong>erat</strong></span> <span class='ocrx_word' id='word_1_638' title='bbox 2371 4413 2570 4468; x_wconf 79' lang='lat' dir='ltr'><strong>expers</strong></span> <span class='ocrx_word' id='word_1_639' title='bbox 2600 4417 2614 4454; x_wconf 90' lang='lat'><strong>:</strong></span> <span class='ocrx_word' id='word_1_640' title='bbox 2648 4399 2742 4468; x_wconf 88' lang='lat' dir='ltr'><strong>qui</strong></span> <span class='ocrx_word' id='word_1_641' title='bbox 2778 4408 2924 4453; x_wconf 89' lang='lat' dir='ltr'><strong>totus</strong></span> <span class='ocrx_word' id='word_1_642' title='bbox 2954 4412 3172 4465; x_wconf 88' lang='lat' dir='ltr'><strong>quoque</strong></span> <span class='ocrx_word' id='word_1_643' title='bbox 3208 4412 3331 4450; x_wconf 91' lang='lat' dir='ltr'><strong>cer-</strong></span> 
     </span>
    </p>
   </div>
   <div class='ocr_carea' id='block_1_92' title="bbox 57 4475 1650 4550">
    <p class='ocr_par' dir='ltr' id='par_1_92' title="bbox 57 4475 1650 4550">
     <span class='ocr_line' id='line_1_92' title="bbox 57 4475 1650 4550; baseline 0.004 -22"><span class='ocrx_word' id='word_1_644' title='bbox 57 4484 190 4530; x_wconf 87' lang='lat' dir='ltr'><strong>sunt</strong></span> <span class='ocrx_word' id='word_1_645' title='bbox 220 4475 310 4530; x_wconf 90' lang='lat' dir='ltr'><strong>his</strong></span> <span class='ocrx_word' id='word_1_646' title='bbox 341 4477 757 4546; x_wconf 88' lang='lat' dir='ltr'><strong>consequentia,</strong></span> <span class='ocrx_word' id='word_1_647' title='bbox 779 4477 1206 4550; x_wconf 83' lang='lat' dir='ltr'><strong>Evangeliorum</strong></span> <span class='ocrx_word' id='word_1_648' title='bbox 1236 4480 1524 4549; x_wconf 87' lang='lat' dir='ltr'><strong>quaternio</strong></span> <span class='ocrx_word' id='word_1_649' title='bbox 1555 4494 1650 4534; x_wconf 90' lang='lat' dir='ltr'><strong>os-</strong></span> 
     </span>
    </p>
   </div>
   <div class='ocr_carea' id='block_1_93' title="bbox 60 4568 1648 4640">
    <p class='ocr_par' dir='ltr' id='par_1_93' title="bbox 60 4568 1648 4640">
     <span class='ocr_line' id='line_1_93' title="bbox 60 4568 1648 4640; baseline 0.004 -19"><span class='ocrx_word' id='word_1_650' title='bbox 60 4568 249 4624; x_wconf 86' lang='lat' dir='ltr'><strong>tendet</strong></span> <span class='ocrx_word' id='word_1_651' title='bbox 276 4570 524 4637; x_wconf 83' lang='lat' dir='ltr'><strong>apertius</strong></span> <span class='ocrx_word' id='word_1_652' title='bbox 561 4569 651 4634; x_wconf 80' lang='lat' dir='ltr'><strong>iis,</strong></span> <span class='ocrx_word' id='word_1_653' title='bbox 683 4569 776 4638; x_wconf 92' lang='lat' dir='ltr'><strong>qui</strong></span> <span class='ocrx_word' id='word_1_654' title='bbox 808 4569 925 4624; x_wconf 71' lang='lat' dir='ltr'><strong>haec</strong></span> <span class='ocrx_word' id='word_1_655' title='bbox 960 4578 1280 4624; x_wconf 87' lang='lat' dir='ltr'><strong>scrutantur</strong></span> <span class='ocrx_word' id='word_1_656' title='bbox 1310 4571 1648 4640; x_wconf 87' lang='lat' dir='ltr'><strong>diligentius.</strong></span> 
     </span>
    </p>
   </div>
   <div class='ocr_carea' id='block_1_94' title="bbox 127 4660 1646 4739">
    <p class='ocr_par' dir='ltr' id='par_1_94' title="bbox 127 4660 1646 4739">
     <span class='ocr_line' id='line_1_94' title="bbox 127 4660 1646 4739; baseline 0 -23"><span class='ocrx_word' id='word_1_657' title='bbox 127 4660 221 4716; x_wconf 76' lang='grc' dir='ltr'><strong>ιν.</strong></span> <span class='ocrx_word' id='word_1_658' title='bbox 261 4661 400 4728; x_wconf 54' lang='lat' dir='ltr'><strong>Quae</strong></span> <span class='ocrx_word' id='word_1_659' title='bbox 433 4671 620 4739; x_wconf 3' lang='lat' dir='ltr'><strong>autem,</strong></span> <span class='ocrx_word' id='word_1_660' title='bbox 650 4664 903 4732; x_wconf 58' lang='lat' dir='ltr'><strong>presenti</strong></span> <span class='ocrx_word' id='word_1_661' title='bbox 934 4663 1273 4718; x_wconf 90' lang='lat' dir='ltr'><strong>conveniunt</strong></span> <span class='ocrx_word' id='word_1_662' title='bbox 1313 4665 1646 4728; x_wconf 83' lang='lat' dir='ltr'><strong>celebritati,</strong></span> 
     </span>
    </p>
   </div>
   <div class='ocr_carea' id='block_1_95' title="bbox 60 4755 1652 4828">
    <p class='ocr_par' dir='ltr' id='par_1_95' title="bbox 60 4755 1652 4828">
     <span class='ocr_line' id='line_1_95' title="bbox 60 4755 1652 4828; baseline 0.001 -18"><span class='ocrx_word' id='word_1_663' title='bbox 60 4769 121 4810; x_wconf 87' lang='lat' dir='ltr'><strong>ea</strong></span> <span class='ocrx_word' id='word_1_664' title='bbox 162 4764 294 4809; x_wconf 80' lang='lat' dir='ltr'><strong>sunt</strong></span> <span class='ocrx_word' id='word_1_665' title='bbox 323 4755 658 4809; x_wconf 89' lang='lat' dir='ltr'><strong>enuntianda</strong></span> <span class='ocrx_word' id='word_1_666' title='bbox 696 4764 751 4810; x_wconf 88' lang='lat' dir='ltr'><strong>et</strong></span> <span class='ocrx_word' id='word_1_667' title='bbox 772 4756 1041 4820; x_wconf 90' lang='lat' dir='ltr'><strong>docenda,</strong></span> <span class='ocrx_word' id='word_1_668' title='bbox 1085 4767 1144 4811; x_wconf 92' lang='lat' dir='ltr'><strong>ut</strong></span> <span class='ocrx_word' id='word_1_669' title='bbox 1175 4773 1297 4812; x_wconf 91' lang='lat' dir='ltr'><strong>cum</strong></span> <span class='ocrx_word' id='word_1_670' title='bbox 1327 4766 1652 4828; x_wconf 86' lang='lat' dir='ltr'><strong>argumento</strong></span> 
     </span>
    </p>
   </div>
   <div class='ocr_carea' id='block_1_96' title="bbox 61 4842 1652 4920">
    <p class='ocr_par' dir='ltr' id='par_1_96' title="bbox 61 4842 1652 4920">
     <span class='ocr_line' id='line_1_96' title="bbox 61 4842 1652 4920; baseline 0.006 -24"><span class='ocrx_word' id='word_1_671' title='bbox 61 4842 183 4899; x_wconf 80' lang='lat' dir='ltr'><strong>festi</strong></span> <span class='ocrx_word' id='word_1_672' title='bbox 213 4845 307 4898; x_wconf 86' lang='lat' dir='ltr'><strong>hic</strong></span> <span class='ocrx_word' id='word_1_673' title='bbox 337 4859 538 4914; x_wconf 89' lang='lat' dir='ltr'><strong>scopns</strong></span> <span class='ocrx_word' id='word_1_674' title='bbox 577 4854 871 4913; x_wconf 87' lang='lat' dir='ltr'><strong>congruat,</strong></span> <span class='ocrx_word' id='word_1_675' title='bbox 898 4860 1258 4920; x_wconf 78' lang='lat' dir='ltr'><strong>nostrumque</strong></span> <span class='ocrx_word' id='word_1_676' title='bbox 1292 4849 1346 4903; x_wconf 90' lang='lat' dir='ltr'><strong>in</strong></span> <span class='ocrx_word' id='word_1_677' title='bbox 1380 4851 1485 4904; x_wconf 88' lang='lat' dir='ltr'><strong>hoc</strong></span> <span class='ocrx_word' id='word_1_678' title='bbox 1507 4859 1652 4905; x_wconf 91' lang='lat' dir='ltr'><strong>recte</strong></span> 
     </span>
    </p>
   </div>
   <div class='ocr_carea' id='block_1_97' title="bbox 63 4935 1652 4998">
    <p class='ocr_par' dir='ltr' id='par_1_97' title="bbox 63 4935 1652 4998">
     <span class='ocr_line' id='line_1_97' title="bbox 63 4935 1652 4998; baseline 0.004 -9"><span class='ocrx_word' id='word_1_679' title='bbox 63 4935 310 4992; x_wconf 87' lang='lat' dir='ltr'><strong>studium</strong></span> <span class='ocrx_word' id='word_1_680' title='bbox 340 4935 679 4990; x_wconf 75' lang='lat' dir='ltr'><strong>conferatur.</strong></span> <span class='ocrx_word' id='word_1_681' title='bbox 716 4937 810 4992; x_wconf 91' lang='lat' dir='ltr'><strong>llle</strong></span> <span class='ocrx_word' id='word_1_682' title='bbox 841 4936 893 4990; x_wconf 93' lang='lat' dir='ltr'><strong>in</strong></span> <span class='ocrx_word' id='word_1_683' title='bbox 931 4938 1186 4995; x_wconf 80' lang='lat' dir='ltr'><strong>Mosaicis</strong></span> <span class='ocrx_word' id='word_1_684' title='bbox 1220 4940 1488 4998; x_wconf 89' lang='lat' dir='ltr'><strong>educatus</strong></span> <span class='ocrx_word' id='word_1_685' title='bbox 1539 4943 1652 4995; x_wconf 85' lang='lat' dir='ltr'><strong>do-</strong></span> 
     </span>
    </p>
   </div>
   <div class='ocr_carea' id='block_1_98' title="bbox 60 5023 1649 5100">
    <p class='ocr_par' dir='ltr' id='par_1_98' title="bbox 60 5023 1649 5100">
     <span class='ocr_line' id='line_1_98' title="bbox 60 5023 1649 5100; baseline 0.007 -24"><span class='ocrx_word' id='word_1_686' title='bbox 60 5023 362 5088; x_wconf 88' lang='lat' dir='ltr'><strong>cumentis,</strong></span> <span class='ocrx_word' id='word_1_687' title='bbox 386 5032 441 5076; x_wconf 86' lang='lat' dir='ltr'><strong>et</strong></span> <span class='ocrx_word' id='word_1_688' title='bbox 467 5023 683 5078; x_wconf 88' lang='lat' dir='ltr'><strong>assidue</strong></span> <span class='ocrx_word' id='word_1_689' title='bbox 721 5025 992 5081; x_wconf 86' lang='lat' dir='ltr'><strong>meditans</strong></span> <span class='ocrx_word' id='word_1_690' title='bbox 1024 5029 1079 5082; x_wconf 88' lang='lat' dir='ltr'><strong>in</strong></span> <span class='ocrx_word' id='word_1_691' title='bbox 1113 5031 1228 5099; x_wconf 90' lang='lat' dir='ltr'><strong>lege</strong></span> <span class='ocrx_word' id='word_1_692' title='bbox 1257 5029 1494 5095; x_wconf 89' lang='lat' dir='ltr'><strong>Domini,</strong></span> <span class='ocrx_word' id='word_1_693' title='bbox 1531 5032 1649 5100; x_wconf 90' lang='lat' dir='ltr'><strong>ejus</strong></span> 
     </span>
    </p>
   </div>
   <div class='ocr_carea' id='block_1_99' title="bbox 60 5111 1647 5187">
    <p class='ocr_par' dir='ltr' id='par_1_99' title="bbox 60 5111 1647 5187">
     <span class='ocr_line' id='line_1_99' title="bbox 60 5111 1647 5187; baseline 0.008 -24"><span class='ocrx_word' id='word_1_694' title='bbox 60 5111 333 5166; x_wconf 73' lang='lat' dir='ltr'><strong>custodia:</strong></span> <span class='ocrx_word' id='word_1_695' title='bbox 357 5121 410 5165; x_wconf 92' lang='lat' dir='ltr'><strong>et</strong></span> <span class='ocrx_word' id='word_1_696' title='bbox 433 5111 803 5167; x_wconf 78' lang='lat' dir='ltr'><strong>observationi</strong></span> <span class='ocrx_word' id='word_1_697' title='bbox 832 5118 1011 5170; x_wconf 89' lang='lat' dir='ltr'><strong>omnia</strong></span> <span class='ocrx_word' id='word_1_698' title='bbox 1035 5120 1435 5187; x_wconf 86' lang='lat' dir='ltr'><strong>postponebat:</strong></span> <span class='ocrx_word' id='word_1_699' title='bbox 1471 5122 1647 5175; x_wconf 91' lang='lat' dir='ltr'><strong>solum</strong></span> 
     </span>
    </p>
   </div>
   <div class='ocr_carea' id='block_1_100' title="bbox 62 5199 1646 5280">
    <p class='ocr_par' dir='ltr' id='par_1_100' title="bbox 62 5199 1646 5280">
     <span class='ocr_line' id='line_1_100' title="bbox 62 5199 1646 5280; baseline 0.007 -24"><span class='ocrx_word' id='word_1_700' title='bbox 62 5214 269 5279; x_wconf 64' lang='lat' dir='ltr'><strong>autem,</strong></span> <span class='ocrx_word' id='word_1_701' title='bbox 317 5214 379 5258; x_wconf 90' lang='lat' dir='ltr'><strong>ut</strong></span> <span class='ocrx_word' id='word_1_702' title='bbox 430 5205 484 5258; x_wconf 91' lang='lat' dir='ltr'><strong>in</strong></span> <span class='ocrx_word' id='word_1_703' title='bbox 547 5205 667 5274; x_wconf 87' lang='lat' dir='ltr'><strong>ejus</strong></span> <span class='ocrx_word' id='word_1_704' title='bbox 725 5220 1098 5274; x_wconf 77' lang='lat' dir='ltr'><strong>perseveraret</strong></span> <span class='ocrx_word' id='word_1_705' title='bbox 1143 5199 1646 5280; x_wconf 83' lang='lat' dir='ltr'><strong>justiﬁcationihus,</strong></span> 
     </span>
    </p>
   </div>
   <div class='ocr_carea' id='block_1_101' title="bbox 64 5295 1651 5374">
    <p class='ocr_par' dir='ltr' id='par_1_101' title="bbox 64 5295 1651 5374">
     <span class='ocr_line' id='line_1_101' title="bbox 64 5295 1651 5374; baseline 0.007 -28"><span class='ocrx_word' id='word_1_706' title='bbox 64 5295 368 5363; x_wconf 68' lang='lat' dir='ltr'><strong>plurimum</strong></span> <span class='ocrx_word' id='word_1_707' title='bbox 403 5296 640 5374; x_wconf 83' lang='lat' dir='ltr'><strong>ponebat</strong></span> <span class='ocrx_word' id='word_1_708' title='bbox 694 5300 882 5354; x_wconf 88' lang='lat' dir='ltr'><strong>studii.</strong></span> <span class='ocrx_word' id='word_1_709' title='bbox 939 5301 1076 5356; x_wconf 90' lang='lat' dir='ltr'><strong>Cum</strong></span> <span class='ocrx_word' id='word_1_710' title='bbox 1115 5318 1239 5356; x_wconf 83' lang='lat' dir='ltr'><strong>vero</strong></span> <span class='ocrx_word' id='word_1_711' title='bbox 1293 5301 1536 5359; x_wconf 78' lang='lat' dir='ltr'><strong>Herodes</strong></span> <span class='ocrx_word' id='word_1_712' title='bbox 1570 5305 1651 5357; x_wconf 84' lang='lat' dir='ltr'><strong>vir</strong></span> 
     </span>
    </p>
   </div>
   <div class='ocr_carea' id='block_1_102' title="bbox 65 5385 1651 5462">
    <p class='ocr_par' dir='ltr' id='par_1_102' title="bbox 65 5385 1651 5462">
     <span class='ocr_line' id='line_1_102' title="bbox 65 5385 1651 5462; baseline 0.008 -24"><span class='ocrx_word' id='word_1_713' title='bbox 65 5385 580 5452; x_wconf 82' lang='lat' dir='ltr'><strong>iibidinosissimus,</strong></span> <span class='ocrx_word' id='word_1_714' title='bbox 609 5391 701 5459; x_wconf 90' lang='lat' dir='ltr'><strong>qui</strong></span> <span class='ocrx_word' id='word_1_715' title='bbox 719 5402 835 5447; x_wconf 88' lang='lat' dir='ltr'><strong>erat</strong></span> <span class='ocrx_word' id='word_1_716' title='bbox 858 5392 1089 5447; x_wconf 56' lang='lat' dir='ltr'><strong>Gali&#39;lrea&#39;</strong></span> <span class='ocrx_word' id='word_1_717' title='bbox 1115 5397 1407 5462; x_wconf 87' lang='lat' dir='ltr'><strong>tetrarcha,</strong></span> <span class='ocrx_word' id='word_1_718' title='bbox 1435 5398 1651 5452; x_wconf 90' lang='lat' dir='ltr'><strong>decreta</strong></span> 
     </span>
    </p>
   </div>
   <div class='ocr_carea' id='block_1_103' title="bbox 64 5477 1648 5560">
    <p class='ocr_par' dir='ltr' id='par_1_103' title="bbox 64 5477 1648 5560">
     <span class='ocr_line' id='line_1_103' title="bbox 64 5477 1648 5560; baseline 0.011 -32"><span class='ocrx_word' id='word_1_719' title='bbox 64 5477 202 5547; x_wconf 82' lang='lat' dir='ltr'><strong>legis</strong></span> <span class='ocrx_word' id='word_1_720' title='bbox 247 5482 678 5551; x_wconf 86' lang='lat' dir='ltr'><strong>transgrediens,</strong></span> <span class='ocrx_word' id='word_1_721' title='bbox 719 5483 906 5542; x_wconf 79' lang='lat' dir='ltr'><strong>fratris</strong></span> <span class='ocrx_word' id='word_1_722' title='bbox 955 5486 1187 5559; x_wconf 86' lang='lat' dir='ltr'><strong>Philippi</strong></span> <span class='ocrx_word' id='word_1_723' title='bbox 1241 5504 1492 5560; x_wconf 80' lang='lat' dir='ltr'><strong>uxorem,</strong></span> <span class='ocrx_word' id='word_1_724' title='bbox 1525 5506 1648 5547; x_wconf 92' lang='lat' dir='ltr'><strong>cum</strong></span> 
     </span>
    </p>
   </div>
   <div class='ocr_carea' id='block_1_104' title="bbox 139 5660 580 5727">
    <p class='ocr_par' dir='ltr' id='par_1_104' title="bbox 139 5660 580 5727">
     <span class='ocr_line' id='line_1_104' title="bbox 139 5660 580 5727; baseline 0.011 -15"><span class='ocrx_word' id='word_1_725' title='bbox 139 5662 154 5691; x_wconf 81' lang='grc'><strong><em>³</em></strong></span> <span class='ocrx_word' id='word_1_726' title='bbox 194 5660 362 5716; x_wconf 64' lang='lat' dir='ltr'><strong>Stare.</strong></span> <span class='ocrx_word' id='word_1_727' title='bbox 400 5678 469 5727; x_wconf 82' lang='grc' dir='ltr'><strong>νι,</strong></span> <span class='ocrx_word' id='word_1_728' title='bbox 503 5664 580 5717; x_wconf 84' lang='grc'><strong>18.</strong></span> 
     </span>
    </p>
   </div>
   <div class='ocr_carea' id='block_1_105' title="bbox 1755 4489 3333 4560">
    <p class='ocr_par' dir='ltr' id='par_1_105' title="bbox 1755 4489 3333 4560">
     <span class='ocr_line' id='line_1_105' title="bbox 1755 4489 3333 4560; baseline -0.004 -14"><span class='ocrx_word' id='word_1_729' title='bbox 1755 4492 1990 4546; x_wconf 89' lang='lat' dir='ltr'><strong>nebatur</strong></span> <span class='ocrx_word' id='word_1_730' title='bbox 2018 4498 2260 4546; x_wconf 90' lang='lat' dir='ltr'><strong>remotus</strong></span> <span class='ocrx_word' id='word_1_731' title='bbox 2293 4507 2320 4544; x_wconf 91' lang='lat' dir='ltr'><strong>a</strong></span> <span class='ocrx_word' id='word_1_732' title='bbox 2356 4491 2604 4558; x_wconf 84' lang='lat' dir='ltr'><strong>materia,</strong></span> <span class='ocrx_word' id='word_1_733' title='bbox 2664 4491 2806 4560; x_wconf 92' lang='lat' dir='ltr'><strong>quod</strong></span> <span class='ocrx_word' id='word_1_734' title='bbox 2862 4490 2974 4544; x_wconf 64' lang='lat' dir='ltr'><strong>haec</strong></span> <span class='ocrx_word' id='word_1_735' title='bbox 3031 4489 3333 4543; x_wconf 84' lang='lat' dir='ltr'><strong>materialis</strong></span> 
     </span>
    </p>
   </div>
   <div class='ocr_carea' id='block_1_106' title="bbox 1754 4583 3334 4655">
    <p class='ocr_par' dir='ltr' id='par_1_106' title="bbox 1754 4583 3334 4655">
     <span class='ocr_line' id='line_1_106' title="bbox 1754 4583 3334 4655; baseline -0.003 -16"><span class='ocrx_word' id='word_1_736' title='bbox 1754 4583 2320 4655; x_wconf 85' lang='lat' dir='ltr'><strong>coagmentatioesset</strong></span> <span class='ocrx_word' id='word_1_737' title='bbox 2344 4584 2519 4638; x_wconf 91' lang='lat' dir='ltr'><strong>inedia</strong></span> <span class='ocrx_word' id='word_1_738' title='bbox 2551 4591 2832 4639; x_wconf 89' lang='lat' dir='ltr'><strong>attenuata</strong></span> <span class='ocrx_word' id='word_1_739' title='bbox 2883 4591 2936 4637; x_wconf 87' lang='lat' dir='ltr'><strong>et</strong></span> <span class='ocrx_word' id='word_1_740' title='bbox 2965 4592 3237 4646; x_wconf 89' lang='lat' dir='ltr'><strong>emortua,</strong></span> <span class='ocrx_word' id='word_1_741' title='bbox 3281 4590 3334 4636; x_wconf 90' lang='lat' dir='ltr'><strong>et</strong></span> 
     </span>
    </p>
   </div>
   <div class='ocr_carea' id='block_1_107' title="bbox 1754 4672 3329 4744">
    <p class='ocr_par' dir='ltr' id='par_1_107' title="bbox 1754 4672 3329 4744">
     <span class='ocr_line' id='line_1_107' title="bbox 1754 4672 3329 4744; baseline -0.006 -12"><span class='ocrx_word' id='word_1_742' title='bbox 1754 4678 1822 4732; x_wconf 90' lang='lat' dir='ltr'><strong>ad</strong></span> <span class='ocrx_word' id='word_1_743' title='bbox 1857 4677 2102 4730; x_wconf 63' lang='lat' dir='ltr'><strong>materia;</strong></span> <span class='ocrx_word' id='word_1_744' title='bbox 2155 4677 2486 4730; x_wconf 85' lang='lat' dir='ltr'><strong>vacuitatem</strong></span> <span class='ocrx_word' id='word_1_745' title='bbox 2521 4676 2764 4730; x_wconf 86' lang='lat' dir='ltr'><strong>traducta</strong></span> <span class='ocrx_word' id='word_1_746' title='bbox 2791 4684 3013 4744; x_wconf 88' lang='lat' dir='ltr'><strong>pr0pter</strong></span> <span class='ocrx_word' id='word_1_747' title='bbox 3064 4672 3329 4741; x_wconf 87' lang='lat' dir='ltr'><strong>insignem</strong></span> 
     </span>
    </p>
   </div>
   <div class='ocr_carea' id='block_1_108' title="bbox 1753 4761 3336 4834">
    <p class='ocr_par' dir='ltr' id='par_1_108' title="bbox 1753 4761 3336 4834">
     <span class='ocr_line' id='line_1_108' title="bbox 1753 4761 3336 4834; baseline -0.006 -12"><span class='ocrx_word' id='word_1_748' title='bbox 1753 4767 2166 4830; x_wconf 85' lang='lat' dir='ltr'><strong>continentiam;</strong></span> <span class='ocrx_word' id='word_1_749' title='bbox 2207 4782 2352 4829; x_wconf 87' lang='lat' dir='ltr'><strong>eum,</strong></span> <span class='ocrx_word' id='word_1_750' title='bbox 2389 4766 2633 4834; x_wconf 87' lang='lat' dir='ltr'><strong>inquam,</strong></span> <span class='ocrx_word' id='word_1_751' title='bbox 2665 4779 2762 4834; x_wconf 89' lang='lat' dir='ltr'><strong>pro</strong></span> <span class='ocrx_word' id='word_1_752' title='bbox 2787 4763 3020 4832; x_wconf 83' lang='lat' dir='ltr'><strong>justitia,</strong></span> <span class='ocrx_word' id='word_1_753' title='bbox 3057 4778 3152 4830; x_wconf 90' lang='lat' dir='ltr'><strong>pro</strong></span> <span class='ocrx_word' id='word_1_754' title='bbox 3192 4761 3336 4814; x_wconf 43' lang='lat' dir='ltr'><strong>veri‘</strong></span> 
     </span>
    </p>
   </div>
   <div class='ocr_carea' id='block_1_109' title="bbox 1756 4851 3330 4924">
    <p class='ocr_par' dir='ltr' id='par_1_109' title="bbox 1756 4851 3330 4924">
     <span class='ocr_line' id='line_1_109' title="bbox 1756 4851 3330 4924; baseline -0.006 -13"><span class='ocrx_word' id='word_1_755' title='bbox 1756 4867 1862 4911; x_wconf 89' lang='lat' dir='ltr'><strong>tate</strong></span> <span class='ocrx_word' id='word_1_756' title='bbox 1891 4867 1944 4912; x_wconf 89' lang='lat' dir='ltr'><strong>et</strong></span> <span class='ocrx_word' id='word_1_757' title='bbox 1977 4873 2044 4909; x_wconf 92' lang='lat' dir='ltr'><strong>ne</strong></span> <span class='ocrx_word' id='word_1_758' title='bbox 2097 4856 2265 4910; x_wconf 84' lang='lat' dir='ltr'><strong>lex-in</strong></span> <span class='ocrx_word' id='word_1_759' title='bbox 2295 4856 2480 4924; x_wconf 88' lang='lat' dir='ltr'><strong>aliquo</strong></span> <span class='ocrx_word' id='word_1_760' title='bbox 2502 4855 2794 4909; x_wconf 83' lang='lat' dir='ltr'><strong>violaretur</strong></span> <span class='ocrx_word' id='word_1_761' title='bbox 2825 4854 3184 4915; x_wconf 79' lang='lat' dir='ltr'><strong>laborantem,</strong></span> <span class='ocrx_word' id='word_1_762' title='bbox 3215 4851 3330 4905; x_wconf 85' lang='lat' dir='ltr'><strong>dari</strong></span> 
     </span>
    </p>
   </div>
   <div class='ocr_carea' id='block_1_110' title="bbox 1754 4945 2639 5002">
    <p class='ocr_par' dir='ltr' id='par_1_110' title="bbox 1754 4945 2639 5002">
     <span class='ocr_line' id='line_1_110' title="bbox 1754 4945 2639 5002; baseline -0.007 0"><span class='ocrx_word' id='word_1_763' title='bbox 1754 4948 2059 5002; x_wconf 86' lang='lat' dir='ltr'><strong>mercedem</strong></span> <span class='ocrx_word' id='word_1_764' title='bbox 2117 4947 2331 4999; x_wconf 86' lang='lat' dir='ltr'><strong>mulieri</strong></span> <span class='ocrx_word' id='word_1_765' title='bbox 2361 4945 2639 4998; x_wconf 72' lang='lat' dir='ltr'><strong>adulterae.</strong></span> 
     </span>
    </p>
   </div>
   <div class='ocr_carea' id='block_1_111' title="bbox 1825 5035 3334 5106">
    <p class='ocr_par' dir='ltr' id='par_1_111' title="bbox 1825 5035 3334 5106">
     <span class='ocr_line' id='line_1_111' title="bbox 1825 5035 3334 5106; baseline -0.003 -14"><span class='ocrx_word' id='word_1_766' title='bbox 1825 5037 1914 5092; x_wconf 80' lang='lat' dir='ltr'><strong>Vl.</strong></span> <span class='ocrx_word' id='word_1_767' title='bbox 1951 5037 2058 5092; x_wconf 71' lang='lat' dir='ltr'><strong>Sed</strong></span> <span class='ocrx_word' id='word_1_768' title='bbox 2089 5053 2324 5106; x_wconf 88' lang='lat' dir='ltr'><strong>quonam</strong></span> <span class='ocrx_word' id='word_1_769' title='bbox 2351 5040 2513 5090; x_wconf 90' lang='lat' dir='ltr'><strong>modo</strong></span> <span class='ocrx_word' id='word_1_770' title='bbox 2537 5038 2654 5090; x_wconf 76' lang='lat' dir='ltr'><strong>hzee</strong></span> <span class='ocrx_word' id='word_1_771' title='bbox 2671 5036 2887 5106; x_wconf 89' lang='lat' dir='ltr'><strong>quidem</strong></span> <span class='ocrx_word' id='word_1_772' title='bbox 2916 5035 3182 5104; x_wconf 86' lang='lat' dir='ltr'><strong>permissa</strong></span> <span class='ocrx_word' id='word_1_773' title='bbox 3205 5044 3334 5090; x_wconf 88' lang='lat' dir='ltr'><strong>sunt</strong></span> 
     </span>
    </p>
   </div>
   <div class='ocr_carea' id='block_1_112' title="bbox 1752 5125 3329 5198">
    <p class='ocr_par' dir='ltr' id='par_1_112' title="bbox 1752 5125 3329 5198">
     <span class='ocr_line' id='line_1_112' title="bbox 1752 5125 3329 5198; baseline -0.004 -15"><span class='ocrx_word' id='word_1_774' title='bbox 1752 5129 1823 5184; x_wconf 86' lang='lat' dir='ltr'><strong>ab</strong></span> <span class='ocrx_word' id='word_1_775' title='bbox 1870 5145 1936 5192; x_wconf 87' lang='lat' dir='ltr'><strong>eo</strong></span> <span class='ocrx_word' id='word_1_776' title='bbox 1979 5130 2073 5198; x_wconf 90' lang='lat' dir='ltr'><strong>qui</strong></span> <span class='ocrx_word' id='word_1_777' title='bbox 2103 5130 2287 5184; x_wconf 89' lang='lat' dir='ltr'><strong>omnia</strong></span> <span class='ocrx_word' id='word_1_778' title='bbox 2325 5130 2602 5198; x_wconf 87' lang='lat' dir='ltr'><strong>sapienter</strong></span> <span class='ocrx_word' id='word_1_779' title='bbox 2643 5127 3009 5191; x_wconf 88' lang='lat' dir='ltr'><strong>administrat,</strong></span> <span class='ocrx_word' id='word_1_780' title='bbox 3079 5127 3260 5180; x_wconf 90' lang='lat' dir='ltr'><strong>sciunt</strong></span> <span class='ocrx_word' id='word_1_781' title='bbox 3296 5125 3329 5177; x_wconf 90' lang='lat' dir='ltr'><strong>ii</strong></span> 
     </span>
    </p>
   </div>
   <div class='ocr_carea' id='block_1_113' title="bbox 1752 5214 3330 5291">
    <p class='ocr_par' dir='ltr' id='par_1_113' title="bbox 1752 5214 3330 5291">
     <span class='ocr_line' id='line_1_113' title="bbox 1752 5214 3330 5291; baseline -0.005 -16"><span class='ocrx_word' id='word_1_782' title='bbox 1752 5214 1954 5291; x_wconf 84' lang='lat' dir='ltr'><strong>quibus</strong></span> <span class='ocrx_word' id='word_1_783' title='bbox 1977 5223 2137 5276; x_wconf 88' lang='lat' dir='ltr'><strong>datus</strong></span> <span class='ocrx_word' id='word_1_784' title='bbox 2191 5231 2274 5276; x_wconf 87' lang='lat' dir='ltr'><strong>est</strong></span> <span class='ocrx_word' id='word_1_785' title='bbox 2311 5220 2538 5290; x_wconf 86' lang='lat' dir='ltr'><strong>spiritus</strong></span> <span class='ocrx_word' id='word_1_786' title='bbox 2593 5219 2659 5274; x_wconf 88' lang='lat' dir='ltr'><strong>ad</strong></span> <span class='ocrx_word' id='word_1_787' title='bbox 2695 5219 2810 5273; x_wconf 76' lang='lat' dir='ltr'><strong>haec</strong></span> <span class='ocrx_word' id='word_1_788' title='bbox 2839 5217 3023 5288; x_wconf 87' lang='lat' dir='ltr'><strong>aliqua</strong></span> <span class='ocrx_word' id='word_1_789' title='bbox 3053 5232 3118 5274; x_wconf 84' lang='lat' dir='ltr'><strong>ex</strong></span> <span class='ocrx_word' id='word_1_790' title='bbox 3159 5224 3330 5290; x_wconf 77' lang='lat' dir='ltr'><strong>parte</strong></span> 
     </span>
    </p>
   </div>
   <div class='ocr_carea' id='block_1_114' title="bbox 1742 5311 3329 5382">
    <p class='ocr_par' dir='ltr' id='par_1_114' title="bbox 1742 5311 3329 5382">
     <span class='ocr_line' id='line_1_114' title="bbox 1742 5311 3329 5382; baseline -0.002 -15"><span class='ocrx_word' id='word_1_791' title='bbox 1742 5315 2154 5382; x_wconf 79' lang='lat' dir='ltr'><strong>cognoscenda.</strong></span> <span class='ocrx_word' id='word_1_792' title='bbox 2190 5311 2361 5382; x_wconf 86' lang='lat' dir='ltr'><strong>llujus</strong></span> <span class='ocrx_word' id='word_1_793' title='bbox 2386 5324 2567 5367; x_wconf 90' lang='lat' dir='ltr'><strong>autem</strong></span> <span class='ocrx_word' id='word_1_794' title='bbox 2599 5312 2874 5382; x_wconf 91' lang='lat' dir='ltr'><strong>discipuli,</strong></span> <span class='ocrx_word' id='word_1_795' title='bbox 2901 5326 3027 5366; x_wconf 89' lang='lat' dir='ltr'><strong>cum</strong></span> <span class='ocrx_word' id='word_1_796' title='bbox 3065 5324 3270 5381; x_wconf 78' lang='lat' dir='ltr'><strong>corpus</strong></span> <span class='ocrx_word' id='word_1_797' title='bbox 3298 5323 3329 5363; x_wconf 88' lang='lat' dir='ltr'><strong>a</strong></span> 
     </span>
    </p>
   </div>
   <div class='ocr_carea' id='block_1_115' title="bbox 1753 5402 3332 5477">
    <p class='ocr_par' dir='ltr' id='par_1_115' title="bbox 1753 5402 3332 5477">
     <span class='ocr_line' id='line_1_115' title="bbox 1753 5402 3332 5477; baseline -0.005 -14"><span class='ocrx_word' id='word_1_798' title='bbox 1753 5409 1929 5477; x_wconf 87' lang='lat' dir='ltr'><strong>capite</strong></span> <span class='ocrx_word' id='word_1_799' title='bbox 1961 5408 2192 5462; x_wconf 90' lang='lat' dir='ltr'><strong>divisum</strong></span> <span class='ocrx_word' id='word_1_800' title='bbox 2226 5407 2606 5470; x_wconf 88' lang='lat' dir='ltr'><strong>abstulissent,</strong></span> <span class='ocrx_word' id='word_1_801' title='bbox 2669 5406 2946 5461; x_wconf 77' lang='lat' dir='ltr'><strong>honoratae</strong></span> <span class='ocrx_word' id='word_1_802' title='bbox 3002 5402 3332 5461; x_wconf 86' lang='lat' dir='ltr'><strong>mandarunt</strong></span> 
     </span>
    </p>
   </div>
   <div class='ocr_carea' id='block_1_116' title="bbox 1754 5495 3328 5571">
    <p class='ocr_par' dir='ltr' id='par_1_116' title="bbox 1754 5495 3328 5571">
     <span class='ocr_line' id='line_1_116' title="bbox 1754 5495 3328 5571; baseline -0.007 -15"><span class='ocrx_word' id='word_1_803' title='bbox 1754 5502 2069 5570; x_wconf 64' lang='lat' dir='ltr'><strong>sepulturae,</strong></span> <span class='ocrx_word' id='word_1_804' title='bbox 2114 5515 2184 5556; x_wconf 90' lang='lat' dir='ltr'><strong>ne</strong></span> <span class='ocrx_word' id='word_1_805' title='bbox 2225 5499 2271 5557; x_wconf 88' lang='lat' dir='ltr'><strong>si</strong></span> <span class='ocrx_word' id='word_1_806' title='bbox 2306 5499 2407 5556; x_wconf 88' lang='lat' dir='ltr'><strong>hoc</strong></span> <span class='ocrx_word' id='word_1_807' title='bbox 2437 5514 2656 5571; x_wconf 88' lang='lat' dir='ltr'><strong>quoque</strong></span> <span class='ocrx_word' id='word_1_808' title='bbox 2683 5509 2809 5570; x_wconf 90' lang='lat' dir='ltr'><strong>post</strong></span> <span class='ocrx_word' id='word_1_809' title='bbox 2861 5499 3145 5554; x_wconf 83' lang='lat' dir='ltr'><strong>decessum</strong></span> <span class='ocrx_word' id='word_1_810' title='bbox 3177 5495 3328 5548; x_wconf 61' lang='lat' dir='ltr'><strong>video</strong></span> 
     </span>
    </p>
   </div>
  </div>
