3982 6346
714 272 818 334 615

3929 131 3932 199 l

1872 274 2144 336 THEOD.
2199 271 2721 333 DAPIINOI'ATE
3707 271 3729 279 ”
3814 271 3876 333 616

717 396 869 441 retur
894 386 1243 445 alihidinosis
1267 396 1321 443 et
1349 391 1726 465 voluptuariis.
1754 400 1897 445 esset
1910 391 2084 458 major
2106 388 2279 443 fomes
2306 396 2354 452 Α
2382 405 2572 459 perare
2600 391 2920 453 sceleribus,
2943 398 2998 443 et
3024 401 3237 451 eorum,
3267 386 3359 454 qui
3380 400 3480 454 pro
3513 384 3731 440 Christo
3754 384 3879 440 decer-

718 476 954 541 invidite,
968 486 1019 530 et
1036 478 1264 547 majoris
1283 478 1508 534 sceleris
1526 481 1751 534 materia
1771 478 2279 548 intemperantibus.

718 569 810 623 Sic
833 584 965 638 ergo
1024 584 1227 639 corpus
1284 568 1502 635 quidem
1560 569 1829 638 sepultum
1884 571 2279 635 occultabatur,

714 675 839 715 cum
870 675 1052 729 neque
1093 656 1381 727 quisquam
1425 658 1557 712 illud
1604 666 1734 715 tunc
1788 662 2123 729 perscrutari
2160 670 2283 716 stu-

716 751 944 815 (luisset,
970 766 1143 821 neque
1169 750 1286 819 ipse
1307 750 1737 805 maniiestasset.
1772 748 1880 805 Sed
1914 753 2137 819 quando
2163 753 2288 821 ιιιιί-

718 841 842 895 dem
875 841 938 893 ad
962 842 1106 896 hunc
1128 842 1306 895 locum
1333 832 1575 909 perveni,
1602 841 1728 895 volo
1756 842 1821 894 de
1844 842 1947 895 hoc
1964 843 2283 912 prophetico

718 932 1092 995 tabernaculo,
1123 942 1179 986 et
1212 933 1281 986 de
1324 918 1510 994 manu,
1534 945 1657 1001 quae
1693 932 1742 985 ei
1777 933 2073 995 coaluerat,
2127 935 2285 1003 quid.

715 1021 867 1082 dam.
894 1023 1039 1091 quod
1073 1039 1104 1078 e
1134 1022 1304 1078 veteri
1335 1025 1531 1092 pendet
1566 1025 1900 1087 narratione,
1960 1026 2087 1081 huic
2125 1041 2281 1081 sacro

715 1114 926 1167 theatro
960 1115 1273 1184 explanare,
1303 1123 1358 1169 et
1380 1131 1503 1183 qua:
1533 1115 1599 1171 de
1632 1118 1715 1171 his
1740 1102 2050 1174 audivimus
2088 1127 2143 1172 et
2184 1105 2282 1173 eo;

715 1206 1024 1272 gnorimns,
1058 1216 1113 1259 et
1138 1220 1260 1273 qua!
1286 1214 1498 1260 veteres
1549 1206 1767 1259 tradunt
1815 1207 2078 1269 historiae,
2108 1206 2283 1275 expli-

715 1312 838 1351 care
866 1297 1060 1361 fusius,
1120 1307 1176 1352 et
1202 1298 1474 1353 undenam
1504 1297 1683 1353 divina
1734 1300 1847 1354 haec
1884 1301 2058 1371 gratia
2106 1308 2285 1353 trans-

655 1441 660 1445 _
714 1384 820 1437 lata
881 1395 964 1439 est
1016 1384 1389 1447 Antiochiam,
1460 1393 1525 1439 et
1573 1384 1794 1439 ubinam
1848 1384 1950 1438 fuit
1989 1386 2279 1452 repositum

716 1475 1040 1529 translatum
1092 1478 1468 1545 propheticum
1520 1477 1659 1531 illud
1738 1478 2178 1537 tabernaculum,
2229 1487 2284 1530 et

612 1614 615 1618 .
714 1564 963 1632 quisnam
993 1565 1157 1619 fuerit
1185 1567 1401 1635 quidem
1442 1568 1636 1622 modus
1671 1567 1833 1636 hujus
1890 1569 2280 1633 translationis,

710 1664 767 1709 et
798 1656 919 1721 quis
952 1672 1144 1711 rursus
1172 1659 1460 1712 ahlationis
1497 1646 1550 1711 εἴ
1585 1660 1995 1724 exportationis.

2392 491 2595 544 larunt,
2627 494 2963 550 quascunque
3014 492 3171 533 erant
3225 478 3489 547 reliquie,
3543 484 3636 531 aut
3681 476 3878 547 integrum

2382 573 2816 634 tabernaculum,
2847 579 2944 627 aut
2999 570 3203 641 aliquid
3243 571 3390 625 aliud
3420 584 3485 623 es
3524 568 3612 628 iis.
3636 573 3774 637 'quz
3799 582 3883 623 sunt
3932 564 3933 629 Τ

2382 681 2531 735 purae
2562 672 2762 720 nbstra:
2786 663 2909 718 ﬁdei
2946 665 3123 730 signa,
3144 654 3221 716 'ea
3246 660 3431 715 omnia
3491 659 3602 729 igni
3658 657 3885 713 mandabat

2381 769 2435 814 et
2463 759 2630 815 cineri
2656 775 2671 823 ;
2699 770 2899 825 magno
2916 754 3169 820 deinceps
3195 750 3377 806 studio
3404 748 3551 803 venit
3580 746 3884 810 Antiochiam,

2382 850 2542 905 simul
2575 848 2794 918 quidem
2834 845 3111 899 immunda
3145 850 3479 911 peracturus,
3495 838 3747 908 mysteria
3771 838 3813 889 in
3827 853 3885 892 an

2382 941 2954 1008 simulacrorum,qua:
2966 938 3067 991 sita
3079 945 3161 990 est
3175 933 3239 987 ad
3258 932 3533 1000 Daphnen.
3549 938 3605 983 et
3618 928 3768 983 simul
3778 930 3888 984 etiam
3934 998 3935 1011 χ

2382 1026 2844 1105 perscrutaturns,
2905 1040 2957 1084 et
2990 1030 3034 1085 si
3058 1036 3369 1082 sanctorum
3396 1022 3603 1092 aliquid
3626 1022 3682 1075 in
3710 1036 3764 1076 ea
3789 1024 3891 1075 inve-
3934 1016 3935 1081 ἰ

2381 1126 2552 1179 uisset
2582 1123 2904 1193 repositum,
2964 1121 3016 1174 id
3060 1120 3171 1189 igni
3222 1117 3606 1172 mandaturus.
3662 1112 3784 1168 Cum
3824 1114 3894 1167 tot
3934 1144 3935 1159 ι

2378 1231 2511 1285 ergo
2541 1231 2743 1270 saevum
2778 1213 3151 1268 renuntiatum
3184 1220 3327 1265 esset
3370 1209 3491 1278 ejus
3523 1207 3807 1266 decretum,
3832 1206 3893 1272 qui

2379 1308 2991 1372 erantChristianarnin
3025 1305 3283 1375 partium,
3317 1315 3531 1355 sacram
3564 1313 3776 1353 manum
3798 1295 3895 1349 Pra-

2382 1400 2625 1454 cursoris
2647 1400 2786 1453 clam
2831 1398 2884 1451 in
2912 1396 3145 1466 quadam
3180 1405 3331 1449 turre
3356 1389 3618 1452 civitatis,
3648 1404 3765 1457 qua
3783 1402 3896 1442 voca-

2383 1426 2625 1454 curuu'ls
2647 1426 2786 1453 uuln
2831 1426 2884 1451 ιιι
2912 1426 3145 1466 quautam
3181 1426 3331 1449 tutu;
3357 1426 3618 1452 mus-uc,
3648 1426 3765 1457 ηιμ..
3790 1426 3893 1442 πνκκ

2383 1504 2474 1547 tur
2512 1492 2695 1562 genia,
2722 1492 2904 1553 idest,
2928 1488 3184 1558 angulus,
3217 1481 3895 1545 studueruntineludere,se

2384 1585 2501 1653 capi
2539 1592 2722 1653 posset
2743 1584 2812 1638 ab
2849 1582 3162 1637 idololatra.
3187 1580 3293 1648 Qui
3351 1587 3533 1635 autem
3584 1574 3897 1645 pontiﬁcalem

2387 1678 2568 1730 sedem
2601 1676 2819 1731 tenebat
2848 1673 3260 1743 Hierosolymis,
3300 1686 3425 1727 cum
3484 1668 3759 1723 auditione
3784 1679 3897 1719 acce-

783 1744 901 1799 νη.
936 1746 1177 1802 Herodes
1200 1749 1295 1816 qui
1332 1748 1567 1837 infantes
1599 1721 1895 1813 occiderat,
1929 1764 2054 1803 cum
2092 1747 2282 1804 Judai-
2314 1721 2357 1779 Β
3487 1721 3775 1832 ῐπιηηηηι
3816 1772 3899 1811 om.

713 1852 836 1891 cum
873 1839 1166 1892 multorum
1191 1833 1553 1907 principatum
1580 1838 1915 1894 traduxisset
1936 1839 2003 1895 ad
2033 1855 2281 1911 regnum,

715 1927 938 1997 parebat
964 1930 1184 1998 quidem
1217 1928 1497 1985 Romanis.
1528 1930 1669 1984 Cum
1713 1932 1899 1985 multis
1928 1941 2109 1986 autem
2168 1946 2289 1987 mo-

714 2020 796 2074 dis
824 2032 1112 2089 quaereret,
1143 2031 1200 2075 ut
1257 2023 1337 2075 eis
1365 2022 1639 2076 videretur
1668 2022 1963 2078 benevolus
1992 2032 2046 2078 et
2088 2024 2285 2089 ﬁdelis,

709 2112 891 2168 effecit
925 2113 1167 2182 quidem,
1198 2124 1257 2168 ut
1280 2112 1511 2168 Romani
1544 2130 1668 2169 eum
1701 2116 1950 2185 benignis
1980 2117 2286 2185 aspicerent

710 2202 909 2265 oculis,
950 2214 1137 2257 etnec
1179 2188 1317 2272 fore,
1345 2214 1404 2258 ut
1432 2204 1500 2259 ab
1547 2206 1629 2259 eis
1668 2206 1944 2270 deﬁceret,
1986 2190 2151 2260 ullam
2185 2206 2283 2259 ba-

711 2293 900 2348 berent
935 2279 1329 2364 suspicionem.
1368 2293 1438 2359 ls,
1469 2306 1525 2349 ut
1558 2297 1757 2349 clarior
1787 2306 1931 2351 esset
1980 2313 2080 2351 sua
2110 2298 2162 2350 in
2189 2312 2285 2352 eos

713 2388 1111 2451 benevolentia,
1166 2389 1306 2443 inter
1340 2387 1443 2442 alia
1484 2388 1731 2462 condidit
1786 2388 1948 2442 etiam
1986 2388 2283 2453 civitatem,

717 2479 877 2533 sitam
909 2494 1015 2533 non
1053 2480 1239 2547 procul
1291 2481 1360 2534 ab
1392 2479 1804 2551 Hierosolymis.
1845 2479 1939 2533 sed
1991 2480 2283 2534 distantem

713 2580 923 2626 tantum
982 2571 1180 2640 itinere
1236 2572 1402 2627 unius
1450 2572 1580 2636 diei,
1606 2586 1723 2627 eam
1765 2587 1966 2627 vocans
2001 2571 2286 2635 Sehasten,

714 2660 902 2717 Latine
935 2662 1258 2733 Augustam,
1291 2675 1348 2718 ut
1386 2664 1611 2734 Augusti
1646 2662 1876 2718 Cit-saris
1907 2662 2274 2732 appellatione

714 2738 1046 2821 signiﬁcaret
1077 2770 1233 2809 suam
1266 2755 1320 2809 in
1354 2769 1479 2809 eum
1510 2754 1941 2809 benevolentiam
1968 2763 2021 2809 et
2050 2754 2287 2809 servitu-

712 2855 839 2898 tem.
876 2843 932 2898 ln
958 2860 1044 2911 ea,
1072 2846 1165 2914 qui
1212 2851 1335 2916 post
1387 2846 1539 2900 illum
1602 2844 1841 2899 obtinuit
1896 2842 2284 2913 principatum,

716 2939 989 2992 tetrarcha
1020 2936 1261 2994 llerodes
1286 2938 1401 2993 tlsit
1439 2923 1667 3009 iegiam,
1709 2937 1764 2991 in
1816 2953 1921 3006 qna
1971 2938 2133 2991 etiam
2186 2936 2287 2990 fuit

2386 1860 2517 1914 nino
2547 1867 2908 1922 moraturum,
2935 1857 3066 1926 quin
3087 1855 3154 1910 ad
3183 1868 3337 1909 sacra
3376 1852 3505 1907 toea
3533 1850 3849 1911 ascendant,
3867 1860 3900 1903 et
3938 1858 3939 1929 χ

2385 1968 2507 2022 qua:
2534 1952 2590 2006 in
2620 1952 2701 2007 eis
2723 1958 2877 2004 erant
2901 1932 3300 2023 pretiosissima
3325 1960 3582 2014 corpora.
3612 1942 3724 2012 igni
3751 1956 3901 1997 consu-

2385 2044 2580 2098 menda
2610 2042 2914 2102 mandaret.
2963 2040 3066 2094 hoc
3092 2038 3383 2108 diligenter
3408 2043 3591 2098 curat,
3622 2043 3680 2087 et
3704 2047 3901 2100 magnast

2387 2136 2603 2189 adhibet
2647 2133 2912 2196 studium,
2945 2140 2999 2184 ut
3029 2145 3059 2185 e
3087 2128 3270 2183 loculo
3293 2125 3569 2182 sublatum
3594 2122 3905 2177 em

2387 2210 2824 2286 tabernaculum,
2866 2220 3262 2276 transmitteret
3288 2215 3620 2272 servandum
3643 2214 3703 2269 in
3733 2214 3904 2269 civitate

2384 2313 2775 2376 Alexandrina,
2810 2311 2917 2364 alio
2948 2309 3183 2379 quodam
3213 2306 3492 2363 communi
3518 2319 3753 2375 oorpore
3770 2317 3907 2374 pron
3940 2290 3941 2317 ¹

2384 2404 2587 2473 repleta
2610 2401 2976 2471 depositione.

2460 2493 2527 2548 X.
2565 2494 2859 2561 Postquam
2902 2498 3086 2546 autem
3136 2488 3441 2543 Antiochia
3491 2486 3680 2541 omnia
3708 2499 3909 2555 person

2390 2594 2535 2639 tatus
2567 2585 2655 2637 ille
2685 2581 2907 2651 impius,
2941 2595 3003 2633 ea
3036 2590 3120 2636 est
3152 2593 3476 2650 aggressus,
3521 2591 3642 2646 quae
3698 2576 3806 2630 ﬁeri
3840 2590 3910 2631 eos

2388 2679 2657 2743 poterant,
2705 2684 2829 2725 eum
2881 2669 3151 2723 absconsa
3200 2681 3397 2724 manus
3430 2679 3709 2734 nusquam
3740 2674 3911 2731 compi-

2389 2774 2554 2825 reret,
2583 2776 2653 2816 eo
2681 2760 2773 2815 ille
2801 2759 3101 2814 sceleratus
3142 2755 3414 2812 desiderio
3448 2754 3767 2817 frustratus,
3816 2763 3858 2807 et
3882 2752 3912 2803 in

2389 2853 2658 2922 reliquum
2701 2848 3076 2920 propheticum
3103 2861 3303 2917 corpus
3332 2844 3522 2901 furore
3567 2845 3829 2915 percitus,
3855 2840 3914 2911 qu

2389 2943 2442 2999 id
2464 2951 2858 3005 srrutarentur,
2889 2940 3073 2995 statim
3096 2938 3245 2993 misit
3264 2951 3439 3005 usque
3455 2935 3523 2990 ad
3558 2934 3915 3005 Hierosolyma.

716 3025 846 3080 illud
878 3028 1214 3093 convivium,
1245 3043 1355 3097 quo
1380 3027 1639 3097 propheta
1676 3026 1782 3082 fuit
1803 3027 2039 3087 occisus.
2063 3036 2115 3081 et
2134 3026 2278 3093 iusta

2389 3044 2448 3089 ut
2487 3020 2851 3087 Praecursoris'
2869 3030 2978 3100 igni
3007 3028 3330 3084 mandarent
3348 3018 3788 3082 tabernaculum.
3804 3022 3913 3091 Quod

714 3131 877 3187 quam
914 3115 1091 3171 fuerat
1117 3117 1172 3172 in
1198 3118 1432 3177 vinbulis
1463 3118 1551 3172 hic
1573 3132 1728 3177 sacer
1754 3118 2014 3187 propheta
2056 3120 2108 3172 in
2143 3132 2281 3186 quo-

713 3207 837 3260 dam
873 3207 1162 3262 tenebroso
1195 3219 1413 3262 reorum
1450 3207 1753 3263 domicilio.
1802 3207 1976 3277 Cujus
2005 3224 2071 3263 ex
2103 3218 2284 3263 trans-

716 3314 875 3354 verso
920 3298 1165 3353 referunt
1227 3291 1499 3369 sepultum
1562 3298 1964 3370 fuisse/corpus
2016 3300 2283 3370 praconis

713 3390 976 3449 veritatis.
995 3388 1116 3459 Q‘uo
1138 3382 1303 3445 eilam
1333 3391 1385 3446 in
1413 3389 1535 3445 loco
1553 3389 1742 3445 dicunt
1766 3391 1916 3459 prius
1946 3391 2114 3447 fuisse
2141 3394 2279 3447 alte-

711 3497 833 3538 rum
864 3484 1174 3553 sepulcrum
1210 3483 1490 3552 propheta:
1512 3483 1712 3547 Elissaei,
1738 3483 1875 3537 adeo
1895 3496 1955 3537 ut
1984 3484 2093 3537 dno
2120 3483 2280 3539 loculi

713 3576 1029 3631 viderentur
1060 3576 1224 3631 simul
1262 3578 1506 3645 jacentes
1569 3576 1622 3630 in
1677 3593 1786 3631 uno
1812 3588 1864 3632 et
1894 3578 2083 3633 eodem
2141 3578 2279 3633 loco.

715 3667 795 3726 lbi
862 3681 1113 3738 quoque;
1148 3669 1403 3738 templum
1434 3670 1732 3723 maximum
1760 3670 1887 3725 olim
1942 3679 2278 3726 exstructum

620 3748 631 3769 ⁸
712 3757 908 3823 fuerat,
942 3744 1087 3827 quod
1123 3768 1347 3828 prepter
1374 3774 1436 3814 ea
1471 3776 1592 3829 qua:
1619 3762 1672 3814 in
1710 3760 1828 3830 ipso
1860 3762 2078 3825 llebant,
2115 3763 2282 3817 mira-

712 3849 833 3903 cula
859 3858 910 3902 et
940 3848 1426 3918 pulchritudinem,
1457 3848 1632 3905 fuerat
1667 3851 2108 3920 incomparabile.
2142 3852 2303 3923 Cum

710 3939 832 4007 ejus
881 3950 1061 3994 autem
1096 3950 1294 3996 tectum
1334 3947 1579 4010 tempore
1637 3941 1975 4008 demisisset,
2036 3944 2138 3999 sub
2191 3944 2280 3999 dio

710 4031 896 4085 relicta
923 4041 1050 4084 sunt
1086 4031 1207 4100 ejus
1249 4030 1501 4097 zdiﬁcia,
1552 4032 1691 4087 adeo
1716 4041 1776 4087 ut
1810 4049 1916 4089 una
1959 4035 2072 4087 sola
2112 4034 2276 4089 Illa-sa

708 4124 1032 4177 remanserit
1070 4123 1421 4189 domuncula,
1481 4139 1603 4195 qua:
1652 4127 1942 4180 vocabatur
1992 4139 2276 4181 sacrorum

705 4227 967 4268 vasorum
1000 4214 1247 4267 custodia
1283 4215 1337 4266 in
1367 4229 1473 4282 qua
1504 4216 1668 4270 etiam
1702 4216 1897 4271 inclusi
1952 4216 2112 4270 loculi
2155 4232 2279 4285 pro-

704 4304 989 4375 phetarum
1023 4305 1492 4377 conservabantnr
1520 4307 1723 4376 absque
1772 4306 1903 4368 ullo,
1924 4308 2273 4363 detrimento.

777 4394 909 4449 Vlll.
926 4396 1063 4451 Cum
1094 4408 1273 4453 autem
1295 4398 1472 4455 Lucas
1494 4401 1823 4470 evangelista
1843 4402 2271 4466 circumquaque
2298 4388 2350 4449 D
2377 4400 2517 4454 liter.

701 4486 1102 4544 omnes‘obiret
1126 4492 1397 4558 regiones,
1426 4492 1516 4546 ubi
1534 4494 1694 4547 etiam
1720 4491 1974 4545 obeundo
2007 4492 2152 4543 venit
2172 4492 2272 4543 Se—

703 4581 915 4646 basten,
933 4582 1236 4639 Antiochiae
1257 4593 1434 4639 tactus
1454 4584 1745 4646 desiderio,
1769 4592 1827 4636 ut
1845 4583 1933 4651 qui
1964 4584 2015 4635 in
2046 4597 2108 4635 ea
2130 4590 2273 4635 esset

704 4684 885 4738 natus,
914 4686 1111 4744 magno
1138 4675 1357 4743 quidem
1385 4679 1666 4730 tenebatur
1697 4676 1874 4730 studio
1904 4689 2119 4730 sacrum
2140 4672 2271 4725 illud

700 4763 1068 4821 Prwcursoris
1099 4781 1298 4835 corpus
1327 4766 1549 4821 tollendi
1581 4767 1873 4835 integrum.
1904 4766 2040 4820 Cum
2089 4772 2269 4817 autem

699 4872 808 4912 non
844 4868 1048 4927 posset,
1099 4859 1359 4928 quoniam
1405 4859 1695 4929 diligenter
1724 4858 2061 4920 servabatur,
2096 4857 2269 4910 ablata

701 4966 863 5007 manu
892 4954 1135 5014 dextera,
1160 4969 1280 5008 eam
1307 4940 1540 5023 portavit
1571 4955 1622 5006 in
1645 4969 1797 5006 suam
1833 4953 2128 5015 civitatem,
2151 4932 2271 5004 loco

700 5043 930 5111 alicujus
962 5045 1185 5099 alterius
1217 5045 1487 5107 benellcii,
1515 5055 1568 5098 et
1608 5045 1837 5096 aliarum
1863 5043 2173 5095 divitiarum
2198 5040 2268 5107 ei,

698 5150 822 5205 qua
849 5136 1021 5205 ip5um
1056 5138 1285 5200 aluerat,
1316 5136 1459 5191 hanc
1486 5136 1717 5189 reddens
1741 5134 2044 5189 mercedem
2072 5136 2270 5187 edneav

697 5228 885 5284 tionis.
922 5230 1006 5283 Ab
1068 5230 1159 5284 illo
1218 5244 1350 5300 ergo
1384 5238 1627 5298 tempore
1666 5230 1766 5282 sita
1792 5237 1912 5283 erat
1949 5244 2146 5282 manus
2180 5228 2268 5282 illa

699 5319 838 5386 apud
866 5320 1257 5383 Antiochenos,
1288 5321 1340 5372 iu
1358 5337 1549 5389 magno
1575 5321 1780 5373 honore
1805 5320 2010 5381 habita,
2037 5320 2268 5389 etjugis,

699 5426 819 5479 quae
855 5412 907 5464 in
946 5426 1009 5467 ea
1060 5412 1291 5475 habitat,
1329 5414 1512 5482 gratia!
1538 5414 1695 5467 ﬁdem
1731 5412 1935 5466 faciens
1965 5413 2266 5465 miraculis.

769 5498 858 5553 IX.
896 5501 1027 5554 Cum
1068 5514 1250 5557 antem
1306 5500 1553 5557 Julianus
1581 5502 1859 5575 tyranuice
1888 5503 2101 5555 clavum
2131 5503 2270 5555 arri-

686 5592 908 5659 ,puisset
941 5592 1171 5659 imperii,
1205 5594 1466 5663 quoniam
1490 5610 1601 5656 eos,
1641 5597 1730 5663 qni
1756 5596 1928 5665 ipsum
1976 5610 2269 5664 praecesse-

700 5693 839 5747 rant,
899 5697 1273 5751 persecutores
1303 5697 1354 5741 et
1389 5687 1478 5741 Dei
1535 5687 1717 5743 hosms
1762 5668 2117 5744 contendebat
2176 5704 2265 5743 su-

2388 3124 2607 3183 cum‘ad
2642 3124 2801 3178 ﬁnem
2836 3131 2983 3179 esset
3036 3122 3351 3185 deductum,
3375 3116 3432 3174 cf
3454 3134 3769 3181 commune,
3818 3118 3913 3185 qua!

2384 3232 2485 3287 pro
2517 3216 2611 3270 illo
2642 3217 2914 3283 sepultum
2968 3212 3164 3276 fuerat,
3197 3227 3397 3281 corpus
3453 3211 3523 3265 ab
3548 3212 3622 3266 iis
3666 3211 3765 3280 qui
3806 3206 3910 3261 mini

2384 3308 2601 3363 fuerant
2635 3307 2688 3360 in
2735 3306 2975 3360 cinerem
3029 3315 3173 3359 esset
3201 3303 3503 3367 redactum,
3553 3301 3709 3355 illinc
3748 3300 3912 3355 solvent

2382 3395 2840 3451 ilesitexereitum
2854 3393 2921 3448 ad
2936 3391 3285 3448 obsidendam
3305 3392 3589 3455 Edessam,
3610 3398 3800 3459 utpote
3813 3385 3910 3457 quoi
3944 3385 3945 3449 1

2380 3489 2472 3559 qui
2493 3491 2543 3542 in
2566 3503 2628 3541 ea
2651 3485 2990 3553 habitabant,
3011 3484 3229 3553 planum
3256 3492 3406 3538 esset
3432 3496 3528 3537 eos
3556 3491 3711 3537 stare
3739 3496 3769 3535 a
3797 3478 3913 3547 pani-

2382 3582 2483 3634 bus
2510 3578 2968 3635 Christianorum.
2996 3576 3165 3630 Aiunt
3216 3584 3396 3629 autem
3424 3572 3724 3639 quemdam
3758 3587 3817 3625 es
3836 3569 3911 3623 suis

2383 3672 2622 3734 famulis,
2646 3670 2739 3740 qui
2759 3669 2928 3724 libere
2940 3682 3066 3722 cum
3083 3680 3149 3721 eo
3172 3665 3517 3737 loquebatur,
3533 3672 3592 3719 et
3605 3670 3731 3719 erat
3743 3664 3789 3717 ei
3807 3659 3914 3714 valde

2378 3755 2727 3833 coniunctus,
2761 3777 2827 3815 es
2858 3761 3043 3814 animo
3076 3773 3207 3813 vero
3236 3773 3325 3813 res
3346 3755 3795 3812 Christianorum
3813 3750 3914 3809 cale-

2379 3857 2473 3910 bat
2501 3865 2556 3909 et
2582 3852 2911 3916 honorabat,
2944 3866 3068 3904 eum
3108 3866 3137 3905 a
3169 3860 3352 3919 empto
3394 3848 3775 3919 prohibuisse,
3803 3854 3848 3901 et
3872 3843 3915 3896 al

2382 3946 2577 4001 bellum
2628 3944 2897 4001 adversus
2927 3940 3123 3997 Persas
3150 3940 3447 4013 gerendum
3485 3940 3779 4004 incitasse,
3820 3938 3915 3991 civi-

2379 4038 2692 4093 tatem'eum
2724 4034 2902 4097 vellet,
2941 4033 2995 4087 in
3030 4040 3349 4103 potestatem
3376 4032 3498 4100 ejus
3521 4039 3807 4085 venturam
3832 4026 3915 4095 μοι.

2379 4129 2569 4183 lieens.
2603 4126 2671 4181 Et
2698 4126 2779 4180 sic
2824 4125 3056 4180 consilio
3101 4122 3509 4193 obtemperans,
3558 4121 3833 4191 profectus
3860 4128 3914 4171 est

2380 4220 2447 4274 ad
2478 4218 2679 4273 bellum
2733 4226 2919 4272 contra
2963 4215 3158 4270 Persas
3189 4214 3509 4285 gerendum.
3543 4213 3603 4267 In
3638 4212 3755 4283 quo
3802 4210 3913 4280 plaga

2380 4307 2641 4362 divinitus
2674 4306 2919 4373 immissa
2947 4318 3264 4377 percussus,
3296 4306 3461 4357 vitam
3507 4298 3913 4359 finiitimiserabi-

2448 4491 2539 4546 Xl.
2575 4493 2868 4563 Postquam
2908 4501 3085 4547 autem
3110 4490 3177 4543 ad
3197 4488 3381 4543 ﬁdeles
3404 4488 3769 4557 imperatores
3784 4484 3913 4539 redieo

2373 4596 2501 4642 runt
2524 4600 2733 4655 sceptra
2754 4587 3204 4646 Homanornm,et
3222 4581 3422 4636 reddita
3442 4580 3542 4635 fuit
3565 4579 3910 4635 libertasClin~

2376 4680 2589 4743 stianis,
2628 4679 2971 4735 nesciebatur
3000 4676 3244 4746 quidem,
3274 4675 3493 4729 ubinam
3524 4683 3681 4728 esset
3728 4672 3909 4741 pretim:

2376 4788 2593 4837 manus,
2625 4774 2692 4826 ab
2724 4770 3304 4840 iisquiAntiochenam
3327 4764 3907 4824 habitaba‘ntcivitatein.

2346 4858 2481 4917 ’Sed
2513 4865 2653 4917 haud
2689 4866 2760 4917 ita
2798 4864 2887 4918 diu
2912 4872 3033 4931 post
3062 4862 3496 4930 perdiviniorem
3531 4857 3824 4911 revelatum
3844 4852 3909 4903 fuit

2375 4956 2639 5009 visionem
2673 4956 2893 5008 ubinam
2933 4963 3075 5007 esset
3129 4953 3413 5006 absconsa.
3448 4947 3624 5014 Quam
3659 4962 3783 5003 cum
3818 4944 3908 4998 ﬁde

2373 5046 2495 5099 liter
2527 5062 2593 5100 ex
2621 5060 2688 5099 co
2711 5045 2833 5097 loco
2857 5043 3229 5107 sustulissent,
3270 5040 3325 5093 in
3357 5053 3420 5092 ea
3447 5037 3775 5093 honoranda
3800 5038 3906 5088 erant

2376 5135 2737 5190 insatiabiles.
2798 5133 2930 5187 Cum
2980 5142 3161 5187 autem
3221 5145 3327 5184 non
3405 5144 3597 5199 parum
3665 5125 3905 5181 cilluxisset

2376 5227 2661 5295 temporis,
2694 5228 2993 5296 imperator
3018 5225 3361 5279 Justinianus
3395 5222 3540 5277 inter
3568 5220 3706 5286 alia,
3725 5232 3830 5289 qua
3850 5216 3904 5283 pie

2374 5318 2564 5389 gessit,
2596 5319 2723 5373 fecit
2749 5322 2914 5375 etiam
2955 5318 3060 5370 tate
3087 5316 3239 5383 quid.
3280 5316 3429 5369 Hanc
3480 5311 3628 5366 enim
3664 5304 3901 5364 miracula-

2373 5426 2493 5465 rum
2520 5412 2846 5466 ellectricem
2875 5409 3237 5463 PrieCursurls
3293 5406 3599 5469 dexteram,
3651 5416 3720 5456 es
3766 5394 3901 5453 Antio-

2370 5505 2515 5569 chia,
2544 5515 2600 5559 et
2631 5503 2839 5556 Domini
2870 5513 2924 5557 et
2962 5501 3053 5555 Dei
3090 5499 3261 5555 nostri
3290 5496 3704 5564 tnnicam,qu:e
3732 5485 3896 5546 eramII

2370 5601 2587 5653 civitate
2613 5597 3014 5659 Maratsemerc,
3037 5604 3090 5647 et
3125 5590 3359 5645 maxime
3378 5586 3896 5645 venerandumcapul.

2370 5706 2431 5747 ex
2469 5688 2657 5743 Emesa
2686 5688 2959 5745 transtulit
2984 5687 3047 5742 ad
3079 5684 3281 5757 regiam
3312 5679 3613 5743 civitatem,
3641 5692 3658 5731 :
3688 5689 3797 5747 qua!
3816 5670 3899 5740 qui-
