3982 6346
189 339 278 405 fill
1260 337 1354 402 DE
1398 341 1609 404 MANU
1649 347 1708 404 S.
1749 339 2328 407 PR/ECURSORIS.

3336 342 3447 410 6I8

189 463 295 512 dant
325 449 749 510 ostendebantur
779 451 1062 522 obsignata
1095 456 1379 522 signaculo
1421 458 1594 512 Sancti
1647 457 1742 511 im-
1770 465 1817 520 Α
1849 457 1900 508 iu
1932 459 2165 511 mediam
2207 459 2389 527 gulam
2424 458 2721 526 iaculatus,
2754 454 2871 526 ejus
2903 458 3049 525 iactu
3097 457 3278 508 statim
3310 469 3446 526 quo:

186 546 834 616 paraturis.Constantiui,
865 547 931 600 ad
972 549 1093 611 hoc,
1123 558 1182 601 ut
1229 565 1338 602 non
1382 550 1617 619 amplius
1669 565 1736 602 ex

179 643 252 695 eis
279 639 596 692 avelleretur
622 639 784 693 abiis
835 641 928 707 qui
985 643 1472 710 amplecterentur.
1526 642 1740 696 Ablatis

179 745 297 795 ergo
331 727 654 795 signaculis,
685 729 808 780 eum
840 729 1099 797 templum
1135 731 1523 794 Pnecursoris,
1590 731 1735 801 quod

177 821 225 874 iu
248 809 520 871 Ilebdomo
546 829 626 871 est
653 821 723 872 ab
749 834 815 873 eo
843 822 1194 894 mililiratutn,
1229 838 1322 891 per
1357 823 1568 877 Domini
1592 825 1740 877 tuni-

109 903 114 907 ’
175 923 285 962 cam
333 914 385 961 et
417 907 685 977 ejusmodi
742 925 930 965 sacras
993 913 1397 968 sanctificasset
1449 914 1735 983 reliquias,

170 1013 356 1053 rursus
376 1000 585 1054 remisit
611 1001 728 1055 suis
776 1002 1091 1072 obsignatas
1141 1004 1441 1074 signaculis
1467 1019 1555 1066 eo,
1590 1006 1737 1060 unde

171 1101 440 1165 venerant,
473 1091 646 1145 solam
673 1093 950 1148 dexteram
986 1097 1358 1164 propheticam
1417 1096 1734 1165 relinquens

169 1196 270 1234 non
290 1181 582 1249 signatam,
604 1191 664 1235 ut
695 1199 816 1252 qua:
845 1194 1144 1255 angeretur
1179 1187 1496 1256 unguentis.
1533 1199 1585 1242 et
1609 1205 1736 1244 sus-

166 1272 437 1326 tolleretur
466 1273 518 1326 in
557 1273 694 1328 festo
721 1273 1098 1334 Exaltatlonis.

231 1360 341 1415 XII.
380 1361 442 1415 Et
466 1363 543 1416 sic
570 1365 788 1434 quidem
822 1367 889 1419 de
915 1368 998 1423 his
1015 1369 1246 1424 relatum
1274 1377 1357 1426 est
1381 1387 1408 1424 a
1433 1370 1733 1434 veteribus.

160 1451 278 1505 aliis
308 1453 408 1506 alia
466 1455 534 1508 de
592 1472 754 1510 manu
799 1460 1179 1534 narrantibus,
1244 1463 1508 1516 conclusa
1551 1472 1731 1516 tamen

160 1543 209 1597 in
239 1560 400 1599 unam
454 1555 508 1599 et
560 1550 802 1604 eamdem
838 1551 961 1606 tidei
1011 1556 1310 1626 notionem,
1335 1565 1390 1609 et
1411 1556 1734 1625 cxpellcntia

155 1649 370 1689 omnem
406 1636 862 1712 incredulitatem.
925 1644 1216 1722 aberrante
1251 1647 1456 1701 nemini
1482 1649 1670 1716 procul
1703 1665 1731 1702 ιι

157 1725 404 1783 veritate.
445 1728 600 1795 Quod
624 1732 670 1786 si
704 1743 920 1802 oportet
951 1737 1114 1790 etiam
1151 1737 1384 1807 alicujus
1414 1740 1733 1795 tueminisse

1844 561 1949 614 que
1973 556 2202 600 mortem
2232 547 2281 600 ei
2318 547 2519 600 attulit.
2570 572 2572 574 τ

1917 636 2056 692 XIV.
2084 638 2177 692 llis
2200 639 2277 694 sic
2303 638 2492 707 gestis,
2519 647 2672 706 pater
2695 637 2916 707 quidem
2945 637 3120 690 vivam
3157 639 3317 692 tlliam
3343 639 3445 691 de~

1843 747 1993 786 mum
2028 732 2258 794 reducit,
2291 744 2342 784 et
2366 731 2621 801 lacrymis
2647 731 2809 785 simul
2837 740 2888 783 et
2909 731 3110 798 gaudio
3135 731 3323 799 plenus
3347 774 3361 799 ,
3385 739 3443 786 et

1841 822 2245 885 ahuirabilem,
2300 834 2355 877 et
2405 838 2525 892 qua:
2558 832 2751 892 przeter
2786 823 3103 889 opinionem
3134 822 3436 882 acciderat,

1842 917 1964 970 lilia:
1991 932 2220 968 narrans
2247 916 2699 984 redemptionem.
2731 915 2830 980 Qui
2856 927 3036 970 autem
3063 916 3442 970 etrcumsiste-

1852 1008 1942 1061 bat
2009 1010 2272 1077 pntzttltls,
2330 1010 2530 1076 insigni
2565 1009 2833 1062 miraculo
2878 1008 3324 1078 obstupefactus,
3357 1009 3445 1062 in-

1845 1112 2032 1164 gentes
2086 1101 2193 1153 Deo
2252 1104 2446 1171 agebat
2499 1103 2724 1171 gratias.
2789 1103 2907 1166 Quo
2959 1101 3161 1155 factum
3226 1111 3339 1167 est,
3383 1114 3442 1157 ut

1840 1189 2171 1246 Praecursori
2211 1196 2475 1263 templum
2523 1195 2631 1248 illic
2662 1204 3070 1256 construerent,
3115 1196 3204 1250 ubi
3237 1196 3437 1250 factum

1842 1283 2022 1338 fuerat
2053 1286 2400 1347 miraculum,
2426 1287 2571 1354 quod
2614 1289 2969 1340 nominarunt
3018 1289 3354 1356 κρεμαστὸν,
3386 1289 3438 1342 id

1841 1384 1944 1437 est,
1994 1391 2349 1444 SuSpensum,
2395 1381 2508 1431 sive
2567 1387 2890 1447 propterea,
2928 1381 3074 1446 quod
3127 1395 3288 1448 supra
3333 1391 3440 1433 ter-

1843 1480 1956 1516 rain
1991 1465 2063 1518 sit
2125 1467 2302 1519 solum
2355 1469 2538 1535 templi
2568 1469 2866 1528 elct‘atttm,
2897 1468 3009 1520 sive
3042 1468 3184 1538 quod
3221 1467 3286 1521 ad
3322 1482 3441 1522 tam

1839 1565 1948 1605 tum
2023 1553 2379 1608 :ediﬁeiornm
2462 1556 2854 1609 sublimitatem
2918 1557 3037 1622 ejus
3095 1559 3166 1610 sit
3214 1567 3437 1612 extensa

1840 1643 2090 1697 latitudo.
2124 1655 2182 1698 ut
2208 1647 2688 1714 conspicientibus
2726 1663 2893 1717 prope
2918 1647 3169 1702 ridemur
3202 1651 3440 1716 pondera

1838 1733 1890 1786 in
1950 1749 2096 1790 aere.
2155 1736 2208 1790 In
2267 1752 2380 1804 quo
2409 1752 2532 1790 cum
2610 1738 2756 1792 hunc
2809 1754 3025 1792 sacrum
3051 1750 3104 1794 et
3146 1741 3437 1794 miriﬁcum

154 1819 431 1883 mil-acuti,
465 1823 747 1879 Αηιίοιςιιίε
796 1829 1082 1884 nobiscum
1127 1831 1200 1897 ei,
1254 1833 1399 1900 quod
1459 1833 1728 1896 dicemus,
1765 1812 1804 1866 Β
1834 1819 2064 1895 digitum
2110 1830 2522 1898 deposuissent,
2569 1846 2693 1884 eum
2739 1830 2893 1884 festis
2954 1832 3230 1887 honorant
3283 1834 3440 1887 anni-

151 1912 284 1968 l‘eret
308 1914 687 1971 testimonium
723 1936 736 1972 :
769 1909 914 1989 quoa
941 1923 1157 1990 quidem
1185 1924 1464 1980 auditione
1513 1940 1542 1979 a
1569 1925 1729 1979 nobis

149 2014 433 2072 acceptum
453 2015 541 2060 ‘est
571 2022 634 2062 ex
677 2009 1027 2078 quibusdam,
1059 2014 1152 2082 qui
1176 2013 1292 2068 illic
1315 2025 1447 2068 sunt
1501 2014 1727 2071 versati.

147 2090 200 2141 lu
230 2106 469 2149 caverna
500 2095 856 2151 delitescebat
887 2100 1107 2166 quidam
1142 2101 1314 2156 draco
1356 2103 1409 2156 in
1451 2103 1570 2172 ejus
1615 2105 1732 2158 fini~

144 2181 268 2244 bus,
300 2200 490 2260 quem,
524 2187 614 2255 qui
663 2189 979 2245 habitabant
1005 2192 1305 2256 civitatem,
1330 2196 1384 2248 in
1411 2196 1544 2250 deos
1584 2195 1726 2251 refe-

143 2284 350 2338 rentes,
387 2278 764 2334 anniversario
796 2283 1442 2342 honorabantsacrificio.
1468 2286 1523 2340 Id
1544 2298 1722 2340 autem

137 2378 256 2420 erat
283 2368 467 2437 puella
503 2371 676 2440 virgo,
727 2388 848 2441 quas
904 2375 1069 2444 paqu
1116 2386 1246 2429 ante
1282 2385 1606 2446 pervenerat
1657 2379 1724 2433 ad

136 2458 514 2528 pubertatem,
545 2471 599 2516 et
621 2478 844 2533 propter
873 2482 978 2520 non
1008 2468 1270 2536 pollutam
1326 2470 1723 2539 virginitatem,

133 2553 575 2610 conservabalur
600 2557 822 2612 draconi
855 2561 1208 2616 sacrificium.
1236 2562 1371 2629 Quis
1392 2572 1511 2618 erat
1539 2576 1720 2620 autem

131 2642 338 2695 modus
366 2645 621 2700 sacrillcii

203 2729 356 2786 XIII.
399 2733 453 2788 In
489 2751 555 2790 eo
585 2739 704 2808 ipso
731 2740 873 2804 loco,
915 2741 967 2795 in
995 2758 1106 2812 quo
1133 2755 1249 2800 erat
1303 2762 1534 2802 caverna
1591 2750 1720 2803 dra-

128 2824 311 2890 coois,
343 2827 676 2886 Antiocheni
709 2834 924 2903 publice
973 2836 1351 2910 conﬂuentes,
1379 2850 1433 2896 et
1463 2841 1721 2912 frequens

40 2917 42 2919 ’
124 2915 312 2971 effecti
370 2919 668 2988 theatrum,
725 2941 850 2980 cum
908 2928 1146 2997 puellam
1203 2931 1718 3002 circutudnxissent,

123 3007 457 3075 prabebant
487 3013 853 3071 devorandam
875 3019 1124 3076 draconi.
1156 3021 1208 3077 Is
1236 3038 1363 3078 vero
1390 3039 1720 3096 proserpens

1835 1920 2116 1981 versariis,
2185 1922 2550 1984 miraculum,
2615 1927 2758 1991 quod
2820 1924 3022 1977 factum
3075 1924 3288 1988 fuerat,
3341 1939 3439 1992 per

1833 2014 2425 2066 commemorationem
2510 2013 2945 2068 trausmittentes
3036 2015 3102 2068 ad
3166 2027 3436 2083 posteros.

1834 2101 2048 2156 Dicitur
2071 2103 2237 2158 etiam
2264 2107 2410 2159 aliud
2444 2122 2663 2176 quoque
2688 2108 2888 2160 mirqu
2922 2107 3026 2163 tale
3057 2108 3171 2162 fieri
3192 2109 3431 2176 signum.

1835 2192 2009 2262 Ilnjus
2047 2197 2278 2270 scilicet
2333 2211 2536 2253 sanctae
2603 2213 2800 2252 manus
2862 2201 3160 2270 aliquando
3210 2203 3430 2269 quidem

1827 2268 2057 2340 extendi
2101 2288 2652 2358 digitos.aliquando
2697 2307 2830 2346 vero
2882 2293 3156 2359 contrahi,
3199 2310 3431 2360 quorum

1827 2379 2147 2432 eXtensionc
2174 2380 2393 2449 quidem
2421 2383 2716 2452 significari
2747 2384 3086 2442 fertilitatem
3127 2389 3427 2454 feuetuum,

1827 2472 2202 2525 contractione
2229 2481 2409 2526 autem
2444 2475 2683 2543 inepiam
2716 2486 2771 2529 et
2802 2478 3107 2543 penuriam.
3143 2512 3145 2514 -

1907 2559 2023 2613 XV.
2075 2563 2211 2615 Cum
2269 2573 2452 2618 autem
2499 2567 2678 2628 multi,
2724 2568 2813 2636 qui
2866 2579 2991 2624 ante
3049 2585 3147 2625 nos
3187 2572 3424 2634 fuerunt.

1830 2650 2192 2720 imperatores
2251 2653 2393 2708 hanc
2474 2671 2697 2711 manum
2764 2659 3174 2718 desiderassent
3231 2668 3426 2732 quovis

1828 2745 1994 2797 modo
2054 2747 2369 2813 possidere,
2425 2764 2525 2802 nec
2584 2752 2806 2813 sinere,
2867 2763 2924 2806 ut
2969 2764 3184 2808 tantum
3217 2758 3421 2813 bonum

1826 2843 2070 2888 maneret
2123 2838 2265 2905 apud
2318 2838 2580 2895 barbaras
2639 2853 2852 2911 gentes.
2919 2861 3039 2912 qure.
3069 2857 3252 2915 partes
3307 2852 3426 2904 illas

1823 2937 2180 2996 occuparant,
2248 2933 2558 2996 captivum;
2628 2935 2931 3001 augebatur
2972 2938 3216 3007 quidem:
3245 2955 3309 2996 ac
3340 2946 3425 2995 vi-

1821 3019 1977 3088 gebat
2010 3017 2131 3082 ejus
2163 3019 2236 3073 rei
2272 3021 2604 3076 desiderium
2627 3064 2640 3082 ,
2674 3025 2770 3078 sed
2816 3027 3029 3089 modus,
3065 3039 3174 3098 quo
3209 3032 3259 3086 id
3292 3048 3424 3102 pos-

119 3114 153 3152 e
180 3115 454 3167 caverna,
497 3114 553 3158 et,
582 3106 920 3176 insperatum
974 3123 1031 3167 ει
1075 3114 1400 3172 incredibile
1445 3134 1718 3188 apparens
1744 3153 1786 3209 C
1826 3110 2093 3172 siderent,
2125 3112 2278 3166 nullo
2317 3114 2477 3166 modo
2511 3115 2739 3170 inveniri
2774 3128 3004 3185 poterat.
3068 3121 3132 3175 Et
3178 3138 3302 3178 cum
3342 3129 3422 3179 eis

119 3193 487 3257 miraculum,
519 3213 746 3268 serpens
804 3211 858 3258 et
920 3220 1116 3274 repens
1180 3211 1296 3264 suis
1361 3211 1633 3286 pedibus;
1662 3223 1718 3268 et

119 3285 506 3355 naturali,qui
540 3299 627 3342 est
662 3291 830 3358 intus,
870 3295 1063 3364 spiritu
1093 3298 1435 3366 incurvatus,
1467 3285 1717 3359 etinstar

115 3376 288 3431 unda:
332 3386 452 3432 tum
514 3379 719 3447 factus,
774 3385 945 3440 hianti
986 3405 1081 3443 ore
1103 3400 1156 3445 et
1205 3393 1434 3447 dilatato
1491 3395 1716 3451 thorace

111 3469 435 3537 accipiebat
464 3474 824 3538 sacrificium,
858 3489 912 3531 et
945 3480 1219 3536 lacerabat
1269 3485 1548 3559 dentibus.
1610 3489 1714 3541 Pro

112 3572 275 3614 more
310 3570 497 3616 autem
561 3579 687 3619 sors
715 3566 982 3639 obtigerat
1013 3569 1228 3626 cuidam
1282 3576 1617 3638 Christiano.
1655 3590 1715 3633 ut

109 3661 276 3710 suam
309 3650 474 3706 daret
511 3652 673 3707 filiam
736 3656 963 3711 draconi
1015 3661 1452 3729 sacrificandam,
1486 3664 1577 3734 qui
1609 3666 1714 3718 sti-

110 3740 288 3796 mulis
317 3744 1028 3816 sauciatus_naturalilms,
1069 3769 1134 3806 ex
1185 3756 1356 3809 corde
1400 3757 1714 3824 suspirabat

105 3832 180 3886 ad
220 3835 534 3893 maximum
593 3836 1018 3898 I’ra-cursorem.
1090 3845 1154 3898 Et
1193 3854 1252 3898 ιιι
1309 3847 1414 3899 lilia
1452 3863 1481 3901 a
1538 3859 1712 3903 morte

105 3927 337 3980 servari
372 3929 568 3997 possit,
604 3932 711 3986 tale
755 3933 886 4002 quid
941 3938 1254 4004 excogitat:
1283 3938 1420 3993 Cum
1458 3955 1709 4010 magnam

107 4015 226 4071 \‘im
259 4019 391 4071 auri
423 4020 564 4086 apud
597 4035 657 4076 se
674 4023 1070 4091 abscondissct,
1103 4029 1239 4092 petit
1271 4038 1330 4082 nt
1356 4029 1458 4082 sibi
1497 4032 1714 4099 permit-

101 4114 339 4159 teretur
391 4105 624 4162 adorare
677 4125 896 4164 manum
921 4122 1168 4167 sanctam
1223 4117 1292 4170 ab
1327 4133 1412 4176 eo.
1440 4118 1531 4185 qui
1561 4119 1708 4172 illam

68 4195 418 4266 ‘servabat.
439 4196 489 4251 Is
522 4209 706 4253 autem
732 4203 1002 4258 concessit
1028 4206 1378 4272 postulatum.
1415 4207 1553 4263 Cum
1582 4225 1710 4265 vero

99 4286 150 4337 is
176 4285 238 4340 in
287 4285 384 4340 his
415 4297 583 4354 esset,
619 4294 844 4360 etquod
880 4295 1142 4352 afferebat
1191 4314 1387 4355 aurum
1454 4301 1705 4369 latenter,

96 4383 388 4446 tanquam
419 4382 521 4432 sub
546 4392 808 4449 przetextn
848 4387 1139 4454 adorandi,
1187 4391 1337 4444 humi
1396 4393 1705 4460 ell‘udisset,

92 4459 256 4523 recte
292 4472 564 4539 processit
609 4475 674 4528 ad
711 4477 1066 4534 ado:andum.
1099 4481 1356 4540 Edituus
1380 4497 1585 4551 autem,
1647 4459 1706 4543 ιιι
1738 4492 1782 4546 D

90 4562 193 4628 qui
252 4562 443 4618 aridis
487 4567 660 4639 oculis
701 4569 767 4621 ad
829 4585 1022 4626 aurum
1051 4577 1338 4643 aspiceret,
1369 4581 1700 4635 cucurritad

89 4654 238 4708 illud
300 4655 694 4726 colligendum.
750 4662 841 4716 Ille
869 4675 1073 4729 autem,
1104 4669 1196 4741 qui
1225 4671 1488 4738 petierat,
1514 4683 1571 4726 nt
1597 4675 1701 4729 sibi

90 4748 304 4802 liceret
356 4749 605 4816 adorare,
641 4768 780 4808 cum
825 4771 885 4812 se
940 4758 1302 4827 incurvasset,
1357 4772 1410 4818 ct
1444 4775 1617 4821 totum
1646 4783 1705 4824 se

32 4910 40 4917 ι
83 4842 145 4892 in
186 4840 450 4895 loculum
490 4843 843 4912 inclinasset,
879 4849 1064 4904 divino
1101 4853 1381 4911 sauciatus
1411 4857 1700 4923 desiderio,

84 4947 229 4985 eum
302 4934 630 4990 venerandae
671 4939 905 4994 dexterae
963 4943 1215 5011 pollicem
1275 4947 1600 5014 osculando,
1648 4961 1706 5005 et

79 5023 256 5077 labra
335 5023 682 5082 admovendo
738 5031 1016 5088 mordicus
1063 5035 1318 5093 dentibus
1356 5040 1701 5107 abscidisset,

83 5124 144 5168 rl.
215 5117 592 5184 occultasset,
659 5137 688 5174 a
719 5125 921 5193 templo
975 5131 1400 5199 quamprimum
1452 5138 1701 5191 recessit.

76 5207 238 5261 Cum
291 5219 480 5264 autem
529 5212 640 5282 jam
683 5215 796 5270 dies
844 5218 1192 5276 adventasset
1225 5226 1503 5290 sacrificii,
1546 5240 1598 5283 et
1622 5230 1704 5283 ci-

81 5301 254 5354 vium
319 5315 643 5373 eorumque,
692 5308 785 5376 qui
830 5310 1382 5381 circunthabitabant,
1411 5319 1771 5374 collectum"

78 5402 250 5448 esset
291 5393 593 5463 theatrum,
618 5394 830 5454 accedit
863 5413 1014 5471 pater
1046 5405 1278 5473 puellam
1332 5411 1607 5467 adducens
1634 5413 1700 5467 ad

82 5484 478 5541 sacrificium.
541 5487 751 5545 Etcum
801 5492 990 5549 fuisset
1045 5513 1210 5569 prope
1254 5501 1582 5570 draconem,
1649 5518 1704 5561 et

81 5593 229 5630 cum
261 5577 497 5632 vidisset
529 5593 686 5636 vasto
715 5601 809 5636 ore
848 5586 1107 5650 hiantem,
1143 5600 1198 5646 et
1245 5591 1536 5651 horrendis
1564 5598 1704 5652 sibi-

92 5672 170 5723 lis
237 5683 376 5730 eos,
429 5672 520 5740 qui
553 5675 866 5736 audiebant,
907 5678 1219 5747 terrentem,
1275 5695 1327 5739 et
1373 5690 1699 5746 sacriﬁcium

86 5762 545 5828 desiderantem,
573 5779 784 5821 sacrum
814 5768 965 5825 illum
987 5781 1042 5826 et
1072 5777 1438 5835 venerandum
1473 5782 1700 5854 digitum

435 5861 699 5959 PATttOL.
744 5864 834 5925 Gtt
897 5865 1048 5931 CXI.

1823 3201 2116 3270 aliquando
2166 3206 2342 3258 visum
2395 3215 2560 3269 esset,
2627 3208 2809 3262 dando
2875 3213 3200 3280 pecuniam,
3259 3217 3420 3270 talem

1822 3312 2150 3365 comparare
2206 3300 2549 3360 thesaurum,
2583 3317 2790 3361 aerem.
2824 3314 2882 3357 ut
2908 3307 3071 3360 estin
3105 3311 3419 3378 proverbio,

1819 3393 2015 3457 pugnis
2054 3391 2353 3444 cedebant.
2403 3392 2831 3449 Desiderahatur
2879 3413 3007 3469 ergo
3041 3401 3110 3454 ab
3144 3403 3418 3465 omnibus,

1817 3495 1846 3534 a
1873 3483 2073 3550 quibus
2114 3498 2310 3538 nomen
2342 3485 2647 3541 Christi‘est
2684 3489 2997 3546 invocatum
3028 3510 3042 3546 :
3079 3504 3134 3548 et
3180 3496 3417 3566 quicun-

1816 3590 1923 3642 que
1956 3575 2006 3626 in
2037 3574 2158 3642 ejus
2185 3577 2261 3630 rei
2293 3577 2615 3633 versabatur
2643 3583 2994 3652 cogitatione,
3029 3585 3196 3640 Deum
3254 3605 3419 3659 roga-

1822 3664 1917 3717 bat
1969 3665 2266 3734 gemitibus
2326 3669 2810 3735 ineuarrabilibus,
2848 3683 2906 3726 ut
2948 3672 3199 3744 benignis
3245 3680 3421 3733 oculis

1821 3767 1984 3806 suum
2050 3755 2322 3823 aspiceret
2370 3758 2648 3827 populum,
2715 3772 2767 3821 et
2825 3763 2942 3831 ejus
3002 3779 3128 3818 eum
3176 3765 3421 3822 efﬁceret

1823 3859 2201 3909 possessorem
2221 3857 2274 3901 et
2297 3859 2682 3913 spectatorem.
2708 3851 2980 3918 Quoniam
3005 3865 3186 3911 autem
3219 3858 3418 3915 divinae

1814 3937 2183 3996 Providentia:
2223 3955 2357 3999 sunt
2414 3945 2597 4000 omnia
2667 3948 2959 4018 prrefinita.
3001 3951 3050 4006 ei
3097 3952 3190 4020 qui
3234 3957 3416 4008 omnia

1814 4035 2090 4102 przescirit
2166 4047 2293 4091 ante
2360 4037 2627 4092 mundum
2708 4041 3030 4107 conditum,
3093 4043 3414 4115 despicienti

1813 4135 2054 4197 tempora
2091 4138 2293 4185 nostra:
2334 4130 2653 4195 inscientiae,
2693 4134 2893 4203 placuit
2935 4151 3030 4205 per
3068 4137 3267 4192 multas
3289 4154 3418 4192 suas

1812 4219 2225 4284 miserationes,
2281 4231 2341 4277 ut
2373 4222 2429 4276 in
2463 4223 2568 4278 hac
2606 4239 2831 4296 queque
2864 4228 3216 4292 generatione
3259 4246 3416 4295 I'B\'t‘.-_

1816 4309 2025 4365 laretur
2065 4312 2169 4367 hoc
2207 4329 2469 4384 magnum
2495 4325 2548 4370 et
2576 4313 2790 4386 insigne
2822 4319 3174 4396 miraculum,
3221 4323 3274 4377 in
3305 4305 3413 4395 qua

1809 4401 2213 4459 Constantinus
2249 4414 2304 4458 et
2346 4403 2646 4471 Romanus,
2694 4410 2788 4478 qui
2838 4409 2988 4482 digiti
3025 4423 3169 4467 sunt
3202 4422 3416 4484 magnis

1815 4493 2087 4558 laudibus,
2143 4496 2210 4551 ab
2259 4496 2378 4565 ipso
2410 4508 2533 4551 ortu
2593 4503 2888 4570 purpureis
2934 4502 3122 4559 fasciis
3160 4509 3413 4568 involuti,

1816 4582 2077 4650 regebant
2115 4583 2356 4640 habenas
2386 4586 2621 4656 imperii.
2655 4588 2712 4644 Id
2766 4601 2947 4647 autem
2977 4603 3062 4649 est
3094 4601 3417 4654 veneranda:

1815 4662 2183 4731 Praecursoris
2208 4694 2402 4734 manus
2431 4684 2760 4752 exportatio,
2793 4695 2847 4740 et
2876 4690 3176 4746 revocatio.

1883 4769 2023 4823 XVI.
2075 4770 2266 4828 Modus
2318 4780 2908 4845 antemrevecationis,
2952 4791 3036 4837 est
3059 4785 3218 4838 valde
3245 4787 3410 4842 mira-

1772 4849 1776 4853 .
1817 4851 1943 4916 bilis
2015 4873 2068 4914 et
2124 4874 2320 4934 pra-ter
2364 4868 2702 4935 opinionem.
2754 4871 2890 4927 Nam
2927 4876 3012 4928 vir
3037 4877 3283 4946 quidam,
3317 4871 3414 4950 qui

1811 4963 1925 5002 erat
1954 4951 2155 5006 relatus
2186 4953 2238 5006 in
2299 4964 2502 5010 sortem
2536 4958 2893 5014 diaconornm
2947 4966 3249 5021 Antiochia:
3277 4969 3411 5022 civi-

1813 5043 1960 5104 tatis,
2011 5039 2113 5097 Job
2142 5046 2389 5110 nomine,
2443 5063 2682 5118 superne
2751 5055 3072 5124 inspiratus,
3112 5068 3169 5112 et
3223 5060 3413 5116 divino

1814 5138 1929 5188 zelo
1962 5137 2223 5204 repletus,
2255 5139 2398 5207 apud
2432 5155 2492 5194 se
2540 5144 2837 5211 cogitabat,
2868 5157 3120 5216 possetne
3168 5149 3412 5208 Pra‘cur-

1813 5227 1957 5281 soris
1982 5226 2285 5282 sull‘uratus
2314 5231 2618 5298 dexteram,
2649 5251 2770 5290 eam
2801 5237 3007 5294 donum
3037 5241 3411 5299 desideratum

1813 5321 1999 5390 largiri
2042 5322 2414 5390 Christianis;
2473 5335 2637 5397 atque
2667 5329 2806 5383 adeo
2854 5330 2920 5384 ad
2949 5331 3112 5386 talem
3135 5337 3402 5403 processit

1814 5416 2237 5482 experientiam.
2296 5416 2592 5472 Pulchrum
2626 5422 2886 5490 templum
2911 5431 2965 5477 et
2995 5426 3269 5480 excelsum
3298 5430 3403 5481 sub

1816 5507 2038 5570 nomine
2091 5507 2236 5564 Petri
2290 5511 2666 5579 apostolorum
2715 5515 2983 5586 principis
3044 5519 3285 5587 positum
3328 5535 3408 5576 ost

1817 5600 1871 5653 in
1922 5616 1987 5654 ea
2033 5601 2271 5656 civitate.
2337 5603 2394 5658 In
2462 5606 2626 5676 hujus
2682 5609 2950 5664 vestibulo
2989 5626 3113 5665 cum
3167 5627 3320 5666 suam
3367 5616 3413 5665 is

1817 5693 2038 5749 fecisset
2089 5695 2506 5764 habitationem,
2578 5716 2704 5755 cum
2771 5718 3058 5761 sacrorum
3087 5745 3103 5771 ,
3140 5721 3262 5774 quae
3303 5708 3412 5758 illic.

1813 5796 1994 5856 erant,
2049 5803 2302 5848 vasorum
2356 5793 2584 5850 custode
2643 5795 2766 5851 inlit
2796 5798 3116 5865 amicitiam,
3169 5810 3306 5854 utea
3342 5801 3410 5854 de

2926 5890 3002 5953 20
