3982 6346
700 262 804 324 615

1857 264 2129 325 THEOD.
2184 264 2265 323 DA

2367 260 2705 322 [NOI'.~\T.’E
3692 259 3716 269 ’“
3810 258 3878 319 616

703 386 854 431 retur
879 391 907 430 a
924 375 1228 434 libidinosis
1252 386 1307 433 et
1335 380 1712 455 voluptuariis.
1739 390 1882 435 esset
1895 380 2069 448 major
2092 377 2264 433 fomes
2292 385 2340 442 Α
2367 394 2557 449 perare
2585 380 2905 441 sceleribus,
2928 386 2983 432 et
3009 390 3222 439 eorum,
3252 375 3344 442 qui
3365 388 3465 443 pro
3497 372 3717 429 Christo
3744 372 3881 427 decu.

703 466 940 530 inviilite,
953 476 1004 520 es
1021 468 1249 537 majoris
1268 468 1493 524 sceleris
1512 471 1737 524 materia
1756 468 2264 537 intemperantibus.

702 559 796 613 Sic
818 574 951 629 ergo
1010 574 1213 629 corpus
1269 559 1487 625 quidem
1546 560 1814 629 sepultum
1869 560 2265 624 occultabatur,

700 665 825 705 cum
854 665 1037 719 neque
1078 647 1367 717 quisquam
1411 648 1542 703 illud
1589 656 1720 705 tunc
1774 652 2108 719 perscrutari
2146 660 2269 706 stu-

701 741 930 805 duisset,
955 755 1129 810 neque
1155 741 1272 810 ipse
1292 740 1723 795 manifestasset.
1758 738 1865 795 Sed
1899 743 2122 809 quando
2148 742 2273 811 qui-

704 831 828 886 dem
860 831 923 883 ad
948 832 1092 886 hunc
1114 832 1293 885 locum
1319 822 1561 899 perveni,
1588 830 1714 885 volo
1742 832 1806 885 de
1829 832 1932 886 hoc
1949 832 2269 901 prophetico

704 921 1078 985 tabernaculo,
1108 932 1165 976 et
1198 923 1267 975 de
1309 908 1496 984 manu,
1520 935 1642 990 quae
1679 922 1728 975 ei
1763 922 2058 984 coaluerat,
2113 924 2271 993 quid.

700 1011 853 1072 dam.
880 1013 1025 1082 quod
1059 1029 1090 1068 e
1119 1013 1290 1068 veteri
1322 1015 1517 1082 pendet
1551 1014 1886 1078 narratione,
1946 1016 2073 1071 huic
2111 1031 2267 1071 sacro

700 1104 913 1157 theatro
946 1105 1258 1174 explanare,
1289 1113 1345 1159 et
1366 1120 1489 1173 quae
1519 1105 1585 1161 de
1618 1107 1701 1161 his
1726 1092 2036 1163 audivimus
2074 1117 2128 1162 et
2170 1094 2268 1162 eo:

701 1196 1011 1263 gnovimus.
1044 1206 1099 1250 et
1124 1210 1246 1263 quae
1273 1204 1483 1250 veteres
1535 1196 1753 1249 tradunt
1801 1196 2064 1259 historiae,
2094 1196 2269 1265 expli-

700 1303 823 1341 care
852 1287 1045 1351 fusius,
1107 1297 1162 1342 et
1189 1288 1459 1343 undeuam
1490 1288 1669 1342 divina
1692 1272 1693 1275 η
1719 1289 1833 1344 hare
1870 1290 2044 1360 gratia
2092 1297 2271 1343 trans-

642 1431 646 1436 ,
699 1374 806 1427 lata
867 1385 950 1429 est
1002 1374 1375 1437 Antiochiam,
1447 1373 1780 1429 et'ubinam
1834 1374 1936 1427 fuit
1975 1375 2266 1442 repositqu

702 1464 1026 1519 translatum
1078 1468 1455 1534 propheticum
1506 1466 1646 1520 illud
1724 1467 2163 1526 tabernaculum.
2214 1476 2271 1519 et

597 1604 600 1608 .
700 1555 949 1623 quisnam
979 1555 1143 1609 fuerit
1170 1556 1387 1625 quidem
1429 1557 1622 1611 modus
1657 1557 1819 1626 hujus
1876 1558 2266 1622 translationis,

697 1655 752 1700 et
784 1646 906 1710 quis
938 1662 1130 1701 rursus
1158 1648 1446 1702 ablationis
1483 1636 1536 1701 ei
1571 1649 1981 1713 exportationis.

2376 480 2580 534 tarunt,
2612 484 2949 539 quaecunque
3000 480 3156 522 erant
3211 466 3474 536 reliquiae,
3528 473 3622 519 aut
3667 464 3879 534 integrum

2367 562 2801 624 tabernaculum,
2832 568 2929 625 aut
2984 559 3188 630 aliquid
3227 559 3375 613 aliud
3405 573 3470 611 es
3508 556 3597 616 iis.
3622 561 3766 625 'qua‘.
3793 568 3884 611 sunt

2368 670 2517 724 pura:
2548 661 2747 709 nostra:
2771 652 2894 707 fidei
2931 654 3108 719 signa,
3129 642 3206 705 'ea
3231 649 3416 703 omnia
3475 647 3588 717 igni
3644 644 3886 700 mandabat

2367 759 2421 803 et
2447 749 2616 804 cineri
2641 764 2656 812 ;
2685 759 2883 814 magno
2901 743 3154 809 deinceps
3180 739 3362 795 studio
3388 737 3537 791 venit
3564 733 3884 797 Antiochiam,

2367 840 2528 894 simul
2561 838 2779 907 quidem
2818 834 3096 888 immunda
3130 826 3736 899 peracturus/mysteria
3762 826 3807 877 in
3821 839 3885 879 ara

2368 930 2939 996 simulacrorum,quaa
2951 927 3053 980 sita
3064 934 3146 979 est
3160 922 3224 976 ad
3243 920 3518 988 Daphnen,
3534 927 3590 972 et
3604 916 3760 971 simul
3770 916 3888 971 etiam

2368 1016 2829 1094 perscrutaturns,
2890 1028 2943 1073 et
2975 1018 3019 1074 si
3042 1025 3354 1071 sanctorum
3382 1010 3589 1081 aliquid
3613 1011 3667 1063 in
3696 1024 3755 1064 ea
3781 1011 3891 1062 inre-

2366 1115 2537 1169 nisset
2568 1112 2889 1181 repositum,
2950 1110 3001 1164 id
3046 1108 3157 1178 igni
3208 1105 3592 1160 mandaturus.
3646 1101 3775 1156 Cum
3818 1101 3892 1155 hoc

2363 1220 2497 1274 ergo
2527 1219 2729 1259 saevum
2764 1202 3136 1257 renuntiatum
3169 1208 3312 1254 esset
3356 1197 3477 1266 ejus
3508 1195 3800 1255 decretum,
3827 1192 3892 1260 qui

2365 1308 2523 1361 erant
2541 1297 2976 1352 Christianarum
3010 1294 3268 1364 partium,
3302 1303 3517 1344 sacram
3549 1300 3767 1341 manum
3791 1282 3894 1337 Pra-

2368 1389 2611 1443 cursoris
2633 1389 2771 1442 clam
2816 1387 2869 1440 in
2898 1385 3131 1456 quadam
3165 1393 3316 1437 turre
3342 1378 3604 1440 civitatis,
3634 1392 3755 1445 qua
3774 1390 3895 1429 voca.

2369 1493 2459 1536 tur
2496 1482 2681 1551 gonia,
2707 1481 2760 1535 id
2786 1490 2889 1542 est,
2914 1478 3169 1547 angulus,
3203 1469 3894 1533 studueruntincludere,»

2370 1573 2487 1642 capi
2524 1581 2708 1642 posset
2728 1572 2797 1626 ab
2835 1570 3148 1626 idololatra.
3172 1568 3279 1637 Qui
3337 1576 3519 1623 autem
3570 1561 3895 1633 pontiﬁcalem

2372 1666 2554 1719 sedem
2586 1664 2805 1720 tenebat
2833 1661 3246 1732 Hierosolymis,
3286 1674 3410 1715 cum
3469 1656 3748 1712 auditione
3775 1666 3895 1707 acce-

769 1734 887 1790 Vll.
922 1736 1163 1792 Herodes
1187 1739 1281 1806 qui
1318 1737 1553 1826 infantes
1585 1710 1881 1803 occiderat,
1915 1754 2040 1793 cum
2078 1737 2268 1793 Judaio
2300 1710 2343 1768 Β
3473 1710 3766 1821 {mnuum
3808 1759 3896 1799 οω.

699 1842 822 1882 cum
860 1829 1152 1882 multorum
1178 1822 1539 1897 principatum
1566 1828 1901 1883 traduxisset
1923 1829 1990 1884 ad
2020 1844 2267 1900 regnum,

701 1918 924 1987 parebat
951 1920 1170 1989 quidem
1203 1919 1484 1975 Romanis.
1516 1920 1655 1974 Cum
1699 1922 1885 1975 multis
1914 1931 2095 1976 autem
2154 1935 2275 1976 mo-

700 2010 782 2065 dis
810 2022 1098 2079 quaereret,
1128 2021 1186 2066 ut
1243 2013 1323 2066 eis
1350 2011 1625 2066 videretur
1655 2012 1949 2068 benevolus
1979 2021 2032 2068 et
2075 2013 2273 2078 ﬁdelis,

695 2101 878 2157 eﬂ‘ecit
911 2104 1153 2172 quidem.
1185 2114 1243 2158 ut
1266 2102 1497 2159 Romani
1531 2120 1654 2159 eum
1688 2105 1936 2175 benignis
1967 2106 2273 2174 aspicerent

697 2193 896 2255 oculis,
936 2204 991 2247 et
1023 2209 1123 2247 nec
1165 2177 1303 2263 fore,
1332 2203 1390 2248 ut
1418 2194 1487 2248 ab
1534 2195 1615 2249 eis
1654 2195 1931 2260 deficeret,
1973 2180 2138 2249 ullam
2172 2196 2270 2248 ha—

697 2282 887 2338 berent
921 2269 1315 2354 suspicionem.
1354 2283 1424 2348 Is,
1455 2297 1512 2339 ut
1544 2287 1744 2339 clarior
1773 2296 1919 2341 esset
1967 2302 2067 2341 sua
2096 2288 2148 2339 in
2176 2301 2271 2341 eos

699 2377 1097 2441 benevolentia,
1153 2379 1292 2433 inter
1326 2377 1430 2432 alia
1470 2377 1717 2451 condidit
1772 2377 1934 2432 etiam
1973 2378 2269 2442 civitatem,

703 2469 864 2523 sitam
896 2484 1002 2523 non
1039 2469 1226 2537 procul
1278 2470 1346 2524 ab
1378 2468 1791 2541 Hierosolymis.
1832 2469 1926 2523 sed
1977 2469 2268 2523 distantem

699 2571 910 2616 tantum
968 2561 1166 2631 itinere
1223 2562 1389 2617 unius
1437 2561 1567 2626 diei,
1593 2576 1710 2616 eam
1752 2576 1952 2616 vocans
1988 2560 2272 2624 Sebasten,

700 2650 889 2707 Latine
921 2652 1245 2723 Augustam,
1276 2665 1335 2708 ut
1373 2653 1597 2723 Augusti
1632 2652 1863 2707 Cit-saris
1894 2652 2260 2721 appellatione

701 2728 1033 2812 significaret
1064 2760 1220 2799 suam
1252 2744 1307 2798 in
1340 2759 1466 2799 eum
1497 2743 1927 2799 benevolentiam
1954 2752 2008 2798 et
2037 2743 2273 2797 servitu-

698 2845 826 2889 tem.
863 2833 919 2888 in
944 2836 1151 2904 ea,qui
1199 2841 1322 2906 post
1373 2836 1525 2890 illum
1589 2834 1827 2889 obtinuit
1883 2831 2270 2903 principatum,

702 2929 975 2982 tetrarcha
1006 2926 1248 2984 llerodes
1273 2928 1388 2982 dsit
1425 2912 1654 2998 regiam,
1696 2926 1750 2980 in
1802 2942 1908 2996 qua
1958 2928 2120 2980 etiam
2172 2924 2274 2979 fuit

2372 1849 2503 1903 nino
2532 1854 2894 1911 moraturum,
2920 1846 3052 1924 quin
3072 1844 3140 1899 ad
3169 1857 3322 1899 sacra
3361 1841 3491 1896 loca
3520 1838 3843 1900 ascenderet.
3862 1847 3897 1891 et

2371 1957 2493 2011 quae
2520 1941 2577 1995 in
2606 1941 2686 1996 eis
2708 1947 2862 1993 erant
2887 1935 3286 2013 pretiosissima
3310 1948 3568 2003 corpora.
3598 1930 3711 2001 igni
3740 1944 3899 1985 consu-

2371 2032 2566 2087 menda
2596 2031 2900 2090 mandaret,
2948 2029 3051 2084 hoc
3077 2027 3369 2097 diligenter
3394 2032 3577 2087 curat,
3608 2032 3665 2077 et
3691 2035 3897 2088 magnum

2372 2124 2589 2177 adhibet
2633 2122 2898 2185 studium,
2930 2128 2986 2174 ut
3014 2134 3045 2173 e
3072 2117 3256 2171 locqu
3278 2114 3554 2170 sublatum
3581 2110 3901 2166 Precursoris

2373 2200 2810 2275 tabernaculum,
2852 2209 3248 2265 transmitteret
3274 2204 3606 2261 servandum
3630 2203 3691 2257 in
3722 2202 3901 2257 civitate

2370 2302 2761 2366 Alexandrina,
2795 2300 2903 2353 alio
2932 2298 3169 2368 quodam
3199 2294 3477 2352 communi
3504 2304 3903 2363 eorporcprtm

2370 2393 2573 2462 repleta
2596 2389 2962 2460 depositione.

2446 2482 2513 2537 Χ.
2551 2483 2845 2549 Postquam
2888 2486 3071 2534 autem
3122 2476 3428 2532 Antiochia
3477 2474 3665 2529 omnia
3695 2487 3904 2544 persen-

2375 2583 2521 2628 tatus
2553 2574 2641 2626 ille
2671 2570 2893 2640 impius,
2927 2584 2989 2622 ea
3022 2578 3106 2625 est
3138 2582 3462 2639 aggressus,
3506 2579 3627 2635 qua
3684 2564 3796 2618 ﬁeri
3831 2578 3906 2621 nos

2374 2668 2643 2732 poterant.
2691 2673 2815 2714 cum
2868 2658 3137 2711 absconsa
3186 2669 3382 2713 manus
3416 2667 3695 2722 nusquam
3728 2664 3906 2719 compa.

2375 2763 2540 2814 reret,
2569 2764 2639 2805 eo
2667 2749 2759 2804 ille
2787 2747 3088 2803 sceleratus
3127 2744 3400 2800 desiderio
3434 2743 3755 2805 frustratus,
3806 2751 3851 2795 et
3875 2740 3907 2793 in

2376 2842 2644 2911 reliquum
2686 2837 3062 2910 propheticum
3089 2850 3289 2905 corpus
3314 2832 3508 2889 furore
3552 2833 3820 2903 percitus,
3847 2829 3909 2899 qui

2375 2932 2429 2988 id
2450 2940 2844 2993 scrutarentur,
2875 2928 3060 2983 statim
3082 2927 3231 2981 misit
3251 2940 3425 2994 usque
3442 2924 3509 2979 ad
3544 2922 3907 2993 Hierosolyma.

702 3015 832 3070 illud
864 3018 1201 3082 convivium,
1232 3032 1342 3087 quo
1367 3017 1626 3087 propheta
1662 3015 1768 3071 fuit
1789 3017 2025 3076 occisus.
2050 3016 2265 3082 etiusta

2376 3033 2435 3078 ut
2473 3008 2837 3076 Praecursoris
2855 3019 2964 3089 igni
2994 3017 3317 3072 mandarent
3334 3008 3906 3080 tabernaculum.Quod

701 3121 864 3177 quam
900 3105 1077 3161 fuerat
1104 3107 1159 3162 in
1184 3108 1419 3166 vinculis
1450 3107 1537 3161 hic
1560 3122 1713 3165 sacer
1740 3107 2000 3177 propheta
2043 3109 2095 3161 in
2129 3121 2267 3175 quo-

699 3197 823 3250 dam
860 3197 1149 3251 tenebroso
1182 3209 1400 3251 reorum
1437 3197 1739 3252 domicilio.
1790 3196 1962 3267 Cujus
1991 3213 2057 3251 ex
2090 3206 2271 3252 trans-

702 3303 862 3343 verso
907 3288 1151 3343 referunt
1214 3281 1486 3358 sepultum
1549 3287 1950 3359 fuisse'corpus
2001 3288 2269 3359 praeconis

701 3379 964 3439 veritatis.
982 3377 1103 3448 Q'uo
1126 3372 1290 3434 etiam
1320 3380 1373 3436 in
1400 3378 1522 3435 loco
1540 3378 1729 3435 dicunt
1752 3380 1902 3449 prius
1932 3380 2100 3436 fuisse
2126 3382 2265 3437 alte-

698 3487 821 3528 rum
851 3473 1160 3541 sepulcrqu
1198 3472 1477 3542 propheta:
1499 3472 1699 3537 Elistei,
1725 3472 1861 3526 adeo
1882 3486 1941 3526 ut
1970 3473 2079 3526 duo
2106 3472 2266 3528 loculi

700 3566 1016 3621 viderentur
1047 3566 1211 3620 simul
1250 3567 1493 3635 jacentes
1556 3566 1609 3619 in
1664 3582 1773 3621 uno
1798 3577 1851 3621 et
1880 3566 2069 3622 eodem
2128 3567 2265 3622 loco.

702 3657 783 3716 lbi
850 3671 1100 3727 quoque;
1136 3658 1391 3727 templum
1420 3654 1718 3713 maximum
1746 3659 1874 3714 olim
1929 3668 2264 3716 exstructum

607 3738 618 3759 ⁸
700 3746 896 3813 fuerat,
929 3734 1074 3817 quod
1110 3758 1333 3818 prepter
1362 3764 1423 3803 ea
1458 3764 1579 3818 quae
1606 3751 1659 3803 iu
1697 3749 1815 3819 ipso
1846 3751 2064 3814 ﬂebant,
2102 3751 2269 3806 mira.-

700 3838 821 3893 rula
847 3848 898 3891 et
929 3838 1412 3907 pulchritudinem,
1444 3837 1619 3894 fuerat
1654 3840 2094 3909 incomparabile.
2129 3841 2290 3912 Cum.

697 3928 820 3998 ejus
869 3939 1049 3983 autem
1084 3938 1282 3985 tectum
1322 3937 1566 4000 tempore
1624 3931 1961 3998 dellnxisset,
2022 3934 2125 3988 sub
2177 3933 2267 3987 dio

698 4020 885 4075 relicta
912 4030 1039 4074 sunt
1074 4020 1194 4090 ejus
1236 4020 1488 4086 editicia,
1540 4022 1678 4077 adeo
1703 4030 1762 4077 ut
1797 4039 1902 4078 uua
1945 4024 2059 4077 sola
2097 4024 2263 4078 illa-sa

696 4114 1020 4166 remanserit
1058 4112 1407 4178 domuncula,
1468 4128 1590 4184 qua:
1639 4116 1929 4169 vocabatur
1979 4129 2263 4171 sacrorum

693 4216 955 4257 vasorum
988 4204 1235 4257 custodia
1272 4204 1325 4256 in
1354 4218 1460 4272 qua
1492 4206 1654 4260 etiam
1689 4205 1883 4260 inclusi
1938 4205 2099 4260 loculi
2142 4221 2266 4274 pro-

692 4294 977 4365 phetarum
1011 4294 1479 4366 conservabantur
1508 4296 1710 4365 absque
1759 4296 1889 4357 ullo.
1911 4297 2261 4351 detrimento.

764 4384 897 4438 Vill.
914 4386 1050 4441 Cum
1082 4398 1261 4443 autem
1282 4387 1459 4445 Lucas
1482 4390 1810 4458 evangelista
1830 4391 2258 4455 circumquaque
2285 4377 2337 4439 D
2364 4389 2505 4443 liter.

689 4475 1090 4533 omnesmbiret
1113 4481 1384 4548 regiones,
1415 4473 1503 4536 ubi
1522 4483 1681 4536 etiam
1708 4480 1960 4535 obeundo
1993 4481 2139 4533 venit
2160 4480 2259 4533 Se-

691 4572 903 4636 basten,
921 4572 1224 4629 Antiochiae
1245 4582 1422 4628 tactus
1442 4574 1732 4636 desiderio;
1756 4572 1920 4640 utqui
1951 4573 2002 4624 in
2033 4586 2095 4624 ea
2117 4580 2260 4625 esset

691 4674 872 4728 natus,
902 4672 1099 4734 magno
1126 4664 1345 4733 quidem
1372 4668 1653 4719 tenebatur
1685 4665 1861 4719 studio
1891 4678 2105 4719 sacrum
2128 4660 2258 4715 illud

687 4752 1056 4811 Praecursoris
1087 4770 1285 4824 corpus
1314 4756 1537 4810 tollendi
1569 4756 1860 4824 integrum.
1890 4755 2027 4809 Cum
2076 4761 2257 4807 autem

687 4862 796 4902 non
833 4858 1037 4918 posset,
1087 4848 1347 4918 quoniam
1392 4848 1683 4918 diligenter
1711 4847 2048 4910 servabatur,
2082 4846 2257 4899 ablata

689 4956 851 4997 manu
880 4944 1123 5004 dextera.
1148 4958 1267 4997 eam
1294 4929 1527 5013 portavit
1559 4944 1610 4995 in
1632 4958 1784 4996 suam
1820 4942 2116 5003 civitatem,
2138 4922 2258 4993 loco

688 5033 918 5100 alicujus
950 5034 1172 5089 alterius
1205 5034 1474 5096 benellcii,
1503 5044 1555 5087 et
1596 5034 1825 5085 aliarum
1850 5032 2160 5085 divitiarum
2185 5029 2255 5097 ei,

686 5140 810 5195 qum
836 5126 1009 5195 ipsum
1044 5126 1272 5189 aluerat,
1304 5126 1446 5179 hanc
1474 5125 1704 5179 reddens
1728 5124 2031 5178 mercedem
2059 5125 2258 5177 educa-

685 5218 873 5274 tionis.
910 5219 993 5273 Ab
1055 5218 1147 5273 illo
1206 5234 1337 5290 ergo
1371 5228 1615 5287 tempore
1654 5219 1753 5271 sita
1780 5226 1899 5272 erat
1937 5233 2133 5272 manus
2168 5217 2256 5271 illa

687 5309 826 5375 apud
853 5309 1245 5373 Antiocltenos,
1276 5310 1538 5379 inmaguo
1562 5311 1767 5363 honore
1793 5310 1997 5370 habita,
2024 5309 2255 5377 etjugis,

687 5416 807 5468 qua:
843 5402 895 5453 iu
934 5415 997 5457 ea
1048 5402 1279 5465 habitat,
1316 5403 1500 5471 gratiae
1527 5403 1682 5456 fidem
1718 5401 1923 5455 faciens
1952 5402 2253 5455 miraculis.

757 5486 847 5542 tx.
884 5490 1015 5544 Cum
1056 5503 1238 5546 autem
1294 5489 1540 5546 Julianus
1569 5492 1847 5563 tyrannice
1877 5492 2089 5545 clavum
2119 5492 2258 5545 arri-

675 5581 896 5648 ,puisset
929 5582 1158 5649 imperii,
1192 5583 1453 5653 quoniam
1477 5598 1589 5645 eos,
1629 5587 1717 5652 qui
1744 5586 1917 5655 ipsum
1964 5599 2257 5653 prmcesse-

688 5683 827 5736 rant,
887 5686 1261 5741 persecutores
1291 5686 1341 5730 ct
1376 5677 1466 5731 Dei
1522 5676 1705 5732 liOStes
1750 5656 2105 5735 contendebat
2164 5694 2253 5733 su-

2374 3113 2593 3168 cum‘ad
2628 3112 2787 3167 linem
2823 3120 2970 3166 esset
3021 3110 3337 3173 deductum,
3361 3105 3419 3163 cf
3440 3122 3756 3170 commune,
3806 3106 3907 3174 quod

2372 3221 2471 3276 pro
2504 3204 2597 3259 illo
2629 3205 2900 3272 sepultum
2954 3201 3150 3265 fuerat,
3183 3215 3383 3270 corpus
3438 3199 3607 3254 abiis
3652 3200 3751 3269 qui
3795 3194 3903 3251 missi

2370 3296 2588 3351 fuerant
2621 3295 2674 3349 in
2722 3295 2961 3349 cinerem
3016 3303 3160 3349 esset
3188 3292 3489 3355 redactum,
3538 3289 3696 3344 illinc
3735 3289 3905 3344 solvam

2368 3384 2826 3440 clusitexercitnm
2841 3382 2907 3437 ad
2922 3380 3271 3437 obsidendam
3291 3381 3573 3443 Edessam,
3596 3387 3788 3448 utpote
3800 3374 3902 3446 quod

2367 3477 2530 3548 quiin
2553 3492 2616 3530 ra
2638 3473 2976 3540 habitabant,
2998 3472 3215 3542 planum
3243 3481 3393 3527 esset
3419 3484 3515 3527 eos
3541 3479 3696 3525 stare
3725 3485 3755 3523 a
3785 3467 3905 3537 parii-

2369 3571 2470 3623 Iius
2497 3567 2954 3623 Christianorum.
2982 3564 3151 3629 Aiunt
3202 3572 3383 3618 autem
3411 3562 3711 3628 quemdam
3745 3576 3805 3615 ex
3825 3557 3903 3612 suis

2370 3661 2610 3723 famulis,
2633 3659 2727 3729 qui
2746 3657 2915 3713 libere
2927 3670 3052 3710 cum
3069 3669 3135 3711 eo
3158 3654 3505 3725 loquebatur,
3520 3660 3717 3708 eterat
3729 3652 3775 3706 ei
3795 3648 3905 3703 valde

2365 3744 2714 3822 coniunctus.
2748 3766 2813 3804 es
2845 3749 3030 3803 animo
3062 3761 3193 3802 vero
3223 3762 3312 3802 res
3333 3744 3781 3801 Christianorum
3800 3740 3905 3798 cole

2366 3846 2460 3899 bat
2488 3854 2543 3898 et
2569 3841 2897 3905 honorabat,
2932 3854 3055 3893 eum
3096 3855 3125 3893 a
3156 3849 3339 3908 empto
3381 3836 3760 3908 prohibuisse,
3790 3844 3836 3890 et
3860 3832 3906 3886 ad

2368 3935 2565 3990 bellum
2615 3932 2885 3989 adversus
2914 3929 3109 3985 Persas
3137 3928 3433 4002 gerendum
3471 3928 3764 3993 incitasse,
3806 3927 3905 3980 citi-

2366 4026 2680 4082 tatem'cum
2711 4023 2889 4086 vellet,
2928 4022 2982 4076 in
3017 4029 3337 4092 potestatem
3364 4020 3485 4089 ejus
3509 4027 3794 4073 venturam
3819 4015 3904 4085 pol-

2366 4118 2557 4172 liCens.
2591 4115 2659 4171 Et
2685 4114 2767 4170 sic
2811 4114 3043 4169 consilio
3088 4109 3496 4182 obtemperans,
3544 4110 3820 4179 profectus
3848 4114 3904 4160 est

2367 4208 2434 4263 ad
2465 4207 2667 4262 bellum
2720 4215 2906 4261 contra
2950 4204 3145 4259 Persas
3176 4203 3496 4273 gerendum.
3530 4202 3588 4256 in
3623 4200 3740 4271 quo
3789 4198 3903 4269 plaga

2368 4296 2629 4352 divinitus
2660 4296 2906 4363 immissa
2934 4307 3251 4365 percussus,
3283 4295 3449 4347 vitam
3494 4286 3903 4347 liniitimiserabi-

2435 4480 2527 4535 XI.
2562 4482 2855 4552 Postquam
2894 4490 3072 4537 autem
3098 4479 3165 4531 ad
3185 4476 3368 4532 fideles
3392 4476 3754 4545 imperatores
3770 4473 3901 4528 redie-

2361 4585 2489 4631 runt
2512 4588 2721 4644 sceptra
2742 4576 3191 4636 Romanorum,et
3210 4570 3410 4624 reddita
3430 4568 3529 4623 fuit
3550 4567 3899 4623 libi-rtaslllin-

2364 4669 2576 4733 stiauis,
2616 4668 2958 4723 nesciebatur
2987 4664 3231 4735 quidem,
3261 4663 3480 4718 ubinam
3512 4671 3665 4716 esset
3714 4661 3899 4728 pretiosa

2364 4776 2581 4825 manus,
2613 4762 2680 4815 ah
2712 4759 3292 4829 iisquiAntiochenam
3315 4752 3896 4813 habitabaiitcivitatcm.

2334 4848 2337 4857 ’
2364 4852 2468 4907 Sed
2500 4854 2640 4907 haud
2677 4854 2747 4905 ita
2785 4852 2874 4907 diu
2899 4861 3022 4920 post
3049 4849 3483 4918 pertliviniorem
3519 4845 3811 4899 revelatum
3831 4840 3898 4893 lui!

2362 4945 2627 4998 visionem
2660 4944 2881 4997 ubinam
2920 4951 3063 4996 esset
3117 4941 3402 4995 absconsa.
3435 4936 3610 5002 Quam
3644 4951 3771 4991 cum
3804 4932 3898 4986 lide'

2361 5035 2483 5089 liter
2515 5051 2581 5089 es
2609 5050 2675 5088 co
2699 5034 2821 5087 loco
2845 5031 3217 5096 sustulissent,
3258 5028 3313 5081 in
3345 5041 3408 5081 ea
3435 5025 3761 5081 honoranda
3786 5025 3895 5076 erant

2364 5124 2725 5179 insatiabiles.
2786 5122 2918 5177 Cum
2968 5130 3150 5175 autem
3209 5133 3315 5172 non
3393 5131 3585 5187 parum
3652 5113 3895 5169 cllusisst‘l

2364 5216 2649 5283 temporis,
2682 5216 2981 5285 imperator
3006 5213 3349 5268 Justinianus
3383 5210 3528 5264 inter
3556 5208 3692 5275 alia,
3711 5220 3817 5277 qua:
3836 5205 3893 5272 pie

2362 5307 2552 5379 gessit,
2584 5307 2711 5363 fecit
2737 5310 2902 5364 etiam
2942 5306 3047 5359 tale
3075 5305 3227 5371 quid.
3267 5304 3417 5358 Hanc
3468 5300 3615 5354 enim
3651 5292 3890 5352 miraculo-

2361 5400 2833 5455 rumeﬂectriccui
2862 5397 3225 5451 Przcursnrls
3282 5394 3587 5457 dexteram,
3638 5404 3707 5445 es
3753 5382 3889 5441 Antio-

2358 5494 2503 5558 chia,
2532 5504 2588 5548 et
2618 5492 2827 5545 Domini
2858 5502 2912 5546 ot
2949 5490 3041 5544 Dei
3079 5488 3249 5544 nostri
3279 5484 3690 5552 tunicam,quar
3719 5472 3885 5535 erat.“1

2358 5590 2575 5643 civitate
2601 5586 3003 5647 Maratsemere,
3025 5593 3078 5636 et
3113 5579 3348 5635 maxime
3366 5574 3735 5630 venerandum
3751 5572 3883 5633 caput.

2358 5696 2419 5736 ex
2457 5678 2645 5733 Emesa
2673 5677 2948 5735 tt'anstulit
2972 5676 3035 5731 ad
3067 5673 3269 5747 regiam
3300 5668 3599 5731 civitatem,
3628 5680 3646 5719 :
3675 5676 3785 5736 quae
3803 5658 3886 5727 qui-
