3982 6346
184 339 273 404 ιιι
1255 330 1350 394 DE
1393 332 1604 396 MANU
1644 337 1703 395 S.
1745 327 2324 394 PR/ECURSORIS.

3332 321 3442 390 6l8

185 463 291 511 dom
321 446 746 509 ostendebantnr
775 447 1059 518 obsignata
1091 450 1375 516 sigttaCItlo
1417 448 1590 503 sancti
1644 448 1738 501 im-
1767 455 1813 510 Α
1845 445 1896 497 in
1927 446 2161 498 mediam
2204 445 2386 514 gulam
2420 443 2717 512 jaculatus,
2750 437 2868 509 ejus
2899 440 3045 507 jaetu
3093 437 3274 489 statim
3306 449 3443 505 quo:

183 543 831 616 paraturis.Coustautini.
863 543 928 595 ad
969 543 1090 605 hoc,
1120 552 1178 595 ttt
1225 558 1334 595 non
1379 541 1614 610 amplius
1666 555 1732 591 ex

177 643 248 694 eis
276 637 594 692 avelleretur
620 637 781 689 abiis
833 635 926 703 qui
983 637 1470 704 amplecterentur.
1524 633 1737 687 Ablatis

177 744 295 794 ergo
330 726 652 794 signaculis.
685 741 807 776 eum
839 725 1097 792 templum
1133 724 1521 785 Pramus-seris.
1588 721 1733 791 quod

175 821 223 874 in
246 809 520 870 Ileluiomo
545 826 626 868 est
652 817 722 868 ab
747 830 814 869 eo
841 817 1194 888 :editiratum,
1228 831 1321 884 per
1355 815 1566 868 Domini
1591 815 1739 868 tuni-

109 901 112 906 ’
173 923 284 961 cam
333 913 384 960 et
417 904 684 975 ejusmodi
741 920 930 960 sacras
992 907 1396 960 sanctificasset
1448 904 1734 974 reliquias,

170 1012 356 1053 rursus
376 997 585 1052 remisit
611 997 728 1052 suis
776 998 1090 1067 obsignatas
1141 997 1441 1068 signaculis
1467 1011 1555 1058 eo,
1590 996 1738 1049 unde

171 1098 441 1163 venerant,
474 1089 646 1142 solam
674 1090 951 1143 dexteram
987 1090 1358 1159 propheticam
1417 1087 1736 1156 relinquens

171 1195 270 1233 non
291 1179 584 1248 signatam,
605 1187 665 1232 ut
697 1195 817 1248 qua:
846 1188 1144 1250 nngcretur
1180 1179 1498 1249 unguentis.
1534 1190 1587 1233 et
1611 1195 1737 1234 sus-

167 1271 439 1324 tolleretur
468 1271 520 1324 in
558 1271 696 1325 festo
723 1269 1100 1328 Exaltationis.

233 1359 344 1414 XII.
382 1360 444 1413 Et
468 1361 546 1414 sic
572 1361 791 1431 quidem
824 1362 892 1414 de
917 1363 1000 1418 his
1018 1363 1248 1417 relatum
1276 1369 1359 1418 est
1383 1378 1410 1416 a
1436 1361 1736 1424 veteribus.

163 1451 281 1504 aliis
311 1452 412 1504 alia
469 1453 538 1505 de
595 1469 757 1506 manu
802 1454 1182 1528 narrantibus,
1247 1455 1511 1508 conclusa
1555 1463 1734 1506 tamen

163 1543 213 1597 in
243 1559 403 1597 unam
457 1553 511 1597 et
564 1546 806 1600 eamdem
842 1547 964 1602 tidei
1015 1550 1314 1617 notionem,
1339 1556 1394 1601 et
1415 1547 1737 1616 expcllentia

159 1649 374 1688 omnem
410 1635 866 1709 incredulitatem.
929 1639 1220 1716 aberrante
1255 1639 1461 1692 nemini
1487 1639 1674 1708 procul
1708 1654 1735 1691 a

161 1724 409 1782 veritate.
451 1726 605 1794 Quod
629 1729 675 1783 si
709 1738 924 1798 oportet
956 1731 1119 1784 etiam
1156 1729 1389 1799 alicujus
1419 1730 1738 1784 meminisse

160 1818 437 1881 miraculi.
469 1821 752 1876 Antioi:hia
801 1823 1088 1878 nobiscum
1131 1824 1206 1890 ei,
1259 1825 1404 1893 quod
1465 1824 1733 1885 dicemus,
1770 1801 1809 1855 Β

157 1912 290 1968 feret
314 1913 693 1969 testimonium
729 1932 742 1969 :
775 1917 920 1984 qttod
947 1917 1163 1985 quidem
1191 1917 1470 1971 auditione
1519 1931 1548 1970 a
1575 1915 1734 1970 nohis

155 2013 440 2072 acceptum
459 2009 548 2058 ‘est
577 2020 640 2058 ex
683 2005 1033 2074 quibusdam,
1066 2007 1158 2076 qui
1183 2006 1299 2060 illic
1321 2017 1453 2060 sunt
1507 2004 1734 2060 versati.

154 2090 207 2142 In
237 2105 477 2146 caverna
507 2093 863 2147 delitescebat
895 2094 1114 2160 quidam
1149 2095 1321 2149 draco
1363 2095 1416 2147 in
1457 2095 1577 2164 ejus
1622 2094 1739 2148 fini-

152 2181 276 2243 bus.
307 2198 498 2258 quem,
531 2184 622 2252 qui
670 2185 987 2240 habitabant
1013 2187 1312 2249 civitatem,
1337 2188 1391 2239 in
1419 2187 1552 2242 deos
1591 2186 1734 2241 refe-

152 2283 357 2336 rentes,
395 2275 772 2330 anniversario
804 2277 1450 2334 honorabantsacrificio.
1476 2277 1531 2332 Id
1552 2288 1731 2331 autem

147 2378 265 2420 erat
291 2367 476 2436 puella
512 2368 684 2437 virgo.
735 2384 856 2437 quae
913 2369 1078 2439 paulo
1125 2379 1255 2422 ante
1290 2377 1615 2439 pervenerat
1665 2369 1734 2423 ad

147 2457 524 2526 pubertatem,
554 2469 608 2514 et
631 2474 852 2530 propter
882 2477 988 2515 non
1017 2462 1280 2531 pollutam
1335 2462 1732 2530 virginitatem,

144 2551 585 2608 eonservabatur
610 2553 832 2608 draconi
865 2555 1218 2610 sacrificium.
1246 2555 1381 2622 Quis
1402 2563 1521 2611 erat
1549 2567 1730 2610 autem

144 2641 349 2695 ntodus
377 2643 632 2698 sacrificii

215 2729 368 2785 XIII.
409 2732 464 2786 In
501 2749 566 2787 eo
597 2736 715 2805 ipso
741 2736 884 2800 loco,
925 2736 978 2790 in
1007 2753 1116 2806 quo
1144 2748 1260 2793 erat
1314 2755 1544 2794 caverna
1602 2741 1731 2794 dra-

141 2824 323 2890 conis,
355 2826 688 2882 Antioeheni
721 2830 936 2899 publice
985 2830 1362 2902 confluentes,
1390 2842 1444 2887 et
1474 2832 1732 2903 frequens

139 2915 324 2970 efl‘ecti
383 2917 680 2984 theatrum,
738 2937 862 2975 cum
921 2923 1158 2992 puellam
1216 2924 1731 2992 circumduxissent,

138 3007 470 3074 praebebant
499 3011 866 3067 devorandam
888 3014 1136 3070 draconi.
1169 3015 1220 3070 Is
1249 3031 1375 3070 vero
1403 3031 1732 3087 proserpens

135 3114 169 3152 e
195 3114 468 3165 caverna,
511 3111 567 3156 et
596 3103 934 3172 insperatum
987 3117 1044 3161 et
1088 3108 1414 3164 incredibile
1459 3125 1731 3180 apparens

136 3193 501 3255 miraculum,
533 3210 761 3265 serpens
819 3207 873 3253 et
934 3215 1130 3269 repens
1194 3203 1310 3256 suis
1375 3203 1648 3277 pedibus,-
1677 3213 1732 3258 et

136 3283 522 3352 naturali.qui
555 3295 642 3340 est
677 3287 845 3353 intus,
884 3289 1077 3359 spiritu
1107 3292 1450 3358 incurvatus,
1481 3302 1535 3347 et
1557 3294 1732 3349 instar

133 3375 304 3430 unde
348 3385 468 3430 tum
530 3377 734 3443 factus.
789 3380 960 3436 hianti
1001 3399 1096 3437 ore
1118 3393 1172 3438 et
1220 3385 1449 3439 dilatato
1507 3387 1731 3441 thorace

131 3467 452 3536 accipiebat
481 3471 841 3534 sacrificium,
874 3484 928 3526 et
961 3474 1235 3529 lacerabat
1285 3478 1564 3551 dentibus.
1626 3479 1731 3532 Pro

132 3572 294 3613 more
328 3569 514 3614 autem
579 3576 703 3616 sors
731 3562 999 3634 obtigerat
1029 3564 1244 3622 cuidam
1299 3568 1634 3629 Christiano,
1672 3580 1732 3623 ut

130 3661 296 3710 suam
329 3649 492 3704 daret
528 3649 691 3704 filiam
753 3651 980 3706 draconi
1032 3654 1470 3720 sacrificandam,
1503 3655 1594 3725 qui
1627 3655 1732 3708 sti-

132 3739 308 3795 mulis
337 3741 1046 3811 saueiatusjnaturalilnts.
1086 3762 1152 3800 ex
1203 3749 1374 3802 corde
1419 3748 1732 3815 suspirabat

127 3831 202 3886 ad
241 3834 552 3892 maximum
612 3833 1036 3892 I’ra-cursorem.
1109 3839 1173 3891 Et
1211 3847 1271 3891 ut
1328 3840 1434 3892 tilia
1470 3854 1500 3892 a
1556 3849 1730 3893 morte

128 3925 357 3980 servari
391 3926 586 3996 possit.
623 3928 730 3982 tale
775 3928 905 3998 qttid
960 3932 1273 3998 excogitat:
1302 3931 1440 3985 Cum
1476 3946 1729 4000 magnam

131 4015 248 4070 vim
281 4017 410 4070 auri
442 4017 583 4084 apud
616 4032 676 4072 se
693 4019 1090 4085 abscondisset.
1123 4022 1259 4086 petit
1291 4031 1350 4074 ut
1376 4021 1477 4074 sibi
1516 4022 1734 4091 permit.

126 4113 359 4158 teretur
411 4103 644 4159 adorare
697 4121 916 4160 manum
941 4115 1189 4162 sanctam
1243 4109 1313 4162 ab
1347 4125 1433 4168 eo.
1461 4110 1552 4176 qui
1581 4110 1728 4163 illam

95 4193 439 4264 “servabat.
459 4194 510 4249 ls
542 4206 726 4250 autem
753 4197 1022 4252 concessit
1049 4199 1399 4267 postulatum.
1437 4199 1574 4254 Cum
1603 4215 1731 4255 vero

125 4285 176 4337 is
201 4285 261 4339 in
310 4284 406 4340 bis
437 4295 604 4351 esset,
641 4289 866 4356 etquod
901 4289 1164 4345 afferebat
1213 4307 1408 4347 aurum
1476 4293 1727 4359 latenter,

123 4382 410 4445 tanquam
441 4380 543 4431 sub
568 4389 831 4447 praetextu
870 4382 1161 4448 adorandi,
1208 4384 1359 4437 humi
1418 4385 1727 4450 eﬂ‘udisset,

1841 550 1946 603 que
1970 543 2200 586 mortem
2229 533 2278 586 ei
2315 532 2516 585 attulit.
2567 556 2569 558 ·

1914 624 2054 681 XIV.
2082 625 2174 679 llis
2197 625 2274 680 sic
2301 623 2490 692 gestis,
2517 632 2670 691 pater
2693 620 2914 690 quidem
2943 619 3118 672 vivant
3155 619 3314 671 tiliam
3341 617 3443 670 do~

1841 735 1991 774 mum
2026 720 2256 780 reducit.
2289 730 2340 770 et
2364 715 2620 786 Iacrymis
2645 714 2808 768 simul
2835 723 2887 765 et
2907 711 3108 781 gaudio
3133 712 3321 780 plenus
3345 753 3359 778 ,
3384 718 3442 764 et

1840 809 2244 872 a-lmirabilem,
2299 820 2353 863 et
2404 823 2524 877 quze
2557 815 2750 876 pt'zeter
2785 805 3102 872 opinionem
3133 802 3435 862 acciderat.

1841 906 1963 959 filice
1990 919 2219 957 narrans
2246 902 2698 970 redemptionem.
2730 899 2830 964 Qui
2855 909 3035 952 autem
3063 895 3441 950 etrcumsiste-

1851 998 1942 1050 bat
2009 997 2272 1065 ptlttttltls,
2330 994 2530 1061 insigni
2565 991 2833 1046 miraculo
2878 989 3325 1059 obstupefactus,
3357 988 3444 1041 in-

1846 1101 2032 1152 gentes
2086 1088 2193 1140 Deo
2253 1090 2446 1157 agebat
2499 1087 2724 1155 gratias.
2789 1086 2908 1148 Quo
2959 1082 3162 1137 factum
3227 1091 3340 1146 est,
3383 1092 3443 1136 ut

1841 1178 2172 1234 Przeeursnri
2212 1181 2476 1249 templum
2524 1179 2632 1232 illic
2663 1184 3071 1237 construerent.
3115 1176 3205 1230 ubi
3238 1176 3438 1229 factum

1844 1271 2023 1326 fuerat
2054 1273 2402 1332 miracolum,
2427 1271 2572 1339 quod
2616 1273 2971 1323 nominarunt
3020 1269 3356 1336 κρεμαστδν,
3388 1268 3439 1320 id

1843 1372 1946 1425 est.
1997 1379 2351 1430 Suspensum.
2397 1365 2510 1416 sive
2569 1371 2892 1430 propterea.
2931 1363 3077 1428 quod
3130 1375 3291 1428 supra
3335 1370 3442 1412 ter-

1846 1468 1959 1505 ram
1995 1453 2066 1505 sit
2128 1453 2304 1505 solum
2358 1453 2540 1520 tetnpli
2571 1453 2869 1510 eicvatum.
2899 1449 3012 1502 sive
3045 1449 3188 1518 quod
3224 1447 3290 1501 ad
3325 1462 3444 1500 tam

1843 1553 1952 1594 tam
2026 1540 2382 1594 aedificiorum
2465 1539 2857 1594 sublimitatem
2921 1539 3041 1604 ejus
3099 1539 3170 1590 sit
3217 1546 3441 1591 extensa

1844 1631 2094 1684 latitudo.
2127 1641 2186 1685 ut
2211 1631 2692 1700 conspicientibus
2730 1645 2898 1700 prope
2922 1629 3174 1683 videatur
3206 1631 3444 1696 pendet-tt

1842 1723 1894 1775 in
1955 1737 2100 1777 aere.
2159 1723 2213 1776 In
2272 1737 2385 1790 quo
2413 1737 2537 1774 cum
2615 1722 2761 1775 hunc
2814 1737 3030 1775 sacrum
3055 1731 3108 1774 et
3151 1721 3442 1775 mirificum

1839 1808 2070 1882 digitum
2115 1816 2527 1884 deposuissent,
2574 1829 2698 1868 eum
2745 1813 2898 1866 festis
2959 1813 3235 1868 honorant
3288 1813 3446 1866 anni-

1841 1907 2122 1968 versariis,
2191 1907 2557 1968 miraculum,
2621 1910 2763 1975 quod
2826 1907 3028 1959 factum
3081 1905 3294 1968 fuerat.
3347 1919 3445 1972 per

1840 2000 2432 2053 commemorationem
2517 1997 2952 2051 transmittentes
3043 1995 3109 2049 ad
3173 2007 3443 2064 posteros.

1841 2089 2056 2144 Dicitur
2078 2090 2244 2144 etiam
2271 2092 2417 2144 aliud
2451 2105 2671 2160 quoque
2695 2091 2895 2143 mirum
2929 2089 3034 2145 tale
3064 2089 3178 2142 fieri
3199 2089 3439 2156 signum.

1843 2181 2017 2251 Ilujus
2075 2184 2286 2238 scilicet
2341 2195 2544 2238 sanctae
2611 2197 2808 2237 manus
2870 2182 3168 2251 aliquando
3218 2182 3438 2249 quidem

1836 2256 2066 2328 extendi
2109 2275 2335 2341 digitos.
2361 2276 2660 2343 aliquando
2705 2290 2838 2330 vero
2891 2274 3166 2340 contrahi,
3207 2290 3440 2340 quorum

1836 2367 2156 2420 extensione
2183 2366 2402 2436 quidem
2429 2367 2726 2436 significari
2756 2368 3095 2424 fertilitatem
3137 2369 3435 2432 fructuum.

1836 2459 2212 2512 centractione
2238 2467 2418 2511 autem
2453 2459 2693 2528 inepiam
2725 2469 2781 2512 et
2812 2460 3116 2526 penuriam.

1917 2547 2034 2602 XV.
2086 2550 2221 2602 Cum
2279 2559 2464 2603 autem
2510 2551 2688 2612 tnulti,
2735 2551 2823 2619 qui
2876 2561 3001 2605 ante
3059 2566 3158 2606 nos
3197 2553 3435 2613 fuerunt.

1841 2639 2204 2708 imperatores
2262 2639 2404 2694 hanc
2485 2656 2708 2695 manum
2775 2642 3186 2698 desiderassent
3242 2647 3437 2712 quovis

1839 2733 2006 2786 modo
2065 2733 2380 2800 possidere,
2436 2749 2537 2787 nec
2596 2736 2818 2796 sinere.
2879 2745 2935 2788 ut
2980 2745 3195 2789 tantum
3228 2737 3432 2792 bonum

1837 2831 2082 2876 maneret
2135 2824 2278 2892 apud
2330 2824 2592 2880 barbaras
2652 2836 2864 2895 gentes.
2931 2842 3051 2894 qum
3081 2838 3264 2896 partes
3319 2831 3438 2883 illas

1835 2925 2192 2985 occuparant,
2261 2919 2571 2982 captivum;
2641 2918 2944 2985 augebatur
2985 2919 3229 2989 quidem:
3258 2935 3322 2976 ac
3353 2925 3438 2974 vi-

1834 3008 1990 3077 gebat
2023 3005 2144 3070 eius
2177 3006 2250 3060 rei
2285 3007 2618 3061 desiderium
2640 3049 2654 3066 ,
2688 3008 2783 3062 sed
2829 3009 3042 3071 modus.
3077 3019 3187 3079 quo
3222 3012 3272 3065 id
3305 3027 3440 3081 ροβε

1840 3099 2107 3160 siderent,
2139 3099 2292 3153 nullo
2331 3099 2491 3152 modo
2525 3099 2753 3154 inveniri
2787 3111 3018 3168 poterat.
3081 3101 3146 3156 Et
3192 3118 3316 3159 cum
3355 3108 3436 3158 eis

1837 3191 2131 3259 aliquando
2180 3193 2357 3244 visum
2410 3200 2575 3254 esset,
2641 3192 2824 3246 dando
2889 3195 3215 3262 pecuniam,
3273 3197 3435 3250 talem

1837 3301 2164 3354 comparare
2221 3287 2564 3345 thesaurum,
2598 3301 2805 3344 aerem.
2839 3297 2897 3340 ut
2923 3288 3086 3342 estin
3121 3291 3434 3360 proverbio.

1834 3381 2031 3446 pugnis
2070 3378 2369 3431 cmdehant.
2419 3377 2847 3433 Desiderabatur
2895 3395 3023 3451 ergo
3057 3382 3126 3435 ab
3160 3383 3433 3444 omnibus.

1833 3471 2090 3539 aquibus
2130 3485 2327 3524 nomen
2359 3471 2664 3525 Cbristi‘est
2701 3473 3013 3528 invocatum
3044 3491 3058 3528 :
3095 3485 3150 3529 et
3196 3476 3433 3546 quicun-

1833 3579 1940 3632 que
1973 3563 2022 3614 in
2055 3562 2175 3630 ejus
2202 3564 2278 3618 rei
2309 3563 2632 3618 versabatur
2660 3565 3011 3635 cngitationc.
3046 3565 3213 3621 Deum
3271 3584 3435 3638 roga-

1840 3653 1935 3706 bat
1987 3653 2284 3722 gemitibus
2344 3654 2828 3718 incnarrabilibus.
2865 3665 2924 3708 ιιι
2965 3654 3216 3725 benignis
3262 3659 3439 3712 oculis

1839 3757 2002 3795 suum
2069 3741 2340 3810 aspiceret
2388 3743 2666 3812 populum,
2733 3755 2786 3804 et
2843 3745 2960 3813 ejus
3020 3760 3146 3800 eum
3193 3745 3439 3800 eftieeret

1842 3847 2220 3899 possessorem
2239 3844 2293 3887 et
2315 3845 2701 3899 spectatorem.
2727 3834 2998 3901 Quoniam
3023 3845 3204 3892 autem
3238 3838 3437 3894 divinae

1833 3926 2202 3983 Providentia:
2243 3940 2376 3984 sunt
2433 3930 2616 3985 omnia
2687 3930 2978 4001 praeﬁnita,
3019 3932 3069 3988 eI
3116 3932 3209 4001 qui
3253 3935 3435 3987 omnia

1835 4022 2109 4091 przescivit
2186 4033 2312 4076 ante
2380 4021 2647 4076 mundum
2728 4023 3050 4088 conditum,
3112 4023 3434 4094 despicienti

1822 4125 2074 4186 tempora
2111 4125 2314 4171 nostra:
2354 4115 2674 4178 inscientiae.
2713 4117 2913 4186 placuit
2955 4131 3050 4186 per
3087 4117 3287 4172 multas
3309 4133 3438 4170 suas

1833 4208 2246 4271 miserationes,
2302 4217 2362 4262 ut
2395 4207 2450 4262 in
2485 4208 2588 4263 hac
2627 4223 2852 4279 quoque
2885 4208 3237 4275 generatione
3280 4225 3437 4274 rere-1

1837 4298 2046 4353 laretur
2086 4299 2190 4354 hoc
2229 4315 2491 4371 magnum
2517 4309 2570 4355 et
2598 4297 2812 4369 insigne
2844 4301 3195 4379 miraculum.
3242 4302 3296 4356 in
3327 4284 3434 4374 qua

1831 4390 2236 4446 Constantinus
2271 4401 2327 4444 et
2369 4389 2669 4455 Romanus,
2716 4392 2810 4462 qui
2860 4391 3009 4463 digiti
3048 4403 3191 4447 sunt
3224 4401 3438 4463 magnis

120 4459 281 4522 recta
316 4470 586 4538 processit
631 4471 696 4525 ad
734 4473 1089 4528 adatandum.
1121 4474 1380 4532 Edituus
1403 4489 1608 4542 autem,
1669 4486 1729 4533 ut
1761 4482 1805 4536 D
1838 4482 2110 4545 laudibus.
2165 4483 2233 4537 ab
2282 4482 2402 4552 ipso
2433 4493 2556 4536 ortu
2615 4459 3145 4552 purpureis'fasciis
3182 4459 3436 4547 involuti.

119 4561 220 4627 qui
278 4561 466 4616 avidis
511 4564 684 4636 oculis
724 4565 790 4617 ad
852 4580 1045 4620 aurum
1075 4571 1362 4637 aspiceret.
1393 4575 1637 4626 cucurrit
1659 4571 1723 4625 ad

118 4653 265 4707 illud
325 4654 718 4724 colligendum.
774 4658 865 4712 Ille
893 4670 1097 4723 autem.
1128 4662 1220 4735 qui
1248 4663 1474 4732 petierat
1497 4705 1512 4729 ,
1538 4673 1595 4717 ut
1621 4665 1725 4719 sibi

120 4747 330 4800 ticeret
380 4747 629 4814 adorare,
681 4765 805 4805 cum
850 4767 909 4808 se
964 4752 1327 4820 incurvasset,
1381 4764 1434 4810 et
1469 4766 1642 4812 totum
1670 4773 1729 4814 se

65 4910 73 4916 _
115 4841 176 4892 in
215 4839 475 4894 loculum
515 4841 868 4908 inclinasset,
904 4844 1090 4899 divino
1126 4847 1406 4903 sauciatus
1436 4849 1726 4914 desiderio,

117 4946 258 4984 cum
329 4932 656 4987 venerandae
697 4935 930 4989 dexterae
988 4937 1240 5006 pollicem
1300 4939 1626 5004 osculando.
1673 4951 1732 4995 et

114 5023 286 5076 labra
363 5022 708 5079 admovendo
765 5026 1042 5082 mordicus
1090 5029 1344 5086 dentibus
1383 5032 1727 5097 abscidisset,

118 5123 178 5167 rt
247 5115 618 5181 occultasset,
686 5134 715 5171 a
746 5121 948 5189 templo
1001 5137 1162 5189 quam
1191 5125 1427 5192 primum
1479 5129 1728 5182 recessit.

112 5207 269 5259 Cum
322 5217 507 5262 autem
556 5209 667 5279 jam
710 5212 824 5266 dies
871 5213 1220 5270 adventasset
1251 5218 1530 5281 sacrificii.
1573 5231 1626 5274 et
1649 5220 1732 5273 ci-

117 5301 286 5353 viutn
350 5313 671 5370 eorumque.
720 5304 813 5372 qui
859 5305 1410 5373 circumhabitabant,
1439 5311 1799 5364 collectum"L

117 5400 284 5446 esset
323 5392 622 5460 theatrum,
647 5391 858 5450 accedit
891 5407 1043 5466 pater
1075 5398 1307 5467 puellam
1360 5403 1635 5458 adducens
1663 5403 1729 5457 ad

121 5483 508 5539 sacrificium.
570 5483 780 5541 Etcum
831 5488 1019 5544 fuisset
1074 5507 1239 5563 prope
1283 5493 1612 5560 draconem,
1679 5507 1733 5551 et

122 5591 264 5628 enim
295 5575 527 5629 vidisset
559 5589 715 5632 vasto
745 5597 838 5632 ore
877 5581 1137 5644 hiantem,
1173 5593 1228 5638 et
1275 5584 1565 5642 horrendis
1593 5588 1734 5642 sibi-

132 5670 208 5721 lis
273 5681 407 5729 eos,
459 5669 550 5737 qui
585 5671 897 5731 audiebant.
938 5672 1249 5740 terruntein.
1305 5688 1357 5731 et
1403 5681 1730 5736 sacrificium

128 5760 576 5825 desiderantem,
605 5776 816 5817 sacrum
845 5763 996 5819 illtnu
1019 5775 1073 5821 et
1103 5770 1470 5827 venerandum
1504 5773 1731 5845 digitum

468 5858 731 5920 Ριτιιοι..
775 5860 866 5920 Gtt
929 5861 1079 5926 CXI.

1839 4570 2101 4639 regebant
2139 4570 2379 4626 habenas
2410 4571 2644 4641 imperii.
2679 4572 2736 4628 Id
2790 4584 2970 4629 autem
3000 4585 3085 4630 est
3117 4580 3440 4634 veneranda:

1838 4649 2207 4718 Praecursoris
2232 4680 2426 4719 manus
2455 4667 2784 4736 exportatio.
2817 4677 2871 4722 et
2899 4671 3200 4726 revocatio.

1908 4757 2048 4812 XVI.
2100 4757 2291 4814 Modus
2344 4762 2932 4827 antemrevocationis.
2975 4773 3060 4818 est
3083 4765 3242 4818 valde
3269 4766 3434 4820 mira-

1797 4839 1801 4842 .
1842 4850 1968 4904 bilis
2040 4861 2094 4902 et
2149 4860 2345 4921 pra-ter
2389 4853 2728 4920 Opinionem.
2779 4853 2914 4909 Nam
2951 4857 3036 4910 vir
3062 4857 3308 4926 quidam,
3342 4849 3440 4928 qui

1837 4951 1951 4991 erat
1980 4939 2181 4992 relatus
2213 4939 2264 4993 in
2325 4949 2528 4994 sortem
2561 4941 2918 4997 diaconorum
2973 4946 3274 5000 Antiochia;
3302 4948 3436 5000 civi-

1839 5031 1986 5092 tatis,
2038 5027 2415 5095 Jobnomine.
2469 5047 2708 5102 superne
2777 5037 3099 5106 inspiratus,
3138 5048 3195 5092 et
3249 5039 3440 5094 divino

1840 5126 1956 5177 zelo
1989 5124 2250 5192 repletus.
2283 5124 2425 5192 apud
2459 5139 2519 5179 se
2567 5127 2864 5194 cogitabat.
2894 5138 3147 5198 possetne
3195 5128 3438 5187 Prwcur-

1841 5215 1985 5269 suris
2010 5213 2313 5269 suffuratus
2341 5216 2645 5281 dexteram,
2677 5233 2798 5274 eam
2829 5219 3034 5276 donum
3065 5222 3438 5278 desideratum

1841 5310 2028 5379 largiri
2070 5309 2443 5375 Christianis;
2501 5319 2665 5381 atque
2695 5312 2834 5366 adeo
2882 5312 2948 5365 ad
2977 5312 3140 5367 talem
3163 5315 3430 5384 processit

1843 5403 2266 5470 experientiam.
2325 5401 2621 5458 Pulchrum
2655 5405 2915 5472 templum
2939 5412 2994 5458 et
3023 5405 3298 5460 excelsum
3326 5409 3431 5461 sub

1845 5495 2067 5558 nomine
2121 5494 2265 5550 Petri
2319 5495 2695 5564 apostolorum
2744 5497 3012 5567 principis
3073 5499 3314 5568 positum
3357 5514 3438 5554 ost

1847 5589 1901 5643 in
1951 5604 2018 5642 ea
2063 5589 2301 5644 civitate.
2367 5588 2424 5644 In
2492 5591 2656 5661 hujus
2712 5591 2979 5646 vestibulo
3019 5607 3143 5646 cum
3197 5607 3350 5645 suam
3397 5595 3443 5644 is

1847 5682 2068 5737 fecisset
2119 5681 2537 5748 habitationem,
2609 5699 2735 5739 cum
2801 5700 3133 5751 sacrorum.
3170 5701 3293 5754 qua:
3333 5687 3442 5736 illic.

1845 5784 2026 5844 erant,
2081 5790 2333 5834 vasorum
2388 5777 2616 5835 custode
2674 5778 2797 5834 iniit
2828 5779 3146 5845 amicitiam,
3201 5789 3338 5834 utea
3373 5779 3441 5832 de

2958 5871 3034 5934 20
