3982 6346
559 257 668 332 6l9

1185 248 1471 311 THEOD.
1516 242 2036 308 DAPHNOPATIE
2066 241 2166 302 DE
2194 241 2407 302 MANU
2439 239 2500 301 S.
2537 236 3110 302 PILECURSORIS.

3711 234 3797 300 σω

569 385 733 425 causa
809 374 1042 422 tentaret
1099 378 1223 420 cum
1260 365 1405 436 'ipso
1456 371 1566 417 tota
1619 370 1778 416 nocte
1822 358 2143 415 veneranda!
2174 356 2590 446 Adirigentcm.
2637 355 2806 410 Porro
2870 363 3056 408 autem
3105 350 3306 422 aliquid
3359 363 3578 422 quoque
3622 352 3798 406 accidit

568 477 762 516 manus
808 459 1048 513 assidere
1118 456 1315 512 loculo.
1342 454 1637 523 Postquam
1669 461 1850 508 autem
1901 447 2144 519 petitioni

569 562 676 600 non
731 548 923 600 annuit
946 547 1013 610 is,
1076 544 1164 600 cui
1199 544 1407 598 credita
1460 541 1638 613 fuerat
1665 542 1934 602 custodia,
1968 539 2145 606 in0pi-

571 646 753 692 uatum
807 639 936 707 quid
993 638 1259 708 coqitans,
1284 634 1350 688 ad
1373 635 1536 689 aliam
1574 631 2148 687 transitmacbinatio-

570 745 710 783 nem.
732 730 864 783 Cum
887 742 1201 798 sumptuosa
1219 736 1272 781 et
1293 727 1439 780 lauta
1469 740 1654 780 mensa
1691 739 1813 778 eum
1845 722 2150 777 exhilaras-

469 862 474 865 ς
571 829 676 881 set,
725 828 778 871 et
803 822 975 873 amice
1001 833 1123 871 eum
1158 817 1226 869 ad
1261 815 1549 870 bibendum
1584 813 1883 876 invitando,
1922 812 1988 866 ad
2025 826 2150 880 pro-

577 908 804 960 fundum
844 919 896 959 et
926 907 1087 960 morti
1117 906 1348 960 similem
1400 918 1655 957 somnum
1703 902 2054 966 deduxisset;
2096 908 2151 955 et

574 1014 668 1065 per
695 999 983 1066 quamdam
1012 995 1300 1050 fenestram
1364 992 1686 1061 intempesta
1765 1000 1928 1045 nocte
1979 1005 2040 1045 se
2094 991 2148 1044 in

575 1091 831 1155 templum
856 1087 1183 1152 demisisset,
1219 1085 1422 1140 sensim
1443 1092 1497 1138 et
1533 1083 1654 1136 sine
1681 1085 1932 1150 strepitu,
1990 1095 2149 1137 sacro

576 1186 760 1245 aperto
787 1167 1046 1244 Ioculo‘(o
1071 1188 1184 1228 rem
1213 1181 1266 1226 et
1297 1169 1442 1225 factu
1477 1179 1532 1222 et
1577 1168 1762 1222 auditu
1796 1167 2086 1222 terribilem
2109 1167 2150 1234 l)

578 1268 775 1334 accipit
829 1267 1140 1334 pretiosam,
1169 1276 1290 1333 qua:
1313 1259 1744 1325 desiderabatur,
1788 1258 2063 1313 dexteram
2097 1266 2153 1312 et

578 1375 794 1413 summo
851 1358 1069 1411 silentio
1121 1369 1395 1416 reversus,
1454 1353 1741 1422 diligenter
1769 1352 1984 1421 quidem
2009 1350 2150 1419 apud

577 1465 638 1502 se
663 1459 860 1510 servat.
889 1449 1034 1518 quod
1054 1447 1264 1500 furatus
1293 1442 1492 1508 fuerat,
1546 1459 1614 1498 ne
1637 1455 2058 1513 cognosceretur
2085 1441 2153 1495 ab

578 1542 760 1609 aliquo
787 1540 1165 1594 barbarorum.

651 1629 813 1686 XVII.
848 1630 982 1684 Ilinc
1007 1633 1282 1700 egreditur
1310 1633 1625 1694 Antiochia,
1659 1637 1727 1704 et
1753 1631 1854 1683 iter
1889 1627 2007 1681 iniit
2041 1641 2155 1679 ma-

2248 448 2371 500 aliis
2407 447 2580 516 magis
2613 445 2952 511 admirabile,
2977 455 3032 500 et
3057 447 3278 512 (lignum
3307 457 3467 496 manu
3508 442 3799 497 veneranda

2249 537 2632 592 Pra-cursuris.
2679 538 2880 591 Aderat
2925 537 3072 590 enim
3125 535 3242 590 dies
3291 533 3469 590 festus
3500 544 3800 590 sanctorum

2249 627 2567 692 Luminum,
2604 627 2657 681 in
2692 641 2802 696 quo
2855 641 2980 681 vera
3009 627 3097 681 illa
3161 625 3297 690 Lux,
3321 624 3580 680 Jordanis
3619 623 3801 679 ﬂuenta

2250 719 2642 788 complectens,
2692 719 2942 772 humana
2993 724 3201 774 natura:
3233 716 3618 771 contritionem
3649 712 3803 770 refor-

2250 812 2438 865 mavit.
2500 810 2566 864 Et
2615 809 2872 880 quoniam
2920 809 3259 879 prccedente
3309 808 3398 864 die
3427 807 3638 878 jejunio
3684 796 3805 877 νέε-

2249 917 2569 973 purgamur,
2627 903 2825 957 accidit
2878 911 2938 956 ut
2995 901 3048 954 in
3084 900 3200 971 ipsa
3224 900 3359 955 hora
3401 898 3804 968 vespertina,ll

2249 1014 2357 1068 qua
2391 1013 2508 1052 mos
2555 1007 2642 1052 est
2665 995 2994 1052 Christianis
3023 1009 3283 1066 peragere
3311 992 3806 1056 sanctillcationem.

2251 1085 2434 1144 divina
2461 1103 2656 1143 manus
2686 1087 2967 1143 advenerit
3005 1103 3023 1141 :
3049 1099 3362 1157 quamcum
3395 1083 3606 1139 Christi
3638 1097 3833 1138 amatr--

2254 1181 2506 1236 tissimus
2567 1181 2882 1250 imperator,
2920 1186 3206 1248 tanquam
3254 1178 3479 1232 caeleste
3523 1175 3729 1230 donem
3765 1184 3810 1230 et

2252 1275 2321 1328 ab
2355 1275 2572 1328 interitu
2603 1274 2840 1327 alienum
2864 1271 3214 1340 suscepisset,
3259 1280 3310 1323 et
3348 1268 3633 1347 amplexus
3659 1272 3807 1329 esset.

2253 1365 2629 1432 desideriique
2695 1376 2750 1416 et
2803 1354 2924 1417 lidei
2975 1363 3238 1432 Iacrymas
3265 1358 3575 1424 eﬂ'udisset,
3614 1358 3811 1428 reponit

2241 1455 2308 1534 lin
2336 1456 2514 1510 medio
2560 1455 2883 1525 templorum
2922 1453 3210 1518 regalium,
3242 1453 3378 1506 adeo
3403 1459 3461 1504 ut
3487 1465 3680 1505 omnes
3706 1465 3812 1505 cre-

2256 1549 2453 1602 derent
2503 1547 2654 1601 illum
2722 1547 2901 1617 ipsum
2951 1547 3145 1600 adesse
3200 1542 3522 1614 Baptistam,
3565 1541 3668 1597 etsi
3722 1543 3813 1597 sub

2255 1647 2535 1707 aspectum
2598 1654 2704 1691 non
2762 1639 2999 1698 caderet,
3059 1646 3114 1690 et
3170 1631 3479 1705 propositas
3535 1647 3706 1702 aquas
3725 1645 3812 1688 sua

584 1737 689 1791 gno
738 1729 883 1774 metu
920 1722 1173 1784 allectus,
1207 1738 1271 1776 ne
1300 1739 1385 1777 res
1416 1727 1564 1777 lieret
1587 1718 1870 1774 manifesta
1896 1717 2151 1779 inimicis,
2185 1735 2225 1791 Β
2254 1727 2617 1784 squameae
2663 1728 2902 1780 dare".
2953 1723 3089 1780 Hinc
3145 1719 3481 1780 canebam“
3520 1721 3812 1794 by“)an

579 1816 648 1868 ad
700 1816 1108 1885 exsequendum
1160 1818 1496 1886 propositum
1553 1814 1738 1868 multis
1806 1827 1947 1881 saepe
1992 1807 2152 1864 utens

581 1906 850 1974 precibus.
909 1907 1113 1959 Locum
1144 1919 1328 1961 autem
1365 1909 1503 1970 loco,
1551 1915 1605 1959 et
1629 1905 1901 1959 civitatem
1935 1903 2154 1955 civitate

580 2006 944 2060 commutatis,
1010 1997 1302 2050 festinabat
1344 1997 1409 2050 ad
1439 1997 1667 2051 exitum.
1715 1993 1962 2062 Cumque
1989 1993 2152 2047 lethi-

583 2085 727 2138 feras
773 2085 893 2138 illas
951 2087 1068 2140 vias
1111 2087 1189 2140 sic
1250 2086 1595 2154 pervasisset.
1645 2085 1888 2154 pervenit
1921 2084 1986 2135 ad
2017 2081 2152 2134 fines

582 2177 880 2241 Romanos,
909 2194 1165 2247 maguum
1187 2180 1403 2246 quidem
1435 2179 1583 2230 illum
1621 2185 1822 2230 metum
1848 2173 2150 2238 excutiens,

581 2266 840 2322 audacius
877 2277 1058 2322 autem
1098 2281 1150 2321 et
1176 2269 1537 2323 confidentius
1558 2267 1824 2323 festinans
1854 2265 1921 2319 ad
1949 2265 2151 2335 regiam

586 2362 887 2416 civitatem.
944 2361 1241 2430 Postquam
1304 2375 1432 2414 vero
1489 2359 1660 2413 lldelis
1707 2361 1999 2426 imperator
2037 2356 2156 2424 ejus

585 2455 803 2508 rescivit
857 2453 1171 2518 adventum,
1200 2461 1254 2506 et
1296 2468 1352 2505 re
1373 2452 1676 2505 admirabili
1709 2451 1810 2504 fuit
1837 2448 2156 2518 obstupefa-

586 2555 727 2609 ctus,
775 2545 992 2600 Christo
1019 2544 1238 2613 quidem
1274 2559 1380 2597 non
1409 2552 1619 2612 poterat
1653 2557 1812 2610 agere
1839 2539 2038 2610 gratias
2064 2555 2160 2608 pro

582 2639 865 2707 dignitate,
892 2647 1126 2705 atquein
1155 2640 1485 2705 insperatum
1523 2636 1808 2704 impediret
1849 2633 2105 2701 gaudium
2143 2649 2156 2685 :

583 2745 679 2782 etis
712 2739 913 2792 autem,
943 2728 1036 2796 qui
1085 2728 1186 2781 hoc
1212 2737 1460 2782 sanctum
1505 2740 1630 2779 cum
1671 2723 1909 2796 hymnis,
1950 2721 2162 2790 lampa-

585 2821 743 2874 dibus
775 2831 829 2874 ct
858 2818 1150 2889 unguentis
1175 2827 1364 2873 esseut
1417 2817 1744 2887 suscepturi,
1775 2825 1829 2869 et
1875 2816 1940 2867 ad
1984 2813 2160 2883 ipsum

583 2912 826 2976 allaturi,
850 2911 1030 2965 emisit
1064 2929 1079 2964 ι
1107 2919 1164 2963 ut
1190 2913 1331 2964 sicut
1394 2909 1510 2979 ipse
1537 2923 1634 2962 vox
1666 2905 1954 2962 clamantis
1985 2906 2038 2957 in
2065 2905 2164 2959 de-

586 3014 732 3056 serto
758 3018 950 3073 parare
979 3005 1094 3058 vias
1127 3001 1362 3068 Domini,
1405 3010 1459 3055 et
1485 3001 1708 3056 semitas
1734 3009 1908 3052 rectas
1964 2995 2158 3058 facere.

2256 1821 2501 1890 spiritus,
2526 1819 2674 1872 illata
2733 1818 2937 1872 lumina
2973 1817 3233 1887 templum
3269 1814 3671 1879 illuminabant,
3710 1828 3814 1868 orn-

2257 1914 2405 1967 nium
2459 1911 2602 1966 oculi
2661 1910 2727 1966 ad
2787 1925 2998 1965 sacram
3050 1923 3268 1978 capsam
3331 1916 3488 1963 erant
3535 1905 3815 1975 aperti,et

2257 2009 2477 2072 aspectu
2510 2000 2833 2055 hauriebaut
2861 1997 3367 2054 sanctitlcationem.

2329 2091 2470 2146 XIX.
2514 2090 2606 2146 Sic
2651 2091 2871 2162 quidem
2919 2105 3042 2144 eum
3069 2087 3265 2144 festum
3303 2097 3621 2144 sanctorum
3653 2085 3821 2143 Theo-

2260 2185 2611 2253 phaniorum.
2665 2191 2741 2256 et.
2782 2182 2860 2236 sic
2920 2182 3082 2236 etiam
3106 2195 3363 2250 sequens,
3427 2180 3482 2234 in
3548 2195 3660 2251 quo
3687 2180 3821 2234 sacri

2258 2274 2622 2330 Praecursoris
2654 2271 2912 2327 metuoria
2943 2280 3025 2326 est
3042 2271 3204 2325 altius
3221 2272 3375 2326 nobis
3393 2271 3611 2335 tradita,
3635 2272 3822 2341 quippe

2257 2369 2349 2436 qui
2376 2367 2544 2421 divini
2587 2365 2926 2432 baptismatis
2954 2364 3210 2434 mysterio
3253 2362 3827 2432 inservierit,peregis-

2258 2470 2443 2511 semua
2494 2465 2548 2510 et
2586 2454 3100 2515 celebravissemus,
3163 2451 3531 2520 judicavimus
3586 2465 3687 2521 par
3713 2465 3826 2506 esse

2260 2564 2455 2603 manus
2479 2563 2698 2618 quoque
2724 2548 2992 2600 honorare
3015 2544 3408 2614 depositionem
3441 2543 3592 2597 festis
3610 2545 3828 2608 annuis,

2262 2643 2365 2696 hac
2410 2654 2627 2710 quoque
2665 2645 3052 2692 connumerata
3100 2623 3222 2691 aliis
3277 2635 3396 2706 ejus
3425 2635 3599 2699 festis,
3642 2645 3704 2690 ut
3765 2650 3825 2689 ex

2263 2716 2428 2788 rebus
2478 2732 2625 2786 illius
2662 2730 2795 2785 nihil
2829 2731 3034 2785 sitnon
3067 2728 3364 2796 gloriosum
3399 2736 3456 2782 et
3489 2727 3832 2782 admirabile.

2261 2822 2331 2877 Et
2381 2838 2527 2878 nunc
2553 2835 2678 2877 ecce
2725 2821 2880 2877 adest
2908 2821 3009 2875 hoc
3059 2819 3256 2873 fers-tum
3286 2821 3487 2873 clarum
3533 2829 3588 2874 et
3625 2820 3833 2892 insigne

2264 2925 2390 2986 post
2437 2912 2762 2969 circularem
2816 2913 2944 2968 anni
3008 2912 3293 2977 ambitum,
3343 2911 3618 2967 distillans
3683 2912 3836 2966 nobis

2266 3008 2469 3061 imbres
2518 3005 2930 3069 miraculorum,
2981 3013 3035 3059 et
3059 3018 3122 3059 ea
3154 2999 3405 3067 aﬂ'ere'ns,
3441 3018 3562 3073 quae
3601 3001 3835 3058 suntfu-

585 3099 775 3163 iussus
829 3106 986 3160 εηις
1047 3095 1116 3148 ita
1145 3094 1305 3150 ειίειη
1333 3093 1433 3162 illiii
1461 3088 2164 3156 Οιιι·ίειὶειιιεηιίιικτεάίειιιὶ
2193 3115 2236 3174 c
2270 3110 2390 3154 tura
2445 3098 2642 3153 animis
2688 3098 2891 3151 nostris
2949 3095 3331 3150 conducibilia.
3371 3093 3466 3148 Est
3507 3109 3642 3164 ergo
3687 3095 3840 3151 nobis

587 3188 886 3253 civitatem,
932 3198 987 3240 et
1017 3201 1050 3240 a
1110 3202 1218 3256 qua
1247 3187 1366 3256 ejus
1395 3185 1562 3256 gratia
1606 3199 1712 3238 non
1745 3185 1903 3252 longe
1954 3183 2162 3244 aberat,

586 3289 910 3348 pararentur
953 3260 1162 3333 honesti
1203 3288 1258 3333 et
1295 3278 1480 3333 decori
1531 3279 1833 3347 ingressus.
1876 3276 2012 3330 Cum
2036 3289 2166 3343 ergo

589 3371 1050 3439 appropinquaret
1088 3367 1509 3430 Chalcedonem,
1540 3369 1693 3422 navis
1725 3367 1944 3436 quidem
1968 3365 2166 3419 emissa

590 3471 674 3513 est
720 3463 1092 3529 imperatoria,
1143 3471 1198 3515 et
1240 3459 1483 3532 pontifex
1519 3473 1641 3513 cum
1680 3457 2074 3519 sacerdotibus,
2114 3465 2168 3510 et

518 3576 524 3583 -
591 3552 905 3620 quicunque
932 3567 995 3606 ex
1030 3561 1224 3606 senatu
1258 3562 1417 3606 erant
1465 3551 1598 3607 clari
1619 3560 1672 3604 et
1721 3550 1959 3604 illustres
1983 3549 2165 3613 simul,

594 3648 652 3690 ut
700 3654 918 3694 sacrum
974 3640 1124 3693 illum
1190 3641 1506 3696 thesaurum
1563 3640 1821 3695 inferrent
1857 3639 1908 3692 in
1941 3638 2166 3709 regiam,

591 3746 715 3785 cum
782 3732 980 3800 quibus
1051 3731 1288 3786 fidelium
1385 3747 1603 3801 quoque
1686 3730 1972 3785 multitudo
2036 3733 2170 3785 urbe

591 3838 829 3892 egressa,
879 3825 1016 3882 mari
1074 3826 1126 3880 ei
1186 3824 1508 3895 navigarunt
1559 3824 1796 3889 obviam,
1827 3834 1884 3878 ut
1929 3838 2054 3878 eum
2076 3823 2170 3878 de-

591 3913 876 3971 ducerent.

670 4005 858 4063 XVIII.
889 4007 1183 4078 Postquam
1215 4018 1397 4063 autem
1452 4007 1854 4078 fuitsusceptus
1886 4009 1940 4062 in
1973 4021 2169 4062 manus

597 4102 888 4171 pontificis,
918 4111 974 4156 et
999 4102 1118 4172 ejus
1145 4102 1417 4156 ferebatur
1445 4102 1608 4164 ulnis,
1637 4112 1689 4156 et
1722 4103 1774 4155 iu
1804 4116 1951 4156 mare
1979 4117 2171 4156 ascen-

596 4194 709 4259 dit,
766 4194 958 4248 licebat
1004 4196 1186 4250 videre
1228 4195 1401 4264 ipsam
1461 4208 1679 4264 quoque
1730 4205 2170 4264 aqum'naturam

579 4283 858 4356 'placidam
922 4299 977 4342 et
1039 4288 1413 4358 tranquillam,
1453 4288 1706 4342 mollibus
1764 4287 2019 4342 ﬂuctibus
2048 4296 2173 4341 ante

596 4396 784 4436 navem
815 4380 1176 4447 exsilientem,
1203 4389 1255 4436 et
1296 4383 1360 4435 ad
1400 4381 1749 4451 imperatores
1778 4381 1897 4449 ejus
1947 4395 2169 4435 cursum

2270 3191 2544 3260 proposita
2598 3187 2745 3241 omni
2802 3202 2870 3242 ex
2920 3195 3074 3256 parte
3149 3185 3383 3255 gloriosa
3421 3195 3477 3240 et
3527 3187 3840 3241 veneranda

2270 3295 2464 3335 mantus
2518 3279 2770 3350 Baptista
2817 3289 2872 3334 et
2919 3278 3298 3343 Praecursoris,
3358 3278 3705 3347 incorporeis
3739 3279 3844 3332 eir-

2269 3375 2520 3429 cumdata
2577 3371 2891 3435 virtutibus.
2937 3381 3070 3442 qua:
3123 3371 3461 3426 admirantur
3498 3373 3683 3427 sancti
3721 3370 3840 3440 Spi-

2271 3468 2408 3520 ritus
2457 3464 2711 3519 sirtutem
2769 3477 2892 3533 qua
2921 3465 2974 3518 in
3021 3479 3083 3517 ea
3108 3463 3340 3518 habitat.
3375 3462 3665 3528 Quodnam
3723 3477 3844 3531 ergo

2268 3566 2353 3611 est
2385 3557 2488 3609 hoc
2545 3552 2805 3623 templum
2855 3553 3015 3608 bodie
3040 3551 3357 3623 pulchrius?
3394 3549 3663 3616 Quaenam
3708 3551 3844 3604 ades

2271 3647 2453 3701 divina
2515 3643 2872 3699 venerabilior
2921 3654 2976 3698 et
3019 3641 3452 3712 magnificentior
3497 3641 3624 3700 hac.
3665 3642 3721 3694 in
3744 3656 3844 3711 qua

2272 3739 2360 3793 hic
2406 3753 2563 3793 sacer
2589 3746 2644 3791 et
2669 3737 2886 3792 divinus
2934 3737 3226 3791 thesaurus
3272 3734 3558 3805 repositus,
3592 3734 3848 3786 innume-

2273 3829 2528 3884 rabilium
2585 3829 2850 3882 luminum
2915 3828 3202 3897 splendore
3223 3842 3348 3880 cum
3373 3826 3700 3890 cmlestibus
3724 3837 3845 3877 con-

2271 3922 2443 3975 tendit
2473 3919 2841 3990 spectaculis?
2867 3917 2980 3973 Sub
2997 3919 3198 3990 quibus
3216 3933 3336 3988 qua:
3359 3932 3597 3986 superne
3622 3920 3848 3970 deseeu~

2271 4014 2404 4068 dunt
2431 4014 2618 4083 gratiae
2641 4015 2813 4069 sancti
2847 4011 3100 4081 Spiritus,
3135 4010 3522 4080 dispensantur
3553 4025 3663 4075 pro
3692 4007 3846 4095 modo

2273 4104 2700 4172 uniuscujusque
2752 4101 2894 4165 fidei,
2943 4116 3152 4164 eorum,
3213 4099 3306 4168 qui
3358 4100 3578 4152 laudant
3631 4109 3692 4151 ct
3718 4099 3852 4149 cclc-

2274 4199 2452 4261 braut,
2515 4195 2801 4249 animabus
2834 4213 2846 4248 :
2875 4195 2925 4247 in
2951 4193 3168 4247 Christo
3212 4191 3338 4247 Jesu
3374 4193 3606 4245 Domino
3641 4203 3848 4249 nostra,

2272 4290 2360 4344 cui
2433 4290 2600 4358 gloria
2668 4297 2720 4342 et
2803 4287 3038 4357 polentia
3100 4287 3154 4339 in
3235 4286 3431 4340 sarcula
3493 4284 3848 4338 sa-culorum.

2275 4381 2464 4436 Amen.
