3982 6346
1481 415 1652 460 ANNO
1689 412 1839 461 ῡοκι
1852 414 1911 456 Μ
1958 409 2081 455 CIL

159 618 1352 868 .NICEPHOBI
1534 607 2911 793 PRESBYTER]
3071 606 3402 779 GP.

925 940 1290 1058 VlTA
1373 935 1539 1050 Su
1591 927 2216 1067 ANDREIE
2297 924 2658 1044 SALI.

1770 1179 1845 1201 .-

404 1333 1357 1438 COMMENTARIUS
1442 1331 2005 1424 PIUEVIUS
2074 1325 2435 1420 CONR.
2507 1322 3182 1414 JANNINGHI

1698 1523 1760 1582 S.
1811 1522 1867 1582 Ι.

1231 1691 1372 1753 (Acta
1396 1687 1484 1737 ss.
1522 1683 1770 1748 θοιιιικς..
1807 1685 1917 1735 Maii
1951 1687 2034 1734 die
2067 1685 2146 1745 se,
2173 1694 2206 1736 t.
2240 1679 2346 1740 vn

1780 1863 1843 1876 *ο
1891 1874 1897 1880 ε

177 2003 249 2060 De
278 2003 335 2058 S.
376 2002 600 2056 Andrew
647 1987 1034 2069 feminalibus,
1093 1993 1405 2065 Epiphanio,
1440 2005 1618 2064 postea
1673 1988 2006 2069 patriarcha.
2041 2003 2095 2069 et
2148 1987 2467 2069 Nicrphoro,
2520 1998 2775 2062 scriptore
2818 1995 3097 2059 Actorum,
3143 1991 3396 2069 ltohtt'nqn

1321 2062 1482 2137 style,
1513 2077 1560 2119 et
1595 2078 1749 2118 tttate
1786 2081 1849 2118 ac
1873 2066 2020 2125 cultu
2055 2062 2260 2118 Sancti.

254 2231 306 2284 i.
339 2227 621 2296 Sapientis
643 2228 887 2294 proiecto
913 2221 1156 2276 stultitiae
1178 2231 1417 2276 actorem
1445 2219 1497 2273 in
1531 2235 1749 2275 scenam
1781 2227 1826 2280 Α
1856 2230 1969 2271 tum
1997 2219 2179 2284 fuerit,
2197 2215 2412 2274 diﬂicile
2433 2230 2517 2274 est
2545 2219 2827 2274 divinare:
2858 2235 2924 2275 eo
2941 2224 3083 2290 quod
3105 2227 3429 2288 monachus,

174 2313 529 2392 producimus
586 2326 836 2371 sanctum
893 2315 1190 2374 Andream,
1253 2313 1339 2367 cui
1395 2311 1464 2366 ab
1492 2327 1553 2368 ea
1584 2326 1746 2381 quam
1853 2309 1931 2362 uti
1981 2309 2186 2364 dictum
2215 2318 2321 2372 est,
2353 2308 2555 2376 lactus,
2591 2309 2820 2366 dimisso
2871 2311 3160 2384 h‘pipltattii
3191 2321 3433 2386 nomine,

171 2412 278 2478 egit
323 2421 582 2480 persona,
645 2403 971 2474 vivendique
1023 2402 1163 2458 inter
1206 2402 1453 2456 homines
1518 2400 1748 2465 ratione,

1852 2405 2211 2470 assumpserit
2263 2401 2430 2464 aliud,
2484 2402 2639 2469 juxta
2725 2404 2899 2458 sancti
2992 2408 3432 2481 praedictionem;

171 2501 402 2557 adhaesit
430 2505 853 2568 cognomentum
874 2493 1032 2551 Salus
1055 2510 1150 2550 seu
1185 2491 1414 2548 Stultus.
1451 2488 1747 2547 Theatrum
1853 2493 2012 2560 quale
2038 2503 2218 2547 autem
2260 2494 2622 2561 assumpserit
2655 2507 2928 2564 nusquam
2959 2496 3048 2554 hic
3072 2506 3434 2570 exprimatur.

176 2592 368 2647 habuit
397 2589 796 2659 amplissimum
845 2584 1376 2653 Constantinopolim
1417 2584 1752 2643 universam,

1857 2581 2144 2640 Videamus
2192 2594 2394 2652 tamen,
2451 2600 2582 2640 num
2610 2597 2719 2655 qua
2750 2585 2835 2640 via
2891 2590 3166 2657 possimus
3199 2609 3267 2648 eo
3308 2609 3437 2664 per.

167 2666 543 2754 spectaculum
572 2681 746 2737 factus
774 2679 906 2744 Deo,
939 2678 1146 2748 angelis
1177 2686 1232 2732 et
1269 2675 1606 2739 hominibus,
1657 2675 1752 2729 sed
1857 2675 2085 2748 tingere,
2145 2679 2320 2746 ipsum
2373 2692 2484 2748 quo
2534 2676 2785 2731 Andreas
2841 2678 2978 2735 visit
3034 2690 3250 2754 tempus
3283 2685 3439 2756 inda-

173 2776 278 2830 alio
303 2786 468 2846 atque
496 2775 604 2828 alio
657 2772 821 2827 modo
855 2789 871 2826 :
906 2769 1016 2823 Deo
1065 2769 1283 2838 quidem
1326 2775 1382 2822 et
1427 2766 1633 2835 angelis
1667 2779 1754 2818 sa-

173 2864 532 2937 pientissimi,
564 2863 878 2919 hominibus
922 2876 1052 2916 vero
1090 2859 1423 2938 stolidissimi
1463 2873 1751 2928 personam

177 2958 452 3015 sustinere
479 2958 654 3014 visus.
686 2957 876 3027 Neque
904 2967 1083 3011 tamen
1115 2953 1373 3009 omnibus
1396 2952 1620 3008 omnino
1651 2951 1755 3004 lto-

177 3049 421 3106 minibus
445 3050 517 3105 ita
545 3051 695 3105 visus
719 3057 804 3104 est
828 3065 843 3102 :
865 3047 1015 3102 luere
1034 3061 1177 3100 unus
1218 3053 1273 3099 et
1299 3044 1434 3099 alter
1465 3037 1755 3113 praecipue,

175 3141 381 3211 quibus
407 3142 719 3197 institutum
755 3140 930 3211 ipsius
993 3139 1350 3201 iunotuerat;
1380 3134 1632 3190 videlicet
1669 3133 1760 3188 ille

178 3235 313 3305 ipse,
343 3234 438 3305 qui
478 3231 655 3288 Vitam
713 3230 1042 3299 conscripsit
1081 3226 1438 3296 Nicephorus,
1505 3223 1760 3279 Ecclesia:

179 3326 238 3379 S.
263 3327 487 3396 Sophia:
526 3324 850 3395 presbyter;
897 3331 952 3376 et
981 3319 1178 3373 nobilis
1240 3315 1458 3388 juvenis
1518 3315 1758 3384 Epipha-

177 3418 324 3481 nius,
357 3427 544 3487 postea
575 3415 900 3477 monachus,
924 3412 1250 3479 ἀλλαγέντος
1267 3409 1361 3461 καὶ
1385 3407 1479 3462 τοῦ
1495 3407 1762 3478 ὀνόματος

1858 2761 2072 2837 εειηύυέ
2107 2768 2312 2824 Dicitur
2339 2771 2433 2826 hic
2480 2785 2510 2823 a
2543 2766 2893 2838 Theognosto
2930 2774 3191 2842 quodam,
3242 2775 3438 2832 Orien-

1860 2858 1983 2912 talis
2030 2857 2233 2914 militiae
2284 2859 2444 2924 duce,
2510 2860 2566 2916 in
2604 2861 2923 2916 servitutem
2974 2876 3192 2934 emptus
3220 2881 3435 2936 servus,

1861 2966 1891 3001 se
1923 2948 2206 3018 imperium
2250 2953 2566 3006 moderante
2615 2949 2817 3006 Christi
2853 2955 3235 3012 amantissimo
3262 2957 3441 3029 impe-

1859 3049 2040 3096 ratore
2083 3039 2284 3114 Leone,
2339 3051 2394 3096 et
2426 3041 2646 3122 additur
2690 3043 2785 3097 τοῦ
2842 3043 3120 3114 Μεγάλου,
3161 3057 3222 3102 ut
3262 3039 3438 3119 priiua

1862 3133 2041 3190 fronte
2100 3135 2269 3190 videri
2319 3137 2495 3206 possit
2541 3137 2660 3207 ejus
2691 3139 2932 3196 nominis
2960 3142 3192 3211 primos,
3254 3146 3441 3214 appel-

1843 3227 2026 3291 latus,
2061 3227 2262 3295 passim
2286 3241 2320 3282 a
2365 3227 2750 3297 scriptoribus,
2777 3229 3030 3302 Magnus,
3062 3231 3158 3302 qui
3191 3231 3439 3304 rogauit

1862 3321 1933 3375 ab
1954 3335 2098 3374 anno
2149 3318 2256 3373 457
2318 3320 2386 3373 ad
2418 3313 2485 3374 74
2518 3336 2533 3373 :
2576 3323 2736 3376 annis
2757 3332 2937 3376 autent
2973 3323 3045 3378 45
3068 3333 3189 3394 post
3238 3323 3439 3380 Leonis

1865 3412 2025 3466 istius
2091 3411 2325 3474 obitum,
2375 3409 2555 3467 factus
2584 3424 2672 3468 est
2724 3413 3033 3484 patriarcha
3060 3425 3286 3470 sanctus
3308 3416 3440 3488 Epi~

178 3511 237 3562 ιν
258 3511 529 3580 σχήματι,
554 3518 611 3562 ut
633 3508 834 3563 dicitur
865 3522 1018 3560 num.
1056 3504 1150 3568 24.
1184 3510 1394 3557 mutato
1440 3515 1564 3554 cum
1610 3509 1761 3554 Veste
1793 3561 1834 3580 ﬁ
1864 3503 2122 3574 phanius,
2151 3504 2225 3557 ΞΒ
2279 3505 2510 3576 Augusti
2571 3507 2916 3570 recolendas,
2958 3517 3015 3562 et
3045 3508 3231 3564 aedem
3261 3509 3440 3563 tenuit

179 3591 426 3668 nomine,
444 3610 499 3655 et
524 3615 591 3654 es
632 3599 900 3654 monacho
940 3594 1246 3667 patriarcha
1301 3591 1762 3659 Constantinopo-

177 3693 389 3749 litanus
417 3709 434 3759 ;
475 3705 706 3762 uterque
737 3691 966 3745 Andreae
994 3699 1146 3744 arcto
1191 3683 1607 3745 necessitudinis
1637 3681 1758 3735 vin-

175 3789 305 3842 culo
355 3787 709 3854 coniunctus.
779 3782 843 3837 Et
905 3779 1242 3850 Nicephorus
1295 3776 1516 3848 quidem
1573 3784 1762 3828 auctor

178 3876 281 3930 luit
309 3876 540 3945 Andreae
573 3869 877 3928 istiusmodi
915 3871 1040 3924 vita:
1074 3870 1336 3924 rationem
1377 3866 1758 3936 amplectendi,

177 3971 410 4038 ejusque
435 3970 487 4020 in
529 3965 785 4020 omnibus
817 3963 1167 4019 consiliarius
1200 3969 1254 4016 et
1303 3961 1640 4023 moderator;
1668 3957 1760 4026 qui

181 4060 414 4129 proinde
443 4054 766 4110 arcanorum
795 4053 1070 4116 conscius,
1120 4051 1196 4106 nil
1230 4051 1429 4104 mirum
1478 4056 1584 4113 est,
1617 4051 1760 4119 quod

179 4164 293 4208 tum
329 4150 610 4205 mirabiles
651 4146 773 4215 ejus
802 4145 1042 4200 visiones
1071 4151 1124 4196 et
1160 4151 1407 4197 esstases
1432 4140 1636 4195 rescire
1662 4155 1762 4210 po-

178 4246 349 4301 tuerit
386 4257 450 4297 ac
510 4240 706 4295 litteris
739 4237 1021 4292 mandare.
1057 4235 1397 4305 Epiphanius
1443 4247 1595 4298 vero,
1627 4233 1762 4287 ada-

181 4339 398 4390 iescens
434 4332 724 4405 praeclarus
758 4331 811 4384 in
844 4328 1056 4399 primis,
1087 4327 1332 4382 notitiam
1363 4325 1594 4380 Andrea
1623 4323 1762 4379 divi-

179 4428 332 4481 nitus
386 4433 691 4487 assecutus,
745 4421 922 4490 primo
973 4418 1159 4473 statim
1209 4429 1506 4486 congressu
1539 4431 1605 4470 ett
1643 4416 1763 4485 ipso

178 4518 404 4580 didicit,
442 4513 758 4570 cathedram
800 4513 905 4568 sibi
935 4508 1596 4578 Constantiuopolitanam
1646 4523 1764 4560 tua-

182 4628 348 4677 nere;
387 4612 438 4664 in
465 4624 640 4678 eaque
672 4606 940 4661 sententia
970 4604 1162 4658 deinde
1186 4617 1218 4657 a
1254 4602 1520 4656 morituro
1569 4616 1765 4670 pmpe-

179 4708 326 4760 dietn
383 4706 740 4756 confirmatus
795 4707 899 4752 est.
931 4696 1034 4761 Qui
1064 4707 1118 4748 et
1144 4703 1319 4748 totunt
1367 4693 1543 4748 eidem
1569 4694 1765 4746 animae

183 4814 299 4853 suae
355 4768 555 4851 statum
620 4795 898 4860 detegens,
957 4789 1008 4841 in
1059 4787 1236 4841 dubiis
1292 4773 1683 4847 consiliarium,
1712 4784 1764 4837 in

1863 3595 2025 3651 annis
2054 3596 2141 3652 16.
2179 3594 2369 3666 itaque
2397 3598 2511 3651 inec
2562 3611 2671 3652 non
2702 3599 2841 3652 male
2866 3600 3159 3654 convenire
3183 3599 3442 3666 judicans

1864 3688 2098 3756 scriptor
2145 3689 2394 3763 alterius,
2445 3702 2570 3741 cum
2601 3703 2711 3758 quo
2742 3684 2921 3742 Vitam
2967 3688 3322 3752 contulimus,
3354 3706 3444 3746 cu.

1863 3781 2022 3844 diuis,
2091 3779 2232 3834 inter
2288 3780 2393 3835 alia
2433 3797 2554 3851 qua:
2604 3781 2970 3835 abitrevia‘udo
3017 3782 3225 3847 omisit,
3275 3784 3440 3839 etiam

1864 3872 1932 3925 de
1961 3872 2260 3926 mutatione
2278 3871 2515 3927 nominis
2543 3872 2733 3928 tacuit.
2765 3871 2872 3927 Sed
2911 3881 3272 3944 praeterquam
3297 3875 3443 3945 quod

1866 3963 2004 4018 Vitae
2023 3973 2213 4020 auctor
2272 3963 2608 4034 Nieephorus
2631 3978 2699 4018 eo
2727 3974 2914 4019 utatur
2956 3966 3120 4036 stylo,
3161 3968 3255 4035 qui
3286 3967 3447 4038 longe

1864 4057 2223 4127 posteriorem
2252 4064 2465 4110 etatem
2501 4057 2709 4126 sapiat;
2764 4057 2966 4112 dicitur
2993 4058 3260 4124 Andteas,
3288 4075 3443 4113 nunt.

1868 4148 1958 4211 t5,
1991 4147 2228 4203 illusisse
2278 4149 2507 4212 mundo,
2557 4165 2578 4200 ι
2646 4149 3108 4219 quemadmodum
3163 4151 3256 4207 ille
3311 4151 3443 4206 olim

1866 4240 2204 4295 admirabilis
2279 4237 2552 4312 Symeon,
2613 4259 2633 4294 ο
2677 4241 2868 4312 utique
2913 4251 2971 4299 et
3017 4244 3130 4312 ipse
3159 4262 3178 4295 ε
3223 4255 3448 4313 propter

1866 4330 2143 4387 Christum
2179 4332 2330 4388 stulti
2364 4333 2584 4403 sapiens
2609 4333 2875 4409 imitator,
2903 4349 2924 4387 ι
2956 4338 3051 4405 qui
3074 4338 3316 4392 eoliturl
3346 4335 3448 4390 Ju-

1869 4423 1926 4479 lii
1962 4440 1976 4478 :
2013 4424 2103 4479 hic
2144 4434 2326 4480 autem
2385 4425 2674 4481 stultitiam
2745 4426 3007 4484 simulare
3061 4430 3226 4498 capit
3271 4429 3446 4498 impee

1871 4526 2023 4571 rante
2061 4517 2353 4574 Mauritio:
2387 4517 2546 4572 annis
2589 4530 2649 4574 ut
2702 4520 2988 4575 minimum
3055 4522 3447 4592 quinquaginta

1871 4619 1994 4678 post
2025 4608 2308 4679 Epipltanil
2340 4611 2664 4679 patriarcha
2704 4623 2957 4667 mortem.

1941 4702 1996 4756 3.
2057 4701 2396 4766 Quzerendus
2451 4720 2582 4774 ergo
2616 4704 2776 4758 nobis
2819 4714 2903 4759 est
2928 4705 3068 4760 alius
3093 4703 3236 4769 Leo,
3278 4705 3451 4758 idem-

1873 4809 1980 4862 que
2035 4793 2461 4848 Atnantissimus
2484 4794 2713 4859 Christi,
2749 4804 2917 4866 atque
2961 4797 3032 4852 ob
3073 4813 3159 4850 res
3188 4801 3451 4867 praeiere

185 4890 452 4961 periculis
482 4886 786 4955 atljutoretn
824 4883 1034 4935 habuit.
1061 4879 1366 4947 Colloquia,
1392 4876 1532 4931 inter
1554 4887 1765 4929 utrumt
1794 4902 1838 4960 α
1877 4895 2057 4954 gestas
2116 4884 2344 4954 Magnus
2395 4888 2771 4955 cognominati
2825 4890 3045 4958 dignus.
3075 4887 3223 4943 Talis
3267 4903 3448 4944 anu-nt

188 4996 298 5050 que
341 4981 546 5038 habita,
585 4983 883 5029 occurrunt
911 4972 1226 5040 frequenter
1264 4970 1554 5022 admodum
1587 4985 1602 5034 ;
1637 4967 1770 5020 alia~

183 5086 293 5142 que
317 5069 536 5124 eximiae
565 5067 782 5121 virtutis
814 5065 1085 5133 exempla,
1117 5063 1183 5117 ad
1217 5061 1576 5131 Epipitnuiutn
1633 5074 1772 5127 pne-

186 5171 348 5235 cipue
370 5163 696 5234 spectantia,
736 5162 990 5229 leguntur
1023 5167 1130 5210 tam
1160 5157 1351 5218 multa,
1387 5164 1464 5216 ut,
1512 5153 1557 5208 si
1595 5153 1765 5207 ascri-

185 5269 313 5328 ptus
346 5257 549 5312 sanctis
595 5256 754 5318 foret,
784 5262 838 5305 et
882 5260 1028 5307 certo
1057 5257 1331 5305 constaret
1391 5264 1500 5319 quo
1545 5248 1764 5302 nomine

186 5357 372 5407 dictus
399 5349 709 5420 patriarcha
742 5346 925 5411 fuerit,
966 5358 1073 5398 non
1100 5342 1310 5397 modica
1333 5341 1480 5395 illius
1508 5343 1613 5394 vita
1642 5341 1767 5393 inde

187 5445 370 5514 tolligi
400 5452 606 5513 posset.

258 5537 316 5598 2.
384 5537 577 5594 Verum
620 5534 843 5607 quando
880 5533 925 5590 is
964 5538 1277 5603 assumptus
1315 5546 1379 5587 au
1425 5528 1766 5600 patriarcha-

1875 4979 2034 5033 istius
2067 4980 2306 5032 nominis
2352 4978 2533 5034 nullus
2569 4978 2669 5034 luit
2700 4992 2825 5034 ante
2855 4996 3004 5046 eum,
3033 4996 3196 5051 quem
3230 4984 3321 5037 alii
3349 4981 3453 5038 δεμ

1882 5070 2142 5147 pientem,
2166 5072 2258 5124 alii
2284 5070 2674 5139 Philosophum
2715 5073 2990 5142 appellare
3035 5076 3233 5138 solent,
3268 5075 3451 5130 Basilii

1884 5160 2197 5218 Macedonis
2249 5165 2440 5217 lilium.
2496 5164 2630 5219 Nam
2690 5164 2799 5219 Leo
2847 5165 3159 5231 Isauricus,
3225 5169 3455 5236 ejusque

1875 5270 2044 5324 nepos
2069 5257 2401 5328 Coprouytni
2443 5258 2584 5313 Illius
2616 5257 2757 5319 Leo.
2789 5257 3070 5313 Chaaarus
3131 5274 3159 5310 a
3210 5272 3457 5316 materno

1872 5363 2072 5419 genere
2129 5351 2329 5415 dictus,
2376 5365 2442 5404 ac
2497 5351 2733 5420 denique
2763 5352 2873 5406 Leo
2928 5352 3222 5414 Armenus,
3267 5353 3456 5410 lcouo-

1876 5443 2054 5495 machi
2112 5454 2326 5509 omnes,
2397 5458 2505 5498 non
2555 5455 2839 5499 merentur
2885 5443 2976 5498 hic
3009 5448 3453 5500 commemorari.

1895 5531 2159 5605 [ἶνειιιγὶι
2189 5543 2369 5588 autem
2406 5532 2513 5589 Leo
2549 5534 2911 5605 Philosophus
2939 5532 3008 5588 ab
3044 5549 3189 5589 anno
3236 5537 3338 5590 886
3386 5540 3453 5592 ad
