3982 6346
191 373 283 437 625

1345 355 1525 418 VlTA
1570 356 1632 415 Β.
1679 349 2007 412 ΑΝΒΙὶΕίΕ
2049 345 2246 408 SALl.

3327 328 3449 393 εες

189 499 313 541 uitur
357 483 550 536 stultus
603 479 728 548 fuit,
787 477 836 530 in
877 491 1003 544 pars
1061 474 1218 527 vitam
1251 473 1390 541 ﬁuit.
1423 471 1561 526 Tum
1589 480 1742 522 more
1767 469 1816 530 Α
1840 463 2030 536 phoro,
2059 473 2263 531 magna
2281 447 3432 548 sanctissimeque-laciEcclesimaacerdote.

189 583 290 630 iero
317 588 414 628 suo
451 573 555 626 hoc
577 569 797 636 subjicit
821 563 1093 622 distichon
1128 581 1143 618 :

247 703 453 759 Παύλου
491 705 548 756 τδ
583 695 883 770 Mummi
907 697 1183 770 uersere;
1215 695 1495 770 ‘Avdpdgc,

259 775 441 844 Ἡμεῖς
470 775 558 827 διὰ
583 766 829 842 ⁷Χρινσαιόν
851 766 919 839 γέ
946 769 1143 839 μωροὶ,
1175 766 1502 837 κραυγὰζσι.

248 911 397 976 Quod
415 909 616 965 Paulus
655 907 778 962 olim
807 907 1028 970 cecinit;
1061 904 1181 957 hinc
1203 899 1432 976 Sanctus
1478 899 1741 976 migrans,

247 973 357 1036 Nos
395 981 547 1035 διαιιὶ
574 995 752 1033 arnore
783 976 1002 1040 Christi,
1026 974 1336 1060 etAndreas
1367 973 1532 1024 canit.

247 1110 300 1174 7.
365 1115 646 1172 Praedicta:
708 1126 875 1182 porro
939 1105 1293 1165 obscuritatis
1324 1105 1464 1174 apud
1501 1112 1747 1172 posteros

175 1218 347 1283 potest
366 1208 530 1262 etiam
563 1205 670 1259 alia
694 1203 890 1272 duplex
921 1213 1082 1254 causa
1120 1195 1384 1268 assignari
1421 1203 1572 1248 :tum
1602 1190 1747 1260 quod

176 1305 293 1373 ipso
321 1301 532 1353 vivente
557 1293 925 1368 paucissimis,
951 1295 1025 1346 uti
1045 1291 1250 1346 dictum
1281 1298 1388 1351 est.
1411 1286 1530 1356 ejus
1553 1285 1749 1356 agendi

173 1393 364 1448 modus
409 1403 466 1445 et
499 1390 716 1445 occulta
755 1387 1021 1442 sanctitas
1055 1381 1369 1444 innotuerit,
1402 1395 1433 1434 a
1479 1379 1753 1448 plerisque

174 1498 268 1554 pro
320 1483 488 1539 stulto
525 1489 580 1536 et
625 1478 964 1534 dzemoniaco
1007 1473 1176 1530 habiti
1212 1492 1226 1529 :
1291 1481 1405 1527 tum
1458 1471 1604 1541 quod
1631 1478 1754 1545 post

167 1583 423 1638 mortem,
455 1571 640 1628 ablato
675 1570 936 1625 divinitus
965 1578 1218 1638 corpore,
1248 1563 1413 1619 nulla;
1449 1562 1568 1633 ejus
1632 1562 1756 1616 reli-

169 1663 759 1738 qttiaelsuperfuerint,
816 1660 894 1714 Ex
946 1662 1129 1730 priore
1153 1659 1356 1713 factum
1396 1664 1505 1721 est,
1548 1664 1608 1710 ut
1663 1671 1756 1707 ne-

169 1759 322 1825 mini,
352 1744 712 1829 praeterquam
755 1753 1118 1811 familiaribus
1138 1752 1256 1808 suis
1302 1753 1352 1806 itt
1388 1750 1756 1806 aestimatione

1843 533 2036 608 Exstat
2082 550 2270 605 eadem
2333 539 2473 600 Vita'
2507 553 2612 599 uti.
2643 543 2696 595 itt
2741 539 3066 595 bibliotheca
3114 533 3430 598 Viennensi.

1843 654 1905 698 ut
1943 644 2122 714 legere
2155 649 2240 699 est
2269 640 2322 694 in
2356 637 2697 692 Bibliodteea
2725 630 2950 689 Gesneri
2973 639 3141 685 aucta
3165 631 3434 700 impressa

1844 735 2032 804 Tiguri
2097 749 2241 788 anno
2306 731 2469 794 l583,
2509 729 2594 784 bis
2649 725 2829 782 verbis
2861 743 2875 780 :
2913 741 2936 778 ι
2975 723 3338 796 Nicephorus,
3365 721 3434 778 de

1849 827 1969 882 Vita
2019 827 2270 893 Andreae,
2321 824 2457 878 liber
2491 832 2648 878 vetus
2707 817 2762 873 in
2791 826 2986 889 quarto
3019 830 3124 871 tus.
3156 814 3270 870 bib.
3298 813 3435 884 lmp.

1853 919 2094 976 Viennae.
2131 939 2152 973 ο
3125 969 3128 972 .

1921 1016 1975 1070 9.
2006 1013 2140 1084 Ego,
2177 1010 2430 1066 Patribus
2456 1005 2803 1064 chsohenio
2834 1012 2888 1060 et
2941 1001 3314 1072 Papebrocbio
3368 1014 3436 1056 ao

1851 1093 2069 1177 tempus
2126 1105 2347 1175 aliquod
2420 1102 2583 1157 datus
2660 1100 2930 1168 adjutorg.
2974 1097 3433 1168 quemadmodum

1856 1199 2032 1254 Vitam
2069 1190 2241 1254 sancti
2270 1195 2559 1267 Symeonis
2586 1191 2796 1264 Styliue
2852 1193 2922 1246 in.
2969 1200 3152 1245 monte
3206 1183 3467 1244 liii-abili-

1852 1294 2083 1364 ejusque
2137 1291 2329 1346 matris
2387 1297 2594 1344 sanctae
2629 1285 2855 1341 Marthae
2902 1284 3115 1357 primus
3148 1282 3444 1340 Latinitate

1857 1386 2096 1450 donavi;
2159 1366 2236 1438 ita
2272 1392 2326 1437 ct
2379 1382 2520 1438 lianc
2551 1378 2722 1436 sancti
2750 1378 2978 1433 Andreae
3010 1374 3258 1437 Latinam
3289 1376 3390 1432 feci
3427 1393 3440 1428 :

1855 1479 1950 1532 sed
1992 1493 2101 1532 non
2136 1477 2326 1531 eadem
2358 1490 2482 1530 cum
2515 1472 2801 1529 facilitate.
2833 1471 2924 1526 Illa
2949 1471 3098 1526 enim
3153 1469 3445 1542 Symeonis

1857 1568 1982 1625 Vita
2011 1568 2222 1635 Gt-tet-a,
2254 1568 2330 1623 uti
2359 1567 2563 1637 liquida
2589 1565 2914 1636 usitatisque
2971 1565 3172 1636 passim
3217 1565 3444 1619 vocibus

1857 1673 1915 1719 et
1988 1661 2488 1718 construetionibus
2555 1659 2870 1727 conscripta
2944 1644 3066 1714 erat
3144 1659 3348 1715 sarculo
3392 1673 3444 1713 νι

1862 1765 2118 1820 exeunte,
2151 1755 2224 1809 ita
2252 1753 2496 1809 suaviter
2523 1753 2592 1808 ad
2621 1752 2828 1808 exitum
2872 1749 3104 1806 deducta
3124 1733 3443 1808 .versioeu.

166 1821 317 1907 esset
335 1821 367 1919 ς’
385 1821 635 1918 adeoque.
661 1848 764 1904 soli
789 1846 1120 1918 Nicephoro,
1162 1844 1428 1916 spirituali
1475 1843 1596 1924 ejus
1650 1841 1755 1896 Pa-
1789 1821 1831 1880 Β
1862 1844 1989 1901 "th
2023 1859 2156 1900 vero
2194 1842 2446 1907 Andreae,
2467 1840 2756 1923 deﬁciente
2777 1840 2890 1911 jam
2945 1839 3061 1896 fere
3096 1855 3221 1895 cum
3273 1837 3449 1908 maje-

163 1947 259 2013 tri,
304 1959 454 1999 curre
508 1931 835 2012 lueritejus'
867 1940 1131 1995 adnotare
1152 1944 1304 2008 gesta
1343 1951 1465 2006 quae
1504 1943 1750 1998 noverat,

164 2051 290 2090 cum
321 2035 535 2090 inllnita
571 2050 695 2090 eum
728 2034 975 2094 laterent,
997 2045 1095 2086 nec
1117 2045 1243 2085 raro
1275 2029 1423 2092 talia,
1475 2027 1607 2082 utin
1656 2026 1754 2078 ad-

162 2130 507 2186 mirationem
543 2137 827 2204 raperent
881 2133 1254 2196 spectatores;
1311 2124 1404 2178 sed
1488 2121 1633 2192 quod
1681 2119 1754 2174 ab

160 2221 383 2275 homine
439 2219 775 2274 datmoniaco
796 2216 1064 2286 prolicisci
1093 2204 1442 2284 putabantur,
1487 2211 1753 2267 daatttonis

156 2311 346 2380 potius
399 2325 565 2380 quam
621 2309 821 2364 divinae
854 2307 1272 2362 ascribebantur
1305 2304 1518 2359 virtuti.
1550 2302 1628 2357 Ex
1653 2318 1754 2374 po-

161 2404 407 2460 steriore
449 2413 616 2473 patet,
661 2402 871 2458 nullum
925 2399 1294 2455 sacrosanctis
1349 2397 1469 2468 ejus
1509 2396 1754 2466 reliquiis

153 2497 361 2552 deferri
418 2497 625 2550 cultum
667 2511 732 2550 ac
791 2495 1222 2558 venerationem,
1248 2492 1394 2544 nulla
1431 2491 1616 2544 adeas
1654 2504 1755 2559 pa-

155 2590 289 2643 trari
317 2588 609 2651 miracula,
638 2602 738 2643 nec
776 2587 1068 2641 admodum
1093 2587 1184 2640 ditt
1217 2601 1406 2640 earum
1433 2584 1752 2638 memoriam

152 2684 209 2736 in
244 2682 455 2736 animis
485 2682 762 2735 hominum
816 2674 1054 2734 residere
1109 2678 1353 2747 potuisse
1383 2695 1397 2732 :
1433 2678 1480 2732 si
1531 2675 1752 2746 quidem

163 2788 292 2842 quae
322 2771 578 2842 procula
617 2780 912 2841 conspectu
963 2778 1175 2831 nostro,
1218 2769 1381 2823 etiam
1435 2770 1757 2838 plerumque

151 2865 356 2934 procul
387 2865 458 2917 ab
487 2863 670 2916 animo
694 2871 899 2916 remota
931 2870 1083 2916 sunt.
1115 2861 1358 2914 lielictus
1381 2861 1602 2930 quidem
1633 2867 1758 2930 post

157 2965 390 3024 raptum
425 2953 670 3022 corporis
697 2953 870 3007 sancti
903 2952 1118 3006 divinus
1149 2951 1306 3017 odor,
1339 2952 1575 3021 primum
1625 2935 1756 3020 pau-

151 3046 410 3116 percula}
457 3045 676 3100 cuidam
741 3045 982 3108 mulieri,
1047 3052 1163 3097 tum
1209 3043 1334 3098 aliis
1392 3041 1648 3111 plurimis
1687 3055 1759 3096 eo

149 3139 613 3202 accurrentibus,
640 3138 1008 3191 testimonium
1044 3136 1316 3203 praebebat
1340 3147 1569 3192 eatenus
1600 3135 1756 3202 igno-

148 3244 287 3285 rata:
330 3230 576 3284 hominis
606 3231 902 3284 sanctitati.
937 3227 1114 3282 Vitam
1163 3237 1363 3294 tamen,
1397 3228 1526 3282 licet
1569 3229 1753 3281 statim

145 3341 178 3377 a
234 3331 429 3378 morte
481 3323 766 3392 scriptam,
827 3322 1152 3375 crediderim
1219 3321 1286 3375 de
1326 3319 1590 3374 industria
1626 3335 1757 3388 sup-

152 3430 425 3488 pressam
454 3413 645 3477 fuisse,
672 3423 725 3468 et
758 3414 825 3467 ab
859 3414 1162 3484 Epiphanio
1209 3422 1588 3476 asservatam;
1619 3427 1758 3482 quo-

142 3500 420 3576 ndu-tiue
454 3508 538 3560 hic
567 3506 740 3560 factus
776 3507 1084 3576 patriarcha
1134 3505 1541 3576 praediCtionent
1572 3504 1754 3559 Sancti

145 3604 220 3657 de
281 3619 350 3658 se
410 3600 608 3656 factam
651 3602 914 3670 implevit.
950 3598 1088 3654 Tum
1119 3615 1271 3662 vero,
1295 3609 1508 3652 mortuo
1550 3598 1759 3652 verosi-

147 3698 376 3750 tniltter
433 3695 546 3764 jam
613 3695 822 3762 pridem
894 3704 1135 3756 auctore,
1188 3691 1313 3746 data
1347 3691 1400 3745 itt
1437 3692 1611 3745 lucem
1653 3691 1753 3753 sit;

143 3787 487 3856 patriarcha
520 3787 636 3855 ipso
665 3785 964 3838 allirmante
995 3797 1141 3847 vera,
1197 3785 1411 3853 sibique
1455 3792 1605 3838 certo
1658 3797 1755 3836 co-

143 3884 315 3950 gnita
380 3879 593 3945 fuisse,
659 3892 1001 3948 quaecunque
1055 3873 1393 3945 Ntcepltorus
1417 3875 1754 3944 scripserat;

145 3979 359 4045 itaque
429 3971 643 4024 initium
697 3969 920 4037 aliquod
952 3969 1136 4022 datum
1170 3968 1367 4031 cultui,
1399 3984 1495 4038 per
1521 3968 1757 4022 nominis

142 4062 584 4135 inscriptionem
636 4062 689 4115 itt
744 4060 1065 4130 Synaxariis
1110 4061 1470 4130 quibusdam;
1504 4061 1647 4129 quod
1680 4071 1760 4113 ta-

142 4175 283 4214 men
352 4152 650 4228 plerosque
720 4154 1144 4224 Synaxariorutn
1208 4155 1628 4222 transcriptores
1676 4153 1760 4208 fu-

140 4258 330 4326 gerit.

225 4353 289 4404 8.
330 4347 420 4400 Ad
484 4343 659 4400 Vitam
707 4344 878 4413 ipsam
908 4345 1056 4412 quod
1109 4343 1323 4408 attinet,
1353 4343 1560 4412 duplex
1612 4343 1759 4398 illius

137 4441 306 4497 nacti
369 4453 567 4492 sumus
639 4441 938 4504 exemplar,
989 4450 1219 4502 quorum
1265 4436 1496 4488 alterum
1554 4434 1761 4490 descri-

141 4543 319 4602 ptuttt
382 4530 543 4583 nobis
597 4544 629 4583 e
704 4529 1034 4583 bibliotheca
1083 4527 1335 4580 Vaticana
1366 4529 1468 4582 sub
1502 4538 1626 4581 nota
1659 4545 1760 4581 llu-

138 4622 300 4679 tncri
377 4621 515 4676 i571
562 4635 686 4675 cum
755 4622 859 4676 hoc
909 4621 1091 4681 titulo,
1117 4618 1237 4680 Βίος
1271 4621 1365 4670 καὶ
1397 4619 1640 4672 πολιτεία
1664 4622 1758 4674 τοῦ

143 4713 464 4786 μακαρίου
507 4713 753 4783 Ἀνδρέου,
786 4713 878 4765 τοῦ
917 4713 1113 4778 Ean-5,
1140 4714 1234 4777 τοῦ
1270 4715 1349 4774 εἰς
1375 4714 1438 4766 τὸ
1466 4713 1760 4778 Βυζάντιον

132 4809 248 4876 τῆς
293 4805 682 4874 θεοφυ).ἀκτου
725 4801 930 4863 πόλεως
983 4806 1307 4871 ποιήσαντος
1354 4805 1544 4857 ἑαυτὸν
1583 4821 1761 4874 παρα-

137 4897 431 4950 παίοντι.
498 4889 616 4946 Vita
666 4900 714 4944 et
759 4895 1081 4947 cottversatio
1139 4892 1204 4946 Β.
1266 4894 1490 4947 Andreiv
1533 4895 1649 4948 Soli
1670 4894 1762 4962 qui

131 4987 460 5062 Byzattzii,
495 4985 620 5039 urbe
653 4979 829 5038 divino
860 4985 1107 5053 prasidio
1156 4995 1289 5046 tutu,
1327 4992 1493 5055 seipse
1539 4989 1759 5042 stultum

135 5077 739 5133 ainmlaut’t.Alterum
769 5091 798 5130 e
829 5073 1164 5129 Bibliotheca
1196 5075 1615 5132 eminentissimi
1648 5095 1763 5133 caro

135 5169 380 5225 duratis
408 5167 664 5221 Mazarini
694 5165 1061 5222 commodavit
1098 5166 1273 5229 nobis,
1337 5169 1600 5238 tantisper
1635 5185 1759 5224 cum

139 5282 262 5318 ttts.
308 5263 520 5314 nostro
564 5260 957 5315 conferendum
984 5264 1038 5310 et
1077 5257 1308 5310 alterum
1350 5276 1412 5312 ex
1443 5267 1613 5314 altero
1636 5277 1764 5315 cor-

135 5356 467 5424 rigcntlttnt
501 5355 987 5428 supplendumque,
1047 5355 1112 5411 ll.
1173 5353 1496 5408 P.Jacobus
1555 5353 1760 5420 Quetif,

133 5451 261 5503 sub
312 5447 433 5498 ltoc
475 5447 630 5500 titulo
670 5463 684 5476 ο
725 5447 845 5512 Bia;
914 5450 1008 5504 xui.
1055 5446 1299 5500 πολιτεία
1338 5447 1430 5499 τοῦ
1487 5448 1759 5516 μακαρίου

133 5537 432 5609 Ἀνδρέα,
464 5521 559 5590 soi”:
618 5538 706 5592 διὰ
735 5541 966 5611 Χριστὸν
1007 5538 1201 5600 Σαλοῦ,
1237 5541 1574 5607 συγγραφεὶς
1607 5539 1754 5608 παρ’

131 5629 522 5700 Νικηφόρον,
583 5631 772 5702 ἱερέως
801 5615 897 5702 τῆς
923 5631 1016 5684 τοῦ
1045 5631 1179 5684 Θεοῦ
1233 5631 1540 5702 ἁγιωτάτης
1593 5633 1761 5700 percit-

133 5725 250 5795 λης
318 5722 683 5792 Ἐκκληπίας.
749 5723 866 5780 Vita
908 5737 957 5780 et
1009 5738 1330 5780 conversatio
1391 5725 1455 5780 Β.
1509 5727 1755 5789 Attdren',

131 5821 240 5886 qui
290 5827 524 5886 propter
563 5817 829 5875 Christum
859 5822 1049 5876 stultus
1084 5823 1178 5889 {nit
1210 5826 1502 5886 conscripta
1539 5841 1568 5874 α
1600 5820 1760 5875 Nth

1861 1947 2002 1994 state
2060 1936 2274 2006 imperii
2327 1916 2492 1989 etiam
2556 1933 2755 2004 linguae
2789 1933 3028 1994 cultura.
3093 1931 3340 1987 barbaris
3392 1939 3452 1985 ut

1863 2028 2135 2094 moribus,
2162 2029 2246 2104 sic
2275 2016 2555 2098 vocabulis
2603 2025 2884 2082 turmatim
2909 2024 3447 2094 Constantinopolim

1861 2139 1924 2181 se
1983 2123 2366 2190 inferentibus,
2421 2121 2632 2179 saeculo
2669 2122 2885 2177 decimo
2909 2129 3130 2198 exarata
3179 2118 3264 2192 (ea
3313 2135 3450 2192 prte-

1861 2217 2049 2274 sertim
2079 2233 2200 2288 quze
2232 2231 2265 2271 e
2323 2214 2652 2270 bibliotheca
2703 2211 2958 2269 Vaticana
3013 2212 3286 2283 descripta
3317 2215 3456 2283 est),

1863 2325 1972 2366 non
2015 2312 2178 2366 modo
2205 2309 2511 2380 peregrinis
2538 2321 2595 2363 et
2618 2325 2649 2363 a
2698 2319 2940 2362 veterum
2999 2306 3316 2362 Graecorum
3345 2321 3447 2362 usu

1864 2404 2089 2459 remotis
2137 2403 2364 2458 vocibus
2417 2416 2582 2471 quam
2656 2401 2907 2470 plurimis
2982 2411 3193 2468 scatet;
3255 2416 3446 2455 verum

1861 2497 2028 2551 etiam
2061 2509 2156 2565 per
2182 2493 2513 2558 socordiam,
2550 2493 2632 2548 vel
2670 2492 2879 2548 librarii
2928 2494 3128 2561 nostri,
3161 2492 3243 2548 vel
3301 2493 3457 2549 illius

1861 2590 1956 2657 qui
2017 2585 2338 2642 Vaticanum
2388 2573 2667 2656 exemplar
2693 2585 2935 2647 curavit.
2988 2585 3451 2657 frequentissimi:

1863 2680 2040 2734 obsita
2095 2690 2181 2734 est
2221 2679 2537 2748 scriptionis
2599 2679 2834 2744 utendis,
2891 2681 3070 2750 iisque
3134 2696 3280 2751 sepe
3338 2690 3447 2737 tam

1862 2769 2108 2832 absonis,
2141 2778 2202 2823 ut
2229 2783 2452 2824 sensum
2485 2769 2781 2824 diltioulter
2821 2786 3038 2839 possent
3083 2771 3451 2842 coniectando

1863 2863 2110 2932 assequi,
2165 2863 2309 2916 unde
2339 2861 2690 2929 interpretari
2742 2864 2982 2932 cupienti
3010 2878 3117 2915 non
3153 2864 3286 2920 levis
3315 2880 3449 2920 sane

1864 2956 2114 3010 molestia
2141 2963 2196 3009 et
2229 2969 2381 3010 mora
2416 2955 2628 3008 diutina
2663 2954 2861 3024 injecta
2895 2969 2994 3011 esu
3039 2954 3106 3010 Ut
3141 2967 3322 3011 autem
3383 2973 3450 3011 oo

1864 3059 2110 3119 tempore
2147 3049 2382 3102 multum
2425 3063 2456 3102 a
2511 3050 2680 3103 veteri
2708 3048 3008 3104 Graecistno
3037 3051 3313 3106 defecerat
3343 3050 3451 3106 llo-

1811 3191 1825 3208 ,
1864 3157 2048 3204 mana,
2095 3156 2260 3212 quam
2299 3141 2588 3206 vocabant,
2623 3141 2676 3196 id
2723 3151 2805 3196 est
2854 3140 3447 3212 Constantinopolitani

1858 3235 2042 3305 pepuli
2112 3236 2334 3303 lingua;
2377 3234 2450 3288 ita
2482 3243 2537 3289 et
2575 3237 2946 3306 grammaticae
2983 3237 3123 3291 ratio
3169 3239 3320 3293 valde
3351 3255 3448 3308 ap-

1857 3339 2014 3396 paret
2058 3327 2285 3382 alterata
2333 3329 2385 3380 itt
2417 3344 2523 3383 ttts.
2580 3327 2862 3391 Vaticano,
2893 3332 2945 3381 iit
2978 3346 3087 3397 quo
3120 3341 3444 3389 constanter

1858 3419 2040 3487 legere
2068 3427 2174 3485 est,
2205 3419 2542 3488 Δευσχὴμων
2567 3429 2621 3474 et
2669 3421 3070 3490 Δευσχημονέω
3095 3436 3192 3490 pro
3218 3425 3443 3495 Λευχείε

1861 3526 1976 3579 μων
2015 3517 2069 3562 et
2093 3509 2919 3583 Asuxatpovéw,Aatpovtouvm
2948 3526 3047 3580 pro
3070 3513 3441 3581 Δαιμονῶντα,

1870 3600 2266 3671 ’Δχροούμενος
2291 3615 2390 3670 pro
2438 3599 2830 3672 ’Λχροώμινος,
2865 3606 3236 3659 contrahendo
3267 3623 3333 3657 ao
3389 3607 3442 3660 in

1856 3712 1942 3758 ου,
1973 3695 2115 3762 quod
2141 3703 2195 3748 ct
2223 3695 2360 3749 alias
2386 3710 2562 3762 stepc;
2609 3711 2734 3748 cum
2771 3695 3033 3750 deberent
3070 3700 3284 3754 vocales
3331 3700 3448 3754 ista:

1859 3787 2111 3841 coatralti
2155 3787 2207 3840 in
2231 3805 2298 3841 ω.
2337 3787 2516 3840 Simili
2544 3791 2708 3842 modo
2758 3787 2812 3841 itt
2849 3791 3008 3843 tertia
3042 3807 3275 3860 persona
3309 3804 3447 3847 tent-

1858 3884 2010 3950 poris
2043 3879 2343 3948 imperfecti
2375 3897 2432 3932 εε
2471 3882 2820 3936 contrahitur
2872 3883 2986 3937 fere
3032 3901 3247 3955 semper
3307 3889 3360 3941 itt
3411 3905 3450 3960 η

1859 3987 1959 4042 pro
1993 3989 2043 4025 ει
2071 3988 2156 4041 _v.
2210 3989 2265 4042 g.
2331 3974 2540 4044 Ἐποίη,
2584 3975 2818 4045 ’Δπὴχη,
2883 3977 3207 4049 Ἥδολέσχη,
3255 3980 3450 4036 Ἀπεν-

1857 4065 2121 4135 χαρίσθη,
2151 4081 2249 4135 pro
2289 4064 2518 4129 ‘Ettoiet,
2586 4068 2834 4138 ’Δπήχειο
2879 4070 3210 4141 Ἠδο).ἐσχει,
3255 4073 3446 4128 Ἀπιυο

1860 4159 2130 4230 χαρὶστει,
2183 4159 2265 4215 sic
2297 4171 2441 4216 eteo
2474 4160 2708 4216 subinde
2763 4165 3109 4218 contrahitur
3150 4167 3350 4222 ibidem
3392 4170 3448 4223 in

1857 4269 1896 4322 η
1953 4267 2054 4322 pro
2115 4269 2214 4316 ou;
2252 4255 2327 4307 uti
2400 4253 2632 4322 Ἠγνόην
2697 4270 2795 4325 pro
2842 4257 3120 4324 Ἥγνόουν.
3171 4257 3449 4328 Frequent-

1862 4345 2071 4398 ttssinte
2109 4361 2236 4398 vero
2264 4348 2502 4400 secunda
2539 4361 2769 4416 persona
2796 4354 3082 4417 praesentis
3124 4353 3325 4419 passivi
3367 4357 3447 4408 \el

1861 4435 2024 4488 medii
2053 4436 2380 4490 terminatur
2422 4437 2474 4490 in
2497 4453 2618 4491 εσαι
2645 4437 2767 4492 loco
2791 4457 2823 4510 ῃ
2859 4459 2872 4493 :
2905 4441 3088 4508 qualia
3132 4442 3245 4497 haec
3274 4444 3445 4514 ἀναγ·

1791 4543 1834 4596 ο
1863 4527 2115 4592 κάζεσαι,
2169 4530 2557 4584 ἀντιτάσσεται
2591 4541 2647 4586 et
2669 4532 2795 4598 alia,
2835 4549 2934 4600 pro
2967 4535 3448 4606 ἁναγκάζῃ,ἀντι-

1861 4623 2058 4691 adeon.
2091 4619 2209 4676 Non
2252 4623 2433 4678 minus
2470 4623 2781 4694 frequentes
2805 4643 2851 4678 ω
2887 4629 2940 4679 in
2983 4643 3014 4679 ο
3047 4629 3291 4694 vet-titur,
3320 4630 3447 4682 dum

1861 4724 2180 4775 constanter
2203 4715 2400 4788 legitur
2422 4715 2584 4768 Γονία
2637 4725 2691 4772 et
2727 4716 3068 4786 Ἐνοτίζαμαι
3118 4733 3216 4788 pro
3274 4719 3451 4773 Γωνέα

1861 4816 1915 4859 et
1992 4806 2367 4875 Ἐνωτίζομαι.
2437 4807 2700 4862 Similiter
2784 4809 3122 4880 Ἑμπέκτης,
3175 4810 3446 4876 Ἐξέσιυς,

1875 4896 2248 4966 Ἑσδητήριον,
2305 4916 2402 4966 pro
2476 4895 2868 4972 Ἑμπαίκτης,ς
2918 4901 3204 4968 Ἐξαίσιος,
3241 4903 3450 4971 Atelli;-

1860 4989 2073 5055 τήριον,
2128 5002 2182 5042 et
2232 4989 2337 5042 alia
2393 4989 2662 5056 ejusmodi
2705 5001 2912 5056 mutata
2974 5009 3035 5044 tr:
3062 4992 3118 5047 in
3150 5010 3198 5045 ε.
3229 4994 3448 5050 Similes

1861 5079 2064 5147 passim
2088 5081 2319 5132 aliarum
2361 5081 2666 5136 litterarum
2697 5085 3060 5148 mutationes,
3112 5085 3452 5154 additiones,

1863 5171 2321 5239 transpositioncs
2355 5173 2537 5226 videre
2564 5185 2708 5228 erat.

1937 5266 2025 5321 10.
2052 5265 2258 5320 Horum
2293 5269 2550 5337 pleraque
2577 5286 2644 5324 ne
2677 5283 2938 5340 perpetuo
2956 5271 3086 5329 fere
3110 5272 3449 5330 oll'euiliculo

1862 5370 2051 5422 essent
2107 5357 2346 5422 Lectori,
2383 5361 2452 5413 ad
2521 5365 2832 5418 communis
2863 5367 3239 5433 grammatica:
3299 5368 3448 5423 Grie-

1861 5467 2048 5520 caeque
2094 5454 2496 5522 orthographia:
2552 5455 2784 5510 formant
2841 5459 3066 5524 reduxi,
3123 5476 3248 5516 raro
3309 5463 3448 5518 alias

1865 5547 2059 5598 usitata
2118 5545 2170 5597 itt
2199 5547 2302 5599 huc
2361 5561 2524 5616 opere
2569 5546 3033 5618 licetttia.‘Nt-que
3077 5553 3181 5607 hoc
3206 5563 3440 5619 tantum,

1861 5635 1957 5689 Sed
2021 5636 2162 5690 facta
2217 5639 2503 5708 utriusque
2561 5656 2662 5694 tus.
2722 5644 2788 5695 ad
2840 5642 3069 5698 invicem
3130 5647 3444 5712 collatione,

1863 5730 2029 5782 multa
2059 5731 2109 5783 in
2145 5747 2247 5786 ins.
2292 5731 2556 5788 Vaticano
2592 5737 2826 5788 obscuea
2871 5753 2936 5791 ex
2983 5738 3352 5793 Mazat-iniano
3381 5741 3444 5792 il-

1861 5821 2108 5888 lustrati.
2175 5840 2273 5881 nec
2332 5842 2535 5896 paucos
2567 5829 2619 5883 itt
2654 5829 2743 5884 illo
2779 5832 3110 5890 omissurum
3146 5835 3432 5889 verborum
