4086 6344
163 444 257 508 209
742 439 755 447 ’
860 442 1489 508 ANTIRBHETICUS
1528 447 1557 505 Ι
1621 447 1792 508 ADV.
1832 445 2433 509 CONSTANTINUM
2474 446 2690 527 COPﬂ.
3326 440 3447 507 210

173 553 403 625 ρακινεῖν
474 553 570 606 καὶ
632 552 823 607 δολοῦν
883 552 1240 623 πειραθέντες
1267 570 1282 586 ·
1326 556 1532 625 ήνυσαν
1577 555 1774 623 πλέονι

1880 555 2152 613 [amonam
2211 571 2341 612 vero
2371 555 2592 627 paribus
2636 569 2701 610 ac
2744 552 2947 609 ethnici
2995 552 3293 610 honoribus
3320 569 3436 610 mao.

175 646 263 712 μὲν
283 641 438 696 οὐδέν
467 660 520 697 τι
551 659 564 673 ·
605 644 818 699 ἐκεῖνον
847 643 905 698 δὲ
935 646 1054 709 ταῖς
1095 644 1321 709 ἰσοθέοις
1377 645 1501 699 καθ’
1546 646 1748 718 Ἔλλη-

1880 657 2026 717 :taut,
2070 650 2123 703 in
2153 652 2378 718 ejusque
2436 659 2643 703 sectam
2670 655 2832 718 atque
2858 646 3183 702 sententiam
3212 646 3437 718 pedibus

172 752 259 800 νας
298 736 624 808 γεραίρουσι
646 738 862 809 τιμαῖς,
894 739 961 807 τῇ
996 754 1057 790 τε
1090 735 1216 809 δόξῃ
1243 739 1309 809 τῇ
1350 738 1514 791 αὐτοῦ
1550 740 1645 793 καὶ
1670 739 1753 810 τῷ

1880 750 2044 795 ιιιιιιεε
2083 738 2614 808 imprudentissime,
2655 747 2918 808 tanquam
2976 738 3251 808 propriam
3293 740 3437 796 asci-

179 830 471 900 φρονήματι
520 829 954 902 προστρέχοντες
991 830 1395 899 ἀφρονέστατα,
1429 832 1505 895 ὡς
1548 835 1750 886 οἰκεῖον

1884 841 2010 886 cunt
2028 846 2093 889 ac
2123 831 2374 902 diligunt.
2400 831 2581 900 Atque
2615 832 2668 885 in
2699 831 2784 886 his
2815 830 3108 902 praecipue,
3126 830 3217 901 qui
3241 830 3438 888 stolide

181 917 632 990 περιπτύσσονται
692 920 791 973 καὶ
845 918 1209 984 ἀσπάζονται.
1252 921 1364 973 Καὶ⁸
1402 919 1612 974 τούτων
1648 920 1751 992 μά-

1880 939 1907 978 η
1931 923 2077 979 illius
2107 924 2379 994 apostasia
2414 924 2757 994 antesignani
2787 932 2935 990 sunt,
2973 935 3039 979 ex
3075 924 3177 978 hac
3210 923 3439 993 ignomi-

179 1010 322 1063 λιστα
358 1010 409 1064 οἱ
438 1011 685 1083 ἀνοήτως
712 1014 813 1081 τῆς
845 1011 1060 1065 ἐκείνου
1099 1013 1443 1077 ἀποστασίας
1478 1030 1752 1085 προεστη-

1880 1017 1942 1070 iia
1969 1015 2171 1070 claram
2200 1013 2399 1070 famam
2428 1015 2652 1085 adipisci
2678 1023 2805 1085 puta
2823 1024 2969 1079 ntcs,
2997 1014 3149 1070 hisce
3174 1015 3440 1086 dogmati-

178 1100 340 1167 κότες,
372 1103 437 1153 ἐκ
465 1100 565 1170 τῆς
586 1101 846 1172 τοιαύτης
879 1101 1144 1173 αἰσχύνης
1164 1102 1225 1156 τὸ
1253 1104 1554 1174 περιφανὲς
1590 1122 1752 1159 κατα-

1880 1122 1957 1162 uts
2001 1106 2339 1176 inexplorate
2371 1120 2434 1161 ac
2477 1107 2593 1162 sine
2623 1106 2732 1161 ullo
2757 1106 3006 1162 examine
3038 1105 3428 1177 suﬂ'ragantur.

175 1192 402 1248 κτᾶσθαι
441 1192 700 1264 οἰόμενοι,
747 1195 844 1248 καὶ
891 1194 1104 1258 τούτοις
1148 1195 1380 1266 ἐρεύνης
1426 1196 1522 1249 καὶ
1570 1196 1753 1264 έξετά-

1880 1198 2067 1254 Ξιεηίιιι
2090 1214 2331 1269 praeceps
2356 1209 2440 1254 est
2461 1200 2691 1265 malitia,
2724 1200 3125 1273 vehemensquc
3160 1199 3227 1254 ad
3256 1200 3441 1268 pejora

176 1301 307 1347 σεως
343 1284 474 1338 ἄνευ
518 1284 897 1339 συντίθενται·
937 1285 1130 1355 ἐπειδὴ
1169 1289 1525 1359 πρόχειρονή
1560 1289 1751 1354 κακία,

1880 1305 2069 1357 rursus,
2095 1302 2150 1345 et
2185 1292 2466 1347 hominum
2503 1293 2936 1363 voluptariorum
2970 1294 3037 1347 ad
3094 1308 3183 1348 res
3216 1294 3444 1348 munda-

1859 1396 1960 1437 nas
1987 1382 2155 1436 multa
2182 1381 2519 1452 proclivitas.
2557 1382 2634 1437 Ex
2679 1382 2876 1453 quibus
2908 1392 3070 1439 aucto
3094 1383 3227 1452 ipsis
3268 1383 3435 1449 malo,

1859 1474 2131 1545 propriam
2163 1474 2394 1531 salutem
2418 1475 2794 1544 prodiderunt,
2820 1484 2973 1544 peste
3006 1474 3434 1544 velutiquadam

1859 1572 1914 1620 et
1928 1563 2163 1620 exitioso
2192 1564 2357 1619 animi
2387 1564 2579 1619 morbo
2607 1564 2742 1635 ipsis
2766 1565 3085 1636 obrepente.
3106 1563 3248 1620 llinc
3277 1565 3443 1620 incir'

1861 1656 2178 1727 cumscripti
2214 1656 2477 1714 vocabulo
2492 1644 2955 1727 .patrocinantur,
2982 1671 3089 1727 quo
3129 1656 3443 1712 Servatoris

1860 1758 2031 1811 nostri
2062 1755 2299 1810 divinam
2332 1754 2766 1810 incarnationem
2823 1752 3016 1808 callide
3064 1751 3447 1822 malitioseque

1862 1857 2106 1904 evertere
2121 1845 2366 1902 funditus
2393 1845 2709 1901 moliuntur.
2733 1844 2898 1915 quue
2915 1843 3234 1899 vocabulum
3256 1844 3471 1899 ortho-'

1860 1939 2018 1997 doxis
2046 1948 2407 2011 opponentes,
2434 1947 2492 1995 et
2538 1945 2797 2008 tanquam
2853 1936 3271 2007 inexpugnabile
3324 1951 3448 1989 mu-

1861 2034 2046 2090 nimen
2094 2042 2285 2088 contra
2338 2045 2436 2087 eos
2500 2039 2799 2094 struentes,
2856 2030 3170 2099 superiores
3214 2043 3274 2083 se
3329 2026 3448 2082 fore

1862 2132 2118 2195 sperant;
2166 2120 2347 2191 quasi,
2384 2120 2486 2175 nisi
2540 2119 2714 2175 nostri
2759 2117 2812 2173 id
2872 2117 3187 2181 admittant,
3229 2115 3449 2170 unicam

1864 2213 2072 2270 Christi
2105 2224 2394 2282 personam
2414 2209 2702 2279 adigautur
2726 2204 2993 2271 dividere.
3031 2202 3143 2263 Sed
3194 2199 3451 2272 quoniam

172 1375 261 1428 καὶ
291 1373 463 1438 πολὺς
515 1376 608 1428 ὲπὶ
657 1375 718 1429 τὸ
744 1378 928 1447 χεῖρον
968 1377 996 1428 ὁ
1034 1376 1256 1447 δρόμος,
1306 1377 1399 1431 καὶ
1428 1377 1492 1431 τὸ
1518 1377 1655 1448 πρὸς
1687 1378 1755 1432 τὰ

173 1466 510 1539 περικόσμια
563 1468 674 1522 τῶν
705 1468 1054 1539 φιλοσάρκων
1118 1468 1442 1540 ὲπιρῥεπές.
1504 1468 1629 1539 Ὑφ’
1678 1464 1756 1525 ὧν

171 1558 565 1631 ὲναυξηθέντος
606 1562 793 1626 αὐτοῖς
840 1561 938 1615 τοῦ
991 1561 1189 1627 κακοῦ,
1248 1561 1318 1615 τά
1382 1562 1483 1632 τῆς
1546 1564 1758 1627 οίκείας

173 1653 479 1726 ἀσφαλείας
502 1652 850 1727 προῦδωκαν,
901 1652 1092 1725 ὥσπερ
1126 1652 1378 1726 λοιμικοῦ
1409 1671 1557 1718 τινος
1591 1656 1756 1726 ἐφερ-

171 1747 446 1813 πύσαντος
480 1750 573 1803 καὶ
597 1747 945 1821 ψυχοφθόρου
980 1746 1210 1812 πάθους.
1258 1746 1540 1802 Ἐντεῦθεν
1567 1750 1635 1821 τῇ
1662 1747 1757 1802 τοῦ

169 1841 594 1915 ἀπεριγράπτου
650 1842 1006 1899 συνίστανται
1065 1842 1241 1912 φωνῇ,
1289 1840 1360 1921 δι’
1395 1835 1463 1914 ἧς
1521 1841 1622 1912 τὴν
1661 1839 1756 1895 τοῦ

170 1933 428 2006 Σωτῆρος
484 1936 643 2007 ήμῶν
701 1935 853 1991 θείαν
898 1935 1216 2007 οἰκονομίαν
1270 1934 1596 2008 πανούργως
1659 1933 1755 1988 καὶ

173 2027 467 2098 κακοήθως
497 2031 562 2081 ὲκ
584 2027 804 2099 βάθρων
833 2028 1015 2082 αὐτῶν
1038 2028 1370 2098 ἀνατρέπειν
1392 2025 1757 2098 ἐπιχειροῦσι,

168 2116 270 2172 καὶ
297 2117 507 2191 ταύτην
533 2119 678 2174 κατά
694 2121 802 2174 τῶν
832 2119 1206 2174 εὐσεϐούντων
1256 2118 1759 2191 προχειριζόμενοι,

168 2211 271 2264 καλ⁵
292 2210 483 2281 ὥσπερ
514 2208 1031 2279 δυσκαταγώνιστον
1086 2209 1444 2279 ἐπιτείχισμα
1504 2210 1764 2276 κατεξαν-

170 2302 432 2365 ιστάντες
504 2301 714 2368 αὐτοῖς,
780 2301 1034 2371 αἱρήσειν
1097 2300 1335 2354 οἴονται’
1401 2299 1478 2364 ὡς
1544 2302 1593 2353 εί
1685 2300 1763 2372 μὴ

1880 2303 2159 2374 versipelle
2190 2301 2510 2371 variumque
2528 2298 2797 2354 mendacii
2817 2295 3109 2352 artiﬁcium
3137 2301 3246 2358 est,
3278 2292 3452 2348 simu-

166 2391 456 2461 δέξαιντο,
532 2393 845 2464 διαιρήσειν
925 2393 1023 2463 τὴν
1101 2391 1244 2446 κατά
1318 2391 1556 2462 Χριστὸν
1632 2392 1763 2462 μίαν

1880 2396 1983 2451 lant
2012 2411 2073 2452 se
2130 2392 2562 2450 incarnationem
2619 2390 2883 2461 recipere,
2941 2387 3271 2442 verbotenus
3329 2382 3456 2438 sub-

169 2483 480 2538 ὑπόστασιν
568 2484 1043 2556 ἐκϐιασθήσοιντο.
1135 2483 1278 2537 Ἀλλ’
1366 2480 1591 2555 ἐπειδή
1643 2501 1762 2538 ποι-

1880 2491 2154 2554 sistentes,
2211 2484 2338 2556 quia
2401 2482 2762 2540 heterodoxos
2822 2480 2992 2535 videri
3049 2485 3345 2543 verentur;
3399 2489 3456 2529 re

168 2575 329 2630 κίλον
383 2578 476 2630 καί⁷
530 2576 850 2648 πολυσχιδὲς
903 2576 964 2630 τὸ
1011 2577 1107 2630 τοῦ
1175 2574 1405 2645 ψεύδους
1457 2575 1761 2646 τέχνασμα,

1880 2586 2055 2631 tamen
2082 2589 2214 2631 vera
2247 2588 2354 2629 non
2388 2573 2673 2642 repudiaut
2702 2578 2937 2635 tantum,
2960 2566 3058 2624 sed
3111 2574 3166 2621 et
3211 2564 3331 2620 illos
3362 2565 3454 2634 qui

171 2666 611 2723 ὑποπλάττονται
674 2669 772 2739 μὲν
825 2668 1033 2738 ταύτην
1097 2667 1384 2738 δέχεσθαι,
1463 2666 1624 2738 μέχρι
1674 2666 1764 2736 ψι·

1880 2668 2190 2733 admlttunt,
2229 2665 2470 2721 hostium
2501 2664 2623 2721 loco
2645 2663 2931 2728 habentes,
2957 2659 3156 2716 acerbe
3180 2655 3455 2729 repellunt.

171 2756 282 2811 λῶν
334 2759 598 2830 ῥημάτων
646 2760 826 2831 μόνων
874 2757 1277 2831 περιιστάντες,
1323 2756 1385 2810 τὸ
1454 2757 1764 2829 ὲτερόδοξον

1880 2760 2125 2829 nullaque
2158 2758 2315 2814 venia
2337 2757 2663 2829 dignantur.

174 2854 587 2926 αἰσχυνόμενοι,
642 2854 790 2927 ἔργῳ
844 2854 901 2908 δὲ
941 2855 1026 2909 ὅτι
1063 2854 1141 2926 μή
1178 2852 1591 2923 ἀπαναίνονταιη
1616 2853 1799 2922 μόνον,
1877 2855 1978 2927 ήδη
2053 2856 2111 2912 δὲ
2178 2854 2274 2910 καὶ
2346 2854 2473 2917 τοὺς
2555 2850 2955 2923 προσιεμένους
3028 2849 3104 2912 ὡς
3164 2846 3455 2916 δυσμενεῖς

175 2944 438 3015 ὁρῶντες,
479 2945 691 3016 πικρῶς
732 2945 1097 3000 ἀπελαύνουσι
1137 2945 1275 3017 μηδὲ
1320 2948 1452 3016 μιᾶς
1474 2944 1755 3012 ἀξιοῦντες
1794 2947 2034 3016 φειδοῦς.
2914 2984 2920 2990 -

178 3080 181 3081 ν
245 3042 318 3104 γ’.
348 3034 418 3090 Τί
458 3035 521 3107 δὴ
551 3031 644 3091 οῦν
670 3036 857 3091 λοιπὸν
901 3037 963 3090 τὸ
994 3035 1248 3091 ἐντεῦθεν
1288 3037 1515 3090 σκοπεῖν
1551 3034 1766 3101 έξεστις

1946 3040 1999 3097 5.
2051 3039 2190 3109 Quid
2232 3055 2367 3109 ergo
2432 3040 2523 3095 hic
2570 3035 3114 3093 animadvertendum
3178 3028 3457 3101 superest!

179 3126 244 3181 Τί
264 3127 326 3182 δὲ
362 3126 498 3182 ἄλλο
523 3127 558 3199 ἦ
589 3126 756 3181 ’τοῦτό
796 3145 862 3196 γε
909 3128 1109 3200 ἀληθὲς
1147 3128 1350 3203 ἐννοεῖν
1381 3127 1476 3182 καὶ
1513 3125 1764 3198 φράζειν,

1880 3130 2041 3200 Quid,
2078 3133 2322 3202 inquam,
2367 3132 2512 3187 aliud
2558 3132 2663 3188 nisi
2703 3132 2805 3185 hoc
2851 3143 2980 3184 vere
3032 3136 3089 3182 et
3137 3125 3380 3194 cogitare
3403 3130 3460 3176 et

180 3217 264 3273 ὅτι
290 3219 358 3292 δὴ
381 3220 551 3275 πάλιν
578 3222 613 3292 ή
648 3220 745 3274 τοῦ
769 3221 1053 3284 Μάνεντος
1083 3218 1363 3290 Χάρυϐδις
1400 3218 1577 3272 πλατὺ
1604 3217 1772 3288 χάνα-

1880 3223 2078 3290 dicere,
2112 3223 2254 3289 quod
2297 3222 2478 3277 denuo
2521 3220 2751 3275 Manetis
2795 3218 3099 3287 Charybdis
3137 3214 3251 3269 late.
3301 3212 3460 3267 hians

183 3325 253 3364 σα
276 3313 394 3375 τοῖς
423 3311 483 3363 ὲν
508 3313 575 3382 τῇ
596 3310 860 3381 ἁπλότητι
880 3310 973 3363 τοῦ
993 3310 1113 3380 βίου
1145 3309 1235 3363 τὸν
1266 3309 1435 3363 πλοῦν
1464 3308 1773 3376 ἐξανύουσι,

1880 3312 2143 3367 adversus
2172 3325 2286 3376 eos,
2321 3309 2412 3380 qui
2446 3309 2499 3364 iu
2528 3308 2738 3363 insania
2768 3305 2928 3376 huius
2956 3300 3140 3357 mundi
3170 3298 3449 3369 navigant,

185 3401 413 3466 στόλους
451 3401 608 3465 ὅλους
647 3401 835 3473 ψυχῶν
889 3400 1306 3474 ἀναρπάζουσα,
1359 3402 1457 3455 καὶ
1521 3401 1774 3473 βρυχίους

1881 3403 2082 3459 classes
2165 3403 2403 3473 integras
2462 3401 2766 3454 animarum
2825 3397 2984 3465 rapit,
3038 3404 3357 3461 mersasque
3409 3387 3462 3449 iu

183 3493 262 3563 τῷ
289 3493 446 3564 βυθῷ
480 3495 587 3566 τῆς
623 3493 902 3559 ἀπωλείας
925 3495 1235 3564 ὑπάγουσα,
1265 3493 1636 3564 παραδίδωσι;

255 3589 319 3644 δ’.
352 3589 529 3645 Πάλιν
560 3590 661 3661 τῆς
695 3590 1042 3660 ’Δρειανικῆς
1076 3590 1274 3660 φλογὸς
1328 3592 1361 3661 ή
1421 3589 1679 3661 χίμαιρα.
1702 3590 1781 3661 τῷ

187 3679 524 3752 ψυχοφθόρῳ
569 3682 706 3753 πυρὶ
752 3681 861 3737 τῶν
914 3680 1018 3751 τῆς
1062 3680 1357 3750 ἀθεότητος
1408 3678 1778 3750 διδαγμάτων,

188 3768 303 3823 τῶν
345 3772 674 3842 ἀπροόπτως
719 3788 838 3835 πως
883 3773 979 3825 καὶ
1012 3770 1342 3837 ἀφυλάκτως
1429 3785 1780 3839 παρατυγχα-

188 3861 397 3918 νόντων
434 3864 526 3918 τὸν
554 3864 701 3930 νοῦν,
732 3863 1135 3936 παραναλίσκει
1164 3860 1556 3931 διαφλέγουσα.

257 3960 323 4010 ε’.
360 3955 541 4013 Πάλιν
591 3958 625 4028 ἡ
686 3956 1065 4026 πολυκέφαλος
1106 3954 1247 4025 ὕδρα
1295 3952 1403 4006 τῶν
1471 3951 1784 4020 Ἀκεφάλων

190 4048 281 4101 καὶ
310 4049 417 4120 τῆς
449 4050 786 4121 ωγχυτικῆς
829 4047 941 4103 τῶν
974 4044 1314 4117 Εὐτυχιτῶν,
1362 4043 1566 4115 μᾶλλον
1605 4044 1662 4097 δὲ
1689 4045 1785 4096 Δο-

194 4138 371 4206 κητῶν
413 4138 746 4209 συμπνοίας,
791 4138 885 4191 ἐπὶ
930 4123 1196 4207 διαιρέσει
1246 4134 1341 4188 καὶ
1376 4133 1527 4206 λύμῃ
1545 4130 1641 4185 τοῦ
1685 4134 1784 4203 τῆς

204 4229 544 4303 Ἐκκλησίας
585 4229 766 4292 καλῶς
788 4230 1072 4301 ἡνωμένον
1120 4226 1397 4300 σώματος,
1439 4225 1782 4295 πολυσχιδεῖς

192 4321 286 4385 τὰς
312 4321 687 4395 παραφυάδας
711 4322 821 4375 τῶν
851 4321 1067 4393 πικρῶν
1085 4317 1779 4391 γεννημάτωνὲδλάστησε.

191 4413 298 4467 Καὶ
323 4414 403 4479 ὡς
444 4413 510 4467 ἂν
545 4413 826 4468 συλλαϐών
857 4430 944 4477 τις
977 4414 1145 4478 εἴποι,
1177 4413 1243 4466 ὲκ
1280 4412 1383 4479 τῆς
1431 4409 1785 4480 Μανιχαῖκῆς

190 4504 433 4578 ἐχίδνης,
474 4507 569 4561 καλ⁵
591 4506 694 4577 τῆς
750 4504 1100 4575 Ἀρειανικῆς
1122 4502 1368 4569 ἀσπίδος,
1396 4501 1585 4573 ἕτερός
1616 4518 1697 4564 τις
1720 4502 1785 4556 ὲκ

1846 3500 1852 3506 ’
1880 3496 2206 3567 perditionis
2237 3494 2552 3551 barathrum
2587 3490 2788 3546 traltill

1954 3588 2005 3640 ι.
2042 3586 2255 3640 Ariana:
2284 3586 2410 3640 item
2435 3582 2667 3637 ﬂammae
2685 3582 2970 3644 chimmra,
3000 3579 3164 3635 noxio
3210 3591 3309 3631 suo
3353 3574 3468 3632 aui.-

1883 3679 2077 3734 mabus
2122 3680 2242 3749 igne
2292 3678 2666 3733 doctrinarum
2722 3673 3173 3741 irreligiosarum,
3220 3677 3456 3722 mentem

1885 3768 2100 3822 illorum
2123 3768 2214 3836 qui
2240 3767 2538 3837 improviso
2565 3773 2619 3821 et
2650 3766 2865 3819 incaute
2910 3759 3469 3816 inciduutatuhurcns

1885 3859 2224 3929 pessumdat.

1956 3949 2009 4003 5.
2041 3947 2336 4004 Multorum
2368 3947 2574 4020 pariter
2599 3948 2837 4016 capitum
2867 3945 3039 4017 hydra
3066 3940 3467 4011 Acephalorum

1886 4053 1944 4100 et
1983 4040 2330 4097 confusanete
2373 4040 2838 4112 Eutychianorum
2886 4038 2975 4092 vel
3024 4036 3201 4104 potius
3226 4034 3471 4088 Phanta-

1870 4124 2180 4188 'siastarnm
2212 4128 2654 4201 conspirationis.
2692 4127 2759 4181 ad
2788 4126 3078 4183 discidium
3120 4133 3283 4192 atque
3343 4137 3467 4192 per.

1890 4224 2084 4279 niciem
2135 4222 2359 4291 pulchre
2389 4221 2654 4289 compacti
2690 4218 2946 4276 Ecclesiae
2992 4216 3260 4288 corporis,
3291 4214 3471 4268 multi-

1887 4315 2081 4385 plicem
2121 4316 2438 4370 acerborum
2464 4314 2801 4384 genitninum
2865 4312 3105 4367 sobolem
3159 4308 3467 4379 pullulavit.

1888 4408 2063 4475 Atque
2089 4416 2145 4460 ut
2178 4406 2419 4461 breviter
2450 4405 2651 4460 dictum
2680 4403 2772 4470 sit,
2808 4418 2875 4460 ex
2933 4400 3233 4457 maniclnea
3261 4399 3477 4467 vipera.

1892 4510 1945 4554 et
1978 4499 2177 4554 Ariana
2227 4499 2433 4568 aspide,
2461 4497 2610 4574 alius
2654 4497 2873 4566 quidam
2925 4510 2989 4549 ex
3026 4494 3219 4550 harum
3276 4490 3469 4560 cepiiia

191 4576 523 4672 συμπλοκῆς
571 4576 777 4654 τούτων
816 4593 927 4653 οἷον
957 4597 1238 4669 έρπυστὴς
1279 4594 1668 4666 ἀμφικέφαλος
1701 4591 1774 4658 ἐξ·

1893 4604 2055 4646 natus
2074 4600 2167 4645 est
2192 4589 2379 4657 biceps
2412 4603 2668 4667 serpens;
2712 4588 2926 4659 qualem
2978 4587 3139 4644 etiam
3187 4576 3474 4656 Hypsista-

192 4690 295 4760 έφυ
321 4708 335 4721 ·
368 4693 566 4747 ὁποίαν
582 4692 648 4764 δὴ
666 4692 759 4746 καὶ
775 4693 874 4764 τὴν
888 4691 997 4745 τῶν
1011 4689 1381 4760 ’Υψισταρίων
1403 4687 1656 4758 κίϐδηλον
1690 4688 1786 4739 καὶ

195 4782 467 4856 βδελυρὰν
509 4785 808 4856 θρησκείαν
840 4783 1138 4854 ἀκούομεν,
1179 4782 1238 4848 ιε
1297 4779 1624 4850 Ἑλληνικῆς
1654 4794 1782 4848 τερ-

193 4872 384 4944 θρείας
428 4877 769 4948 καὶνομικῆς
786 4873 1074 4946 τερατείας
1099 4872 1528 4943 συνισταμένην⁵
1556 4868 1651 4923 καὶ
1672 4868 1783 4922 δει-

194 4963 283 5017 νδν
296 4966 446 5020 κατά
466 4965 578 5020 τῶν
604 4967 703 5035 τῆς
744 4966 894 5029 θείας
915 4964 1136 5035 ἐντολῆς
1159 4960 1555 5033 ὑπερορώντων
1588 4957 1781 5028 ρέψας,

192 5049 269 5111 ὧν
301 5060 400 5112 καὶ⁵
439 5059 684 5130 πτέρναν
719 5060 909 5129 τηρεῖν
969 5058 1072 5129 ήδη
1116 5055 1542 5126 προστέτακται,
1591 5050 1786 5121 πικρὸν

189 5153 285 5205 τὸν
314 5153 397 5208 ίὸν
434 5154 530 5207 καὶ
557 5151 801 5224 ὀλέθριον
852 5154 972 5215 ταῖς
1022 5152 1226 5221 ψυχαῖς
1265 5148 1371 5201 τῶν
1406 5144 1787 5216 εὐπαρακόμι-

196 5258 322 5298 στον
354 5246 441 5309 είς
464 5244 626 5298 τοῦτο
654 5245 751 5316 τὴν
777 5245 948 5315 ἀκοὴν
982 5241 1476 5315 ἐχόντων’ὲνέχεεν.
1509 5240 1634 5295 ’Ότι
1688 5236 1786 5323 μὲν

195 5331 304 5401 γὰρ
376 5332 652 5402 Ἀρειανοέ
697 5333 1029 5404 Μανιχαίοις
1088 5330 1487 5403 συμφύρονται,
1562 5331 1618 5380 ὲν
1676 5329 1789 5388 τοῖς

201 5424 342 5490 μετά
372 5424 555 5480 ταῦτα
587 5427 779 5496 σαφῶς
802 5428 1249 5499 παραστήσομεν.

274 5517 353 5583 ς’.
411 5518 589 5589 Δῆλον
622 5520 679 5573 δὲ
706 5520 881 5590 δήπου
927 5519 1114 5583 παντὶ,
1139 5518 1214 5581 ὡς
1260 5516 1511 5587 βούλεται
1546 5514 1729 5575 αὐτοῖς
1758 5513 1790 5582 ή

207 5610 439 5685 σπουδὴ,
476 5611 577 5676 τὰς
605 5610 1068 5683 πολυανθρώπους
1110 5611 1326 5672 ὲκείνας
1367 5608 1459 5662 καὶ
1479 5605 1797 5669 θεολέκτους

280 5821 355 5891 (ι)
384 5819 783 5877 Hmreticorum
825 5830 996 5891 secta,
1027 5818 1118 5887 qui
1153 5819 1317 5872 Deum
1344 5815 1678 5891 altissimum
1714 5811 1788 5864 ita

211 5887 503 5961 colebant,
539 5904 596 5951 ut
636 5890 1057 5950 antiuinitarios
1085 5902 1143 5948 se
1179 5901 1299 5945 esse
1328 5887 1784 5943 demonstrarent.

1893 4684 2097 4738 riorum
2131 4681 2209 4752 (4)
2234 4682 2471 4750 spuriam
2513 4680 3038 4749 abominandamque
3077 4688 3283 4733 sectam
3334 4676 3477 4736 audi-

1895 4789 2132 4837 mus.ex
2201 4773 2420 4828 ethnica
2477 4769 2690 4825 fallacia
2716 4778 2770 4825 et
2798 4770 3107 4839 prodigioso
3160 4766 3471 4823 Juda-oruin

1899 4867 1999 4937 17
2058 4866 2342 4920 mendacio
2373 4871 2720 4928 concretam;
2749 4863 2839 4931 qui
2881 4848 3129 4931 serpens.
3157 4859 3472 4915 terribiliter

1897 4958 1963 5011 ad
2005 4957 2102 5011 hos
2133 4955 2298 5010 divini
2335 4952 2591 5023 praecepti
2627 4962 3027 5021 contemptores
3083 4966 3299 5021 repens,
3337 4966 3492 5051 quo-3

1898 5065 2016 5104 rum
2076 5048 2243 5104 etiam
2300 5048 2613 5099 calcaueum
2662 5042 2871 5110 jamdiu
2949 5044 3239 5098 observare
3289 5038 3492 5141 jussus:

1896 5141 2019 5206 fuit,
2058 5154 2303 5194 amarum
2404 5137 2807 5203 exitiosumque
2853 5150 3119 5190 venenum
3184 5132 3492 5233 anitnahusi

1896 5235 2108 5298 eorum,
2160 5233 2250 5302 qui
2300 5229 2513 5285 facilem
2556 5227 2683 5282 huic
2731 5227 2919 5281 haeresi
2966 5239 3150 5280 aurem
3210 5224 3475 5294 przelient,

1899 5327 2141 5382 aﬂ‘undit.
2172 5324 2305 5379 Nam
2340 5323 2480 5395 quod
2508 5322 2695 5378 Ariani
2735 5336 2857 5374 cum
2907 5317 3221 5374 Manichaeis
3250 5316 3473 5385 conspi-

1900 5431 2039 5486 rcut,
2078 5420 2130 5474 in
2157 5418 2508 5489 sequentibus
2529 5415 2871 5487 perspicuum
2907 5411 3190 5468 faciemus.

1970 5512 2022 5566 6.
2056 5511 2152 5566 Est
2184 5519 2364 5565 autem
2395 5508 2591 5578 cuique
2615 5505 2981 5575 exploratum,
3016 5504 3189 5559 studia
3242 5502 3466 5556 istorum

1901 5620 1967 5659 eo
1995 5605 2235 5664 tendere,
2273 5612 2332 5657 ut
2354 5616 2672 5657 numerosas
2699 5600 2818 5653 illas
2836 5609 2889 5654 et
2921 5614 2949 5651 a
2985 5596 3094 5651 Deo
3122 5601 3476 5665 congregatas

1897 5808 1971 5864 De
1997 5806 2080 5861 his
2102 5806 2233 5858 satis
2256 5803 2510 5858 Suicerus
2529 5802 2582 5855 in
2603 5799 2765 5854 Thes.
2786 5799 2943 5867 θαι,
2967 5798 3150 5857 citatis
3176 5781 3472 5870 Hesychia,

1898 5879 2087 5945 Suida,
2117 5875 2362 5947 Nysseno
2386 5887 2450 5928 ac
2485 5870 2847 5951 Naziauacuo.
