4086 6344
242 346 352 416 213
947 331 1573 401 ANTIRRHETICUS
1608 330 1638 391 I
1703 322 1872 391 ADV.
1911 322 2503 387 CONSTANTINUM
2543 320 2754 383 corn.
3386 306 3492 382 2a

244 463 367 526 ταῖς
393 460 650 520 ἀπάντων
696 454 1143 526 ὁμολογουμένων
1179 451 1370 522 ὕψεσιν
1412 449 1688 521 προΐασιν,
1737 445 1813 509 ὡς
1843 464 1856 506 Α

1954 458 2035 498 uae
2054 442 2296 498 omnium
2323 441 2562 512 aspectui
2588 443 2857 510 prostant,
2886 445 3052 507 atque
3111 435 3252 505 apud
3303 450 3496 491 omnes

244 556 329 616 si;
378 551 592 622 γέλωτα
652 549 854 620 μᾶλλον
895 547 931 619 ἢ
971 547 1156 614 ὄνησιν
1209 546 1324 608 τοῖς
1381 528 1625 613 σώφροσι
1695 540 1817 602 ταῖς

1954 549 1973 587 ι
1995 533 2242 590 confesso
2270 541 2420 599 sunt,
2441 531 2759 603 procedunt,
2786 535 2846 583 ut
2872 528 3002 584 risui
3024 526 3365 598 potiusqnam
3400 528 3492 582 ulli

246 617 534 714 ἀληθείαις
570 617 1064 713 προκεῖσθαιξῐιῶς
1080 635 1190 708 γάρ
1224 635 1327 688 οὐκ
1363 634 1513 699 ἀξιον
1558 630 1817 700 γέλωτος,

1959 624 2039 679 sui
2077 625 2219 694 apud
2242 639 2335 679 eos
2364 623 2456 693 qui
2493 636 2621 678 vere
2680 619 2916 691 sapiunt,
2939 618 3171 688 expositi
3219 619 3347 673 sint.
3382 617 3493 673 Cur

248 735 313 788 τδ
344 712 423 805 τῇ
465 712 626 803 φύσει
663 730 774 784 τῶν
830 727 1176 800 πραγμάτων
1225 726 1386 794 αὐτῇ,
1464 723 1706 784 καὶτοῖς
1758 721 1822 773 ὲκ

1955 716 2065 768 nim
2095 716 2204 769 risu
2229 730 2332 769 non
2389 714 2459 768 sit
2482 714 2738 784 dignum,
2758 712 2860 782 ipsi
2905 721 3150 766 actarum
3184 725 3366 765 rerum
3395 725 3519 763 na.-

249 802 515 879 πλειόνων
548 822 758 894 χρόνων
786 823 884 875 καὶ
922 816 1126 889 γενεῶν
1192 814 1403 869 πολλῶν
1434 814 1523 868 ἐπ’
1570 811 1824 883 εὐσεϐείᾳ

1954 805 2492 876 umetopinionibus
2530 818 2698 875 quma
2735 803 3026 857 multorum
3050 816 3341 866 annormn,
3377 802 3487 854 imo

248 891 599 987 γνωρίμων-Π
645 915 744 967 καί
830 906 1346 980 μεμαρτυρημένων
1381 945 1398 969 ,
1482 905 1545 958 τὸ
1631 903 1825 957 πιστὸν

1954 906 2141 951 statum
2187 894 2508 951 orthodosia
2562 895 2852 950 illustrium
2900 908 2965 948 ac
3013 894 3367 963 probaturum
3397 891 3494 944 de—

250 981 351 1059 καὶ
512 1005 689 1073 ἰσχὺν,
721 999 1127 1073 ἀπομάχεσθαι,
1161 998 1257 1051 καὶ
1289 997 1520 1052 αὐτόθεν
1543 997 1606 1050 τὸ
1648 998 1828 1066 ἀσφα-

1954 1003 2111 1053 :ursu,
2146 987 2304 1042 [idem
2323 987 2593 1055 roburque
2612 986 2837 1053 habent,
2873 983 3186 1039 adversari?
3212 999 3332 1052 qua:
3406 981 3493 1036 ni-

250 1080 367 1161 λὶς,
392 1074 472 1166 τῷ
503 1096 996 1167 παρακεχωρηκὸτι
1038 1094 1257 1148 πάντων
1301 1093 1400 1163 τῆς
1429 1088 1664 1153 ἑννοίας,
1691 1089 1830 1159 πρὸς

1954 1079 2125 1131 uirum
2159 1077 2440 1146 opiniones
2476 1076 2583 1130 vim
2641 1090 2792 1131 suam
2834 1075 3074 1129 indidem
3120 1074 3495 1133 obtinuerunt,

251 1189 417 1254 λόγου
445 1163 822 1258 πληροφορίαν
856 1163 938 1252 εἰς
958 1186 1233 1253 ἀπόδειξιν
1258 1186 1351 1239 καί
1390 1183 1689 1255 βεϐαίωσιν
1722 1198 1826 1234 πα-

1954 1182 2126 1238 iempe
2181 1168 2250 1222 ab
2309 1167 2551 1222 omnium
2588 1166 2849 1221 mentium
2882 1165 3266 1230 concessione;
3322 1163 3395 1217 ita
3443 1172 3501 1215 ut

257 1254 714 1350 ραλαμϐἀνεσθαί
727 1296 741 1345 ;
1535 1343 1544 1350 .

1956 1275 1986 1311 ιι
2031 1258 2297 1328 ambiguis
2324 1257 2566 1312 etiamet
2617 1271 2716 1324 ope
2740 1257 2917 1324 aliqua
2978 1256 3044 1308 ad
3096 1254 3501 1324 persuasionem

1934 1349 2322 1417 egentibusz
2374 1348 2649 1416 pra-dictis
2676 1346 3020 1415 ailminiculis
3079 1343 3502 1399 demonstratio-

1936 1453 2057 1495 nem
2117 1437 2696 1507 contirntatiouemque
2720 1438 3009 1506 recipiant.

345 1528 436 1592 Ὠς
466 1526 596 1595 γοῦν
620 1528 719 1601 ἢδη
749 1528 975 1583 τοιαῦτα
1002 1526 1098 1583 καὶ
1119 1525 1294 1589 οὕτως
1316 1524 1511 1596 ἔχοντα
1538 1522 1833 1593 ἔγνωσται,

260 1618 405 1687 μηδὲ
476 1618 576 1690 τὴν
616 1618 792 1689 ἀρχὴν
836 1618 1138 1686 ἀντιλέγειν
1182 1617 1384 1689 ὲχρῆψ
1423 1616 1508 1669 ἵνα
1540 1616 1616 1687 μὴ
1640 1614 1837 1671 ταύτὸν

259 1708 496 1773 ἐκείνοις
535 1710 863 1766 πεπονθέναι
891 1709 1210 1781 όφθείημεν,
1235 1709 1333 1764 καὶ
1379 1706 1706 1777 ἀϐελτερίας
1744 1706 1839 1760 καὶ

261 1799 622 1866 ἀπαιδευσίας
641 1802 977 1874 όφλήσαντες
991 1780 1226 1871 γέλωτα,
1244 1800 1343 1871 τὴν
1371 1800 1496 1870 ίσην
1510 1797 1840 1867 ἁπενεγκοί-
1869 1780 1913 1841 Β

265 1892 412 1961 μεθα
436 1893 676 1965 γραφὴν,
704 1895 819 1957 τοῖς
870 1891 1287 1964 μειρακιώδεσιν
1322 1890 1705 1955 ἐπιϐάλλοντες
1752 1887 1842 1943 λό-

263 1996 407 2048 γοις.
432 1982 623 2036 Ἔοικα
635 1982 744 2054 γὰρ
768 1984 798 2036 ό
818 1981 992 2037 ταῦτα
1006 1981 1335 2053 ἀνατρέπειν
1357 1980 1725 2054 πειρώμενος,
1741 1978 1842 2044 τὰς

268 2070 415 2124 κατά
447 2071 669 2126 παιδιὰν
706 2073 775 2125 εκ
831 2071 1065 2142 ψάμμου
1127 2070 1337 2125 παίδων
1372 2069 1657 2139 ἀθύρμασι
1702 2086 1843 2123 κατ-

267 2161 682 2231 εσκευασμένας
701 2161 1061 2233 περιτρέπειν
1081 2161 1282 2233 μᾶλλον
1307 2159 1644 2229 οἰκοδομίας,
1675 2159 1710 2230 ἢ
1730 2162 1845 2223 τοῖς

272 2249 430 2320 πιρά
448 2252 584 2305 πᾶσι
600 2253 712 2315 τοῖς
735 2249 1006 2306 συνιοῦσιν
1029 2252 1104 2315 ῶς
1120 2249 1339 2320 ἀληθῶς
1357 2250 1452 2303 καὶ
1468 2251 1567 2321 τὴν
1586 2250 1847 2321 ἀλήθειαν

270 2341 630 2411 τετιμηκόσιν
682 2343 1147 2414 ὲπεγνωσμένοις,
1213 2340 1621 2412 συναγορεύειν.
1705 2339 1851 2394 Ἀλλ’

273 2430 467 2500 ἐπειδὴ
493 2420 682 2504 ῶσπερ
704 2434 764 2501 ἐξ
793 2435 1170 2504 ἐπιτάγματος
1195 2433 1351 2502 σοφοὶ
1372 2429 1511 2487 εῖναι
1542 2430 1846 2502 βούλονται,

274 2518 356 2591 μὴ
396 2520 478 2574 ὅτι
511 2521 612 2592 τῆς
655 2523 913 2594 ἀληθείας
962 2523 1286 2595 ἀντέχεσθαι
1325 2522 1563 2593 σπουδὴν
1593 2520 1847 2592 ποιούμε-

271 2629 378 2679 νοι,
411 2614 505 2669 τοῦ
531 2616 761 2686 ψεύδους
798 2634 856 2670 τε
879 2617 955 2681 ῶς
980 2611 1084 2670 οἷοί
1126 2615 1188 2670 τὲ
1216 2617 1324 2669 εἰσι
1369 2613 1845 2685 μεταποιούμενοι,

273 2703 561 2775 ὲρεσχελίᾳ
585 2705 752 2777 πολλῇ
774 2708 871 2759 καί
892 2705 1134 2776 φλυαρίᾳ
1165 2705 1259 2758 καὶ
1293 2703 1683 2774 βατταρισμοῖς
1705 2701 1850 2774 χρώ-

275 2809 453 2865 μενοι,
494 2795 588 2849 ἐπὶ
622 2798 690 2869 τῇ
719 2795 829 2850 τῶν
876 2795 1090 2853 πολλῶν
1117 2794 1286 2868 λύμῃ.
1340 2794 1743 2866 συναρπάζουσι
1775 2793 1847 2848 δι’

274 2883 456 2937 αὐτῶν
483 2885 608 2949 τοὺς
633 2885 1075 2957 ἀκεραιοτέρους,
1097 2885 1162 2939 ἐκ
1184 2883 1386 2955 πολλῆς
1418 2882 1560 2957 ἄγαν
1590 2884 1844 2955 ἀποπλη-
1886 2900 1907 2911 λ

226 3052 229 3055 Α
275 2971 398 3039 ξίας
432 2975 528 3029 καί⁵
552 2975 870 3040 δυσϐουλίας
891 2975 1406 3048 αἰχμαλωτίζοντες,
1437 2976 1519 3038 εἰς
1543 2974 1605 3028 τὸ
1648 2975 1847 3029 οἰκεῖον

275 3065 483 3170 πτῶμα
494 3067 618 3170 τοὺς
631 3068 860 3132 πολλοὺς
871 3068 1067 3137 ἕλξειν.
1087 3063 1181 3133 Οἷς
1197 3067 1297 3141 ἤδη
1316 3067 1532 3124 καὶτῶν
1547 3069 1849 3141 λογιμωτέ-
1876 3108 1924 3170 c

279 3176 389 3231 ρων
405 3158 684 3224 δοκοῦντες
708 3160 804 3214 καὶ
837 3160 1312 3233 περιφανεστέρων
1343 3161 1512 3228 τινὲς,
1553 3162 1843 3216 σκανδαλί-

277 3249 487 3317 ζονται,
505 3252 693 3324 ἐπειδὴ
722 3252 955 3307 ἅπτεται
971 3252 1047 3316 ὡς
1065 3253 1135 3307 τά
1157 3251 1328 3307 πολλά
1356 3252 1582 3307 καὶτῶν
1609 3253 1851 3325 ἀρίστων

273 3339 307 3395 ὁ
324 3339 546 3410 μῶμοςο
569 3340 824 3412 καθάπερ
847 3342 956 3412 γὰρ
977 3340 1304 3413 φθοροποιοῦ
1326 3343 1638 3415 νοσήματος
1660 3344 1849 3410 πᾶσιν,

275 3429 358 3493 ῶς
409 3428 540 3493 ἔπος
582 3431 783 3496 εἰπεῖν,
839 3430 938 3502 τῆς
996 3431 1207 3488 ἑαυτῶν
1260 3432 1607 3504 μεταδιδόασι
1649 3432 1849 3505 λώϐης.

278 3519 374 3592 Τῷ
403 3522 716 3594 φαινομένῳ
744 3523 852 3595 γὰρ
883 3525 979 3579 καὶ
1009 3524 1378 3597 κεχρωσμένῳ
1408 3525 1520 3580 τῶν
1548 3526 1650 3598 τὴν
1681 3525 1854 3599 ἀκοὴν

283 3614 709 3686 περισαινόντων
745 3614 922 3685 λόγων
957 3616 1425 3687 περιθελγόμενοι,
1486 3618 1578 3672 τὸν
1622 3617 1680 3671 δὲ
1719 3634 1854 3674 κατ-

282 3705 671 3778 ορωρυγμένον
690 3709 782 3762 καὶ
816 3708 1199 3780 κεκρυμμένον
1230 3708 1421 3779 βόθρον
1456 3709 1545 3762 διὰ
1566 3709 1633 3771 »τὸ
1662 3711 1857 3765 ἀνεπι-

286 3799 554 3869 στάτητον
584 3798 645 3851 οὐ
682 3797 1077 3871 προορώμενοι,
1130 3801 1253 3863 ταῖς
1299 3800 1505 3868 πάγαις
1539 3799 1599 3866 ἐξ
1648 3803 1856 3874 ἀπροσ-

179 3898 188 3906 ’
283 3890 437 3958 ιξίας
464 3890 561 3961 τῆς
582 3890 841 3954 ἀπιστίας
874 3888 1088 3953 ἀκλεῶς
1111 3889 1552 3961 περιπίπτουσιν.
1592 3891 1681 3945 Ἐν
1716 3908 1855 3961 προ-

286 3983 529 4053 σχὴματι
572 3983 682 4052 γὰρ
709 3981 1141 4054 Χριστιανισμοῦ
1188 3981 1250 4034 τὺ
1296 3980 1680 4052 Χριστιανίζον
1710 3984 1856 4057 ἅπαν

283 4071 529 4136 εὐσεϐῶς
564 4072 781 4128 όταῦτα
807 4070 1283 4144 συγγεγραφηκὼς
1311 4072 1593 4141 δυσμενῶς
1621 4072 1851 4144 ἐξεπόρ-

283 4165 445 4237 θησε,
478 4164 665 4237 Ταύτῃ
685 4180 767 4218 τοι
783 4166 876 4220 καὶ
903 4164 1005 4219 οὐκ
1031 4164 1291 4236 ἀκόσμως
1330 4182 1384 4219 τι
1425 4164 1676 4230 δόξαντες
1697 4166 1854 4239 δρᾷν,

283 4258 368 4321 εἰς
404 4256 563 4327 τήνδε
590 4255 696 4309 τῶν
724 4256 900 4325 λόγων
937 4257 1037 4329 τὴν
1081 4257 1329 4324 ἐξέτασιν
1358 4258 1686 4329 καθήκαμεν
1728 4260 1855 4314 ἑαυ-

282 4344 434 4409 τούς.
461 4346 573 4401 Καὶ
616 4347 718 4423 οὐκ
763 4347 830 4403 ἂν
871 4349 1287 4420 ἀποκνήσαιμεν
1314 4348 1489 4421 σαθρά
1514 4351 1608 4404 καὶ
1654 4352 1856 4424 κατερ-
1898 4398 1901 4399 ν

2007 1531 2139 1596 ουκ
2166 1544 2288 1585 cum
2321 1530 2393 1584 ita
2430 1542 2490 1583 se
2521 1530 2722 1583 habere
2766 1528 2876 1597 jam
2914 1529 2987 1584 sit
3031 1527 3394 1596 exploratum,
3439 1539 3507 1578 ne

1937 1619 2315 1675 refutationem
2365 1619 2582 1689 quidem
2610 1619 2890 1689 suscipere
2920 1634 3057 1689 opus
3084 1624 3226 1680 erat,
3246 1632 3314 1672 ne
3362 1614 3507 1670 forte

1941 1707 2079 1764 idem
2110 1718 2271 1778 atque
2297 1707 2371 1762 illi
2427 1721 2652 1777 peccare
2678 1708 2997 1772 videamur,
3055 1706 3398 1774 levitatisqne
3452 1712 3509 1758 et

1940 1802 2170 1859 inscitiae
2199 1816 2361 1856 causa
2395 1801 2561 1855 risum
2596 1808 3227 1867 commoventes,parem
3276 1797 3381 1851 illis
3415 1811 3503 1852 re-

1942 1892 2358 1962 prehensionem
2391 1891 2754 1956 incurrantus,
2785 1890 2877 1958 qui
2905 1888 3202 1958 puerilibus
3235 1888 3501 1941 tricantur

1941 1980 2301 2038 sermonibus.
2348 1978 2485 2035 Nam
2536 1982 2629 2049 qui
2688 1978 2994 2047 huiusmodi
3064 1985 3383 2048 argumenta
3415 1975 3510 2028 ad-

1942 2071 2311 2128 versariorum
2375 2081 2623 2127 evertere
2657 2070 2875 2131 nititur.
2922 2069 2971 2122 is
3009 2067 3364 2123 domunculas
3413 2081 3510 2131 po-

1947 2160 2051 2216 tius
2115 2161 2232 2215 lusu
2287 2159 2479 2229 puerili
2527 2158 2819 2213 fabricatas
2854 2158 3068 2212 videtur
3115 2164 3461 2225 prosternere
3493 2194 3508 2215 .

1945 2264 2108 2320 quam
2140 2250 2302 2304 rebus
2329 2249 2468 2317 apud
2510 2261 2700 2302 omnes
2730 2261 2855 2302 vere
2908 2246 3184 2315 sapientes
3239 2244 3517 2299 veritatis-

1947 2354 2054 2412 que
2115 2339 2355 2395 cultores
2428 2337 2746 2394 certissimis
2812 2335 3169 2407 patrocinari.
3217 2335 3323 2389 Sed
3380 2334 3507 2403 quia

1950 2440 2206 2500 tanquam
2257 2428 2522 2486 arbitratu
2555 2442 2654 2484 suo
2706 2428 2981 2499 sapientes
3001 2441 3120 2482 esse
3151 2426 3361 2491 volunt,
3399 2436 3517 2480 tan-

1951 2529 2175 2590 tumque
2218 2534 2250 2575 a
2296 2520 2543 2575 veritatis
2582 2520 2763 2574 studio
2802 2519 2999 2574 absunt
3063 2528 3119 2573 ut
3169 2518 3510 2573 mendacium

1951 2621 2062 2667 tuto
2112 2609 2308 2666 aﬂ'ectu
2357 2609 2776 2681 amplectantur,
2837 2610 3181 2664 cavillatione
3238 2607 3408 2664 multa
3459 2617 3516 2662 et

1947 2701 2281 2770 stultiloquio
2317 2715 2382 2756 ac
2425 2700 2593 2757 veluti
2650 2700 2890 2756 balbutie
2939 2709 3174 2766 utentes,
3232 2700 3356 2755 ideo
3410 2714 3516 2753 non

1947 2794 2066 2847 sine
2097 2792 2386 2847 multorum
2414 2791 2737 2847 detrimento
2768 2794 2880 2847 haec
2935 2791 3250 2846 blaterando
3305 2790 3514 2859 simpli-

1948 2882 2127 2939 ciores
2173 2881 2472 2951 decipiunt,
2520 2882 2670 2952 gravi
2722 2883 2914 2937 horum
2947 2888 3243 2951 stupore'et
3276 2882 3516 2937 inconsi-

1948 2974 2193 3031 derantia
2242 2976 2311 3031 ad
2342 2975 2690 3032 irretieudum
2748 2976 3056 3047 abutentes,
3085 2978 3259 3032 donec
3318 2975 3521 3029 multos

1952 3082 2136 3125 secum
2181 3067 2484 3138 praecipites
2546 3066 2778 3121 trahant.
2799 3064 3009 3132 Quibus
3058 3080 3128 3120 ex
3182 3066 3345 3119 rebus
3378 3063 3521 3130 jam-

1952 3160 2041 3216 diu
2094 3159 2335 3216 nonnulli
2375 3175 2590 3230 quoque
2628 3176 2693 3213 ex
2727 3159 2790 3212 iis
2815 3160 2905 3228 qui
2938 3158 3189 3212 videntur
3238 3155 3518 3224 sapientes

1950 3261 2008 3310 et
2071 3251 2410 3319 illustriores,
2463 3252 2778 3308 scandalum
2813 3252 3091 3321 patiuntur
3127 3266 3141 3305 :
3171 3247 3513 3318 quandoqui-

1951 3342 2074 3398 dem
2097 3343 2312 3413 attingit
2334 3356 2475 3412 saepe
2492 3344 2723 3411 optimos
2744 3342 2906 3395 etiam
2925 3341 3095 3402 labes,
3119 3353 3238 3409 quae
3259 3336 3521 3407 pestilen-

1954 3436 2024 3492 tis
2072 3436 2243 3491 instar
2270 3437 2466 3500 morbi,
2491 3434 2722 3502 cunctis,
2760 3446 2816 3488 ut
2863 3434 3030 3487 verbo
3054 3432 3254 3496 dicam,
3289 3430 3518 3484 exitium

1953 3542 2109 3584 suum
2129 3528 2517 3584 communicat.
2541 3527 2748 3583 Etenim
2774 3526 2959 3597 specie
2983 3541 3045 3581 ac
3065 3525 3186 3579 fuco
3206 3537 3520 3579 sermonum

1953 3618 2179 3676 auribus
2196 3619 2587 3675 blandientium
2618 3614 2847 3679 deliniti',
2867 3632 3040 3686 neque
3067 3617 3135 3672 ob
3163 3632 3314 3670 suam
3346 3614 3515 3669 insci-

1955 3709 2084 3763 tiam
2131 3707 2380 3765 eﬂ'ossam
2434 3709 2798 3777 latentetnque
2819 3708 3027 3762 foveam
3054 3707 3432 3776 prmvidentes,
3468 3704 3521 3757 in

1957 3800 2349 3856 incredulitatis
2418 3802 2641 3869 laqueos
2694 3799 3090 3854 inconsiderate
3179 3797 3516 3867 turpiterque

1958 3891 2228 3946 labuntur.
2256 3890 2391 3947 Nam
2447 3892 2548 3948 sub
2580 3891 2987 3946 Cbristianismi
3026 3890 3281 3944 simulata
3317 3886 3516 3956 specie,

1958 3982 2046 4040 hic
2066 3982 2157 4053 qui
2185 3982 2306 4037 talia
2333 3982 2576 4052 scripsit,
2602 3981 2965 4037 orthodoxam
2991 3991 3157 4034 totam
3186 3978 3519 4035 Curistiani-

1960 4082 2121 4130 tatem
2148 4073 2420 4129 hostiliter
2449 4071 2805 4143 depopulatus
2849 4080 2953 4127 est.
2990 4071 3082 4126 Sic
3134 4072 3339 4138 itaque,
3392 4067 3525 4121 nihil

1958 4165 2271 4221 indecorum
2323 4178 2484 4235 agere
2529 4162 2930 4228 existimantes,
2982 4163 3034 4217 in
3091 4161 3195 4216 hoc
3267 4160 3530 4213 doctrinm

1956 4272 2184 4314 examen
2213 4255 2790 4325 nosmetconjecimus.
2817 4254 3003 4326 Neque
3026 4254 3394 4309 recusabimns
3422 4266 3523 4318 pu-

1961 4350 2102 4407 trida
2137 4365 2201 4408 ac
2231 4348 2521 4408 dilabentia
2541 4360 2596 4407 et
2614 4364 2941 4417 araneorum
2978 4353 3230 4402 contextu
3263 4342 3528 4398 debiliora
3564 4400 3573 4409 ε

284 4440 531 4510 ρυηκότα
561 4439 655 4493 καί⁵
681 4438 954 4511 ἀραχνίων
982 4438 1349 4510 ἀσθενέστερα
1379 4441 1448 4494 τὰ
1470 4441 1676 4495 τούτων
1718 4444 1855 4497 ἀπο-

1957 4441 2149 4497 horum
2201 4452 2516 4513 argumenta
2553 4456 2846 4511 exponere.
2886 4450 2943 4494 ut
2994 4440 3083 4501 iis,
3122 4435 3366 4489 veritatis
3407 4448 3522 4497 ore,
3632 4462 3637 4465 -

285 4528 503 4598 φαίνειν
556 4530 957 4601 προϐλήματα,’
979 4531 1107 4595 τοὺς
1159 4531 1257 4600 τῆς
1302 4531 1563 4603 ἀληθείας
1599 4532 1854 4604 ἐλέγχους

284 4619 559 4691 εὐστόχως
609 4621 925 4689 ἐπάγοντες,
989 4621 1066 4685 ὡς
1105 4620 1172 4675 ἂν
1205 4621 1372 4693 δήλης
1430 4622 1600 4676 ἅπασι
1654 4625 1755 4695 τῆς
1797 4626 1856 4678 ὲν

285 4714 471 4776 αὐτοῖς
500 4712 728 4776 ἀτοπίας
783 4712 1210 4784 καθισταμένης,
1247 4716 1520 4783 ὲπιγνοῖεν
1549 4716 1598 4768 οἰ
1644 4715 1857 4770 συνετοὶ

285 4803 347 4858 τὸ
400 4802 681 4873 ἀπατηλὸν
724 4802 903 4858 αὐτῶν
950 4802 1045 4857 καί
1092 4804 1555 4880 κατεπτυσμένον,
1615 4806 1710 4859 καὶ
1759 4808 1857 4878 τῆς

287 4892 499 4948 ἑαυτῶν
527 4894 829 4963 ἀσφαλείας
875 4895 1255 4966 προνοήσαιεν.
1290 4895 1412 4950 Ὅτι
1442 4896 1542 4966 μὲν
1573 4891 1667 4951 οὖν
1697 4896 1771 4961 ὡς
1797 4899 1857 4951 ὲν

288 4982 494 5037 ἅπασιν
524 4984 909 5049 ἀπνετοῦντές
934 4986 1029 5038 καὶ
1061 4984 1594 5056 ἀμαθαίνοντες,κάν
1626 4987 1857 5054 ταύταις

288 5073 731 5141 ἀποσφάλλονται
751 5078 870 5139 ταῖς
916 5078 1142 5145 φωναῖς,
1178 5075 1255 5146 τῷ
1284 5075 1550 5150 ἀγράπτῳ
1582 5077 1728 5148 φημί
1760 5079 1857 5133 καὶ

290 5164 714 5235 ἀπεριγράπτῳ,
753 5163 828 5229 ῶς
866 5160 1041 5235 οἴμαι,
1078 5166 1241 5219 παντί
1274 5183 1350 5236 τῳ
1382 5167 1553 5237 σαφές
1575 5183 1588 5199 ·
1619 5170 1699 5233 είς
1725 5171 1857 5225 ταύ-

287 5251 382 5307 τὸν
405 5254 694 5325 ἀμφότερα
729 5255 1163 5324 συνενεγκόντες,
1208 5256 1279 5309 τά
1311 5256 1371 5309 ὲν
1410 5257 1627 5321 πολλοῖς
1664 5258 1857 5329 διαφέ-

292 5360 477 5415 ροντα,
506 5347 635 5419 περί
675 5341 751 5400 ὧν
779 5347 862 5410 εἰς
919 5347 1148 5419 ὕστερον
1201 5348 1599 5421 διαληψόμεθα,
1644 5352 1745 5421 τήν
1799 5370 1857 5405 τε

290 5433 556 5508 διαφοράν
601 5439 698 5492 καὶ
729 5438 829 5510 τὴν
860 5440 958 5493 ἀπ’
996 5439 1177 5494 αὐτῶν
1217 5441 1629 5513 σημαινομένην
1687 5442 1855 5498 δύναο

295 5541 387 5596 μιν
410 5528 892 5601 ἐπισκεπτόμενοι.
951 5531 1041 5586 Ἐν
1077 5532 1156 5604 τῷ
1188 5531 1417 5602 παρόντι
1447 5532 1528 5599 δὲ,
1552 5537 1617 5605 τῇ
1651 5535 1857 5591 τούτων

292 5617 623 5692 ἀπαιδευσίᾳ
640 5622 735 5675 καὶ
765 5622 1004 5696 ἀμουσία
1037 5624 1558 5694 συγκαθιστάμενοι,
1592 5625 1731 5696 πρὸς
1757 5628 1857 5691 τὰς

293 5708 384 5763 τοῦ
399 5709 719 5781 διδασκάλου
739 5715 917 5771 αὐτῶν
938 5715 1389 5789 προϐεϐλημένας
1414 5716 1617 5787 φωνὰς,
1640 5719 1856 5784 οἰκείως

1963 4535 2314 4591 refutationes
2337 4546 2459 4605 apte
2486 4548 2824 4605 opponamus
2848 4550 2863 4599 ;
2887 4544 3049 4601 atque
3083 4530 3155 4584 ita
3184 4524 3530 4581 manifestata

1960 4627 2211 4683 omnibus
2253 4626 2495 4697 ipsorum
2553 4626 2911 4690 absurditate,
2967 4630 3264 4694 agnoscant
3317 4616 3526 4675 cordati

1963 4718 2211 4773 homines
2239 4715 2483 4771 fraudem
2512 4716 2744 4770 illorum
2788 4730 2852 4770 ac
2880 4715 3166 4779 vilitatem,
3201 4720 3256 4766 et
3299 4709 3530 4780 propria:

1965 4807 2143 4863 tutelae
2194 4808 2502 4863 consulant.
2538 4806 2689 4873 Quod
2722 4806 2887 4875 igitur
2936 4804 3116 4859 stolidi
3150 4819 3215 4858 ac
3259 4803 3422 4855 rudes
3468 4801 3520 4854 in
3552 4848 3556 4863 ε

1965 4898 2049 4955 bis
2073 4912 2289 4968 quoque
2322 4907 2508 4952 errant
2536 4897 2837 4961 vocabulis,
2884 4893 3223 4964 indescripti,
3282 4894 3527 4961 inquam,

1963 5001 2020 5045 et
2074 4988 2774 5057 incircumscripti,cniqne
2825 4986 3166 5056 exploratum
3193 4992 3359 5054 puto;
3402 4983 3528 5037 dum

1965 5080 2032 5135 ad
2061 5094 2221 5134 unam
2246 5079 2516 5134 notionem
2556 5087 2845 5147 utrumque
2875 5076 3181 5142 conferunt,
3209 5089 3328 5144 qua:
3355 5081 3530 5154 tamen

1966 5170 2121 5226 valde
2140 5167 2427 5236 diﬂ'erunt;
2462 5169 2529 5223 de
2550 5168 2744 5237 quibus
2764 5178 2949 5236 postea
2984 5165 3360 5228 tractabimus,
3404 5176 3528 5215 cum

1969 5264 2205 5331 ipsorum
2223 5259 2580 5316 differentiam
2599 5268 2652 5316 et
2670 5258 3082 5329 signiﬁcativam
3099 5255 3207 5310 vim
3227 5252 3533 5311 considera-

1968 5353 2165 5408 bimus.
2197 5352 2252 5407 ln
2284 5349 2534 5422 praesenti
2568 5358 2749 5405 autem
2776 5356 2965 5405 contra
3016 5347 3241 5401 istorum
3275 5345 3535 5414 ignoran-

1970 5446 2099 5502 tiam
2150 5444 2587 5515 imperitiamque
2624 5440 2875 5508 accincti,
2910 5440 2975 5495 ad
3020 5454 3082 5495 ea
3116 5452 3235 5507 quae
3290 5438 3532 5506 ipsorum

1970 5539 2231 5609 magister
2261 5536 2518 5592 vocabula
2540 5526 2727 5607 objicit
2747 5534 2952 5605 peculia
2962 5547 3017 5589 re
3033 5531 3266 5587 studium
3283 5533 3526 5583 nostrum

1969 5624 2370 5685 convertemus.
2407 5626 2573 5683 Porro
2597 5628 2945 5699 conspicuum
2970 5625 3093 5691 erit,
3126 5621 3270 5691 quod
3313 5619 3357 5674 si
3390 5617 3530 5688 ejus,

1969 5722 2059 5792 qui
2091 5729 2277 5777 auctor
2298 5720 2420 5776 mali
2443 5719 2564 5787 fuit,
2591 5716 3296 5787 machinasdisjeccrimus;
3315 5711 3530 5768 illorum
