3982 6346
194 364 281 427 685

1305 356 1483 417 VITA
1522 356 1584 419 S.
1625 348 1946 416 ANDREIE
1976 355 2171 415 SALI.

3249 342 3357 406 686

194 475 270 529 καὶ
298 465 598 539 θαυμάσατε
619 482 633 498 ·
686 465 847 520 είκὼν
897 463 1106 536 Πατρὺς
1162 464 1330 534 ἥλιος,
1365 466 1518 530 ακτὶς
1547 464 1696 536 ἡλίου

1808 465 2042 523 siderate
2072 466 2160 521 bic
2192 463 2351 519 trium
2378 474 2749 535 personarum.
2782 467 3070 525 essentiam
3106 470 3266 525 unam
3303 453 3358 527 Ξεξ

190 565 313 632 Υἱὸς,
341 562 514 633 θέρμη
538 560 636 630 τῆς
687 559 900 617 ἀκτῖνος
927 560 988 612 τὸ
1012 558 1270 627 πανάγιον
1318 556 1537 629 Πνεῦμα
1554 574 1566 587 ·
1605 559 1698 611 καὶ

185 663 211 714 ὁ
239 658 324 729 μὲν
350 656 497 726 ἥλιος
543 652 753 708 οὐδέπω
789 650 1130 707 -καταλείπει
1165 652 1267 729 λτδν
1314 651 1560 720 οὐρανὸν,
1621 650 1696 715 ὡς

187 726 282 804 υἱον
306 748 357 803 δὲ
388 745 481 811 τὰς
542 747 763 810 ἀκτῖνας
792 745 903 809 τοῖς
933 744 1026 796 ἐπὶ
1064 726 1526 813 γῆςίὰποστέλλει,
1582 741 1705 811 θέρε

185 857 279 910 μην
323 842 438 902 ταῖς
492 839 673 892 ἀκτῖσι
702 835 762 891 τὸ
809 832 1073 904 πανάγιον
1129 834 1349 903 Πνεῦμα
1402 833 1704 902 εὐεργετεῖν

191 930 273 984 καὶ
324 927 545 982 θάλπειν
607 926 667 981 τὸ
715 927 820 981 τῶν
873 926 1169 997 ἀνθρώπων
1226 925 1399 992 γένος.
1464 921 1702 993 Τοιούτῳ

175 1017 339 1087 τρόπῳ
381 1016 473 1091 καὶ
508 1016 537 1069 δ
582 1015 788 1085 Πατὴρ,
848 1012 1242 1082 παντοκράτωρ
1290 1006 1569 1079 πεφυκὼς,
1613 1009 1704 1062 ἐπὶ

175 1109 266 1177 γῆς
283 1108 337 1160 ού
378 1106 663 1190 κατῇλθεν,
691 1105 997 1161 άπέσταλεν
1042 1105 1100 1159 δὲ
1142 1104 1200 1158 τὸ
1221 1104 1579 1171 ἀπαύγασμα,
1608 1100 1727 1153 καὶ-

171 1198 260 1267 τὴν
289 1200 341 1250 ἐν
369 1197 445 1268 τῷ
492 1197 885 1267 άπαυγάσματι
940 1195 1147 1267 θέρμην
1194 1192 1290 1247 τοῦ
1341 1190 1695 1263 παρακλήτου

146 1286 489 1356 νΠντύματος,
520 1287 616 1341 καὶ
670 1288 905 1340 σέσωκεν
962 1287 1063 1355 τὴν
1111 1283 1532 1355 τετραπέρατον.
1568 1282 1699 1348 "Axs

167 1376 225 1447 δή
252 1394 337 1446 μοι
365 1378 422 1429 ὲν
484 1377 561 1446 τῷ
586 1375 757 1445 μέσῳ,
788 1373 880 1428 καὶ
910 1373 1072 1426 αὐτὸν
1106 1374 1290 1443 ἄρτον,
1314 1372 1372 1425 ὃν
1408 1368 1530 1424 καθ’
1564 1367 1697 1439 mti-

173 1484 262 1535 ραν
286 1466 558 1537 ἐσθίομεν,
585 1465 693 1519 ὰπδ
707 1464 816 1537 γὰρ
847 1463 1015 1530 σίτου,
1055 1464 1148 1517 καὶ
1168 1462 1376 1526 ὓδατος,
1409 1461 1501 1515 καὶ
1532 1458 1702 1529 πυρὸς

162 1556 252 1626 τὴν
286 1556 578 1636 ταυτότητα
632 1555 910 1625 κέκτηται,
965 1550 1045 1619 εἷς
1094 1555 1189 1608 καὶ
1223 1553 1383 1615 αὐτὸς
1443 1554 1508 1606 ὲκ
1534 1552 1702 1623 τριῶν

166 1645 504 1699 ύποστάσεων
535 1644 932 1715 γνωριζόμενος
963 1661 977 1675 ο
1010 1642 1234 1711 τοιούτῳ
1261 1642 1455 1712 τρόπῳ
1491 1640 1699 1711 ὑπολη-

161 1735 316 1788 πτέον
354 1736 484 1805 περὶ
530 1734 635 1804 τῆς
692 1733 1119 1804 τρισυποστάτου
1167 1732 1374 1794 ἑνιαίας
1427 1730 1697 1801 θεότητος.

1806 555 2072 626 principio
2100 559 2223 617 suo,
2254 563 2307 609 et
2337 552 2697 609 admiramini.
2735 551 2912 625 Imago
2933 554 3111 614 Patris
3139 558 3221 613 sol
3249 568 3353 624 est,

1806 646 1989 717 radius
2019 646 2148 701 solis
2183 644 2374 714 Filius.
2398 647 2545 723 calor
2579 646 2715 703 radii
2759 644 2992 718 Spiritus
3021 658 3239 707 sanctus
3264 666 3278 705 :
3300 659 3358 706 et

1804 742 1881 796 sol
1912 740 2126 821 quidem
2184 753 2458 808 nunquam
2523 740 2725 821 deserit
2749 739 3199 806 ctelum;~radio's
3230 756 3356 798 vero

1805 815 1953 895 suos,
1984 841 2236 901 tauquam
2272 829 2435 895 ﬁlios,
2473 815 2830 899 incolentibus
2860 839 3055 886 terram
3087 831 3355 898 demittit,

1803 922 1981 976 calore
2002 937 2119 986 suo,
2143 924 2435 977 humanum
2464 935 2635 992 genus
2652 930 2991 978 recreaturos
3016 913 3354 993 IoturOsque.

1805 1010 2062 1066 Similiter
2094 1013 2255 1067 etiam
2282 1012 2456 1077 Pater,
2484 1011 2577 1081 qui
2610 1015 2951 1080 omnipotens
2992 1020 3094 1077 est,
3125 1026 3233 1067 non
3264 1011 3360 1067 de-

1804 1100 2011 1173 scendit
2044 1102 2097 1156 in
2154 1110 2375 1167 terram,
2403 1102 2551 1156 misit
2582 1101 3131 1171 autcmsplendorem
3172 1116 3353 1168 suum,

1803 1193 1855 1245 in
1904 1206 2076 1260 eoque
2130 1192 2362 1246 calorem
2421 1190 2656 1260 Spiritus
2681 1190 3061 1255 consolatoris,
3095 1201 3149 1246 et
3178 1193 3357 1246 salvos

1803 1282 1927 1337 fecit
1959 1282 2350 1353 quatuornnes
2385 1282 2532 1338 orbis
2572 1291 2749 1338 terrae.
2772 1287 2883 1355 Age
2909 1296 3094 1355 porro,
3119 1281 3356 1351 proferte

1801 1374 1855 1428 in
1913 1373 2146 1428 medium
2194 1372 2343 1427 illum
2402 1373 2576 1443 ipsum
2612 1386 2805 1441 panem
2845 1386 2951 1443 quo
2992 1371 3232 1442 quotidie
3266 1386 3356 1427 ve—

1800 1460 2040 1526 scimur;
2100 1474 2278 1515 nonne
2318 1475 2383 1515 ex
2440 1458 2738 1526 frumento,
2790 1476 2853 1514 ex
2910 1474 3072 1530 aqua,
3132 1468 3187 1514 et
3212 1460 3354 1529 igne,

1800 1550 2118 1605 substantiis
2152 1549 2322 1604 tribus
2347 1548 2598 1615 diversis,
2627 1564 2767 1604 unus
2795 1548 3044 1621 idemque
3081 1551 3234 1621 panis
3265 1566 3355 1607 co-

1804 1640 2082 1710 gnoscitur
2108 1639 2161 1693 in
2189 1639 2345 1693 talem
2376 1638 2605 1695 formam
2654 1640 2943 1695 coaluisse.
2987 1639 3173 1711 Neque
3200 1639 3359 1696 aliter

1799 1729 2124 1799 Opiuandum
2151 1738 2233 1786 est
2261 1729 2327 1785 de
2357 1729 2517 1786 unius
2556 1729 2777 1786 Deitatis
2832 1731 3140 1801 triplicitate
3170 1716 3356 1797 νει·εο-

160 1822 519 1893 Ἄκούσαντές
550 1824 607 1878 δὲ
631 1825 803 1879 ταῦτα
842 1824 892 1878 oi
932 1825 1233 1893 φιλόσοφοι,
1284 1822 1378 1877 καὶ
1405 1821 1696 1891 ἀντοφθαλ-

1802 1836 2013 1874 narum.
2043 1820 2334 1891 Postquam
2367 1819 2489 1875 talia
2522 1819 2802 1876 audissent
2856 1813 3185 1893 philosOplii,
3218 1822 3353 1877 nihil

156 1917 321 1991 μῇσαι
348 1916 427 1987 τῷ
453 1918 674 1987 μείρακι
704 1917 778 1985 μὴ
805 1916 1099 1987 ἰσχύοντες,
1130 1914 1574 1982 καταπλαγέντες
1602 1915 1700 1984 τὴν

154 2005 314 2061 αὐτοῦ
350 2007 544 2075 σοφίαν
576 2008 667 2060 καὶ
708 2005 944 2070 σύνεσιν,
990 2005 1174 2058 οὐκέτι
1198 2004 1327 2074 περί
1361 2016 1513 2068 τινος
1538 2005 1701 2075 συζή-

151 2098 303 2166 τησιν
327 2097 679 2167 ἐποιήσαντο,
708 2095 807 2165 τὴν
838 2094 967 2163 παρ’
997 2093 1159 2147 αὐτοῦ
1213 2085 1445 2157 δεδιότες
1471 2094 1701 2148 ἀντεπε-

154 2185 410 2256 ρώτησιν,
445 2185 521 2257 μὴ
555 2184 995 2254 καταισχυνθῶσι
1019 2185 1264 2255 καθάπερ
1290 2186 1410 2239 τινὰ
1441 2188 1699 2256 σοφιστὴν

145 2277 380 2351 ἐνώπιον
427 2277 609 2349 δήμου⁸
659 2276 1037 2346 κατῄσχυνεν,
1096 2276 1271 2345 φήσας
1312 2276 1450 2344 πρὸς
1496 2278 1696 2331 αὐτόν’

145 2366 412 2437 Θρύλαιον
458 2365 570 2436 (66)
618 2365 891 2436 πτερῶδες
951 2365 1185 2435 ῆργηται
1216 2365 1303 2418 διὰ
1354 2364 1701 2436 θέσιν,ἢούκ

142 2455 387 2524 ἦργηται
405 2471 421 2521 ;
441 2455 604 2508 Τοῦδε
625 2455 731 2525 γάρ
747 2454 1105 2525 ό,πολυμαθὴς
1138 2457 1340 2519 ἐκεῖνος
1370 2457 1702 2525 εύήκοοςγεα

140 2545 363 2611 νδμενος
377 2582 392 2607 ,
415 2545 618 2609 γελοῖον
638 2544 849 2597 πάντων
862 2544 1226 2597 ἀπεδείκνυτο’
1250 2528 1358 2598 τῶν
1371 2545 1437 2612 γά
1447 2546 1700 2616 ρ“Αρείου

135 2634 490 2706 λυκοκὲρκων
544 2635 757 2703 μυστῶν
820 2630 900 2696 εἷς
958 2633 1341 2704 ἐχρημάτιζεν.
1419 2635 1703 2688 ’Λναστάν-

134 2737 227 2787 τες
244 2721 345 2779 οὖν
367 2726 546 2793 σιωπῇ
560 2723 656 2792 τῆς
678 2722 974 2791 τραπέζης,
994 2719 1127 2790 πρὸς
1154 2719 1223 2773 τὰ
1250 2720 1424 2773 οίκεία
1443 2720 1699 2792 ιχὼρουν.

1801 1910 2092 1981 quidquam
2120 1912 2444 1981 reperientes
2466 1913 2609 1984 quod
2627 1912 2983 1968 adolescentis
3000 1913 3353 1983 prudentibus

1801 2001 1976 2056 eﬁatis
2007 2010 2355 2071 opponerent,
2389 2002 2640 2057 admirati
2673 2010 2801 2058 sunt
2841 2003 3190 2072 vehementer
3221 2020 3357 2073 prae-

1801 2092 2002 2147 claram
2030 2091 2174 2148 illius
2204 2091 2522 2163 sapientiam
2544 2101 2707 2164 atque
2738 2092 3125 2159 eruditionem,
3152 2093 3353 2148 nullam

1805 2182 1922 2236 ausi
1974 2182 2225 2251 deinceps
2263 2196 2481 2237 movere
2524 2183 2874 2253 quaestionem
2902 2178 3013 2255 praé
3038 2185 3255 2252 timore,
3290 2198 3357 2239 ne

1806 2271 1946 2325 forte
1976 2272 2088 2341 ipse
2122 2272 2359 2327 vicissim
2376 2274 2651 2343 quidpiam
2673 2274 2989 2330 solvendum
3015 2287 3354 2345 proponeret,

1807 2364 1951 2417 unde
1976 2350 2474 2429 cortfuttdcrentur';
2497 2350 2949 2434 quemadmodum
2980 2380 3151 2436 nuper
3173 2364 3358 2434 sopbi-

1805 2463 1941 2508 stam
1968 2455 2277 2523 quempiam
2308 2463 2587 2524 spectante
2619 2455 2818 2524 populo
2848 2455 3130 2527 insigniter
3161 2453 3358 2509 conin-

1806 2544 1980 2608 derat,
2017 2544 2095 2598 sic
2140 2552 2521 2613 percunctatus
2556 2563 2571 2601 :
2605 2544 2789 2600 Trulla
2816 2546 2957 2602 sitne
2985 2561 3050 2601 ex
3082 2546 3357 2617 proposito

1806 2643 2017 2699 ansata,
2044 2649 2112 2688 an
2143 2640 2292 2689 non?
2318 2633 2447 2700 Quae
2479 2635 2641 2690 verba
2678 2651 2801 2690 cum
2838 2636 3041 2693 sciolus
3079 2637 3177 2692 iste
3200 2634 3359 2695 audi-

1809 2731 1912 2781 ret.
1964 2722 2206 2775 umnium
2234 2723 2366 2776 risui
2395 2732 2477 2778 est
2503 2722 2779 2791 expositus
2817 2738 2832 2778 :
2868 2732 2985 2778 erat
3030 2736 3266 2792 namque
3292 2734 3355 2774 ex

135 2816 470 2870 Arianorum
532 2811 898 2867 sacerdotibus
954 2826 1113 2881 unus.
1169 2810 1347 2878 Quare
1415 2814 1736 2885 philosOphi,
1776 2815 1935 2869 tacite
1983 2815 2164 2893 relicta
2215 2828 2397 2869 mensa
2488 2823 2788 2884 surgentes,
2840 2814 3057 2870 domum
3093 2830 3153 2871 se
3200 2828 3354 2871 suam

132 2910 379 2979 quisque
410 2906 772 2962 contulerunt.

1550 3022 1777 3079 CAPUT
1820 3021 1929 3074 VII.

130 3134 493 3207 Epiphanius,
522 3135 741 3189 Andrew
769 3133 1069 3203 [nihilist-is,
1093 3134 1295 3189 obvium
1326 3135 1474 3190 habet
1502 3140 1787 3258 dwu‘tienem
1811 3173 1827 3198 ,
1853 3141 1900 3185 ‘et
1930 3140 2199 3255 ter‘uatw:
2241 3130 2325 3183 cui
2349 3132 2411 3184 ab
2437 3130 2645 3202 Andrea
2687 3130 2842 3202 hujus
2880 3139 3017 3187 artes
3051 3133 3356 3189 averiuntur

1406 3217 1453 3258 et
1481 3222 1613 3258 reme
1655 3222 1703 3257 ιη
1726 3217 1979 3258 suaaertm
2007 3217 2092 3255 ur.

1406 3217 1453 3258 et
1481 3217 1703 3259 remeam
1726 3217 2092 3273 suggeruntur.

197 3324 324 3386 μην,
363 3300 451 3378 Ὦς
471 3314 529 3367 δὲ
549 3314 762 3385 εἴρηται
785 3312 1089 3385 ἔμπροσθεν
1112 3314 1193 3368 ὃτι
1213 3316 1367 3384 χεῖρα
1392 3318 1527 3384 πρὸς
1549 3317 1696 3387 χεῖρα

1866 3316 1956 3371 48.
1989 3302 2408 3371 Ambulantibus
2452 3314 2653 3385 itaque,
2679 3315 2886 3385 junctis
2924 3315 3066 3372 inter
3083 3331 3143 3373 se
3175 3322 3354 3375 mani-

122 3407 355 3474 κρατῶν
388 3406 479 3458 τον
509 3404 662 3472 ἅγιον
696 3405 951 3473 Ἀνδρέαν
978 3406 1007 3457 δ
1045 3396 1392 3474 Ἐπιφάνιος,
1421 3406 1709 3477 ζητοῦντες

117 3493 400 3563 εὔκαιρον
435 3492 596 3546 τόπον
626 3492 719 3546 τοῦ
750 3493 1006 3562 ὁμιλῆσαι
1036 3529 1051 3555 ,
1101 3491 1151 3544 οἱ
1201 3488 1565 3555 συναντῶντες
1619 3492 1696 3563 τῷ

131 3583 458 3654 Ἑπιφανίῳ
520 3582 864 3653 δικαζόμενοι
928 3580 1114 3650 ελεγον
1146 3596 1161 3612 ο
1213 3580 1326 3633 Ούκ
1375 3580 1544 3644 ἐλεεῖς
1596 3581 1695 3652 τὴν

116 3673 375 3728 σεαυτοῦ
416 3672 639 3744 νεότητα
664 3690 680 3738 ;
722 3671 796 3741 μὴ
824 3671 1026 3733 τοίνυν,
1057 3668 1357 3741 γλυκύτατα
1384 3668 1589 3732 νεανία,
1617 3669 1693 3738 τῷ

111 3764 499 3835 δαιμονιαρίῳ
549 3762 721 3832 τούτῳ
760 3764 854 3816 καὶ
916 3760 1061 3831 σαλῷ
1105 3760 1565 3830 συμπαρεδρεύων
1600 3762 1696 3814 καὶ

108 3853 538 3924 συνοδοιπορῶν
563 3854 733 3923 αὐτῷ,
767 3854 842 3925 μή
872 3869 1001 3907 ποτε
1039 3853 1067 3905 6
1106 3850 1342 3922 πονηρὸς
1373 3850 1538 3907 αὐτοῦ
1581 3852 1695 3932 δαί.-

111 3963 241 4012 μων
318 3944 546 4014 ζηλώσῃ
598 3959 692 3996 σου
738 3945 799 3995 τὸ
851 3942 1066 4005 κάλλος,
1103 3941 1200 4013 τὴν
1247 3941 1573 4011 ὡραιότητα,
1601 3942 1712 3995 καὶ

99 4035 306 4105 ἔρωτά
334 4052 422 4087 σοι
447 4033 1039 4104 θέμενοςπαρακρούσῃ
1074 4048 1167 4086 σου
1192 4050 1207 4065 ·
1234 4031 1413 4087 ἱκαναὶ
1427 4033 1535 4101 γάρ
1558 4034 1693 4086 εἰσιν

97 4130 161 4181 αἱ
197 4125 524 4197 προφάσεις
558 4124 651 4177 τοῦ
674 4123 847 4177 δεινοῦ
874 4124 1259 4195 πολεμήτορος.
1288 4124 1346 4199 Ὀ
1370 4124 1426 4177 δὲ
1444 4122 1694 4193 θεοφιλὴς

97 4219 354 4279 νεανίας
384 4207 816 4285 άνταπελὶρίνατο
860 4214 1041 4277 αὐτοῖς
1065 4219 1094 4284 ἰ
1115 4212 1357 4283 ’Δδελφοὶ
1391 4215 1485 4268 καὶ
1514 4215 1689 4268 Πατέ-

96 4327 228 4379 ρες,
273 4308 400 4378 πρὸ
440 4307 531 4359 τοῦ
561 4306 814 4375 γενέσθαι
848 4296 936 4359 τὸν
963 4304 1185 4378 ὄλεθρον
1231 4305 1418 4360 τοῦτον
1460 4306 1546 4358 ἐπ’
1590 4306 1689 4359 αύ-

89 4399 217 4465 τὺν,
252 4395 579 4468 προσφιλής
610 4413 700 4466 μοι
728 4396 939 4467 ὑπῆρχε
972 4396 1113 4460 λίαν,
1152 4396 1247 4450 καὶ
1296 4398 1329 4467 ἡ
1380 4398 1593 4473 ἀγάπη,
1625 4398 1690 4467 ἣν

92 4491 255 4559 πρὸς
317 4485 592 4555 ἀλλήλους
626 4487 865 4556 είχομεν,
922 4486 1249 4557 ἀσύγκριτος
1293 4482 1360 4557 ἦν
1393 4504 1407 4519 °
1450 4487 1543 4542 νῦν
1594 4482 1688 4542 οὖν

90 4580 255 4649 ὑπὲρ
292 4579 429 4631 ὅσον
457 4575 679 4638 ἔπαθεν,
707 4576 1025 4646 εὐχάριστον
1076 4579 1221 4631 ἐστιν
1271 4577 1346 4647 μὴ
1397 4578 1685 4647 προσέχειν

88 4688 165 4740 με
207 4668 430 4721 τοῦτον
458 4667 551 4719 καὶ
581 4667 749 4719 ἐλεεῖν
778 4682 791 4696 ’
823 4667 1133 4735 γέγραπται
1165 4665 1271 4736 γὰρ
1294 4669 1383 4719 ἐπὶ
1406 4669 1686 4739 συνδέσμῳ
1717 4658 1761 4714 Ῑ)

86 4757 335 4825 φιλίας,
376 4753 609 4817 Μείζονα
632 4753 830 4823 ταύτης
857 4755 1079 4825 ἀγάπην
1111 4757 1286 4818 οὐδεὶς
1318 4756 1452 4826 ἔχει,
1490 4758 1576 4810 ἵνα
1603 4775 1685 4820 τις

77 4851 156 4919 Θῇ
194 4848 323 4917 τὴν
356 4844 536 4915 ψυχὴν
571 4844 733 4898 αὑτοῦ
766 4846 904 4915 ὑπὲρ
943 4845 1052 4900 τῶν
1084 4847 1253 4915 φίλων
1282 4848 1466 4902 αὐτοῦ.
1503 4847 1688 4901 Ταῦτα

76 4936 569 5011 ἁνταπεκρίνατο
594 4938 705 4998 τοῖς
736 4935 805 4989 τὰ
848 4937 1068 4989 τοιαῦτα
1118 4938 1363 5005 λέγουσιν
1401 4953 1416 4970 ο
1466 4953 1683 5007 παραγ-

68 5030 304 5097 γελίαν
342 5027 457 5095 γὰρ
483 5021 626 5095 εἶχεν
654 5027 709 5077 ὲν
756 5027 903 5095 νόμῳ
948 5027 1054 5081 ἀπὸ
1096 5028 1189 5081 τοῦ
1228 5028 1433 5082 δικαίου
1472 5028 1681 5097 ἀνδρὸς,

68 5120 264 5179 ἐκτὸς
301 5118 429 5177 τοῖς
454 5115 751 5177 νεανίσκοις
778 5119 887 5177 τοῖς
916 5117 1198 5183 ἀγαπῶσιν
1226 5118 1408 5185 αὑτὸν,
1447 5116 1520 5187 μὴ
1547 5119 1682 5170 ἁπο-

60 5210 415 5281 γυμνῶσαι
441 5210 538 5275 τὴν
566 5206 837 5262 πολιτείαν
863 5208 1025 5261 αὐτοῦ
1056 5227 1183 5264 τινι.

1795 3407 1917 3471 bus,
1960 3407 2416 3476 quemadmodum
2473 3420 2637 3477 supra
2674 3409 3000 3464 mentionem
3034 3409 3211 3466 facere
3241 3427 3354 3467 me-

1797 3494 1952 3559 mini.
1976 3494 2181 3550 sanctis
2236 3494 2449 3550 A’ndrea
2482 3504 2536 3550 et
2585 3494 2907 3567 Epiphanio,
2951 3479 3383 3568 quaerentibus?

1794 3595 1902 3649 que
1951 3590 2315 3651 opportunum
2370 3580 2683 3637 conferendi
2723 3582 2866 3637 inter
2915 3599 2974 3639 se
3004 3584 3223 3654 locum;
3257 3591 3351 3658 qui

1794 3672 2009 3728 obviam
2039 3672 2262 3737 ﬂebant,
2293 3673 2594 3739 arguebant
2651 3672 3030 3744 Epiphanium,
3063 3677 3302 3736 dicentes
3335 3700 3349 3735 :

1793 3763 2025 3820 Nullane
2063 3764 2366 3834 iuventutis
2428 3764 2700 3819 miseratio
2729 3776 2779 3821 te
2817 3773 2924 3821 tua:
2975 3766 3138 3839 capit,
3168 3771 3351 3826 adole-

1794 3868 1953 3910 scens
2006 3854 2365 3929 suavlssime?
2396 3852 2537 3920 Noli,
2587 3869 2791 3924 quaeso,
2819 3870 2942 3910 cum
2992 3858 3212 3915 homine
3236 3862 3351 3924 illo.

1793 3953 1907 3999 tum
1937 3960 1967 3999 a
1998 3943 2240 4000 demode
2264 3946 2499 4012 lncesso,
2532 3954 2645 3999 tum
2674 3960 2704 4000 a
2732 3954 2875 4002 statu
2893 3948 3090 4005 mentis
3118 3949 3349 4019 dejecto,

1794 4044 1887 4089 aut
1918 4035 2366 4091 consuetudinem
2406 4044 2500 4089 aut
2553 4035 2866 4091 societatem
2908 4038 3047 4093 inire
3082 4054 3189 4094 :ne
3212 4039 3351 4097 forte

1792 4119 2025 4192 nequam
2050 4124 2193 4181 illius
2215 4108 2563 4189 damoniu‘m,
2595 4126 3020 4194 pulchritudinis
3048 4128 3350 4197 dignitatis-

1791 4230 1896 4285 que
1920 4224 2027 4270 tuae
2055 4215 2317 4281 invidum,
2351 4215 2553 4272 amoris
2571 4216 2809 4271 simulati
2838 4219 3020 4287 specie
3052 4220 3353 4278 circumve-

1753 4358 1757 4362 .
1784 4309 1903 4359 ‘niat
1926 4306 2341 4376 supplantetque
2372 4314 2459 4371 te;
2493 4306 2739 4374 plurimas
2763 4307 2905 4361 enim
2931 4317 3058 4363 sunt
3090 4312 3350 4378 gravissi-

1789 4397 1864 4450 mi
1893 4397 2040 4452 illius
2074 4396 2371 4451 adversarii
2401 4397 2850 4453 machinationes.
2892 4398 3099 4466 Quibus
3126 4404 3197 4457 ita
3225 4404 3350 4474 Epi-

1788 4487 2023 4556 phanius
2052 4488 2329 4556 respondit
2360 4504 2373 4540 :
2409 4487 2627 4543 Fratres
2670 4488 3000 4560 Patresque,
3033 4493 3345 4563 priusquam

1790 4578 1893 4634 iste
1918 4588 2273 4650 occuparetur
2305 4594 2335 4634 a
2356 4580 2753 4645 cacodaamone,
2784 4596 3064 4650 .perquam
3098 4587 3228 4639 mihi
3269 4587 3346 4641 ra-

1792 4671 2015 4725 miliaris
2088 4672 2331 4745 exstitit;
2372 4672 2737 4740 charitasque,
2787 4687 2891 4742 qua
2921 4672 3061 4728 inter
3094 4690 3192 4729 nos
3226 4676 3348 4731 dili.

1792 4761 2071 4831 gebamus,
2133 4771 2282 4818 tanta
2329 4762 2455 4827 fuit,
2508 4770 2567 4815 ut
2598 4762 2733 4816 nibil
2763 4778 3133 4831 supraznunc
3181 4768 3344 4835 igitur

1791 4864 1914 4903 cum
1980 4850 2032 4903 in
2092 4849 2450 4904 calamitatem
2518 4850 2658 4905 hanc
2716 4850 2924 4917 incidit,
2956 4867 3080 4905 num
3129 4868 3339 4923 aequum

1790 4940 2017 5010 putatis,
2071 4941 2272 4994 nullam
2327 4954 2414 4994 me
2440 4940 2638 4994 misero
2677 4955 2893 5009 Operam
2930 4956 3146 5005 navare,
3179 4947 3343 5001 mise-

1789 5031 2075 5085 ricordiam
2140 5031 2393 5085 exhibere
2443 5031 2701 5084 nullam?
2772 5030 3041 5099 Scriptum
3092 5038 3339 5089 esteuim

1790 5123 1857 5177 de
1910 5121 2205 5177 amicorum
2265 5120 2690 5194 conjunctione:
2730 5139 2749 5171 ι
2806 5119 3340 5190 Majoremliaediie—

1787 5213 2018 5266 ctionem
2066 5226 2225 5265 nemo
2270 5212 2451 5289 liabet,
2493 5218 2550 5263 ut
2578 5210 2812 5268 animam
2854 5227 3007 5287 suam
3035 5226 3197 5282 ponat
3218 5217 3341 5285 quis

63 5318 183 5371 pro
257 5297 474 5351 amicis
542 5297 655 5352 suis
710 5297 749 5349 ‘.
812 5316 830 5349 ι
890 5302 1063 5368 Atque
1092 5300 1206 5354 haec
1249 5302 1531 5371 responsio
1569 5312 1684 5357 erat
1721 5303 2026 5373 Epiphanii,
2062 5319 2167 5373 qua
2198 5317 2351 5357 suam
2392 5318 2514 5357 cum
2547 5302 2755 5356 Andrea
2802 5303 3337 5361 fumiliaritatenrin-

144 5436 173 5465 ⁸
201 5431 405 5487 Joan.
446 5444 536 5491 xv,
571 5427 658 5483 I5.

145 5542 292 5613 (66)
376 5537 511 5613 Quid
543 5540 634 5613 hic
654 5542 977 5612 Τρούλλαιον
999 5542 1184 5613 {intra
1215 5543 1267 5596 iu
1305 5543 1498 5600 Mazar.
1540 5548 1677 5601 scri-

1783 5561 1902 5624 pter
1955 5561 2161 5624 aptatas
2193 5552 2239 5605 ei
2286 5568 2448 5607 ansas
2498 5551 2788 5624 πτερῶδες,
2816 5557 2968 5624 quasi
3024 5556 3191 5619 alata,
3223 5555 3339 5610 ﬁeri

50 5609 234 5671 bititr
267 5609 967 5703 "snptotiyto-vninyaticauo
982 5612 1329 5703 :FYXEEpltOVL
1348 5613 1543 5683 Utique
1587 5631 1681 5669 vas

1796 5609 2038 5703 ilicitur:_
2062 5620 2179 5676 Non
2236 5632 2413 5703 tamen
2448 5609 2787 5703 satis'capi'o'
2820 5609 2967 5696 quid»
3009 5609 3336 5701 hricnel'encibi

52 5686 384 5740 manualc
427 5688 480 5732 et
534 5680 848 5747 rotundum,
904 5682 1061 5751 quale
1093 5680 1171 5736 est
1204 5682 1385 5750 trulla,
1414 5680 1533 5754 qua:
1562 5700 1683 5756 pru-

1786 5690 1946 5747 lateat
1976 5692 2234 5749 adversus
2268 5694 2521 5750 Arianos.
