3982 6346
645 268 748 331 687
1691 260 2113 322 NICEPHORI
2152 262 2623 327 PRESBYTERI
2659 268 2765 327 Cl‘.
3745 279 3818 342 688

640 370 976 433 cusantihus,
1032 385 1089 425 se
1122 370 1405 438 purgabat.
1436 370 1770 439 Prmceptuut
1826 387 2060 441 namque
2092 374 2190 427 viri
2230 376 2399 429 sancti
2450 392 2547 445 pro
2597 378 2710 445 lege
2762 378 2862 431 sibi
2955 377 3248 431 iuviulahili
3324 380 3631 447 reputabat,
3660 384 3828 443 scilicet

643 477 693 517 ut
727 476 824 514 nec
853 462 942 529 qui
1028 461 1145 530 ejus
1205 463 1412 516 vivendi
1484 463 1830 527 institutum,
1900 474 2256 532 prmterquam
2325 466 2756 522 adulescentibus
2841 468 3140 531 nonnullis,
3230 471 3479 524 eumdem
3562 474 3828 529 amantibus

639 552 1024 609 manifestarct.
2459 621 2469 631 ⁸

706 647 794 702 49.
830 647 1051 703 lnvento
1076 647 1287 703 tandem
1310 647 1431 703 loco
1450 656 1774 720 opportuno,
1795 649 2196 713 consederunt;
2227 650 2278 711 Α

2256 662 2279 710 ι
2364 645 2472 717 μθ’.
2507 647 2768 716 Εὐρόντες
2799 647 2986 713 τόπον,
3016 646 3415 716 ἐκαθέσθησαν,
3449 638 3543 699 καὶ
3571 646 3828 718 διηγήσατο

638 740 912 808 cmpitque
972 739 1310 809 Epiphanius
1359 741 1426 795 de
1448 755 1678 795 occursu
1731 740 2019 803 damonis,
2042 741 2092 793 in
2114 740 2203 793 via

2290 740 2319 792 ὁ
2354 738 2685 807 Ἐπιφάνιος,
2730 739 2878 800 ὅπως
2914 738 3063 807 αὐτῷ
3098 739 3433 807 συνήντησεν
3480 740 3539 791 ἐν
3580 741 3643 807 τῇ
3688 741 3779 807 ὁδῷ
3810 746 3830 796 ὸ

638 830 745 886 sibi
805 829 971 893 facto,
1010 831 1375 909 narrationem
1421 831 1721 887 instituere.
1766 830 2086 890 Simulahat,
2119 829 2199 882 in~

2305 830 2570 893 Σατανᾶς,
2596 831 2669 891 ὼς
2699 831 2877 898 γέρων
2910 829 3336 899 πεπολιωμένος,
3368 832 3671 903 Ἀγαρηνοῦ
3697 836 3832 901 ἐμπό-

638 922 857 992 quiens,
892 937 1173 992 aspersum
1206 923 1403 977 canitie
1450 938 1655 991 senem,
1698 921 2019 992 praeferebat
2049 921 2202 976 habi-

2305 910 2400 994 ρου
2451 922 2635 992 σχῆμα
2675 922 2842 991 ἔχων,
2867 923 2990 987 τοὺς
3019 921 3327 993 ὀφθαλμοὺς
3360 924 3697 994 ἡγριωμένος
3726 931 3834 981 κατᾶ

644 1025 755 1066 tum
790 1013 1113 1068 mercatoris
1157 1012 1410 1082 Agareni,
1436 1013 1623 1068 oculos
1677 1013 1905 1067 habebat
1938 1022 2117 1067 torvos
2139 1026 2202 1066 ac

2301 1016 2393 1068 τὸν
2450 1016 2546 1069 τοῦ
2582 1017 2703 1087 βοὸς
2732 1018 2845 1087 (67)
2893 1016 3085 1083 τύπον,
3133 1018 3605 1089 περιϐεϐλημένος
3653 1023 3836 1091 ίμάτιον

641 1104 869 1168 feroces,
920 1103 1108 1172 quales
1162 1103 1275 1159 fere
1332 1102 1445 1175 (67)
1496 1116 1772 1159 taurorum
1831 1119 1952 1159 esse
1979 1104 2198 1159 solent:

2306 1104 2494 1172 μέλαν,
2513 1105 2570 1156 ιν
2600 1104 2941 1175 ὀστρακίνοις
2970 1107 3311 1177 ὑποδήμασιν
3340 1113 3405 1179 τῇ
3442 1114 3621 1181 χροιᾷ.
3647 1116 3832 1177 Μεταξϋ

641 1192 970 1247 induebatur
1001 1193 1382 1248 vestimentum
1408 1194 1641 1263 nigrum,
1672 1202 1725 1247 et
1765 1194 1975 1248 calceos
2003 1182 2202 1261 purpu-

2301 1191 2395 1244 οὖν
2421 1193 2530 1245 τῶν
2558 1192 2899 1249 διοδευόντων
2930 1197 3265 1264 σσναντήσας
3295 1197 3400 1267 ἔφη
3436 1215 3559 1266 μοιτ
3588 1202 3722 1272 Οὐχὶ
3744 1206 3836 1259 aiis

640 1282 717 1337 rei
774 1283 994 1338 coloris.
1060 1282 1107 1338 ls
1162 1285 1461 1339 ambulanti
1519 1285 1649 1339 mihi
1708 1284 1921 1339 obviam
1983 1284 2198 1339 factus:

2302 1282 2416 1345 uio;
2457 1281 2731 1346 Ἰωάννου,
2767 1284 2893 1353 περὶ
2923 1280 2984 1339 οὗ
3019 1301 3183 1354 φασιν
3209 1288 3258 1339 oi
3290 1288 3591 1358 ἄνθρωποι.
3618 1308 3833 1347 καταπε-

638 1373 828 1429 Noune
882 1386 961 1439 tu,
1029 1376 1221 1445 inquit,
1274 1375 1417 1432 ﬁlius
1456 1376 1707 1441 Joannis,
1749 1391 1909 1445 quem
1953 1376 2200 1431 homines

2300 1372 2603 1442 πατηκέναι
2622 1387 2705 1424 σοι
2726 1372 2817 1427 τὸν
2841 1373 3114 1443 διάϐολον)
3140 1376 3537 1448 Ὑποκριτικῶς
3564 1379 3708 1449 ἔχεις
3730 1386 3840 1452 πρός

641 1467 793 1519 aiunt
825 1481 921 1535 pro
952 1462 1120 1520 nihilo
1151 1466 1351 1522 habere
1376 1466 1682 1523 diabolum?
1715 1464 2051 1537 Hypocritam
2083 1467 2200 1535 agis

2304 1480 2395 1533 με,
2428 1464 2539 1532 ἐγώ
2568 1481 2625 1517 σε
2659 1464 2837 1532 πλέξω
2857 1467 3293 1538 ἀμφίϐληστρον,
3318 1472 3412 1522 καὶ
3442 1470 3644 1524 λάκκον
3665 1472 3837 1544 ὀρύξας

638 1557 849 1610 ratione
903 1555 1047 1611 mei:
1077 1559 1291 1612 tendam
1316 1572 1416 1628 ego
1449 1557 1541 1612 tibi
1556 1567 1821 1618 casses.et
1859 1558 1979 1613 lacu
2006 1557 2200 1613 etlosso

2375 1556 2619 1624 μποδίσω
2649 1574 2728 1622 σε,
2757 1557 2869 1625 ὲγὼ
2904 1573 2987 1611 σοι
3016 1558 3238 1627 ἀρτύσω
3272 1560 3479 1631 κυθραν
3508 1562 3621 1632 (68)
3646 1603 3662 1627 ,
3712 1566 3842 1617 ὲνανο

639 1649 944 1716 illaqueaho
997 1658 1068 1710 te,
1132 1659 1387 1719 tuamque
1420 1650 1515 1703 tibi
1538 1652 1698 1705 ollam
1753 1651 2023 1715 condiam,
2055 1650 2199 1719 quod

2300 1649 2390 1701 τία
2421 1652 2544 1718 ἐμοὶ
2574 1650 3047 1722 διαπραττομένῳ.
3092 1650 3275 1705 Ταῦτα
3304 1652 3398 1705 τοῦ
3429 1654 3669 1724 πονηροῦ
3698 1656 3840 1726 φλυασ

642 1740 883 1795 consiliis
906 1741 1043 1794 meis
1067 1740 1354 1800 obnitaris.
1378 1740 1535 1795 Talia
1581 1742 1899 1797 blatterante
1927 1741 2069 1796 malo
2091 1743 2199 1796 du:-

2301 1734 2544 1804 ροῦντος,
2590 1736 2700 1804 ἐγὼ
2759 1738 2897 1807 πρὸς
2955 1740 3055 1801 τάς
3098 1739 3263 1793 αὐτοῦ
3311 1741 3545 1805 ἀπειλὰς
3620 1748 3717 1798 καὶ
3765 1747 3846 1808 τὰς

646 1846 828 1896 mone,
858 1842 907 1886 ct
936 1832 1110 1886 minas
1134 1832 1473 1901 injuriasque
1519 1832 1814 1902 ingerente,
1847 1846 1981 1903 pene
2007 1835 2195 1890 exani-

2301 1825 2487 1896 ὕϐρεος
2513 1826 2813 1900 ἑξιστάμην
2844 1845 2859 1859 ·
2895 1830 3061 1884 πόθεν
3101 1832 3209 1901 ἄρα
3252 1847 3343 1901 μοι
3387 1836 3738 1903 συνήντησεν,
3785 1840 3842 1905 μή

641 1934 822 1979 matus
870 1940 1026 1979 sum:
1097 1925 1371 1979 admirans
1423 1924 1566 1980 unde
1618 1924 1669 1981 is
1712 1926 1842 1979 mihi
1879 1926 2197 1991 occurrerit,

2300 1935 2430 1971 ποτε
2463 1920 2795 1989 συνάραντός
2838 1937 2942 1989 μου
2987 1922 3145 1990 λόγον
3183 1922 3301 1992 μετ’
3332 1924 3627 1989 αὐτοῦ,τίς
3678 1927 3733 1981 δὲ
3773 1946 3848 1979 και

639 2031 873 2083 quocum
916 2016 1049 2069 nihil
1078 2031 1312 2085 unquam
1370 2016 1638 2071 sermonis
1688 2016 1925 2083 contuli;
1957 2026 2051 2072 aut
2075 2018 2198 2087 quis

2372 2008 2536 2079 ςάρχει
2563 2009 2665 2062 οὐκ
2699 2010 3021 2081 ἐπίσταμαι,
3048 2014 3077 2066 ὁ
3101 2010 3255 2077 δίκας
3283 2030 3373 2083 μοι
3404 2017 3847 2087 εἰσπραττόμενος

638 2107 729 2161 ille
788 2107 1076 2161 intentator
1115 2106 1260 2170 litis,~
1299 2107 1388 2161 ille
1434 2105 1736 2173 terriﬁcas,
1780 2106 1871 2162 ille
1923 2095 2198 2163 mini'tator

2298 2099 2545 2168 ἐκφοϐῶν
2585 2117 2654 2170 με
2704 2102 2799 2155 καὶ
2849 2103 3260 2174 ἀπειλούμενος,
3308 2107 3337 2159 ό
3366 2106 3499 2175 ἐμοὶ
3529 2107 3849 2179 ἀγνώριστος

638 2198 821 2265 fuerit,
862 2215 983 2253 cum
1021 2216 1117 2254 nec
1154 2200 1375 2253 viderim
1406 2210 1553 2263 ante,
1595 2215 1694 2254 nec
1723 2200 2062 2269 cognoverim
2092 2216 2196 2254 un-

2372 2193 2394 2245 ὶ
2423 2192 2672 2257 ἀθέατος.
2704 2193 2891 2249 Ταῦτα
2920 2195 3360 2267 διαλογιζομένου
3385 2214 3489 2268 μου
3516 2199 3607 2252 καὶ
3629 2192 3852 2274 ἀπορεύ-

638 2305 824 2359 quam,
876 2292 1036 2359 plane
1101 2308 1187 2346 tne
1246 2292 1401 2358 fugit.
1430 2292 1605 2360 Atque
1647 2291 1739 2345 illa
1775 2291 2031 2359 cogitanti
2064 2291 2195 2346 mihi

2302 2286 2491 2356 μένου,
2525 2286 2710 2351 κλόνος
2733 2304 2801 2354 με
2836 2289 3143 2358 περιέσχεν,
3175 2288 3272 2342 καὶ
3294 2290 3532 2360 τάραχος
3554 2291 3846 2363 ἀφόρητος·

636 2381 925 2455 animoque
946 2382 1220 2452 pendenti,
1251 2390 1458 2436 tremor
1479 2389 1534 2435 et
1576 2390 1942 2436 consternatio
1973 2382 2199 2437 incessit

2302 2380 2393 2433 καὶ
2426 2378 2503 2442 ὡς
2551 2379 2737 2436 ἐνθάδε
2778 2381 3211 2451 περιερχόμενος
3266 2383 3576 2451 συνήντησα
3603 2386 3675 2454 τῇ
3707 2385 3855 2453 ἀγιω-

636 2472 1037 2536 intolerabilis:
1066 2472 1238 2527 donec
1264 2472 1372 2526 huc
1416 2473 1697 2536 accedens,
1751 2472 1961 2526 obviam
1993 2472 2198 2526 sancti-

2300 2472 2455 2543 σύνη,
2491 2472 2550 2524 τὸ
2575 2474 2682 2525 πᾶν
2706 2490 2798 2541 μοι
2826 2472 3128 2544 ἀψευδῶςή
3163 2473 3229 2544 σὴ
3272 2476 3614 2548 μακαριότης
3662 2480 3856 2545 ἀπεγζ-

639 2566 733 2619 tati
793 2574 896 2619 tuae
944 2563 1119 2618 iactus
1167 2579 1304 2627 sum,
1337 2574 1533 2618 cuncta
1584 2563 1737 2628 mihi,
1793 2572 1852 2619 ut
1880 2572 2196 2629 evenerunt,

2372 2581 2537 2618 ωσεν.
2574 2565 2717 2635 Ἔφη
2748 2564 2885 2635 πρσς
2914 2564 3076 2617 αὑτὸν
3104 2568 3133 2619 ό
3167 2566 3353 2630 Ὄσιος
3387 2582 3404 2599 ο
3447 2567 3507 2620 Ὀ
3559 2569 3856 2640 ’Λγαρηνὸς

638 2656 905 2711 narranti.
953 2653 1088 2709 Tum
1118 2668 1277 2709 orsus
1327 2653 1574 2710 Andreas
1612 2656 1961 2725 :Agarenus,
2002 2655 2197 2725 inquit,

2298 2654 2773 2722 ἑκεῖνος,φίλτατέ
2805 2671 2914 2721 μοι,
2964 2653 3356 2725 ἑκατόνταρχος
3409 2656 3689 2726 δαιμόνων
3734 2676 3857 2730 χρη-

635 2747 1008 2810 dilectissime,
1031 2760 1191 2815 quem
1214 2760 1504 2813 memoras,
1535 2756 1751 2802 centum
1806 2748 2195 2802 daemoniorum

2308 2746 2541 2814 ματίζει,
2572 2746 2718 2798 ἔστιν
2750 2745 2806 2798 δὲ
2835 2745 3037 2814 δραξὴς
3078 2745 3213 2816 (69),
3243 2748 3326 2811 είς
3365 2748 3424 2801 τὸ
3452 2750 3720 2821 πολεμεῖν
3750 2756 3864 2816 τοὺς

639 2839 852 2893 cohorti
913 2846 1139 2907 praeest;
1175 2838 1472 2892 industrius
1492 2836 1783 2892 admodum
1814 2852 1879 2893 ac
1911 2847 2193 2902 strenuus.

2298 2836 2734 2906 ἀγωνιζομένους
2773 2838 2910 2907 πρὸς
2935 2838 3088 2905 Θεὸν,
3112 2840 3205 2891 καὶ
3224 2838 3385 2894 ὠθεῖν
3415 2840 3556 2911 πρὸς
3576 2845 3862 2912 ἀσελγείας

634 2941 693 2983 ιιι
726 2926 999 2989 homines,
1036 2926 1089 2980 in
1116 2927 1289 2981 stadio
1319 2927 1521 2980 amoris
1552 2927 1642 2981 Dei
1699 2927 1951 2982 alacriter
1970 2942 2197 2997 progre-

2298 2928 2397 2990 τὰς
2422 2926 2599 2996 ψυχὰς
2632 2926 2742 2980 τῶν
2764 2927 3086 2998 ἀνθρώπων,
3114 2927 3321 2997 θέλγων
3359 2931 3524 2996 αύτάς
3567 2937 3652 2997 είς
3686 2935 3868 2988 ιπιθυ-

632 3020 865 3085 dientes,
897 3028 1202 3088 expugnet;
1262 3032 1559 3086 eorumque
1603 3017 1813 3072 animas
1864 3017 2057 3073 leniter
2100 3017 2197 3073 de—

2316 3017 2431 3081 ιίας
2480 3018 2711 3089 αἰσχρὰς
2758 3018 2850 3071 καὶ
2895 3018 3327 3090 γαργαλισμούς.
3386 3021 3454 3074 Σὲ
3498 3019 3593 3076 οὖν
3621 3066 3636 3090 ,
3688 3027 3885 3081 τέκνον.

634 3110 942 3174 mulcendo,
1001 3110 1070 3165 ad
1122 3125 1316 3181 pravas
1361 3110 1705 3179 cupiditates,
1752 3110 1820 3164 ad
1864 3109 2196 3167 titillationes

2297 3111 2601 3181 ἀγαπητὸν,
2647 3111 2971 3183 παρακαλῶ,
3036 3113 3270 3184 πρόσεχε
3320 3115 3586 3183 σεαυτὸν,
3641 3119 3743 3172 καὶ
3805 3121 3869 3187 μή

632 3203 833 3266 carnis,
881 3200 949 3255 ad
988 3200 1263 3256 lasciviam
1293 3201 1525 3271 denique
1556 3202 1807 3256 adducat.
1841 3201 2195 3272 Quapropter,

2298 3204 2485 3271 ἀγνόει
2521 3202 2687 3259 αὑτοῦ
2720 3204 2788 3257 τά
2821 3206 3211 3275 μηχανήματα.
3245 3206 3389 3277 Ὅρα
3437 3209 3515 3270 δὲ,
3566 3211 3869 3281 ἐγρηγορό-

631 3298 706 3352 ﬁli
735 3292 1076 3363 ch’aris‘sime,
1109 3304 1160 3352 te
1196 3297 1447 3361 obsecro,
1476 3313 1654 3352 rerum
1695 3306 1914 3351 tuarum
1968 3306 2029 3350 ut
2055 3306 2200 3352 sata-

2300 3294 2420 3367 θητι
2446 3294 2542 3349 καὶ
2566 3294 2702 3365 νῆφε
2726 3297 2784 3348 ιν
2812 3298 3002 3362 πᾶσιν,
3022 3296 3208 3368 ἐπειδὴ
3238 3297 3445 3362 ἁπαλὸς
3472 3299 3568 3352 καὶ
3599 3305 3872 3372 τρυφερ’ς

634 3405 752 3461 gas,
810 3403 1140 3460 operamque
1182 3390 1299 3454 des,
1325 3404 1392 3443 ne
1422 3396 1475 3443 te
1504 3388 1708 3444 lateant
1760 3388 2191 3443 machinationes

2298 3383 2370 3452 εἰ,
2403 3388 2499 3441 καὶ
2524 3387 2643 3441 λίαν
2672 3388 2934 3458 ήδύτατος
2966 3403 2982 3418 ·
3020 3389 3116 3442 καὶ
3151 3388 3342 3443 ἕνεκεν
3387 3388 3581 3444 τούτου
3625 3393 3870 3487 μέμηνεν

632 3482 858 3537 inimici.
920 3480 1359 3551 Circumspectus
1415 3482 1600 3551 itaque
1652 3480 1861 3551 et‘vigil
1888 3489 1942 3536 et
1978 3480 2193 3537 sobrius

2303 3478 2438 3533 κατὰ
2473 3477 2567 3532 σοῦ
2599 3481 2627 3533 ό
2668 3479 3043 3550 ὑπερήφανος,
3083 3478 3201 3533 ἀνθ’
3251 3474 3327 3535 ὧν
3357 3481 3437 3551 τῷ
3478 3481 3600 3552 Θεῷ
3653 3474 3875 3537 σεαυτὸν

629 3583 747 3631 csto
776 3575 829 3627 in
884 3573 1156 3637 omnibus,
1182 3572 1440 3643 quoniam
1473 3572 1722 3636 tenellus,
1746 3581 1801 3627 et
1844 3571 2188 3638 delicatulus,

2297 3571 2590 3642 ἀνέθηκας,
2621 3572 3017 3642 προσαρμόσας
3059 3572 3225 3626 αὑτοῦ
3258 3574 3318 3626 τδ
3366 3576 3753 3645 μαργαρῶδες
3791 3576 3869 3627 τοῦ

627 3674 681 3719 ct
716 3664 1073 3720 suavissimus
1105 3678 1164 3719 es
1188 3682 1204 3721 :
1225 3664 1453 3734 ideoque
1479 3662 1663 3719 furore
1705 3666 1883 3734 agitur
1907 3664 2191 3720 adversum

2300 3661 2395 3716 σοῦ
2431 3663 2684 3732 σώματος
2718 3677 2734 3695 ο
2779 3663 2874 3718 καὶ
2924 3661 3201 3735 φθονήσας
3236 3680 3331 3718 σου
3364 3658 3464 3735 τὴν
3497 3666 3762 3730 σύνεσιν,
3788 3670 3872 3733 τὴν

628 3766 682 3812 te
738 3758 1006 3827 superbus
1064 3756 1257 3820 hostis,
1297 3758 1424 3825 quia
1470 3763 1523 3810 te
1587 3767 1853 3810 sacratum
1905 3752 2014 3811 Deo
2041 3755 2191 3810 dica-

2300 3754 2600 3826 πραότητα,
2645 3756 2744 3827 τήν
2783 3755 3179 3827 καθαρωτάτην
3225 3758 3439 3826 σοφίαν,
3478 3758 3577 3830 τήν
3631 3762 3872 3828 ἁγνείαν,

628 3858 853 3919 tumque
885 3847 1126 3911 voluisti,
1149 3847 1329 3902 oblata
1369 3846 1468 3917 ipsi
1503 3847 1890 3917 pretiosissima
1948 3848 2191 3916 corporis

2301 3849 2393 3903 καὶ
2422 3849 2735 3921 διαπρίεται
2764 3849 3020 3923 μεμηνὼς
3048 3851 3190 3904 κατά
3230 3851 3323 3904 σοῦ
3353 3854 3777 3924 όκατάρατος,
3819 3851 3873 3906 δι’

625 3939 703 3993 tui
741 3937 1052 4007 margarita.
1087 3938 1299 3993 Invidet
1340 3952 1503 4009 porro
1555 3940 1695 3994 idem
1742 3938 2059 3995 maledictus
2093 3941 2189 3995 ho-

2303 3940 2353 3995 lv
2381 3940 2443 4006 εξ
2488 3941 2617 4010 ὅλης
2661 3941 2889 4011 καρδίας
2924 3958 3017 3995 σου
3054 3944 3275 4013 ἀγαπᾷς
3315 3943 3409 4000 τὸν
3450 3944 3587 3999 Θεὸν
3623 3949 3733 4000 καὶ
3766 3947 3875 4006 τοὺς

623 4030 724 4083 stis
757 4038 906 4083 tuum
946 4028 1044 4084 tibi
1073 4029 1372 4100 ingenium,
1424 4030 1915 4096 mansuetudinem,
1971 4033 2190 4110 sapien-

2306 4034 2507 4101 Ξγίους,
2530 4035 2656 4096 τοὺς
2684 4032 2753 4086 δι’
2782 4033 2947 4087 αὑτὸν
2970 4034 3032 4086 τὸ
3088 4028 3227 4104 αἷμα
3249 4038 3563 4107 ἐκχέοντας,
3617 4038 3724 4092 διὰ
3747 4036 3878 4106 ζωὴν

624 4118 773 4200 ιὶειῆ⁴
813 4122 1096 4177 erroribus
1163 4136 1269 4177 non
1328 4136 1643 4191 aspersam,
1670 4132 1723 4177 et
1750 4122 2129 4179 castimoniam
2169 4138 2183 4176 :

2014 4124 2129 4178 iam
2169 4138 2183 4176 :
2290 4125 2389 4193 τήν
2420 4123 2637 4177 αἰώνιον
2677 4124 2772 4176 καὶ
2802 4124 2903 4195 τήν
2925 4123 3153 4195 ἄπειρον
3182 4113 3586 4201 μακαριότητα).

622 4213 890 4284 furiisque
936 4213 1168 4283 agitatus
1208 4213 1263 4267 in
1330 4221 1477 4266 tuam
1541 4212 1808 4268 incumbit
1860 4213 2184 4282 perniciem,
2223 4220 2508 4283 propterea
2530 4213 2674 4283 quod
2699 4227 2765 4268 ex
2841 4224 2955 4270 toto
2980 4217 3142 4271 corde
3204 4216 3372 4273 Deum
3403 4219 3625 4289 diligis,
3653 4222 3878 4293 ejusque

622 4306 842 4362 sanctos
890 4308 1150 4373 honoras,
1182 4306 1276 4378 qui
1306 4303 1399 4361 Dei
1424 4315 1477 4361 et
1530 4306 1654 4360 vita:
1684 4316 1898 4362 reterns:
1961 4322 2025 4361 ac
2054 4307 2472 4363 interminabilis
2529 4306 2882 4365 beatitudinis
2947 4324 3110 4366 causa
3134 4338 3149 4350 -
3174 4312 3496 4381 sanguinem
3548 4328 3736 4369 suum
3764 4329 3876 4383 μοι

622 4396 900 4456 fuderunt.
2431 4405 2439 4415 ‘
3734 4428 3741 4435 .

699 4490 785 4546 50.
820 4488 980 4545 Disce
1005 4490 1174 4562 igitur
1194 4504 1358 4561 quam
1388 4489 1673 4561 diligenter
1709 4489 2096 4561 perscrutanda
2119 4489 2189 4544 sit

2351 4492 2415 4541 ν’.
2449 4486 2594 4557 Ὅρα
2628 4483 2745 4546 πῶς
2775 4482 3127 4555 ἀκριϐολογεῖ
3158 4483 3258 4553 τήν
3291 4483 3385 4537 τοῦ
3420 4488 3687 4557 πονηροῦ
3727 4490 3876 4543 κακό-

623 4583 696 4649 ci,
738 4583 829 4653 qui
882 4582 937 4635 in
1011 4582 1206 4653 timore
1240 4580 1334 4638 Del
1380 4591 1436 4638 et
1464 4582 1690 4638 veritate
1733 4580 1995 4648 ambulat,
2027 4581 2193 4636 male-

2297 4598 2427 4638 mav
2463 4576 2602 4651 μετά
2641 4576 2807 4645 φόϐου
2847 4572 2983 4628 Θεοῦ
3019 4576 3115 4629 καὶ
3146 4574 3409 4646 ἀληθείας
3446 4579 3869 4651 πορευόμενοςι

621 4673 851 4728 volentia
880 4672 1101 4742 pessimi
1157 4671 1443 4729 daemonis.
1495 4672 1696 4743 Subige
1720 4671 1941 4743 jejuniis
1971 4687 2190 4742 corpus,

2372 4672 2549 4738 mtaCé
2576 4687 2672 4726 σου
2695 4670 2758 4723 τὸ
2788 4669 2950 4739 σῶμα
2977 4668 3249 4741 νηστείαις
3268 4707 3285 4733 ,
3312 4670 3406 4721 καὶ
3430 4670 3499 4723 τά
3523 4669 3648 4741 τῆς
3681 4673 3875 4742 σαρκὸς

621 4775 674 4820 et
715 4780 932 4821 carnem
985 4762 1350 4821 lascivientem
1377 4764 1539 4820 doma
1570 4780 1584 4819 :
1617 4765 1780 4819 indue
1834 4764 2187 4819 humilitatem

2372 4765 2685 4837 ιρτήματαο
2737 4761 3034 4834 περιϐαλοῦ
3071 4761 3169 4834 τήν
3222 4764 3758 4835 ταπεινοφροσύνην
3812 4766 3874 4825 ὡς

618 4870 717 4926 pro
759 4858 1119 4924 vestimento;
1185 4856 1412 4925 prolixis
1447 4857 1635 4928 gaude
1668 4857 1955 4927 precibus;
1993 4872 2186 4915 sensus

2301 4857 2536 4928 ἱμάτιον
2567 4855 2627 4909 ὲν
2663 4855 2785 4917 ταῖς
2815 4853 3001 4924 εὐχαῖς
3035 4852 3332 4924 φαιδρύνου
3380 4853 3837 4926 εὐφραινόμενος
3861 4871 3873 4885 ·

618 4951 867 5020 corporis
920 4964 1113 5006 omnes
1138 4964 1305 5017 puros
1335 4960 1391 5004 et
1443 4949 1899 5007 incontam’inatos
1926 4953 2139 5007 custodi
2165 4993 2178 5005 .

2301 4950 2532 5020 ρύλασσε
2564 4948 2744 5011 πάσας
2768 4948 2867 5009 τὰς
2892 4945 3176 5018 αἰσθήσεις
3202 4944 3298 5001 τοῦ
3346 4943 3614 5016 σώματός
3659 4967 3761 5004 σου
3793 4964 3873 5003 κα-

711 5104 801 5175 67)
832 5104 1163 5177 Ecgraphum
1206 5115 1451 5161 nostrum
1507 5107 1760 5173 habebat,
1796 5105 1940 5165 κατὰ
1972 5106 2031 5160 τὸ
2087 5104 2183 5158 τοῦ

2372 5113 2466 5159 tem
2504 5119 2603 5174 pro
2636 5102 2842 5177 χύτραν
2866 5103 3030 5177 ollam
3076 5100 3329 5177 usurpari
3359 5100 3871 5177 hic,_manifestum

619 5176 738 5246 βοὸς
757 5173 941 5230 τόπον.
960 5173 1126 5233 Notus
1156 5192 1223 5231 ex
1254 5178 1484 5241 Codino,
1516 5177 1683 5231 Locus
1724 5177 1865 5231 bat-is
1907 5191 2186 5246 nuncupa-

2304 5177 2377 5231 iet
2431 5173 2520 5247 ex,
2560 5173 2831 5247 num._’51
2859 5215 2875 5240 ,
2937 5173 3029 5228 ubi
3080 5173 3402 5247 diminutive
3442 5173 3672 5232 dicitur
3702 5176 3876 5247 κυθρί-

619 5243 704 5302 tus
736 5248 825 5301 ubi
858 5249 1048 5318 {ornas
1080 5247 1339 5303 aediﬁcata
1366 5257 1483 5302 erat
1503 5243 2183 5318 capacissima,|praleréus
2282 5248 2413 5302 διον.
2448 5246 2543 5301 Est
2570 5243 2928 5318 ergoglocutio
2962 5243 3337 5318 proverbialis,
3363 5259 3479 5318 qua
3496 5250 3644 5318 quis
3688 5243 3873 5302 dicere:

621 5328 777 5385 caput
800 5318 977 5393 bovis.
1008 5316 1137 5393 _Sed_
1160 5320 1287 5386 quid
1317 5321 1417 5373 hoc
1444 5320 1511 5372 ad
1536 5314 1725 5393 oculos
1748 5318 1772 5373 τ
1792 5314 1933 5393 Ergo
1967 5317 2181 5393 proté-
2283 5318 2444 5393 aliam
2468 5318 2579 5393 tibi
2622 5314 2849 5393 inferam
2875 5356 2890 5380 ,
2922 5315 3005 5393 vel
3056 5314 3188 5393 quid
3234 5314 3433 5393 simile,
3465 5314 3527 5369 id
3548 5327 3657 5373 est
3716 5332 3872 5389 pars:

620 5404 763 5511 ἓν,
832 5390 1021 5459 scripsi
1076 5385 1267 5453 τύπον,
1310 5398 1367 5443 ut
1414 5402 1610 5443 sensus
1671 5392 1743 5444 sit
1768 5415 1798 5455 ,-
1841 5385 1909 5441 ad
1957 5385 2179 5442 modum

699 5471 801 5510 vus.

2296 5385 2412 5441 miihi
2443 5389 2731 5449 dabis,vel,
2762 5386 3041 5455 rependam
3082 5385 3176 5449 tibi
3201 5387 3386 5439 vicem.
3718 5385 3729 5389 '

2354 5460 2467 5525 (69)
2530 5454 2762 5525 Δραξής,
2819 5471 2947 5510 num
2996 5455 3269 5525 tipatam,
3297 5454 3437 5509 idem
3465 5468 3703 5514 sonans
3742 5455 3868 5525 quod

736 5473 801 5510 IS.
2354 5473 2467 5518 (ου)
2530 5473 2762 5518 Δραςης,
2819 5473 2947 5510 num
2996 5473 3269 5518 οραστης,
3297 5473 3437 5509 luem
3465 5473 3703 5514 sonans
3742 5473 3869 5518 (Ιοω
3944 5488 3945 5518 ᾖ

858 5526 958 5602 his.
1019 5525 1217 5602 Vatie.
1258 5529 1430 5601 ἀρτιῶ
1464 5548 1497 5602 Δε
1544 5528 1683 5585 Maz.
1744 5526 1950 5599 ἀρτύω.
1984 5526 2178 5602 _Malui

2372 5466 2467 5529 ‘69)
2530 5466 2762 5527 Δραςης,
2819 5471 2947 5510 num
2996 5466 3230 5577 figam];
3254 5493 3269 5518 ,
3297 5466 3437 5509 luem
3465 5468 3703 5538 sonans
3742 5466 3869 5528 quod

2372 5528 2551 5602 ιστήρ,
2580 5538 2846 5602 strenuus,
2875 5536 3145 5602 expe__ttua
3168 5526 3193 5577 ?
3226 5524 3305 5581 Ita
3326 5538 3460 5583 sane
3483 5530 3753 5587 Videtur.
3786 5529 3870 5584 Es.

616 5598 834 5671 ἀρτύσω
866 5598 939 5669 (id
960 5596 1340 5672 estcondiani,
1371 5600 1513 5657 unde
1533 5609 1586 5655 et
1610 5596 1827 5672 ἄρτυμα
1862 5596 2179 5672 condimen-

1617 5596 1827 5672 ἄρτυμα
1862 5596 2179 5672 condimeu-
2285 5596 2422 5656 Mal.
2454 5596 2580 5672 legit
2601 5600 2789 5669 ταχὺς,
2814 5597 2969 5656 celer.
3005 5597 3189 5653 Recte.

620 5617 834 5671 αρτυσω
866 5617 939 5669 μα
960 5617 1049 5675 est
1066 5617 1340 5667 condiam,
1371 5617 1513 5657 unae
1533 5617 1586 5655 et
1610 5617 1827 5727 apw‘ra
1862 5617 2178 5683 conmmen-

620 5678 752 5741 tum)
790 5682 847 5727 ut
894 5686 1017 5727 cum
1062 5672 1487 5742 praecedentibus
1527 5685 1727 5730 concor
1766 5680 1902 5726 aret.
1954 5669 2178 5742 Κυθραν
