3982 6346
153 347 252 410 689

1270 339 1478 404 'vm
1515 340 1580 402 s.
1623 327 1956 404 manus
1999 342 2197 404 SALI.

3285 340 3403 405 690

153 461 310 528 eapse
333 453 425 509 καὶ
449 451 772 524 ἀρυπώτους
798 470 808 482 ⁸
839 452 1100 521 ἐπιθυμεῖ
1117 453 1224 524 γὰρ
1272 455 1300 508 6
1349 454 1708 526 παμπόνηρος

1817 454 1863 509 id
1919 455 2066 512 enim
2097 454 2502 512 studiosissime
2558 455 2675 527 agit
2737 453 2994 511 inimicus
3043 455 3403 512 sceleratissi-

151 548 361 620 μολῦναι
391 548 491 615 τὴν
510 540 763 620 ’καρδίαν
787 565 902 612 σου,
948 549 1044 602 καὶ
1096 547 1285 601 δοῦλον
1311 549 1416 618 τῆς
1451 549 1708 618 ἀκαυαρ-

151 640 265 705 σίας
315 635 756 710 ἀπεργάσασθαι,
808 643 875 710 τῇ
931 640 1138 712 φοϐερᾷ
1170 638 1362 712 γεέννῃ
1392 639 1486 694 τοῦ
1534 643 1706 710 πυρὸς

148 732 493 788 καταδικάσαι
523 731 795 787 σπεύδων.
862 733 1032 802 Ὀγάρ
1067 732 1240 787 ποιῶν
1271 733 1371 804 τὴν
1407 733 1721 803 ἁμαρτίαν,

145 822 320 886 δοῦλός
362 823 480 876 ἐστι
508 824 605 889 τῆς
637 825 913 895 ἁμαρτίας
931 841 946 855 ·
967 825 1236 896 ἑκατέρας
1251 825 1309 880 δέ
1325 827 1422 896 τῆς
1448 822 1711 895 ἐργασίας

145 913 234 969 δύο
262 905 394 969 είσὶν
426 917 476 969 oi
511 914 853 987 ἐξάρχοντες,
892 920 991 989 τῆς
1021 917 1124 988 μέν
1156 917 1506 988 δικαιοσύνης
1534 919 1563 970 6
1599 918 1711 970 Κύ-

147 1023 278 1078 ριος.
310 1006 405 1076 τῆς
445 1007 504 1081 δὲ,
547 1008 828 1078 ἁμαρτίας
872 1009 901 1060 6
947 1007 1212 1088 διάὸολος.
1265 1007 1337 1059 Σὺ
1377 1006 1491 1071 οῦν,
1521 1005 1710 1059 τέκνον

145 1096 412 1167 φῖλτατον,
448 1097 542 1153 τοῦ
584 1099 791 1170 Κυρίου
833 1099 1006 1171 Ἰησοῦ
1041 1099 1206 1170 μενοῦ
1235 1097 1337 1170 τῆς
1364 1097 1712 1168 δικαιοσύνης

145 1187 438 1259 τροςφιλὴς
472 1189 735 1259 ἐργάτης,
763 1191 860 1244 καὶ
880 1190 1106 1259 φυλάξει
1137 1206 1197 1244 σε
1237 1189 1460 1261 Κύριος.
1493 1189 1589 1242 καὶ
1617 1193 1715 1259 τηο

144 1282 290 1348 ρήσει
326 1296 383 1333 σε
419 1283 455 1350 ὁ,
481 1279 770 1351 ξΥψιστος,
790 1283 885 1336 καὶ
911 1283 946 1352 ἡ
982 1281 1202 1354 βοήθεια
1232 1278 1400 1334 αὑτοῦ
1433 1279 1583 1332 ἔσται
1613 1279 1713 1332 κύ-

141 1371 248 1442 κλῳ
277 1388 392 1436 σου,
430 1371 524 1425 καὶ
580 1376 692 1435 τοῖς
744 1374 999 1440 ἀγγέλοις
1051 1371 1220 1426 αὐτοῦ
1261 1371 1557 1426 ἐντελεῖται
1583 1371 1716 1440 περὶ

141 1464 252 1528 σοῦ,
288 1461 382 1518 τοῦ
414 1463 742 1534 διαφυλάξαι
797 1481 856 1517 σε
909 1466 966 1518 ἐν
1010 1465 1158 1536 πάσῃ
1203 1463 1309 1534 ὀδῷ
1359 1478 1475 1518 σου.
1510 1461 1714 1532 Θάρσει

136 1556 225 1611 οῦν
278 1557 370 1611 καὶ
414 1555 490 1628 μὴ
534 1553 726 1626 φοϐοῦ,
781 1555 918 1626 μηδέ
968 1555 1218 1609 δειλιάτω
1271 1571 1367 1609 σου
1420 1555 1454 1626 ἡ
1493 1537 1713 1624 καρδία,

143 1648 303 1702 αὑτὸν
332 1647 787 1718 ἐπικαλούμενος.
821 1645 1012 1701 Ταῦτα
1051 1647 1265 1701 ἀκούων
1308 1647 1337 1700 6
1367 1647 1563 1717 σεμνὸς
1593 1661 1692 1700 νεα

141 1739 274 1805 νίας,
302 1739 376 1802 ὡς
409 1737 790 1812 μαργαρὼδεις
824 1737 1064 1808 ὄμϐρους
1093 1739 1156 1792 ἐκ
1183 1739 1292 1794 τῶν
1319 1737 1588 1808 ὀμμάτων
1614 1736 1722 1790 αύαι

136 1831 228 1886 τοῦ
279 1832 492 1902 δάκρυα
537 1830 832 1895 ἐστάλαξε,
875 1829 1091 1900 βρέχων
1150 1829 1250 1899 τὴν
1306 1829 1494 1898 τιμίαν
1547 1827 1716 1883 αὑτοῦ

1815 561 1961 612 mus,
2011 556 2072 603 ut
2121 548 2304 604 anima
2340 558 2430 602 tua
2462 531 3011 618 lcede‘conspurcata,
3052 547 3398 603 incontineno

1817 638 2187 708 tiae‘peccato
2244 639 2550 710 subjectum
2617 649 2669 697 te
2721 641 2774 695 in
2824 640 3089 696 terribilis
3145 641 3403 710 g‘eheunze

1815 730 1996 802 ignem
2028 735 2358 802 quantocius
2400 732 2723 805 praecipitet.
2755 733 2858 802 Qui
2923 734 3070 790 enim
3115 741 3397 802 peccatum

1816 827 2144 891 committit,
2187 842 2381 882 servus
2425 836 2509 882 est
2549 827 2752 896 peccati
2787 844 2802 881 :
2836 835 2891 882 et
2939 825 3400 897 quemadmodum

1816 918 1927 974 duo
1989 929 2117 974 sunt
2147 935 2379 989 operum
2411 934 2632 988 genera,
2687 919 2766 974 sic
2811 928 2861 973 et
2893 918 3000 974 duo
3025 933 3218 974 eorum
3249 917 3407 986 prine

1815 1012 1990 1083 cipia;
2044 1011 2276 1082 iustitiae
2319 1011 2576 1086 quidem,
2614 1024 2906 1082 supremus
2969 1011 3092 1066 caeli
3139 1021 3404 1078 terraeque

1815 1105 2124 1172 Dominus;
2168 1104 2478 1176 iniquitatis
2537 1119 2689 1169 vero,
2721 1101 2999 1160 diabolus.
3047 1101 3127 1156 Tu
3189 1102 3398 1172 itaque,

1819 1193 1894 1248 illi
1947 1193 2044 1258 mi,
2077 1191 2163 1249 lac
2217 1187 2507 1262 iniustitia
2547 1193 2753 1250 Christi
2795 1191 3014 1249 Domini
3067 1192 3325 1248 ardenter
3350 1201 3404 1247 et

1816 1286 2060 1341 studiose
2118 1297 2173 1342 te
2247 1292 2552 1352 exerceas;
2605 1293 2659 1341 et
2726 1293 2972 1356 proteget
3051 1292 3106 1338 te
3154 1283 3402 1338 ,vicissim

1820 1377 2104 1446 Dominus,
2138 1387 2192 1433 et
2246 1379 2594 1435 conservabit
2620 1378 2982 1444 Altissimus;
3037 1373 3404 1432 circumdabit

1817 1480 1870 1527 te
1899 1471 2104 1527 auxilio
2157 1487 2280 1539 suo,
2316 1481 2370 1528 et
2405 1471 2681 1527 mandabit
2741 1470 2948 1541 angelis
2986 1469 3115 1526 suis
3141 1468 3207 1524 de
3239 1475 3309 1535 te,
3343 1475 3405 1520 ut

1817 1565 2134 1620 custodiant
2183 1573 2242 1620 te
2285 1565 2341 1619 in
2393 1564 2651 1620 omnibus
2698 1563 2802 1618 viis
2865 1563 2994 1630 tuis.
3034 1560 3208 1616 Macte
3239 1560 3404 1630 igitur

1815 1655 2020 1712 virtute
2071 1664 2215 1721 esto,
2241 1657 2407 1711 timor
2451 1655 2631 1712 omnis
2674 1670 2708 1711 a
2736 1655 2902 1710 corde
2944 1653 3176 1717 exsulet,
3214 1666 3277 1706 ac
3315 1652 3402 1704 iu-

1815 1763 1951 1806 voea
1979 1745 2509 1806 Dominum..lstbaec
2527 1748 2758 1805 Andreae
2795 1747 3004 1802 monita
3026 1760 3152 1800 cum
3179 1743 3402 1811 excipe—

1815 1837 1902 1899 ret
1947 1835 2175 1899 auribus
2225 1843 2456 1900 illustris
2484 1843 2822 1907 adolescens,
2869 1841 3182 1911 proﬂuxere
3229 1836 3408 1890 oculis

132 1924 250 1994 ἐψιν
279 1941 295 1956 ο
328 1925 591 1988 ἐκστασις
622 1926 735 1994 γάρ
773 1925 1049 1995 περιεῖχεν
1095 1922 1286 1988 αὐτὸν,
1324 1924 1715 1992 ἐνωτιζόμινον

1823 1935 2022 1992 uberes
2053 1936 2418 2008 lacrymarum
2485 1935 2690 1991 imbres
2724 1933 2991 1988 uuionum
3029 1932 3203 1987 instar
3239 1943 3403 1982 vene-

136 2018 196 2072 τδ
216 2017 602 2090 λαμπρόταται
630 2019 806 2071 ἐκεῖνο
847 2014 1182 2086 διὰγγελμα,
1202 2017 1296 2069 καλ⁵
1322 2015 1424 2087 τὴν
1451 2015 1713 2088 μελίρῤυο

130 2126 222 2163 τον
248 2110 607 2165 διδασκαλίαν
630 2111 722 2163 καὶ
752 2109 1110 2180 (λη-τοπάροχον.
1157 2109 1343 2163 Πάντα
1366 2109 1424 2163 δὲ
1451 2109 1554 2162 ὅσα
1581 2109 1711 2164 ἐλά-

84 2236 86 2239 -
130 2203 290 2272 λησεν
326 2203 484 2274 αὐτῷ
537 2191 594 2256 δ’
619 2203 864 2264 Δίκαιος,
909 2202 1048 2271 πρὸς
1081 2201 1140 2254 τὸ
1173 2198 1266 2262 οῦς
1293 2201 1619 2270 ψιθυρίζων,
1650 2205 1722 2255 ἐν

127 2295 438 2366 ἀποκρύφῳ
481 2295 632 2366 τὰπῳ
685 2293 1074 2364 καθεζόμενος,
1117 2292 1437 2365 λελάληκεν.
1477 2293 1568 2356 Ὠς
1613 2291 1720 2348 οὖν.

125 2391 193 2442 τά
253 2391 454 2442 δέοντα
510 2389 823 2458 ὡμίλησαν,
880 2389 1263 2458 ἀσπασάμενοι
1323 2387 1590 2458 ἀλλήλους
1644 2388 1704 2441 ἐν

127 2483 268 2553 ἁγίῳ
329 2482 627 2553 φιλήματι,
673 2474 1034 2550 ἀνεχώρησαν
1065 2497 1077 2510 '
1118 2483 1212 2536 καὶ
1260 2483 1288 2535 ὁ
1332 2483 1432 2552 μὲν
1482 2483 1707 2546 Δίκαιος

125 2575 205 2638 είς
231 2573 294 2627 τὸ
332 2573 630 2644 ἐμπαίζειν
660 2573 752 2625 τὸν
791 2573 999 2641 κόσμον
1043 2573 1135 2624 τὸν
1180 2574 1412 2641 μάταιον
1470 2575 1564 2627 καὶ
1610 2572 1708 2628 τδν

124 2664 378 2750 διάϐολον
420 2665 597 2737 ᾤχετο
627 2681 640 2694 ³
676 2667 704 2718 6
733 2664 790 2718 δέ
827 2663 1147 2732 Ἑπιφάνιος
1197 2669 1278 2731 είς
1313 2667 1408 2721 τδν
1435 2663 1584 2720 οἷκον
1606 2667 1710 2721 αὖ·

120 2758 218 2812 τοῦ
237 2761 426 2814 άπίει.

121 2845 273 2916 denu,
326 2852 398 2906 ad
443 2851 778 2910 illudendum
833 2867 986 2910 more
1035 2868 1136 2909 suo
1207 2851 1498 2906 vanitatem
1555 2849 1747 2906 ninndi
1809 2851 2230 2921 diabolumque;

124 2959 309 3002 suam.

191 2960 309 3091 :3
325 3033 606 3106 Βούλομαι
627 3034 923 3110 τοιγαροῦν
943 3037 1037 3091 καὶ
1060 3036 1249 3108 ἕτερον
1277 3038 1537 3107 μέγιστον
1561 3040 1722 3109 τερά-

123 3141 273 3180 στιον
303 3127 379 3195 τῇ
417 3124 663 3197 ὑμετέρᾳ
696 3125 888 3197 ἀγάπῃ
919 3125 1308 3197 διηγήσασθαι,
1343 3126 1482 3197 ὅπερ
1516 3129 1597 3192 τίς
1629 3127 1722 3180 τδν

121 3213 356 3286 θεοφιλῆ
379 3217 698 3287 Ἐπιφάνιον
717 3215 910 3286 γέγονε
927 3233 941 3247 ·
969 3219 1375 3288 μαρτυροῦντος
1397 3219 1490 3272 τοῦ
1519 3220 1722 3286 Κυρίου
1742 3198 1785 3257 c

121 3310 286 3381 ἡμῶν
325 3295 514 3382 Ἰησοῦ
540 3311 782 3383 Χριστοῦ
834 3313 896 3365 τὸ
934 3313 1064 3385 παρ’
1101 3314 1269 3368 αὐτοῦ
1317 3311 1716 3384 εὐεργετούμε-

119 3418 236 3465 νον,
288 3403 392 3456 καὶ
429 3405 509 3466 είς
555 3401 869 3473 τ·.ύμφανες
916 3405 1269 3480 παραστῆσαι
1317 3405 1386 3458 τὰ
1429 3403 1510 3471 τίς
1553 3406 1719 3460 αὑτὸν

90 3495 474 3566 ταραχθέντα.
529 3487 702 3560 Οὗτος
752 3496 934 3552 τοίνυν
981 3498 1010 3550 6
1051 3498 1307 3569 θεοφιλὴς
1366 3499 1584 3560 νεανίας
1613 3498 1634 3570 [
1660 3501 1717 3552 ἐν

121 3589 436 3661 ἐγκρατείᾳ
463 3591 555 3643 καὶ
587 3594 866 3662 προσευχῆ
891 3591 1124 3645 διανύων
1142 3591 1233 3644 τὸν
1263 3591 1378 3662 βίον
1397 3591 1714 3663 αὑτοῦάοΠ

117 3679 266 3750 ἔχων
303 3682 449 3750 πρὸς
479 3678 609 3752 ἦθος
654 3681 755 3752 τὴν
789 3683 1017 3754 πρώτην
1073 3682 1347 3754 ἑϐδομάδα
1403 3683 1504 3754 τῆς
1553 3684 1750 3752 ἁγίας·

122 3773 596 3844 τεσσαρακοστῆς
639 3775 836 3839 ἀσιτος
877 3775 972 3828 καὶ
1015 3773 1218 3838 ἄποτος
1258 3775 1579 3847 διαμένειν,
1623 3776 1719 3829 καὶ

121 3867 272 3934 μετα
309 3863 492 3918 ταῦτα
520 3865 962 3935 μεταλαμσάνων
991 3867 1101 3921 τῶν
1121 3868 1416 3938 ἀχράντων
1448 3867 1546 3921 τοῦ
1580 3868 1719 3938 Χριο

123 3953 259 4008 στοῦ
305 3954 653 4024 μυστηρίων,
691 3958 788 4010 καὶ
834 3952 937 4011 εἶθ’
967 3956 1139 4021 οὕτως
1169 3957 1337 4029 άρτου
1379 3940 1479 4011 καὶ
1527 3958 1719 4019 ὕδατος

117 4046 217 4100 καί
251 4063 422 4100 τινων
466 4046 712 4117 ὀσπρίων
739 4046 841 4118 τὴν
867 4047 1173 4119 ἀνάκτησιν
1199 4051 1440 4103 ἐποιεῖτο
1481 4047 1578 4103 τοῦ
1612 4047 1719 4102 σώ-

126 4154 335 4206 ματος.
381 4139 470 4191 Ἐν
509 4140 610 4210 μιᾷ
639 4140 822 4194 τοίνυν
844 4141 1275 4214 Τεσσαρακοστῇ
1301 4140 1440 4213 μετά
1463 4151 1717 4212 νηστείας

118 4229 556 4294 ἐπιτελέσαντος
586 4231 686 4304 τὴν
708 4234 1123 4306 προρρηθεῖσαν
1157 4233 1454 4306 ἐσδομάδα,
1483 4236 1592 4307 πρὸ
1623 4236 1719 4290 τοῦ

115 4323 343 4394 ιροάσαι
366 4323 465 4395 τὴν
485 4323 637 4396 ὤραν
657 4325 758 4398 τῆς
782 4325 1152 4399 λειτουργίας,
1166 4327 1317 4382 ἐνδον
1341 4326 1439 4382 τοῦ
1462 4328 1719 4394 κοιτῶνος

114 4415 324 4480 αὐτοῦ,
380 4416 544 4481 αὐτὸς
579 4417 786 4482 ἐκεῖνος
825 4418 1030 4490 ἐψηκεν
1049 4418 1277 4491 ὀσπρίου
1328 4419 1391 4474 τὸ
1424 4419 1722 4492 λεγόμενον

1820 2028 2044 2083 randam
2081 2029 2199 2097 ejus
2249 2027 2439 2084 faciem
2489 2028 2785 2100 irrigantes
2819 2023 3194 2094 ;corripicbat
3248 2034 3404 2074 nam-

1815 2134 1925 2190 que
1983 2119 2159 2190 ipsum
2213 2119 2471 2184 exstasis,
2527 2119 2887 2189 excipientem
2935 2117 3119 2171 animo
3153 2114 3404 2182 pulcher-

1817 2213 2013 2266 rimam
2037 2209 2184 2266 illam
2217 2210 2445 2266 Andreae
2470 2210 2936 2273 adhortationem,
2961 2206 3406 2274 suavissimaque

1816 2311 1871 2356 et
1903 2303 1970 2357 ad
2000 2301 2167 2358 Deum
2200 2302 2459 2358 ducentia
2481 2302 2845 2359 documenta.
2887 2301 3237 2368 Quaecunque
3274 2309 3423 2350 vero-

1811 2390 2055 2452 Sanctus
2116 2409 2248 2449 cum
2307 2395 2652 2450 adolescente
2699 2394 2917 2449 locutus
2971 2398 3078 2456 est,
3111 2382 3338 2442 in’lOco
3375 2399 3408 2438 α

1813 2487 1988 2544 turbis
2071 2494 2283 2540 remoto
2358 2476 2621 2542 assidenti
2707 2485 2856 2548 sibi,
2910 2479 3310 2552 insusurrando
3350 2474 3406 2530 iu

1790 2582 1999 2632 ‘aurem
2043 2579 2259 2634 locutus
2325 2588 2428 2634 cst.
2472 2576 2576 2632 Ubi
2635 2585 2847 2643 autem,
2902 2587 3083 2644 quae
3144 2583 3203 2625 re
3224 2574 3407 2630 erant,

1814 2670 2201 2736 contulissent,
2254 2671 2556 2725 salutantes
2622 2669 2763 2723 inter
2821 2683 2881 2722 se
2926 2666 2981 2721 in
3039 2663 3229 2719 OSCllIO
3281 2675 3407 2713 sana

1815 2769 1928 2828 ctu,
1991 2777 2049 2817 se
2093 2763 2325 2832 quisque
2380 2761 2490 2816 alio
2553 2767 2878 2830 rcceperuut
2931 2777 2944 2811 :
2993 2755 3240 2811 Andreas
3283 2747 3406 2820 qui-

2325 2851 2664 2924 Epiphanius
2757 2866 2888 2908 vero
2925 2889 2940 2914 ,
3055 2849 3111 2902 in
3180 2847 3421 2902 domum“

1891 3033 1982 3088 5i.
2007 3031 2112 3088 Sed
2137 3040 2191 3090 et
2219 3032 2364 3088 aliud
2394 3046 2743 3102 summopere
2802 3031 3184 3090 admirandum
3220 3033 3410 3104 prodi-

1815 3125 1962 3196 gium
2013 3125 2183 3180 libido
2211 3134 2294 3180 es1
2328 3140 2588 3180 enarrare
2611 3125 2789 3189 vobis,
2821 3125 3018 3183 fratres
3057 3126 3405 3192 charissimi,

1819 3220 1873 3272 in
1927 3217 2235 3289 Epiphanio
2283 3227 2499 3284 nostro,
2554 3219 2763 3274 ardenti
2793 3219 2962 3274 Deum
3009 3233 3195 3275 amore
3217 3237 3409 3289 prosc-

1816 3319 2041 3379 quente,
2072 3319 2338 3381 patratum
2374 3351 2388 3376 ,
2423 3310 2761 3380 approbante
2799 3310 3031 3366 Domino
3060 3321 3248 3366 nostro
3277 3310 3419 3366 Jesu-

1819 3388 2046 3456 Christo
2084 3403 2347 3472 pra’clara
2402 3403 2577 3472 ipsius
2601 3418 2786 3473 Opera,
2835 3417 3010 3472 eaque
3061 3404 3412 3468 publicamin

1819 3492 1995 3550 lucem
2025 3485 2382 3565 producente.
2416 3494 2630 3551 Charus
2663 3479 2855 3566 itaque
2901 3495 3011 3550 Dco
3049 3494 3408 3566 Epiphanius,

1818 3601 1883 3641 ex
1932 3586 2271 3655 beneplacito
2316 3587 2464 3642 illius
2521 3590 2833 3658 temperans
2868 3595 3022 3662 erat,
3064 3585 3411 3658 habebatque

1821 3679 1876 3732 in
1891 3693 2042 3734 more
2059 3681 2302 3749 positum
2323 3680 2610 3736 traducere
2625 3681 2860 3750 primam
2884 3690 3086 3736 sancta:
3101 3679 3413 3751 Quadi-age-

1819 3770 1972 3836 sima;
1988 3770 2406 3836 hebdomadam,
2423 3771 2527 3826 cibi
2547 3779 2814 3842 potusque
2844 3781 3140 3842 expertem,
3157 3773 3278 3827 dein
3299 3790 3418 3829 sus-

1820 3862 2002 3931 cipere
2037 3862 2385 3918 immaculata
2429 3862 2631 3918 Christi
2672 3862 2932 3934 mysteria
2959 3903 2974 3929 ,
2998 3870 3114 3917 tum
3167 3863 3414 3934 'deuique

1821 3969 1977 4025 pane,
2008 3970 2149 4024 aqua
2183 3965 2240 4010 et
2286 3955 2659 4026 leguminibus
2689 3955 2971 4012 nonnullis
3019 3957 3408 4026 corpusculum

1821 4059 2094 4101 recreare.
2145 4047 2395 4114 Quadam
2431 4060 2562 4102 vero
2613 4047 3072 4116 Quadragesima,
3109 4063 3238 4104 cum
3296 4049 3413 4120 pri-

1821 4151 1993 4205 main,
2025 4153 2190 4208 quam
2227 4137 2490 4204 diximus,
2524 4140 2889 4210 septimanam
2939 4139 3164 4209 jejunus
3227 4152 3415 4196 trans-

1788 4231 2064 4300 »egisset,
2114 4232 2456 4301 praeveniens
2507 4233 2847 4287 sacrosancti
2920 4230 3102 4288 Missae
3153 4233 3424 4288 sacriﬁcii.

1824 4332 2059 4394 tempus,
2122 4317 2332 4396 paravit
2378 4325 2494 4396 ipse
2542 4324 2687 4380 intra
2741 4324 2986 4386 cubiculi
3034 4325 3120 4380 sui
3174 4327 3412 4396 parietes

1821 4416 2062 4472 edulium
2091 4433 2122 4474 e
2150 4417 2540 4488 leguminibus,
2581 4417 2991 4488 Oropbasulum
3035 4419 3196 4489 vulgo
3230 4419 3414 4489 appel-

127 4507 576 4592 Ὅροφάσουλον,
629 4507 706 4580 μὴ
736 4505 852 4564 ἐῶν
887 4526 1013 4564 τινα
1043 4511 1223 4564 ἐκεῖσε
1259 4509 1486 4584 -οέρμης
1531 4511 1715 4584 χάριν,

1824 4507 2019 4573 latum,
2068 4509 2273 4566 caloris
2332 4523 2500 4565 causa
2564 4512 3025 4580 uon‘permlttens
3056 4527 3410 4580 quemquam,

115 4602 216 4657 sta
259 4603 369 4670 τὴν
413 4601 576 4670 ψύξιν
606 4603 706 4674 τὴν
749 4602 870 4657 τότε
904 4602 1282 4675 ὑπάρχουσαν,
1315 4605 1598 4660 εἰσελθεῖν.
1653 4605 1713 4660 ’0

1821 4613 2045 4674 propter
2077 4603 2251 4676 frigus
2277 4603 2422 4675 quod
2459 4613 2572 4660 tum
2633 4605 2896 4673 temporis
2927 4605 3314 4669 invalescebat,
3346 4619 3412 4658 co

114 4694 178 4747 δὲ
225 4691 606 4764 καθεζόμενος
630 4694 732 4764 τῆς
770 4693 984 4767 θέρμης
1012 4697 1358 4767 ἐπηρείδετο,
1377 4695 1535 4752 τοῦτο
1565 4697 1713 4766 ἐψῶν

1822 4697 2050 4753 intrare.
2091 4697 2357 4754 Assidens
2409 4699 2576 4769 igitur
2634 4697 2796 4766 loco,
2856 4697 3097 4753 edulium
3130 4713 3288 4753 suum
3317 4713 3413 4754 co-

118 4789 182 4840 ἐν
223 4786 418 4859 μικρῷ
449 4787 712 4859 κυθριδίῳ
735 4805 749 4819 ο
794 4790 891 4843 καὶ
923 4789 987 4860 δὴ
1036 4789 1134 4844 τοῦ
1171 4789 1334 4858 ξύλου
1377 4790 1715 4862 κρούσαντος

1823 4807 1998 4862 quere
2026 4793 2080 4846 in
2117 4791 2290 4848 lebete
2312 4792 2512 4863 exiguo
2548 4793 2824 4848 nitebatur
2860 4809 2878 4858 ;
2912 4809 3035 4846 cum
3095 4793 3223 4846 dato
3253 4793 3412 4862 signo

117 4882 222 4935 ἐπὶ
247 4880 358 4949 τὴν
386 4876 699 4952 προσευχὴν
725 4878 827 4951 τῆς
879 4882 1134 4953 ἑννάτης,
1167 4883 1422 4948 ἀναστάς.
1443 4885 1715 4956 ἐπορεύθη

1824 4885 1891 4938 ad
1920 4883 2156 4948 Nonam,
2195 4899 2425 4955 pr0pere
2471 4898 2707 4956 surgens
2760 4886 2826 4941 ad
2867 4885 3149 4941 ecclesiam
3188 4899 3246 4938 se
3275 4899 3413 4939 cou-

119 4976 208 5038 είς
230 4974 340 5044 τὴν
369 4973 690 5046 ἐκκλησίαν,
735 4974 812 5046 μὴ
861 4974 1245 5044 ἐντειλάμενός
1289 4993 1396 5031 τινι
1445 4977 1577 5047 περὶ
1619 4977 1715 5048 τῆς

1829 4975 1974 5041 tulit,
2033 4976 2167 5030 nulli
2219 4990 2352 5031 cura
2401 4976 2616 5032 obsonii
2649 4977 2997 5033 demandata.
3029 4975 3130 5032 Ubi
3180 4991 3412 5045 coper-

118 5067 463 5138 ἐπιμελείας
491 5069 587 5122 τοῦ
618 5068 923 5139 ἑψήματος.
973 5068 1061 5133 Ὦς
1099 5065 1195 5124 οῦν
1243 5071 1302 5123 ἐν
1346 5071 1416 5141 τῇ
1451 5069 1715 5142 ἐκκλησίᾳ

1825 5078 2049 5124 ventum
2083 5079 2192 5136 est,
2221 5069 2544 5126 maledich
2575 5072 2813 5136 daemon,
2869 5069 2963 5139 qui
3025 5068 3440 5126 indecentibus.

119 5163 408 5232 εἱστήκει,
451 5163 481 5214 6
508 5162 743 5215 πάντοτε
801 5161 1082 5233 λογισμοῖς
1132 5161 1416 5233 ἀθεμίτοις
1460 5162 1715 5233 πολεμῶν

1817 5159 2032 5230 ,υιιὶῳιο
2064 5161 2320 5230 eogttatis
2373 5161 2656 5217 hominum
2709 5163 2925 5218 animos
2955 5177 3272 5233 oppugnare
3300 5180 3406 5217 non

119 5253 229 5308 τὶν
259 5250 393 5306 νοῦν
440 5251 552 5305 τῶν
602 5250 906 5322 ἀνθρώπων
954 5253 984 5306 6
1037 5253 1446 5323 ἐπικατάρατος
1482 5252 1715 5322 δαίμων,

1827 5238 2025 5314 cessat,
2077 5250 2338 5308 infestare
2377 5253 2630 5322 juvenem
2663 5252 2830 5323 capit
2879 5253 3045 5308 variis
3104 5255 3170 5308 de
3197 5252 3349 5328 abitu
3379 5269 3409 5308 e

120 5328 414 5416 ἐνέσκηψε
434 5345 512 5416 τῷ
544 5346 648 5416 νέῳ
695 5345 980 5416 λογισμοῖς
1032 5347 1402 5412 ἀποστασίας,
1442 5347 1715 5417 προφάσει

1826 5343 2031 5414 templo
2057 5344 2506 5416 cogitationibus,
2544 5353 2850 5415 przetexeus
2891 5345 3154 5416 pulmenti
3217 5360 3412 5401 curam

117 5443 231 5510 τῆς
255 5436 356 5492 τοῦ
386 5438 666 5508 ἑψήματος
690 5438 1034 5509 ἐπιμελείας,
1065 5438 1160 5492 τοῦ
1180 5437 1384 5504 ἐξῶσαι
1415 5439 1579 5492 αὑτὸν
1609 5439 1715 5492 ἀπὸ

1825 5423 2132 5494 habendam
2191 5453 2338 5506 esse,
2389 5453 2498 5493 non
2551 5438 2660 5494 alio
2725 5439 2867 5503 line.
2897 5445 3068 5508 quam‘
3117 5439 3406 5509 utipsum,

117 5532 230 5601 τῆς
281 5532 578 5604 ἐκκλησίας
625 5531 734 5602 πρὸ
781 5532 883 5603 τῆς
925 5531 1246 5596 ἀπολύσεως
1290 5549 1304 5566 ο
1364 5533 1596 5603 ἄρχεται
1653 5531 1714 5585 δὲ

1826 5530 1995 5602 ﬁnitis
2030 5531 2276 5586 nondum
2317 5531 2594 5603 precibus,
2623 5533 2691 5588 ab
2728 5532 2954 5588 ecclesia
3004 5531 3246 5588 eliceret.
3298 5530 3404 5584 Co-

119 5623 441 5697 ύποιρέρειν
487 5626 629 5679 κατὰ
662 5625 906 5682 διάνοιαν
941 5625 1070 5680 τάδε
1098 5642 1113 5658 ο
1155 5625 1288 5680 Ἰδοὺ
1327 5625 1393 5679 δι’
1442 5624 1572 5696 ὅλης
1615 5623 1715 5695 τῆς

1826 5625 2118 5695 gitationes
2143 5633 2326 5681 autem
2363 5624 2597 5696 injecta,
2625 5632 2778 5683 erant
2837 5622 3001 5694 hujus
3036 5623 3178 5680 modi
3215 5638 3230 5676 :
3266 5619 3412 5676 Ecce

201 5784 325 5860 (70)
378 5783 477 5841 Ms.
528 5782 702 5841 Vatic.
759 5783 941 5842 minus
981 5784 1124 5840 clare
1187 5800 1200 5837 :
1258 5782 1416 5840 Κατὰ
1439 5781 1501 5836 τι
1539 5781 1715 5872 δοκοῦτ

1817 5781 1918 5852 ζιιῷ
1949 5782 2332 5856 ἐγκρατεύετο.
