3982 6346
580 210 680 279 601

1636 218 2052 281 NICEPIIORI
2088 220 2573 285 PRESBYTERI
2606 194 2716 288 er.
2826 286 2833 289 .

3702 233 3787 296 692

582 344 679 399 per
734 328 1091 398 septimanam
1126 331 1351 388 solidam
1410 334 1787 391 miserandum
1830 337 1883 391 in
1921 336 2141 393 modum

2248 338 2541 410 ἑδδομάδος
2594 340 3075 414 ἐταλαιπωρήθης,
3119 342 3411 415 βρώματος
3455 347 3550 400 καὶ
3612 349 3787 419 πόσιευς

582 435 633 477 ιο
695 420 958 495 allligens,
1015 423 1140 482 cibo
1170 418 1407 498 potuque
1446 424 1786 495 abstinuisti,
1840 439 2144 500 prostratus

582 513 757 581 humi,
811 513 950 570 duro
985 516 1103 571 solo
1122 515 1475 587 decumbens,
1514 518 1662 574 omni
1695 520 1889 575 solatio
1918 519 2144 576 chtitu-

582 618 703 675 tus;
739 608 791 664 in
848 608 1025 681 iisque
1076 620 1186 666 tam
1215 612 1479 667 violenter
1507 615 1834 683 perdurasti,
1892 623 1950 669 ut
1980 628 2146 684 prope

585 698 831 756 abfueris
858 716 888 755 a
920 709 1092 757 morte
1131 718 1240 771 pra!
1266 703 1458 759 ardore
1481 704 1666 769 nimio,
1702 719 1730 760 a
1752 706 1844 760 siti
1868 707 2104 760 excitato
2127 720 2151 756 :-

582 805 706 846 cum
734 806 860 847 vero
891 806 1035 848 cura:
1070 794 1165 849 tibi
1198 810 1319 849 esse
1338 795 1558 850 deberet
1578 780 1873 866 pauxillum
1901 796 2142 850 alimenti

585 898 775 952 parare
804 893 858 941 et
887 900 1125 954 sumere,
1167 888 1258 943 illo
1290 888 1406 958 ipso
1436 890 1622 945 relicto
1659 890 1875 945 abivisti
1901 890 2145 945 incurius

587 976 719 1029 nulli
750 979 1004 1046 cuiquam
1028 978 1279 1033 mandato
1316 980 1541 1035 curandi
1596 980 1808 1035 obsonii
1843 981 2095 1051 imposito
2128 997 2142 1034 :

585 1067 716 1120 vade
752 1066 935 1137 igitur,
970 1076 1023 1122 et
1048 1068 1274 1138 inspice,
1308 1085 1439 1124 num
1494 1069 1653 1135 forte,
1687 1071 1939 1126 adustum
1965 1078 2145 1126 calore

585 1156 775 1219 nimio,
816 1158 963 1228 gravi
1003 1158 1223 1215 domum
1269 1160 1458 1216 nidore
1486 1161 1785 1231 compleat;
1846 1162 2141 1231 periculum

582 1247 725 1301 enim
787 1248 983 1303 nullum
1036 1259 1139 1315 est,
1193 1265 1259 1306 ne
1296 1259 1518 1308 coactus
1568 1251 1659 1308 hic
1682 1251 1921 1308 ﬁdelium
1969 1264 2143 1308 cmtus

583 1339 873 1405 dilabatur,
933 1342 1249 1413 priusquam
1314 1343 1495 1400 omnia
1574 1354 1797 1416 tu,quae
1844 1347 2141 1414 consuesti,

581 1431 880 1487 orationum
908 1448 1070 1504 pensa
1099 1434 1447 1505 persolveris.

649 1519 738 1576 52.
766 1521 887 1579 llaec
913 1536 1074 1594 atque
1118 1526 1248 1593 alia,
1300 1525 1462 1582 etiam
1487 1525 1811 1592 eilicaciora,
1873 1534 2036 1598 utque
2066 1526 2146 1581 vi-

576 1613 844 1670 debentur
864 1630 1039 1685 aqua,
1071 1629 1393 1688 suggerente
1420 1620 1655 1689 superbo
1712 1620 1957 1677 daemone
1988 1635 2000 1671 :
2030 1634 2145 1675 ma-

2248 432 2661 504 ὑστερούμενος,
2686 434 3005 511 χαμεύνης,
3040 436 3399 508 ξηροκοιτῶν,
3443 442 3554 496 ἀπὸ
3598 444 3789 499 πάντων

2246 521 2702 593 ἀπαραμύθητος,
2736 524 2831 579 καὶ
2871 525 3046 582 ταῦτα
3085 527 3181 599 βίᾳ
3206 526 3644 604 έξυπηρετήσας,
3673 533 3788 590 ὣότε

2245 613 2594 685 ἀποψυγῆναι
2632 615 2711 687 τῷ
2736 617 2976 672 καύσωνι
3005 620 3084 692 τῷ
3118 620 3229 675 ἀπὸ
3272 622 3432 695 δίψης
3468 626 3791 695 ιπιγεγονότι

2246 719 2330 756 σοι
2359 718 2373 731 ο
2414 704 2501 758 ὅτε
2527 702 2624 759 οὖν
2653 706 2871 776 ὀφεελες
2906 708 3007 780 τὴν
3036 712 3228 782 εὐτελῆ
3255 730 3351 766 σου
3380 716 3595 789 τροφὴν
3618 719 3790 789 ἐπιμε-

2246 792 2512 865 λήσασθαι
2543 796 2638 851 τοῦ
2676 803 2989 872 μετασχεῖν,
3040 793 3247 877 ταύτην
3277 807 3567 880 παρεάσας
3614 808 3792 882 ἀνεχώ-

2249 904 2451 974 ρησας,
2477 890 2587 943 τινὶ
2628 892 2757 963 περὶ
2797 893 3095 974 αὑτῆςομὴ
3135 899 3533 972 ἐντειλάμενος.
3593 903 3791 970 Ἔξελθε

2245 971 2339 1031 οὖν
2362 978 2458 1032 καὶ
2484 978 2703 1047 θέασαι,
2729 982 2804 1052 μή
2831 971 2951 1048 πῶς
2978 980 3197 1065 καύσειν
3223 971 3528 1062 πεποίηκεν
3547 991 3805 1065 δυσωδίαν,

2245 1068 2697 1155 ἐπισπασάμενον
2729 1087 2746 1104 ο
2785 1075 2851 1127 ού
2878 1068 2994 1147 γάρ
3041 1076 3118 1149 μὴ
3150 1064 3436 1153 ἀποδράσῃ
3475 1082 3510 1153 ἡ
3546 1082 3790 1155 ικκλησεα

2246 1160 2355 1214 ἀπὸ
2384 1159 2494 1215 τῶν
2515 1154 2640 1229 ὧδε,
2674 1162 2869 1236 μέχρις
2914 1166 2982 1220 ἂν
3012 1167 3419 1245 ἀποπληρώσῃς
3451 1172 3521 1228 τά
3557 1173 3619 1239 εξ
3659 1154 3791 1237 ἔθους

2247 1272 2351 1309 σοι.

2313 1534 2409 1597 νβ’.
2437 1534 2627 1601 Ταῦτα
2639 1534 2734 1590 τού
2758 1535 3017 1603 ἀλαζόνος
3037 1538 3172 1610 (71),
3195 1540 3276 1605 ὡς.
3294 1540 3631 1610 εύλογοςρανῆ
3651 1538 3798 1607 δῆθεν

2245 1630 2630 1695 ύποτιθεμένου
2673 1632 2769 1685 καὶ
2811 1631 2946 1687 ἄλλα
2990 1632 3113 1688 τινὰ
3152 1634 3583 1704 δραστικὼτερα,
3623 1636 3651 1686 ὀ
3694 1632 3795 1689 θεο-

577 1706 916 1764 chinationes
942 1710 1061 1779 ejus
1092 1710 1376 1780 perspicue
1404 1725 1744 1780 cognoscens
1787 1712 2140 1783 Epiphanius,

2250 1722 2430 1791 φιλὴς,
2461 1722 2679 1785 νεανίας
2703 1722 2802 1777 οὐκ
2833 1723 3067 1794 ἠγνόησε
3095 1720 3163 1776 τά
3186 1698 3284 1776 τοῦ
3316 1698 3554 1791 πονηρσῦ
3572 1727 3799 1794 μηχανή-

579 1801 720 1855 Ιιιιηο
753 1801 805 1855 in
846 1803 1063 1856 modum
1094 1801 1369 1857 insidianti
1396 1804 1671 1872 respondit
1702 1819 1720 1858 :
1753 1803 1860 1859 Deo
1878 1819 2021 1860 cura:
2038 1803 2141 1859 erit

576 1894 815 1949 cdullum
853 1910 1057 1957 mium.
1090 1895 1343 1971 nutrienti
1379 1896 1643 1966 quidquid
1679 1897 1844 1963 vivit,
1869 1898 1984 1968 ipse
2011 1910 2140 1967 pro-

580 1996 752 2041 tector
803 1987 926 2042 vita:
989 1976 1143 2043 meae.
1205 1984 1357 2043 Talia
1412 1988 1626 2061 impuro
1679 1988 1844 2053 hosti,
1871 1987 2142 2058 precantis

577 2078 815 2134 animum
848 2079 901 2133 in
926 2078 1136 2136 diversa
1158 2078 1371 2135 trahere
1405 2088 1624 2145 conato,
1648 2088 1823 2133 mente
1842 2078 2105 2148 objiciens
2124 2119 2139 2143 ,

575 2182 630 2226 ενι
678 2171 857 2226 crucis
916 2172 1069 2242 signo
1102 2187 1161 2228 se
1198 2173 1475 2239 muniens,
1530 2172 1594 2226 ad
1647 2169 1806 2225 ﬁnem
1847 2184 2018 2240 usque
2050 2168 2143 2225 Ol-

577 2262 682 2320 ticii
716 2263 875 2320 isthic
906 2264 1162 2335 perstitit.
1216 2263 1355 2320 Tum
1409 2266 1477 2321 ad
1535 2280 1594 2320 se
1632 2277 1901 2328 remeans,
1936 2262 2142 2317 invenit

575 2361 800 2407 cunctos
852 2352 906 2407 in
963 2353 1379 2410 admirationem
1432 2364 1619 2427 raptos
1654 2354 1725 2409 ob
1758 2354 2141 2410 suavissimam

576 2442 761 2499 odoris
812 2441 1190 2515 fragrantiam,
1244 2460 1350 2515 qua
1406 2446 1604 2501 domus
1665 2443 2142 2516 perfundebatur:

579 2533 836 2604 auditque
880 2522 1181 2604 pendentes
1212 2536 1411 2590 animis
1446 2546 1608 2605 atque
1644 2536 1980 2606 ignoran_tes,
2003 2533 2147 2589 unde

581 2626 794 2680 tandem
848 2628 1090 2683 suavitas
1122 2628 1210 2683 illa
1254 2596 1539 2697 aspiraret,
1566 2596 1823 2697 tanquam
1857 2596 1923 2713 de
1945 2642 2001 2682 re
2028 2627 2149 2681 inu-

581 2718 739 2771 sitata
776 2717 1118 2789 interpellare
1171 2734 1316 2784 sese,
1340 2718 1607 2775 “dicentes
1643 2734 1657 2771 :
1688 2716 1804 2772 Huc
1825 2716 1991 2781 adsis,
2021 2715 2147 2771 bere

582 2818 765 2864 noster
822 2798 1041 2878 dilecte,
1079 2810 1554 2882 incomparabilem
1606 2811 1743 2865 hanc
1798 2808 2145 2881 fragrantiam

580 2900 773 2969 olface,
831 2919 951 2974 quae
1012 2905 1154 2959 unde
1212 2905 1436 2975 prodeat
1496 2903 1698 2959 rescire
1740 2900 1920 2957 nullus
1948 2908 2145 2971 potest.

580 2995 827 3061 Cumque
856 2996 1179 3071 accessisset
1217 2992 1554 3066 Epiphanius
1573 2992 1742 3048 sensit
1789 3000 1843 3047 et
1876 2990 1995 3061 ipse
2018 3005 2146 3045 sua-

577 3088 797 3143 vitatem
831 3087 1015 3143 odoris
1043 3086 1369 3152 mirabilem,
1394 3094 1449 3142 et
1481 3086 1556 3140 rei
1608 3084 1844 3140 novitate
1866 3081 2149 3153 perculsus

574 3188 678 3235 est.
724 3178 1006 3248 Ingressus
1058 3193 1187 3234 vero
1235 3177 1585 3241 cubiculum,
1647 3175 1739 3231 ubi
1791 3172 2005 3230 loculus
2031 3180 2147 3229 erat

573 3268 902 3325 carbonibus
958 3268 1171 3340 plenus,
1217 3274 1275 3339 et
1333 3266 1813 3335 circumspectans,
1879 3260 2147 3332 conspicit

573 3357 826 3430 juvenem
857 3358 1136 3428 dignitatis
1164 3357 1397 3423 eximiae,
1422 3357 1764 3428 proceritatis
1786 3354 2141 3421 admiranda,

574 3462 796 3515 prorsus
832 3449 1087 3503 decenter
1136 3448 1500 3517 compositum
1538 3464 1553 3501 :
1589 3446 1912 3502 coruscabat
1977 3445 2144 3501 facies

570 3540 689 3611 c-jus
719 3540 922 3596 clarius
953 3541 1088 3606 sole,
1118 3550 1171 3596 et
1213 3539 1569 3595 amiciehatur
1612 3538 1787 3605 stola,
1814 3553 1936 3609 qua:
1967 3539 2139 3608 ipsam

574 3648 682 3686 non
713 3633 1001 3691 dedeceret
1042 3636 1385 3703 majestatetn
1416 3631 1676 3694 divinam,
1702 3647 1731 3684 a
1761 3631 1900 3685 collo
1924 3630 2140 3701 quidem

549 3716 793 3792 'pectoré
838 3733 994 3780 tenus
1046 3723 1296 3792 candida,
1328 3740 1463 3782 auro
1503 3725 1793 3801 intertexta
1824 3763 1840 3793 ,
1869 3722 1993 3779 hinc
2013 3737 2141 3779 vero

576 3831 671 3883 per
727 3816 943 3873 lumbos
974 3817 1219 3889 adusque
1272 3832 1469 3888 genua,
1506 3818 1678 3874 instar
1707 3816 1907 3879 herbae,
1954 3814 2141 3871 viridis

576 3915 629 3963 ct
661 3908 843 3963 citrini
879 3909 1079 3966 coloris
1122 3910 1329 3965 nitente
1370 3926 1385 3963 :
1423 3919 1585 3979 caput
1628 3908 1885 3965 rutilabat
1913 3905 2141 3962 llavente

574 4013 749 4066 roma,
804 4000 1013 4069 capillis
1040 4015 1231 4056 aurum
1282 4000 1619 4071 fulgoresuo
1650 3998 2006 4060 imitantibus.
2049 3996 2140 4051 Ti-

574 4107 725 4166 more
788 4094 1097 4163 perculsus-
1123 4094 1202 4149 ad.
1231 4094 1334 4148 hoc
1358 4094 1725 4163 spectaculum
1780 4091 2136 4161 Epiphanius,

571 4186 745 4240 cernit
804 4185 998 4241 faciem
1060 4185 1276 4256 juvenis
1336 4184 1715 4248 transformari
1755 4183 2137 4248 diversimode,

572 4279 732 4332 modo
779 4277 965 4346 instar
1015 4277 1154 4333 nivis
1205 4266 1512 4342 candidam,
1569 4277 1733 4332 modo
1786 4276 1958 4333 instar
1998 4276 2139 4347 ignis

574 4364 958 4438 iulgurantem.
1026 4366 1239 4423 Nudum
1268 4359 1622 4438 protendebat
1687 4369 1965 4423 brachium
2011 4370 2142 4424 dex-

576 4472 738 4528 trum,
768 4476 878 4532 quo
906 4462 1239 4533 apprehensa
1270 4476 1403 4517 ansa
1434 4454 2000 4531 lebetem'sustineba't,
2037 4479 2141 4516 non

576 4553 783 4608 otiosus
807 4553 987 4609 foculo
1020 4564 1224 4609 astans.

644 4846 731 4899 55.
792 4844 938 4898 Inter
992 4844 1106 4896 hac
1160 4854 1290 4911 ergo
1312 4839 1723 4910 obstupefacto,
1753 4849 1810 4894 ut
1848 4841 1977 4905 dixi,
2014 4841 2137 4912 Epi-

575 4937 799 5018 phanio,
826 4946 879 4990 et
907 4935 961 4990 in
995 4934 1300 5005 pulchrum
1334 4933 1461 4987 illud
1484 4932 1984 5002 spectaculumnon
2017 4934 2135 4988 sine

580 5032 805 5083 horrore
834 5028 1068 5097 quodam
1108 5027 1616 5096 intento,gratiosus
1662 5025 1751 5080 ille
1775 5040 2005 5093 coquus,
2036 5027 2136 5082 ob-

576 5122 733 5176 sonio
768 5120 1075 5190 degustato,
1113 5120 1256 5174 illius
1280 5119 1439 5191 quasi
1486 5117 1913 5189 experimentum
1946 5128 2134 5188 captu-

643 5258 754 5327 (Ἡ)
778 5258 875 5312 Ms.
913 5255 1089 5314 Vatic.
1114 5257 1455 5327 solummodo
1485 5275 1499 5312 :
1536 5257 1933 5327 ἐπικλύζοντος.

648 5326 759 5392 (72)
786 5329 1043 5398 Ἀρουλα.
1075 5326 1175 5385 Ms.
1205 5327 1339 5398 ﬂag.
1373 5328 1626 5398 ἀρουλλα.
1677 5326 1934 5381 Foculum
1970 5328 2140 5381 inter-

576 5408 777 5465 pretor.
842 5397 915 5449 Ita
950 5400 1129 5454 disco
1172 5414 1235 5452 ex
1291 5396 1598 5452 Scholiaste
1655 5398 2034 5463 Aristophanis
2074 5398 2141 5451 ad

576 5468 917 5539 Acbarneus.
975 5467 1264 5539 Ἐσχάραν,
1324 5466 1431 5539 τὴν
1480 5472 1572 5518 νῦν
1611 5467 1950 5538 καλουμένην
1983 5470 2144 5538 ἄρου-

575 5540 695 5598 λαν,
734 5535 1116 5607 (οςυημᾳυοίὴ
1143 5535 1289 5593 nunc
1316 5535 1525 5591 arulam
1562 5535 1894 5607 nuncupant.

644 5605 756 5673 (75)
775 5604 873 5660 Ms.
899 5605 1095 5661 Mazar.
1124 5609 1385 5676 τένοντος,
1412 5607 1630 5676 torquis.
1652 5604 1929 5672 Signiﬁcat
1960 5616 2140 5662 autem

578 5693 743 5733 τίνων
798 5676 920 5730 colli
955 5678 1197 5732 (endones
1251 5695 1347 5735 seu
1409 5694 1588 5733 nervos
1630 5678 1994 5744 calidissimas,
2032 5682 2144 5735 sine

2246 1831 2410 1884 ματα,
2456 1814 2592 1888 πρὸς
2624 1815 2681 1869 δὲ
2718 1817 2817 1886 τὴν
2864 1815 3057 1871 τούτου
3111 1814 3385 1883 ύποὸολὴν
3436 1815 3795 1884 ἀπεκρίνατο*

2251 1908 2439 1961 Ἔστιν
2468 1906 2620 1972 Θεὸς,
2651 1900 2695 1975 ᾧ
2733 1924 2840 1969 τινι
2869 1908 2936 1960 τά
2966 1906 3095 1979 περὶ
3122 1890 3223 1977 τῆς
3257 1905 3401 1977 ἐμῆς
3429 1907 3633 1979 τροφῆς
3661 1924 3801 1977 μερι-

2248 2000 2481 2070 μνήσει·
2537 2000 2632 2054 καὶ
2696 2000 2804 2071 γὰρ
2859 2000 3025 2064 αὑτός
3068 2000 3215 2053 ἔστιν
3260 1999 3289 2053 ὀ
3353 1997 3571 2069 τρέφων
3633 1999 3800 2052 πᾶσαν

2247 2094 2441 2163 πνοὴν,
2472 2091 2568 2146 καὶ
2598 2092 3013 2164 ὑπερασπιστὴς
3041 2092 3138 2163 τῆς
3161 2080 3306 2164 ζωῆς
3336 2108 3459 2164 μου.
3493 2090 3685 2146 Ταῦτα
3711 2108 3802 2146 κα-

2244 2185 2312 2237 τὰ
2338 2184 2462 2238 νοῦν
2494 2186 2588 2239 καὶ
2617 2184 2857 2239 διάνοιαν
2893 2184 2972 2256 τῷ
3022 2183 3205 2255 μιαρῷ
3255 2172 3601 2256 συμμεριστῇ
3642 2185 3802 2239 ἀντει-

2248 2274 2383 2340 πὼν,
2428 2276 2523 2328 καὶ
2580 2275 3187 2346 κατασφραγισάμενος,
3225 2275 3414 2329 ἵστατο
3469 2276 3664 2346 μέχρις
3717 2278 3803 2345 τῆς

2247 2367 2583 2429 ἀπολύσεως.
2651 2365 2993 2420 Ἐπανελθὼν
3044 2365 3139 2419 οὖν
3190 2367 3270 2430 είς
3303 2367 3392 2419 τὸν
3436 2361 3586 2420 οἷκον
3623 2363 3803 2429 αὐτοῦ,

2247 2451 2373 2527 εὗρε
2402 2456 2609 2517 πάντας
2636 2456 3014 2526 ξενιζομένους
3048 2457 3142 2510 ἐπὶ
3190 2459 3258 2527 τῇ
3299 2456 3537 2529 ἡδυτάτη
3583 2454 3804 2525 εὐοσμίᾳ

2246 2554 2313 2620 τῇ
2348 2550 2525 2602 έκεῖσε
2555 2547 2711 2621 οὖσῃ,
2744 2548 2982 2619 ἠπόρουν
3008 2564 3068 2602 τε
3099 2548 3337 2612 ἅπαντες
3366 2549 3492 2618 περὶ
3512 2547 3707 2617 αὐτῆς.
3740 2545 3806 2616 μὴ

2251 2639 2608 2709 ἐπιστάμενοι
2662 2639 2725 2693 τό
2778 2639 3322 2707 πόθεν,ἀναδίδοται,
3354 2641 3449 2694 καὶ
3497 2638 3645 2695 καθά
3692 2641 3807 2707 περὶ

2252 2732 2558 2803 παραδόξου
2604 2731 3103 2803 τινὸίπράγματος
3134 2732 3213 2802 τῷ
3255 2731 3557 2803 Ἐπιφανίῳ
3585 2731 3773 2801 ελεγον
3794 2747 3806 2761 ·

2251 2821 2443 2893 Δεῦρο,
2471 2821 2699 2890 φίλτατε
2730 2818 2888 2891 ἡμῶν
2915 2821 3169 2888 δέσποτα,
3200 2820 3295 2873 καὶ
3319 2819 3659 2893 ὀσφράνθητι
3682 2820 3808 2874 εὐω-

2248 2912 2366 2976 δίας
2392 2913 2750 2983 ἀσυγκρίτου,
2774 2910 2939 2966 πόθεν
2967 2912 3365 2984 ἐκφερομένης,
3410 2913 3556 2976 τινὸς
3589 2910 3669 2981 μὴ
3696 2913 3809 2970 ἐπι-

2252 3004 2541 3074 σταμένου.
2588 3003 2675 3065 Ὠς
2696 2998 2791 3058 οὖν
2820 3001 3210 3074 πλησιέστερον
3241 3003 3461 3071 ἐγένετο
3500 3003 3529 3054 ὀ
3582 3000 3810 3068 Ἐπιφάο

2248 3112 2379 3163 νιος,
2405 3093 2703 3166 ὠσφράνθη
2728 3096 2822 3149 καὶ
2842 3095 3004 3159 αὐτὸς
3027 3094 3125 3165 τῆς
3152 3094 3421 3164 ἡδυτάτης
3442 3092 3662 3162 εκείνης
3686 3093 3813 3144 εὐω-

2245 3185 2387 3249 δίας,
2422 3183 2519 3238 καὶ
2547 3182 2867 3254 κατεπλάγη
2889 3183 2970 3255 τῷ
2993 3183 3234 3254 θαύματι
3268 3200 3284 3215 ο
3314 3183 3653 3247 εἰσελθόντος
3675 3183 3733 3237 δὲ
3758 3183 3812 3237 tv

2244 3274 2320 3345 τῷ
2338 3274 2563 3328 κοιτῶνι
2592 3273 2782 3341 αὐτοῦ,
2808 3274 2937 3328 ένθα
2967 3269 3036 3346 ἦν
3063 3274 3176 3345 (72)
3222 3276 3253 3346 ὴ
3299 3273 3501 3346 ἀρουλα
3522 3274 3813 3344 πεπληρωο

2246 3367 2383 3436 μένη
2413 3364 2722 3437 ἀνθράκων,
2758 3365 2854 3419 καὶ
2881 3364 3188 3436 ἀναϐλέψας
3215 3368 3331 3430 τοῖς
3357 3364 3682 3434 ὀφθαλμοῖς,
3717 3364 3811 3433 δρᾷ

2244 3456 2461 3511 νεανίαν
2486 3456 2691 3527 εὐειδῆ,
2723 3458 2892 3527 μήκει
2921 3457 3234 3528 θαυμαστὸν
3254 3496 3270 3523 ,
3318 3456 3625 3528 εὐπρεπείᾳ
3660 3473 3811 3526 περι-

2244 3548 2719 3620 στοιχειούμενον,
2759 3548 2948 3603 καὶτὸ
3001 3550 3298 3620 πρόσωπον
3352 3548 3527 3602 αὐτοῦ
3577 3548 3812 3618 αύγάζον

2242 3642 2381 3714 ὑπὲρ
2434 3641 2607 3713 ἥλιον,
2660 3642 3033 3713 ἠμφιεσμένον
3089 3642 3284 3711 στολὴν
3337 3641 3662 3716 θεοπρεπῆ,
3714 3642 3815 3699 ἀπὸ

2245 3734 2341 3803 μὲν
2385 3733 2501 3806 (75)
2555 3732 2650 3787 τοῦ
2700 3733 2954 3797 τένοντος
2990 3734 3151 3805 μέχρι
3198 3733 3294 3787 τοῦ
3334 3733 3567 3805 στήθους
3629 3736 3811 3798 αὐτοῦ,

2241 3825 2440 3898 λευκὴν
2470 3825 2678 3897 χρυσίῳ
2702 3825 3179 3897 ἀναμεμιγμένην,
3220 3825 3331 3879 ἀπὸ
3370 3824 3427 3879 δὲ
3459 3825 3555 3881 τοῦ
3583 3826 3797 3899 στήθου»

2241 3917 2347 3982 ἕως
2374 3916 2474 3987 τῆς
2498 3916 2702 3986 ὀσφύος
2730 3918 2825 3971 καὶ
2857 3918 3019 3987 μέχρι
3056 3916 3166 3971 τῶν
3206 3915 3450 3985 γονάτων
3475 3916 3552 3980 ὡς
3584 3915 3799 3986 βοτάνην,

2240 4010 2468 4081 χλοερᾶς
2500 4011 2593 4063 καὶ
2627 4009 2981 4079 κήτρου’(74)
3019 4008 3522 4078 ἀπαστράπτουσαν
3552 4024 3565 4038 ·
3623 4009 3811 4076 ξανθό-

2242 4117 2409 4171 κομος
2428 4101 2528 4169 τὴν
2564 4100 2808 4171 κεφαλὴν
2844 4101 2985 4170 ἔχων
3014 4100 3117 4164 τὰς
3143 4100 3337 4171 τρίχας
3385 4100 3461 4164 ὡς
3507 4095 3653 4164 εἶδος
3688 4117 3810 4171 χρυ-

2243 4192 2381 4248 σίου.
2409 4192 2724 4263 Θαμθηθεὶς
2753 4188 2847 4246 οὖν
2871 4196 2899 4246 ὀ
2925 4192 3044 4256 νέος
3070 4195 3165 4246 ἐπὶ
3188 4194 3249 4246 τὸ
3287 4193 3586 4263 δρώμενον,
3625 4194 3809 4264 βλέπει

2240 4285 2300 4339 τὸ
2339 4285 2628 4355 πρόσωπον
2652 4284 2816 4339 αὑτοῦ
2848 4285 3155 4356 μεταφέρον
3182 4301 3196 4317 ·
3234 4285 3326 4339 καὶ
3357 4285 3488 4339 ποτὲ
3516 4286 3617 4355 μὲν
3638 4286 3811 4354 ὑπῆρ-

2246 4394 2339 4448 χεν
2370 4376 2445 4440 du;
2483 4376 2638 4447 χιὼν,
2683 4375 2812 4430 ποτε
2839 4376 2895 4430 δι
2928 4376 3003 4439 ὡς
3054 4375 3163 4445 πῦρ
3208 4377 3604 4447 ἀπαστράπτον
3628 4394 3645 4409 ·
3678 4373 3812 4447 εῖχεν
3930 4362 3931 4393 ³

2245 4470 2301 4524 δὲ
2328 4470 2855 4540 ἀποκεκαλυμμένον
2884 4470 2975 4523 τὸν
3006 4469 3268 4539 βραχίονα
3303 4469 3468 4523 αύτοῦ
3497 4469 3589 4523 τὸν
3620 4471 3809 4537 δεξιὸν,

2242 4562 2301 4615 ὲν
2334 4561 2411 4631 τῷ
2442 4562 2695 4632 κατέχειν
2742 4560 2902 4614 αὐτὸν
2952 4560 3051 4629 τὴν
3090 4559 3261 4630 λαὸὴν
3298 4562 3393 4613 καὶ⁸
3438 4558 3518 4631 τῷ
3554 4561 3810 4631 κυθριδίῳ

2240 4652 2657 4726 ἔπερείδεσθαιο
2720 4654 2906 4706 ἵστατο
2951 4653 3007 4705 δὲ
3064 4652 3125 4705 έν
3186 4654 3250 4707 τῆ
3305 4652 3510 4723 ἀοούλῃ
3555 4653 3810 4724 ἀσχολούο

2242 4764 2425 4813 μενος.

2304 4846 2404 4908 νγ’.
2442 4841 2530 4896 Ἐν
2555 4842 2633 4913 τῷ
2660 4838 2753 4896 οὖν
2776 4843 2953 4896 ὲννεόν
2980 4845 3203 4897 ἑστάναι
3229 4842 3320 4895 τὸν
3348 4838 3700 4905 Ἑπιφάνεον,
3726 4834 3809 4888 καὶ

2231 4934 2327 5001 τὴν
2372 4931 2495 4987 θέαν
2538 4932 2705 4987 αὐτοῦ
2749 4932 3165 5002 ἐκθαμϐεῖσθαι,
3207 4932 3236 4983 ὀ
3282 4928 3411 4999 ἡδὺς
3454 4928 3673 4989 ἐκεῖνος
3718 4924 3808 4991 μά-

2245 5044 2451 5098 γειρος,
2482 5026 2821 5096 γευσάμενος
2848 5022 2943 5077 τοῦ
2969 5019 3155 5087 ζωμοῦ
3184 5015 3387 5071 ὡσανεὶ
3409 5019 3611 5087 πεῖραν
3633 5016 3809 5069 λαξεῖν

2248 5121 2588 5191 πειρώμενος
2623 5120 2719 5173 τοῦ
2749 5118 3052 5189 ἑψήματος,
3089 5110 3335 5167 ἐκϐαλὼν
3364 5113 3429 5167 ἐκ
3471 5111 3572 5166 τοῦ
3614 5112 3804 5164 scolam

2247 5276 2478 5315 nuornm
2511 5275 2672 5329 opera
2705 5256 2932 5329 cervicis
2960 5254 3219 5329 vertebrae
3264 5250 3481 5329 ‘collutn
3528 5250 3808 5329 nequirent

2242 5331 2510 5385 sustinere
2543 5320 2561 5383 ε’
2587 5330 2678 5382 sed
2734 5336 2787 5381 et
2841 5328 2998 5387 τένας
3044 5324 3237 5377 collum
3263 5321 3539 5375 invenitur
3586 5322 3647 5373 in
3672 5320 3807 5373 Actis

2330 5399 2602 5453 Theodori
2641 5398 2823 5461 Ducis,
2860 5397 3003 5450 unde
3057 5395 3350 5484 τενάντιον,
3397 5401 3651 5459 torques,
3681 5387 3805 5458 apud

2242 5469 2693 5620 N_|f;-ll:;nl‘(.ﬂtpou.
2720 5537 2819 5593 bis.
2848 5535 2980 5591 Maz'.
3014 5536 3198 5600 κίτρου
3227 5533 3371 5605 quod
3390 5532 3600 5588 malim.
3630 5529 3805 5587 Latine

2245 5620 2426 5664 uirus.
