3982 6346
187 309 272 373 693
1307 303 1484 366 VlTA
1526 303 1590 364 S.
1634 301 1968 365 ANDREJE
2007 296 2198 361 SAM.

3290 275 3408 344 694

186 417 319 476 αὖτοῦ
351 415 620 487 ὲγχείριον
663 414 776 488 (75)
828 413 1052 486 μικρὸν,
1100 413 1194 468 καὶ
1232 413 1373 486 ἄρας
1413 418 1526 478 τοῖς
1572 414 1720 484 τρισὶ

1831 429 1941 477 rus,
1975 411 2194 483 protulit
2215 425 2242 464 e
2273 408 2396 464 sinu
2425 421 2527 464 suo
2556 401 2837 461 vasculum
2864 399 3156 472 quoddam,
3197 395 3402 450 tribus-

185 510 429 572 δακτύλοις
457 509 620 562 αὑτοῦ
645 508 868 579 ἄρτυμά
893 524 946 560 τι
978 505 1075 561 ἀπ’
1100 506 1333 570 ἐκείνου,
1362 503 1720 573 σταυροειδῶς

1831 519 1931 576 que
1962 503 2088 558 inde
2123 501 2308 572 digitis
2347 497 2554 567 aliquid
2587 491 2920 551 condimenti
2963 490 3256 559 excipiens,
3286 485 3399 539 for-

183 601 245 671 τῷ
266 597 514 668 κυθριδίῳ
545 597 823 663 ἐνέϐαλεν,
873 597 968 650 καὶ
1019 595 1098 667 τῷ
1151 596 1362 666 παλλίῳ
1394 596 1485 648 τὸν
1515 593 1722 648 ἀποκε-

1825 603 1973 650 mato
2020 582 2199 648 crucis
2246 592 2426 664 signo,
2490 589 2543 642 in
2601 588 2762 641 ollam
2817 583 3040 654 injecit,
3090 579 3402 647 nudumque

186 669 500 760 καλυμμένον
548 687 809 758 βραχίονα
849 686 1016 741 αὑτοῦ
1073 685 1449 755 κατεκάλυψεν
1477 703 1491 719 ·
1529 686 1722 755 ἔντρα-

1831 685 2110 740 brachium
2171 683 2311 736 intra
2363 679 2586 751 pallium
2649 676 2854 732 abdidit
2889 691 2904 728 :
2937 688 2999 727 ac
3027 681 3140 726 tum
3171 669 3403 763 denique

183 787 311 845 νίτας
339 797 395 833 τε
431 779 508 850 τῷ
553 777 854 848 Ἑπιφανίῳ
885 777 1108 847 μειδιῶν
1135 777 1214 846 τῷ
1256 776 1556 847 προσώπῳ,
1600 793 1725 846 κτη-

127 924 134 936 ὶ
185 875 388 941 ρόμενος
419 856 696 940 πτέρυγας
722 869 1050 941 πυρῤἀκεις,
1073 867 1212 939 ἄρας
1243 868 1436 922 ἑαυτὸν
1464 869 1571 922 ἀπὸ
1597 869 1720 938 γῆς,

1827 776 1880 830 in
1923 774 2288 846 Epiphaniutn
2351 772 2564 828 ridente
2593 768 2743 823 vultu
2797 765 3049 828 intuitus,
3098 758 3402 832 explicatis,

1825 881 1963 936 quas
2019 866 2270 929 habebat,
2301 864 2482 919 rutilis
2508 861 2612 916 alis
2637 861 2860 917 elevans
2896 872 2955 912 se
2977 873 3006 911 a
3038 864 3205 918 terra,
3233 847 3407 907 subli-

181 966 247 1024 είς
282 963 535 1031 οὐρανοὺς
561 962 754 1032 ᾤχετο.
809 961 1140 1029 Ἰλιγγιάσας
1169 961 1227 1015 δὲ
1273 961 1385 1022 τοῖς
1425 963 1724 1033 ὁρωμένοις

1831 963 1929 1017 mis
1960 960 2205 1018 i'n'ctnlos
2247 960 2399 1016 abiit.
2425 957 2498 1012 Ex
2526 973 2633 1028 qtta
2693 954 2904 1011 visione
2949 951 3188 1020 caligans
3231 943 3406 1033 oculis

179 1056 206 1111 ὸ
237 1055 339 1116 νέος
377 1055 470 1106 καὶ
521 1031 916 1120 καταπλαγεὶς,
963 1051 1156 1122 ἐξέστη
1189 1050 1268 1122 τῷ
1304 1031 1599 1122 πνεύματι,
1630 1051 1727 1105 καὶ

1831 1050 2186 1121 Epiphanius,
2226 1060 2280 1104 ct
2327 1046 2663 1116 stupefactus
2705 1043 2931 1114 spiritu,
2982 1051 3281 1094 conversus
3336 1031 3405 1087 ad

181 1146 419 1216 στραφεὶς
451 1144 594 1197 κατά
647 1142 941 1206 ’Δνατολάς
977 1143 1078 1206 τὰς
1124 1143 1316 1214 χεῖρας
1351 1141 1525 1196 αὐτοῦ
1557 1141 1726 1196 πετά-

179 1253 263 1297 σας
289 1234 419 1304 πρὸς
439 1234 664 1304 Κύριον,
703 1233 796 1287 καὶ
822 1232 1054 1301 δάκρυσι
1095 1233 1454 1304 συνεχόμενος
1496 1230 1679 1301 ἔλεγεν
1707 1245 1725 1262 '

173 1325 236 1377 οι
253 1341 355 1392 μοι,
387 1323 558 1394 Κύριέ
597 1341 721 1386 μου,
748 1323 831 1385 τίς
856 1324 972 1392 είμι
1000 1321 1156 1392 ἐγὼό
1184 1321 1378 1377 κύωνό
1407 1339 1728 1394 συντετριμ-

177 1413 339 1482 μένος,
379 1411 462 1465 ὅτι
484 1407 875 1481 ἑξβπέστειλας
899 1411 992 1465 τὸν
1027 1411 1286 1482 φίλτατόν
1324 1419 1426 1465 ’σου
1461 1412 1728 1481 Ἀγγελον

173 1499 684 1575 τοῦὲξυπηριτῆσαί
713 1521 804 1576 μοι
833 1521 850 1570 ;
878 1503 1198 1577 Εὐχαριστῶ
1225 1508 1293 1577 τῇ
1329 1507 1396 1578 σῇ
1425 1504 1730 1577 φιλανθρω-

173 1597 283 1666 πίᾳ,
306 1583 509 1666 Κύρίὲ,
563 1598 657 1649 καὶ
701 1595 762 1648 τὸ
794 1595 1028 1666 μέγεθος
1051 1597 1149 1667 τῆς
1196 1597 1604 1670 εὐσπλαγχνίας
1633 1614 1727 1651 σου

171 1685 448 1752 excelsam,
481 1687 605 1740 καθ’
644 1690 726 1741 ὅτι
783 1688 928 1760 κάμὲ
968 1689 1057 1743 ἐπ’
1095 1687 1385 1760 ἀνακρίσει
1437 1689 1724 1758 κέκτησαι,

1831 1143 2129 1209 Orientem,
2177 1139 2450 1213 protensis
2490 1137 2555 1192 ad
2590 1135 2879 1191 Dominum
2937 1130 3192 1186 manibus
3231 1126 3412 1196 lacry-

1829 1234 2042 1305 misque
2123 1248 2292 1304 genas
2351 1229 2655 1312 rigantibus
2691 1245 2704 1282 :
2738 1224 2830 1280 Hei
2864 1221 3036 1286 ~tnihi,
3097 1217 3404 1278 exclamat,

1831 1325 2058 1381 Domine
2087 1323 2230 1380 Deus
2286 1337 2464 1386 meus,
2484 1307 2609 1390 quis
2631 1332 2731 1386 ego
2753 1331 2896 1381 sum,
2932 1313 3085 1368 canis
3109 1307 3407 1372 contritus,
3439 1370 3444 1374 ι

1830 1419 1975 1490 quod
2009 1418 2262 1488 angelum
2321 1417 2416 1472 tibi
2449 1416 2708 1469 dilectum
2747 1409 2963 1466 miseris
3017 1405 3404 1461 fantnlaturntn

1787 1506 1790 1507 ⁷
1831 1509 1964 1566 mihi
1985 1509 2009 1564 ?
2029 1509 2240 1566 Gratias
2254 1522 2356 1578 ago
2373 1505 2692 1577 benignitati
2716 1513 2842 1561 tunc.
2865 1501 3110 1564 Domine,
3127 1508 3178 1553 et
3201 1493 3410 1563 magni-

1832 1602 2075 1658 tudinem
2150 1598 2543 1674 misericordias
2639 1605 2742 1651 tua:
2833 1594 3089 1664 religiose
3136 1602 3407 1652 veneror,

1831 1694 1976 1765 quod
2030 1692 2134 1749 mei
2161 1708 2381 1764 quoque
2409 1691 2462 1745 in
2481 1689 2706 1762 judiciis
2752 1687 2858 1744 tuis
2917 1679 3404 1750 reminisci,qnml

170 1780 225 1833 ὲν
263 1781 335 1849 τῇ
364 1778 523 1851 θεῖκῇ
559 1795 654 1833 σου
689 1772 920 1850 δυνάμει
949 1777 1317 1851 Δπειριφέρεις,
1351 1778 1444 1833 καὶ
1490 1781 1568 1844 εἰς
1608 1779 1724 1842 ἑνὸς

1935 1760 2195 1858 potentiae
2233 1760 2337 1839 tuin
2402 1760 2600 1838 divina
2665 1780 2886 1836 tutelam
2925 1777 3228 1857 suscipere,
3261 1769 3406 1842 quod

168 1871 322 1925 τόπον
354 1870 467 1924 τῶν
509 1870 848 1940 ἀγαπώντων
881 1888 941 1924 σε
990 1871 1138 1943 ἔχεις
1184 1871 1350 1943 κάμέ.
1401 1871 1722 1944 Εὑχαριστῶ

1831 1879 2014 1948 aliquo
2045 1875 2189 1932 inter
2219 1882 2469 1931 amantes
2497 1882 2548 1928 te
2578 1873 2704 1932 loco
2731 1884 3023 1935 numerare
3051 1867 3304 1936 dignatus
3325 1879 3406 1918 es.

167 1979 242 2014 σοι
270 1960 559 2054 τῶιᾶγαθῷ
587 1963 682 2016 καὶ
711 1956 959 2034 ζωόποιῷ
993 1963 1284 2036 κηδεμόνι,
1325 1963 1419 2017 καὶ
1449 1965 1721 2035 προνοητῇ

1831 1967 2044 2023 Gratias
2100 1966 2197 2023 tibi
2249 1981 2374 2037 ago,
2445 1964 2541 2036 qui
2601 1973 2808 2020 cuncta
2841 1970 2990 2017 recte
3053 1955 3357 2014 moaleraris
3391 1995 3406 2021 ,

165 2055 257 2122 τῆς
287 2053 562 2123 σωτηρίας
592 2071 719 2136 μου.

229 2145 317 2200 νδ’.
336 2146 528 2203 ταῦτα
552 2148 690 2218 μετὰ
709 2149 1178 2221 συντετριμμένης
1199 2150 1426 2222 καρδίας
1448 2151 1743 2224 προσανθς-

1826 2067 1880 2114 et
1909 2059 1975 2113 ad
2005 2058 2232 2114 salutem
2258 2070 2434 2112 meam
2465 2057 2742 2126 vitamque
2762 2061 3022 2110 aternam
3068 2049 3338 2119 disponis.

1897 2152 1986 2208 54.
2050 2150 2164 2208 lloc
2211 2150 2375 2206 modo
2401 2149 2592 2220 gratiis
2620 2148 2856 2204 contrito
2885 2145 3052 2202 corde
3101 2141 3411 2212 persolutis,

163 2238 388 2306 μολογοῦ
397 2253 558 2306 μενος
573 2277 588 2303 ,
611 2237 779 2308 ἀπῄει
802 2238 1101 2295 θεάσασθαι
1123 2241 1307 2295 ὁποῖον
1327 2241 1482 2313 αὐτῷ
1502 2244 1532 2296 ό
1549 2241 1729 2312 φανεὶς

1831 2241 1964 2296 abiit
1991 2243 2399 2310 exploraturus,
2433 2236 2595 2311 quale
2635 2239 2763 2306 sibi,
2784 2236 3217 2306 quiapparuerat
3249 2247 3416 2302 ange-

159 2322 529 2374 κατεσκεύασε
593 2323 654 2376 τὸ
691 2323 876 2394 ἕψημα
918 2339 933 2354 ⁸
966 2318 1129 2395 εὗρεν
1165 2325 1223 2379 δὲ
1269 2323 1428 2381 τοῦτο
1471 2326 1728 2398 τοιαύτην

157 2413 279 2484 ἔχον
310 2413 562 2479 εὐωδίαν,
587 2414 711 2468 οταν
732 2431 817 2479 τις
859 2415 1184 2488 ἀριθμῆσαι,
1223 2418 1257 2490 η
1284 2417 1586 2474 ἀπεικάσαι
1620 2423 1728 2476 τῶν

153 2506 248 2558 ἐπὶ
279 2506 382 2576 γῆς
406 2507 467 2558 οὐ
500 2505 744 2562 δύναται.
781 2505 1171 2577 Θαυμάσαςκδὲ
1208 2509 1270 2562 τδ
1317 2511 1571 2580 πρᾶγμα,
1634 2513 1729 2565 καὶ

159 2598 417 2666 μεγάλως
447 2598 786 2666 εὐχαριστῶν
822 2599 901 2668 τῷ
946 2598 1157 2670 Κυρίῳ,
1206 2600 1506 2671 ὲᾳθόγγετο
1539 2619 1553 2633 ⁸
1590 2604 1728 2669 Δόξα

152 2705 260 2754 σοι,
288 2687 651 2759 νδεδοξιισμένε
689 2689 884 2761 Κύριε,
911 2690 1025 2744 ό-ὲν
1051 2691 1241 2762 Τριάδι
1267 2693 1602 2768 ὑμνούμενος
1637 2697 1750 2754 καὶ.

151 2781 661 2875 προσκυνούμενος,
693 2783 778 2836 ὅτι
811 2783 880 2837 τὰ
916 2783 1014 2853 τῆς
1044 2785 1183 2855 ἐμῆς
1208 2785 1458 2849 εὐτελοῦς
1481 2788 1731 2860 νεότητος

145 2877 505 2948 ἀτυχέστατα
545 2876 790 2945 ἔργαέίς
809 2911 811 2913 ι
832 2877 1046 2948 μέτρον·
1067 2879 1231 2949 ἔχεις,
1259 2881 1354 2933 καὶ
1375 2881 1494 2944 ταῖς
1515 2881 1733 2938 ἀνεκά-

148 2981 299 3032 σεοις
340 2967 686 3038 εὐεργεσίαις
718 2984 814 3021 σου
858 2968 958 3038 τὴν
989 2969 1130 3041 ἐμὴν
1157 2971 1522 3042 ἀνικανότητα
1548 2989 1730 3046 παρα·-

1831 2333 1939 2400 lus,
1967 2333 2207 2404 edulium
2245 2341 2544 2402 parasset‘,
2569 2329 2878 2400 reperitque
2927 2327 3086 2384 talem
3127 2325 3253 2380 inde
3280 2324 3413 2386 odo-

1833 2425 1907 2479 ris
1974 2421 2326 2494 lragrantiam
2381 2422 2668 2486 absistere,
2723 2429 2781 2475 ut
2848 2417 2990 2488 quod
3025 2416 3075 2472 ei
3125 2412 3414 2471 assintilari

1832 2514 2022 2585 possit.
2069 2523 2215 2572 terra
2240 2514 2356 2567 haec
2375 2513 2654 2567 contineat
2702 2511 2857 2576 llillil.
2884 2508 3059 2576 Quam
3108 2523 3220 2562 rem
3250 2505 3414 2559 mira-

1832 2615 1942 2674 tus,
1973 2608 2027 2662 in
2058 2606 2222 2663 hasce
2257 2605 2557 2677 gratiarum
2587 2604 2833 2659 actiones
2882 2602 3076 2656 iterum
3126 2592 3413 2668 prorupit:

1787 2747 1789 2749 ,
1832 2697 2016 2754 Gloria
2068 2696 2185 2762 tibi,
2228 2696 2530 2767 gloriﬁcate
2591 2694 2834 2756 Damine,
2867 2707 3029 2762 quem
3059 2693 3112 2745 in
3147 2689 3414 2743 Trinitate

1831 2788 2117 2843 laudamus
2175 2795 2228 2844 et
2270 2786 2599 2851 adoramus,
2649 2783 2907 2854 quoniam
2974 2796 3094 2836 mea
3163 2778 3412 2834 vilissimi

1834 2877 2193 2936 adolescentis
2241 2893 2429 2949 opera,
2470 2892 2594 2932 vere
2643 2874 3057 2946 indignissima,
3079 2871 3262 2940 aliquo
3295 2872 3414 2924 loco

1835 2975 2034 3037 habes,
2077 2986 2364 3042 meamque
2399 2969 2835 3026 insullicientiatn
2873 2965 3242 3037 singularibus
3280 2980 3417 3034 pra-.-

149 3061 379 3128 μυθιτς,
411 3063 507 3116 καὶ
542 3061 890 3132 κατηξῐωσάς
922 3078 990 3132 με
1021 3060 1117 3116 τοῦ
1148 3052 1469 3133 μεταλαϐεῖν
1499 3064 1607 3118 ἀπὸ
1636 3064 1729 3118 τοῦ

1835 3067 2096 3138 rogativis
2147 3064 2472 3137 pravenire,
2511 3070 2564 3117 et
2617 3061 2932 3132 participem
2997 3058 3215 3113 mellita:
3260 3056 3415 3111 boni-

148 3153 387 3221 μέλε-θος
432 3153 502 3222 τῆ
516 3170 532 3212 ;
566 3154 668 3222 σῆς
717 3152 1072 3224 ἀγαθότητος.
1105 3151 1198 3226 [τί
1245 3151 1340 3206 οὖν
1361 3153 1728 3208 ἀνταποδώσω

85 3272 88 3274 ~
143 3260 231 3297 ut
267 3242 353 3315 τῷ
395 3241 588 3315 κυρίῳ
618 3257 761 3314 μους
787 3241 812 3315 ]
837 3243 1162 3314 Εὐχαριστῶ
1189 3261 1270 3298 σοι
1311 3245 1392 3316 τῷ
1425 3246 1732 3319 παντοκρά-

137 3351 290 3406 copi.
321 3339 423 3390 καὶ
445 3334 717 3403 δοξολογῶ
740 3351 824 3388 σοι
852 3334 1601 3406 τῷ-ιριλοικτείρμονιήπάσας
1631 3335 1734 3403 τάξ
1770 3347 1775 3352 ’

147 3427 379 3498 qua”;
403 3425 506 3500 τῆς
535 3421 686 3496 ζωῆς
726 3442 852 3500 μου,
889 3427 984 3480 καὶ
1030 3425 1092 3480 οὐ
1135 3425 1211 3496 μὴ
1245 3425 1470 3481 ἀποστῶ
1499 3427 1608 3481 ἀπὸ
1637 3428 1731 3482 τοῦ

135 3519 239 3574 νῦν
266 3518 446 3590 μέχρι
478 3519 580 3589 τῆς
605 3517 746 3589 ἑμῆς
777 3516 1152 3583 ἀποϐιὼσεως.
1169 3518 1352 3573 Ταῦτα
1377 3519 1543 3573 αὑτοῦ
1564 3537 1735 3592 προσ.

132 3611 480 3682 συξαμινου,
510 3613 602 3664 καὶ
654 3611 836 3667 λαϐὼν
871 3611 980 3665 ἀπὸ
999 3609 1095 3666 τοῦ
1118 3612 1346 3684 ὀσπρίου
1375 3614 1588 3671 ἐκείνου
1622 3632 1733 3687 με-

129 3709 370 3777 τέσχεν,
425 3703 522 3759 καὶ
556 3703 772 3778 ἀπείρῳ
802 3704 1029 3778 ἠδύτητι
1063 3706 1373 3780 συσχεθεὶς,
1411 3709 1732 3785 pavetde

131 3796 360 3859 εὐθέως
418 3794 598 3849 πάντα
641 3793 712 3848 τὰ
765 3793 1099 3868 αἰσθητήρια
1144 3795 1312 3850 αὐτοῦ
1354 3799 1438 3860 είς
1487 3797 1732 3853 διάθεσιν

125 3889 358 3954 ἔνθεον,
387 3886 530 3941 ὥστε
569 3886 978 3959 ικπιλήττεσθαι
1017 3888 1116 3959 τὴν
1143 3887 1350 3960 ἀθρόαν
1402 3889 1730 3962 μεταϐολὴν,

124 3983 231 4035 καὶ.
255 3980 388 4056 ,τὴν
415 3978 680 4050 φιλτάτην
704 3978 1008 4051 ἐναλλαγὴν
1043 3980 1143 4050 τῆς
1179 3979 1358 4051 ψυχῆς
1397 3981 1562 4035 αὑτοῦ
1594 3997 1609 4013 ο
1640 3983 1732 4035 ἐπὶ

122 4075 334 4128 πλεῖον
369 4071 428 4127 δὲ
453 4072 540 4125 διὰ
561 4070 621 4124 τὸ
652 4070 938 4142 τεράστιον
969 4069 1136 4126 αὐτοῦ
1155 4072 1375 4143 ἀνήφθη
1403 4074 1484 4136 είς
1512 4074 1612 4144 τὴν
1637 4073 1731 4127 τοῦ

123 4167 362 4240 Κυρίου
390 4165 613 4236 ἀγάπην
652 4166 743 4217 καὶ
774 4163 992 4217 πάντων
1016 4163 1124 4217 τῶν
1161 4163 1384 4238 Ἀγίῳν,
1409 4166 1505 4219 καὶ
1529 4161 1622 4219 οὖν
1651 4167 1732 4229 είς

115 4263 235 4326 τὰς
277 4259 514 4322 ἐντολὰς
552 4257 649 4311 τοῦ
690 4257 969 4311 Δεσπότου
997 4256 1088 4311 διὰ
1119 4256 1325 4321 παντὸς
1360 4257 1730 4329 πορευόμενος

114 4354 323 4426 πρεθυ
333 4353 485 4423 μώτε
492 4368 607 4421 ρον.
977 4394 980 4398 .
1627 4364 1629 4366 ·

1836 3163 1962 3220 tatis
1991 3171 2098 3218 tua
2145 3162 2370 3216 reddere
2398 3175 2505 3213 non
2537 3157 2869 3226 dedignaris.
2935 3153 3074 3221 Quid
3115 3152 3413 3207 retribuam

1835 3255 1956 3320 tibi,
2012 3253 2240 3309 Domine
2267 3249 2649 3307 mi?'Debitas
2713 3248 2806 3302 tibi
2866 3245 3223 3316 omnipotenti
3281 3242 3411 3307 Deo,

1831 3349 2036 3420 gratias
2087 3347 2360 3415 persolvo,
2387 3352 2443 3398 et
2480 3339 2862 3398 amantissimo
2912 3338 3414 3394 misericordiarum

1833 3440 1980 3496 Patri
2063 3439 2290 3511 gloriam
2367 3437 2587 3510 tribuo,
2652 3437 2969 3506 neutiquam
3025 3446 3341 3491 ccssatnrus
3385 3451 3415 3488 a

1833 3542 2114 3588 momento
2171 3533 2294 3608 hoc.
2338 3531 2554 3586 cunctis
2617 3529 2812 3584 diebus
2862 3529 3042 3598 quoad
3092 3529 3201 3582 vita
3227 3544 3419 3592 super.-

1824 3623 2019 3679 Iuerit.
2068 3619 2145 3676 Ita
2207 3630 2482 3692 precatus,
2538 3619 2811 3690 accipiens
2833 3619 3133 3690 pauxillum
3179 3621 3417 3683 obsonii,

1833 3716 2142 3789 degustavit
2178 3713 2510 3772 :etinlinita
2576 3702 2870 3769 dulcedine
2930 3711 3207 3768 delibutus
3238 3752 3254 3779 ,
3307 3723 3432 3768 tam.

1835 3810 2017 3866 subito
2043 3809 2098 3863 in
2130 3807 2371 3862 divinam
2411 3805 2756 3862 aﬂectionem
2787 3819 3084 3861 conversos
3118 3805 3420 3867 deprehen-

1833 3903 1912 3958 dit
1961 3915 2159 3958 sensus
2212 3913 2366 3962 suos,
2414 3908 2475 3953 ut
2515 3912 2644 3954 cum
2688 3908 2911 3969 stupore
2959 3899 3254 3954 miraretur
3280 3899 3417 3954 adeo

1834 3994 2170 4065 repentinam
2207 3989 2565 4046 mutationem
2589 3998 2644 4046 et
2670 3991 3055 4046 suavissimam
3078 3992 3274 4046 anima:
3304 4005 3418 4046 sua:

1834 4087 2209 4142 alterationem
2233 4123 2250 4151 ,
2284 4134 2289 4139 .
2317 4086 2540 4154 insuper
2575 4092 2630 4138 et
2678 4082 2907 4155 ﬂagrare
2926 4085 3086 4154 cmpit
3108 4084 3420 4140 ardentiore

1836 4180 1888 4234 in
1945 4177 2115 4234 Deum
2157 4187 2494 4247 sanctosque
2548 4189 2740 4230 omnes
2803 4174 3091 4243 cliaritate,
3132 4184 3187 4231 et
3237 4186 3421 4247 prom-

1834 4271 2101 4343 ptioribus
2129 4268 2328 4326 animis
2361 4268 2416 4322 in
2440 4267 2527 4322 via
2562 4265 2944 4322 mandatorum
2987 4267 3201 4323 Domini
3299 4283 3423 4322 am-

1835 4359 2042 4420 bulare.

196 4449 315 4506 ve'.
364 4447 458 4502 Ἑν
493 4447 593 4517 μιᾷ
628 4441 722 4500 οὖν
755 4443 865 4498 τῶν
899 4444 1124 4516 ἡμερῶν
1155 4445 1398 4510 ἀναστὰς
1420 4487 1436 4513 ,
1475 4445 1612 4515 πρὸς
1643 4445 1729 4516 τὴι

1905 4457 1995 4511 55.
2025 4454 2118 4510 Die
2143 4453 2380 4524 quodam
2425 4452 2491 4508 ad
2526 4467 2739 4508 sacram
2784 4451 2951 4508 aedem
2984 4452 3237 4522 precandi
3287 4466 3422 4507 can-

112 4539 458 4610 ὲκκλησίαν
492 4537 664 4609 ᾤχετο
695 4537 797 4591 τοῦ.
834 4537 1145 4608 προσευχὴν
1183 4537 1449 4610 ποιῆσαι,
1484 4536 1563 4603 ὡς
1605 4538 1729 4608 πρὸς

1837 4563 1896 4605 sa
1921 4536 2127 4604 abierat
2159 4561 2310 4601 more
2348 4561 2449 4602 suo
2471 4586 2484 4607 .
2517 4545 2779 4613 ﬁnitoque
2803 4545 2989 4598 Officio
3009 4559 3293 4615 regressus
3319 4546 3418 4599 do-

113 4628 393 4700 σύνηθες
424 4627 594 4698 ἒχων·
633 4627 732 4682 καὶ
759 4627 816 4682 δὲ
840 4629 940 4700 τῆς
966 4627 1293 4691 ἀκολουθίας
1321 4626 1732 4697 τελειωθείσης,

108 4724 292 4778 ενδον
354 4720 633 4792 ἀληλυθὼς
685 4720 980 4788 ἐκαθέζετο
1024 4721 1131 4791 πρὸ
1193 4720 1287 4776 τοῦ
1340 4719 1588 4784 πυλῶνος
1624 4720 1734 4776 τῶν

105 4815 529 4888 γεννητόρων,
549 4799 957 4885 παρατυχόντος
1004 4816 1185 4868 ἐκεῖσε
1231 4815 1326 4868 καὶ
1377 4813 1473 4868 τοῦ
1528 4814 1735 4885 πατρὸς

105 4907 344 4970 αὑτοῦ,
393 4908 486 4960 καὶ
515 4910 588 4969 ὡς
622 4908 680 4960 ὲν
707 4907 929 4978 παρόδῳ
950 4901 1055 4977 τῆς
1084 4907 1353 4978 δημοσίας
1383 4906 1505 4962 ὀδοῦ
1553 4907 1733 4977 παρά.

99 5020 242 5072 γων
292 4995 382 5072 ἦν
434 5000 527 5054 καὶ
555 4999 583 5052 ό
615 4999 886 5070 μακάριος
946 4999 1227 5070 Ἀνδρέας,
1275 5000 1344 5053 τά
1385 4999 1515 5055 νόθα
1563 4999 1731 5054 αὐτοῦ

99 5097 276 5164 ἔργα
343 5092 841 5163 εἰσπραττόμενος,
907 5091 1148 5161 γυμνὸς,
1209 5092 1463 5164 ἄπορος,
1524 5092 1734 5146 εὐτελεῖ

97 5188 410 5259 ρακίσκῳ
461 5185 560 5254 τὴν
606 5185 780 5254 ὀσφὺν
815 5184 980 5238 αὐτοῦ
1012 5185 1449 5255 κεκαλυμμένος.
1495 5185 1635 5239 Ἰδὼν
1668 5185 1747 5238 δὲ·

97 5281 309 5336 αὑτὸν
343 5282 378 5333 ό
427 5279 766 5348 Ἐπιφάνιος,
812 5280 906 5333 καὶ
931 5279 1236 5350 οίκτιρμοῖς
1267 5277 1512 5350 κινηθεὶς
1545 5280 1734 5350 φιλαν-

91 5372 429 5446 θρώποις,
463 5357 736 5442 ἠϐουλήθη
790 5370 1005 5434 είσάξαι
1036 5369 1202 5424 αὑτὸν
1244 5370 1395 5424 ἔνδον
1437 5372 1534 5424 τοῦ
1580 5369 1730 5424 οἴκου

92 5463 309 5520 αὐτοῦ
342 5469 363 5484 ⁹
397 5463 492 5516 καὶ
545 5465 620 5533 μὴ
669 5463 809 5534 ἔχων
858 5463 976 5527 πῶς
1011 5463 1092 5526 είς
1137 5465 1200 5517 τὸ
1230 5462 1466 5533 φανερὸν
1507 5465 1730 5532 ποιῆσαι

87 5558 440 5628 γνώριμον
464 5553 653 5610 τοῦτον
683 5556 771 5610 διὰ
799 5556 861 5609 τὸ
884 5558 1062 5610 ἐκεῖσε
1106 5557 1234 5609 ὄντα
1257 5557 1348 5610 τὴν
1387 5557 1596 5628 πατέρα
1629 5557 1729 5612 αὑ-

1839 4655 2011 4704 mum,
2065 4630 2437 4708 sedebat‘pro
2484 4637 2694 4691 foribus
2729 4643 3012 4705 parentum
3049 4651 3298 4697 suorum,
3323 4637 3421 4687 ad-

1785 4719 1794 4725 ’
1839 4739 2016 4785 stante
2080 4731 2200 4799 ipso
2256 4730 2416 4784 etiam
2447 4736 2632 4797 patre;
2681 4741 2918 4796 cumque
2943 4725 3001 4783 Β.
3035 4725 3421 4780 Andreasillac

1839 4824 1925 4878 via
1965 4822 2190 4893 publica.
2226 4822 2328 4876 iter
2363 4820 2604 4884 haberet,
2657 4829 2803 4874 artes
2831 4833 2962 4876 snas
3004 4833 3285 4877 exercens.
3318 4833 3422 4872 nu-

1838 4914 1941 4969 dus
1973 4927 2154 4978 rer-um
2217 4913 2464 4966 omnium
2491 4911 2730 4982 indigus,
2767 4925 3008 4980 pannosa
3049 4908 3223 4964 solum
3253 4919 3308 4964 et
3329 4909 3419 4965 vili

1839 5018 1986 5062 veste
2013 5007 2157 5062 circa
2190 5007 2404 5062 lumbos
2461 5014 2635 5059 tectus
2669 5045 2685 5069 ,
2730 5004 2864 5057 vidit
2894 5017 3020 5058 eum
3062 5000 3419 5072 Epiphanius,

1839 5099 2627 5170 motusquecommiseratione
2659 5110 2871 5162 magna,
2931 5095 3187 5166 cupiebat
3244 5095 3418 5164 ipsum

1841 5192 2186 5245 introducere
2231 5189 2291 5243 in
2335 5190 2556 5244 domum
2585 5201 2762 5243 suam.
2799 5184 2902 5241 Ubi
2943 5202 3074 5242 vero
3106 5187 3300 5241 modus
3327 5203 3423 5242 oc-

1843 5293 2090 5337 curreret
2129 5282 2335 5348 nullus,
2371 5296 2480 5351 quo
2545 5279 2596 5333 id
2627 5277 2840 5334 homini
2861 5279 3075 5348 publice
3096 5287 3226 5332 noto
3252 5279 3422 5334 bene-

1844 5372 2278 5442 ﬁcium'propter
2306 5368 2651 5441 praesentiam
2684 5372 2862 5438 patris
2882 5377 3200 5438 praestaret,
3235 5371 3422 5428 nescio

1840 5463 1969 5535 quid
2001 5479 2180 5520 causa:
2203 5472 2529 5533 pretexens,
2565 5461 2638 5514 ita
2667 5461 2815 5516 hunc
2857 5460 3156 5529 alloquitur
3193 5478 3208 5514 :
3240 5459 3424 5515 Domi-

1839 5574 1906 5613 ne
1956 5557 2029 5612 mi
2085 5571 2149 5611 ac
2200 5565 2386 5626 pater,
2439 5537 2717 5608 hominem
2769 5550 2920 5607 illum
2951 5552 3245 5624 conspicis,
3275 5549 3421 5606 nudo
3482 5580 3489 5600 .-

182 5718 330 5787 (75)
369 5715 476 5772 Ms.
511 5715 646 5774 liaz.
684 5714 980 5785 τρούλλιον,
1013 5731 1041 5770 a
1070 5713 1262 5771 Latino
1297 5717 1482 5782 trulla,
1515 5717 1725 5773 diversa
1769 5730 2018 5770 vasorum
2048 5726 2244 5785 genera
2279 5709 2640 5785 signiﬁcante.
