  <div class='ocr_page' id='page_1' title='image "/cluster/home/n/w/nwhite01/storage/ocr_20150623/100/hvd.32044010574994/1257.png"; bbox 0 0 3982 6346; ppageno 0'>
   <div class='ocr_carea' id='block_1_1' title="bbox 563 366 2141 446">
    <p class='ocr_par' dir='ltr' id='par_1_1' title="bbox 563 375 2141 446">
     <span class='ocr_line' id='line_1_1' title="bbox 563 375 2141 446; baseline -0.008 0"><span class='ocrx_word' id='word_1_1' title='bbox 563 382 666 446; x_wconf 85' lang='grc'><strong>695</strong></span> <span class='ocrx_word' id='word_1_2' title='bbox 1622 375 2038 438; x_wconf 78' lang='lat' dir='ltr'><strong>NICEPHORI</strong></span> <span class='ocrx_word' id='word_1_3' title='bbox 2083 376 2141 434; x_wconf 84' lang='lat' dir='ltr'><strong>Pl</strong></span> 
     </span>
    </p>
   </div>
   <div class='ocr_carea' id='block_1_2' title="bbox 2248 366 3784 446">
    <p class='ocr_par' dir='ltr' id='par_1_2' title="bbox 2248 366 3784 434">
     <span class='ocr_line' id='line_1_2' title="bbox 2248 366 3784 434; baseline -0.004 0"><span class='ocrx_word' id='word_1_4' title='bbox 2248 372 2561 434; x_wconf 78' lang='lat' dir='ltr'><strong>SBY&#39;I&#39;ERI</strong></span> <span class='ocrx_word' id='word_1_5' title='bbox 2603 373 2715 432; x_wconf 77' lang='grc' dir='ltr'><strong>ΟΡ.</strong></span> <span class='ocrx_word' id='word_1_6' title='bbox 3692 366 3784 429; x_wconf 77' lang='lat' dir='ltr'><strong>69G</strong></span> 
     </span>
    </p>
   </div>
   <div class='ocr_carea' id='block_1_3' title="bbox 559 480 2141 564">
    <p class='ocr_par' dir='ltr' id='par_1_3' title="bbox 559 488 2135 564">
     <span class='ocr_line' id='line_1_3' title="bbox 559 488 2135 564; baseline -0.006 -13"><span class='ocrx_word' id='word_1_7' title='bbox 559 509 785 564; x_wconf 87' lang='lat' dir='ltr'><strong>corpore</strong></span> <span class='ocrx_word' id='word_1_8' title='bbox 799 495 1006 563; x_wconf 90' lang='lat' dir='ltr'><strong>plateas</strong></span> <span class='ocrx_word' id='word_1_9' title='bbox 1022 493 1404 549; x_wconf 77' lang='lat' dir='ltr'><strong>aberrantem?</strong></span> <span class='ocrx_word' id='word_1_10' title='bbox 1437 491 1696 562; x_wconf 84' lang='lat' dir='ltr'><strong>Suspicor</strong></span> <span class='ocrx_word' id='word_1_11' title='bbox 1728 504 1846 561; x_wconf 79' lang='lat' dir='ltr'><strong>ego,</strong></span> <span class='ocrx_word' id='word_1_12' title='bbox 1867 488 2135 545; x_wconf 81' lang='lat' dir='ltr'><strong>insaniam</strong></span> 
     </span>
    </p>
   </div>
   <div class='ocr_carea' id='block_1_4' title="bbox 2248 480 3789 564">
    <p class='ocr_par' dir='ltr' id='par_1_4' title="bbox 2248 480 3789 558">
     <span class='ocr_line' id='line_1_4' title="bbox 2248 480 3789 558; baseline -0.003 -17"><span class='ocrx_word' id='word_1_13' title='bbox 2248 487 2360 552; x_wconf 77' lang='grc' dir='ltr'><strong>τοῦ,</strong></span> <span class='ocrx_word' id='word_1_14' title='bbox 2396 486 2880 558; x_wconf 81' lang='grc' dir='ltr'><strong>σχηματισάμενος</strong></span> <span class='ocrx_word' id='word_1_15' title='bbox 2906 482 3054 552; x_wconf 78' lang='grc' dir='ltr'><strong>λέγει</strong></span> <span class='ocrx_word' id='word_1_16' title='bbox 3098 482 3173 552; x_wconf 82' lang='grc' dir='ltr'><strong>τῷ</strong></span> <span class='ocrx_word' id='word_1_17' title='bbox 3201 483 3367 553; x_wconf 79' lang='grc' dir='ltr'><strong>πατρὶ</strong></span> <span class='ocrx_word' id='word_1_18' title='bbox 3396 480 3564 536; x_wconf 81' lang='grc' dir='ltr'><strong>αὐτοῦ</strong></span> <span class='ocrx_word' id='word_1_19' title='bbox 3594 498 3608 513; x_wconf 78' lang='grc' dir='ltr'><strong>ο</strong></span> <span class='ocrx_word' id='word_1_20' title='bbox 3640 480 3789 551; x_wconf 75' lang='grc' dir='ltr'><strong>Κύριέ</strong></span> 
     </span>
    </p>
   </div>
   <div class='ocr_carea' id='block_1_5' title="bbox 560 577 2141 661">
    <p class='ocr_par' dir='ltr' id='par_1_5' title="bbox 560 577 2138 661">
     <span class='ocr_line' id='line_1_5' title="bbox 560 577 2138 661; baseline -0.003 -22"><span class='ocrx_word' id='word_1_21' title='bbox 560 585 664 655; x_wconf 84' lang='lat' dir='ltr'><strong>ipsi</strong></span> <span class='ocrx_word' id='word_1_22' title='bbox 726 582 795 638; x_wconf 90' lang='lat' dir='ltr'><strong>ab</strong></span> <span class='ocrx_word' id='word_1_23' title='bbox 822 584 1046 661; x_wconf 82' lang='lat' dir='ltr'><strong>humani</strong></span> <span class='ocrx_word' id='word_1_24' title='bbox 1094 584 1305 654; x_wconf 76' lang='lat' dir='ltr'><strong>generis</strong></span> <span class='ocrx_word' id='word_1_25' title='bbox 1340 585 1495 639; x_wconf 88' lang='lat' dir='ltr'><strong>hoste</strong></span> <span class='ocrx_word' id='word_1_26' title='bbox 1523 582 1777 653; x_wconf 76' lang='lat' dir='ltr'><strong>iniectam</strong></span> <span class='ocrx_word' id='word_1_27' title='bbox 1801 595 1942 635; x_wconf 84' lang='lat' dir='ltr'><strong>esse.</strong></span> <span class='ocrx_word' id='word_1_28' title='bbox 1982 577 2138 634; x_wconf 81' lang='lat' dir='ltr'><strong>Nunc</strong></span> 
     </span>
    </p>
   </div>
   <div class='ocr_carea' id='block_1_6' title="bbox 2248 577 3791 661">
    <p class='ocr_par' dir='ltr' id='par_1_6' title="bbox 2248 579 3791 657">
     <span class='ocr_line' id='line_1_6' title="bbox 2248 579 3791 657; baseline -0.005 -18"><span class='ocrx_word' id='word_1_29' title='bbox 2248 603 2346 657; x_wconf 91' lang='grc' dir='ltr'><strong>μου</strong></span> <span class='ocrx_word' id='word_1_30' title='bbox 2400 585 2576 655; x_wconf 78' lang='grc' dir='ltr'><strong>πάτερ</strong></span> <span class='ocrx_word' id='word_1_31' title='bbox 2603 624 2619 649; x_wconf 92' lang='grc'><strong>,</strong></span> <span class='ocrx_word' id='word_1_32' title='bbox 2677 582 2897 653; x_wconf 75' lang='grc' dir='ltr'><strong>βλέπεις</strong></span> <span class='ocrx_word' id='word_1_33' title='bbox 2954 582 3044 636; x_wconf 80' lang='grc' dir='ltr'><strong>τὸν</strong></span> <span class='ocrx_word' id='word_1_34' title='bbox 3099 580 3388 652; x_wconf 75' lang='grc' dir='ltr'><strong>ἄνθρωπον</strong></span> <span class='ocrx_word' id='word_1_35' title='bbox 3431 581 3641 635; x_wconf 61' lang='grc' dir='ltr'><strong>ἐκεῖνον</strong></span> <span class='ocrx_word' id='word_1_36' title='bbox 3693 579 3791 642; x_wconf 77' lang='grc' dir='ltr'><strong>πῶς</strong></span> 
     </span>
    </p>
   </div>
   <div class='ocr_carea' id='block_1_7' title="bbox 561 666 2141 749">
    <p class='ocr_par' dir='ltr' id='par_1_7' title="bbox 561 668 2141 747">
     <span class='ocr_line' id='line_1_7' title="bbox 561 668 2141 747; baseline -0.002 -19"><span class='ocrx_word' id='word_1_37' title='bbox 561 686 767 740; x_wconf 86' lang='lat' dir='ltr'><strong>autem,</strong></span> <span class='ocrx_word' id='word_1_38' title='bbox 801 675 1033 732; x_wconf 86' lang='lat' dir='ltr'><strong>Domine</strong></span> <span class='ocrx_word' id='word_1_39' title='bbox 1083 679 1156 731; x_wconf 82' lang='lat' dir='ltr'><strong>ml</strong></span> <span class='ocrx_word' id='word_1_40' title='bbox 1199 692 1263 731; x_wconf 83' lang='lat' dir='ltr'><strong>ac</strong></span> <span class='ocrx_word' id='word_1_41' title='bbox 1294 686 1451 747; x_wconf 89' lang='lat' dir='ltr'><strong>pater</strong></span> <span class='ocrx_word' id='word_1_42' title='bbox 1495 668 1874 739; x_wconf 69' lang='lat' dir='ltr'><strong>dilectissime,</strong></span> <span class='ocrx_word' id='word_1_43' title='bbox 1922 671 1995 727; x_wconf 85' lang='lat' dir='ltr'><strong>ita</strong></span> <span class='ocrx_word' id='word_1_44' title='bbox 2061 669 2141 725; x_wconf 78' lang='lat' dir='ltr'><strong>ﬁlii</strong></span> 
     </span>
    </p>
   </div>
   <div class='ocr_carea' id='block_1_8' title="bbox 2248 666 3790 749">
    <p class='ocr_par' dir='ltr' id='par_1_8' title="bbox 2248 666 3790 749">
     <span class='ocr_line' id='line_1_8' title="bbox 2248 666 3790 749; baseline -0.006 -20"><span class='ocrx_word' id='word_1_45' title='bbox 2248 676 2600 749; x_wconf 79' lang='grc' dir='ltr'><strong>περιέρχεται</strong></span> <span class='ocrx_word' id='word_1_46' title='bbox 2631 672 3054 744; x_wconf 78' lang='grc' dir='ltr'><strong>γεγυμνωμένος</strong></span> <span class='ocrx_word' id='word_1_47' title='bbox 3079 671 3158 742; x_wconf 84' lang='grc' dir='ltr'><strong>τῷ</strong></span> <span class='ocrx_word' id='word_1_48' title='bbox 3190 670 3439 742; x_wconf 75' lang='grc' dir='ltr'><strong>σώματις</strong></span> <span class='ocrx_word' id='word_1_49' title='bbox 3478 669 3557 733; x_wconf 80' lang='grc' dir='ltr'><strong>ὡς</strong></span> <span class='ocrx_word' id='word_1_50' title='bbox 3583 666 3790 732; x_wconf 76' lang='grc' dir='ltr'><strong>εἰκάζω,</strong></span> 
     </span>
    </p>
   </div>
   <div class='ocr_carea' id='block_1_9' title="bbox 559 758 2141 838">
    <p class='ocr_par' dir='ltr' id='par_1_9' title="bbox 559 762 2138 838">
     <span class='ocr_line' id='line_1_9' title="bbox 559 762 2138 838; baseline -0.004 -16"><span class='ocrx_word' id='word_1_51' title='bbox 559 767 637 822; x_wconf 92' lang='lat' dir='ltr'><strong>tui</strong></span> <span class='ocrx_word' id='word_1_52' title='bbox 685 767 1024 823; x_wconf 75' lang='lat' dir='ltr'><strong>dilectissimi</strong></span> <span class='ocrx_word' id='word_1_53' title='bbox 1074 765 1362 838; x_wconf 85' lang='lat' dir='ltr'><strong>Epiphanii</strong></span> <span class='ocrx_word' id='word_1_54' title='bbox 1403 775 1633 821; x_wconf 87' lang='lat' dir='ltr'><strong>mortem</strong></span> <span class='ocrx_word' id='word_1_55' title='bbox 1666 764 2034 825; x_wconf 78' lang='lat' dir='ltr'><strong>immaturam,</strong></span> <span class='ocrx_word' id='word_1_56' title='bbox 2066 762 2138 815; x_wconf 85' lang='lat' dir='ltr'><strong>ita</strong></span> 
     </span>
    </p>
   </div>
   <div class='ocr_carea' id='block_1_10' title="bbox 2248 758 3792 838">
    <p class='ocr_par' dir='ltr' id='par_1_10' title="bbox 2248 758 3792 837">
     <span class='ocr_line' id='line_1_10' title="bbox 2248 758 3792 837; baseline -0.007 -15"><span class='ocrx_word' id='word_1_57' title='bbox 2248 768 2320 822; x_wconf 71' lang='grc' dir='ltr'><strong>ὅτι</strong></span> <span class='ocrx_word' id='word_1_58' title='bbox 2351 768 2448 821; x_wconf 69' lang='grc' dir='ltr'><strong>καὶ</strong></span> <span class='ocrx_word' id='word_1_59' title='bbox 2482 766 3015 837; x_wconf 75' lang='grc' dir='ltr'><strong>παρατετραμμένον</strong></span> <span class='ocrx_word' id='word_1_60' title='bbox 3044 758 3182 816; x_wconf 81' lang='grc' dir='ltr'><strong>εῑναι</strong></span> <span class='ocrx_word' id='word_1_61' title='bbox 3209 763 3375 815; x_wconf 78' lang='grc' dir='ltr'><strong>αὐτὸν</strong></span> <span class='ocrx_word' id='word_1_62' title='bbox 3398 760 3511 817; x_wconf 78' lang='grc' dir='ltr'><strong>ὑπὸ</strong></span> <span class='ocrx_word' id='word_1_63' title='bbox 3536 758 3632 814; x_wconf 79' lang='grc' dir='ltr'><strong>τοῦ</strong></span> <span class='ocrx_word' id='word_1_64' title='bbox 3660 761 3792 813; x_wconf 70' lang='grc' dir='ltr'><strong>ἐνανο</strong></span> 
     </span>
    </p>
   </div>
   <div class='ocr_carea' id='block_1_11' title="bbox 560 854 2141 935">
    <p class='ocr_par' dir='ltr' id='par_1_11' title="bbox 560 854 2141 928">
     <span class='ocr_line' id='line_1_11' title="bbox 560 854 2141 928; baseline -0.004 -15"><span class='ocrx_word' id='word_1_65' title='bbox 560 860 858 928; x_wconf 80' lang='lat' dir='ltr'><strong>passerculi</strong></span> <span class='ocrx_word' id='word_1_66' title='bbox 900 858 975 913; x_wconf 90' lang='lat' dir='ltr'><strong>tui</strong></span> <span class='ocrx_word' id='word_1_67' title='bbox 1030 866 1352 914; x_wconf 58' lang='lat' dir='ltr'><strong>merentem</strong></span> <span class='ocrx_word' id='word_1_68' title='bbox 1404 858 1613 914; x_wconf 83' lang='lat' dir='ltr'><strong>vultum</strong></span> <span class='ocrx_word' id='word_1_69' title='bbox 1678 868 1958 916; x_wconf 84' lang='lat' dir='ltr'><strong>nunquam</strong></span> <span class='ocrx_word' id='word_1_70' title='bbox 1995 854 2141 923; x_wconf 83' lang='lat' dir='ltr'><strong>aspi-</strong></span> 
     </span>
    </p>
   </div>
   <div class='ocr_carea' id='block_1_12' title="bbox 2248 854 3793 935">
    <p class='ocr_par' dir='ltr' id='par_1_12' title="bbox 2248 855 3793 935">
     <span class='ocr_line' id='line_1_12' title="bbox 2248 855 3793 935; baseline -0.006 -20"><span class='ocrx_word' id='word_1_71' title='bbox 2248 861 2375 935; x_wconf 81' lang='grc' dir='ltr'><strong>τῖου.</strong></span> <span class='ocrx_word' id='word_1_72' title='bbox 2420 859 2605 924; x_wconf 79' lang='grc' dir='ltr'><strong>Ἀλλά,</strong></span> <span class='ocrx_word' id='word_1_73' title='bbox 2649 858 2810 935; x_wconf 67' lang='grc' dir='ltr'><strong>κύριε</strong></span> <span class='ocrx_word' id='word_1_74' title='bbox 2865 874 2967 929; x_wconf 86' lang='grc' dir='ltr'><strong>μου</strong></span> <span class='ocrx_word' id='word_1_75' title='bbox 3026 855 3123 911; x_wconf 78' lang='grc' dir='ltr'><strong>καὶ</strong></span> <span class='ocrx_word' id='word_1_76' title='bbox 3181 855 3409 924; x_wconf 75' lang='grc' dir='ltr'><strong>φίλτατε</strong></span> <span class='ocrx_word' id='word_1_77' title='bbox 3467 855 3687 925; x_wconf 83' lang='grc' dir='ltr'><strong>πάτερ,</strong></span> <span class='ocrx_word' id='word_1_78' title='bbox 3733 855 3793 924; x_wconf 80' lang='grc' dir='ltr'><strong>μὴ</strong></span> 
     </span>
    </p>
   </div>
   <div class='ocr_carea' id='block_1_13' title="bbox 560 934 2141 1021">
    <p class='ocr_par' dir='ltr' id='par_1_13' title="bbox 560 946 2139 1017">
     <span class='ocr_line' id='line_1_13' title="bbox 560 946 2139 1017; baseline -0.005 -11"><span class='ocrx_word' id='word_1_79' title='bbox 560 953 697 1017; x_wconf 84' lang='lat' dir='ltr'><strong>cias,</strong></span> <span class='ocrx_word' id='word_1_80' title='bbox 747 946 1160 1006; x_wconf 75' lang='lat' dir='ltr'><strong>introducanius</strong></span> <span class='ocrx_word' id='word_1_81' title='bbox 1224 950 1377 1005; x_wconf 90' lang='lat' dir='ltr'><strong>illum</strong></span> <span class='ocrx_word' id='word_1_82' title='bbox 1433 952 1487 1005; x_wconf 91' lang='lat' dir='ltr'><strong>in</strong></span> <span class='ocrx_word' id='word_1_83' title='bbox 1518 950 1741 1005; x_wconf 89' lang='lat' dir='ltr'><strong>domum</strong></span> <span class='ocrx_word' id='word_1_84' title='bbox 1779 956 2047 1011; x_wconf 85' lang='lat' dir='ltr'><strong>nostram,</strong></span> <span class='ocrx_word' id='word_1_85' title='bbox 2086 953 2139 999; x_wconf 91' lang='lat' dir='ltr'><strong>et</strong></span> 
     </span>
    </p>
   </div>
   <div class='ocr_carea' id='block_1_14' title="bbox 2248 934 3795 1021">
    <p class='ocr_par' dir='ltr' id='par_1_14' title="bbox 2248 934 3795 1021">
     <span class='ocr_line' id='line_1_14' title="bbox 2248 934 3795 1021; baseline -0.005 -17"><span class='ocrx_word' id='word_1_86' title='bbox 2248 934 2417 1021; x_wconf 69' lang='grc' dir='ltr'><strong>θεάσῃ</strong></span> <span class='ocrx_word' id='word_1_87' title='bbox 2439 948 2535 1003; x_wconf 79' lang='grc' dir='ltr'><strong>τοῦ</strong></span> <span class='ocrx_word' id='word_1_88' title='bbox 2586 934 2924 1016; x_wconf 82' lang='grc' dir='ltr'><strong>γλυκυτάτου</strong></span> <span class='ocrx_word' id='word_1_89' title='bbox 2961 963 3054 999; x_wconf 90' lang='grc' dir='ltr'><strong>σου</strong></span> <span class='ocrx_word' id='word_1_90' title='bbox 3101 945 3292 999; x_wconf 76' lang='grc' dir='ltr'><strong>τέκνου</strong></span> <span class='ocrx_word' id='word_1_91' title='bbox 3358 943 3680 1013; x_wconf 77' lang='grc' dir='ltr'><strong>Ἐπιφανξου</strong></span> <span class='ocrx_word' id='word_1_92' title='bbox 3719 942 3795 997; x_wconf 76' lang='grc' dir='ltr'><strong>τὸν</strong></span> 
     </span>
    </p>
   </div>
   <div class='ocr_carea' id='block_1_15' title="bbox 559 1035 2141 1113">
    <p class='ocr_par' dir='ltr' id='par_1_15' title="bbox 559 1035 2141 1111">
     <span class='ocr_line' id='line_1_15' title="bbox 559 1035 2141 1111; baseline -0.002 -16"><span class='ocrx_word' id='word_1_93' title='bbox 559 1050 780 1111; x_wconf 83' lang='lat' dir='ltr'><strong>propter</strong></span> <span class='ocrx_word' id='word_1_94' title='bbox 826 1035 1252 1097; x_wconf 79' lang='lat' dir='ltr'><strong>muniﬁcentiam</strong></span> <span class='ocrx_word' id='word_1_95' title='bbox 1307 1040 1523 1096; x_wconf 84' lang='lat' dir='ltr'><strong>Domini</strong></span> <span class='ocrx_word' id='word_1_96' title='bbox 1572 1039 1663 1095; x_wconf 87' lang='lat' dir='ltr'><strong>Dei</strong></span> <span class='ocrx_word' id='word_1_97' title='bbox 1705 1039 1899 1104; x_wconf 79' lang='lat' dir='ltr'><strong>nostri,</strong></span> <span class='ocrx_word' id='word_1_98' title='bbox 1932 1037 2141 1093; x_wconf 85' lang='lat' dir='ltr'><strong>honore</strong></span> 
     </span>
    </p>
   </div>
   <div class='ocr_carea' id='block_1_16' title="bbox 2248 1035 3793 1113">
    <p class='ocr_par' dir='ltr' id='par_1_16' title="bbox 2248 1035 3793 1113">
     <span class='ocr_line' id='line_1_16' title="bbox 2248 1035 3793 1113; baseline -0.005 -17"><span class='ocrx_word' id='word_1_99' title='bbox 2248 1042 2496 1107; x_wconf 74' lang='grc' dir='ltr'><strong>θάνατον,</strong></span> <span class='ocrx_word' id='word_1_100' title='bbox 2530 1040 2607 1112; x_wconf 78' lang='grc' dir='ltr'><strong>μὴ</strong></span> <span class='ocrx_word' id='word_1_101' title='bbox 2644 1040 2764 1113; x_wconf 76' lang='grc' dir='ltr'><strong>ἴδῃς</strong></span> <span class='ocrx_word' id='word_1_102' title='bbox 2793 1055 2848 1094; x_wconf 87' lang='grc' dir='ltr'><strong>τι</strong></span> <span class='ocrx_word' id='word_1_103' title='bbox 2886 1036 3127 1109; x_wconf 78' lang='grc' dir='ltr'><strong>λυπηρὸν</strong></span> <span class='ocrx_word' id='word_1_104' title='bbox 3164 1036 3265 1091; x_wconf 60' lang='grc' dir='ltr'><strong>ἐπὶ</strong></span> <span class='ocrx_word' id='word_1_105' title='bbox 3291 1036 3352 1089; x_wconf 82' lang='grc' dir='ltr'><strong>τὸ</strong></span> <span class='ocrx_word' id='word_1_106' title='bbox 3384 1035 3665 1104; x_wconf 78' lang='grc' dir='ltr'><strong>στρουθίον</strong></span> <span class='ocrx_word' id='word_1_107' title='bbox 3692 1052 3793 1101; x_wconf 85' lang='grc' dir='ltr'><strong>σου,</strong></span> 
     </span>
    </p>
   </div>
   <div class='ocr_carea' id='block_1_17' title="bbox 561 1124 2144 1185">
    <p class='ocr_par' dir='ltr' id='par_1_17' title="bbox 561 1124 2144 1185">
     <span class='ocr_line' id='line_1_17' title="bbox 561 1124 2144 1185; baseline -0.003 -2"><span class='ocrx_word' id='word_1_108' title='bbox 561 1142 628 1183; x_wconf 80' lang='lat' dir='ltr'><strong>ac</strong></span> <span class='ocrx_word' id='word_1_109' title='bbox 682 1127 888 1183; x_wconf 80' lang='lat' dir='ltr'><strong>divitiis</strong></span> <span class='ocrx_word' id='word_1_110' title='bbox 918 1143 985 1183; x_wconf 90' lang='lat' dir='ltr'><strong>ex</strong></span> <span class='ocrx_word' id='word_1_111' title='bbox 1019 1127 1280 1184; x_wconf 83' lang='lat' dir='ltr'><strong>bonitatis</strong></span> <span class='ocrx_word' id='word_1_112' title='bbox 1312 1143 1427 1185; x_wconf 66' lang='lat' dir='ltr'><strong>sua:</strong></span> <span class='ocrx_word' id='word_1_113' title='bbox 1488 1128 1745 1183; x_wconf 88' lang='lat' dir='ltr'><strong>thesauro</strong></span> <span class='ocrx_word' id='word_1_114' title='bbox 1775 1134 1826 1183; x_wconf 90' lang='lat' dir='ltr'><strong>te</strong></span> <span class='ocrx_word' id='word_1_115' title='bbox 1856 1124 2144 1181; x_wconf 85' lang='lat' dir='ltr'><strong>cumulan-</strong></span> 
     </span>
    </p>
   </div>
   <div class='ocr_carea' id='block_1_18' title="bbox 560 1215 2140 1288">
    <p class='ocr_par' dir='ltr' id='par_1_18' title="bbox 560 1215 2140 1288">
     <span class='ocr_line' id='line_1_18' title="bbox 560 1215 2140 1288; baseline -0.002 -14"><span class='ocrx_word' id='word_1_116' title='bbox 560 1222 649 1283; x_wconf 86' lang='lat' dir='ltr'><strong>tis,</strong></span> <span class='ocrx_word' id='word_1_117' title='bbox 707 1220 869 1276; x_wconf 89' lang='lat' dir='ltr'><strong>liceat</strong></span> <span class='ocrx_word' id='word_1_118' title='bbox 926 1219 1387 1288; x_wconf 86' lang='lat' dir='ltr'><strong>mibi_instruere</strong></span> <span class='ocrx_word' id='word_1_119' title='bbox 1420 1218 1491 1273; x_wconf 90' lang='lat' dir='ltr'><strong>illi</strong></span> <span class='ocrx_word' id='word_1_120' title='bbox 1523 1232 1770 1274; x_wconf 88' lang='lat' dir='ltr'><strong>mensam</strong></span> <span class='ocrx_word' id='word_1_121' title='bbox 1821 1224 1875 1273; x_wconf 87' lang='lat' dir='ltr'><strong>et</strong></span> <span class='ocrx_word' id='word_1_122' title='bbox 1908 1215 2140 1272; x_wconf 78' lang='lat' dir='ltr'><strong>fundere</strong></span> 
     </span>
    </p>
   </div>
   <div class='ocr_carea' id='block_1_19' title="bbox 556 1308 2137 1378">
    <p class='ocr_par' dir='ltr' id='par_1_19' title="bbox 556 1308 2137 1378">
     <span class='ocr_line' id='line_1_19' title="bbox 556 1308 2137 1378; baseline -0.004 -14"><span class='ocrx_word' id='word_1_123' title='bbox 556 1311 745 1366; x_wconf 85' lang='lat' dir='ltr'><strong>vinum</strong></span> <span class='ocrx_word' id='word_1_124' title='bbox 787 1320 846 1366; x_wconf 86' lang='lat' dir='ltr'><strong>ut</strong></span> <span class='ocrx_word' id='word_1_125' title='bbox 867 1309 1174 1365; x_wconf 87' lang='lat' dir='ltr'><strong>mercedem</strong></span> <span class='ocrx_word' id='word_1_126' title='bbox 1242 1308 1530 1365; x_wconf 86' lang='lat' dir='ltr'><strong>animabus</strong></span> <span class='ocrx_word' id='word_1_127' title='bbox 1549 1310 1753 1364; x_wconf 87' lang='lat' dir='ltr'><strong>nostris</strong></span> <span class='ocrx_word' id='word_1_128' title='bbox 1773 1308 2137 1378; x_wconf 79' lang='lat' dir='ltr'><strong>recipiamus:</strong></span> 
     </span>
    </p>
   </div>
   <div class='ocr_carea' id='block_1_20' title="bbox 558 1397 2137 1485">
    <p class='ocr_par' dir='ltr' id='par_1_20' title="bbox 558 1397 2137 1485">
     <span class='ocr_line' id='line_1_20' title="bbox 558 1397 2137 1485; baseline -0.003 -32"><span class='ocrx_word' id='word_1_129' title='bbox 558 1399 689 1455; x_wconf 86' lang='lat' dir='ltr'><strong>illud</strong></span> <span class='ocrx_word' id='word_1_130' title='bbox 752 1414 987 1470; x_wconf 81' lang='lat' dir='ltr'><strong>namque</strong></span> <span class='ocrx_word' id='word_1_131' title='bbox 1014 1400 1190 1455; x_wconf 88' lang='lat' dir='ltr'><strong>solum</strong></span> <span class='ocrx_word' id='word_1_132' title='bbox 1238 1399 1293 1454; x_wconf 92' lang='lat' dir='ltr'><strong>in</strong></span> <span class='ocrx_word' id='word_1_133' title='bbox 1348 1414 1513 1471; x_wconf 76' lang='lat' dir='ltr'><strong>regno</strong></span> <span class='ocrx_word' id='word_1_134' title='bbox 1542 1399 1805 1485; x_wconf 55' lang='lat' dir='ltr'><strong>e’mlorum</strong></span> <span class='ocrx_word' id='word_1_135' title='bbox 1861 1397 2137 1453; x_wconf 83' lang='lat' dir='ltr'><strong>inventuri</strong></span> 
     </span>
    </p>
   </div>
   <div class='ocr_carea' id='block_1_21' title="bbox 628 1678 2133 1763">
    <p class='ocr_par' dir='ltr' id='par_1_21' title="bbox 628 1678 2133 1763">
     <span class='ocr_line' id='line_1_21' title="bbox 628 1678 2133 1763; baseline 0.003 -31"><span class='ocrx_word' id='word_1_136' title='bbox 628 1678 716 1732; x_wconf 86' lang='lat'><strong>56.</strong></span> <span class='ocrx_word' id='word_1_137' title='bbox 760 1678 842 1733; x_wconf 79' lang='lat' dir='ltr'><strong>Ad</strong></span> <span class='ocrx_word' id='word_1_138' title='bbox 873 1678 985 1733; x_wconf 69' lang='lat' dir='ltr'><strong>hmc</strong></span> <span class='ocrx_word' id='word_1_139' title='bbox 1011 1679 1194 1745; x_wconf 90' lang='lat' dir='ltr'><strong>verba,</strong></span> <span class='ocrx_word' id='word_1_140' title='bbox 1233 1686 1384 1748; x_wconf 87' lang='lat' dir='ltr'><strong>pater</strong></span> <span class='ocrx_word' id='word_1_141' title='bbox 1411 1678 1596 1734; x_wconf 79' lang='lat' dir='ltr'><strong>dIVan</strong></span> <span class='ocrx_word' id='word_1_142' title='bbox 1633 1680 1869 1750; x_wconf 86' lang='lat' dir='ltr'><strong>quodam</strong></span> <span class='ocrx_word' id='word_1_143' title='bbox 1896 1680 2133 1763; x_wconf 81' lang='lat' dir='ltr'><strong>numine</strong></span> 
     </span>
    </p>
   </div>
   <div class='ocr_carea' id='block_1_22' title="bbox 555 1768 2140 1841">
    <p class='ocr_par' dir='ltr' id='par_1_22' title="bbox 555 1768 2140 1841">
     <span class='ocr_line' id='line_1_22' title="bbox 555 1768 2140 1841; baseline 0.002 -18"><span class='ocrx_word' id='word_1_144' title='bbox 555 1768 790 1837; x_wconf 79' lang='lat' dir='ltr'><strong>amatus,</strong></span> <span class='ocrx_word' id='word_1_145' title='bbox 822 1770 1055 1841; x_wconf 78' lang='lat' dir='ltr'><strong>benigno</strong></span> <span class='ocrx_word' id='word_1_146' title='bbox 1082 1770 1547 1840; x_wconf 88' lang='lat' dir='ltr'><strong>blandissimoque</strong></span> <span class='ocrx_word' id='word_1_147' title='bbox 1580 1773 1741 1828; x_wconf 90' lang='lat' dir='ltr'><strong>oculo</strong></span> <span class='ocrx_word' id='word_1_148' title='bbox 1770 1772 1938 1827; x_wconf 79' lang='lat' dir='ltr'><strong>filium</strong></span> <span class='ocrx_word' id='word_1_149' title='bbox 1974 1772 2140 1826; x_wconf 84' lang='lat' dir='ltr'><strong>intui-</strong></span> 
     </span>
    </p>
   </div>
   <div class='ocr_carea' id='block_1_23' title="bbox 2241 1124 3797 1204">
    <p class='ocr_par' dir='ltr' id='par_1_23' title="bbox 2241 1124 3797 1204">
     <span class='ocr_line' id='line_1_23' title="bbox 2241 1124 3797 1204; baseline -0.004 -17"><span class='ocrx_word' id='word_1_150' title='bbox 2241 1134 2632 1204; x_wconf 72' lang='grc' dir='ltr'><strong>εἰσαγάγωμεν</strong></span> <span class='ocrx_word' id='word_1_151' title='bbox 2661 1132 2824 1186; x_wconf 77' lang='grc' dir='ltr'><strong>αὐτὸν</strong></span> <span class='ocrx_word' id='word_1_152' title='bbox 2850 1131 2931 1195; x_wconf 78' lang='grc' dir='ltr'><strong>εις</strong></span> <span class='ocrx_word' id='word_1_153' title='bbox 2956 1129 3047 1183; x_wconf 77' lang='grc' dir='ltr'><strong>τὸν</strong></span> <span class='ocrx_word' id='word_1_154' title='bbox 3069 1124 3239 1191; x_wconf 79' lang='grc' dir='ltr'><strong>οἷκον.</strong></span> <span class='ocrx_word' id='word_1_155' title='bbox 3271 1128 3367 1183; x_wconf 76' lang='grc' dir='ltr'><strong>καὶ</strong></span> <span class='ocrx_word' id='word_1_156' title='bbox 3396 1128 3488 1181; x_wconf 74' lang='grc' dir='ltr'><strong>διὰ</strong></span> <span class='ocrx_word' id='word_1_157' title='bbox 3523 1128 3624 1197; x_wconf 85' lang='grc' dir='ltr'><strong>τῆς</strong></span> <span class='ocrx_word' id='word_1_158' title='bbox 3664 1128 3797 1199; x_wconf 73' lang='grc' dir='ltr'><strong>άντιο</strong></span> 
     </span>
    </p>
   </div>
   <div class='ocr_carea' id='block_1_24' title="bbox 2237 1209 3796 1295">
    <p class='ocr_par' dir='ltr' id='par_1_24' title="bbox 2237 1209 3796 1295">
     <span class='ocr_line' id='line_1_24' title="bbox 2237 1209 3796 1295; baseline -0.004 -17"><span class='ocrx_word' id='word_1_159' title='bbox 2237 1223 2458 1295; x_wconf 80' lang='grc' dir='ltr'><strong>λήψεως</strong></span> <span class='ocrx_word' id='word_1_160' title='bbox 2515 1222 2611 1277; x_wconf 79' lang='grc' dir='ltr'><strong>τοῦ</strong></span> <span class='ocrx_word' id='word_1_161' title='bbox 2685 1240 2745 1277; x_wconf 82' lang='grc' dir='ltr'><strong>σε</strong></span> <span class='ocrx_word' id='word_1_162' title='bbox 2813 1209 3154 1293; x_wconf 66' lang='grc' dir='ltr'><strong>τιμήσαντος</strong></span> <span class='ocrx_word' id='word_1_163' title='bbox 3224 1220 3319 1273; x_wconf 76' lang='grc' dir='ltr'><strong>καὶ</strong></span> <span class='ocrx_word' id='word_1_164' title='bbox 3376 1218 3796 1288; x_wconf 76' lang='grc' dir='ltr'><strong>πεπλουτηκότος</strong></span> 
     </span>
    </p>
   </div>
   <div class='ocr_carea' id='block_1_25' title="bbox 2241 1304 3797 1382">
    <p class='ocr_par' dir='ltr' id='par_1_25' title="bbox 2241 1304 3797 1382">
     <span class='ocr_line' id='line_1_25' title="bbox 2241 1304 3797 1382; baseline -0.004 -13"><span class='ocrx_word' id='word_1_165' title='bbox 2241 1315 2515 1369; x_wconf 81' lang='grc' dir='ltr'><strong>Δεσπὸτου</strong></span> <span class='ocrx_word' id='word_1_166' title='bbox 2564 1315 2674 1371; x_wconf 76' lang='grc' dir='ltr'><strong>άπδ</strong></span> <span class='ocrx_word' id='word_1_167' title='bbox 2728 1314 2836 1368; x_wconf 86' lang='grc' dir='ltr'><strong>τῶν</strong></span> <span class='ocrx_word' id='word_1_168' title='bbox 2878 1312 3123 1382; x_wconf 80' lang='grc' dir='ltr'><strong>ἀγαθῶν,</strong></span> <span class='ocrx_word' id='word_1_169' title='bbox 3177 1304 3253 1367; x_wconf 81' lang='grc' dir='ltr'><strong>ὧν</strong></span> <span class='ocrx_word' id='word_1_170' title='bbox 3312 1311 3444 1380; x_wconf 72' lang='grc' dir='ltr'><strong>ἡμῖν</strong></span> <span class='ocrx_word' id='word_1_171' title='bbox 3502 1309 3797 1380; x_wconf 70' lang='grc' dir='ltr'><strong>ὶδωρήσατο</strong></span> 
     </span>
    </p>
   </div>
   <div class='ocr_carea' id='block_1_26' title="bbox 2242 1398 3801 1477">
    <p class='ocr_par' dir='ltr' id='par_1_26' title="bbox 2242 1398 3801 1477">
     <span class='ocr_line' id='line_1_26' title="bbox 2242 1398 3801 1477; baseline -0.006 -17"><span class='ocrx_word' id='word_1_172' title='bbox 2242 1406 2471 1477; x_wconf 70' lang='grc' dir='ltr'><strong>Κύριος,</strong></span> <span class='ocrx_word' id='word_1_173' title='bbox 2505 1405 2741 1477; x_wconf 85' lang='grc' dir='ltr'><strong>παραθῶ</strong></span> <span class='ocrx_word' id='word_1_174' title='bbox 2786 1403 2959 1473; x_wconf 77' lang='grc' dir='ltr'><strong>αὐτῷ’</strong></span> <span class='ocrx_word' id='word_1_175' title='bbox 2981 1400 3293 1473; x_wconf 69' lang='grc' dir='ltr'><strong>τράπεζαν,⁹</strong></span> <span class='ocrx_word' id='word_1_176' title='bbox 3321 1399 3417 1453; x_wconf 80' lang='grc' dir='ltr'><strong>καὶ</strong></span> <span class='ocrx_word' id='word_1_177' title='bbox 3447 1399 3622 1453; x_wconf 86' lang='grc' dir='ltr'><strong>ποτιῶ</strong></span> <span class='ocrx_word' id='word_1_178' title='bbox 3653 1398 3801 1453; x_wconf 69' lang='grc' dir='ltr'><strong>αὐτὸν</strong></span> 
     </span>
    </p>
   </div>
   <div class='ocr_carea' id='block_1_27' title="bbox 2239 1490 3803 1574">
    <p class='ocr_par' dir='ltr' id='par_1_27' title="bbox 2239 1490 3803 1574">
     <span class='ocr_line' id='line_1_27' title="bbox 2239 1490 3803 1574; baseline -0.005 -24"><span class='ocrx_word' id='word_1_179' title='bbox 2239 1493 2403 1561; x_wconf 73' lang='grc' dir='ltr'><strong>οἶνον,</strong></span> <span class='ocrx_word' id='word_1_180' title='bbox 2434 1498 2513 1561; x_wconf 81' lang='grc' dir='ltr'><strong>εῖς</strong></span> <span class='ocrx_word' id='word_1_181' title='bbox 2556 1495 2746 1567; x_wconf 75' lang='grc' dir='ltr'><strong>μισθὸν</strong></span> <span class='ocrx_word' id='word_1_182' title='bbox 2781 1494 3066 1565; x_wconf 68' lang='grc' dir='ltr'><strong>ἡμετέρων</strong></span> <span class='ocrx_word' id='word_1_183' title='bbox 3094 1491 3287 1563; x_wconf 76' lang='grc' dir='ltr'><strong>ψυχῶν</strong></span> <span class='ocrx_word' id='word_1_184' title='bbox 3322 1492 3357 1521; x_wconf 77' lang='grc'><strong>’”</strong></span> <span class='ocrx_word' id='word_1_185' title='bbox 3390 1492 3486 1574; x_wconf 54' lang='grc' dir='ltr'><strong>κα),</strong></span> <span class='ocrx_word' id='word_1_186' title='bbox 3524 1490 3634 1562; x_wconf 82' lang='grc' dir='ltr'><strong>γὰρ</strong></span> <span class='ocrx_word' id='word_1_187' title='bbox 3658 1490 3803 1543; x_wconf 74' lang='grc' dir='ltr'><strong>τοῦτο</strong></span> 
     </span>
    </p>
   </div>
   <div class='ocr_carea' id='block_1_28' title="bbox 2242 1582 3741 1659">
    <p class='ocr_par' dir='ltr' id='par_1_28' title="bbox 2242 1582 3741 1659">
     <span class='ocr_line' id='line_1_28' title="bbox 2242 1582 3741 1659; baseline -0.004 -18"><span class='ocrx_word' id='word_1_188' title='bbox 2242 1589 2407 1659; x_wconf 86' lang='grc' dir='ltr'><strong>μόνον</strong></span> <span class='ocrx_word' id='word_1_189' title='bbox 2438 1588 2622 1658; x_wconf 83' lang='grc' dir='ltr'><strong>εὑρεῖν</strong></span> <span class='ocrx_word' id='word_1_190' title='bbox 2646 1587 2842 1658; x_wconf 70' lang='grc' dir='ltr'><strong>ἔχομεν</strong></span> <span class='ocrx_word' id='word_1_191' title='bbox 2874 1587 2932 1640; x_wconf 68' lang='grc' dir='ltr'><strong>ἐν</strong></span> <span class='ocrx_word' id='word_1_192' title='bbox 2963 1587 3032 1657; x_wconf 69' lang='grc' dir='ltr'><strong>τῇ</strong></span> <span class='ocrx_word' id='word_1_193' title='bbox 3069 1582 3316 1654; x_wconf 74' lang='grc' dir='ltr'><strong>βασιλείᾳ</strong></span> <span class='ocrx_word' id='word_1_194' title='bbox 3338 1582 3448 1636; x_wconf 88' lang='grc' dir='ltr'><strong>τῶν</strong></span> <span class='ocrx_word' id='word_1_195' title='bbox 3475 1582 3741 1653; x_wconf 77' lang='grc' dir='ltr'><strong>οὐρανῶν.</strong></span> 
     </span>
    </p>
   </div>
   <div class='ocr_carea' id='block_1_29' title="bbox 2305 1671 3802 1745">
    <p class='ocr_par' dir='ltr' id='par_1_29' title="bbox 2305 1671 3802 1745">
     <span class='ocr_line' id='line_1_29' title="bbox 2305 1671 3802 1745; baseline -0.007 -12"><span class='ocrx_word' id='word_1_196' title='bbox 2305 1676 2414 1744; x_wconf 87' lang='grc' dir='ltr'><strong>νς·’.</strong></span> <span class='ocrx_word' id='word_1_197' title='bbox 2450 1678 2512 1733; x_wconf 90' lang='lat'><strong>&#39;0</strong></span> <span class='ocrx_word' id='word_1_198' title='bbox 2541 1677 2599 1732; x_wconf 70' lang='grc' dir='ltr'><strong>δὲ</strong></span> <span class='ocrx_word' id='word_1_199' title='bbox 2628 1677 2813 1745; x_wconf 80' lang='grc' dir='ltr'><strong>πατὴρ</strong></span> <span class='ocrx_word' id='word_1_200' title='bbox 2841 1673 3007 1730; x_wconf 81' lang='grc' dir='ltr'><strong>αὑτοῦ</strong></span> <span class='ocrx_word' id='word_1_201' title='bbox 3037 1672 3221 1736; x_wconf 72' lang='grc' dir='ltr'><strong>ἐνθους</strong></span> <span class='ocrx_word' id='word_1_202' title='bbox 3255 1672 3569 1742; x_wconf 73' lang='grc' dir='ltr'><strong>γενόμενος,</strong></span> <span class='ocrx_word' id='word_1_203' title='bbox 3594 1671 3802 1741; x_wconf 78' lang='grc' dir='ltr'><strong>εὐμενεῖ</strong></span> 
     </span>
    </p>
   </div>
   <div class='ocr_carea' id='block_1_30' title="bbox 2232 1763 3803 1841">
    <p class='ocr_par' dir='ltr' id='par_1_30' title="bbox 2232 1763 3803 1841">
     <span class='ocr_line' id='line_1_30' title="bbox 2232 1763 3803 1841; baseline -0.01 -13"><span class='ocrx_word' id='word_1_204' title='bbox 2232 1773 2375 1829; x_wconf 79' lang='grc' dir='ltr'><strong>αἰδοῖ</strong></span> <span class='ocrx_word' id='word_1_205' title='bbox 2400 1770 2499 1825; x_wconf 76' lang='grc' dir='ltr'><strong>καὶ</strong></span> <span class='ocrx_word' id='word_1_206' title='bbox 2526 1768 2850 1841; x_wconf 82' lang='grc' dir='ltr'><strong>γλυκυτάτῳ</strong></span> <span class='ocrx_word' id='word_1_207' title='bbox 2878 1768 3152 1839; x_wconf 68' lang='grc' dir='ltr'><strong>βλέμματι</strong></span> <span class='ocrx_word' id='word_1_208' title='bbox 3177 1765 3409 1830; x_wconf 81' lang='grc' dir='ltr'><strong>ἀπιδὼν,</strong></span> <span class='ocrx_word' id='word_1_209' title='bbox 3435 1763 3803 1832; x_wconf 74' lang='grc' dir='ltr'><strong>καταφιλήσας</strong></span> 
     </span>
    </p>
   </div>
   <div class='ocr_carea' id='block_1_31' title="bbox 561 1849 2141 1933">
    <p class='ocr_par' dir='ltr' id='par_1_31' title="bbox 561 1857 2141 1933">
     <span class='ocr_line' id='line_1_31' title="bbox 561 1857 2141 1933; baseline 0.006 -24"><span class='ocrx_word' id='word_1_210' title='bbox 561 1866 669 1933; x_wconf 84' lang='lat' dir='ltr'><strong>tus,</strong></span> <span class='ocrx_word' id='word_1_211' title='bbox 698 1857 979 1932; x_wconf 78' lang='lat' dir='ltr'><strong>etfaciem</strong></span> <span class='ocrx_word' id='word_1_212' title='bbox 1002 1859 1123 1931; x_wconf 82' lang='lat' dir='ltr'><strong>ejus</strong></span> <span class='ocrx_word' id='word_1_213' title='bbox 1181 1862 1563 1918; x_wconf 77' lang='lat' dir='ltr'><strong>suavissimam</strong></span> <span class='ocrx_word' id='word_1_214' title='bbox 1594 1862 1952 1933; x_wconf 73' lang='lat' dir='ltr'><strong>deosculatus</strong></span> <span class='ocrx_word' id='word_1_215' title='bbox 1980 1880 1995 1917; x_wconf 87' lang='lat'><strong>:</strong></span> <span class='ocrx_word' id='word_1_216' title='bbox 2032 1862 2141 1919; x_wconf 87' lang='lat' dir='ltr'><strong>Un-</strong></span> 
     </span>
    </p>
   </div>
   <div class='ocr_carea' id='block_1_32' title="bbox 2248 1849 3804 1933">
    <p class='ocr_par' dir='ltr' id='par_1_32' title="bbox 2248 1849 3804 1928">
     <span class='ocr_line' id='line_1_32' title="bbox 2248 1849 3804 1928; baseline -0.003 -10"><span class='ocrx_word' id='word_1_217' title='bbox 2248 1860 2409 1918; x_wconf 77' lang='grc' dir='ltr'><strong>αὐτοῦ</strong></span> <span class='ocrx_word' id='word_1_218' title='bbox 2435 1858 2506 1914; x_wconf 81' lang='grc' dir='ltr'><strong>τὰ</strong></span> <span class='ocrx_word' id='word_1_219' title='bbox 2526 1857 2840 1928; x_wconf 79' lang='grc' dir='ltr'><strong>γλυκύτατα</strong></span> <span class='ocrx_word' id='word_1_220' title='bbox 2870 1857 3118 1927; x_wconf 74' lang='grc' dir='ltr'><strong>ὄμματα,</strong></span> <span class='ocrx_word' id='word_1_221' title='bbox 3155 1854 3258 1925; x_wconf 69' lang='grc' dir='ltr'><strong>ἔφη</strong></span> <span class='ocrx_word' id='word_1_222' title='bbox 3286 1869 3298 1883; x_wconf 78' lang='grc'><strong><em>⁸</em></strong></span> <span class='ocrx_word' id='word_1_223' title='bbox 3337 1851 3523 1922; x_wconf 75' lang='grc' dir='ltr'><strong>Μόρον</strong></span> <span class='ocrx_word' id='word_1_224' title='bbox 3547 1849 3645 1921; x_wconf 77' lang='grc' dir='ltr'><strong>τῆς</strong></span> <span class='ocrx_word' id='word_1_225' title='bbox 3674 1849 3804 1921; x_wconf 73' lang='grc' dir='ltr'><strong>ἐμῆς</strong></span> 
     </span>
    </p>
   </div>
   <div class='ocr_carea' id='block_1_33' title="bbox 556 1948 2133 2019">
    <p class='ocr_par' dir='ltr' id='par_1_33' title="bbox 556 1948 2133 2019">
     <span class='ocr_line' id='line_1_33' title="bbox 556 1948 2133 2019; baseline 0.006 -18"><span class='ocrx_word' id='word_1_226' title='bbox 556 1957 842 2017; x_wconf 75' lang='lat' dir='ltr'><strong>guentum,</strong></span> <span class='ocrx_word' id='word_1_227' title='bbox 877 1948 1075 2019; x_wconf 88' lang='lat' dir='ltr'><strong>inquit,</strong></span> <span class='ocrx_word' id='word_1_228' title='bbox 1110 1951 1330 2015; x_wconf 66' lang='lat' dir='ltr'><strong>animae,</strong></span> <span class='ocrx_word' id='word_1_229' title='bbox 1357 1963 1411 2007; x_wconf 90' lang='lat' dir='ltr'><strong>et</strong></span> <span class='ocrx_word' id='word_1_230' title='bbox 1437 1953 1619 2008; x_wconf 89' lang='lat' dir='ltr'><strong>lumen</strong></span> <span class='ocrx_word' id='word_1_231' title='bbox 1660 1955 1943 2010; x_wconf 88' lang='lat' dir='ltr'><strong>oculorum</strong></span> <span class='ocrx_word' id='word_1_232' title='bbox 1981 1969 2133 2010; x_wconf 86' lang='lat' dir='ltr'><strong>meo-</strong></span> 
     </span>
    </p>
   </div>
   <div class='ocr_carea' id='block_1_34' title="bbox 556 2040 2136 2115">
    <p class='ocr_par' dir='ltr' id='par_1_34' title="bbox 556 2040 2136 2115">
     <span class='ocr_line' id='line_1_34' title="bbox 556 2040 2136 2115; baseline 0.005 -22"><span class='ocrx_word' id='word_1_233' title='bbox 556 2055 702 2109; x_wconf 87' lang='lat' dir='ltr'><strong>rum,</strong></span> <span class='ocrx_word' id='word_1_234' title='bbox 738 2040 832 2108; x_wconf 79' lang='lat' dir='ltr'><strong>(ili,</strong></span> <span class='ocrx_word' id='word_1_235' title='bbox 895 2042 984 2097; x_wconf 89' lang='lat' dir='ltr'><strong>illa</strong></span> <span class='ocrx_word' id='word_1_236' title='bbox 1006 2057 1169 2111; x_wconf 84' lang='lat' dir='ltr'><strong>super</strong></span> <span class='ocrx_word' id='word_1_237' title='bbox 1202 2058 1463 2111; x_wconf 83' lang='lat' dir='ltr'><strong>remeam</strong></span> <span class='ocrx_word' id='word_1_238' title='bbox 1485 2046 1776 2115; x_wconf 80' lang='lat' dir='ltr'><strong>exquirere</strong></span> <span class='ocrx_word' id='word_1_239' title='bbox 1798 2046 2136 2102; x_wconf 82' lang='lat' dir='ltr'><strong>voluntatem</strong></span> 
     </span>
    </p>
   </div>
   <div class='ocr_carea' id='block_1_35' title="bbox 558 2130 2141 2206">
    <p class='ocr_par' dir='ltr' id='par_1_35' title="bbox 558 2130 2141 2206">
     <span class='ocr_line' id='line_1_35' title="bbox 558 2130 2141 2206; baseline 0.006 -21"><span class='ocrx_word' id='word_1_240' title='bbox 558 2130 633 2185; x_wconf 92' lang='lat' dir='ltr'><strong>nil</strong></span> <span class='ocrx_word' id='word_1_241' title='bbox 660 2147 799 2203; x_wconf 86' lang='lat' dir='ltr'><strong>opus</strong></span> <span class='ocrx_word' id='word_1_242' title='bbox 832 2144 946 2188; x_wconf 87' lang='lat' dir='ltr'><strong>erat</strong></span> <span class='ocrx_word' id='word_1_243' title='bbox 981 2149 997 2190; x_wconf 89' lang='lat'><strong>:</strong></span> <span class='ocrx_word' id='word_1_244' title='bbox 1054 2134 1211 2200; x_wconf 84' lang='lat' dir='ltr'><strong>vade,</strong></span> <span class='ocrx_word' id='word_1_245' title='bbox 1268 2143 1323 2189; x_wconf 86' lang='lat' dir='ltr'><strong>et</strong></span> <span class='ocrx_word' id='word_1_246' title='bbox 1370 2151 1479 2206; x_wconf 88' lang='lat' dir='ltr'><strong>quo</strong></span> <span class='ocrx_word' id='word_1_247' title='bbox 1504 2137 1691 2193; x_wconf 89' lang='lat' dir='ltr'><strong>animo</strong></span> <span class='ocrx_word' id='word_1_248' title='bbox 1716 2138 2019 2194; x_wconf 87' lang='lat' dir='ltr'><strong>collibitum</strong></span> <span class='ocrx_word' id='word_1_249' title='bbox 2047 2148 2141 2194; x_wconf 84' lang='lat' dir='ltr'><strong>tuo</strong></span> 
     </span>
    </p>
   </div>
   <div class='ocr_carea' id='block_1_36' title="bbox 562 2222 2141 2301">
    <p class='ocr_par' dir='ltr' id='par_1_36' title="bbox 562 2222 2141 2301">
     <span class='ocr_line' id='line_1_36' title="bbox 562 2222 2141 2301; baseline 0.004 -24"><span class='ocrx_word' id='word_1_250' title='bbox 562 2232 669 2287; x_wconf 89' lang='lat' dir='ltr'><strong>est,</strong></span> <span class='ocrx_word' id='word_1_251' title='bbox 733 2222 859 2289; x_wconf 79' lang='lat' dir='ltr'><strong>fac;</strong></span> <span class='ocrx_word' id='word_1_252' title='bbox 913 2238 1032 2281; x_wconf 87' lang='lat' dir='ltr'><strong>mea</strong></span> <span class='ocrx_word' id='word_1_253' title='bbox 1085 2227 1287 2297; x_wconf 82' lang='lat' dir='ltr'><strong>quippe</strong></span> <span class='ocrx_word' id='word_1_254' title='bbox 1332 2227 1538 2291; x_wconf 90' lang='lat' dir='ltr'><strong>omnia,</strong></span> <span class='ocrx_word' id='word_1_255' title='bbox 1569 2237 1660 2283; x_wconf 91' lang='lat' dir='ltr'><strong>tua</strong></span> <span class='ocrx_word' id='word_1_256' title='bbox 1689 2238 1842 2283; x_wconf 91' lang='lat' dir='ltr'><strong>sunt.</strong></span> <span class='ocrx_word' id='word_1_257' title='bbox 1874 2229 1976 2285; x_wconf 88' lang='lat' dir='ltr'><strong>Cui</strong></span> <span class='ocrx_word' id='word_1_258' title='bbox 2012 2231 2141 2301; x_wconf 85' lang='lat' dir='ltr'><strong>Epi-</strong></span> 
     </span>
    </p>
   </div>
   <div class='ocr_carea' id='block_1_37' title="bbox 558 2311 2140 2390">
    <p class='ocr_par' dir='ltr' id='par_1_37' title="bbox 558 2311 2140 2390">
     <span class='ocr_line' id='line_1_37' title="bbox 558 2311 2140 2390; baseline 0.006 -24"><span class='ocrx_word' id='word_1_259' title='bbox 558 2312 798 2383; x_wconf 79' lang='lat' dir='ltr'><strong>phanius</strong></span> <span class='ocrx_word' id='word_1_260' title='bbox 835 2329 849 2366; x_wconf 88' lang='lat'><strong>:</strong></span> <span class='ocrx_word' id='word_1_261' title='bbox 890 2311 1151 2381; x_wconf 89' lang='lat' dir='ltr'><strong>Omnino,</strong></span> <span class='ocrx_word' id='word_1_262' title='bbox 1191 2326 1347 2386; x_wconf 84' lang='lat' dir='ltr'><strong>pater</strong></span> <span class='ocrx_word' id='word_1_263' title='bbox 1405 2316 1795 2385; x_wconf 83' lang='lat' dir='ltr'><strong>dilectissime,</strong></span> <span class='ocrx_word' id='word_1_264' title='bbox 1867 2318 1940 2373; x_wconf 84' lang='lat' dir='ltr'><strong>ita</strong></span> <span class='ocrx_word' id='word_1_265' title='bbox 2001 2335 2140 2390; x_wconf 85' lang='lat' dir='ltr'><strong>opus</strong></span> 
     </span>
    </p>
   </div>
   <div class='ocr_carea' id='block_1_38' title="bbox 552 2404 2139 2477">
    <p class='ocr_par' dir='ltr' id='par_1_38' title="bbox 552 2404 2139 2477">
     <span class='ocr_line' id='line_1_38' title="bbox 552 2404 2139 2477; baseline 0.003 -18"><span class='ocrx_word' id='word_1_266' title='bbox 552 2404 679 2470; x_wconf 74' lang='lat' dir='ltr'><strong>fuit;</strong></span> <span class='ocrx_word' id='word_1_267' title='bbox 720 2405 969 2476; x_wconf 64' lang='lat' dir='ltr'><strong>quoidam</strong></span> <span class='ocrx_word' id='word_1_268' title='bbox 1001 2407 1145 2461; x_wconf 92' lang='lat' dir='ltr'><strong>enim</strong></span> <span class='ocrx_word' id='word_1_269' title='bbox 1171 2407 1404 2477; x_wconf 88' lang='lat' dir='ltr'><strong>petenda</strong></span> <span class='ocrx_word' id='word_1_270' title='bbox 1454 2408 1589 2463; x_wconf 90' lang='lat' dir='ltr'><strong>mihi</strong></span> <span class='ocrx_word' id='word_1_271' title='bbox 1649 2419 1822 2464; x_wconf 87' lang='lat' dir='ltr'><strong>sunt:</strong></span> <span class='ocrx_word' id='word_1_272' title='bbox 1856 2423 1981 2463; x_wconf 87' lang='lat' dir='ltr'><strong>nam</strong></span> <span class='ocrx_word' id='word_1_273' title='bbox 2009 2410 2139 2466; x_wconf 88' lang='lat' dir='ltr'><strong>scri-</strong></span> 
     </span>
    </p>
   </div>
   <div class='ocr_carea' id='block_1_39' title="bbox 553 2496 2142 2571">
    <p class='ocr_par' dir='ltr' id='par_1_39' title="bbox 553 2496 2142 2571">
     <span class='ocr_line' id='line_1_39' title="bbox 553 2496 2142 2571; baseline 0.004 -22"><span class='ocrx_word' id='word_1_274' title='bbox 553 2504 704 2565; x_wconf 86' lang='lat' dir='ltr'><strong>ptum</strong></span> <span class='ocrx_word' id='word_1_275' title='bbox 734 2505 818 2550; x_wconf 88' lang='lat' dir='ltr'><strong>est</strong></span> <span class='ocrx_word' id='word_1_276' title='bbox 842 2514 857 2551; x_wconf 90' lang='lat'><strong>:</strong></span> <span class='ocrx_word' id='word_1_277' title='bbox 880 2496 1074 2562; x_wconf 85' lang='lat' dir='ltr'><strong>Filius,</strong></span> <span class='ocrx_word' id='word_1_278' title='bbox 1114 2499 1209 2569; x_wconf 90' lang='lat' dir='ltr'><strong>qui</strong></span> <span class='ocrx_word' id='word_1_279' title='bbox 1254 2500 1394 2569; x_wconf 74' lang='lat' dir='ltr'><strong>patri</strong></span> <span class='ocrx_word' id='word_1_280' title='bbox 1431 2499 1577 2570; x_wconf 79' lang='lat' dir='ltr'><strong>leges</strong></span> <span class='ocrx_word' id='word_1_281' title='bbox 1608 2502 1933 2571; x_wconf 61' lang='lat' dir='ltr'><strong>prescribit,</strong></span> <span class='ocrx_word' id='word_1_282' title='bbox 1968 2510 2142 2557; x_wconf 88' lang='lat' dir='ltr'><strong>morte</strong></span> 
     </span>
    </p>
   </div>
   <div class='ocr_carea' id='block_1_40' title="bbox 557 2587 2141 2658">
    <p class='ocr_par' dir='ltr' id='par_1_40' title="bbox 557 2587 2141 2658">
     <span class='ocr_line' id='line_1_40' title="bbox 557 2587 2141 2658; baseline 0.004 -17"><span class='ocrx_word' id='word_1_283' title='bbox 557 2587 851 2653; x_wconf 77' lang='lat' dir='ltr'><strong>morietur;</strong></span> <span class='ocrx_word' id='word_1_284' title='bbox 880 2596 935 2642; x_wconf 90' lang='lat' dir='ltr'><strong>et</strong></span> <span class='ocrx_word' id='word_1_285' title='bbox 968 2597 1122 2658; x_wconf 86' lang='lat' dir='ltr'><strong>patre</strong></span> <span class='ocrx_word' id='word_1_286' title='bbox 1152 2590 1315 2644; x_wconf 88' lang='lat' dir='ltr'><strong>alicui</strong></span> <span class='ocrx_word' id='word_1_287' title='bbox 1370 2592 1458 2644; x_wconf 59' lang='lat' dir='ltr'><strong>rei,</strong></span> <span class='ocrx_word' id='word_1_288' title='bbox 1481 2592 1710 2651; x_wconf 89' lang='lat' dir='ltr'><strong>intento.</strong></span> <span class='ocrx_word' id='word_1_289' title='bbox 1747 2605 1910 2647; x_wconf 83' lang='lat' dir='ltr'><strong>omne</strong></span> <span class='ocrx_word' id='word_1_290' title='bbox 1956 2592 2141 2648; x_wconf 87' lang='lat' dir='ltr'><strong>consi-</strong></span> 
     </span>
    </p>
   </div>
   <div class='ocr_carea' id='block_1_41' title="bbox 562 2678 2141 2750">
    <p class='ocr_par' dir='ltr' id='par_1_41' title="bbox 562 2678 2141 2750">
     <span class='ocr_line' id='line_1_41' title="bbox 562 2678 2141 2750; baseline 0.004 -19"><span class='ocrx_word' id='word_1_291' title='bbox 562 2678 693 2731; x_wconf 91' lang='lat' dir='ltr'><strong>lium</strong></span> <span class='ocrx_word' id='word_1_292' title='bbox 745 2678 836 2732; x_wconf 87' lang='lat' dir='ltr'><strong>lilii</strong></span> <span class='ocrx_word' id='word_1_293' title='bbox 864 2680 1240 2750; x_wconf 88' lang='lat' dir='ltr'><strong>dissipabitur.</strong></span> <span class='ocrx_word' id='word_1_294' title='bbox 1302 2680 1513 2747; x_wconf 84' lang='lat' dir='ltr'><strong>Quibus</strong></span> <span class='ocrx_word' id='word_1_295' title='bbox 1548 2680 1792 2747; x_wconf 88' lang='lat' dir='ltr'><strong>auditis,</strong></span> <span class='ocrx_word' id='word_1_296' title='bbox 1846 2682 2141 2738; x_wconf 78' lang='lat' dir='ltr'><strong>exsultavit</strong></span> 
     </span>
    </p>
   </div>
   <div class='ocr_carea' id='block_1_42' title="bbox 562 2769 2139 2845">
    <p class='ocr_par' dir='ltr' id='par_1_42' title="bbox 562 2769 2139 2845">
     <span class='ocr_line' id='line_1_42' title="bbox 562 2769 2139 2845; baseline 0.004 -22"><span class='ocrx_word' id='word_1_297' title='bbox 562 2769 780 2839; x_wconf 75' lang='lat' dir='ltr'><strong>gaudio</strong></span> <span class='ocrx_word' id='word_1_298' title='bbox 820 2780 1005 2839; x_wconf 89' lang='lat' dir='ltr'><strong>pater,</strong></span> <span class='ocrx_word' id='word_1_299' title='bbox 1060 2779 1286 2842; x_wconf 88' lang='lat' dir='ltr'><strong>propter</strong></span> <span class='ocrx_word' id='word_1_300' title='bbox 1340 2773 1667 2843; x_wconf 83' lang='lat' dir='ltr'><strong>sapientiam</strong></span> <span class='ocrx_word' id='word_1_301' title='bbox 1724 2784 1779 2829; x_wconf 92' lang='lat' dir='ltr'><strong>et</strong></span> <span class='ocrx_word' id='word_1_302' title='bbox 1837 2776 2139 2845; x_wconf 88' lang='lat' dir='ltr'><strong>prudentes</strong></span> 
     </span>
    </p>
   </div>
   <div class='ocr_carea' id='block_1_43' title="bbox 557 2862 2137 2936">
    <p class='ocr_par' dir='ltr' id='par_1_43' title="bbox 557 2862 2137 2936">
     <span class='ocr_line' id='line_1_43' title="bbox 557 2862 2137 2936; baseline 0.003 -21"><span class='ocrx_word' id='word_1_303' title='bbox 557 2862 942 2928; x_wconf 75' lang='lat' dir='ltr'><strong>responsiones</strong></span> <span class='ocrx_word' id='word_1_304' title='bbox 974 2863 1069 2917; x_wconf 83' lang='lat' dir='ltr'><strong>lilii</strong></span> <span class='ocrx_word' id='word_1_305' title='bbox 1110 2864 1194 2919; x_wconf 89' lang='lat' dir='ltr'><strong>sui</strong></span> <span class='ocrx_word' id='word_1_306' title='bbox 1225 2865 1355 2935; x_wconf 89' lang='lat' dir='ltr'><strong>:qui</strong></span> <span class='ocrx_word' id='word_1_307' title='bbox 1388 2880 1616 2935; x_wconf 82' lang='lat' dir='ltr'><strong>propere</strong></span> <span class='ocrx_word' id='word_1_308' title='bbox 1640 2866 1943 2922; x_wconf 81' lang='lat' dir='ltr'><strong>accelerate</strong></span> <span class='ocrx_word' id='word_1_309' title='bbox 1970 2865 2137 2936; x_wconf 74' lang='lat' dir='ltr'><strong>gradu</strong></span> 
     </span>
    </p>
   </div>
   <div class='ocr_carea' id='block_1_44' title="bbox 560 2952 2142 3026">
    <p class='ocr_par' dir='ltr' id='par_1_44' title="bbox 560 2952 2142 3026">
     <span class='ocr_line' id='line_1_44' title="bbox 560 2952 2142 3026; baseline 0.004 -23"><span class='ocrx_word' id='word_1_310' title='bbox 560 2952 830 3005; x_wconf 85' lang='lat' dir='ltr'><strong>Andream</strong></span> <span class='ocrx_word' id='word_1_311' title='bbox 864 2955 1185 3023; x_wconf 75' lang='lat' dir='ltr'><strong>insequens,</strong></span> <span class='ocrx_word' id='word_1_312' title='bbox 1201 2955 1421 3010; x_wconf 90' lang='lat' dir='ltr'><strong>domum</strong></span> <span class='ocrx_word' id='word_1_313' title='bbox 1454 2971 1999 3026; x_wconf 80' lang='lat' dir='ltr'><strong>usqueprogressum</strong></span> <span class='ocrx_word' id='word_1_314' title='bbox 2021 2965 2142 3010; x_wconf 79' lang='lat' dir='ltr'><strong>tan-</strong></span> 
     </span>
    </p>
   </div>
   <div class='ocr_carea' id='block_1_45' title="bbox 558 3034 2142 3119">
    <p class='ocr_par' dir='ltr' id='par_1_45' title="bbox 558 3034 2142 3119">
     <span class='ocr_line' id='line_1_45' title="bbox 558 3034 2142 3119; baseline 0.005 -23"><span class='ocrx_word' id='word_1_315' title='bbox 558 3044 681 3097; x_wconf 86' lang='lat' dir='ltr'><strong>dem</strong></span> <span class='ocrx_word' id='word_1_316' title='bbox 706 3034 718 3047; x_wconf 77' lang='grc'><em>’</em></span> <span class='ocrx_word' id='word_1_317' title='bbox 741 3056 1025 3100; x_wconf 89' lang='lat' dir='ltr'><strong>assecutus</strong></span> <span class='ocrx_word' id='word_1_318' title='bbox 1062 3057 1146 3102; x_wconf 90' lang='lat' dir='ltr'><strong>est</strong></span> <span class='ocrx_word' id='word_1_319' title='bbox 1173 3085 1191 3111; x_wconf 90' lang='lat'><strong>,</strong></span> <span class='ocrx_word' id='word_1_320' title='bbox 1236 3049 1632 3119; x_wconf 59' lang='lat' dir='ltr'><strong>‘prehensaque</strong></span> <span class='ocrx_word' id='word_1_321' title='bbox 1677 3063 1841 3103; x_wconf 90' lang='lat' dir='ltr'><strong>manu</strong></span> <span class='ocrx_word' id='word_1_322' title='bbox 1870 3048 2013 3118; x_wconf 89' lang='lat' dir='ltr'><strong>ejus,</strong></span> <span class='ocrx_word' id='word_1_323' title='bbox 2044 3048 2142 3104; x_wconf 89' lang='lat' dir='ltr'><strong>do-</strong></span> 
     </span>
    </p>
   </div>
   <div class='ocr_carea' id='block_1_46' title="bbox 554 3138 2141 3210">
    <p class='ocr_par' dir='ltr' id='par_1_46' title="bbox 554 3138 2141 3210">
     <span class='ocr_line' id='line_1_46' title="bbox 554 3138 2141 3210; baseline 0.004 -23"><span class='ocrx_word' id='word_1_324' title='bbox 554 3152 703 3189; x_wconf 80' lang='lat' dir='ltr'><strong>mum</strong></span> <span class='ocrx_word' id='word_1_325' title='bbox 760 3151 912 3190; x_wconf 85' lang='lat' dir='ltr'><strong>suam</strong></span> <span class='ocrx_word' id='word_1_326' title='bbox 965 3138 1117 3191; x_wconf 87' lang='lat' dir='ltr'><strong>illum</strong></span> <span class='ocrx_word' id='word_1_327' title='bbox 1164 3140 1405 3195; x_wconf 90' lang='lat' dir='ltr'><strong>reduxit.</strong></span> <span class='ocrx_word' id='word_1_328' title='bbox 1434 3138 1683 3209; x_wconf 88' lang='lat' dir='ltr'><strong>Cumque</strong></span> <span class='ocrx_word' id='word_1_329' title='bbox 1716 3139 1879 3193; x_wconf 89' lang='lat' dir='ltr'><strong>simul</strong></span> <span class='ocrx_word' id='word_1_330' title='bbox 1915 3154 1981 3194; x_wconf 89' lang='lat' dir='ltr'><strong>eo</strong></span> <span class='ocrx_word' id='word_1_331' title='bbox 2020 3154 2141 3210; x_wconf 84' lang='lat' dir='ltr'><strong>per-</strong></span> 
     </span>
    </p>
   </div>
   <div class='ocr_carea' id='block_1_47' title="bbox 2242 1940 3806 2020">
    <p class='ocr_par' dir='ltr' id='par_1_47' title="bbox 2242 1940 3806 2020">
     <span class='ocr_line' id='line_1_47' title="bbox 2242 1940 3806 2020; baseline -0.008 -16"><span class='ocrx_word' id='word_1_332' title='bbox 2242 1950 2422 2020; x_wconf 78' lang='grc' dir='ltr'><strong>ψυχῆς</strong></span> <span class='ocrx_word' id='word_1_333' title='bbox 2478 1948 2573 2003; x_wconf 67' lang='lat' dir='ltr'><strong>xui.</strong></span> <span class='ocrx_word' id='word_1_334' title='bbox 2610 1945 2724 2017; x_wconf 77' lang='grc' dir='ltr'><strong>φῶς</strong></span> <span class='ocrx_word' id='word_1_335' title='bbox 2771 1945 2879 2000; x_wconf 87' lang='grc' dir='ltr'><strong>τῶν</strong></span> <span class='ocrx_word' id='word_1_336' title='bbox 2916 1944 3210 2014; x_wconf 80' lang='grc' dir='ltr'><strong>ὀφθαλμῶν</strong></span> <span class='ocrx_word' id='word_1_337' title='bbox 3265 1959 3394 2013; x_wconf 81' lang='grc' dir='ltr'><strong>μου,</strong></span> <span class='ocrx_word' id='word_1_338' title='bbox 3441 1941 3571 2011; x_wconf 75' lang='grc' dir='ltr'><strong>περὶ</strong></span> <span class='ocrx_word' id='word_1_339' title='bbox 3614 1940 3806 2009; x_wconf 75' lang='grc' dir='ltr'><strong>ταύτης</strong></span> 
     </span>
    </p>
   </div>
   <div class='ocr_carea' id='block_1_48' title="bbox 2240 2031 3806 2109">
    <p class='ocr_par' dir='ltr' id='par_1_48' title="bbox 2240 2031 3806 2109">
     <span class='ocr_line' id='line_1_48' title="bbox 2240 2031 3806 2109; baseline -0.007 -16"><span class='ocrx_word' id='word_1_340' title='bbox 2240 2040 2343 2109; x_wconf 81' lang='grc' dir='ltr'><strong>τῆς</strong></span> <span class='ocrx_word' id='word_1_341' title='bbox 2371 2039 2685 2101; x_wconf 70' lang='grc' dir='ltr'><strong>ὑποθέσεως</strong></span> <span class='ocrx_word' id='word_1_342' title='bbox 2711 2038 2924 2109; x_wconf 65' lang='grc' dir='ltr'><strong>ἐρωτᾷν</strong></span> <span class='ocrx_word' id='word_1_343' title='bbox 2972 2036 3048 2107; x_wconf 79' lang='grc' dir='ltr'><strong>μὴ</strong></span> <span class='ocrx_word' id='word_1_344' title='bbox 3094 2034 3340 2108; x_wconf 75' lang='grc' dir='ltr'><strong>ὀφεῐλῃς,</strong></span> <span class='ocrx_word' id='word_1_345' title='bbox 3371 2032 3574 2088; x_wconf 75' lang='grc' dir='ltr'><strong>ἄπελθε</strong></span> <span class='ocrx_word' id='word_1_346' title='bbox 3607 2031 3705 2085; x_wconf 81' lang='grc' dir='ltr'><strong>καὶ</strong></span> <span class='ocrx_word' id='word_1_347' title='bbox 3739 2032 3806 2093; x_wconf 83' lang='grc' dir='ltr'><strong>ὡς</strong></span> 
     </span>
    </p>
   </div>
   <div class='ocr_carea' id='block_1_49' title="bbox 2242 2122 3845 2196">
    <p class='ocr_par' dir='ltr' id='par_1_49' title="bbox 2242 2122 3845 2196">
     <span class='ocr_line' id='line_1_49' title="bbox 2242 2122 3845 2196; baseline -0.006 -14"><span class='ocrx_word' id='word_1_348' title='bbox 2242 2127 2487 2191; x_wconf 78' lang='grc' dir='ltr'><strong>κελεύεις</strong></span> <span class='ocrx_word' id='word_1_349' title='bbox 2512 2127 2764 2194; x_wconf 75' lang='grc' dir='ltr'><strong>ποίησον,</strong></span> <span class='ocrx_word' id='word_1_350' title='bbox 2802 2126 2872 2179; x_wconf 83' lang='grc' dir='ltr'><strong>τά</strong></span> <span class='ocrx_word' id='word_1_351' title='bbox 2902 2126 3011 2195; x_wconf 83' lang='grc' dir='ltr'><strong>γάρ</strong></span> <span class='ocrx_word' id='word_1_352' title='bbox 3040 2125 3170 2196; x_wconf 71' lang='grc' dir='ltr'><strong>ἐμά,</strong></span> <span class='ocrx_word' id='word_1_353' title='bbox 3205 2126 3275 2178; x_wconf 92' lang='grc' dir='ltr'><strong>σά</strong></span> <span class='ocrx_word' id='word_1_354' title='bbox 3308 2123 3467 2178; x_wconf 72' lang='grc' dir='ltr'><strong>εἰσιν.</strong></span> <span class='ocrx_word' id='word_1_355' title='bbox 3500 2122 3809 2192; x_wconf 73' lang='grc' dir='ltr'><strong>Ἐπιςράνεος</strong></span> <span class='ocrx_word' id='word_1_356' title='bbox 3844 2142 3845 2145; x_wconf 47' lang='grc' dir='ltr'><strong>η</strong></span> 
     </span>
    </p>
   </div>
   <div class='ocr_carea' id='block_1_50' title="bbox 2248 2214 3807 2291">
    <p class='ocr_par' dir='ltr' id='par_1_50' title="bbox 2248 2214 3807 2291">
     <span class='ocr_line' id='line_1_50' title="bbox 2248 2214 3807 2291; baseline -0.004 -17"><span class='ocrx_word' id='word_1_357' title='bbox 2248 2216 2434 2274; x_wconf 80' lang='grc' dir='ltr'><strong>εἶπεν·</strong></span> <span class='ocrx_word' id='word_1_358' title='bbox 2469 2218 2580 2274; x_wconf 80' lang='grc' dir='ltr'><strong>Ναὶ</strong></span> <span class='ocrx_word' id='word_1_359' title='bbox 2609 2219 2789 2291; x_wconf 83' lang='grc' dir='ltr'><strong>πάτερ</strong></span> <span class='ocrx_word' id='word_1_360' title='bbox 2819 2235 2923 2290; x_wconf 83' lang='grc' dir='ltr'><strong>μου</strong></span> <span class='ocrx_word' id='word_1_361' title='bbox 2954 2217 3305 2288; x_wconf 73' lang='grc' dir='ltr'><strong>παμφελτατε</strong></span> <span class='ocrx_word' id='word_1_362' title='bbox 3328 2255 3344 2279; x_wconf 87' lang='grc'><strong>,</strong></span> <span class='ocrx_word' id='word_1_363' title='bbox 3390 2214 3527 2271; x_wconf 65' lang='lat' dir='ltr'><strong>sua</strong></span> <span class='ocrx_word' id='word_1_364' title='bbox 3554 2230 3681 2268; x_wconf 85' lang='grc' dir='ltr'><strong>τινα</strong></span> <span class='ocrx_word' id='word_1_365' title='bbox 3709 2214 3807 2283; x_wconf 72' lang='grc' dir='ltr'><strong>ἔχω</strong></span> 
     </span>
    </p>
   </div>
   <div class='ocr_carea' id='block_1_51' title="bbox 2242 2306 3808 2383">
    <p class='ocr_par' dir='ltr' id='par_1_51' title="bbox 2242 2306 3808 2383">
     <span class='ocr_line' id='line_1_51' title="bbox 2242 2306 3808 2383; baseline -0.005 -18"><span class='ocrx_word' id='word_1_366' title='bbox 2242 2312 2521 2383; x_wconf 71' lang='grc' dir='ltr'><strong>ιρωτῆσαι</strong></span> <span class='ocrx_word' id='word_1_367' title='bbox 2550 2325 2566 2339; x_wconf 65' lang='grc' dir='ltr'>θ</span> <span class='ocrx_word' id='word_1_368' title='bbox 2606 2309 2921 2379; x_wconf 64' lang='grc' dir='ltr'><strong>γέγραπται</strong></span> <span class='ocrx_word' id='word_1_369' title='bbox 2947 2308 3056 2379; x_wconf 81' lang='grc' dir='ltr'><strong>γὰρ</strong></span> <span class='ocrx_word' id='word_1_370' title='bbox 3083 2307 3219 2380; x_wconf 80' lang='lat'><strong>(76),</strong></span> <span class='ocrx_word' id='word_1_371' title='bbox 3255 2306 3383 2370; x_wconf 76' lang='grc' dir='ltr'><strong>Υἱὸς</strong></span> <span class='ocrx_word' id='word_1_372' title='bbox 3423 2309 3592 2376; x_wconf 86' lang='grc' dir='ltr'><strong>πατρὶ</strong></span> <span class='ocrx_word' id='word_1_373' title='bbox 3626 2306 3808 2360; x_wconf 81' lang='grc' dir='ltr'><strong>δίκαια</strong></span> 
     </span>
    </p>
   </div>
   <div class='ocr_carea' id='block_1_52' title="bbox 2240 2395 3811 2469">
    <p class='ocr_par' dir='ltr' id='par_1_52' title="bbox 2240 2395 3811 2469">
     <span class='ocr_line' id='line_1_52' title="bbox 2240 2395 3811 2469; baseline -0.004 -16"><span class='ocrx_word' id='word_1_374' title='bbox 2240 2400 2441 2469; x_wconf 83' lang='grc' dir='ltr'><strong>λέγων,</strong></span> <span class='ocrx_word' id='word_1_375' title='bbox 2478 2399 2695 2469; x_wconf 79' lang='grc' dir='ltr'><strong>θανάτῳ</strong></span> <span class='ocrx_word' id='word_1_376' title='bbox 2742 2398 3207 2469; x_wconf 77' lang='grc' dir='ltr'><strong>θανατωθήσιται,</strong></span> <span class='ocrx_word' id='word_1_377' title='bbox 3248 2395 3343 2449; x_wconf 77' lang='grc' dir='ltr'><strong>καὶ</strong></span> <span class='ocrx_word' id='word_1_378' title='bbox 3397 2396 3604 2461; x_wconf 72' lang='grc' dir='ltr'><strong>πατρὸς</strong></span> <span class='ocrx_word' id='word_1_379' title='bbox 3638 2411 3811 2465; x_wconf 74' lang='grc' dir='ltr'><strong>παρα-</strong></span> 
     </span>
    </p>
   </div>
   <div class='ocr_carea' id='block_1_53' title="bbox 2245 2473 3821 2562">
    <p class='ocr_par' dir='ltr' id='par_1_53' title="bbox 2245 2473 3821 2562">
     <span class='ocr_line' id='line_1_53' title="bbox 2245 2473 3821 2562; baseline -0.005 -18"><span class='ocrx_word' id='word_1_380' title='bbox 2245 2491 2501 2561; x_wconf 82' lang='grc' dir='ltr'><strong>τυχόντος</strong></span> <span class='ocrx_word' id='word_1_381' title='bbox 2561 2491 2673 2542; x_wconf 82' lang='grc' dir='ltr'><strong>τινὶ</strong></span> <span class='ocrx_word' id='word_1_382' title='bbox 2728 2473 3261 2562; x_wconf 58' lang='grc' dir='ltr'><strong>πράγματι,’πᾶσα</strong></span> <span class='ocrx_word' id='word_1_383' title='bbox 3318 2485 3449 2545; x_wconf 75' lang='grc' dir='ltr'>Υῖοῦ</span> <span class='ocrx_word' id='word_1_384' title='bbox 3516 2486 3821 2557; x_wconf 61' lang='grc' dir='ltr'><strong>πρόὅλησιςι</strong></span> 
     </span>
    </p>
   </div>
   <div class='ocr_carea' id='block_1_54' title="bbox 2246 2573 3814 2654">
    <p class='ocr_par' dir='ltr' id='par_1_54' title="bbox 2246 2573 3814 2654">
     <span class='ocr_line' id='line_1_54' title="bbox 2246 2573 3814 2654; baseline -0.006 -20"><span class='ocrx_word' id='word_1_385' title='bbox 2246 2584 2570 2654; x_wconf 74' lang='grc' dir='ltr'><strong>ῥαγήσεται.</strong></span> <span class='ocrx_word' id='word_1_386' title='bbox 2602 2578 2784 2633; x_wconf 82' lang='grc' dir='ltr'><strong>Τοῦτο</strong></span> <span class='ocrx_word' id='word_1_387' title='bbox 2811 2579 3053 2643; x_wconf 74' lang='grc' dir='ltr'><strong>ἀκούσας</strong></span> <span class='ocrx_word' id='word_1_388' title='bbox 3082 2580 3111 2633; x_wconf 97' lang='lat'><strong>6</strong></span> <span class='ocrx_word' id='word_1_389' title='bbox 3148 2577 3334 2649; x_wconf 71' lang='grc' dir='ltr'><strong>πατὴρ</strong></span> <span class='ocrx_word' id='word_1_390' title='bbox 3366 2575 3560 2641; x_wconf 81' lang='grc' dir='ltr'><strong>αὐτοῦ,</strong></span> <span class='ocrx_word' id='word_1_391' title='bbox 3586 2573 3814 2644; x_wconf 82' lang='grc' dir='ltr'><strong>εὐφραί-</strong></span> 
     </span>
    </p>
   </div>
   <div class='ocr_carea' id='block_1_55' title="bbox 2243 2664 3811 2742">
    <p class='ocr_par' dir='ltr' id='par_1_55' title="bbox 2243 2664 3811 2742">
     <span class='ocr_line' id='line_1_55' title="bbox 2243 2664 3811 2742; baseline -0.007 -13"><span class='ocrx_word' id='word_1_392' title='bbox 2243 2691 2388 2729; x_wconf 86' lang='grc' dir='ltr'><strong>νεται</strong></span> <span class='ocrx_word' id='word_1_393' title='bbox 2422 2672 2516 2727; x_wconf 67' lang='grc' dir='ltr'><strong>ἐπὶ</strong></span> <span class='ocrx_word' id='word_1_394' title='bbox 2551 2672 2620 2742; x_wconf 78' lang='grc' dir='ltr'><strong>τῇ</strong></span> <span class='ocrx_word' id='word_1_395' title='bbox 2659 2670 2895 2737; x_wconf 79' lang='grc' dir='ltr'><strong>συνέσει,</strong></span> <span class='ocrx_word' id='word_1_396' title='bbox 2940 2671 3037 2725; x_wconf 79' lang='grc' dir='ltr'><strong>καὶ</strong></span> <span class='ocrx_word' id='word_1_397' title='bbox 3061 2672 3183 2734; x_wconf 87' lang='grc' dir='ltr'><strong>ταῖς</strong></span> <span class='ocrx_word' id='word_1_398' title='bbox 3236 2670 3597 2741; x_wconf 78' lang='grc' dir='ltr'><strong>ἀποκρίσεσιν</strong></span> <span class='ocrx_word' id='word_1_399' title='bbox 3626 2664 3811 2720; x_wconf 80' lang='grc' dir='ltr'><strong>αὑτοῦ.</strong></span> 
     </span>
    </p>
   </div>
   <div class='ocr_carea' id='block_1_56' title="bbox 2253 2760 3813 2835">
    <p class='ocr_par' dir='ltr' id='par_1_56' title="bbox 2253 2760 3813 2835">
     <span class='ocr_line' id='line_1_56' title="bbox 2253 2760 3813 2835; baseline -0.005 -15"><span class='ocrx_word' id='word_1_400' title='bbox 2253 2766 2314 2819; x_wconf 85' lang='lat' dir='ltr'><strong>&#39;U</strong></span> <span class='ocrx_word' id='word_1_401' title='bbox 2346 2766 2403 2820; x_wconf 76' lang='grc' dir='ltr'><strong>δὲ</strong></span> <span class='ocrx_word' id='word_1_402' title='bbox 2441 2764 2637 2835; x_wconf 81' lang='grc' dir='ltr'><strong>σεμνὸς</strong></span> <span class='ocrx_word' id='word_1_403' title='bbox 2683 2765 3004 2833; x_wconf 76' lang='grc' dir='ltr'><strong>Ἐπιφάνιος</strong></span> <span class='ocrx_word' id='word_1_404' title='bbox 3044 2766 3284 2835; x_wconf 80' lang='grc' dir='ltr'><strong>ταχινοῖς</strong></span> <span class='ocrx_word' id='word_1_405' title='bbox 3314 2764 3439 2817; x_wconf 71' lang='grc' dir='ltr'><strong>ποσὶ</strong></span> <span class='ocrx_word' id='word_1_406' title='bbox 3475 2760 3813 2828; x_wconf 82' lang='grc' dir='ltr'><strong>καταδιώξας</strong></span> 
     </span>
    </p>
   </div>
   <div class='ocr_carea' id='block_1_57' title="bbox 2243 2850 3813 2924">
    <p class='ocr_par' dir='ltr' id='par_1_57' title="bbox 2243 2850 3813 2924">
     <span class='ocr_line' id='line_1_57' title="bbox 2243 2850 3813 2924; baseline -0.005 -12"><span class='ocrx_word' id='word_1_407' title='bbox 2243 2859 2335 2912; x_wconf 74' lang='grc' dir='ltr'><strong>τὸν</strong></span> <span class='ocrx_word' id='word_1_408' title='bbox 2362 2857 2573 2919; x_wconf 89' lang='grc' dir='ltr'><strong>Ὀσιον,</strong></span> <span class='ocrx_word' id='word_1_409' title='bbox 2609 2854 2891 2924; x_wconf 83' lang='grc' dir='ltr'><strong>πέφθακεν</strong></span> <span class='ocrx_word' id='word_1_410' title='bbox 2920 2854 3083 2910; x_wconf 74' lang='grc' dir='ltr'><strong>αὐτὸν</strong></span> <span class='ocrx_word' id='word_1_411' title='bbox 3116 2853 3265 2908; x_wconf 71' lang='grc' dir='ltr'><strong>ἔνδον</strong></span> <span class='ocrx_word' id='word_1_412' title='bbox 3295 2853 3392 2907; x_wconf 82' lang='grc' dir='ltr'><strong>τοῦ</strong></span> <span class='ocrx_word' id='word_1_413' title='bbox 3431 2853 3584 2906; x_wconf 85' lang='grc' dir='ltr'><strong>οῐκου</strong></span> <span class='ocrx_word' id='word_1_414' title='bbox 3625 2850 3813 2917; x_wconf 78' lang='grc' dir='ltr'><strong>αὑτοῦ,</strong></span> 
     </span>
    </p>
   </div>
   <div class='ocr_carea' id='block_1_58' title="bbox 2244 2946 3817 3022">
    <p class='ocr_par' dir='ltr' id='par_1_58' title="bbox 2244 2946 3817 3022">
     <span class='ocr_line' id='line_1_58' title="bbox 2244 2946 3817 3022; baseline -0.004 -17"><span class='ocrx_word' id='word_1_415' title='bbox 2244 2952 2338 3005; x_wconf 76' lang='grc' dir='ltr'><strong>καὶ</strong></span> <span class='ocrx_word' id='word_1_416' title='bbox 2367 2946 2501 3021; x_wconf 77' lang='grc' dir='ltr'><strong>ἦλθε</strong></span> <span class='ocrx_word' id='word_1_417' title='bbox 2527 2947 2927 3022; x_wconf 61' lang='grc' dir='ltr'><strong>χειῳκρατῶν,</strong></span> <span class='ocrx_word' id='word_1_418' title='bbox 2961 2948 3055 3002; x_wconf 84' lang='grc' dir='ltr'><strong>καὶ</strong></span> <span class='ocrx_word' id='word_1_419' title='bbox 3090 2947 3227 3019; x_wconf 75' lang='grc' dir='ltr'><strong>πρὸς</strong></span> <span class='ocrx_word' id='word_1_420' title='bbox 3252 2950 3324 3002; x_wconf 84' lang='grc' dir='ltr'><strong>τὰ</strong></span> <span class='ocrx_word' id='word_1_421' title='bbox 3362 2948 3470 3001; x_wconf 78' lang='grc' dir='ltr'><strong>ῖδια</strong></span> <span class='ocrx_word' id='word_1_422' title='bbox 3509 2947 3817 3021; x_wconf 74' lang='grc' dir='ltr'><strong>προτρεπό-</strong></span> 
     </span>
    </p>
   </div>
   <div class='ocr_carea' id='block_1_59' title="bbox 2246 3040 3815 3113">
    <p class='ocr_par' dir='ltr' id='par_1_59' title="bbox 2246 3040 3815 3113">
     <span class='ocr_line' id='line_1_59' title="bbox 2246 3040 3815 3113; baseline -0.003 -18"><span class='ocrx_word' id='word_1_423' title='bbox 2246 3060 2409 3113; x_wconf 78' lang='grc' dir='ltr'><strong>μενος</strong></span> <span class='ocrx_word' id='word_1_424' title='bbox 2436 3060 2450 3074; x_wconf 71' lang='grc' dir='ltr'><strong>ο</strong></span> <span class='ocrx_word' id='word_1_425' title='bbox 2484 3044 2577 3096; x_wconf 74' lang='grc' dir='ltr'><strong>καὶ</strong></span> <span class='ocrx_word' id='word_1_426' title='bbox 2602 3042 2666 3113; x_wconf 80' lang='grc' dir='ltr'><strong>δὴ</strong></span> <span class='ocrx_word' id='word_1_427' title='bbox 2694 3041 2773 3112; x_wconf 83' lang='grc' dir='ltr'><strong>τῷ</strong></span> <span class='ocrx_word' id='word_1_428' title='bbox 2797 3040 3004 3095; x_wconf 86' lang='grc' dir='ltr'><strong>πυλῶνι</strong></span> <span class='ocrx_word' id='word_1_429' title='bbox 3035 3041 3402 3109; x_wconf 78' lang='grc' dir='ltr'><strong>ὲγγισάντων,</strong></span> <span class='ocrx_word' id='word_1_430' title='bbox 3446 3041 3544 3093; x_wconf 76' lang='grc' dir='ltr'><strong>καὶ</strong></span> <span class='ocrx_word' id='word_1_431' title='bbox 3586 3040 3686 3092; x_wconf 79' lang='grc' dir='ltr'><strong>τοῦ</strong></span> <span class='ocrx_word' id='word_1_432' title='bbox 3714 3056 3815 3090; x_wconf 75' lang='grc' dir='ltr'><strong>πα-</strong></span> 
     </span>
    </p>
   </div>
   <div class='ocr_carea' id='block_1_60' title="bbox 2243 3130 3819 3203">
    <p class='ocr_par' dir='ltr' id='par_1_60' title="bbox 2243 3130 3819 3203">
     <span class='ocr_line' id='line_1_60' title="bbox 2243 3130 3819 3203; baseline -0.003 -19"><span class='ocrx_word' id='word_1_433' title='bbox 2243 3131 2371 3202; x_wconf 73' lang='grc' dir='ltr'><strong>τρὸς</strong></span> <span class='ocrx_word' id='word_1_434' title='bbox 2412 3130 2580 3184; x_wconf 82' lang='grc' dir='ltr'><strong>αὑτοῦ</strong></span> <span class='ocrx_word' id='word_1_435' title='bbox 2626 3134 2807 3185; x_wconf 78' lang='grc' dir='ltr'><strong>ἐκεῖσε</strong></span> <span class='ocrx_word' id='word_1_436' title='bbox 2836 3132 2912 3203; x_wconf 74' lang='grc' dir='ltr'><strong>μὴ</strong></span> <span class='ocrx_word' id='word_1_437' title='bbox 2933 3132 3273 3199; x_wconf 81' lang='grc' dir='ltr'><strong>εὑρεθέντος,</strong></span> <span class='ocrx_word' id='word_1_438' title='bbox 3309 3132 3337 3184; x_wconf 88' lang='lat'><strong>6</strong></span> <span class='ocrx_word' id='word_1_439' title='bbox 3386 3130 3657 3202; x_wconf 78' lang='grc' dir='ltr'><strong>μακάριος</strong></span> <span class='ocrx_word' id='word_1_440' title='bbox 3698 3130 3819 3183; x_wconf 81' lang='grc' dir='ltr'><strong>’Δν-</strong></span> 
     </span>
    </p>
   </div>
   <div class='ocr_carea' id='block_1_61' title="bbox 556 3209 2141 3298">
    <p class='ocr_par' dir='ltr' id='par_1_61' title="bbox 556 3209 2141 3298">
     <span class='ocr_line' id='line_1_61' title="bbox 556 3209 2141 3298; baseline 0.002 -17"><span class='ocrx_word' id='word_1_441' title='bbox 556 3229 854 3289; x_wconf 70' lang='lat' dir='ltr'><strong>venissent,</strong></span> <span class='ocrx_word' id='word_1_442' title='bbox 877 3242 982 3280; x_wconf 87' lang='lat' dir='ltr'><strong>non</strong></span> <span class='ocrx_word' id='word_1_443' title='bbox 1020 3227 1240 3283; x_wconf 91' lang='lat' dir='ltr'><strong>invento</strong></span> <span class='ocrx_word' id='word_1_444' title='bbox 1274 3229 1385 3283; x_wconf 90' lang='lat' dir='ltr'><strong>illic</strong></span> <span class='ocrx_word' id='word_1_445' title='bbox 1404 3239 1555 3298; x_wconf 82' lang='lat' dir='ltr'><strong>patre</strong></span> <span class='ocrx_word' id='word_1_446' title='bbox 1588 3228 1905 3298; x_wconf 88' lang='lat' dir='ltr'><strong>Epiphanii,</strong></span> <span class='ocrx_word' id='word_1_447' title='bbox 1936 3209 2141 3284; x_wconf 88' lang='lat' dir='ltr'><strong>intrare</strong></span> 
     </span>
    </p>
   </div>
   <div class='ocr_carea' id='block_1_62' title="bbox 2248 3209 3823 3298">
    <p class='ocr_par' dir='ltr' id='par_1_62' title="bbox 2248 3221 3823 3296">
     <span class='ocr_line' id='line_1_62' title="bbox 2248 3221 3823 3296; baseline -0.003 -18"><span class='ocrx_word' id='word_1_448' title='bbox 2248 3225 2404 3296; x_wconf 73' lang='grc' dir='ltr'><strong>δρέας</strong></span> <span class='ocrx_word' id='word_1_449' title='bbox 2436 3226 2495 3278; x_wconf 80' lang='grc' dir='ltr'><strong>ὲν</strong></span> <span class='ocrx_word' id='word_1_450' title='bbox 2524 3226 2601 3291; x_wconf 85' lang='grc' dir='ltr'><strong>τῷ</strong></span> <span class='ocrx_word' id='word_1_451' title='bbox 2631 3224 2838 3279; x_wconf 85' lang='grc' dir='ltr'><strong>πυλῶνι</strong></span> <span class='ocrx_word' id='word_1_452' title='bbox 2867 3226 2966 3279; x_wconf 80' lang='grc' dir='ltr'><strong>οὐκ</strong></span> <span class='ocrx_word' id='word_1_453' title='bbox 3010 3224 3285 3296; x_wconf 71' lang='grc' dir='ltr'><strong>εἰσῆλθεν,</strong></span> <span class='ocrx_word' id='word_1_454' title='bbox 3336 3224 3535 3289; x_wconf 70' lang='grc' dir='ltr'><strong>ἔξωθεν</strong></span> <span class='ocrx_word' id='word_1_455' title='bbox 3564 3222 3625 3277; x_wconf 69' lang='grc' dir='ltr'><strong>δὲ</strong></span> <span class='ocrx_word' id='word_1_456' title='bbox 3670 3221 3823 3277; x_wconf 74' lang='grc' dir='ltr'><strong>καθι-</strong></span> 
     </span>
    </p>
   </div>
   <div class='ocr_carea' id='block_1_63' title="bbox 556 3306 2135 3390">
    <p class='ocr_par' dir='ltr' id='par_1_63' title="bbox 556 3306 2135 3390">
     <span class='ocr_line' id='line_1_63' title="bbox 556 3306 2135 3390; baseline 0.001 -17"><span class='ocrx_word' id='word_1_457' title='bbox 556 3320 753 3373; x_wconf 82' lang='lat' dir='ltr'><strong>ostium</strong></span> <span class='ocrx_word' id='word_1_458' title='bbox 792 3306 1062 3373; x_wconf 70' lang='lat' dir='ltr'><strong>recusavit</strong></span> <span class='ocrx_word' id='word_1_459' title='bbox 1095 3320 1364 3387; x_wconf 82' lang='lat' dir='ltr'><strong>Andreas,</strong></span> <span class='ocrx_word' id='word_1_460' title='bbox 1398 3319 1643 3389; x_wconf 78' lang='lat' dir='ltr'><strong>forisque</strong></span> <span class='ocrx_word' id='word_1_461' title='bbox 1667 3320 1914 3374; x_wconf 90' lang='lat' dir='ltr'><strong>consedit</strong></span> <span class='ocrx_word' id='word_1_462' title='bbox 1939 3338 1952 3373; x_wconf 92' lang='lat'>:</span> <span class='ocrx_word' id='word_1_463' title='bbox 1976 3335 2135 3390; x_wconf 89' lang='lat' dir='ltr'><strong>quem</strong></span> 
     </span>
    </p>
   </div>
   <div class='ocr_carea' id='block_1_64' title="bbox 555 3410 2141 3483">
    <p class='ocr_par' dir='ltr' id='par_1_64' title="bbox 555 3410 2141 3483">
     <span class='ocr_line' id='line_1_64' title="bbox 555 3410 2141 3483; baseline 0.003 -20"><span class='ocrx_word' id='word_1_464' title='bbox 555 3410 722 3465; x_wconf 78' lang='lat' dir='ltr'><strong>vicini</strong></span> <span class='ocrx_word' id='word_1_465' title='bbox 767 3412 1115 3482; x_wconf 79' lang='lat' dir='ltr'><strong>viatoresque</strong></span> <span class='ocrx_word' id='word_1_466' title='bbox 1144 3413 1466 3483; x_wconf 83' lang='lat' dir='ltr'><strong>conspicati,</strong></span> <span class='ocrx_word' id='word_1_467' title='bbox 1503 3414 1765 3467; x_wconf 88' lang='lat' dir='ltr'><strong>nudatum</strong></span> <span class='ocrx_word' id='word_1_468' title='bbox 1825 3414 2065 3467; x_wconf 72' lang='lat' dir='ltr'><strong>vestibus</strong></span> <span class='ocrx_word' id='word_1_469' title='bbox 2087 3422 2141 3467; x_wconf 89' lang='lat' dir='ltr'><strong>et</strong></span> 
     </span>
    </p>
   </div>
   <div class='ocr_carea' id='block_1_65' title="bbox 560 3500 2141 3573">
    <p class='ocr_par' dir='ltr' id='par_1_65' title="bbox 560 3500 2141 3573">
     <span class='ocr_line' id='line_1_65' title="bbox 560 3500 2141 3573; baseline -0.001 -19"><span class='ocrx_word' id='word_1_470' title='bbox 560 3501 944 3566; x_wconf 86' lang='lat' dir='ltr'><strong>insanientem,</strong></span> <span class='ocrx_word' id='word_1_471' title='bbox 983 3500 1296 3557; x_wconf 79' lang='lat' dir='ltr'><strong>conﬂuxere</strong></span> <span class='ocrx_word' id='word_1_472' title='bbox 1350 3517 1545 3573; x_wconf 77' lang='lat' dir='ltr'><strong>magno</strong></span> <span class='ocrx_word' id='word_1_473' title='bbox 1594 3516 1823 3556; x_wconf 88' lang='lat' dir='ltr'><strong>numero</strong></span> <span class='ocrx_word' id='word_1_474' title='bbox 1854 3520 1869 3556; x_wconf 91' lang='lat'><strong>:</strong></span> <span class='ocrx_word' id='word_1_475' title='bbox 1907 3502 2029 3555; x_wconf 89' lang='lat' dir='ltr'><strong>aliis</strong></span> <span class='ocrx_word' id='word_1_476' title='bbox 2058 3502 2141 3555; x_wconf 86' lang='lat' dir='ltr'><strong>in-</strong></span> 
     </span>
    </p>
   </div>
   <div class='ocr_carea' id='block_1_66' title="bbox 558 3591 2141 3663">
    <p class='ocr_par' dir='ltr' id='par_1_66' title="bbox 558 3591 2141 3663">
     <span class='ocr_line' id='line_1_66' title="bbox 558 3591 2141 3663; baseline 0 -16"><span class='ocrx_word' id='word_1_477' title='bbox 558 3592 984 3660; x_wconf 78' lang='lat' dir='ltr'><strong>gemiscentibus</strong></span> <span class='ocrx_word' id='word_1_478' title='bbox 1018 3604 1072 3648; x_wconf 92' lang='lat' dir='ltr'><strong>et</strong></span> <span class='ocrx_word' id='word_1_479' title='bbox 1111 3593 1491 3649; x_wconf 87' lang='lat' dir='ltr'><strong>incusantibus</strong></span> <span class='ocrx_word' id='word_1_480' title='bbox 1518 3592 1816 3657; x_wconf 87' lang='lat' dir='ltr'><strong>Satanam,</strong></span> <span class='ocrx_word' id='word_1_481' title='bbox 1866 3593 2011 3663; x_wconf 90' lang='lat' dir='ltr'><strong>quod</strong></span> <span class='ocrx_word' id='word_1_482' title='bbox 2046 3591 2141 3647; x_wconf 87' lang='lat' dir='ltr'><strong>tali</strong></span> 
     </span>
    </p>
   </div>
   <div class='ocr_carea' id='block_1_67' title="bbox 561 3683 2144 3754">
    <p class='ocr_par' dir='ltr' id='par_1_67' title="bbox 561 3683 2144 3754">
     <span class='ocr_line' id='line_1_67' title="bbox 561 3683 2144 3754; baseline 0 -16"><span class='ocrx_word' id='word_1_483' title='bbox 561 3683 727 3739; x_wconf 90' lang='lat' dir='ltr'><strong>modo</strong></span> <span class='ocrx_word' id='word_1_484' title='bbox 763 3684 1037 3739; x_wconf 89' lang='lat' dir='ltr'><strong>hominem</strong></span> <span class='ocrx_word' id='word_1_485' title='bbox 1076 3686 1240 3743; x_wconf 86' lang='lat' dir='ltr'><strong>rebus</strong></span> <span class='ocrx_word' id='word_1_486' title='bbox 1260 3685 1516 3742; x_wconf 90' lang='lat' dir='ltr'><strong>omnibus</strong></span> <span class='ocrx_word' id='word_1_487' title='bbox 1572 3685 1864 3754; x_wconf 89' lang='lat' dir='ltr'><strong>spoliatum</strong></span> <span class='ocrx_word' id='word_1_488' title='bbox 1910 3683 2144 3740; x_wconf 79' lang='lat' dir='ltr'><strong>confun-</strong></span> 
     </span>
    </p>
   </div>
   <div class='ocr_carea' id='block_1_68' title="bbox 557 3775 2144 3847">
    <p class='ocr_par' dir='ltr' id='par_1_68' title="bbox 557 3775 2144 3847">
     <span class='ocr_line' id='line_1_68' title="bbox 557 3775 2144 3847; baseline -0.001 -16"><span class='ocrx_word' id='word_1_489' title='bbox 557 3776 747 3843; x_wconf 88' lang='lat' dir='ltr'><strong>deret,</strong></span> <span class='ocrx_word' id='word_1_490' title='bbox 773 3776 896 3831; x_wconf 89' lang='lat' dir='ltr'><strong>aliis</strong></span> <span class='ocrx_word' id='word_1_491' title='bbox 927 3776 1319 3847; x_wconf 74' lang='lat' dir='ltr'><strong>elarglentibus</strong></span> <span class='ocrx_word' id='word_1_492' title='bbox 1350 3777 1592 3841; x_wconf 87' lang='lat' dir='ltr'><strong>obolum,</strong></span> <span class='ocrx_word' id='word_1_493' title='bbox 1630 3776 1755 3831; x_wconf 91' lang='lat' dir='ltr'><strong>aliis</strong></span> <span class='ocrx_word' id='word_1_494' title='bbox 1800 3775 1984 3830; x_wconf 86' lang='lat' dir='ltr'><strong>vinum</strong></span> <span class='ocrx_word' id='word_1_495' title='bbox 2015 3789 2144 3845; x_wconf 84' lang='lat' dir='ltr'><strong>pro-</strong></span> 
     </span>
    </p>
   </div>
   <div class='ocr_carea' id='block_1_69' title="bbox 558 3865 2143 3936">
    <p class='ocr_par' dir='ltr' id='par_1_69' title="bbox 558 3865 2143 3936">
     <span class='ocr_line' id='line_1_69' title="bbox 558 3865 2143 3936; baseline -0.001 -15"><span class='ocrx_word' id='word_1_496' title='bbox 558 3866 895 3936; x_wconf 82' lang='lat' dir='ltr'><strong>piuantibus.</strong></span> <span class='ocrx_word' id='word_1_497' title='bbox 935 3870 1005 3922; x_wconf 82' lang='lat' dir='ltr'><strong>At</strong></span> <span class='ocrx_word' id='word_1_498' title='bbox 1050 3867 1140 3923; x_wconf 82' lang='lat' dir='ltr'><strong>ille</strong></span> <span class='ocrx_word' id='word_1_499' title='bbox 1188 3868 1427 3924; x_wconf 85' lang='lat' dir='ltr'><strong>instituti</strong></span> <span class='ocrx_word' id='word_1_500' title='bbox 1488 3867 1572 3921; x_wconf 91' lang='lat' dir='ltr'><strong>sui</strong></span> <span class='ocrx_word' id='word_1_501' title='bbox 1636 3876 1821 3931; x_wconf 82' lang='lat' dir='ltr'><strong>tenax,</strong></span> <span class='ocrx_word' id='word_1_502' title='bbox 1851 3881 1880 3920; x_wconf 92' lang='lat' dir='ltr'><strong>a</strong></span> <span class='ocrx_word' id='word_1_503' title='bbox 1924 3865 2143 3920; x_wconf 90' lang='lat' dir='ltr'><strong>nemine</strong></span> 
     </span>
    </p>
   </div>
   <div class='ocr_carea' id='block_1_70' title="bbox 560 3956 2140 4029">
    <p class='ocr_par' dir='ltr' id='par_1_70' title="bbox 560 3956 2140 4029">
     <span class='ocr_line' id='line_1_70' title="bbox 560 3956 2140 4029; baseline -0.001 -18"><span class='ocrx_word' id='word_1_504' title='bbox 560 3956 839 4026; x_wconf 85' lang='lat' dir='ltr'><strong>quidpiam</strong></span> <span class='ocrx_word' id='word_1_505' title='bbox 883 3957 1217 4029; x_wconf 86' lang='lat' dir='ltr'><strong>recipiebat,</strong></span> <span class='ocrx_word' id='word_1_506' title='bbox 1253 3956 1345 4013; x_wconf 88' lang='lat' dir='ltr'><strong>sed</strong></span> <span class='ocrx_word' id='word_1_507' title='bbox 1378 3967 1605 4013; x_wconf 86' lang='lat' dir='ltr'><strong>cunctos</strong></span> <span class='ocrx_word' id='word_1_508' title='bbox 1656 3971 1686 4011; x_wconf 90' lang='lat' dir='ltr'><strong>a</strong></span> <span class='ocrx_word' id='word_1_509' title='bbox 1736 3972 1797 4013; x_wconf 89' lang='lat' dir='ltr'><strong>se</strong></span> <span class='ocrx_word' id='word_1_510' title='bbox 1849 3956 2140 4027; x_wconf 85' lang='lat' dir='ltr'><strong>repellens,</strong></span> 
     </span>
    </p>
   </div>
   <div class='ocr_carea' id='block_1_71' title="bbox 556 4047 1676 4117">
    <p class='ocr_par' dir='ltr' id='par_1_71' title="bbox 556 4047 1676 4117">
     <span class='ocr_line' id='line_1_71' title="bbox 556 4047 1676 4117; baseline 0.002 -16"><span class='ocrx_word' id='word_1_511' title='bbox 556 4061 662 4117; x_wconf 89' lang='lat' dir='ltr'><strong>pro</strong></span> <span class='ocrx_word' id='word_1_512' title='bbox 683 4047 891 4105; x_wconf 81' lang='lat' dir='ltr'><strong>foribus</strong></span> <span class='ocrx_word' id='word_1_513' title='bbox 914 4049 1110 4105; x_wconf 66' lang='lat' dir='ltr'><strong>aedium</strong></span> <span class='ocrx_word' id='word_1_514' title='bbox 1152 4050 1469 4105; x_wconf 85' lang='lat' dir='ltr'><strong>considebat</strong></span> <span class='ocrx_word' id='word_1_515' title='bbox 1498 4049 1676 4104; x_wconf 89' lang='lat' dir='ltr'><strong>humi.</strong></span> 
     </span>
    </p>
   </div>
   <div class='ocr_carea' id='block_1_72' title="bbox 2249 3313 3822 3389">
    <p class='ocr_par' dir='ltr' id='par_1_72' title="bbox 2249 3313 3822 3389">
     <span class='ocr_line' id='line_1_72' title="bbox 2249 3313 3822 3389; baseline -0.004 -20"><span class='ocrx_word' id='word_1_516' title='bbox 2249 3332 2385 3378; x_wconf 70' lang='grc' dir='ltr'><strong>σας*</strong></span> <span class='ocrx_word' id='word_1_517' title='bbox 2442 3318 2493 3369; x_wconf 76' lang='grc' dir='ltr'><strong>οῖ</strong></span> <span class='ocrx_word' id='word_1_518' title='bbox 2559 3315 2653 3369; x_wconf 79' lang='grc' dir='ltr'><strong>οὖν</strong></span> <span class='ocrx_word' id='word_1_519' title='bbox 2713 3316 3057 3386; x_wconf 82' lang='grc' dir='ltr'><strong>γειτνιῶντες</strong></span> <span class='ocrx_word' id='word_1_520' title='bbox 3108 3316 3186 3389; x_wconf 84' lang='grc' dir='ltr'><strong>τῷ</strong></span> <span class='ocrx_word' id='word_1_521' title='bbox 3254 3316 3558 3387; x_wconf 80' lang='grc' dir='ltr'><strong>Ἐπιφανίῳ</strong></span> <span class='ocrx_word' id='word_1_522' title='bbox 3619 3316 3719 3368; x_wconf 79' lang='grc' dir='ltr'><strong>καὶ</strong></span> <span class='ocrx_word' id='word_1_523' title='bbox 3774 3313 3822 3365; x_wconf 82' lang='grc' dir='ltr'><strong>οἱ</strong></span> 
     </span>
    </p>
   </div>
   <div class='ocr_carea' id='block_1_73' title="bbox 2251 3405 3821 3480">
    <p class='ocr_par' dir='ltr' id='par_1_73' title="bbox 2251 3405 3821 3480">
     <span class='ocr_line' id='line_1_73' title="bbox 2251 3405 3821 3480; baseline -0.001 -21"><span class='ocrx_word' id='word_1_524' title='bbox 2251 3424 2323 3459; x_wconf 85' lang='grc' dir='ltr'><strong>πα</strong></span> <span class='ocrx_word' id='word_1_525' title='bbox 2334 3407 2563 3477; x_wconf 86' lang='grc' dir='ltr'><strong>ροδῖται,</strong></span> <span class='ocrx_word' id='word_1_526' title='bbox 2597 3407 2893 3477; x_wconf 80' lang='grc' dir='ltr'><strong>βλέποντες</strong></span> <span class='ocrx_word' id='word_1_527' title='bbox 2919 3409 3207 3480; x_wconf 75' lang='grc' dir='ltr'><strong>ἄνθρωπον</strong></span> <span class='ocrx_word' id='word_1_528' title='bbox 3238 3405 3693 3478; x_wconf 68' lang='grc' dir='ltr'><strong>γεγυμνωμένον,</strong></span> <span class='ocrx_word' id='word_1_529' title='bbox 3730 3407 3821 3459; x_wconf 79' lang='grc' dir='ltr'><strong>καὶ</strong></span> 
     </span>
    </p>
   </div>
   <div class='ocr_carea' id='block_1_74' title="bbox 2247 3497 3824 3572">
    <p class='ocr_par' dir='ltr' id='par_1_74' title="bbox 2247 3497 3824 3572">
     <span class='ocr_line' id='line_1_74' title="bbox 2247 3497 3824 3572; baseline -0.003 -19"><span class='ocrx_word' id='word_1_530' title='bbox 2247 3514 2321 3553; x_wconf 82' lang='grc' dir='ltr'><strong>πα</strong></span> <span class='ocrx_word' id='word_1_531' title='bbox 2332 3502 2806 3571; x_wconf 79' lang='grc' dir='ltr'><strong>ρατετραμμένον,</strong></span> <span class='ocrx_word' id='word_1_532' title='bbox 2835 3500 3251 3572; x_wconf 64' lang='grc' dir='ltr'><strong>συνὴθροίζοντο</strong></span> <span class='ocrx_word' id='word_1_533' title='bbox 3270 3501 3407 3571; x_wconf 79' lang='grc' dir='ltr'><strong>πρὸς</strong></span> <span class='ocrx_word' id='word_1_534' title='bbox 3442 3499 3627 3563; x_wconf 71' lang='grc' dir='ltr'><strong>αὑτὸν,</strong></span> <span class='ocrx_word' id='word_1_535' title='bbox 3649 3499 3751 3551; x_wconf 75' lang='grc' dir='ltr'><strong>καὶ</strong></span> <span class='ocrx_word' id='word_1_536' title='bbox 3778 3497 3824 3549; x_wconf 76' lang='grc' dir='ltr'><strong>οἱ</strong></span> 
     </span>
    </p>
   </div>
   <div class='ocr_carea' id='block_1_75' title="bbox 2249 3589 3822 3663">
    <p class='ocr_par' dir='ltr' id='par_1_75' title="bbox 2249 3589 3822 3663">
     <span class='ocr_line' id='line_1_75' title="bbox 2249 3589 3822 3663; baseline -0.002 -19"><span class='ocrx_word' id='word_1_537' title='bbox 2249 3592 2349 3662; x_wconf 85' lang='grc' dir='ltr'><strong>μὲν</strong></span> <span class='ocrx_word' id='word_1_538' title='bbox 2391 3592 2721 3663; x_wconf 76' lang='grc' dir='ltr'><strong>στεναγμοῖς</strong></span> <span class='ocrx_word' id='word_1_539' title='bbox 2771 3590 3025 3663; x_wconf 77' lang='grc' dir='ltr'><strong>ᾤμωζον,</strong></span> <span class='ocrx_word' id='word_1_540' title='bbox 3072 3592 3150 3663; x_wconf 84' lang='grc' dir='ltr'><strong>τῷ</strong></span> <span class='ocrx_word' id='word_1_541' title='bbox 3200 3592 3431 3662; x_wconf 79' lang='grc' dir='ltr'><strong>διαϐόλῳ</strong></span> <span class='ocrx_word' id='word_1_542' title='bbox 3460 3589 3669 3659; x_wconf 81' lang='grc' dir='ltr'><strong>καὶτῷ</strong></span> <span class='ocrx_word' id='word_1_543' title='bbox 3718 3589 3822 3642; x_wconf 80' lang='grc' dir='ltr'><strong>Σα-</strong></span> 
     </span>
    </p>
   </div>
   <div class='ocr_carea' id='block_1_76' title="bbox 2244 3682 3937 3758">
    <p class='ocr_par' dir='ltr' id='par_1_76' title="bbox 2244 3682 3937 3758">
     <span class='ocr_line' id='line_1_76' title="bbox 2244 3682 3937 3758; baseline -0.003 -20"><span class='ocrx_word' id='word_1_544' title='bbox 2244 3686 2383 3756; x_wconf 76' lang='grc' dir='ltr'><strong>τανᾷ</strong></span> <span class='ocrx_word' id='word_1_545' title='bbox 2436 3685 2966 3757; x_wconf 79' lang='grc' dir='ltr'><strong>καταρώμενοι,”ὃτι</strong></span> <span class='ocrx_word' id='word_1_546' title='bbox 3016 3686 3334 3758; x_wconf 81' lang='grc' dir='ltr'><strong>τηλικοῦτον</strong></span> <span class='ocrx_word' id='word_1_547' title='bbox 3381 3684 3551 3754; x_wconf 75' lang='grc' dir='ltr'><strong>ἄνδρα</strong></span> <span class='ocrx_word' id='word_1_548' title='bbox 3616 3682 3822 3751; x_wconf 80' lang='grc' dir='ltr'><strong>πορθή-</strong></span> <span class='ocrx_word' id='word_1_549' title='bbox 3936 3682 3937 3751; x_wconf 60' lang='grc' dir='ltr'>ξ</span> 
     </span>
    </p>
   </div>
   <div class='ocr_carea' id='block_1_77' title="bbox 2243 3776 3818 3851">
    <p class='ocr_par' dir='ltr' id='par_1_77' title="bbox 2243 3776 3818 3851">
     <span class='ocr_line' id='line_1_77' title="bbox 2243 3776 3818 3851; baseline -0.002 -21"><span class='ocrx_word' id='word_1_550' title='bbox 2243 3793 2343 3839; x_wconf 83' lang='grc' dir='ltr'><strong>σας</strong></span> <span class='ocrx_word' id='word_1_551' title='bbox 2380 3778 2493 3850; x_wconf 87' lang='grc'><strong>(77)</strong></span> <span class='ocrx_word' id='word_1_552' title='bbox 2529 3781 2869 3851; x_wconf 74' lang='grc' dir='ltr'><strong>κατῄσχυνεν</strong></span> <span class='ocrx_word' id='word_1_553' title='bbox 2892 3796 2906 3810; x_wconf 90' lang='grc'><strong>·</strong></span> <span class='ocrx_word' id='word_1_554' title='bbox 2939 3782 2989 3835; x_wconf 80' lang='grc' dir='ltr'><strong>οῖ</strong></span> <span class='ocrx_word' id='word_1_555' title='bbox 3030 3781 3087 3836; x_wconf 73' lang='grc' dir='ltr'><strong>δδ</strong></span> <span class='ocrx_word' id='word_1_556' title='bbox 3121 3780 3343 3843; x_wconf 74' lang='grc' dir='ltr'><strong>ὀϐολοὺς</strong></span> <span class='ocrx_word' id='word_1_557' title='bbox 3384 3778 3535 3850; x_wconf 83' lang='grc' dir='ltr'><strong>αὐτῷ</strong></span> <span class='ocrx_word' id='word_1_558' title='bbox 3584 3776 3818 3837; x_wconf 70' lang='grc' dir='ltr'><strong>ἐδίδουν,</strong></span> 
     </span>
    </p>
   </div>
   <div class='ocr_carea' id='block_1_78' title="bbox 2241 3864 3937 3945">
    <p class='ocr_par' dir='ltr' id='par_1_78' title="bbox 2241 3864 3937 3945">
     <span class='ocr_line' id='line_1_78' title="bbox 2241 3864 3937 3945; baseline 0.011 -24"><span class='ocrx_word' id='word_1_559' title='bbox 2241 3870 2291 3922; x_wconf 87' lang='grc' dir='ltr'><strong>οἱ</strong></span> <span class='ocrx_word' id='word_1_560' title='bbox 2315 3869 2372 3922; x_wconf 71' lang='grc' dir='ltr'><strong>δε</strong></span> <span class='ocrx_word' id='word_1_561' title='bbox 2402 3864 2569 3927; x_wconf 76' lang='grc' dir='ltr'><strong>οἶνον.</strong></span> <span class='ocrx_word' id='word_1_562' title='bbox 2593 3872 2846 3935; x_wconf 74' lang='grc' dir='ltr'><strong>Δύτὸςδὲ</strong></span> <span class='ocrx_word' id='word_1_563' title='bbox 2870 3872 2949 3945; x_wconf 82' lang='grc' dir='ltr'><strong>τῷ</strong></span> <span class='ocrx_word' id='word_1_564' title='bbox 2976 3873 3225 3945; x_wconf 76' lang='grc' dir='ltr'><strong>ιδεφεθει</strong></span> <span class='ocrx_word' id='word_1_565' title='bbox 3247 3874 3651 3945; x_wconf 66' lang='grc' dir='ltr'><strong>κρατούμενος.</strong></span> <span class='ocrx_word' id='word_1_566' title='bbox 3688 3868 3819 3937; x_wconf 58' lang='grc' dir='ltr'><strong>παρ’</strong></span> <span class='ocrx_word' id='word_1_567' title='bbox 3936 3864 3937 3945; x_wconf 69' lang='lat' dir='ltr'><strong>l</strong></span> 
     </span>
    </p>
   </div>
   <div class='ocr_carea' id='block_1_79' title="bbox 2242 3958 3821 4043">
    <p class='ocr_par' dir='ltr' id='par_1_79' title="bbox 2242 3958 3821 4043">
     <span class='ocr_line' id='line_1_79' title="bbox 2242 3958 3821 4043; baseline 0.003 -31"><span class='ocrx_word' id='word_1_568' title='bbox 2242 3960 2459 4043; x_wconf 75' lang='grc' dir='ltr'><strong>οὐδενός</strong></span> <span class='ocrx_word' id='word_1_569' title='bbox 2492 3980 2545 4016; x_wconf 91' lang='grc' dir='ltr'><strong>τι</strong></span> <span class='ocrx_word' id='word_1_570' title='bbox 2592 3964 2906 4033; x_wconf 68' lang='grc' dir='ltr'><strong>ἐκομίζετο,</strong></span> <span class='ocrx_word' id='word_1_571' title='bbox 2961 3967 3168 4030; x_wconf 81' lang='grc' dir='ltr'><strong>πάντας</strong></span> <span class='ocrx_word' id='word_1_572' title='bbox 3215 3964 3688 4037; x_wconf 74' lang='grc' dir='ltr'><strong>άποκρουόμενος,</strong></span> <span class='ocrx_word' id='word_1_573' title='bbox 3718 3958 3821 4029; x_wconf 73' lang='grc' dir='ltr'><strong>πρὸ</strong></span> 
     </span>
    </p>
   </div>
   <div class='ocr_carea' id='block_1_80' title="bbox 2244 4050 3243 4127">
    <p class='ocr_par' dir='ltr' id='par_1_80' title="bbox 2244 4050 3243 4127">
     <span class='ocr_line' id='line_1_80' title="bbox 2244 4050 3243 4127; baseline 0.007 -24"><span class='ocrx_word' id='word_1_574' title='bbox 2244 4050 2339 4104; x_wconf 80' lang='grc' dir='ltr'><strong>τοῦ</strong></span> <span class='ocrx_word' id='word_1_575' title='bbox 2368 4051 2619 4116; x_wconf 83' lang='grc' dir='ltr'><strong>πυλῶνος</strong></span> <span class='ocrx_word' id='word_1_576' title='bbox 2648 4053 3017 4125; x_wconf 80' lang='grc' dir='ltr'><strong>καθεζόμενος</strong></span> <span class='ocrx_word' id='word_1_577' title='bbox 3046 4055 3243 4127; x_wconf 75' lang='grc' dir='ltr'><strong>χαμαί.</strong></span> 
     </span>
    </p>
   </div>
   <div class='ocr_carea' id='block_1_81' title="bbox 1978 4211 2383 4272">
    <p class='ocr_par' dir='ltr' id='par_1_81' title="bbox 1978 4211 2383 4272">
     <span class='ocr_line' id='line_1_81' title="bbox 1978 4211 2383 4272; baseline 0.005 -3"><span class='ocrx_word' id='word_1_578' title='bbox 1978 4211 2207 4271; x_wconf 80' lang='lat' dir='ltr'><strong>CAPUT</strong></span> <span class='ocrx_word' id='word_1_579' title='bbox 2245 4214 2383 4272; x_wconf 84' lang='lat' dir='ltr'>VIII.</span> 
     </span>
    </p>
   </div>
   <div class='ocr_carea' id='block_1_82' title="bbox 702 4344 3683 4433">
    <p class='ocr_par' dir='ltr' id='par_1_82' title="bbox 702 4344 3683 4433">
     <span class='ocr_line' id='line_1_82' title="bbox 702 4344 3683 4433; baseline 0.003 -31"><span class='ocrx_word' id='word_1_580' title='bbox 702 4350 914 4402; x_wconf 79' lang='lat' dir='ltr'><strong>Arcana</strong></span> <span class='ocrx_word' id='word_1_581' title='bbox 941 4348 1178 4401; x_wconf 81' lang='lat' dir='ltr'><strong>cordium</strong></span> <span class='ocrx_word' id='word_1_582' title='bbox 1212 4344 1436 4401; x_wconf 65' lang='lat' dir='ltr'><strong>Andreae</strong></span> <span class='ocrx_word' id='word_1_583' title='bbox 1473 4346 1700 4401; x_wconf 76' lang='lat' dir='ltr'><strong>revelata</strong></span> <span class='ocrx_word' id='word_1_584' title='bbox 1754 4362 1934 4402; x_wconf 85' lang='lat' dir='ltr'><strong>coram</strong></span> <span class='ocrx_word' id='word_1_585' title='bbox 1965 4351 2258 4433; x_wconf 73' lang='lat' dir='ltr'><strong>Epiphanio</strong></span> <span class='ocrx_word' id='word_1_586' title='bbox 2289 4354 2506 4426; x_wconf 83' lang='lat' dir='ltr'><strong>ejusque</strong></span> <span class='ocrx_word' id='word_1_587' title='bbox 2560 4358 2803 4426; x_wconf 74' lang='lat' dir='ltr'><strong>famulis,</strong></span> <span class='ocrx_word' id='word_1_588' title='bbox 2834 4366 2880 4408; x_wconf 82' lang='lat' dir='ltr'><strong>el</strong></span> <span class='ocrx_word' id='word_1_589' title='bbox 2927 4354 3020 4409; x_wconf 74' lang='lat' dir='ltr'><strong>imi</strong></span> <span class='ocrx_word' id='word_1_590' title='bbox 3051 4356 3239 4409; x_wconf 73' lang='lat' dir='ltr'><strong>horum</strong></span> <span class='ocrx_word' id='word_1_591' title='bbox 3273 4356 3507 4419; x_wconf 69' lang='lat' dir='ltr'><strong>indicata</strong></span> <span class='ocrx_word' id='word_1_592' title='bbox 3529 4356 3683 4410; x_wconf 69' lang='lat' dir='ltr'><strong>illius</strong></span> 
     </span>
    </p>
   </div>
   <div class='ocr_carea' id='block_1_83' title="bbox 2045 4432 2322 4478">
    <p class='ocr_par' dir='ltr' id='par_1_83' title="bbox 2045 4432 2322 4478">
     <span class='ocr_line' id='line_1_83' title="bbox 2045 4432 2322 4478; baseline 0.011 -3"><span class='ocrx_word' id='word_1_593' title='bbox 2045 4432 2322 4478; x_wconf 69' lang='lat' dir='ltr'><strong>sanctitas.</strong></span> 
     </span>
    </p>
   </div>
   <div class='ocr_carea' id='block_1_84' title="bbox 631 4586 2222 4657">
    <p class='ocr_par' dir='ltr' id='par_1_84' title="bbox 631 4586 2222 4657">
     <span class='ocr_line' id='line_1_84' title="bbox 631 4586 2222 4657; baseline -0.003 -11"><span class='ocrx_word' id='word_1_594' title='bbox 631 4590 721 4646; x_wconf 84' lang='lat'><strong>57.</strong></span> <span class='ocrx_word' id='word_1_595' title='bbox 790 4588 1001 4643; x_wconf 88' lang='lat' dir='ltr'><strong>Interea</strong></span> <span class='ocrx_word' id='word_1_596' title='bbox 1076 4586 1225 4642; x_wconf 85' lang='lat' dir='ltr'><strong>adest</strong></span> <span class='ocrx_word' id='word_1_597' title='bbox 1280 4586 1599 4641; x_wconf 82' lang='lat' dir='ltr'><strong>adolescens</strong></span> <span class='ocrx_word' id='word_1_598' title='bbox 1666 4587 1910 4655; x_wconf 86' lang='lat' dir='ltr'><strong>quidam,</strong></span> <span class='ocrx_word' id='word_1_599' title='bbox 1944 4596 2222 4657; x_wconf 70' lang='lat' dir='ltr'><strong>natural)</strong></span> 
     </span>
    </p>
   </div>
   <div class='ocr_carea' id='block_1_85' title="bbox 562 4678 2143 4750">
    <p class='ocr_par' dir='ltr' id='par_1_85' title="bbox 562 4678 2143 4750">
     <span class='ocr_line' id='line_1_85' title="bbox 562 4678 2143 4750; baseline -0.002 -11"><span class='ocrx_word' id='word_1_600' title='bbox 562 4684 871 4744; x_wconf 88' lang='lat' dir='ltr'><strong>eunuchus,</strong></span> <span class='ocrx_word' id='word_1_601' title='bbox 906 4680 1177 4750; x_wconf 75' lang='lat' dir='ltr'><strong>magnatis</strong></span> <span class='ocrx_word' id='word_1_602' title='bbox 1217 4678 1452 4749; x_wconf 78' lang='lat' dir='ltr'><strong>alicujus</strong></span> <span class='ocrx_word' id='word_1_603' title='bbox 1492 4679 1886 4735; x_wconf 86' lang='lat' dir='ltr'><strong>cubicularius.</strong></span> <span class='ocrx_word' id='word_1_604' title='bbox 1942 4678 2143 4736; x_wconf 82' lang='lat' dir='ltr'><strong>Vultus</strong></span> 
     </span>
    </p>
   </div>
   <div class='ocr_carea' id='block_1_86' title="bbox 561 4770 2145 4842">
    <p class='ocr_par' dir='ltr' id='par_1_86' title="bbox 561 4770 2145 4842">
     <span class='ocr_line' id='line_1_86' title="bbox 561 4770 2145 4842; baseline -0.003 -10"><span class='ocrx_word' id='word_1_605' title='bbox 561 4776 612 4832; x_wconf 88' lang='lat' dir='ltr'><strong>ei</strong></span> <span class='ocrx_word' id='word_1_606' title='bbox 666 4773 892 4829; x_wconf 87' lang='lat' dir='ltr'><strong>rubebat</strong></span> <span class='ocrx_word' id='word_1_607' title='bbox 936 4771 1122 4827; x_wconf 91' lang='lat' dir='ltr'><strong>colore</strong></span> <span class='ocrx_word' id='word_1_608' title='bbox 1187 4785 1366 4838; x_wconf 83' lang='lat' dir='ltr'><strong>roseo,</strong></span> <span class='ocrx_word' id='word_1_609' title='bbox 1411 4770 1679 4825; x_wconf 87' lang='lat' dir='ltr'><strong>candebat</strong></span> <span class='ocrx_word' id='word_1_610' title='bbox 1733 4785 1935 4842; x_wconf 90' lang='lat' dir='ltr'><strong>corpus</strong></span> <span class='ocrx_word' id='word_1_611' title='bbox 1964 4772 2145 4836; x_wconf 86' lang='lat' dir='ltr'><strong>niveo,</strong></span> 
     </span>
    </p>
   </div>
   <div class='ocr_carea' id='block_1_87' title="bbox 561 4860 2143 4935">
    <p class='ocr_par' dir='ltr' id='par_1_87' title="bbox 561 4860 2143 4935">
     <span class='ocr_line' id='line_1_87' title="bbox 561 4860 2143 4935; baseline -0.005 -12"><span class='ocrx_word' id='word_1_612' title='bbox 561 4876 677 4923; x_wconf 89' lang='lat' dir='ltr'><strong>erat</strong></span> <span class='ocrx_word' id='word_1_613' title='bbox 706 4865 917 4935; x_wconf 87' lang='lat' dir='ltr'><strong>species</strong></span> <span class='ocrx_word' id='word_1_614' title='bbox 946 4862 1163 4926; x_wconf 89' lang='lat' dir='ltr'><strong>decora,</strong></span> <span class='ocrx_word' id='word_1_615' title='bbox 1194 4861 1373 4931; x_wconf 86' lang='lat' dir='ltr'><strong>capilli</strong></span> <span class='ocrx_word' id='word_1_616' title='bbox 1398 4860 1544 4925; x_wconf 86' lang='lat' dir='ltr'><strong>ﬂavi,</strong></span> <span class='ocrx_word' id='word_1_617' title='bbox 1587 4861 1841 4917; x_wconf 89' lang='lat' dir='ltr'><strong>mollities</strong></span> <span class='ocrx_word' id='word_1_618' title='bbox 1880 4878 1989 4916; x_wconf 90' lang='lat' dir='ltr'><strong>non</strong></span> <span class='ocrx_word' id='word_1_619' title='bbox 2021 4862 2143 4916; x_wconf 84' lang='lat' dir='ltr'><strong>vul-</strong></span> 
     </span>
    </p>
   </div>
   <div class='ocr_carea' id='block_1_88' title="bbox 562 4953 2136 5029">
    <p class='ocr_par' dir='ltr' id='par_1_88' title="bbox 562 4953 2136 5029">
     <span class='ocr_line' id='line_1_88' title="bbox 562 4953 2136 5029; baseline -0.004 -16"><span class='ocrx_word' id='word_1_620' title='bbox 562 4959 744 5029; x_wconf 76' lang='lat' dir='ltr'><strong>garis;</strong></span> <span class='ocrx_word' id='word_1_621' title='bbox 806 4956 1035 5010; x_wconf 81' lang='lat' dir='ltr'><strong>multum</strong></span> <span class='ocrx_word' id='word_1_622' title='bbox 1105 4954 1319 5009; x_wconf 89' lang='lat' dir='ltr'><strong>eminus</strong></span> <span class='ocrx_word' id='word_1_623' title='bbox 1372 4969 1593 5023; x_wconf 86' lang='lat' dir='ltr'><strong>quoque</strong></span> <span class='ocrx_word' id='word_1_624' title='bbox 1655 4969 1905 5009; x_wconf 87' lang='lat' dir='ltr'><strong>muscum</strong></span> <span class='ocrx_word' id='word_1_625' title='bbox 1936 4953 2136 5019; x_wconf 88' lang='lat' dir='ltr'><strong>olebat,</strong></span> 
     </span>
    </p>
   </div>
   <div class='ocr_carea' id='block_1_89' title="bbox 564 5044 2140 5115">
    <p class='ocr_par' dir='ltr' id='par_1_89' title="bbox 564 5044 2140 5115">
     <span class='ocr_line' id='line_1_89' title="bbox 564 5044 2140 5115; baseline -0.001 -14"><span class='ocrx_word' id='word_1_626' title='bbox 564 5049 817 5102; x_wconf 89' lang='lat' dir='ltr'><strong>mollibus</strong></span> <span class='ocrx_word' id='word_1_627' title='bbox 855 5046 1080 5100; x_wconf 89' lang='lat' dir='ltr'><strong>indutus</strong></span> <span class='ocrx_word' id='word_1_628' title='bbox 1143 5044 1503 5100; x_wconf 84' lang='lat' dir='ltr'><strong>vestimentis.</strong></span> <span class='ocrx_word' id='word_1_629' title='bbox 1560 5045 1698 5111; x_wconf 84' lang='lat' dir='ltr'><strong>Quia</strong></span> <span class='ocrx_word' id='word_1_630' title='bbox 1738 5060 1863 5101; x_wconf 88' lang='lat' dir='ltr'><strong>vero</strong></span> <span class='ocrx_word' id='word_1_631' title='bbox 1893 5060 1991 5115; x_wconf 92' lang='lat' dir='ltr'><strong>par</strong></span> <span class='ocrx_word' id='word_1_632' title='bbox 2021 5054 2140 5100; x_wconf 89' lang='lat' dir='ltr'><strong>erat</strong></span> 
     </span>
    </p>
   </div>
   <div class='ocr_carea' id='block_1_90' title="bbox 566 5119 2139 5207">
    <p class='ocr_par' dir='ltr' id='par_1_90' title="bbox 566 5119 2139 5207">
     <span class='ocr_line' id='line_1_90' title="bbox 566 5119 2139 5207; baseline 0.001 -17"><span class='ocrx_word' id='word_1_633' title='bbox 566 5119 865 5207; x_wconf 73' lang='lat' dir='ltr'><strong>Epiphanio</strong></span> <span class='ocrx_word' id='word_1_634' title='bbox 896 5146 1075 5201; x_wconf 68' lang='lat' dir='ltr'><strong>aetate,</strong></span> <span class='ocrx_word' id='word_1_635' title='bbox 1107 5144 1161 5190; x_wconf 92' lang='lat' dir='ltr'><strong>et</strong></span> <span class='ocrx_word' id='word_1_636' title='bbox 1183 5134 1463 5191; x_wconf 87' lang='lat' dir='ltr'><strong>domicilio</strong></span> <span class='ocrx_word' id='word_1_637' title='bbox 1489 5136 1735 5201; x_wconf 89' lang='lat' dir='ltr'><strong>vicinus,</strong></span> <span class='ocrx_word' id='word_1_638' title='bbox 1761 5146 1952 5192; x_wconf 89' lang='lat' dir='ltr'><strong>mutuo</strong></span> <span class='ocrx_word' id='word_1_639' title='bbox 1999 5138 2139 5199; x_wconf 84' lang='lat' dir='ltr'><strong>inter</strong></span> 
     </span>
    </p>
   </div>
   <div class='ocr_carea' id='block_1_91' title="bbox 561 5227 2139 5299">
    <p class='ocr_par' dir='ltr' id='par_1_91' title="bbox 561 5227 2139 5299">
     <span class='ocr_line' id='line_1_91' title="bbox 561 5227 2139 5299; baseline 0.003 -18"><span class='ocrx_word' id='word_1_640' title='bbox 561 5244 681 5283; x_wconf 80' lang='lat' dir='ltr'><strong>sese</strong></span> <span class='ocrx_word' id='word_1_641' title='bbox 738 5241 925 5281; x_wconf 89' lang='lat' dir='ltr'><strong>amore</strong></span> <span class='ocrx_word' id='word_1_642' title='bbox 957 5227 1450 5297; x_wconf 85' lang='lat' dir='ltr'><strong>prosequebantur.</strong></span> <span class='ocrx_word' id='word_1_643' title='bbox 1506 5227 1747 5284; x_wconf 86' lang='lat' dir='ltr'><strong>Habebat</strong></span> <span class='ocrx_word' id='word_1_644' title='bbox 1775 5244 1940 5299; x_wconf 88' lang='lat' dir='ltr'><strong>porro</strong></span> <span class='ocrx_word' id='word_1_645' title='bbox 1965 5245 2139 5285; x_wconf 89' lang='lat' dir='ltr'><strong>eunu-</strong></span> 
     </span>
    </p>
   </div>
   <div class='ocr_carea' id='block_1_92' title="bbox 562 5318 2135 5389">
    <p class='ocr_par' dir='ltr' id='par_1_92' title="bbox 562 5318 2135 5389">
     <span class='ocr_line' id='line_1_92' title="bbox 562 5318 2135 5389; baseline 0.004 -18"><span class='ocrx_word' id='word_1_646' title='bbox 562 5322 697 5373; x_wconf 87' lang='lat' dir='ltr'><strong>chus</strong></span> <span class='ocrx_word' id='word_1_647' title='bbox 734 5318 823 5373; x_wconf 89' lang='lat' dir='ltr'><strong>ille</strong></span> <span class='ocrx_word' id='word_1_648' title='bbox 846 5332 1012 5387; x_wconf 89' lang='lat' dir='ltr'><strong>penes</strong></span> <span class='ocrx_word' id='word_1_649' title='bbox 1041 5334 1096 5373; x_wconf 85' lang='lat' dir='ltr'><strong>se.</strong></span> <span class='ocrx_word' id='word_1_650' title='bbox 1118 5320 1387 5389; x_wconf 80' lang='lat' dir='ltr'><strong>dactylos,</strong></span> <span class='ocrx_word' id='word_1_651' title='bbox 1422 5320 1597 5375; x_wconf 89' lang='lat' dir='ltr'><strong>instar</strong></span> <span class='ocrx_word' id='word_1_652' title='bbox 1609 5320 1808 5375; x_wconf 81' lang='lat' dir='ltr'><strong>licuum</strong></span> <span class='ocrx_word' id='word_1_653' title='bbox 1833 5322 2135 5389; x_wconf 87' lang='lat' dir='ltr'><strong>aridarum,</strong></span> 
     </span>
    </p>
   </div>
   <div class='ocr_carea' id='block_1_93' title="bbox 565 5408 2138 5481">
    <p class='ocr_par' dir='ltr' id='par_1_93' title="bbox 565 5408 2138 5481">
     <span class='ocr_line' id='line_1_93' title="bbox 565 5408 2138 5481; baseline 0.003 -17"><span class='ocrx_word' id='word_1_654' title='bbox 565 5411 781 5464; x_wconf 87' lang='lat' dir='ltr'><strong>circiter</strong></span> <span class='ocrx_word' id='word_1_655' title='bbox 849 5408 1071 5481; x_wconf 73' lang='lat' dir='ltr'><strong>triginta</strong></span> <span class='ocrx_word' id='word_1_656' title='bbox 1140 5426 1413 5467; x_wconf 89' lang='lat' dir='ltr'><strong>numero:</strong></span> <span class='ocrx_word' id='word_1_657' title='bbox 1449 5424 1503 5470; x_wconf 87' lang='lat' dir='ltr'><strong>et</strong></span> <span class='ocrx_word' id='word_1_658' title='bbox 1550 5414 1722 5469; x_wconf 90' lang='lat' dir='ltr'><strong>oculis</strong></span> <span class='ocrx_word' id='word_1_659' title='bbox 1786 5415 1838 5468; x_wconf 90' lang='lat' dir='ltr'><strong>in</strong></span> <span class='ocrx_word' id='word_1_660' title='bbox 1890 5423 2138 5470; x_wconf 90' lang='lat' dir='ltr'><strong>sanctum</strong></span> 
     </span>
    </p>
   </div>
   <div class='ocr_carea' id='block_1_94' title="bbox 565 5502 2144 5577">
    <p class='ocr_par' dir='ltr' id='par_1_94' title="bbox 565 5502 2144 5577">
     <span class='ocr_line' id='line_1_94' title="bbox 565 5502 2144 5577; baseline 0.003 -18"><span class='ocrx_word' id='word_1_661' title='bbox 565 5502 758 5559; x_wconf 79' lang='lat' dir='ltr'><strong>vestitu</strong></span> <span class='ocrx_word' id='word_1_662' title='bbox 816 5504 1135 5561; x_wconf 87' lang='lat' dir='ltr'><strong>destitutum</strong></span> <span class='ocrx_word' id='word_1_663' title='bbox 1189 5506 1505 5574; x_wconf 87' lang='lat' dir='ltr'><strong>conversis,</strong></span> <span class='ocrx_word' id='word_1_664' title='bbox 1564 5508 1794 5563; x_wconf 91' lang='lat' dir='ltr'><strong>horrore</strong></span> <span class='ocrx_word' id='word_1_665' title='bbox 1861 5507 2144 5577; x_wconf 86' lang='lat' dir='ltr'><strong>perculsus</strong></span> 
     </span>
    </p>
   </div>
   <div class='ocr_carea' id='block_1_95' title="bbox 636 5662 2129 5735">
    <p class='ocr_par' dir='ltr' id='par_1_95' title="bbox 636 5662 2129 5735">
     <span class='ocr_line' id='line_1_95' title="bbox 636 5662 2129 5735; baseline 0.006 -22"><span class='ocrx_word' id='word_1_666' title='bbox 636 5662 747 5729; x_wconf 75' lang='lat'><strong>(76‘)</strong></span> <span class='ocrx_word' id='word_1_667' title='bbox 781 5662 854 5717; x_wconf 90' lang='lat' dir='ltr'><strong>Ita</strong></span> <span class='ocrx_word' id='word_1_668' title='bbox 911 5676 1174 5721; x_wconf 81' lang='lat' dir='ltr'><strong>consonat</strong></span> <span class='ocrx_word' id='word_1_669' title='bbox 1228 5676 1520 5735; x_wconf 86' lang='lat' dir='ltr'><strong>utrumque</strong></span> <span class='ocrx_word' id='word_1_670' title='bbox 1545 5682 1645 5721; x_wconf 92' lang='lat' dir='ltr'><strong>ms.</strong></span> <span class='ocrx_word' id='word_1_671' title='bbox 1674 5666 1773 5721; x_wconf 88' lang='lat' dir='ltr'><strong>Ubi</strong></span> <span class='ocrx_word' id='word_1_672' title='bbox 1806 5683 1937 5723; x_wconf 89' lang='lat' dir='ltr'><strong>vero</strong></span> <span class='ocrx_word' id='word_1_673' title='bbox 1968 5668 2018 5722; x_wconf 92' lang='lat' dir='ltr'><strong>id</strong></span> <span class='ocrx_word' id='word_1_674' title='bbox 2056 5668 2129 5722; x_wconf 87' lang='lat' dir='ltr'><strong>Ie-</strong></span> 
     </span>
    </p>
   </div>
   <div class='ocr_carea' id='block_1_96' title="bbox 2311 4590 3828 4665">
    <p class='ocr_par' dir='ltr' id='par_1_96' title="bbox 2311 4590 3828 4665">
     <span class='ocr_line' id='line_1_96' title="bbox 2311 4590 3828 4665; baseline -0.003 -18"><span class='ocrx_word' id='word_1_675' title='bbox 2311 4592 2411 4657; x_wconf 67' lang='lat' dir='ltr'><strong>vC&#39;.</strong></span> <span class='ocrx_word' id='word_1_676' title='bbox 2440 4590 2702 4663; x_wconf 75' lang='grc' dir='ltr'><strong>Ἐρχέταῑ</strong></span> <span class='ocrx_word' id='word_1_677' title='bbox 2722 4610 2803 4656; x_wconf 91' lang='grc' dir='ltr'><strong>τις</strong></span> <span class='ocrx_word' id='word_1_678' title='bbox 2828 4592 3128 4653; x_wconf 77' lang='grc' dir='ltr'><strong>νεανίσκος.</strong></span> <span class='ocrx_word' id='word_1_679' title='bbox 3152 4594 3217 4661; x_wconf 80' lang='grc' dir='ltr'><strong>τῇ</strong></span> <span class='ocrx_word' id='word_1_680' title='bbox 3243 4590 3401 4657; x_wconf 84' lang='grc' dir='ltr'><strong>φύσει</strong></span> <span class='ocrx_word' id='word_1_681' title='bbox 3427 4590 3708 4665; x_wconf 79' lang='grc' dir='ltr'><strong>εὐνοῦχος,</strong></span> <span class='ocrx_word' id='word_1_682' title='bbox 3736 4608 3828 4663; x_wconf 66' lang='grc' dir='ltr'><strong>με-</strong></span> 
     </span>
    </p>
   </div>
   <div class='ocr_carea' id='block_1_97' title="bbox 2240 4658 3937 4752">
    <p class='ocr_par' dir='ltr' id='par_1_97' title="bbox 2240 4658 3937 4752">
     <span class='ocr_line' id='line_1_97' title="bbox 2240 4658 3937 4752; baseline 0.001 -18"><span class='ocrx_word' id='word_1_683' title='bbox 2240 4658 2681 4750; x_wconf 42' lang='grc' dir='ltr'><strong>γιστάνου-τινδς</strong></span> <span class='ocrx_word' id='word_1_684' title='bbox 2713 4672 3001 4752; x_wconf 82' lang='grc' dir='ltr'><strong>τυγχάνων</strong></span> <span class='ocrx_word' id='word_1_685' title='bbox 3036 4658 3475 4752; x_wconf 73' lang='grc' dir='ltr'><strong>κουϐικουλάριος</strong></span> <span class='ocrx_word' id='word_1_686' title='bbox 3509 4697 3525 4712; x_wconf 92' lang='grc'><strong>·</strong></span> <span class='ocrx_word' id='word_1_687' title='bbox 3573 4658 3644 4751; x_wconf 63' lang='grc' dir='ltr'><strong>ἦν</strong></span> <span class='ocrx_word' id='word_1_688' title='bbox 3679 4658 3750 4737; x_wconf 36' lang='grc' dir='ltr'><strong>δὲ.</strong></span> <span class='ocrx_word' id='word_1_689' title='bbox 3771 4683 3827 4735; x_wconf 77' lang='grc' dir='ltr'><strong>τὸ</strong></span> 
     </span>
    </p>
   </div>
   <div class='ocr_carea' id='block_1_98' title="bbox 2247 4767 3824 4845">
    <p class='ocr_par' dir='ltr' id='par_1_98' title="bbox 2247 4767 3824 4845">
     <span class='ocr_line' id='line_1_98' title="bbox 2247 4767 3824 4845; baseline -0.002 -20"><span class='ocrx_word' id='word_1_690' title='bbox 2247 4773 2546 4845; x_wconf 83' lang='grc' dir='ltr'><strong>πρόσωπον</strong></span> <span class='ocrx_word' id='word_1_691' title='bbox 2573 4772 2741 4827; x_wconf 84' lang='grc' dir='ltr'><strong>αὐτοῦ</strong></span> <span class='ocrx_word' id='word_1_692' title='bbox 2772 4771 2849 4834; x_wconf 83' lang='grc' dir='ltr'><strong>ὡς</strong></span> <span class='ocrx_word' id='word_1_693' title='bbox 2864 4770 2924 4825; x_wconf 86' lang='grc' dir='ltr'><strong>τδ</strong></span> <span class='ocrx_word' id='word_1_694' title='bbox 2954 4770 3128 4841; x_wconf 73' lang='grc' dir='ltr'><strong>ῥόδον,</strong></span> <span class='ocrx_word' id='word_1_695' title='bbox 3156 4768 3252 4822; x_wconf 76' lang='grc' dir='ltr'><strong>καὶ</strong></span> <span class='ocrx_word' id='word_1_696' title='bbox 3279 4767 3472 4832; x_wconf 75' lang='grc' dir='ltr'><strong>λευκὸς</strong></span> <span class='ocrx_word' id='word_1_697' title='bbox 3506 4769 3585 4838; x_wconf 78' lang='grc' dir='ltr'><strong>τῷ</strong></span> <span class='ocrx_word' id='word_1_698' title='bbox 3607 4768 3824 4840; x_wconf 73' lang='grc' dir='ltr'><strong>σώματι</strong></span> 
     </span>
    </p>
   </div>
   <div class='ocr_carea' id='block_1_99' title="bbox 2246 4859 3826 4937">
    <p class='ocr_par' dir='ltr' id='par_1_99' title="bbox 2246 4859 3826 4937">
     <span class='ocr_line' id='line_1_99' title="bbox 2246 4859 3826 4937; baseline -0.008 -15"><span class='ocrx_word' id='word_1_699' title='bbox 2246 4866 2323 4929; x_wconf 81' lang='grc' dir='ltr'><strong>ὡς</strong></span> <span class='ocrx_word' id='word_1_700' title='bbox 2354 4866 2509 4937; x_wconf 82' lang='grc' dir='ltr'><strong>χιὼν,</strong></span> <span class='ocrx_word' id='word_1_701' title='bbox 2540 4864 2773 4935; x_wconf 75' lang='grc' dir='ltr'><strong>εὐειδὴς,</strong></span> <span class='ocrx_word' id='word_1_702' title='bbox 2792 4862 3102 4931; x_wconf 78' lang='grc' dir='ltr'><strong>ὲπίξανθος,</strong></span> <span class='ocrx_word' id='word_1_703' title='bbox 3129 4859 3390 4933; x_wconf 71' lang='grc' dir='ltr'><strong>βλακείαν</strong></span> <span class='ocrx_word' id='word_1_704' title='bbox 3418 4863 3478 4915; x_wconf 81' lang='grc' dir='ltr'><strong>οὗ</strong></span> <span class='ocrx_word' id='word_1_705' title='bbox 3509 4862 3611 4932; x_wconf 76' lang='grc' dir='ltr'><strong>τὴν</strong></span> <span class='ocrx_word' id='word_1_706' title='bbox 3632 4862 3826 4933; x_wconf 77' lang='grc' dir='ltr'><strong>τυχοῦ-</strong></span> 
     </span>
    </p>
   </div>
   <div class='ocr_carea' id='block_1_100' title="bbox 2245 4947 3825 5030">
    <p class='ocr_par' dir='ltr' id='par_1_100' title="bbox 2245 4947 3825 5030">
     <span class='ocr_line' id='line_1_100' title="bbox 2245 4947 3825 5030; baseline -0.003 -19"><span class='ocrx_word' id='word_1_707' title='bbox 2245 4974 2347 5012; x_wconf 87' lang='grc' dir='ltr'><strong>σαν</strong></span> <span class='ocrx_word' id='word_1_708' title='bbox 2378 4959 2740 5030; x_wconf 70' lang='grc' dir='ltr'><strong>κεκτημένος,</strong></span> <span class='ocrx_word' id='word_1_709' title='bbox 2772 4957 2972 5028; x_wconf 83' lang='grc' dir='ltr'><strong>μόσχου</strong></span> <span class='ocrx_word' id='word_1_710' title='bbox 2999 4947 3238 5027; x_wconf 82' lang='grc' dir='ltr'><strong>μήκοθεν</strong></span> <span class='ocrx_word' id='word_1_711' title='bbox 3268 4953 3510 5019; x_wconf 79' lang='grc' dir='ltr'><strong>ἀπόζων,</strong></span> <span class='ocrx_word' id='word_1_712' title='bbox 3544 4953 3825 5025; x_wconf 76' lang='grc' dir='ltr'><strong>μαλακοὺς</strong></span> 
     </span>
    </p>
   </div>
   <div class='ocr_carea' id='block_1_101' title="bbox 2244 5039 3825 5127">
    <p class='ocr_par' dir='ltr' id='par_1_101' title="bbox 2244 5039 3825 5127">
     <span class='ocr_line' id='line_1_101' title="bbox 2244 5039 3825 5127; baseline -0.001 -24"><span class='ocrx_word' id='word_1_713' title='bbox 2244 5049 2718 5122; x_wconf 58' lang='grc' dir='ltr'><strong>περιϐεϐλημένος</strong></span> <span class='ocrx_word' id='word_1_714' title='bbox 2758 5049 3030 5120; x_wconf 71' lang='grc' dir='ltr'><strong>χιτῶνας·</strong></span> <span class='ocrx_word' id='word_1_715' title='bbox 3069 5046 3158 5102; x_wconf 83' lang='grc' dir='ltr'><strong>διὰ</strong></span> <span class='ocrx_word' id='word_1_716' title='bbox 3188 5046 3246 5101; x_wconf 72' lang='grc' dir='ltr'><strong>δὲ</strong></span> <span class='ocrx_word' id='word_1_717' title='bbox 3270 5045 3333 5098; x_wconf 78' lang='grc' dir='ltr'><strong>τὸ</strong></span> <span class='ocrx_word' id='word_1_718' title='bbox 3362 5039 3503 5127; x_wconf 77' lang='grc' dir='ltr'><strong>εἶναι</strong></span> <span class='ocrx_word' id='word_1_719' title='bbox 3543 5046 3640 5101; x_wconf 70' lang='grc' dir='ltr'><strong>τὸν</strong></span> <span class='ocrx_word' id='word_1_720' title='bbox 3679 5048 3825 5101; x_wconf 70' lang='grc' dir='ltr'><strong>Ἐπι-</strong></span> 
     </span>
    </p>
   </div>
   <div class='ocr_carea' id='block_1_102' title="bbox 2247 5140 3822 5215">
    <p class='ocr_par' dir='ltr' id='par_1_102' title="bbox 2247 5140 3822 5215">
     <span class='ocr_line' id='line_1_102' title="bbox 2247 5140 3822 5215; baseline -0.001 -18"><span class='ocrx_word' id='word_1_721' title='bbox 2247 5142 2438 5211; x_wconf 83' lang='grc' dir='ltr'><strong>φάνιον</strong></span> <span class='ocrx_word' id='word_1_722' title='bbox 2472 5142 2815 5215; x_wconf 82' lang='grc' dir='ltr'><strong>συνομήλικα</strong></span> <span class='ocrx_word' id='word_1_723' title='bbox 2875 5140 3041 5195; x_wconf 82' lang='grc' dir='ltr'><strong>αὑτοῦ</strong></span> <span class='ocrx_word' id='word_1_724' title='bbox 3081 5140 3176 5194; x_wconf 82' lang='grc' dir='ltr'><strong>καὶ</strong></span> <span class='ocrx_word' id='word_1_725' title='bbox 3223 5140 3576 5209; x_wconf 78' lang='grc' dir='ltr'><strong>γειτνιάζειν,</strong></span> <span class='ocrx_word' id='word_1_726' title='bbox 3614 5140 3822 5212; x_wconf 78' lang='grc' dir='ltr'><strong>μεταξῦ</strong></span> 
     </span>
    </p>
   </div>
   <div class='ocr_carea' id='block_1_103' title="bbox 2246 5230 3824 5307">
    <p class='ocr_par' dir='ltr' id='par_1_103' title="bbox 2246 5230 3824 5307">
     <span class='ocr_line' id='line_1_103' title="bbox 2246 5230 3824 5307; baseline -0.002 -18"><span class='ocrx_word' id='word_1_727' title='bbox 2246 5235 2496 5306; x_wconf 81' lang='grc' dir='ltr'><strong>ἀλλήλων</strong></span> <span class='ocrx_word' id='word_1_728' title='bbox 2528 5231 2596 5307; x_wconf 78' lang='grc' dir='ltr'><strong>ἦν</strong></span> <span class='ocrx_word' id='word_1_729' title='bbox 2626 5235 2819 5304; x_wconf 84' lang='grc' dir='ltr'><strong>ἀγάπη</strong></span> <span class='ocrx_word' id='word_1_730' title='bbox 2854 5232 3046 5303; x_wconf 81' lang='grc' dir='ltr'><strong>πολλή.</strong></span> <span class='ocrx_word' id='word_1_731' title='bbox 3082 5232 3351 5303; x_wconf 82' lang='grc' dir='ltr'><strong>Κατεῖχεν</strong></span> <span class='ocrx_word' id='word_1_732' title='bbox 3373 5230 3465 5286; x_wconf 77' lang='grc' dir='ltr'><strong>οὖν</strong></span> <span class='ocrx_word' id='word_1_733' title='bbox 3493 5233 3522 5286; x_wconf 92' lang='lat'><strong>6</strong></span> <span class='ocrx_word' id='word_1_734' title='bbox 3550 5232 3824 5303; x_wconf 79' lang='grc' dir='ltr'><strong>Εὐνοῦχος</strong></span> 
     </span>
    </p>
   </div>
   <div class='ocr_carea' id='block_1_104' title="bbox 2243 5321 3819 5395">
    <p class='ocr_par' dir='ltr' id='par_1_104' title="bbox 2243 5321 3819 5395">
     <span class='ocr_line' id='line_1_104' title="bbox 2243 5321 3819 5395; baseline -0.003 -15"><span class='ocrx_word' id='word_1_735' title='bbox 2243 5328 2455 5391; x_wconf 76' lang='grc' dir='ltr'><strong>ἐκεῖνος</strong></span> <span class='ocrx_word' id='word_1_736' title='bbox 2506 5326 2757 5395; x_wconf 82' lang='grc' dir='ltr'><strong>φοίνικας</strong></span> <span class='ocrx_word' id='word_1_737' title='bbox 2796 5323 3048 5393; x_wconf 78' lang='grc' dir='ltr'><strong>καθάπερ</strong></span> <span class='ocrx_word' id='word_1_738' title='bbox 3097 5321 3319 5392; x_wconf 68' lang='grc' dir='ltr'><strong>ἰσχάδας</strong></span> <span class='ocrx_word' id='word_1_739' title='bbox 3358 5322 3438 5387; x_wconf 84' lang='grc' dir='ltr'><strong>ὠς</strong></span> <span class='ocrx_word' id='word_1_740' title='bbox 3480 5322 3819 5393; x_wconf 78' lang='grc' dir='ltr'><strong>τριάκοντα’</strong></span> 
     </span>
    </p>
   </div>
   <div class='ocr_carea' id='block_1_105' title="bbox 2244 5413 3819 5487">
    <p class='ocr_par' dir='ltr' id='par_1_105' title="bbox 2244 5413 3819 5487">
     <span class='ocr_line' id='line_1_105' title="bbox 2244 5413 3819 5487; baseline -0.003 -16"><span class='ocrx_word' id='word_1_741' title='bbox 2244 5420 2581 5487; x_wconf 83' lang='grc' dir='ltr'><strong>θεασάμενος</strong></span> <span class='ocrx_word' id='word_1_742' title='bbox 2602 5416 2699 5470; x_wconf 79' lang='grc' dir='ltr'><strong>οὖν</strong></span> <span class='ocrx_word' id='word_1_743' title='bbox 2724 5417 2815 5469; x_wconf 77' lang='grc' dir='ltr'><strong>τὸν</strong></span> <span class='ocrx_word' id='word_1_744' title='bbox 2836 5416 3021 5468; x_wconf 89' lang='grc' dir='ltr'><strong>Ὀσιον</strong></span> <span class='ocrx_word' id='word_1_745' title='bbox 3046 5413 3469 5486; x_wconf 72' lang='grc' dir='ltr'><strong>γεγυμνωμένον</strong></span> <span class='ocrx_word' id='word_1_746' title='bbox 3485 5413 3560 5486; x_wconf 82' lang='grc' dir='ltr'><strong>τῷ</strong></span> <span class='ocrx_word' id='word_1_747' title='bbox 3582 5415 3819 5486; x_wconf 81' lang='grc' dir='ltr'><strong>σώματι,</strong></span> 
     </span>
    </p>
   </div>
   <div class='ocr_carea' id='block_1_106' title="bbox 2244 5505 3817 5580">
    <p class='ocr_par' dir='ltr' id='par_1_106' title="bbox 2244 5505 3817 5580">
     <span class='ocr_line' id='line_1_106' title="bbox 2244 5505 3817 5580; baseline -0.003 -16"><span class='ocrx_word' id='word_1_748' title='bbox 2244 5512 2343 5565; x_wconf 75' lang='grc' dir='ltr'><strong>καὶ</strong></span> <span class='ocrx_word' id='word_1_749' title='bbox 2368 5510 2446 5580; x_wconf 83' lang='grc' dir='ltr'><strong>τῷ</strong></span> <span class='ocrx_word' id='word_1_750' title='bbox 2471 5510 2581 5562; x_wconf 81' lang='grc' dir='ltr'><strong>δέει</strong></span> <span class='ocrx_word' id='word_1_751' title='bbox 2615 5507 2850 5570; x_wconf 78' lang='grc' dir='ltr'><strong>ϐληθεὶς.</strong></span> <span class='ocrx_word' id='word_1_752' title='bbox 2872 5505 2931 5559; x_wconf 76' lang='grc' dir='ltr'><strong>τὸ</strong></span> <span class='ocrx_word' id='word_1_753' title='bbox 2960 5507 3191 5576; x_wconf 73' lang='grc' dir='ltr'><strong>πρᾶγμα</strong></span> <span class='ocrx_word' id='word_1_754' title='bbox 3217 5506 3506 5571; x_wconf 68' lang='grc' dir='ltr'><strong>ἐξενίζετο.</strong></span> <span class='ocrx_word' id='word_1_755' title='bbox 3545 5508 3647 5562; x_wconf 77' lang='grc' dir='ltr'><strong>καὶ</strong></span> <span class='ocrx_word' id='word_1_756' title='bbox 3685 5509 3817 5560; x_wconf 68' lang='grc' dir='ltr'><strong>ἑτι-ιον</strong></span> 
     </span>
    </p>
   </div>
   <div class='ocr_carea' id='block_1_107' title="bbox 2306 5668 3814 5743">
    <p class='ocr_par' dir='ltr' id='par_1_107' title="bbox 2306 5668 3814 5743">
     <span class='ocr_line' id='line_1_107' title="bbox 2306 5668 3814 5743; baseline 0.001 -20"><span class='ocrx_word' id='word_1_757' title='bbox 2306 5672 2417 5739; x_wconf 81' lang='grc'><strong>(77)</strong></span> <span class='ocrx_word' id='word_1_758' title='bbox 2445 5671 2543 5725; x_wconf 80' lang='lat' dir='ltr'><strong>Ms.</strong></span> <span class='ocrx_word' id='word_1_759' title='bbox 2587 5670 2757 5727; x_wconf 77' lang='lat' dir='ltr'><strong>Vatic.</strong></span> <span class='ocrx_word' id='word_1_760' title='bbox 2798 5671 3137 5743; x_wconf 82' lang='lat' dir='ltr'><strong>peregrinam</strong></span> <span class='ocrx_word' id='word_1_761' title='bbox 3206 5669 3294 5725; x_wconf 89' lang='lat' dir='ltr'><strong>bic</strong></span> <span class='ocrx_word' id='word_1_762' title='bbox 3337 5668 3571 5726; x_wconf 87' lang='lat' dir='ltr'><strong>habebat</strong></span> <span class='ocrx_word' id='word_1_763' title='bbox 3628 5682 3814 5725; x_wconf 70' lang='lat' dir='ltr'><strong>mecm</strong></span> 
     </span>
    </p>
   </div>
   <div class='ocr_carea' id='block_1_108' title="bbox 561 5735 2141 5812">
    <p class='ocr_par' dir='ltr' id='par_1_108' title="bbox 561 5735 2128 5812">
     <span class='ocr_line' id='line_1_108' title="bbox 561 5735 2128 5812; baseline 0.006 -27"><span class='ocrx_word' id='word_1_764' title='bbox 561 5737 698 5812; x_wconf 66' lang='lat' dir='ltr'><strong>gerit</strong></span> <span class='ocrx_word' id='word_1_765' title='bbox 740 5742 960 5812; x_wconf 77' lang='lat' dir='ltr'><strong>auctor,</strong></span> <span class='ocrx_word' id='word_1_766' title='bbox 999 5735 1114 5801; x_wconf 86' lang='lat' dir='ltr'><strong>ipse</strong></span> <span class='ocrx_word' id='word_1_767' title='bbox 1177 5737 1373 5792; x_wconf 90' lang='lat' dir='ltr'><strong>viderit</strong></span> <span class='ocrx_word' id='word_1_768' title='bbox 1411 5752 1555 5793; x_wconf 90' lang='lat' dir='ltr'><strong>:non</strong></span> <span class='ocrx_word' id='word_1_769' title='bbox 1618 5748 1797 5806; x_wconf 87' lang='lat' dir='ltr'><strong>putem</strong></span> <span class='ocrx_word' id='word_1_770' title='bbox 1859 5740 1910 5791; x_wconf 90' lang='lat' dir='ltr'><strong>iu</strong></span> <span class='ocrx_word' id='word_1_771' title='bbox 1955 5740 2128 5795; x_wconf 89' lang='lat' dir='ltr'><strong>sacris</strong></span> 
     </span>
    </p>
   </div>
   <div class='ocr_carea' id='block_1_109' title="bbox 2248 5735 2631 5812">
    <p class='ocr_par' dir='ltr' id='par_1_109' title="bbox 2248 5735 2631 5812">
     <span class='ocr_line' id='line_1_109' title="bbox 2248 5735 2631 5812; baseline 0.003 -17"><span class='ocrx_word' id='word_1_772' title='bbox 2248 5735 2631 5812; x_wconf 72' lang='grc' dir='ltr'><strong>πανερὲςρυνεν.</strong></span> 
     </span>
    </p>
   </div>
   <div class='ocr_carea' id='block_1_110' title="bbox 566 5804 803 5857">
    <p class='ocr_par' dir='ltr' id='par_1_110' title="bbox 566 5804 803 5857">
     <span class='ocr_line' id='line_1_110' title="bbox 566 5804 803 5857; baseline 0.013 -3"><span class='ocrx_word' id='word_1_773' title='bbox 566 5804 803 5857; x_wconf 81' lang='lat' dir='ltr'><strong>Litteris.</strong></span> 
     </span>
    </p>
   </div>
  </div>
