3982 6346
83 395 172 459 697

1209 384 1389 447 VITA
1434 380 1500 441 s.
1540 372 1872 438 Annum
1911 370 2103 432 san.

3201 356 3315 421 698

84 514 211 588 ρώτα
238 508 321 564 τὸν
358 504 676 576 Ἑπιφάνιον
716 504 892 573 λέγων
927 520 941 536 ο
989 500 1217 556 enecet
1253 517 1353 571 μου
1396 499 1492 553 καὶ
1531 512 1630 548 περ

1740 499 1788 543 et
1824 486 2106 546 insolentis
2131 484 2209 540 rei
2239 482 2532 538 novitatem
2564 490 2813 543 miratus,
2857 478 3317 548 percunctabatur

1740 581 1771 588 -
1814 582 1825 588 -
1871 581 1884 588 -
1984 581 1995 588 .
2125 579 2138 588 .
2385 576 2397 588 .
2439 576 2461 588 -
2514 573 2591 588 η..
2665 573 2698 588 ,.
2934 571 2947 588 .

80 604 325 675 ποθημένε
382 600 691 670 Ἑπιφάνιε,
743 600 826 664 τίς
859 598 969 669 ἄρα
1016 591 1172 661 οὗτός
1220 598 1368 650 ἐστιν
1409 613 1424 661 ;
1478 595 1628 659 τίνος

79 698 223 768 χάριν
250 691 483 763 παράγει
532 691 761 763 γυμνὸς,
806 690 1011 760 κρύους
1057 689 1337 760 ἀφορήτου
1384 686 1480 741 καὶ
1512 702 1626 757 χει-

77 790 236 857 μῶνος
265 783 596 855 ὑπάρχοντος
619 821 634 846 ,
688 780 785 836 καὶ
816 781 1009 852 ὥσπερ
1035 782 1087 835 oi
1136 782 1194 834 ὲν
1229 778 1476 853 θαλάσσῃ
1513 795 1631 833 κιν-

74 877 382 940 δυνεύοντες,
423 873 598 939 οὕτως
636 873 981 944 καθέστηκεν
1010 889 1026 939 ;
1072 872 1392 943 Ἐπιφάνιος
1420 866 1578 926 εἶπεν
1609 886 1627 905 ⁸

76 966 358 1023 Γλυκύτατὲ
392 983 495 1037 μου
525 965 745 1035 άδελφὲ,
786 966 840 1018 τί
896 981 976 1018 σοι
1011 963 1120 1035 ἔχω
1155 967 1333 1019 εἰπεῖν
1358 964 1500 1034 ὑπὲρ
1529 963 1628 1018 τοῦ

76 1060 400 1131 φαινομένου,
433 1060 534 1135 οὐκ
562 1060 860 1133 ἐπίσταμαι
884 1077 897 1093 ’
924 1059 1111 1131 ἐπειδὴ
1140 1055 1562 1131 ᾐχμαλώτευται
1594 1056 1631 1128 ἠ

69 1152 257 1207 διάνοια
317 1148 483 1203 αὑτοῦ
536 1150 642 1204 ὑπὸ
687 1149 781 1205 τοῦ
831 1152 1180 1220 πνεύματος,
1226 1148 1321 1203 καὶ
1375 1148 1631 1220 περιάγει

72 1239 439 1311 παρατραπεὶς
471 1242 593 1304 ταῖς
626 1242 822 1312 φρεσὶν
857 1241 1051 1313 ῶσπερ
1084 1242 1370 1314 πασχικῶς
1421 1259 1630 1314 πεφυρ-

72 1333 216 1401 μένος
240 1348 255 1365 ·
297 1332 500 1398 πάντες
528 1333 584 1387 δὲ
619 1336 667 1389 οί
695 1333 922 1388 τοιοῦτοι
948 1335 1336 1408 διαρῤήσουσιν
1367 1337 1466 1401 τάς
1498 1337 1631 1392 ἑαυ-

72 1422 170 1475 τῶν
192 1424 443 1493 χιτῶνας.
485 1426 579 1478 καὶ
630 1424 1089 1495 ἀναισθητοῦντες
1116 1427 1423 1499 τρέχουσιν.
1460 1428 1633 1483 Δελά-

70 1516 223 1585 ληκεν
252 1516 308 1572 δὲ
342 1517 519 1581 τοῦτο,
563 1517 637 1589 μὴ
680 1517 1004 1590 βουλόμενος
1038 1520 1343 1592 ἐκκαλύψαι
1370 1519 1469 1592 τὴν
1504 1524 1636 1593 ἀρε-

59 1608 271 1676 τὴντοῦ
313 1608 515 1693 Ὀσίου.
539 1609 724 1664 Ταῦτα
777 1610 1020 1678 ἀκούσας
1072 1596 1279 1677 ἐκεῖνος
1333 1614 1630 1687 ἡσύχαζεν,

70 1699 153 1751 καὶ
181 1697 369 1768 ὥσπερ
423 1699 629 1771 πένητα
676 1701 953 1774 οἰκτείρας
996 1701 1061 1767 ἃς
1103 1705 1350 1775 κατεῖχεν
1384 1705 1633 1773 φοίνικας

63 1789 219 1842 ἐδίδου
247 1789 326 1860 τῷ
358 1792 632 1863 Μακαρίῳ
657 1793 836 1862 λιγων
860 1810 875 1825 ·
898 1794 1058 1860 Δέξαι
1087 1796 1223 1860 τέως
1251 1796 1445 1860 ταῦτα,
1467 1799 1633 1850 Δἐπει-

1731 581 2092 651 Epiphanium
2125 579 2229 633 hoc
2274 576 2481 632 modo’:
2513 571 2872 628 Dilectissimo
2916 568 3323 624 desideratissz-

1732 688 1928 743 meque
1962 670 2253 742 Epiphani,
2290 667 2420 738 quid
2452 665 2630 723 istboc
2662 665 2878 721 tandem
2920 671 3003 716 est
3034 659 3317 714 heminis?

1732 763 2089 836 quamobrem
2113 762 2321 829 ,nudus
2375 759 2636 831 procedit,
2671 758 2872 827 frigore
2912 753 3207 825 prmsertim
3236 746 3319 805 in-

1731 856 1996 914 tolerabili
2034 864 2086 911 et
2114 862 2435 924 tempestate
2463 850 2817 910 szevientibus
2850 848 2874 902 ?
2917 845 3138 901 Nullum
3172 845 3315 899 inter

1731 950 1910 1017 ipsum
1942 956 1993 1003 et
2017 946 2384 1018 peticlitantes
2414 944 2465 998 in
2502 942 2639 998 mari
2671 941 2963 996 discrimen
3008 937 3314 993 intercedit.

1731 1039 1829 1096 Cui
1888 1037 2223 1110 Epiphanius
2257 1027 2718 1093 :Jucundissime
2770 1032 2958 1096 ft’ater,
3026 1029 3158 1101 quid
3221 1028 3347 1082 tibi.

1731 1148 1898 1204 super
1924 1132 2031 1201 his,
2055 1145 2177 1201 quas
2201 1128 2376 1186 oculis
2403 1136 2606 1198 patent,
2648 1125 2854 1189 dicam,
2890 1122 3141 1191 equidem
3166 1120 3320 1191 igno-

1733 1238 1828 1280 ro:
1853 1222 2160 1293 exagitante
2187 1230 2422 1275 mentem
2454 1218 2602 1274 illius
2619 1216 2812 1286 spiritu
2832 1253 2847 1278 .
2877 1227 3155 1281 eamquea
3184 1210 3315 1266 sede

1731 1331 1831 1371 sua
1882 1314 2191 1385 dejiciente,
2245 1320 2471 1383 vagatur
2496 1324 2606 1365 non
2634 1308 2794 1363 aliter
2838 1320 3002 1376 quant
3065 1304 3318 1358 insessus

1731 1422 1763 1463 a
1821 1407 2106 1462 daemone:
2144 1404 2397 1460 homines
2474 1409 2657 1457 autem
2715 1396 3025 1455 istiusmodi
3080 1396 3321 1451 lacerare

1732 1498 2055 1556 vestimenta
2097 1511 2220 1561 sua,
2280 1504 2335 1550 et
2385 1493 2592 1563 absque
2622 1491 2828 1562 pudore
2867 1496 2961 1546 aut
2990 1487 3319 1543 verecundia

1733 1591 1999 1648 cursitare
2049 1590 2247 1648 solent.
2278 1587 2355 1643 lta
2412 1584 2778 1657 Epiphanius,
2836 1592 2896 1643 ut
2953 1590 3022 1636 ne
3063 1578 3316 1633 virtutem

1736 1685 1837 1739 viri
1887 1684 2063 1740 sancti
2124 1682 2181 1738 in
2242 1680 2416 1736 lucem
2470 1674 3012 1749 proferret;qulbus
3047 1672 3322 1743 acquievit

1736 1775 2055 1839 eunuchus,
2108 1773 2474 1842 misertusque
2519 1766 2798 1833 Andreae,
2872 1765 2954 1822 uti
3023 1765 3317 1835 pauperis,

62 1882 117 1952 δὴ
150 1852 382 1935 ἐνταῦθα
414 1852 570 1937 οὐδέν
601 1852 791 1957 ἕτερον
821 1852 1042 1958 ἔχομεν.
1077 1887 1136 1941 '0
1173 1852 1230 1941 δὲ
1278 1852 1469 1952 Ὅσιος
1508 1906 1629 1941 νοε-

1740 1864 1980 1938 porrexit
2016 1879 2155 1935 quos
2192 1861 2428 1919 habebat
2462 1860 2730 1931 dactylos,
2754 1856 2845 1912 his
2873 1854 3074 1913 additis
3106 1852 3319 1908 verbis:

63 1972 178 2039 ρους
202 1972 520 2044 ὀφθαλμοὺς
549 1977 913 2059 κεκτημένος,
950 1978 1091 2048 ἔγνω
1123 1979 1188 2034 τά
1232 1979 1372 2050 ἔργα
1403 1980 1502 2051 τῆς
1526 1979 1633 2050 cllu-

61 2061 155 2131 χῆς
174 2063 368 2129 αὑτοῦ.
395 2066 489 2120 καὶ
519 2067 768 2141 βλοσυρῷ
788 2069 867 2140 τῷ
895 2071 1104 2141 δμματι
1128 2071 1338 2127 ἀπιδὼν
1361 2075 1439 2137 είς
1469 2073 1633 2127 αὑτὸν

55 2154 151 2225 ἔφη
187 2171 203 2187 ·
251 2157 442 2228 Δῶρον
473 2161 807 2229 κωλοφονίας
866 2164 915 2216 oi
959 2163 1117 2218 σαλοὶ
1173 2165 1276 2219 οὐκ
1336 2164 1632 2219 ἐσθίουσιν.

68 2246 487 2318 Ἀγνοήσαςοοῦν
517 2252 723 2316 ἐκεῖνος
750 2254 811 2308 τὸ
836 2255 1027 2326 λεχθὲν
1050 2255 1219 2328 αὐτῷ,
1254 2256 1358 2327 ἔφη
1385 2272 1400 2288 ·
1440 2257 1627 2327 ῐῐαρα-

57 2339 406 2411 τετραμμέινε
435 2340 522 2397 ἐπ’
566 2344 848 2415 ἀληθείας,
892 2348 1139 2415 φοίνικας
1180 2347 1417 2418 βλέπων,
1460 2346 1634 2400 κωλο-

54 2431 234 2499 φονίας
265 2432 420 2488 δοκεῖ
453 2451 535 2489 σοι
563 2435 737 2491 ταῦτα
773 2434 938 2492 εἶναι.

119 2626 223 2691 νην.
251 2622 421 2690 Λέγει
450 2619 597 2691 αύτῷ
621 2622 651 2675 ὁ
682 2619 969 2692 Μακάριος
990 2638 1007 2655 ο
1039 2621 1213 2690 Δόλιε,
1244 2624 1447 2680 ἄπελθε
1482 2630 1539 2681 ἐν
1568 2629 1646 2701 τῷ

48 2715 269 2769 κοιτῶνι
288 2713 388 2768 τοῦ
414 2713 632 2782 κυρίου,
654 2714 748 2768 καὶ
769 2703 1003 2784 ἐργάζου
1033 2714 1153 2787 μετ’
1169 2715 1336 2771 αὐτοῦ
1357 2718 1457 2790 τὴν
1478 2719 1644 2775 ἀσθέ-

46 2820 190 2856 νειαν
211 2803 328 2857 τῶν
363 2804 695 2874 Σοδομιτῶν,
748 2806 843 2861 καὶ
875 2807 1131 2864 ἐπιδώσει
1180 2827 1264 2865 σοι
1306 2814 1403 2877 καὶ
1440 2812 1636 2884 ἑτέρας

44 2893 302 2962 φοίνικας
330 2912 346 2927 ·
383 2895 723 2965 ταλαίπωρε,
741 2900 769 2951 ὀ
809 2899 885 2971 μὴ
916 2898 1131 2968 βλέπων
1155 2892 1255 2965 τὰς
1284 2902 1510 2966 άκτίνας
1534 2903 1636 2973 τῆς

44 2984 149 3037 τῶν
175 2986 443 3057 οὐρανῶν
478 2987 782 3058 βασιλείας,
809 2991 946 3065 ὁμὴ
984 2976 1108 3046 ἰδὼν
1143 2993 1243 3061 τῆς
1277 2992 1504 3065 γεέννης
1535 2996 1635 3066 τὴν

39 3077 357 3147 ἀγριότητα
394 3078 495 3149 τὴν
532 3079 870 3152 δριμυτάτην
893 3122 908 3145 ,
965 3082 1092 3137 οὔτε
1143 3084 1244 3138 κᾶν
1277 3086 1369 3139 τὸν
1406 3085 1636 3155 ἄγγελον

40 3171 277 3242 αἰσχύνῃ
302 3171 402 3226 τὶν
430 3171 684 3245 καθάπερ
724 3173 1040 3247 Χριστιανῷ
1074 3176 1474 3233 άκελουθοῦντά
1528 3193 1632 3230 σοι.

39 3260 103 3314 Τί
129 3254 214 3317 σοι
251 3264 374 3318 δέει
414 3265 690 3335 γενέσθαι,
719 3266 1021 3340 ἀκάθαρτε,
1059 3271 1117 3322 εν
1134 3271 1253 3332 ταῖς
1282 3269 1508 3339 γωνίαις
1533 3287 1637 3322 πα-

38 3356 323 3447 ρεδρεύων
358 3357 427 3410 τά
472 3358 546 3430 μὴ
588 3358 777 3413 δέοντα
820 3359 1221 3447 ἐργαζρμενος,
1259 3362 1405 3433 ἅπερ
1429 3362 1549 3416 οὐδὲ
1586 3363 1635 3415 οί

33 3446 221 3515 κύνες,
248 3448 408 3520 ἅπερ
432 3449 499 3503 τὰ
532 3451 739 3520 ἑρπετά
770 3457 863 3505 καὶ
889 3452 1062 3522 ὄφεις,
1094 3453 1239 3524 άπερ
1263 3453 1382 3506 οἱδὶ
1425 3454 1476 3506 oi
1499 3484 1504 3489 -
1526 3455 1638 3523 χοῖ-

36 3558 117 3610 ροι
151 3544 439 3613 πράττειν
462 3546 561 3597 οὐκ
595 3548 774 3600 ίσασιν
804 3560 819 3575 ·
857 3544 1023 3598 πόθεν
1058 3547 1345 3616 κατάρατε
1383 3545 1637 3617 μεμαθη-

32 3634 150 3698 κὼς
192 3636 386 3691 ταῦτα
436 3635 806 3708 κατεργάζεις
839 3637 976 3693 Οὐαὶ
1013 3640 1080 3709 τῇ
1126 3640 1192 3711 σῇ
1231 3639 1467 3709 νεότητι,
1504 3640 1570 3711 ἣν
1610 3640 1638 3692 δ

30 3728 293 3790 Σατανᾶς
343 3726 727 3798 παρατρώσας
782 3731 863 3791 είς
930 3729 1163 3799 φοϐερδν
1205 3730 1457 3801 πυθμένα
1493 3731 1635 3802 ᾅδου

31 3820 399 3893 σφοδροτάτῃ
420 3820 534 3889 τινὶ
561 3822 656 3874 καὶ
686 3820 900 3892 ἀπείρῳ
950 3822 1235 3891 ίταμότητι
1264 3825 1639 3893 κατεκρήμνιά

29 3927 146 3967 σεν,
190 3911 354 3981 Ὅρα
399 3909 494 3965 καὶ
536 3910 612 3982 μὴ
662 3911 997 3983 πορρωτέρω
1038 3912 1301 3982 πρόὸαινε
1339 3912 1472 3985 (79),
1509 3912 1636 3986 [μή

30 4018 167 4055 ποτε
211 4001 464 4064 δικαίως
498 4000 746 4073 θεηλάτῳ
782 4004 916 4073 πυρὶ
945 4004 1355 4068 καταναλωθεὶς
1385 4004 1638 4078 πρόωρον

23 4093 407 4166 ἀφαρπάζων
430 4110 523 4146 σου
550 4094 653 4165 τὴν
684 4094 934 4166 νεότητα,
969 4098 1065 4155 καὶ
1109 4095 1349 4151 ἐνταῦθα
1383 4096 1483 4167 μὲν
1531 4115 1642 4151 τοι-

24 4190 175 4261 ούτῳ
211 4184 514 4260 πρηστῆρι
536 4187 578 4261 ],
613 4189 821 4243 ἐκεῖθεν
857 4188 917 4243 δὲ
961 4190 1192 4261 γεέννης
1244 4190 1383 4262 πυρὶ
1426 4191 1641 4263 λυγρῶς

20 4279 427 4336 δλοκαυτώσει
455 4298 537 4336 σε.
566 4280 751 4334 Ταῦτα
788 4282 1027 4348 ἀκούσας
1047 4284 1254 4347 ἐκεῖνος
1285 4282 1525 4355 ἔφριξεν,
1564 4284 1641 4348 ὡς

22 4375 139 4445 πῦρ
154 4374 424 4445 γεγονὼς
453 4364 745 4443 πρόσωπον
763 4374 950 4441 αὑτοῦ,
977 4377 1070 4430 καὶ
1090 4376 1335 4449 ᾐσχύνθη
1369 4376 1640 4448 μεγάλως·

20 4472 200 4540 Λέγει
221 4464 332 4524 οὖν
389 4467 709 4536 Ἐπιφάνιος
765 4468 902 4541 πρὸς
937 4469 1137 4527 αὐτόν’
1176 4470 1242 4523 Τί
1275 4486 1358 4524 σοι
1402 4472 1640 4539 ἐγένετο,

1736 1961 1871 2019 Cum
1897 1958 2047 2015 aliud
2102 1957 2236 2012 mihi
2268 1954 2432 2019 modo
2465 1954 2518 2007 in
2554 1958 2805 2023 promptu
2863 1964 2970 2003 non
3014 1948 3109 2011 sit,
3136 1944 3323 2011 accipe

1738 2051 1972 2109 h:rc.At
2033 2049 2291 2110 Sanctus.
2357 2048 2559 2101 mentis
2615 2041 2792 2099 oculis
2815 2040 3079 2096 interiora
3139 2036 3321 2091 cordis

1735 2145 1878 2200 illius
1909 2143 2232 2214 pervadens,
2268 2144 2533 2209 torvoque
2564 2137 2618 2192 in
2646 2134 2923 2189 hominem
2956 2131 3103 2186 vultu
3156 2129 3321 2183 intui-
3358 2171 3363 2175 .

1735 2250 1861 2293 tus:
1892 2235 2072 2303 Ficos,
2116 2233 2314 2303 inquit,
2363 2245 2471 2285 non
2532 2226 2825 2283 comedunt
2884 2222 3084 2279 insani.
3147 2219 3319 2290 Cujus

1735 2328 1864 2384 dicti
1918 2326 2191 2395 energiam
2227 2340 2335 2378 non
2397 2328 2683 2378 assecutus
2721 2318 2857 2372 alter
2887 2314 3001 2388 (78)
3032 2328 3047 2366 :
3089 2312 3318 2374 lievcra,

1739 2420 1937 2490 inquit,
1990 2419 2219 2474 insanus
2249 2400 2327 2480 es,
2355 2414 2448 2486 qui
2478 2428 2601 2468 cum
2629 2410 2877 2481 dactylos
2922 2407 3099 2470 vides,
3137 2405 3323 2459 videro

1738 2524 1787 2567 te
1819 2513 1956 2569 tleos
1980 2510 2285 2568 arbitraris.

1811 2651 1902 2707 58.
1928 2652 2068 2706 Tum
2104 2650 2167 2703 Β.
2202 2646 2447 2704 Andreas
2476 2665 2491 2703 :
2522 2644 2838 2716 Versipcllis
2857 2686 2873 2709 ,
2903 2658 3074 2715 apage
3104 2642 3231 2699 hinc
3253 2641 3324 2698 ad

1737 2743 1996 2800 conclave
2047 2740 2253 2797 domini
2287 2741 2385 2803 tui,
2422 2754 2547 2794 cum
2583 2736 2701 2809 ipso
2755 2737 2951 2793 sceleri
2986 2735 3323 2791 Sodomitico

1735 2853 1956 2908 operam
1993 2836 2262 2900 daturus,
2292 2844 2346 2890 et
2390 2824 2699 2888 aliOsetiam
2738 2831 2835 2885 tibi
2858 2829 3105 2903 dactylos
3126 2845 3323 2899 suppe-

1735 2929 1948 2985 ditabit.
1986 2929 2027 2981 Ο
2056 2937 2105 2982 te
2132 2926 2391 2981 miserum
2427 2925 2440 2978 !
2486 2923 2576 2993 qui
2610 2924 2673 2977 ad
2708 2920 3165 2991 fulgentissimam
3211 2934 3323 2975 c02-

1737 3021 1890 3075 lestis
1942 3018 2093 3089 regni
2153 3017 2331 3072 lucem
2372 3005 2633 3078 “caic'utls,
2667 3010 2761 3082 qui
2815 3010 3191 3065 crudelissima
3232 3024 3321 3079 ges

1740 3112 1931 3167 henna:
1955 3118 2224 3166 tormenta
2259 3095 2368 3161 nun
2398 3104 2637 3176 cogitas,
2666 3103 2759 3173 qui
2792 3102 2968 3173 angeli
3019 3111 3106 3164 te,
3138 3107 3327 3169 utpute

1662 3235 1704 3291 ς
1739 3198 2135 3265 Christianum,
2165 3194 2481 3251 comitantis
2537 3190 2844 3249 reverentia
2868 3205 2976 3245 non
3009 3203 3327 3258 compesce—

1739 3291 1837 3347 ris.
1894 3288 2033 3355 Quid
2074 3283 2440 3341 metuendum
2498 3282 2597 3337 tibi
2646 3289 2750 3345 est,
2805 3279 3055 3343 sceleste,
3110 3292 3235 3331 cum
3269 3276 3326 3331 in

1737 3380 1968 3452 angulos
2015 3377 2364 3447 latebrasque
2409 3382 2467 3431 te
2524 3371 2712 3437 abdis,
2765 3371 2861 3426 illa
2928 3367 3329 3425 commissurus

1737 3473 1961 3543 ﬂagitia,
1997 3487 2116 3541 quae
2145 3470 2310 3525 etiam
2337 3481 2525 3547 canes,
2562 3480 2684 3537 qua:
2700 3471 2978 3535 serpentes
3006 3470 3063 3518 et
3094 3474 3325 3530 angues,

1698 3600 1701 3603 -
1738 3578 1860 3635 quae
1883 3561 1991 3633 ipsi
2031 3569 2085 3617 et
2129 3559 2281 3631 porci
2298 3566 2518 3629 patrare
2539 3550 3113 3617 exborrescuntiQuo
3137 3550 3329 3605 isthmc

1744 3647 2418 3728 prmceptore’didicisti?
2466 3648 2558 3703 Va:
2604 3644 3131 3721 adolescentizetuae,
3162 3657 3327 3711 quam

1742 3746 1974 3802 Satanas
2027 3743 2224 3797 misere
2270 3738 2590 3795 vulneribus
2661 3736 2936 3792 concisam
2984 3734 3040 3789 in
3084 3731 3331 3788 terribile

1742 3836 1938 3892 inferni
1964 3834 2303 3899 barathrum,
2334 3830 2818 3889 vehementissimo
2851 3844 2975 3885 cum
3024 3827 3230 3901 impetu
3262 3837 3352 3886 ac‘

1743 3929 2025 3992 violentia,
2087 3926 2422 3998 praecipitem
2482 3924 2650 3981 dedit.
2682 3923 3049 3991 Quamobrem
3102 3924 3330 3980 consule

1743 4021 1906 4077 rebus
1966 4020 2097 4086 tuis,
2148 4033 2251 4075 nec
2310 4033 2476 4090 porro
2544 4033 2727 4089 perge,
2779 4031 2849 4073 ne
2882 4016 3020 4073 forte
3065 4011 3330 4074 divinitus

1748 4110 2169 4181 superveniente
2202 4110 2326 4181 igne
2353 4116 2729 4177 consumptus,
2768 4106 2832 4166 in,
2867 4105 3171 4177 iuventutis
3200 4104 3332 4160 ﬂore

1742 4203 2011 4259 auferaris
2043 4240 2060 4267 ,
2088 4201 2277 4271 sicque
2307 4200 2396 4255 hic
2428 4199 2588 4267 lgneo
2620 4198 2855 4265 turbine,
2890 4198 3015 4254 istic
3054 4213 3186 4254 vero
3215 4197 3333 4253 vio~

1746 4296 1909 4351 lentia
1941 4294 2139 4350 inferni
2195 4293 2416 4349 ﬂamma
2476 4293 2684 4349 misere
2738 4291 3103 4348 comburaris.
3127 4290 3329 4365 Audita

1748 4392 1851 4444 hac
1906 4388 2129 4444 salutari
2188 4386 2561 4445 admonitione
2598 4423 2617 4451 ,
2650 4394 2796 4441 totus
2835 4384 3109 4440 inhorruit
3151 4385 3334 4438 Eunu-

1747 4482 1927 4545 chus,
1972 4489 2048 4547 et,
2090 4479 2523 4536 excandescente
2577 4478 2636 4533 in
2693 4477 2914 4533 modum
2953 4478 3095 4548 ignis
3146 4476 3329 4542 facie,

20 4566 197 4637 κύριε
240 4582 364 4637 μου
404 4564 596 4637 γνήσιε
633 4563 792 4635 φίλε,
824 4564 969 4629 τίνος
996 4566 1161 4637 χάριν
1204 4565 1525 4637 διετράπης,
1568 4565 1636 4629 ὼς

1753 4575 2123 4644 maximopere
2143 4571 2406 4629 confusus
2431 4579 2536 4628 est.
2574 4571 2755 4639 Quare
2786 4570 2871 4639 ad,
2892 4572 3071 4643 ipsum
3100 4571 3337 4642 Epipha-

21 4660 145 4731 πῦρ
178 4655 452 4730 γεγονὼς
477 4656 539 4709 τὸ
574 4656 866 4727 πρόσωπόν
896 4674 991 4711 σου
1025 4674 1041 4722 ;
1075 4656 1289 4713 Οὐκοῦν
1318 4657 1521 4729 εἴρηκά
1560 4674 1636 4711 σοι

1753 4667 1881 4723 nius
1918 4666 2101 4733 :Quid
2152 4666 2272 4728 tibi.
2325 4664 2549 4721 domine
2598 4673 2652 4719 et
2714 4662 2887 4719 amice
2937 4662 3134 4729 ﬁdelis,
3155 4662 3337 4717 evenit

20 4749 212 4803 ταῦτα
248 4765 268 4815 ;
304 4746 502 4816 ἐπειδὴ
551 4746 606 4798 εἴ
648 4764 702 4800 τι
738 4746 957 4817 φθάσει,
999 4746 1210 4833 λαλεϊδ
1249 4764 1636 4818 παρατετραμ-

1752 4757 1874 4812 rei?
1919 4752 2035 4813 Cur
2081 4764 2290 4811 mutata
2337 4757 2503 4812 [acies
2537 4748 2626 4809 tua
2656 4751 3026 4831 inﬂammatur
3069 4762 3129 4806 ut
3157 4749 3339 4821 ignis?

20 4844 203 4913 μένος
239 4858 269 4909 ;-
305 4838 486 4911 Πλὴν,
516 4839 769 4910 άγαπητέ
805 4858 909 4910 μου
939 4841 997 4893 ἐν
1026 4828 1236 4911 Κυρίῳ,
1260 4841 1417 4911 εἴπερ
1461 4839 1636 4895 σύνοι-

1751 4848 1945 4905 Nonne
1974 4848 2047 4904 ita
2100 4848 2324 4919 pradixi
2355 4849 2472 4912 tibi,
2509 4844 2659 4915 quod
2697 4844 2745 4898 si
2774 4828 2905 4914 quid
2947 4850 3236 4899 assecutus
3265 4839 3336 4895 sit

19 4937 121 4999 δάε
154 4954 214 4990 τι
254 4932 385 4990 ἀπὸ
414 4932 525 4987 τῶν
558 4933 660 5005 ήδη
693 4930 786 4986 ὑπ’
820 4931 985 4987 αὐτοῦ
1012 4933 1311 5006 ῥηθέντων,
1347 4934 1636 5004 πορευθεὶς

1748 4950 1931 4997 mente
1962 4949 2155 5012 captus
2188 4940 2543 5009 insessusque
2577 4952 2609 4992 a
2628 4937 2896 5003 daemone,
2927 4936 2982 4991 id
3006 4938 3059 4988 in
3089 4933 3329 4987 medium

19 5029 245 5100 ὕπαγε,
285 5026 401 5082 καὶ
423 5027 648 5081 σεαυτὸν
669 5028 748 5093 είς
774 5026 1063 5096 διόρθωσιν
1088 5027 1314 5096 Magni
1338 5027 1415 5100 μὴ
1445 5028 1636 5100 ἁηδιά-

1748 5030 2027 5103 proferat?
2077 5031 2234 5087 Nunc
2282 5029 2483 5102 igitur,
2503 5027 2789 5085 carissime
2860 5026 2914 5080 in
2972 5024 3245 5088 Domino,
3287 5022 3335 5078 si

19 5124 116 5187 ζου
152 5121 265 5178 ἐπὶ
287 5121 416 5184 τοῖς
436 5118 617 5189 λδγοις
640 5135 657 5153 ο
694 5119 815 5183 νέος
846 5120 959 5191 γὰρ
987 5115 1041 5174 εί
1067 5121 1163 5174 καὶ
1184 5112 1490 5193 τρυφερὸς,
1543 5123 1636 5177 καὶ

1750 5124 2053 5197 cujuspiam
2083 5123 2325 5191 illorum,
2365 5138 2488 5194 quae
2516 5121 2632 5193 ipse
2654 5120 2871 5176 locutus
2897 5126 3014 5188 est,
3077 5113 3336 5174 conscius

89 5321 221 5405 (78)
259 5316 418 5405 {iota
441 5328 556 5405 est,
584 5318 881 5405 nequcihic
919 5318 1106 5405 iusius
1147 5322 1490 5405 explicanda,
1519 5322 1648 5405 licet

19 5394 163 5449 satis
202 5390 298 5446 ad
340 5403 466 5463 [em
498 5392 799 5463 pertinens,
826 5390 1155 5463 ambiguitas
1188 5390 1643 5463 signiﬁcationis,

20 5480 69 5516 ιιι
120 5476 278 5517 voce
348 5456 542 5533 Latina
577 5461 733 5529 ﬁcus,
766 5462 843 5533 uti
885 5472 939 5516 et
963 5456 1016 5515 in
1062 5456 1439 5533 ϐτωοὰσυκῆ.
1482 5456 1646 5520 Eam:-

20 5533 151 5605 dent
185 5542 365 5605 esse
425 5529 485 5605 in
527 5544 662 5605 voce
713 5531 1027 5605 κολοφωνία
1076 5535 1192 5591 sive
1227 5535 1310 5604 (ut
1335 5529 1424 5590 hic
1454 5546 1645 5605 argute

19 5596 342 5674 scribitur)
388 5600 713 5674 κωλοφονία,
767 5596 877 5659 non
945 5602 1122 5659 habeo
1164 5596 1417 5660 auctores
1438 5596 1641 5674 quibus

19 5672 271 5751 probem
312 5669 495 5751 :_sed_
528 5674 794 5751 quoniam
835 5674 971 5751 licus
993 5674 1188 5751 __albas
1218 5669 1513 5751 nigrasque
1545 5691 1640 5751 nq-

19 5739 242 5814 νιωυε,
303 5739 407 5814 vix
449 5739 669 5814 ldubitoA
705 5742 837 5811 quin
880 5739 1078 5799 "similis
1108 5744 1250 5814 apud
1276 5739 1499 5812 :Gtaacos
1531 5745 1639 5800 dif-

19 5810 282 5871 lcrc‘ntia
312 5808 506 5880 fuerit;
540 5823 594 5869 ct
627 5811 705 5869 sic
726 5808 1066 5885 Κολοφωνία,
1099 5808 1478 5884 dicantureae,
1514 5830 1634 5890 qua:
1664 5860 1667 5863 .

1745 5315 1982 5395 colorem
2016 5308 2219 5380 habent
2255 5322 2605 5395 Colophonis:
2659 5321 2858 5379 resinae
2905 5335 3004 5377 seu
3033 5319 3194 5395 picis,
3254 5319 3334 5395 ei:

1745 5394 2013 5476 tharoadis
2045 5404 2210 5478 nptae.
2252 5395 2368 5477 Dixi
2392 5391 2580 5478 autem
2607 5401 2973 5478 com‘mnutatas
3003 5392 3241 5472 vocales,
3266 5391 3335 5445 ad

1745 5464 1923 5532 ipsum
1955 5466 2098 5535 quod
2156 5467 2403 5537 arguitur
2432 5464 2653 5527 vitium,
2688 5472 2744 5519 et
2772 5464 2904 5517 ﬁcos
2950 5476 3049 5516 seu
3074 5464 3337 5515 mariscas

1747 5534 1882 5607 illud
1920 5547 2322 5607 consequentes
2342 5535 2785 5607 exprimendum,
2824 5534 3023 5607 scienti
3048 5530 3197 5603 quod
3222 5530 3335 5583 κῶ-

1746 5605 1837 5670 λος
1865 5614 2056 5676 podex,
2084 5605 2268 5673 φόνιος
2295 5606 2529 5674 lethifer,
2569 5605 2815 5659 mortalis
2855 5606 2948 5659 sit.

1815 5670 1928 5747 (79)
1961 5670 2059 5731 Ms)
2089 5670 2261 5731 Vatic.
2301 5670 2524 5748 μήποτε
2553 5676 2796 5748 δικαίως
2843 5691 2905 5727 σε
2936 5674 3015 5745 τῷ
3039 5672 3169 5748 θείῳ
3190 5670 3328 5748 χρήτ

1744 5741 1872 5817 σητε
1906 5741 2134 5816 θεῖλάτῳ
2165 5748 2273 5800 τινὶ
2286 5741 2443 5818 ποίνῇ
2463 5746 2757 5813 ἐξέλκουσα
2782 5748 2848 5816 τῇ
2881 5748 2948 5817 σῇ
2978 5741 3206 5815 νεότητα
3233 5741 3328 5794 καὶ

1741 5818 1891 5873 ἐνδεν
1909 5820 2007 5889 μὲν
2026 5820 2408 5889 παριστῆρσιν.
