4086 6344
259 338 365 405 217

992 339 1616 407 ANTIRRHETICUS
1651 341 1675 400 Ι
1718 339 1884 402 ADV.
1925 344 2521 410 CONSTANTINUM
2557 344 2772 406 COPR.
2814 402 2817 405 λ

3408 346 3517 414 iiii

259 457 681 528 ἅρηρεισμένοις
709 454 768 510 τδ
815 446 1085 520 σώζεσθάι
1122 454 1485 527 περιγίνεται,
1536 454 1833 507 ἀπαναινὸι

1941 460 2197 529 contingit
2222 461 2358 531 (ll).
2380 460 2546 515 Fictis
2569 468 2748 512 autem
2788 456 3093 524 hujusmodi
3131 458 3310 512 verbis
3337 474 3517 516 mores

259 565 445 619 μενος.
479 548 899 620 Καταγοητεύει
949 549 1004 602 δὲ
1056 552 1172 612 τοῖς
1220 549 1580 610 ἐπιπλάστοις
1625 547 1836 617 ῥήμασι

256 640 477 704 τούτοις
527 640 636 694 τῶν
674 641 1045 713 ἀκροωμένων
1071 641 1139 693 τά
1173 641 1300 711 ἢθη,
1324 641 1398 703 ὡς
1430 640 1495 693 ἂν
1518 639 1718 700 αὐτοὺς
1749 637 1838 689 διὰ

258 729 468 785 τούτων
502 732 885 800 ἐπαγαγέσθαι
923 731 1224 802 δυνήσοιτο.
1274 731 1555 784 Ἐντεῦθεν
1602 730 1838 792 ἀστείως

257 839 345 884 τις
378 822 523 892 μάλα
549 825 643 876 καὶ
682 824 1067 895 ἐμμελέστατα
1102 825 1464 892 ἀποφανεῖται
1497 820 1851 901 πληροεσθαι.

259 913 354 966 ἐπ’
417 915 569 984 αὐτῷ
619 917 805 970 ἐκεῖνα
860 915 924 988 δὴ
983 916 1051 968 τά
1113 916 1236 984 ἱερὰ
1286 916 1443 984 λόγια
1514 914 1835 984 φάσκοντα.’

260 1006 446 1073 Balli;
488 1007 901 1075 τιτρώσκουσα
942 1007 1289 1075 ἠηγλῶσσα
1341 1002 1583 1060 αὐτῶνθ
1653 1003 1839 1072 τάφος

258 1097 639 1166 ἀνεῳγμένος
682 1102 717 1152 ὁ
773 1096 1007 1165 λάρυγξ
1053 1095 1294 1150 amori
1332 1097 1464 1162 ταῖς
1525 1096 1837 1165 γλώσσαις

258 1183 463 1238 αὐτῶν
488 1180 873 1239 ἑδολιοῦὰαν.
908 1186 1300 1239 ιιιθανεύοντιιι
1341 1188 1438 1256 μὲν
1463 1184 1576 1255 γὰρ
1600 1185 1677 1255 τῷ
1709 1185 1838 1255 λείῳ

257 1274 359 1328 καὶ
395 1279 681 1347 περιχαρεῖ
705 1276 810 1330 τῶν
835 1276 1012 1344 λόγων
1046 1276 1496 1347 μεμορφωμένοι,
1529 1277 1627 1346 τὴν
1666 1276 1838 1344 ἀκοὴν

257 1368 719 1435 καταθέλγοντες·
750 1370 1117 1439 τιτρώσκουσι
1145 1369 1202 1421 δὲ
1233 1370 1406 1439 ὅμως.
1429 1369 1503 1432 ὡς
1534 1369 1592 1421 ὲν
1622 1368 1834 1438 βολίσιν

256 1461 483 1527 ὀξείαις,
518 1462 616 1525 τὰς
641 1462 750 1515 τῶν
779 1462 1175 1533 ἀμαθεστέρων
1200 1463 1400 1532 ψυχάς,
1432 1460 1704 1523 ποικίλοις
1743 1460 1838 1513 καὶ

255 1548 501 1611 ἀνιάτοις
552 1549 835 1621 τραύμασι
883 1552 1025 1604 κατά
1077 1552 1278 1621 βάθους
1331 1551 1831 1622 περιαμύσσοντες.

266 1637 464 1690 Ἡνίκα
486 1638 597 1710 γὰρ
623 1640 936 1710 δυστρόπως
969 1642 1062 1695 καὶ
1086 1644 1372 1712 κακοήθως
1397 1641 1540 1694 κατὰ
1573 1641 1671 1710 τῆς
1697 1642 1836 1711 άλη-

256 1725 407 1791 θείας
463 1731 855 1801 προσφέρεται,
912 1733 1075 1797 εὐθὺς
1126 1734 1186 1786 οὐ
1245 1733 1685 1805 παρρησιάζεται
1734 1735 1836 1805 τὴν

298 1819 515 1873 σέϐειαν
539 1837 552 1850 ·
586 1822 949 1894 εὐγνωμόνως
989 1825 1047 1878 δὲ
1072 1826 1203 1896 περὶ
1253 1827 1343 1889 τὴν
1378 1827 1507 1894 ὑγιᾶ
1533 1827 1835 1880 διατίθεται

254 1909 432 1978 λόγον,
451 1912 558 1966 άπὸ
585 1914 678 1968 τοῦ
706 1916 859 1981 δόξαι
889 1918 1069 1989 ὀρθῶς
1101 1920 1198 1972 καὶ
1225 1919 1535 1990 ἀμέμπτως
1562 1919 1835 1986 δοξάζειν,

255 2003 526 2074 θηρᾶσθαι
555 2006 663 2059 τῶν
690 1992 960 2063 πλειόνων
996 2002 1101 2080 τὴν
1142 2010 1351 2065 ἔννοιαν
1405 2011 1830 2082 μηχανώμενος,

257 2095 350 2148 ἵνα
374 2098 432 2150 ὲν
461 2089 506 2163 ᾧ
541 2096 729 2166 μέλλοι
752 2099 821 2151 τὰ
858 2100 959 2170 τῆς
990 2101 1196 2162 οἰκείας
1233 2101 1623 2173 ἐξερεύγεσθαι
1661 2119 1830 2171 πονη-

251 2185 404 2257 ρίας,
438 2182 663 2251 πιθανὸς
693 2187 903 2257 ὀφθεὶς,
931 2189 1127 2260 ῥᾳδίως
1154 2190 1267 2243 ἓλοι
1294 2192 1418 2254 τοὺς
1471 2192 1835 2262 πειθομένους

250 2276 427 2329 αὐτοῦ
492 2280 604 2341 τοῖς
656 2277 996 2349 πλάσμασιν.
1047 2279 1205 2333 Ἀλλά
1251 2280 1361 2351 γὰρ
1407 2282 1469 2333 οὐ
1516 2282 1622 2352 χρὴ
1669 2299 1838 2353 προσ-

255 2367 577 2422 επιϐλέπειν
606 2372 718 2448 τοῖς
742 2373 1009 2442 ῥήμασιν,
1030 2372 1169 2426 ἀλλά
1199 2374 1488 2445 προσέχειν
1517 2377 1631 2436 τοῖς
1656 2374 1837 2444 ἐγχει-

262 2459 492 2529 ρήμασι.
535 2460 668 2525 Ταῖς
694 2462 979 2533 ἀληθείαις
1007 2463 1117 2535 γὰρ
1152 2464 1369 2534 αἴρεται
1392 2466 1543 2536 αὐτῷ
1572 2467 1715 2519 κατὰ
1740 2468 1840 2536 τῆς

251 2547 352 2601 τοῦ
377 2551 719 2619 Μονογενοῦς
773 2555 1087 2625 οἰκονομίας
1144 2557 1173 2607 ὁ
1205 2555 1468 2627 πόλεμος,
1486 2554 1773 2610 Ἐντεῦθεν
1804 2558 1834 2608 ό

251 2639 454 2709 Τυφὼς
491 2643 590 2713 τῆς
607 2643 865 2708 ἀσεϐείας
893 2645 1162 2718 διαίρεται
1187 2649 1284 2701 καὶ
1315 2649 1483 2712 πολὺς
1514 2649 1833 2719 ἐπιφύεται,

252 2733 397 2793 κατά
422 2733 529 2793 τῶν
561 2736 721 2806 ίερῶν
745 2738 904 2808 ἡμῶν
946 2738 1236 2809 δογμάτων
1284 2740 1381 2811 τὴν
1451 2742 1650 2794 ἑαυτοῦ
1703 2742 1835 2795 ἀντ-

253 2824 538 2890 εξανιστάς
559 2828 880 2893 κακοδοξίαν
905 2846 919 2860 ·
941 2830 1038 2883 καὶ
1065 2825 1146 2895 οἷς
1177 2832 1277 2884 οὐκ
1309 2832 1438 2902 ἐξῆν
1467 2832 1617 2903 αὑτῷ
1650 2835 1832 2903 ἐγχει-

253 2916 425 2988 ρεῖνῆ
454 2918 840 2988 προσϐλέπειν,
887 2920 1101 2986 τούτοις
1152 2924 1305 2995 παρὰ
1364 2924 1545 2977 πάντα
1592 2925 1685 2978 τὸν
1736 2925 1832 2978 τοῦ

249 3008 465 3063 δικαίου
493 3007 650 3078 λόγον
676 3012 770 3064 καὶ
800 3011 899 3084 τὴν
924 3012 1071 3084 ἱερὰν
1094 3013 1250 3084 ἡμῶν
1284 3013 1647 3085 θεσμοθεσίαν
1666 3016 1820 3069 ἀντι-

251 3098 603 3195 καθίσταται,
659 3102 1070 3187 ἐμϐριθέστατά
1116 3122 1177 3159 τε
1247 3107 1341 3159 καὶ
1410 3106 1825 3177 δυσμενέστατα
1857 3137 1900 3195 C

250 3190 446 3247 ἑαυτὸν
499 3194 795 3265 ἐπιρρίψας
843 3181 1281 3269 τῆἙκκλησίᾳ.
1331 3199 1597 3270 Ἐπείπερ
1675 3199 1827 3269 δῆλοι

253 3283 386 3335 πᾶσι
424 3282 782 3337 καθίστανται
820 3284 916 3349 οὓς
952 3289 981 3340 ὁ
1012 3287 1145 3351 Θεὸς
1174 3290 1233 3341 ὲν
1256 3290 1321 3358 τῇ
1355 3290 1551 3342 ἑαυτοῦ
1593 3288 1828 3359 Ἐκκλη-

253 3371 341 3444 σίᾳ
366 3373 641 3447 ἔθετο(τῇ
672 3375 767 3429 τοῦ
806 3378 1045 3447 μεγάλου
1094 3380 1422 3434 Ἀποστόλου
1454 3382 1823 3453 μυσταγωγίᾳ

253 3464 381 3533 ἡμῖν
418 3465 817 3537 φανερούμενοι
841 3485 856 3499 ο
882 3470 1057 3540 παρὸν
1080 3471 1190 3540 γάρ
1217 3474 1333 3535 τοῖς
1387 3472 1671 3543 δημοσίοις
1727 3476 1826 3526 καὶ

255 3553 558 3623 βασιλικοῖς
607 3560 1021 3630 ὲνασχολεῖσθαι
1081 3562 1428 3635 πράγμασιν,
1482 3564 1676 3636 ἐπειδὴ
1730 3565 1829 3635 τῆς

255 3644 404 3711 θείας
435 3647 592 3720 δόξης
618 3651 722 3723 τὴν
753 3652 960 3707 οἰκείαν
988 3654 1350 3725 φιλοσαρκίαν
1382 3655 1476 3709 καὶ
1518 3655 1831 3726 ὲμπάθειαν

256 3740 650 3811 προ-τετίμηκε,
700 3746 824 3807 ταῖς
869 3744 977 3798 τῶν
1018 3746 1261 3813 ἀγόντων
1310 3748 1659 3818 ὑπαγόμενος
1718 3750 1832 3801 είσ-

256 3831 523 3901 ηγήσεσι,
579 3833 755 3888 δεινὸν
803 3835 1080 3901 πνεύσας,
1125 3838 1269 3892 κατὰ
1319 3839 1413 3892 τοῦ
1478 3839 1834 3903 εὐσεϐοῦντος

258 3922 462 3993 μέρους
493 3924 593 3995 τὴν
608 3929 767 3998 χεῖρα
795 3926 1130 3995 καθώπλισε,
1156 3930 1252 3984 καὶ
1270 3935 1370 4002 τὴν
1404 3930 1663 3999 γλῶσσαν
1688 3930 1835 3984 κατὰ

252 4010 349 4080 τῆς
379 4014 551 4084 ὀρθῆς
582 4017 678 4070 καὶ
711 4019 1019 4091 ἀμωμήτου
1047 4021 1206 4091 ἡμῶν
1254 4020 1531 4092 παρέθηξε
1568 4022 1831 4086 πίστεως.

1942 552 2245 606 auditorum
2309 552 2562 618 fascinat,
2594 561 2651 605 ut
2708 551 2787 606 sic
2842 565 2937 605 eos
2981 561 3326 607 transversos
3355 570 3516 623 agere

1943 645 2128 712 possit.
2161 625 2294 698 illuc
2323 645 2460 699 belle
2480 644 2767 698 admodum
2793 651 2953 711 atque
2982 652 3234 698 accurate
3254 645 3513 712 compleri

1902 737 1994 801 ‘in
2034 737 2132 789 hoc
2175 736 2393 788 homine
2449 736 2573 788 illud
2625 742 2868 803 apparet,
2900 735 3041 802 quod
3088 747 3241 787 sacra
3296 734 3514 788 oracula

1942 827 2126 879 dicunt
2160 842 2173 877 :
2208 825 2412 893 Sagitta
2433 825 2732 884 vulnerans,
2761 823 2941 891 lingua
2973 838 3152 875 eorum
3178 838 3198 877 :
3220 823 3514 888 sepulcrum

1939 913 2145 981 potens,
2168 924 2346 983 guttur
2368 929 2546 965 eorum
2570 928 2588 965 :
2606 911 2798 981 linguis
2831 912 2941 964 suis
2971 911 3150 964 dolose
3179 912 3397 980 agebant
3423 911 3513 962 ³⁸⁸.

1943 1004 2181 1060 Suadeat
2218 1005 2383 1069 enim,
2432 1005 2613 1072 lepore
2660 1018 2723 1055 ac
2770 1002 2987 1055 leuitate
3030 1002 3299 1056 sermonis
3346 1014 3515 1056 semet

1942 1101 2561 1165 ﬁgurantes,'aurc5que
2611 1097 2936 1158 mulcentes;
2989 1094 3382 1161 vulnerantque
3432 1096 3505 1148 s2-

1942 1189 2071 1252 mul,
2107 1203 2206 1243 ceu
2250 1187 2463 1256 sagittis
2506 1187 2699 1249 acutis,
2744 1186 3110 1238 indoctiorqu
3140 1186 3377 1244 animos.
3420 1199 3514 1236 va-

1943 1281 2143 1349 riisque
2166 1289 2221 1333 et
2250 1278 2625 1331 iusauibilibus
2661 1279 2831 1346 plagis
2859 1278 2965 1331 alte
3002 1279 3347 1343 trausitgunt.
3383 1278 3513 1329 Cum

1941 1373 2082 1427 enim
2117 1370 2331 1438 oblique
2384 1370 2469 1422 hic
2495 1370 2654 1422 homo
2700 1369 3081 1437 malitiosequc
3124 1371 3389 1423 adversus
3420 1385 3509 1422 ιον

1942 1466 2151 1518 ritatem
2207 1462 2500 1525 invehitur,
2526 1478 2631 1514 non
2660 1461 2919 1514 continuo
2965 1461 3293 1527 impietatem
3329 1472 3512 1513 osten-

1943 1565 2049 1620 tat;
2083 1553 2313 1621 benigne
2346 1566 2470 1606 vero
2501 1551 2821 1621 sincereque
2851 1554 3153 1607 doctrinam
3199 1568 3384 1604 sanam
3415 1567 3510 1606 cx-

1940 1647 2111 1716 ponit,
2140 1655 2199 1699 ut
2229 1645 2478 1697 videatur
2510 1652 2654 1697 recte
2687 1653 2740 1696 et
2776 1644 3334 1711 irrepreltcnsihiliter
3387 1660 3513 1697 scu-

1944 1739 2069 1800 tire;
2126 1747 2289 1806 atque
2322 1737 2392 1790 ita
2449 1736 2806 1802 compluriqu
2846 1737 3282 1789 benevolentiam
3327 1738 3511 1789 venari

1942 1829 2176 1894 molitur,
2212 1836 2270 1881 ut
2302 1843 2423 1881 cum
2451 1837 2632 1897 postea
2674 1827 2947 1896 propriam
2981 1839 3193 1882 cvomct
3228 1828 3509 1891 malitiam,
3552 1866 3571 1885 .

1938 1921 2131 1988 dignus
2162 1920 2262 1973 lide
2310 1919 2543 1983 habitus,
2565 1919 2775 1972 facilius
2818 1935 2914 1972 cos
2969 1921 3149 1986 capiat
3193 1919 3282 1987 qui
3340 1919 3510 1986 ipsius

1940 2012 2090 2065 (ictas
2122 2009 2330 2067 l'almlas
2373 2009 2688 2078 persuaderi
2730 2008 2830 2060 sibi
2888 2009 3134 2063 siverint.
3166 2010 3324 2077 Atqui
3366 2010 3510 2061 hami

1938 2108 2156 2171 oportet
2199 2099 2377 2153 verbis
2430 2097 2735 2159 attendere,
2774 2097 2882 2166 20
2914 2099 3006 2151 sed
3050 2098 3187 2150 facta
3253 2096 3509 2151 c0nsidc-

1942 2208 2083 2245 rare.
2107 2193 2183 2245 Ite
2214 2191 2356 2244 enim
2391 2204 2517 2244 vera
2540 2199 2910 2242 commovetur
2926 2191 2994 2241 ab
3025 2204 3088 2240 eo
3112 2190 3306 2242 bellum
3326 2190 3515 2243 adver—

1941 2299 2032 2338 sus
2064 2281 2333 2350 Unigeniti
2363 2281 2812 2334 incarnationem.
2851 2278 2987 2333 llinc
3045 2280 3268 2350 Typhon
3313 2281 3509 2347 impie-

1944 2376 2069 2428 tatis
2116 2373 2380 2427 attollitur
2440 2371 2844 2441 plurimumque
2926 2372 3282 2441 graudeseit.
3337 2374 3514 2426 sacris

1942 2465 2142 2521 nostris
2213 2465 2553 2533 dogmatibus
2610 2479 2919 2533 perversam
3000 2480 3152 2519 suam
3206 2465 3513 2535 opinionem

1939 2571 2218 2626 opponens
2254 2569 2536 2625 :quasque
2580 2571 2665 2610 res
2697 2557 2744 2609 ei
2791 2572 2889 2611 nec
2947 2556 3214 2625 attingere
3252 2572 3350 2610 nec
3396 2572 3515 2626 spe-

1940 2660 2092 2704 ctare
2128 2650 2338 2713 liceret,
2373 2663 2466 2702 eas
2512 2658 2712 2717 praeter
2740 2663 2903 2704 omne
2948 2649 3030 2703 fas
3066 2657 3368 2719 pra-terque
3413 2664 3514 2703 no-

1938 2752 2102 2798 stram
2162 2741 2553 2808 legislationem
2607 2738 2720 2810 (12)
2773 2749 3083 2810 Oppugnat,
3136 2755 3348 2794 smnmo
3391 2756 3513 2793 cum

1937 2832 2136 2899 impetu
2174 2841 2228 2885 et
2256 2830 2381 2884 odio
2419 2830 2470 2883 in
2508 2829 2768 2885 Ecclesiae
2817 2845 3011 2899 corpus
3060 2831 3327 2884 insiliens.
3351 2829 3515 2886 Certe

1935 2922 2187 2976 omnibus
2234 2931 2419 2975 uotum
2451 2933 2558 2986 est,
2595 2936 2730 2991 quos
2770 2922 3018 2975 homiqu
3044 2922 3096 2976 in
3129 2921 3365 2976 Ecclesia
3416 2937 3512 2975 sua

1940 3014 2083 3067 Deus
2129 3014 2410 3081 posuerit,
2469 3028 2659 3081 nempe
2710 3027 2804 3066 eos
2851 3028 2987 3079 quos
3049 3014 3227 3083 magni
3267 3012 3512 3084 Apostoli

1936 3103 2180 3159 doctrina
2219 3092 2373 3157 nobis
2411 3103 2747 3155 demonstrat
2783 3103 2824 3155 ⁵.
2857 3101 3218 3157 Nihilominus
3246 3119 3366 3157 cum
3427 3103 3516 3157 hic

1935 3192 2256 3264 (Mamonas)
2311 3194 2533 3248 deberet
2577 3194 2807 3262 publicis
2850 3194 3227 3264 regalibusque
3282 3195 3513 3264 negotiis

1934 3299 2153 3349 vacare,
2183 3295 2468 3353 postquam
2500 3284 2697 3337 divina)
2728 3285 2913 3354 glorizc
2938 3284 3312 3339 carnalitatem
3357 3300 3511 3337 suam

1937 3386 2098 3447 atque
2130 3376 2408 3431 libidinem
2438 3379 2769 3447 anteposuit,
2803 3378 3085 3431 ductorum
3131 3393 3350 3432 suorum
3412 3377 3515 3430 itu-

1937 3468 2122 3538 pulsus
2160 3468 2526 3535 suasionibus,
2566 3468 2900 3522 horribililer
2934 3470 3121 3524 l‘urens
3150 3477 3340 3523 contra
3395 3469 3515 3535 pio-

1936 3574 2056 3612 rum
2085 3569 2265 3628 partes
2295 3574 2511 3612 manum
2575 3561 2822 3624 armavit,
2858 3560 3205 3632 linguamque
3252 3563 3517 3613 adversus

1939 3660 2143 3705 rectam
2165 3659 2220 3704 et
2260 3649 2643 3718 inculpabilem
2682 3651 2843 3704 (idem
2898 3663 3136 3705 nostram
3189 3654 3428 3707 exacuit.
3456 3652 3511 3703 Si

1940 3742 2060 3810 quis
2114 3755 2243 3811 ergo
2298 3750 2529 3795 mentem
2576 3742 2894 3805 adverterit,
2924 3752 2975 3795 et
3041 3744 3347 3802 accuratius
3404 3757 3516 3797 rem

1940 3835 2251 3901 dispexerit,
2279 3833 2536 3888 facillime
2564 3833 2712 3887 illum
2764 3818 3072 3905 cognoscet,
3104 3850 3208 3887 non
3259 3837 3519 3888 adversus

1940 3924 2222 3978 veritatem
2276 3932 2480 3976 tantum
2516 3924 2833 3992 impingere,
2871 3939 3058 3978 verum
3106 3925 3265 3979 etiam
3299 3924 3520 3977 sibimet

1945 4017 2118 4084 ipsum
2149 4012 2471 4068 deformiter
2501 4015 2899 4069 contradicere.

256 4098 320 4151 Εἴ
364 4118 457 4164 τις
497 4099 589 4156 οὖν
653 4104 745 4158 τὸν
792 4106 917 4160 νοῦν
962 4109 1220 4180 προσέξει
1280 4111 1372 4163 καὶ
1425 4111 1818 4183 ἀκριϐέστερον
1884 4106 2223 4176 ἐπιστήσειε,
2291 4106 2465 4175 ῥᾷστα
2509 4104 2575 4157 ἂν
2622 4104 2785 4158 αὐτὸν
2843 4106 3113 4176 ἑπιγνοίη,
3147 4106 3206 4158 0".-
3257 4105 3415 4175 μόνον
3455 4105 3521 4171 τῇ

254 4193 487 4267 ἀληθείᾳ
515 4200 946 4271 προσκρούοντα,
977 4203 1209 4277 ἀλλ’ἧδη
1250 4206 1345 4259 καὶ
1372 4206 1552 4287 ἑαντῷ
1585 4207 1827 4276 ἀγεννῶς
1866 4203 2287 4275 περιπίπτοντα.

324 4295 375 4343 ι’.
424 4306 443 4339 ι
489 4288 553 4341 Ἠ
582 4291 712 4357 ἁγία
741 4292 835 4345 τοῦ
869 4294 1027 4360 Θεοῦ,
1066 4298 1219 4367 φησι,
1256 4299 1350 4350 καὶ
1376 4298 1639 4370 καθολικὴ
1671 4299 1827 4370 ἡμῶν

2006 4296 2093 4350 l0.
2131 4313 2150 4346 ι
2193 4294 2393 4349 Sancta
2442 4292 2560 4356 Dei,
2595 4293 2788 4364 inquit,
2828 4305 2881 4349 et
2929 4276 3191 4348 catholica
3247 4292 3516 4357 omnium,

254 4378 478 4432 πάντων
496 4380 605 4433 τῶν
628 4382 972 4451 Χριστιανῶν
1000 4385 1318 4456 Ἐκκλησία.
1356 4407 1375 4438 ι
1405 4387 1574 4441 Ποίαν
1595 4389 1830 4441 ἐνταῦθα

1938 4388 2024 4454 qui
2075 4386 2371 4442 Christiani
2437 4402 2650 4451 sumus,
2698 4386 2951 4441 ecclesia.
3020 4406 3039 4438 ι
3074 4386 3373 4452 Quamnam
3432 4387 3519 4439 hic

254 4468 355 4541 φὴς
413 4470 771 4541 Ἐκκλησίαν;
803 4475 968 4545 ἤρετο
990 4474 1055 4529 ἄν
1082 4493 1164 4540 τις
1193 4477 1380 4533 αὐτόν.
1401 4479 1464 4531 Et
1497 4479 1595 4548 μὲν
1622 4480 1817 4549 ἑτέραν

254 4563 371 4616 τινὰ
417 4564 509 4616 καὶ
548 4565 757 4618 οἰκείαν
801 4567 1234 4639 ἀποτεμόμενος,
1282 4573 1340 4624 ἐν
1386 4573 1447 4642 τῇ
1498 4572 1826 4641 ματαιότητι

255 4652 358 4705 τῶν
388 4650 668 4727 λογισμῶν
694 4660 1157 4729 φαντασιούμενος
1211 4663 1568 4729 ἀνετυπῶσω,
1624 4665 1716 4718 σὸν
1765 4664 1832 4719 ἂν

257 4740 338 4814 εἴη
363 4742 431 4798 τὸ
461 4746 865 4818 τεχνούργημα.
896 4750 958 4802 Ei
997 4750 1051 4803 δὲ
1072 4752 1137 4822 δὴ
1171 4753 1376 4824 ταύτην
1405 4752 1502 4825 τὴν
1529 4754 1652 4808 καθ’
1679 4756 1829 4825 ἡμᾶς

260 4835 451 4902 εἴποις.
502 4839 619 4903 πῶς
667 4840 830 4919 ἀγίναν
878 4843 1113 4898 ἐνταῦθα
1161 4847 1365 4912 καλεῖς,
1399 4848 1467 4917 ἢν
1513 4848 1684 4918 ἐναγῆ
1734 4848 1830 4900 καὶ

260 4926 565 5002 ἀκάθαρτον
588 4934 642 4985 ὲν
657 4935 861 5006 ἑτέροις
880 4936 967 4989 διὰ
998 4937 1264 4990 πλείστων
1292 4939 1431 4991 ὅσων
1452 4940 1705 4992 ἐπινοιῶν
1733 4940 1830 4993 καὶ

264 5026 784 5094 κακουργημάτων,
842 5027 936 5081 καὶ
983 5028 1175 5098 λάτριν
1212 5030 1504 5099 δαιμονίων
1545 5032 1830 5102 ἀποφῆναι

263 5108 615 5179 ἑσπούδασας,
638 5115 734 5168 καὶ
755 5116 962 5183 ξοάνοις
981 5118 1214 5183 ἀνοσίοις
1240 5122 1516 5191 προσκυνή
1528 5139 1713 5186 σασαν,
1740 5123 1834 5176 καὶ

330 5266 398 5299 ³-⁸
434 5268 713 5337 Psal.xm,
746 5273 800 5326 5.
877 5274 898 5305 ⁵
938 5274 1057 5330 Acl-
1095 5291 1187 5341 XX:
1216 5276 1307 5331 28·

332 5401 442 5472 (ιι)
480 5402 647 5459 Vides
678 5406 818 5481 baud
851 5409 973 5463 esse
1003 5412 1353 5481 neotericam
1383 5426 1559 5481 neque
1606 5420 1828 5466 nostro-

266 5481 397 5549 rum.
423 5477 801 5549 tantummodo
847 5479 1241 5544 asceticorum,
1295 5481 1435 5535 hanc
1471 5477 1825 5549 opinionem,

266 5540 399 5620 (illati
448 5544 605 5620 beata
633 5544 809 5620 _V'irgo
837 5551 1064 5620 salutem
1104 5540 1360 5603 reternam
1402 5540 1823 5620 (intercedendo

267 5606 496 5694 fellicet)
523 5613 677 5694 nobis
699 5606 980 5694 edat-ibet;
1012 5635 1183 5694 neque
1210 5620 1262 5674 id
1283 5606 1597 5694 etuu‘aliqua
1622 5622 1822 5694 Christi

270 5677 616 5758 [tydentp'toris
637 5753 648 5758 Α
674 5699 739 5739 ac
796 5677 1110 5758 tnediatoris
1161 5691 1485 5746 contumelia
1511 5677 1523 5690 ’
1542 5691 1821 5744 catholicis

270 5744 401 5816 ᾁιςῑ,
435 5744 591 5820 prout
635 5753 949 5811 heterodnxi
1008 5744 1225 5828 quidam
1257 5763 1528 5815 dictitant.
1566 5758 1814 5816 Profecto

1941 4489 1993 4533 tu
2043 4479 2180 4533 dicis
2218 4479 2505 4533 ecclesiam
2525 4479 2560 4532 ?'
2581 4480 2793 4549 rogabit
2841 4495 2963 4531 eum
3004 4479 3218 4545 aliquis.
3268 4479 3321 4530 Si
3358 4479 3516 4529 aliam

1936 4572 2227 4639 quamdam
2288 4571 2618 4639 peculiarem
2679 4586 2998 4634 secernens,
3031 4571 3155 4622 dum
3221 4564 3520 4639 phantasma

1937 4672 2040 4719 tua:
2088 4665 2309 4718 vanitati
2352 4663 2616 4733 indulges,
2646 4665 2965 4733 procudisti,
3004 4666 3103 4718 hoc
3162 4664 3348 4732 utique
3399 4680 3519 4731 pro-

1936 4758 2111 4824 prium
2139 4758 2243 4810 erit
2279 4755 2553 4823 opiﬁcium
2583 4764 2753 4808 tuum.
2778 4757 2871 4811 Siu
2900 4771 3030 4809 vero
3054 4757 3365 4820 hancdicis,
3396 4767 3518 4824 «pro

1936 4849 2074 4916 apud
2106 4862 2205 4901 nos
2231 4855 2313 4899 est
2334 4886 2348 4913 ,
2376 4846 2647 4915 quomodo
2689 4856 2742 4899 tu
2777 4854 3020 4899 sanctam
3078 4863 3219 4901 nunc
3249 4848 3513 4917 appellas,

1939 4954 2099 5007 quam
2146 4938 2534 4991 exsecrandum
2609 4937 2991 5007 impuramque
3044 4938 3168 4993 alibi
3210 4940 3517 4993 lictiOnibus

1943 5030 2047 5085 tuis
2077 5029 2321 5099 plurimis
2357 5041 2518 5098 atque
2551 5028 2776 5092 malitia,
2818 5038 2875 5083 et
2903 5030 3296 5084 daemoniorum
3323 5030 3519 5083 cultri-

1942 5138 2081 5186 cem,
2113 5099 2427 5190 statuasque
2446 5122 2739 5193 sacrilegas
2762 5132 3107 5178 venerantem
3133 5124 3445 5179 demoasn'a
3457 5135 3514 5175 re

1944 5409 2083 5463 hanc
2145 5413 2469 5466 sententiam
2528 5413 2856 5468 confirmare
2911 5416 3095 5471 inultis
3122 5417 3242 5473 aliis
3292 5414 3512 5472 Patrum

1936 5482 2375 5543 auctoritatilms,
2413 5500 2515 5537 non
2574 5483 2713 5539 foret
2745 5486 2979 5540 dillicile.

2006 5550 2118 5626 (l2)
2159 5550 2363 5626 Nempe
2393 5564 2580 5626 contra
2617 5556 2935 5610 canonicam
2968 5557 3230 5626 regulam,
3267 5569 3373 5625 qua
3405 5552 3510 5626 lai-

1929 5620 2006 5672 cis
2035 5622 2348 5698 imminilms
2392 5624 2671 5695 disputare
2704 5626 2769 5681 dc
2813 5629 3009 5682 divinis
3030 5620 3391 5698 thugmatihus
3427 5625 3505 5681 in-

1881 5744 1891 5755 .
1929 5692 2216 5745 terdictum
2253 5704 2393 5748 crat.
