3982 6346
109 306 198 370 ’1θ9

1229 304 1409 364 νιΤΑ
1449 293 1512 369 s‘.
1554 306 1884 369 annum
1924 311 2119 377 SALf.

3199 397 3204 405 ε
3251 325 3356 386 ’110

108 420 306 488 βόσκεον
330 411 542 483 ῥάϐδον,
587 413 680 466 καὶ
706 413 780 476 ὡς
817 413 1076 468 ἐθεάσατο
1112 415 1202 470 τὸν
1227 418 1414 472 Ὅσιον
1442 421 1626 474 τυπτὸε

1742 425 2048 490 transiens,
2082 427 2174 483 ubi
2209 429 2256 485 vl
2279 429 2341 485 lit
2362 431 2625 487 Sanctum
2659 434 2976 492 verberibus
3009 452 3090 492 ex.
3119 445 3354 503 ceptum,

113 523 275 576 μενον.
301 500 522 571 τρωθεὶς
552 503 657 557 ὑπὸ
682 503 774 557 τοῦ
796 504 1070 574 διαϐόλου,
1095 507 1312 563 δίδωσιν
1334 511 1485 582 αὐτῷ
1519 513 1640 584 μεθ’

113 589 172 666 ἦς
216 591 423 661 ἐκράτει
469 590 690 658 ῥάϐδου,
732 593 806 655 ώς
838 593 1262 662 ἠδύνατο,νῶστε
1303 600 1639 672 ἀκουσθῆναι

105 686 184 738 τὸν
203 682 392 747 κτύπον
433 681 736 753 πόρρωθεν.
782 683 1012 738 Ἀπιδὼν
1041 684 1096 740 δὲ
1123 689 1152 741 ό
1181 689 1364 754 Ὄσιος
1389 691 1526 762 πρὸς
1546 693 1637 748 τὸν

102 767 350 843 «deum,
387 775 600 844 πικρῶς
628 774 980 841 ἀνεστέναξεν
1004 778 1080 850 τῷ
1114 780 1280 851 πόνῳο
1308 783 1548 847 ἀναστὰς
1578 785 1634 838 δὲ
1685 832 1691 839 .

99 861 346 934 ἐπορεύθη
388 862 639 933 πλησίον,
697 866 792 918 καὶ
843 866 1462 941 πεσὼνὶκατησπάξετο
1506 876 1636 940 τοὺς

99 953 248 1014 πόδας
273 950 454 1015 αὐτοῦ,
506 953 790 1023 διαλείχων
811 960 886 1026 ,τῇ
919 956 1154 1031 γλώττῃ.
1191 961 1285 1015 καὶ
1333 964 1634 1033 προσευχό-

100 1059 266 1114 μενος.
295 1042 452 1106 Τινὲς
481 1043 537 1095 δὲ
573 1044 806 1114 ὁρῶντες
852 1048 1012 1102 αὐτὸν
1055 1049 1241 1118 ἔλεγον
1268 1068 1283 1083 °
1327 1053 1630 1122 Θεάσασθε,

94 1133 262 1202 φησὶν,
292 1132 405 1197 πῶς
431 1136 458 1186 ό
497 1133 794 1204 δαιμονιῶν
826 1132 978 1202 οὗτος
1026 1141 1123 1194 καὶ
1168 1149 1636 1216 παρατετραμμέ-

93 1239 192 1286 νος,
217 1222 460 1293 καθάπερ
504 1225 805 1291 κύωνῠκατ“
844 1230 1004 1282 αὑτοῦ
1041 1233 1285 1287 σταλέντι
1313 1234 1456 1288 οὕτω
1505 1238 1632 1301 τοὺς

91 1311 240 1374 πόδας
262 1313 353 1366 τοῦ
377 1314 638 1384 τύψαντος
660 1318 822 1371 αὐτὸν
843 1322 1250 1386 κατασπάζεται
1267 1326 1628 1399 ἀναισθήτως,

90 1403 265 1456 καθότι
297 1405 324 1457 6
371 1404 580 1476 δαίμων
643 1407 810 1462 αὐτοῦ
863 1411 1012 1466 ἔνδον
1052 1416 1424 1484 ἐπιμαίνεται.
1490 1418 1546 1472 '0
1571 1419 1628 1472 δὲ

90 1493 342 1568 μακάριος
384 1495 637 1562 Ἀνδρέας
664 1499 762 1562 τὰς
790 1501 1152 1567 ἅνυποίστους
1181 1507 1470 1577 δεχόμενος
1493 1510 1632 1580 πλη-

84 1587 175 1654 γὰς
203 1587 308 1640 τὼν
354 1590 472 1643 ἐκεῖ
521 1592 976 1664 ὑπανεχώρησεν,
1018 1598 1111 1651 καὶ
1155 1600 1332 1672 εὑρὼν
1374 1603 1626 1675 κοπρώδη

85 1677 236 1728 τόπον
260 1678 440 1733 ἐκεῖσε
485 1682 795 1750 ἐκάθευδεν,
826 1685 995 1740 ὕπνου
1027 1689 1365 1761 βραχυτάτου
1389 1695 1628 1764 ἐφαπτό-

81 1782 251 1833 μενος.
279 1769 344 1822 Οἱ
371 1768 465 1824 οὖν
483 1772 949 1846 ἐκετδιερχόμενοι
971 1779 1204 1848 ὁρῶντες
1228 1783 1392 1837 αὐτὸν
1415 1785 1506 1836 ἐπὶ
1527 1785 1629 1855 τῆς
1660 1787 1704 1846 Β

80 1856 299 1926 κοπρίας
321 1859 692 1930 ἡσυχάζοντα,
722 1866 785 1918 ὲκ
812 1866 1006 1935 βάθους
1034 1871 1379 1937 στενάζοντες
1408 1873 1594 1943 ἔλεγιν
1613 1892 1627 1908 ο

80 1946 188 2015 Πῦρ
214 1947 310 2000 καὶ
349 1949 494 2003 θετον
527 1954 619 2004 ἐπὶ
655 1954 752 2025 τὴν
792 1958 1034 2030 κορυφὴν
1078 1963 1178 2033 τῆς
1219 1964 1300 2026 εῐς
1327 1981 1409 2017 ,σε
1457 1966 1629 2020 ταῦτα

78 2039 468 2112 ἐργασαμένην
493 2045 727 2112 ἔφασκον
746 2048 872 2119 γὰρ,
889 2051 966 2102 ὅτι
993 2052 1100 2104 ἀπὸ
1124 2054 1381 2121 γυναικὸς
1402 2073 1470 2109 πε
1481 2049 1634 2130 ριερο,

75 2130 234 2202 γασίᾳ
267 2138 535 2206 σατανικῇ
560 2138 958 2209 ὲπαρέτραπτο.
986 2143 1046 2196 Ol
1071 2143 1146 2208 δὲ,
1165 2145 1296 2197 Ἀπὸ
1317 2148 1628 2218 ἐπιλήψεως

73 2223 258 2295 συνέϐη
287 2225 440 2295 αὐτῷ
465 2227 623 2281 τοῦτο
654 2229 713 2281 τὸ
743 2229 932 2294 πάθος.
964 2233 1093 2297 Θεὸς
1111 2235 1336 2290 δὲότῶν
1367 2243 1628 2309 κρυπτῶν

68 2313 328 2385 γνώστης,
357 2317 386 2369 6
407 2316 476 2370 τὰ
508 2316 688 2385 ὑψηλὰ
710 2319 818 2371 ἀπὸ
850 2322 1127 2392 μακρόθεν
1168 2327 1472 2396 γινώσκων,
1532 2336 1628 2386 καὶ

71 2406 185 2468 τοὺς
207 2404 596 2477 διαλογισμοὺς
617 2409 724 2460 τῶν
755 2410 1060 2480 ἀνθρώπων
1087 2413 1332 2485 ἐφορῶν,
1379 2419 1492 2490 εῑδη
1530 2420 1640 2492 τοῦ,

24 2510 31 2522 ‘
63 2496 243 2550 δούλου
267 2498 438 2575 αὐτοῦ
465 2499 561 2568 τὴν
587 2499 869 2569 ἐργασίαν,
892 2503 984 2559 καὶ
1010 2499 1088 2568 οἷς
1117 2507 1338 2577 τρόποις
1354 2493 1626 2581 ἔπραττεν

67 2603 254 2642 ταυτα.

134 2767 232 2831 ξθν.
268 2769 372 2822 Κει
382 2769 542 2838 μένου
565 2765 660 2825 οὖν
683 2773 775 2826 τοῦ
803 2775 1004 2841 Ὀσίου,
1029 2777 1171 2832 καθὰ
1199 2784 1538 2854 προείρηται,
1560 2789 1628 2842 ἐν

63 2855 132 2924 τῷ
155 2859 428 2928 κοπρώδει
445 2861 612 2928 τόπῳ,
631 2865 826 2933 συνέϐη
851 2866 1062 2935 ἄμαξαν
1081 2870 1384 2939 διέρχεσθαι
1407 2875 1583 2930 ἑκετσε
1606 2889 1622 2910 ⁸

58 2943 167 3036 ο-δὲ
195 2945 494 3017 βοηλάτης,
522 2949 723 3006 πλείονι
750 2954 880 3024 οῐνῳ
900 2961 1384 3030 συμπεφυρμένος,
1406 2980 1620 3036 τραγῳ-

57 3031 156 3124 δῶν
209 3036 531 3106 ἐπορεύετο,
583 3041 644 3094 οὐ
706 3042 890 3112 μέντοι
953 3048 1182 3101 συνείδει
1229 3051 1301 3124 τᾲ
1344 3031 1483 3107 κατά

1741 514 2009 586 impulsus
2029 534 2058 572 a
2096 520 2366 588 daemone,
2395 525 2652 580 eumdem
2688 527 2954 594 pastorali
2985 527 3102 598 pedi
3129 540 3176 589 ο,
3206 527 3354 594 quod

1743 622 1907 664 manu
1932 611 2198 678 gestabat,
2232 615 2477 670 collectis
2500 616 2709 673 viribus
2730 617 2980 687 pulsaba
3017 627 3105 674 tan
3143 626 3198 672 to
3221 633 3348 674 cum

1737 698 1964 767 impetu,
1999 708 2056 754 ut
2093 701 2308 779 eminus
2340 704 2565 760 verbera
2602 708 3010 764 exaudirenttr.
3071 711 3121 761 Λ.
3148 707 3347 764 ndreas

1737 803 1864 843 vero
1887 793 2074 847 oculos
2105 793 2158 848 in
2189 796 2563 852 verberantem
2605 797 2922 865 intendens,
2958 815 3130 854 amart
3156 812 3204 852 is
3234 813 3346 867 pra:

1735 878 1927 936 dolore
1949 884 2178 953 gemitus
2199 885 2429 942 ducebat
2447 927 2463 952 ,
2491 903 2830 959 surgensque
2862 891 3089 961 propius
3129 911 3140 944 ι
3163 903 3343 944 αςοοεο

1714 967 1806 1024 'sit
1859 970 2097 1038 homini,
2134 985 2202 1029 -ει
2257 976 2323 1030 ad
2354 991 2529 1045 genua
2554 979 2861 1047 procidens,
2892 981 3142 1050 amplexu
3215 995 3342 1033 con-

1734 1064 2037 1134 stringebat
2064 1068 2228 1135 pedes
2256 1068 2597 1138 lingehatque
2636 1070 2842 1140 lingua,
2876 1072 3076 1126 durum
3123 1082 3339 1142 pectus

1733 1153 1989 1222 precibus
2019 1156 2229 1211 mollire
2257 1169 2506 1226 conatus.
2529 1160 2681 1226 Quod
2701 1162 3010 1231 conspicati
3025 1161 3290 1216 nomnulli
3317 1177 3331 1214 :

1731 1245 1892 1308 Ecce.
1917 1246 2258 1316 inquiebant,
2278 1249 2671 1306 daemoniacnm
2693 1252 2868 1317 illum,
2889 1262 3072 1308 mente
3087 1254 3290 1307 laesum
3313 1293 3329 1318 ,

1732 1335 2010 1405 quomodo
2056 1337 2347 1393 advolutus
2395 1339 2668 1394 smtientis
2720 1341 2773 1394 in
2803 1357 2860 1396 se
2895 1342 3153 1410 pedibus,
3210 1351 3330 1396 tan—

1732 1441 1894 1494 quam
1927 1425 2079 1480 canis
2118 1429 2375 1496 praebenti
2402 1429 2504 1483 sibi
2539 1431 2842 1500 quidpiam,
2889 1432 3170 1486 blandimu
3194 1448 3220 1484 r
3249 1432 3328 1486 in-

1732 1515 2008 1572 sensibilis
2032 1517 2097 1571 ad
2124 1518 2372 1574 verbera.
2398 1520 2603 1589 Nempe
2645 1521 2858 1575 daennon
2898 1522 2954 1575 in
3006 1522 3324 1576 visceribus

1730 1608 1852 1677 ejus
1879 1607 2059 1663 fuerit.
2098 1607 2347 1666 Andreas
2396 1621 2601 1679 autem,
2648 1613 2906 1683 gravibus
2931 1612 3162 1668 alﬂictus
3207 1616 3323 1667 vul-

1732 1701 1978 1763 neribus.
2003 1703 2296 1756 astantinm
2353 1704 2525 1759 oculis
2559 1720 2618 1759 se
2641 1705 2943 1766 subduxit.
2979 1705 3317 1776 inventorque

1733 1794 2098 1863 sterquilinio,
2124 1795 2444 1851 brevissimo
2473 1797 2584 1852 illic
2612 1811 2802 1852 somno
2824 1795 3067 1852 indulsit.
3124 1794 3315 1850 Viato-

1734 1899 1832 1938 res.
1857 1894 2036 1939 autem
2101 1886 2224 1940 illae
2279 1887 2383 1941 iter
2429 1888 2721 1952 habentes,
2775 1898 3071 1958 conspecto
3137 1901 3308 1955 supra

1731 1975 1918 2030 fimum
1972 1977 2088 2032 viro
2157 1990 2367 2043 sancto,
2398 1993 2460 2033 ex
2496 1979 2606 2032 imo
2653 1979 2816 2033 corde
2859 1978 3304 2049 ingemiscentes.

1731 2067 1986 2123 dicebant
2020 2087 2036 2123 :
2075 2065 2217 2140 Ignis
2245 2078 2299 2124 et
2323 2071 2551 2139 sulphur
2585 2070 2745 2138 capiti
2784 2069 2948 2134 illius,
2971 2069 3302 2148 qtueistlnrc
3358 2074 3361 2078 ”

1729 2168 1947 2226 operata
2011 2169 2092 2215 est
2154 2160 2210 2214 in
2265 2169 2358 2232 te,
2406 2175 2529 2214 nam
2610 2159 2753 2214 fama
2785 2168 3022 2225 erat,-a
3071 2160 3302 2214 muliere

1728 2247 1980 2316 quapiam
2045 2263 2146 2318 ope
2202 2249 2464 2304 daemonis
2512 2249 2662 2302 illum
2724 2249 2790 2302 ad
2829 2248 3096 2303 insaniam
3131 2248 3302 2304 fuis-e

1729 2335 2314 2406 adactum:quan'ivis
2385 2338 2476 2392 alii
2531 2339 2583 2392 in
2651 2337 2962 2406 epilepsiam
3032 2337 3299 2406 originem

1728 2427 1857 2480 mali
1919 2426 2257 2499 referendam
2327 2428 2681 2482 sustinerent.
2747 2426 2814 2481 At
2869 2425 3013 2482 Deus
3060 2427 3150 2497 qui
3203 2443 3298 2481 ar-

1725 2532 1862 2571 cana
1942 2517 2186 2572 eo'rdium
2266 2518 2563 2588 perspicit,
2621 2528 2675 2573 et
2753 2518 2861 2573 alta
2905 2533 2935 2572 a
2988 2517 3147 2596 longe
3205 2533 3299 2573 Cn-

1723 2609 1954 2678 gnoscit,
2002 2619 2056 2662 et
2092 2611 2442 2679 cogitationes
2471 2609 2754 2663 hominum
2787 2610 3147 2671 considerat,
3187 2625 3296 2662 mn

1724 2697 2022 2767 ignorabat,
2055 2715 2176 2768 quae
2236 2701 2472 2755 famulus
2521 2715 2676 2765 suus,
2701 2709 2766 2754 et.
2798 2715 2896 2756 cur
2944 2712 3292 2768 operaretur.

1793 2788 1883 2848 69.
1915 2788 2137 2844 Jacente
2170 2790 2332 2862 igitur
2359 2791 2571 2846 Andrea
2596 2791 2650 2845 in
2694 2806 2892 2862 spurco
2940 2792 3295 2861 sordidoque,

1724 2890 1783 2934 ut
1810 2881 2011 2936 dictum
2047 2886 2148 2946 est,
2176 2883 2316 2947 loco,
2349 2881 2572 2953 contigit
2616 2882 2918 2953 plaustrum
2986 2884 3109 2938 illac
3143 2892 3296 2937 tran-

1723 2973 1830 3026 sire
1858 3011 1873 3039 ,
1898 2974 2056 3040 cujus
2087 2975 2338 3043 agitator,
2373 2974 2543 3031 multo
2573 2975 2702 3030 vino
2737 2976 2993 3039 madens,
3024 2975 3301 3045 tragmdo-

1723 3078 1844 3116 rum
1875 3079 2025 3119 more
2052 3063 2348 3132 ferebatur,
2391 3066 2613 3137 ignarus
2673 3067 2996 3120 dormientis
3028 3066 3084 3120 in
3119 3067 3296 3136 platea

53 3123 264 3226 Ἅγιον.
304 3131 603 3203 Παριόντες
628 3137 807 3192 τοίνυν
835 3139 884 3193 οἱ
915 3139 1058 3212 βόες,
1103 3123 1487 3216 κατεπάτησαν
1519 3147 1609 3202 τὸν

1725 3151 1941 3208 Andreae
1979 3171 1992 3207 :
2025 3153 2117 3224 qui
2158 3123 2482 3226 agitatoruvm
2535 3156 2698 3209 boum
2747 3153 2965 3223 ungulis
3020 3155 3293 3221 calcatus,

65 3218 269 3284 Ὀσιον,
300 3222 588 3293 ἑλκόμενοι
618 3226 674 3278 δὲ
707 3227 801 3280 καὶ
827 3230 875 3306 οἱ
905 3233 1088 3301 τροχοὶ
1111 3234 1273 3302 μέσον
1295 3235 1392 3301 τῆς
1412 3237 1619 3303 κοιλίας

50 3309 214 3363 αὐτοῦ
251 3311 476 3384 διῆλθον
497 3315 629 3387 (87).
673 3316 1008 3388 Θεασάμενοι
1055 3322 1112 3377 δὲ
1154 3325 1201 3377 οἱ
1230 3325 1330 3395 τὴν
1369 3327 1488 3380 666v
1517 3344 1618 3383 πο-

52 3401 366 3472 ρευόμενοι,
400 3405 866 3476 κατεκραύγασαν
905 3411 999 3465 τοῦ
1041 3411 1303 3484 βοηλάτου
1345 3417 1620 3490 θυμούμε-

46 3506 145 3554 νοι,
204 3490 307 3546 καί
363 3509 511 3556 τινες
567 3495 836 3566 τύψαντες
885 3493 1047 3556 αὐτὸν
1090 3506 1335 3574 σφοδρῶς
1379 3507 1615 3578 ἑλεγονο

50 3581 232 3638 Ἔστω
261 3587 350 3640 ὅτι
378 3588 479 3641 οὐκ
505 3590 736 3664 αἰσθάνῃ
757 3633 774 3659 ,
811 3591 914 3646 κᾶν
953 3595 1054 3647 οὐκ
1086 3595 1307 3662 ἐϐλεπες
1339 3600 1502 3653 πόθεν
1519 3619 1617 3655 που

48 3674 276 3780 ρεύεταξ
305 3680 342 3750 ἡ
379 3679 562 3780 άμαξτ
591 3683 613 3747 ;“
652 3681 709 3734 '0
733 3681 790 3736 δὲ
821 3683 899 3754 τῷ
931 3685 1110 3780 πολλῶ
1141 3687 1268 3759 οῐνῳ
1297 3691 1618 3762 κεκαρωμέ-

45 3780 153 3852 νος,
181 3767 349 3836 μόλις
373 3769 707 3840 ἁπεκρίνατο
734 3788 748 3803 ·
783 3774 877 3836 Τίς
903 3767 1208 3844 ἠνάγκαζεν
1252 3779 1415 3833 αὐτὸν
1451 3782 1617 3852 μέσον

38 3851 140 3924 τῆς
168 3855 298 3909 ὁδοῦ
332 3856 690 3925 καθεσθῆναι,
717 3862 810 3914 καὶ
836 3863 1137 3934 σκηνώσεις
1172 3870 1390 3938 ποιῆσαι
1417 3885 1432 3935 ;
1465 3871 1530 3924 Οἱ
1560 3871 1617 3926 δὲ

40 3947 178 4011 πρὸς
210 3948 387 4001 αὐτόν
415 3947 582 4020 ’,Δῴη
617 3967 697 4004 σοι
743 3954 771 4006 6
802 3952 934 4018 Θεὸς
977 3955 1076 4026 τὴν
1136 3958 1300 4013 αὐτοῦ
1352 3963 1616 4033 φρόνησιν

36 4035 131 4088 καὶ
177 4037 244 4090 τὸ
279 4037 530 4107 πνεῦμα,
586 4041 722 4112 ὅπερ
773 4043 933 4098 αὑτὸν
970 4047 1050 4109 είς
1079 4047 1410 4122 τηλικαύτην
1464 4054 1615 4106 ἀπίει

33 4126 415 4197 ἀναισθησίαν
443 4130 664 4198 ἤλασεν.
715 4133 772 4187 '0
801 4133 857 4187 δὲ
883 4135 1102 4201 Δίκαιος
1132 4139 1316 4211 χάριτι
1347 4143 1442 4196 τοῦ
1473 4144 1614 4215 Χρι-

34 4219 164 4274 στοῦ
234 4222 518 4290 διέμεινεν
577 4226 838 4296 ἀϐλαϐής.
888 4230 997 4284 Καί
1037 4248 1181 4296 τινες
1220 4234 1612 4306 θαυμάζοντες,

30 4309 224 4380 ελεγον
260 4329 280 4347 ⁸
333 4315 400 4367 Τί
449 4315 711 4386 εἴπωμεν,
754 4319 786 4389 ἢ
842 4321 895 4374 τί
945 4321 1305 4395 φθεγξώμεθα
1343 4330 1470 4399 περὶ
1520 4329 1613 4384 τοῦ

1721 3255 2169 3318 raptatarumque
2217 3256 2462 3302 rotarum
2543 3247 2805 3317 impetum
2876 3245 3055 3300 medio
3105 3258 3295 3301 ventre
3351 3256 3355 3261 ‘

1719 3338 2013 3408 excipiens,
2075 3340 2410 3395 transeuntis
2445 3353 2611 3410 super
2681 3352 2742 3394 se
2804 3352 2998 3394 currus
3049 3337 3290 3408 pondere

1717 3445 1939 3501 pressus
1982 3429 2105 3488 fuit.
2167 3431 2280 3486 Hoc
2309 3432 2406 3502 qui
2432 3431 2620 3486 eadem
2648 3431 2751 3485 iter
2773 3429 3048 3485 habebant
3071 3429 3292 3500 conspi-

1717 3520 1847 3586 cati,
1875 3537 1999 3577 cum
2025 3521 2395 3593 indignatione
2424 3521 2810 3590 increpuerunt
2859 3520 3136 3590 aurigam,
3155 3534 3296 3572 non-

1717 3614 1854 3668 nulli
1907 3613 2070 3673 etiam
2103 3613 2169 3668 ad
2220 3613 2443 3667 verbera
2475 3614 2745 3682 progressi
2771 3649 2787 3677 ,
2823 3610 3116 3667 dicebant:
3143 3609 3293 3663 Nihil

1717 3704 1920 3759 sentias
1971 3714 2026 3758 tu
2058 3706 2172 3774 ipse
2210 3693 2373 3769 licet",
2411 3719 2476 3758 ac
2509 3702 2698 3759 saltem
2742 3717 2850 3772 qua
2891 3717 3088 3758 currus
3120 3710 3294 3756 trans'

1715 3805 1805 3851 eat
1842 3795 2277 3865 prospiciendum
2319 3795 2414 3849 tibi
2448 3794 2570 3848 fuit.
2635 3793 2714 3849 ‘At
2747 3793 2860 3859 ille,
2896 3794 3022 3846 vino
3053 3791 3292 3861 plurimo

1719 3885 1970 3950 obrutus,
2001 3885 2089 3941 vix
2116 3885 2168 3940 id
2200 3884 2448 3956 responsi
2479 3884 2647 3955 dabat
2678 3899 2693 3937 :
2725 3883 2859 3948 Quis
2899 3883 3173 3939 hominem
3234 3881 3290 3935 in

1718 3975 1900 4030 media
1948 3978 2126 4046 coegit
2169 3975 2256 4030 via
2297 3973 2658 4046 quietemsibi
2688 3973 2817 4028 dare
2848 3981 2902 4027 et
2942 3971 3292 4026 habitationis

1717 4066 1894 4121 locum
1952 4055 2238 4137 deligere?
2288 4066 2388 4122 Cui
2453 4080 2670 4120 rursum
2727 4064 2839 4122 illi:
2882 4062 3098 4119 Utinam
3133 4062 3188 4116 in
3239 4073 3291 4116 te

1719 4158 2014 4213 transferat
2065 4157 2209 4213 Deus
2261 4160 2568 4229 passionem
2608 4157 2754 4213 illius
2777 4167 2830 4210 et
2852 4153 3291 4225 spiritum,uude

1717 4250 1784 4304 ad
1819 4265 1907 4306 res
1937 4259 2044 4305 tam
2071 4249 2318 4305 insolitas
2342 4257 2396 4304 et
2432 4263 2463 4304 a
2496 4249 2706 4303 ratione
2726 4247 2932 4302 alienas
2963 4246 3285 4315 impellitur!

1719 4341 1952 4398 Sanctus
2003 4341 2237 4408 interim,
2287 4355 2407 4411 qua:
2452 4339 2626 4410 gratia
2685 4337 2888 4394 Christi
2931 4335 3055 4403 fuit,
3087 4337 3290 4390 mansit

29 4404 403 4474 πεφυρμένου
425 4407 660 4502 τούτου;
725 4409 1156 4484 Ἐπαποροῦμεν,
1199 4415 1305 4487 ἄρα
1345 4418 1448 4473 ὑπὸ
1475 4419 1610 4474 Θεοῦ

1725 4437 1938 4491 ἱιιαεευε.
1984 4404 2346 4500 Quamobrem
2411 4404 2676 4488 mirantes
2735 4431 2906 4502 aliqui
2983 4431 3283 4486 dicebant:

28 4496 366 4566 ὲσκεπάσθη
393 4491 571 4563 οὗτος,
615 4499 648 4569 ἢ
682 4500 784 4552 ὑπὸ
814 4479 948 4556 τῶν-
973 4479 1608 4580 πονηρῶν-πνευμάτων,

1725 4479 1938 4491 .,...-...,.
1985 4479 2346 4500 κ--...ν...-...
2411 4479 2674 4488 ..-.-_.----
2736 4479 2904 4502 ηπ--
2988 4479 3232 4486 ---ατη
3270 4479 3282 4483 -

1725 4530 1792 4583 De
1827 4530 2019 4583 insano
2049 4527 2226 4581 isthoc
2252 4526 2378 4597 quid
2411 4526 2708 4581 sentiemus
2754 4521 3147 4594 loquemur-te?
3180 4519 3288 4573 Du-

26 4587 84 4638 ὲν
116 4585 206 4650 οἷς
247 4591 719 4660 κατατριϐόμενος
745 4593 965 4648 ὣλυται.
1006 4598 1068 4650 Ol
1103 4598 1159 4650 δὲ
1184 4599 1366 4668 ἔλεγον
1389 4619 1402 4632 ·
1443 4603 1610 4657 Εἰκά-

23 4679 221 4748 ζομιν,
253 4682 348 4734 ὅτι
373 4683 402 4734 6
457 4687 998 4757 συμπεριφερόμενος
1029 4691 1178 4761 αὑτῷ
1209 4691 1436 4764 δαίμων,
1491 4699 1614 4751 ἐπι-

23 4770 216 4825 ποθῶν
255 4767 378 4824 ’τοῦ
430 4775 665 4828 συνεῖναι
712 4777 884 4846 αὐτῷ,
938 4779 1103 4847 ὀξέως
1161 4786 1258 4855 τῆς
1307 4788 1520 4860 ἁμάξης
1550 4792 1610 4846 τὸ

21 4862 195 4932 βάρος
246 4862 539 4932 ἐκούφισε,
572 4865 664 4918 καὶ
713 4867 949 4941 ἀϐλαϐὴς
994 4873 1278 4944 διέμεινεν.
1325 4881 1507 4935 Ἀλλοι
1551 4885 1630 4949 δὲ,

21 4951 219 5020 ἔλεγον
247 4968 263 4982 ⁶
309 4951 451 5019 υῦκ,
484 4954 599 5007 ἀλλ’
624 4959 652 5009 6
678 4957 807 5021 Θεὸς
844 4961 1087 5030 ἐλεήμων
1114 4966 1610 5041 ύπάρχων,οξκτει-

23 5046 208 5113 ρήσας
255 5044 368 5116 τὴν
394 5046 556 5100 αὐτοῦ
585 5050 826 5120 ἀτυχίαν,
873 5054 1174 5111 ὲσκέπασεν
1210 5062 1391 5115 αὐτόν.
1424 5063 1608 5118 Ταῦτα

18 5137 209 5188 πάντα
266 5136 538 5200 ἑκουσίως
569 5125 844 5211 ⁴ἔπραττεν
901 5145 929 5196 6
980 5147 1264 5220 Μακάριος
1298 5190 1313 5218 ,
1371 5144 1608 5223 μισήσας

17 5225 109 5279 τὸν
136 5227 366 5298 κόσμον
397 5227 490 5282 καὶ
513 5229 581 5284 τα
601 5232 658 5284 ἐν
683 5235 872 5307 κόσμῳ
899 5236 985 5292 διὰ
1017 5239 1116 5310 τὴν

17 5319 307 5389 οὐρανῶν.

1173 5243 1454 5313 βασιλείαν
1496 5249 1606 5302 τῶν

1717 4620 1864 4676 bium
1897 4635 2026 4674 sane
2055 4629 2155 4684 est,
2185 4629 2368 4674 utrum
2409 4618 2589 4683 aDeo,
2621 4632 2689 4672 an
2734 4633 2765 4672 a
2800 4616 2957 4670 malis
2982 4613 3280 4683 spiritibus,

1719 4728 1749 4766 a
1816 4711 2014 4782 quibus
2067 4713 2131 4766 ad
2199 4711 2488 4782 perniciem
2541 4724 2713 4780 usque
2762 4704 3285 4777 exagitatur,fuerit

1716 4812 2091 4860 conservatus.
2145 4804 2246 4858 Alii
2303 4803 2703 4865 existimabant,
2762 4800 2994 4854 incolam
3049 4799 3283 4853 hominis

1715 4904 1914 4950 tetrum
1966 4897 2208 4951 dacmona
2239 4934 2254 4960 ,
2313 4897 2459 4965 quod
2516 4895 2722 4964 perdite
2780 4893 3110 4948 desideraret
3153 4906 3278 4944 eum

1710 4999 1873 5057 porro
1913 4988 2167 5053 incolere,
2199 4987 2482 5042 confestim
2503 4987 2730 5057 plaustri
2752 4985 2966 5054 pondus
2999 4984 3280 5039 alleviasse

1713 5081 1948 5149 hincque
1997 5081 2114 5136 sine
2169 5081 2386 5135 laesione
2417 5080 2754 5135 transivisse.
2806 5080 2910 5133 Alii
2941 5093 3069 5133 vero
3099 5079 3149 5132 id
3182 5093 3279 5131 ne-

1713 5181 1941 5242 gantes,
1992 5174 2290 5243 attribuere
2352 5172 2459 5228 Deo
2512 5173 2805 5238 malebant,
2839 5173 2930 5242 qui
2955 5171 3278 5226 calamitatis

1710 5263 1938 5319 Andreae
1990 5266 2261 5333 misertus,
2315 5264 2492 5335 ipsum
2538 5269 2880 5338 protexisset.
2950 5267 3128 5335 Atque
3163 5263 3277 5319 haec

1709 5356 1889 5411 omnia
1916 5357 2144 5416 faciebat
2175 5361 2414 5418 Sanctus
2447 5363 2629 5416 animo
2655 5362 2885 5428 lubenti,
2939 5359 3064 5416 odio
3092 5372 3281 5430 prose-

17 5428 198 5484 quens
234 5417 509 5472 mundum
539 5429 594 5476 et
621 5438 681 5521 ea
705 5440 824 5496 quae
848 5427 902 5484 in
931 5433 1136 5489 mundo
1177 5449 1323 5508 sunt,
1358 5450 1416 5496 ut
1470 5448 1732 5514 potiretur
1754 5451 2045 5525 aliquando
2068 5461 2217 5530 regni
2245 5463 2500 5519 scelestis.

87 5579 210 5651 (87.)
242 5580 358 5633 -lta
405 5595 521 5651 gms.

17 5648 213 5708 ἱκάνω
251 5648 452 5705 αὑτοῦ.

567 5581 770 5643 Mazar.
805 5603 906 5661 pro
957 5607 1066 5664 quo
1091 5596 1338 5659 Vatican.
1388 5603 1504 5662 haec
1530 5621 1626 5664 om:

1756 5610 2034 5676 habebat:
2091 5621 2469 5695 Λῳϐήσαντες,
2526 5629 2859 5698 σπασθέντες
2933 5636 2987 5692 δὲ
3017 5637 3273 5710 διέϐησαν
