4086 6344
348 302 454 370 221

1050 308 1674 371 ANTIRRHETICUS
1714 312 1740 369 Ι
1778 311 1946 373 ADV.
1987 314 2584 383 CONSTANTINUM
2624 323 2842 385 COPR.

3491 318 3606 382 222

349 418 442 468 καὶ
476 414 508 484 ἡ
534 412 809 480 ἀπόδειξις
841 414 1157 487 πρόσεστιν.
1186 412 1312 490 Ἆρ’
1341 419 1404 474 οὑ
1443 421 1802 491 παράφρονας
1825 421 1919 474 καί⁵

2032 424 2327 495 insipientis
2374 432 2697 501 attonitique
2735 434 2850 487 haec
2909 438 2997 484 tua
3030 428 3199 483 verba
3233 428 3403 483 sunt?
3437 430 3600 485 modo

350 506 714 578 παραπλῆγας
743 509 793 559 οἰ
826 506 995 577 λόγοι,
1041 508 1118 580 πῆ
1157 510 1258 580 μὲν
1290 513 1545 583 δέχεσθαι
1577 513 1709 583 περὶ
1734 513 1795 566 ἒν
1825 513 1921 568 καὶ

346 598 413 649 τὸ
446 597 581 652 αὑτο
629 599 865 669 πρᾶγμα
914 599 1015 671 τὴν
1051 601 1152 672 τῆς
1193 601 1527 673 Ἐκκλήσίας
1590 604 1917 674 παράδοσιν,

350 688 431 759 πῆ
493 688 553 742 δδ
582 686 591 691 ”
625 689 1077 760 ἁποτρὲπεσθαι;
1112 691 1302 746 Ταῦτα
1372 694 1729 763 δογματίζειν
1793 694 1921 767 βου-

346 778 580 849 λόμενος
634 779 665 832 ό
713 780 1108 847 συνετώτατος,
1149 781 1266 847 πῶς
1310 783 1410 837 οὐκ
1460 784 1799 855 ὲννενόηκεν,
1840 785 1923 839 δτι

347 887 421 935 γε
458 869 523 941 δὴ
553 869 650 924 τοῦ
702 871 947 942 Χριστοῦ
997 873 1032 944 ἡ
1072 873 1369 945 Ἐκκλησία
1422 859 1584 945 μετά
1610 875 1716 929 τῶν
1745 875 1925 930 ἄλλων

348 957 613 1011 ἁπάντων
652 958 814 1029 ιερῶν
844 959 1227 1031 σεδασμάτων,
1261 964 1356 1016 καὶ
1406 964 1505 1032 τὴν
1541 963 1652 1017 τῶν
1705 964 1923 1019 σεπτῶν

348 1044 582 1100 εἰκόνων
618 1046 863 1116 ἱστορίαν
908 1066 967 1102 τε
1014 1051 1110 1104 καὶ
1152 1052 1529 1123 προσκύνησιν
1600 1053 1698 1123 τὴν
1756 1072 1926 1127 προσ-

351 1136 616 1204 ήκουσαν,
639 1135 700 1201 ἐξ
719 1137 891 1209 ἀρχῆς
918 1140 1011 1192 καὶ
1037 1139 1197 1210 μέχρι
1223 1140 1317 1194 τοῦ
1334 1141 1497 1212 δεῦρο
1520 1142 1923 1214 παραλαϐοῦσα

350 1222 645 1291 διασώζεις
698 1224 839 1279 Ἀλλ’
874 1225 1051 1279 ἔοικεν
1076 1229 1110 1297 ἡ
1143 1228 1345 1297 οἴησις,
1385 1228 1556 1292 πάθος
1598 1226 1734 1282 οὖσα
1765 1229 1927 1299 χαλε-

355 1314 461 1366 πόν
480 1332 532 1366 τι
566 1315 658 1367 καὶ
674 1314 1091 1387 εὐπερίστατον,
1116 1320 1172 1371 ὲν
1189 1321 1300 1382 τοῖς
1325 1318 1715 1389 καιριωτάτοις
1740 1320 1929 1383 αὐτοῖς

353 1406 823 1474 ἀποσφάλλεσθαι.
857 1409 1158 1463 Κάνταῦθα
1190 1410 1300 1482 γὰρ
1329 1412 1521 1464 ἑαυτὸν
1549 1410 1927 1483 παραλογίζε-

350 1515 468 1563 ται,
499 1498 532 1570 ἢ
561 1497 655 1563 οὓς
682 1499 890 1555 πείθειν
913 1501 1310 1573 ὑπολαμϐάνει.
1346 1504 1421 1557 οὑ
1453 1507 1565 1568 τοῖς
1606 1505 1787 1574 λόγοις
1833 1500 1929 1558 οὖν

353 1583 441 1652 οἷς
468 1589 666 1661 χρῆται
688 1591 825 1662 πρὸς
854 1592 1131 1664 ὲξαπάτην
1175 1594 1285 1647 τῶν
1327 1594 1539 1648 πολλῶν
1574 1595 1926 1667 προσεκτέον,

355 1679 439 1750 τῷ
492 1680 680 1753 τρόπῳ
724 1681 783 1736 δὲ
840 1684 935 1736 καὶ
987 1686 1102 1748 τοῖς
1154 1682 1361 1756 ἔργοις,
1417 1685 1455 1741 ἃ
1502 1686 1567 1759 δὴ
1622 1686 1766 1741 κατὰ
1817 1685 1927 1740 τῶν

2024 515 2234 572 scilicet
2265 519 2316 573 in
2350 536 2457 576 uno
2505 522 2805 592 eodemque
2851 521 3068 592 negotio
3091 518 3438 575 traditionem
3493 519 3597 574 Ec-

2024 605 2201 662 clesiae
2231 612 2537 676 admittere.
2569 614 2726 669 modo
2750 613 3044 669 recusare?
3063 609 3189 666 Haec
3220 609 3594 681 dogmatizare

2024 699 2215 756 volens
2260 700 2349 756 hic
2395 704 2802 771 solertissimus,
2829 705 3099 775 quomodo
3154 716 3259 757 non
3305 702 3599 770 reputavit,

2025 792 2228 848 Christi
2282 793 2614 864 Ecclesiam,
2664 813 2788 871 cum
2852 797 3063 852 cmteris
3113 792 3367 850 omnibus
3421 792 3600 849 sacris

2027 884 2209 950 rebus,
2240 887 2623 943 venerabilium
2671 904 2889 961 quoque
2925 888 3218 956 imaginum
3269 884 3506 940 studium
3549 894 3605 940 et

2027 977 2436 1033 convenientem
2471 982 2842 1035 adorationem
2874 981 2942 1035 ab
2987 980 3141 1034 initio
3187 990 3359 1046 usque
3405 976 3472 1030 ad
3506 975 3602 1030 lto—

2027 1064 2275 1122 diernum
2347 1070 2488 1124 diem
2518 1110 2533 1135 ,
2582 1080 2740 1140 prout
2774 1072 3007 1140 accepit.
3076 1067 3439 1125 conservare?
3495 1065 3602 1122 Sed

2027 1155 2170 1209 enim
2211 1157 2419 1211 videtur
2452 1161 2523 1214 ob
2555 1163 2941 1230 arrogantiam,
2975 1177 3096 1229 qua:
3133 1160 3310 1230 passio
3357 1158 3472 1210 dira
3530 1156 3603 1212 sl-

2030 1240 2139 1294 mul
2154 1249 2236 1297 est
2259 1252 2311 1298 et
2341 1245 2756 1302 facileincidens
2788 1249 2933 1319 (13-1
2954 1248 3023 1318 ἰ),
3055 1249 3108 1301 in
3142 1250 3252 1315 ipsa
3279 1247 3354 1297 rei
3388 1260 3600 1300 summa

2029 1329 2302 1387 aberrare.
2328 1332 2569 1404 Namque
2608 1348 2661 1391 et
2689 1338 2776 1392 hic
2820 1349 2990 1391 semet
3014 1337 3149 1391 fallit
3178 1336 3482 1399 Mamonas,
3514 1333 3600 1388 vel

2031 1429 2178 1473 certe
2203 1421 2341 1478 alios
2369 1424 2567 1493 quibus
2622 1442 2734 1480 rem
2789 1427 3116 1496 persuadere
3164 1439 3223 1478 se
3278 1432 3454 1493 putat.
3487 1421 3602 1476 Non

2030 1522 2113 1566 est
2160 1527 2287 1583 ergo
2314 1514 2515 1579 verbis,
2548 1519 2741 1586 quibus
2770 1518 2836 1572 ad
2883 1518 3176 1572 multorum
3225 1514 3598 1583 deceptionem

2030 1604 2221 1668 utitur,
2254 1606 2663 1673 attendendum,
2696 1611 2791 1663 sed
2832 1623 2898 1663 ex
2932 1608 3090 1662 modo
3125 1622 3187 1660 ac
3229 1605 3588 1669 facinoribus.

2031 1705 2150 1760 qua:
2168 1695 2426 1750 adversus
2458 1706 2675 1753 sanctos
2718 1698 3060 1753 machinatus
3099 1704 3183 1751 est
3231 1710 3295 1751 ac
3329 1692 3588 1765 patravit,

355 1767 531 1838 ἁγίων
586 1771 938 1831 ὲόουλεύσατό
979 1792 1039 1831 τε
1107 1777 1203 1831 καὶ
1250 1776 1476 1850 ιδρασεν
1502 1816 1519 1845 ,
1568 1777 1733 1843 αὑτὸν
1802 1795 1926 1851 κρι-

2032 1778 2094 1836 de
2126 1795 2193 1835 eo
2225 1779 2576 1851 iudicandum
2611 1795 2716 1840 est.

353 1862 496 1939 τέον,

429 1995 518 2067 ιβ’.
549 1992 683 2055 Εἰτα
723 1998 920 2069 ἐπάγει
940 2014 953 2030 ·
974 2017 1003 2051 .‹
1060 2001 1154 2072 Μὴ
1172 1999 1451 2074 τρέψαντα
1474 2000 1574 2071 τὴν
1596 2000 1826 2073 θεότητα
1848 2002 1930 2065 εἰς

357 2088 560 2159 σάρκα,
592 2091 727 2160 μήτε
755 2089 855 2161 τὴν
893 2090 1075 2161 σάρκα
1112 2094 1193 2156 εἰς
1221 2092 1453 2161 θεότητα
1499 2088 1661 2157 αὗξος
1685 2095 1929 2163 δμποιη·

358 2178 688 2247 σαμένην.-ι
738 2179 1023 2234 Ἐντεῦθεν
1050 2180 1208 2252 δῆλον
1235 2182 1427 2235 ἑαυτὸν
1471 2182 1761 2253 πεποίηκε,
1793 2184 1932 2254 περὶ

357 2267 461 2335 τὴν
487 2267 580 2321 τοῦ
602 2268 777 2337 Λόγου
808 2269 1091 2340 σάρκωσιν
1120 2271 1602 2343 άποσφαλλόμενον
1620 2288 1635 2305 ο
1663 2273 1761 2325 καὶ
1798 2289 1932 2326 κατ-

361 2357 586 2428 άρχεται
604 2357 789 2414 λοιπὸν
804 2361 945 2416 κατὰ
969 2361 1168 2433 μικρὸν
1182 2364 1250 2419 τά
1265 2363 1368 2433 τῆς
1387 2381 1521 2434 πονη
1531 2365 1654 2435 ρίας
1675 2382 1931 2437 παραγυ-

363 2449 551 2518 μνοῦν.
577 2451 653 2503 Οὑ
684 2451 791 2524 γάρ
811 2451 1000 2525 ὥσπερ
1025 2452 1100 2524 τῷ
1123 2455 1282 2525 Λόγῳ
1308 2455 1370 2508 τὸ
1401 2454 1672 2527 ἄτρεπτον
1690 2456 1931 2528 ῑνειμεν,

359 2538 507 2593 οὕτω
533 2541 591 2595 δὲ
618 2542 713 2595 καὶ
740 2546 807 2615 τῇ
846 2545 1015 2615 σαρκὶ
1041 2545 1174 2598 αὑτὸ
1207 2545 1275 2616 δὴ
1292 2546 1454 2599 τοῦτο
1471 2547 1803 2614 ἀποδέδωκε,
1826 2546 1933 2602 κᾶν

361 2631 574 2686 πείθειν
604 2634 761 2699 τινάς
808 2635 1085 2706 ενόμιζεν,
1116 2636 1193 2701 ὡς
1224 2638 1323 2709 τὴν
1372 2637 1552 2711 σάρκα
1580 2639 1927 2710 ἀποδέχεται.

360 2722 430 2776 Τί
461 2723 569 2793 γὰρ
597 2724 703 2778 ἔδει
731 2724 895 2791 αὖξος
922 2726 1016 2779 τοῦ
1066 2728 1340 2799 ἁτρέπτου
1374 2730 1931 2801 άντιπαραλαμδάνε-

242 2832 247 2837 ί
362 2813 488 2866 σθαι
508 2830 525 2880 ;
548 2814 628 2868 Τὰ
656 2814 786 2882 γοῦν
821 2815 1092 2887 ἰδιώματα
1136 2820 1307 2888 αὑτῆς
1337 2819 1521 2873 τέλεον
1553 2822 1932 2888 άποσκευαζόυ

364 2923 549 3005 μενος,
605 2908 706 2979 τὴν
763 2908 972 2963 οἰκείαν
1041 2910 1364 2976 κακοδοξίαν
1426 2914 1927 2984 προανακρούεται.

365 2998 387 3050 ἆ
440 2998 603 3052 ’Δλλὰ
645 2999 756 3053 τῶν
804 2999 902 3054 δύο
935 2999 1152 3069 φύσεων
1200 3002 1572 3057 συνελθουσῶν
1611 3007 1691 3067 εἰς
1736 3006 1931 3059 ἕνωσιν

2099 2001 2188 2057 η.
2242 2001 2443 2058 Deinde
2491 2002 2641 2057 addit
2703 2017 2718 2056 :
2787 2020 2807 2054 ι
2852 2001 2966 2057 Non
3028 2012 3233 2059 mutata
3278 2002 3334 2057 in
3381 2014 3605 2056 carnem

2030 2094 2350 2160 divinitate,
2413 2108 2596 2161 neque
2662 2108 2830 2148 carne
2894 2093 3295 2148 incrementum
3350 2090 3610 2145 atl‘erente

2031 2184 2323 2240 divinitati.
2382 2180 2545 2251 »Βία
2611 2198 2671 2238 se
2723 2183 3011 2239 manifeste
3059 2184 3400 2239 demonstrat
3454 2181 3608 2236 circa

2032 2273 2248 2341 Domini
2310 2273 2745 2329 incarnationem
2804 2288 3035 2343 errare,
3097 2288 3359 2341 suamque
3418 2271 3605 2359 paula:

2034 2365 2131 2420 tim
2167 2365 2282 2435 jam
2335 2365 2527 2434 incipit
2562 2365 2966 2435 improbitatem
3025 2366 3250 2420 nudare.
3286 2365 3400 2418 Non
3458 2362 3607 2416 enim

2032 2455 2173 2511 sicut
2198 2452 2378 2510 Verbo
2435 2455 3009 2511 inconvertibilitatetn
3047 2456 3317 2517 attribuit,
3345 2455 3417 2508 ita
3443 2453 3609 2507 etiam

2031 2547 2180 2601 carni
2227 2547 2369 2602 idem
2415 2549 2736 2603 attributum
2784 2548 3119 2617 assignavit;
3166 2546 3376 2615 etiamsi
3411 2543 3613 2612 aliqui-

2032 2638 2133 2691 bus
2164 2639 2493 2705 persuadere
2544 2652 2602 2694 se
2629 2648 2782 2708 putat
2816 2654 3038 2694 carnem
3071 2654 3102 2692 a
3133 2653 3193 2692 se
3227 2636 3458 2690 admitti.
3503 2633 3612 2690 Cur

2031 2727 2175 2781 enim
2203 2729 2442 2796 oportuit
2471 2729 2891 2792 incrementum,
2925 2726 3458 2783 inccnvertibilitatis
3491 2723 3611 2779 loco

2038 2817 2416 2889 dicereiErgo
2459 2819 2642 2874 carnis
2701 2820 3064 2890 proprietates
3126 2828 3350 2888 prorsus
3379 2830 3608 2886 negans.

2036 2923 2258 2977 pravam
2287 2924 2441 2964 suam
2499 2912 2828 2965 sententiam
2874 2912 3178 2967 denuntiat.
3212 2929 3231 2963 ι
3272 2908 3376 2963 Sed
3404 2908 3613 2962 duabus

2034 3002 2242 3056 naturis
2274 3002 2326 3055 in
2375 3001 2716 3057 inconfusam
2746 3018 2908 3057 unam
2965 3003 3292 3057 coeuntibus
3356 3000 3611 3055 unionem

355 3090 690 3161 άσύγχυτον,
720 3092 822 3162 τήν
853 3108 914 3144 τε
944 3093 1042 3162 τῆς
1065 3092 1321 3163 θεότητος
1348 3095 1444 3147 καὶ
1491 3096 1589 3164 τῆς
1639 3095 1928 3165 άνθρωπό·

2038 3092 2344 3149 divinitatis
2374 3102 2429 3151 et
2484 3095 2865 3159 humanitatis,
2895 3110 3062 3149 unum
3104 3093 3461 3163 eumdemque
3494 3105 3615 3146 esse

355 3198 543 3254 τητος,
596 3183 693 3236 ἕνα
741 3182 833 3237 τὸν
881 3184 1047 3238 αὑτὸν
1113 3184 1237 3238 καθ’
1290 3184 1594 3239 ὑπόστασιν
1635 3186 1931 3257 ὑπάρχειν,

353 3272 584 3327 διπλοῦν
624 3274 684 3327 ιν
727 3272 809 3328 ἑνὶ
856 3274 1154 3346 προσώπῳ.
1197 3294 1217 3328 ι
1267 3275 1700 3344 Παραλογίζεται
1742 3277 1935 3331 ιαυτδν

354 3363 665 3429 κάνταῦθα,
691 3366 755 3419 οὐ
808 3366 920 3438 γὰρ
966 3368 1076 3421 τῶν
1113 3368 1486 3437 ἀκροωμένων
1514 3369 1643 3431 τοὺς
1675 3369 1934 3433 συνετοὺς

354 3455 462 3509 καὶ
493 3456 618 3509 νοῦν
659 3455 900 3527 ἔχοντας.
951 3457 1013 3510 Ei
1064 3456 1173 3529 γὰρ
1213 3456 1392 3528 ὀρθῶς
1424 3457 1756 3529 προσέφερε,
1782 3457 1835 3510 τί
1868 3456 1932 3531 δή

352 3562 496 3599 ποτε
529 3546 605 3617 μὴ
654 3548 749 3602 καὶ
791 3548 969 3620 ὀρθῶς
993 3548 1206 3612 διεῖλεν,
1238 3551 1286 3603 εἰ
1317 3550 1661 3622 ἀσυγχύτους
1693 3568 1935 3623 μεμενη-

353 3638 518 3692 κέναι
545 3638 646 3702 τάς
676 3640 817 3695 κατὰ
843 3641 1081 3711 Χριστὸν
1108 3641 1469 3705 συνελθούσας
1501 3642 1693 3711 φύσεις
1732 3643 1934 3714 διωμο-

351 3729 535 3799 λόγει,
580 3732 675 3784 καὶ
724 3732 1031 3804 ἀτρέπτους
1080 3732 1147 3786 ἂν
1208 3733 1427 3797 πάντως
1471 3734 1937 3805 ταύταςοπαρεδέ-

352 3835 525 3891 χετο;
567 3820 722 3875 Ἐπεὶ
748 3821 857 3875 τίνι
888 3822 1078 3893 τρόπῳ
1101 3821 1341 3892 θατέρας
1373 3822 1474 3892 μὲν
1519 3824 1587 3877 τά
1640 3822 1933 3893 ἰδιώματα,

351 3913 612 3965 τουτέστι
641 3912 740 3975 τῆς
764 3913 860 3966 τοῦ
903 3912 1081 3980 Λόγου
1114 3913 1334 3983 φύσεως
1368 3912 1457 3966 διὰ
1513 3912 1608 3967 τοῦ
1656 3914 1932 3984 ἀτρέπτου

353 3999 767 4068 διασωζόμενα,
816 4002 1091 4073 εἰσφέρειν
1140 4006 1547 4075 προσποιεῖται’
1585 4002 1819 4073 θατέρας
1852 4005 1932 4071 δὲ,

353 4092 612 4146 τουτέστι
642 4092 741 4163 τῆς
773 4094 1001 4165 σαρκὸς,
1031 4094 1221 4163 ὥσπερ
1260 4095 1652 4166 παρῃρημένα,
1701 4096 1935 4151 ἀπαναί-

356 4183 695 4246 νεται;οὑκ
732 4182 883 4237 ἐστιν
938 4184 1032 4239 οῦν
1087 4184 1247 4238 τοῦτο
1295 4186 1598 4259 ἀτρέπτους
1631 4188 1725 4241 καὶ
1761 4190 1932 4257 ἀσυγ-

359 4272 561 4342 χύτους
588 4273 686 4337 τάς
710 4274 899 4341 φύσεις
929 4274 1267 4340 δοξάζοντος.
1290 4278 1353 4330 Εἰ
1383 4279 1491 4348 γάρ
1506 4278 1566 4331 τὸ
1600 4280 1698 4347 μὲν
1727 4297 1931 4334 πεπον-

359 4362 520 4417 θέναι
542 4364 668 4437 περὶ
691 4366 791 4428 τὰς
810 4365 1081 4437 ἰδιότητας
1109 4366 1269 4432 ἀξιοῖ,
1303 4369 1514 4437 ἀνάγκη
1533 4369 1625 4420 καί⁵
1654 4370 1715 4421 τὸ
1739 4370 1928 4425 λοιπὸν

358 4454 635 4519 πεπονθὸς
663 4456 1139 4527 συνομολογήσειν.
1179 4458 1391 4529 Ὥσπερ
1411 4458 1520 4530 γάρ
1554 4459 1684 4524 Θεὸς
1716 4461 1923 4527 τέλειος
1962 4447 2007 4502 Ῐ)

359 4546 503 4617 πρὸς
531 4548 688 4617 ἡμῶν
718 4548 939 4607 πάντων
966 4548 1357 4620 ώμολόγηταιό
1381 4551 1620 4623 Χριστὸς
1646 4554 1703 4604 ὲν
1740 4555 1923 4624 μορφῇ

357 4638 520 4702 Θεοῦ,
581 4640 752 4710 ἧγουν
796 4642 852 4694 ὲν
903 4642 1064 4712 οὐσία
1111 4642 1248 4695 Θεοῦ
1305 4642 1589 4713 ὑπάρχων,
1634 4643 1778 4697 οὕτω
1838 4647 1934 4700 καὶ

364 4729 579 4801 μορφὴν
616 4730 806 4784 δούλου
854 4731 1036 4786 λαϐὼν
1078 4732 1178 4803 τὴν
1225 4732 1349 4787 καθ’
1400 4735 1569 4803 ἡμᾶς.
1611 4735 1819 4800 τέλειος
1866 4735 1934 4790 ἂν

360 4821 675 4875 πιστεύοιτο
712 4822 1022 4895 ἄνθρωπος,
1085 4826 1144 4877 ὲν
1200 4824 1391 4894 μηδενὶ
1438 4826 1785 4897 λειπόμενος.
1825 4830 1939 4882 Καὶ

359 4922 474 4984 γᾴρ
508 4908 601 4966 οὖν
628 4914 724 4968 καὶ
753 4916 785 4985 ἡ
821 4915 944 4969 καθ’
974 4917 1125 4987 ἡμᾶς
1157 4917 1477 4988 Ἐκκλησία,
1508 4919 1650 4972 κατὰ
1686 4919 1756 4972 τὰ
1782 4918 1932 4973 θειω·

358 5004 469 5068 δῶς
495 5006 629 5075 ἡμῖν
652 5006 1067 5077 παραδεδομένα
1118 5007 1183 5061 ἐκ
1211 5024 1270 5061 τε
1299 5008 1677 5063 άποστολικῶν
1727 5026 1933 5081 κηρυγ-

364 5096 551 5164 μάτων
620 5098 714 5151 καὶ
761 5100 1043 5170 πατρικῶν
1073 5100 1438 5170 διδαγμάτων,
1485 5101 1791 5171 ἀτρέπτους
1835 5104 1930 5155 καὶ

362 5186 704 5257 ἀσυγχύτους
738 5190 838 5254 τὰς
867 5191 1057 5259 φύσεις
1105 5191 1466 5263 ὁμολογοῦσα,
1496 5192 1593 5244 καὶ
1633 5192 1702 5245 τὰ
1735 5193 1939 5264 ἐκατέ-¹

367 5292 469 5345 ρας
514 5278 720 5333 τούτων
755 5280 1049 5351 ἰδιώματα,
1094 5282 1240 5336 τοῦθ’
1284 5284 1422 5356 ὅπερ
1479 5284 1627 5336 ἐστὶν
1661 5285 1927 5354 ἑκάτερον

361 5364 663 5442 διαρρήδην
694 5372 1176 5442 πρωνακέκραγε.
1211 5371 1407 5442 Μάτην
1434 5365 1527 5424 οὖν
1549 5372 1614 5441 τῇ
1656 5372 1783 5443 δόξῃ
1828 5373 1924 5442 τῆς

440 5612 644 5685 (ιδ-ιι)
684 5613 921 5684 Respicit
944 5611 1276 5684 Nicepliorus
1312 5614 1379 5670 ad
1404 5613 1565 5670 Hebr.
1600 5611 1745 5678 τιυὶ
1783 5628 1794 5662 :
1825 5611 1934 5682 Τὴν

368 5681 752 5756 εὑπερίστατον
780 5681 1089 5755 ἁμαρτίαν(
1272 5704 1283 5713 '

2034 3185 2329 3239 secundum
2358 3186 2572 3239 unicam
2602 3185 2715 3255 (l5)
2742 3186 3096 3257 Itypostasim,
3124 3184 3388 3254 duplicem
3419 3183 3470 3237 in
3508 3198 3613 3235 una

2034 3290 2281 3345 persona.
2317 3274 2463 3331 illic
2510 3291 2729 3346 quoque
2784 3293 2842 3332 se
2907 3277 3080 3345 ipsmu
3148 3274 3307 3342 fallit,
3384 3274 3612 3327 minime

2034 3378 2164 3420 vero
2205 3365 2484 3422 auditores
2545 3381 2769 3436 sagaces
2820 3376 2983 3436 atque
3044 3365 3321 3421 cordatus.
3382 3360 3515 3415 Nam
3564 3363 3612 3415 si

2034 3466 2181 3513 recte
2204 3458 2505 3528 proposuit,
2534 3473 2631 3513 cur
2651 3468 2797 3514 recte
2821 3473 3037 3528 quoque
3071 3473 3180 3513 nou
3232 3452 3519 3511 distinxit?
3554 3453 3612 3507 Si

2032 3548 2349 3606 iuconfusas
2404 3553 2671 3606 mansisse
2719 3559 2979 3605 coeuntes
3015 3549 3069 3604 in
3121 3549 3338 3605 Christo
3383 3556 3612 3601 naturas

2036 3640 2219 3697 fassus
2253 3650 2360 3707 est,
2397 3642 2813 3713 utique‘debuit
2841 3641 2943 3696 has
2975 3641 3102 3694 item
3155 3654 3382 3712 prorsus
3428 3640 3617 3693 incon-

2034 3730 2313 3786 vertibiles
2339 3746 2460 3786 csse
2487 3747 2591 3786 non
2623 3732 2893 3788 dubitare.
2922 3731 3130 3786 Deinde
3168 3731 3442 3800 quomodo
3487 3743 3613 3797 pro-

2036 3824 2293 3894 prietates
2352 3823 2570 3891 quidem
2624 3824 2868 3889 alterius,
2908 3823 2959 3877 id
3020 3832 3105 3878 est
3154 3831 3360 3875 naturae
3419 3818 3612 3883 Verbi,

2036 3923 2259 3985 propter
2291 3914 2862 3969 inconvertibilitatent
2911 3923 3266 3970 conservatas
3302 3925 3612 3981 proponere

2033 4002 2291 4067 simulat:
2339 4002 2565 4057 alterius
2613 4015 2819 4068 autem,
2849 4002 2903 4056 id
2947 4009 3033 4055 est
3082 4001 3302 4064 carnis,
3357 4008 3613 4067 tanquam

2033 4095 2273 4151 sublatas
2308 4094 2509 4164 negat?
2567 4093 2684 4148 Non
2710 4104 2793 4147 est
2835 4094 2936 4148 hoc
2967 4091 3198 4148 ollicium
3244 4091 3500 4153 hominis,
3521 4088 3613 4156 qui

2034 4197 2257 4243 naturas
2272 4188 2546 4243 existimet
2565 4186 3007 4241 inconvertibiles
3025 4195 3078 4240 et
3109 4187 3267 4240 incon
3278 4184 3448 4237 fusas.
3475 4179 3611 4235 Nutu

2034 4282 2077 4335 si
2115 4280 2234 4350 quis
2266 4295 2430 4335 unum
2474 4279 2684 4350 judicat
2715 4293 2932 4348 passum
2978 4292 3098 4332 esse
3146 4276 3347 4345 aliquid
3382 4274 3435 4327 in
3485 4285 3613 4341 pro-

2034 4373 2378 4443 prietatibus,
2415 4386 2640 4426 necesse
2702 4381 2784 4425 est
2841 4370 3069 4424 alterum
3120 4381 3334 4437 quoque
3394 4379 3610 4434 passum

2033 4468 2201 4535 aeque‘
2256 4466 2603 4521 confiteatur.
2660 4462 2813 4518 Sicut
2860 4465 3002 4516 enim
3073 4459 3370 4530 perfectum
3447 4458 3610 4507 Deum

2032 4546 2210 4611 cuncti
2253 4571 2354 4610 nos
2398 4556 2725 4609 conﬁtemur
2769 4553 3041 4607 Christum
3084 4551 3135 4602 in
3191 4548 3366 4602 forma
3398 4544 3512 4606 Dei,
3560 4542 3612 4595 id

2034 4655 2118 4701 est
2168 4646 2220 4701 in
2272 4645 2575 4700 substantia
2632 4644 2749 4711 Dei,
2800 4643 3192 4704 exsistentem;
3260 4638 3332 4692 ita
3391 4645 3445 4689 et
3489 4648 3610 4688 cum

2035 4736 2202 4804 servi,
2261 4737 2313 4790 id
2359 4744 2443 4790 est
2494 4746 2678 4790 nostra
2715 4774 2729 4798 ,
2773 4743 3025 4803 suscepta
3085 4731 3312 4804 forma,‘
3340 4727 3615 4797 perfectus

2036 4798 2337 4882 credendus
2366 4834 2451 4879 est
2489 4826 2605 4881 sine
2654 4824 2761 4878 ullo
2821 4798 3034 4878 dele-ctu
3084 4826 3265 4876 homo.
3304 4798 3502 4885 itaque
3559 4825 3616 4869 ct

2042 4926 2226 4973 nostra
2267 4915 2529 4982 Ecclesia,
2562 4914 2715 4983 juxta
2753 4915 2896 4984 quod
2954 4915 3110 4967 nobis
3141 4913 3395 4965 divinitus
3444 4907 3613 4961 tradi-

2043 5018 2151 5062 tum
2191 5006 2297 5076 22
2324 5015 2408 5060 est
2438 5007 2504 5059 ab
2549 5006 2863 5074 apostolicis
2895 5003 3368 5074 praetlicationiims
3399 5008 3453 5051 et
3500 4997 3606 5051 Pav

2041 5107 2182 5152 trum
2215 5097 2566 5167 magisteriis,
2603 5096 3045 5151 inconvertibiles
3082 5106 3243 5163 atque
3296 5089 3610 5145 inconfusas

2040 5199 2260 5245 naturas
2318 5189 2619 5253 confitens,
2685 5189 2875 5242 harum
2932 5188 3097 5242 etiam
3150 5185 3432 5251 utriusque
3494 5193 3612 5245 pro-

2038 5282 2314 5350 prietates,
2350 5291 2509 5350 prout
2553 5295 2777 5349 quaeque
2808 5296 2869 5335 se
2915 5280 3098 5339 habet,
3150 5277 3351 5331 diserte
3395 5272 3607 5340 procla-

2039 5375 2226 5428 mavit.
2260 5372 2480 5428 Frustra
2524 5372 2613 5428 hic
2651 5372 2814 5442 igitur
2845 5370 3217 5426 ecclesiastica
3248 5364 3513 5421 sententia
3552 5377 3611 5417 se

2113 5610 2224 5679 (Ιὸ)
2262 5610 2420 5666 Deest
2444 5612 2544 5664 hoc
2577 5610 2763 5663 locoin
2800 5608 2985 5665 codice
3014 5607 3162 5678 μίαν,
3197 5595 3612 5671 ιιιιὶιθαω,αἱίιθῐ

2038 5698 2098 5735 ac
2133 5698 2183 5750 p.
2214 5681 2276 5735 l9
2302 5682 2428 5752 (col.
2464 5680 2568 5737 216
2602 5681 2639 5733 (ἶ
2670 5680 2750 5749 4).
