4086 6344
440 322 550 387 2¹ἱ3

1471 319 1529 378 S.
1571 314 1985 377 NICEPHORI
2020 313 2529 379 PATRIARCHt'E
2568 322 2677 381 ΟΡ.

3598 324 3705 389 224

448 435 695 490 innixum
731 434 956 503 putabat
994 451 1007 487 ε
1037 447 1163 485 nam
1193 439 1382 484 contra
1410 428 1578 498 ipsam
1603 427 1780 496 potius
1817 427 2021 480 sentire

2138 421 2464 492 Ἐκκλησίας
2512 426 2892 497 ἐπερείδεσθαι
2962 429 3137 499 ᾤετο⁸
3214 430 3549 496 άπεναντίας
3591 432 3700 505 γὰρ

449 528 541 580 hic
585 538 799 595 quoque
829 522 1194 586 convincitur,
1228 522 1514 589 magistros
1551 535 1685 573 suos
1715 518 2023 585 Acepltalos

448 632 682 687 sequens
711 614 848 687 (16),
877 631 1103 685 quorum
1138 614 1375 666 nonnulli
1410 620 1635 665 naturas
1662 612 1916 664 videntur
1939 611 2028 663 ad-

448 710 670 764 mittere
724 708 857 778 (l7),
884 706 1059 761 cuncti
1111 715 1289 760 tamen
1324 704 1536 756 illarmn
1587 702 1833 755 l'umlitus
1893 716 2023 770 pro-

452 802 717 868 prietatcs
758 802 822 853 de
877 800 1053 852 medio
1085 798 1351 850 tolluntct
1375 796 1612 849 abolent.
1641 795 1777 848 Exin
1824 792 2024 847 mentis

450 907 562 946 sum
611 891 878 945 ﬂanmtam
914 928 926 946 .
978 888 1258 957 laterisque
1317 888 1369 941 itt
1425 887 1590 939 animi
1655 885 2023 955 penetralibus

451 987 633 1037 odimn
694 983 949 1035 adversus
1009 980 1303 1050 ﬁgurantes
1365 981 1628 1048 nobisun
1702 978 2025 1032 exhibentes

453 1076 757 1129 Scrvatoris
798 1074 966 1127 nostri
1018 1072 1219 1128 Christi
1252 1074 1544 1126 humanam
1579 1072 1832 1132 formam.
1869 1081 2023 1126 extra

413 1110 1053 1234 iordinem.abrupthuc
1105 1173 1392 1218 ostentans
1452 1163 1810 1217 demonstrat.

406 1250 423 1311 ι

524 1457 608 1511 15.
636 1455 728 1509 Ait
765 1456 908 1509 enim
944 1474 959 1508 :
990 1474 1007 1504 ι
1046 1453 1267 1509 Etiamsi
1304 1453 1480 1506 omnis
1528 1453 1703 1519 imago
1749 1446 1813 1506 de
1842 1462 2024 1520 proto.

451 1556 581 1616 typo
633 1545 815 1613 aliquo
850 1545 1092 1599 derivata
1145 1544 1510 1611 cognoscitur.
1555 1561 1573 1594 ι
1620 1542 1849 1596 Cuinam
1911 1544 2026 1597 haec

450 1635 815 1704 comparanda
849 1636 923 1691 rei
956 1635 1123 1690 sunt?
1157 1635 1263 1689 nisi
1291 1635 1418 1688 illud
1448 1632 1737 1687 dicendum
1756 1642 1858 1694 est,
1882 1633 2024 1702 quod

452 1728 771 1783 va-lutzenea
814 1727 1012 1792 ﬁstula,
1042 1728 1254 1784 incluso
1295 1740 1359 1781 ac
1405 1725 1637 1781 violento
1693 1726 1886 1793 spiritu
1946 1726 2026 1779 vi-
2056 1765 2101 1827 Β

452 1835 605 1874 secra
637 1821 906 1875 distentus
938 1819 1118 1883 fuerit,
1147 1834 1300 1889 atque
1331 1833 1393 1872 ac
1416 1818 1507 1872 ille
1532 1818 1732 1887 loquax
1766 1818 1983 1875 Buzitcs
2003 1821 2025 1852 ⁸

451 1929 577 1967 cum
608 1904 951 1983 ad‘magnum
984 1913 1226 1968 Ausilem
1256 1913 1617 1981 increpatoria
1651 1912 1818 1967 verba
1848 1913 2026 1967 inten-

376 1998 389 2011 '
452 2002 637 2057 debat.
667 2001 780 2057 Non
804 2004 948 2057 enim
981 2003 1158 2073 potuit
1183 2001 1467 2058 Mamonas
1508 2002 1774 2057 malitiam
1824 2002 2027 2070 diutius

451 2099 592 2149 intra
648 2110 707 2149 se
754 2095 954 2151 celare.
979 2094 1132 2150 Nunc
1188 2110 1351 2166 quem
1387 2095 1480 2149 diu
1509 2084 1840 2164 parturiebat
1869 2110 2026 2150 acer-

450 2202 577 2240 omn
634 2187 929 2257 impietatis
988 2188 1243 2243 abortum
1304 2187 1516 2253 eﬂ'udit,
1543 2196 1597 2243 et
1643 2202 1807 2257 quam
1864 2196 2025 2242 antea

450 2280 550 2348 sub
597 2281 962 2336 simulationis
1018 2283 1441 2352 peripetasmate
1497 2281 1680 2336 velare
1741 2280 2028 2336 videbatur

450 2371 873 2441 itrprobitatem,
907 2373 1124 2427 demum
1170 2374 1436 2428 excrevit.
1477 2375 1654 2442 Atque
1692 2375 1798 2436 his,
1832 2387 2028 2441 quam-

448 2464 531 2516 vis
562 2464 829 2517 oratioais
865 2465 1087 2531 sequcla
1134 2465 1354 2518 minime
1388 2464 1710 2531 postularet,
1736 2464 2032 2533 incongrue

450 2555 794 2617 dit-tissatis
874 2556 1111 2609 ostendit
1181 2555 1393 2608 nonnisi
1430 2555 1483 2607 vi
1537 2555 1678 2607 intra
1738 2568 1797 2607 se
1842 2553 2032 2609 conti-

450 2647 635 2701 nuisse
668 2663 730 2701 ea
766 2648 929 2700 etiam
990 2661 1112 2715 qua:
1144 2655 1305 2700 antea
1350 2646 1660 2700 simulabat.
1693 2644 1759 2698 Et
1812 2646 2029 2715 quidem

463 2748 656 2793 venter
717 2739 833 2808 eius
869 2739 1265 2808 dirumpendus
1308 2746 1450 2802 erat,
1503 2738 1607 2792 nisi
1660 2740 1799 2793 hanc
1845 2753 2029 2792 vocem

430 2830 617 2891 ,etiam
659 2840 816 2885 extra
859 2831 1104 2885 ordinem
1138 2832 1563 2898 exprompsisset
1595 2839 1851 2902 extraque
1906 2833 2030 2886 har-

454 2922 691 2975 moniam
725 2931 781 2976 et
811 2922 1055 2991 dispositi
1080 2926 1347 2993 sermonis
1373 2924 1588 2976 seriem.
1622 2921 1775 2976 Brevi
1804 2923 1944 2977 enim
1977 2924 2029 2977 iu

455 3030 615 3069 scena
675 3014 916 3082 jocatus,
948 3023 1005 3068 et
1045 3014 1160 3081 ejus
1201 3016 1342 3083 quod
1392 3015 1582 3083 agebat
1614 3014 1875 3067 dramatis
1900 3029 2032 3068 conv

452 3114 669 3178 sumpto
682 3107 820 3175 risu,
846 3106 915 3162 ad
953 3122 1107 3161 suum
1142 3121 1327 3161 rursus
1352 3108 1623 3175 ingenium
1652 3121 1712 3163 se
1740 3108 1963 3176 recepit.

524 3390 612 3445 14.
650 3390 1056 3461 Famigeratum
1086 3392 1233 3447 illum
1270 3403 1427 3449 vetus
1467 3395 1879 3466 mythographia
1910 3410 2032 3450 cor-

453 3498 579 3537 vum
608 3493 794 3537 narrat
816 3483 1008 3539 alienis
1035 3486 1227 3554 pennis
1256 3494 1511 3541 ornatum
1541 3487 1837 3557 aliquando
1865 3496 2030 3556 atque

455 3575 803 3641 gloriantem,
837 3575 888 3629 in
920 3592 1077 3644 quem
1129 3592 1320 3633 aereus
1365 3579 1584 3648 spirans
1635 3590 1829 3635 ventus
1884 3594 2032 3634 com-

458 3663 761 3717 tnentitiatn
786 3663 1042 3733 dispersit
1072 3663 1495 3731 formositatem,
1523 3681 1747 3735 remque
1797 3668 2030 3722 alienam

459 3755 887 3810 i'ecitevauidam
912 3774 927 3819 ;
954 3772 1014 3810 ex
1056 3772 1167 3826 quo
1200 3758 1345 3812 illius
1373 3759 1907 3814 deformitasdeinde
1933 3776 2030 3829 ap-

455 3848 658 3915 paruit.
705 3846 893 3903 Simile
946 3850 1075 3918 quid
1135 3851 1411 3905 Mamonas
1455 3850 1621 3904 etiam
1666 3866 1855 3920 passus
1900 3854 2030 3907 mihi

456 3938 687 3993 videtur.
750 3939 1035 4011 Postquam
1084 3943 1231 3996 enim
1281 3943 1475 3997 alienis
1518 3943 1792 4013 paulisper
1825 3960 1885 4000 se
1942 3961 2034 4000 ve-

456 4032 694 4085 nustavit
738 4031 883 4086 velut
929 4044 1088 4088 rectm
1141 4034 1262 4089 ﬁdei
1324 4035 1671 4101 dictionibus,
1703 4036 1867 4090 ﬂante
1909 4052 2031 4091 mox

455 4122 764 4177 adversaria
793 4126 865 4185 vi.
895 4142 997 4179 non
1028 4126 1118 4180 diu
1149 4137 1266 4194 post
1299 4128 1580 4182 sententia:
1633 4144 1744 4183 sua:
1798 4130 2033 4197 turpitu-

454 4213 631 4269 dinem
684 4216 1012 4283 patefactam
1057 4220 1322 4272 exhibuit.
1354 4217 1544 4273 Nonne
1591 4221 1735 4272 enim
1779 4222 2034 4275 omnibus

455 4317 624 4376 patet,
659 4308 818 4364 abeo
863 4310 1064 4365 Christi
1120 4311 1343 4379 gloriam
1388 4313 1708 4382 oppugnari,
1735 4314 1861 4366 dttm
1932 4317 2032 4368 mi-

456 4407 614 4454 natur
672 4415 736 4455 ac
794 4401 979 4455 fremit
1040 4403 1303 4455 adversus
1353 4402 1513 4457 Verbi
1562 4404 2029 4460 incarnationem?

454 4493 891 4563 quandoquidem
917 4497 1153 4549 nondum
1208 4494 1424 4563 incepto
1463 4497 1528 4549 de
1558 4496 1884 4567 imaginibus
1910 4515 2028 4555 ser-

456 4601 632 4651 mone,
666 4602 762 4655 per
783 4602 845 4640 ea
904 4601 1022 4656 quae
1075 4587 1128 4640 in
1171 4588 1404 4642 medium
1474 4589 1640 4643 verba
1689 4590 1844 4659 jecit,
1902 4601 2029 4647 ante

453 4675 615 4728 etiam
648 4677 963 4744 prmclaram
1011 4676 1155 4731 illam
1215 4680 1483 4735 orationis
1508 4691 1868 4751 structuram,
1905 4699 2031 4738 scn-

391 4820 395 4825 ,
455 4766 677 4821 tentiam
746 4783 898 4822 Suam
962 4771 1159 4827 innuit.
1215 4769 1424 4841 Quippe
1465 4773 1551 4828 hic
1614 4774 2032 4831 animadvertite

454 4874 746 4926 quatnnam
780 4858 973 4916 Sensus
1015 4862 1396 4920 cohaerentiam
1433 4882 1555 4921 cum
1598 4869 2030 4938 praecedentibus

457 4952 571 5007 hcce
628 4954 795 5006 verba
869 4956 1138 5013 retineant
1199 4975 1385 5015 :nam
1449 4962 1514 5017 de
1583 4965 1793 5018 naturis
1869 4975 2029 5019 antea

458 5044 847 5116 hypostasique
875 5048 1104 5118 locutus,
1133 5068 1255 5108 mox
1296 5055 1513 5125 propria
1564 5056 1788 5112 audacia
1838 5058 2034 5111 animi-

458 5152 565 5204 que
597 5137 800 5208 impetu
828 5143 1223 5214 instiuctus,ad
1252 5148 1849 5219 imagincsinordinate
1879 5160 2032 5204 trau—

458 5226 573 5281 silit
595 5236 651 5283 et
676 5241 965 5305 prototypa
994 5252 1011 5291 :
1046 5236 1119 5292 ita
1154 5248 1211 5293 ut
1235 5251 1423 5311 aperte
1476 5242 1838 5305 demonstret,
1862 5251 2032 5297 totum

530 5410 549 5440 "
588 5408 709 5468 Job.
747 5431 918 5483 xxxii,
958 5415 1011 5470 2.
1093 5421 1113 5451 ’
1153 5438 1243 5490 rp.
1276 5438 1467 5492 περιπ.

456 5632 498 5672 ._‘
531 5591 640 5664 (16)
668 5595 976 5672 _Aeephalos
1005 5598 1417 5671 Munophysitas
1445 5599 1612 5670 Syros
1634 5614 1661 5652 a
1685 5599 2030 5672 Copronymo

460 5663 1104 5741 lly'ILautium—translatos
1134 5663 1326 5738 quinto
1356 5672 1435 5725 sai
1473 5663 1619 5741 regni
1666 5663 1805 5725 anno
1846 5663 2029 5725 na’rrat

463 5744 513 5792 tu
544 5737 813 5796 Chronico
850 5739 1230 5807 Timophanes.

2126 514 2299 586 ταύτῃ
2336 518 2436 570 κάν
2464 517 2678 581 τούτοις
2701 517 2942 584 δοξάζων
2964 520 3271 592 ἐλέγχεται,
3298 523 3414 586 τοῖς
3445 522 3704 579 διδασκά-

2125 603 2239 663 λοις
2268 605 2433 658 αὐτοῦ
2463 609 2579 670 τοῖς
2625 610 2949 679 Ἀκεφάλοις
2991 612 3280 682 ἑπόμενος,
3309 606 3385 667 ὧν
3423 631 3573 678 τινες
3601 615 3698 677 τὰς

2126 694 2318 762 φύσεις
2365 697 2584 752 δοκοῦσι
2623 700 2901 770 δέχεσθαι,
2961 704 3164 767 πάντες
3220 705 3277 758 δὲ
3323 704 3395 757 τά
3428 706 3698 777 ἰδιώματα

2125 787 2306 838 αὐτῶν
2328 788 2520 860 πάντηξ
2535 790 2821 862 ἀναιροῦσι
2844 794 2939 847 καὶ
2968 796 3448 865 παραγράφονται.
3480 798 3694 850 Ἐντεῦ-

2128 875 2220 930 θεν
2242 877 2304 931 τὸ
2331 879 2667 949 φλεγμαῖνον
2693 883 2792 952 τῆς
2820 885 3066 955 γνώμης,
3086 888 3182 939 καὶ
3215 886 3314 957 τὴν
3334 887 3696 958 ύποικουροῦ·

2130 988 2229 1025 σαν
2256 971 2314 1024 ἐν
2339 971 2417 1043 τῷ
2449 972 2602 1043 βάθει
2630 975 2729 1044 τῆς
2767 975 2968 1047 ψυχῆς,
3019 978 3160 1031 κατά
3210 977 3317 1030 τῶν
3357 995 3700 1049 χαρακτηρι-

2129 1061 2330 1125 ζόντων
2381 1064 2478 1116 καὶ
2520 1065 2937 1133 ὲμφανιζόντων
2988 1070 3123 1137 ἡμῖν
3181 1068 3242 1121 τὸ
3292 1069 3387 1121 τοῦ
3445 1070 3698 1140 Σωτῆρος
3756 1056 3770 1066 ’

2130 1152 2287 1223 ἡμῶν
2343 1155 2583 1224 Χριστοῦ
2615 1156 2950 1229 ἀνθρώπεια
2998 1154 3136 1222 είδος
3164 1159 3514 1229 δυσμένειαν,
3565 1161 3700 1214 ἀτά-

2130 1261 2270 1306 κτως
2304 1260 2421 1307 πως
2456 1247 2550 1298 καὶ
2592 1247 2986 1319 ἀσυναρτήτως
3016 1247 3386 1318 ἐκπομπεύων
3438 1247 3701 1320 παραδεί-

2129 1354 2304 1390 κνυσι.

2201 1457 2287 1518 ιγ’.
2348 1452 2487 1522 Φησὶ
2535 1452 2661 1521 γάρ’
2706 1470 2725 1503 ι
2769 1451 2888 1504 Κᾶν
2942 1453 3092 1506 πᾶσα
3145 1451 3311 1505 εἰκὼν
3362 1453 3699 1524 παράγωγος

2128 1540 2491 1611 πρωτοτύπου
2518 1543 2664 1606 τινος
2694 1541 3045 1613 γνωρίζεται.
3088 1562 3107 1594 ι
3153 1543 3273 1596 Τίνι
3298 1543 3475 1597 ταῦτα
3509 1560 3694 1614 παρα-

2129 1632 2389 1703 6).ητέον;
2414 1634 2446 1705 ἢ
2479 1636 2657 1688 ἐκεῖνο
2688 1635 2904 1705 ῥητέον,
2926 1635 3009 1688 ὅτι
3030 1633 3276 1705 χαλκέως
3303 1635 3361 1687 ἐν
3395 1635 3495 1702 [σῳ
3521 1650 3698 1703 φυση-

2128 1724 2254 1795 τῆρι
2283 1725 2388 1778 ὑπὸ
2416 1726 2511 1778 τοῦ
2533 1722 2944 1796 ἐμφωλεύοντος
2967 1727 3062 1780 καὶ
3082 1726 3363 1790 ὀλέκοντος
3388 1726 3699 1797 πνεύματος

2127 1813 2195 1865 τὰ
2242 1813 2527 1884 σπλάγχνα
2562 1815 3030 1885 περιτεινόμενος,
3064 1814 3201 1867 κατ’
3254 1816 3466 1868 ἐκεῖνον
3502 1814 3567 1886 δὴ
3608 1815 3700 1868 τὸν

2127 1904 2391 1977 Βουζίτην
2431 1905 2521 1959 τὸν
2550 1906 2730 1970 λάλον,
2767 1906 2933 1977 ἡνίκα
2963 1905 3042 1976 τῷ
3090 1904 3299 1977 Αύσίτῃ
3343 1905 3422 1976 τῷ
3472 1905 3697 1977 μεγάλῳ

2128 1997 2671 2070 ἐπιπληκτικώτερόν
2700 2015 2817 2062 πως
2840 1997 3277 2067 προσδιελέγετο.
3310 1998 3386 2051 Ού
3407 1996 3519 2069 γάρ
3537 1996 3693 2051 ἔσθιε

2129 2107 2219 2143 νεν
2272 2089 2351 2143 ἔτι
2384 2090 2649 2161 κρύπτειν
2681 2090 2834 2153 ἐντὸς
2859 2089 2957 2160 τὴν
2988 2089 3341 2161 κακοήθειαν.
3399 2088 3517 2143 Νῦν
3560 2090 3697 2160 ὅπερ

2130 2183 2299 2237 πάλαι
2319 2182 2476 2237 ὢδινε
2529 2183 2726 2253 πικρὸν
2748 2183 2849 2253 τῆς
2866 2181 3121 2245 ἀσεϐείας
3140 2182 3233 2250 ἐξή
3244 2181 3461 2252 μὸλωσε
3491 2181 3700 2253 κύημα,

2130 2277 2226 2329 καὶ
2248 2275 2314 2346 ἢν
2346 2275 2477 2345 πρὶν
2500 2276 2605 2328 ὑπὸ
2636 2276 3112 2345 παραπετάσματι
3135 2277 3156 2308 ⁸
3178 2272 3257 2344 τῷ
3279 2273 3568 2344 πλάσματι
3599 2289 3703 2326 κα-

2129 2366 2443 2431 τασκιάζειν
2472 2366 2649 2420 ἐδόκει
2704 2366 2973 2438 πονηρίαν
3024 2366 3328 2438 ἐκρήγνυσι
3358 2380 3373 2393 ·
3418 2363 3704 2419 καὶταῦτα

2135 2461 2268 2531 μηδέ
2312 2460 2414 2531 τῆς
2442 2459 2770 2523 ἀκολουθίας
2795 2459 2888 2512 τοῦ
2919 2458 3082 2527 λόγου
3122 2458 3426 2529 φερούσης,
3454 2455 3700 2511 ἀκαταλ-

2132 2553 2307 2624 λήλως
2353 2551 2705 2621 ἐκτιθέμενος
2730 2568 2742 2579 ·
2768 2549 2985 2613 δεικνὺς
3013 2548 3109 2603 καὶ
3147 2547 3425 2611 ἐντεῦθεν,
3481 2546 3565 2601 ὅτι
3610 2543 3700 2615 βίᾳ

2134 2648 2383 2715 κατεῖχεν
2409 2645 2467 2696 ἐν
2499 2642 2700 2713 ἐαυτῷ,
2736 2641 2830 2695 καὶ
2875 2641 2912 2695 ἀ
2958 2640 3328 2711 προλεχθέντα
3368 2636 3520 2708 αὐτῷ
3556 2653 3698 2706 παρ-

2132 2738 2428 2813 επλάσιτο.
2454 2737 2563 2788 Καὶ
2597 2735 2662 2804 δὴ
2695 2734 2761 2787 ἂν
2790 2732 3161 2804 περιερρώγει
3187 2730 3355 2785 αὐτοῦ
3393 2731 3428 2799 ὴ
3463 2727 3701 2799 γαστὴρ,

2132 2830 2183 2882 εί
2206 2827 2279 2899 μὴ
2296 2827 2501 2895 ταύτην
2543 2825 2743 2896 ερρηξε
2790 2824 2889 2895 τὴν
2931 2824 3137 2895 φωνὴν,
3169 2824 3263 2877 καὶ
3302 2821 3456 2893 παρὰ
3484 2820 3584 2889 τὴν
3606 2820 3703 2876 τά·

2135 2917 2239 2981 ξιν,
2272 2918 2366 2969 καὶ
2394 2916 2548 2987 πα,ρά
2580 2916 2680 2985 τὴν
2709 2906 3002 2985 ἁρμονίαν,
3037 2913 3133 2967 καὶ
3157 2913 3308 2985 παρά
3345 2911 3446 2982 τὴν
3476 2908 3706 2964 ἀκολού-

2135 3007 2292 3076 θησιν
2322 3006 2419 3074 τῆς
2444 3005 2539 3057 τοῦ
2570 3003 2731 3073 λόγου
2758 3004 3048 3067 ἐκθέσεως.
3083 3002 3275 3074 Μικρά
3300 3002 3414 3072 γὰρ
3431 3004 3501 3072 τῇ
3531 3003 3704 3072 σκηνῇ

2059 3102 2106 3164 C
2136 3097 2502 3169 προσπαίξας,
2532 3096 2625 3149 καὶ
2655 3096 2720 3149 τδ
2747 3095 2933 3166 δρᾶμα
2980 3086 3121 3164 ὅπερ
3160 3092 3493 3164 ὑπεκρίνατο
3539 3108 3700 3163 μονο-

2137 3187 2288 3257 νουχῖ⁸
2307 3184 2663 3252 διαγελάσας,
2688 3185 2825 3257 πρὸς
2859 3184 2960 3255 τὴν
2987 3184 3200 3238 οἰκείαν
3233 3181 3409 3255 ῥοπὴν
3438 3178 3705 3245 ἐπανιὼν,

2138 3280 2223 3348 ἐφ’
2246 3278 2437 3332 ἐαυτὸν
2468 3278 2702 3347 γίνεται.

2184 3390 2291 3447 ἰδ’.
2322 3391 2426 3446 Τὸν
2448 3390 2920 3464 μυθολογούμενον
2948 3390 3159 3447 κολοιὸν
3210 3389 3474 3460 ἐκεῖνονη
3503 3386 3713 3443 παλαιά

2138 3486 2383 3556 εἰσφέρει
2413 3484 2818 3555 μυθοπλαστία,
2849 3484 3081 3547 ὀθνείοις
3110 3486 3337 3554 πτεροῖς
3363 3481 3709 3549 ἐγκαλλωπι-

2139 3577 2366 3649 ζόμενόν
2404 3594 2519 3640 πως
2580 3577 2677 3630 καὶ
2734 3575 3182 3646 ἐπαγαλλόμενον
3213 3590 3227 3606 ·
3279 3574 3364 3643 ἐφ’
3415 3572 3477 3626 ὅν
3524 3572 3712 3645 ἀέριον

2139 3687 2269 3724 ποτε
2305 3669 2618 3741 προσρῆξαν
2647 3667 2887 3739 πνεῦμα,
2913 3668 3238 3722 σκεδάννυσι
3267 3667 3366 3737 μὲν
3391 3667 3492 3735 τὴν
3516 3663 3708 3739 ἐπείστ

2137 3777 2302 3816 ακτον
2339 3759 2671 3829 εὐμορφίαν,
2705 3759 2802 3812 καὶ
2831 3757 3064 3828 φροῦδον
3119 3758 3265 3812 ποιεί
3295 3755 3357 3809 τὸ
3401 3754 3711 3825 ἀλλότριον,

2139 3852 2348 3906 ἐκεῖθεν
2373 3851 2428 3904 δὲ
2453 3852 2599 3921 αὐτῷ
2621 3852 2680 3905 τὺ
2701 3850 2941 3914 δυσειδὲς
2957 3849 3144 3903 λοιπὸν
3168 3848 3533 3918 ἐξελέγχεται.
3558 3846 3712 3916 Τάχα

2137 3963 2191 3999 τι
2227 3944 2612 4017 παραπλήσιον
2657 3944 2752 3999 καὶ
2806 3943 2970 4007 αὐτός
3008 3959 3097 4014 μοι
3158 3940 3490 3995 πεπονθέναι
3542 3937 3710 3992 δοκεῖ.

2152 4037 2480 4109 Ἀλλοτρίοις
2506 4036 2615 4105 γὰρ
2644 4035 2836 4104 ὥσπερ
2876 4037 2977 4104 τῆς
3030 4032 3316 4094 εὐσεϐείας
3344 4031 3402 4083 ἐν
3451 4027 3713 4099 βραχέσιν

2139 4129 2332 4182 ἐαυτὸν
2372 4125 2808 4198 περιμορφὼσας
2838 4126 3041 4193 λόγοις,
3080 4124 3187 4177 ὑπὸ
3227 4116 3708 4192 τῆςηέμπνεούσης

2138 4222 2285 4291 αὐτῷ
2316 4219 2567 4281 ἐναντίας
2593 4217 2898 4287 δυνάμεως,
2944 4217 3045 4270 οὐκ
3071 4218 3153 4279 είς
3205 4213 3427 4285 μακρὰν
3443 4213 3504 4265 τὸ
3518 4206 3713 4281 αἶσχος

2136 4312 2236 4381 τῆς
2265 4308 2459 4363 ἑαυτοῦ
2504 4307 2661 4378 δόξης
2696 4306 2923 4377 ἔκδηλον
2979 4305 3385 4375 παρεστήσατο.
3427 4295 3575 4370 *Δρα
3603 4297 3714 4368 γάρ

2137 4403 2196 4454 ού
2230 4400 2396 4454 πᾶσίν
2437 4402 2556 4452 ἐστι
2584 4398 2925 4467 καταφανὴς,
2963 4399 3033 4467 τῇ
3058 4395 3153 4449 τοῦ
3178 4391 3429 4467 Χριστοῦ
3460 4391 3589 4463 δόξῃ
3617 4405 3714 4460 με·

2140 4509 2286 4565 μαχη
2296 4492 2479 4561 μένος,
2514 4491 2755 4544 ἀπειλῶν
2775 4492 2869 4544 καὶ
2892 4489 3111 4560 βρέμων
3135 4489 3277 4542 κατά
3303 4488 3401 4557 τῆς
3425 4485 3519 4539 τοῦ
3538 4483 3713 4551 Λόγου

2138 4584 2501 4656 σαρκώσεωςς
2533 4584 2615 4637 ὅτι
2639 4583 2703 4654 δὴ
2742 4583 2932 4653 πρὶνῆ
2970 4582 3244 4653 κατάρξαι
3283 4579 3376 4632 τοῦ
3409 4578 3540 4648 περὶ
3566 4575 3714 4628 είκό-

2138 4698 2245 4734 νων
2275 4679 2459 4747 λόγου,
2481 4677 2547 4730 δι’
2580 4670 2657 4731 ὧν
2684 4674 2990 4747 ἀπέρριψεν
3030 4676 3089 4729 ἐν
3115 4673 3264 4745 μέσῳ
3299 4671 3582 4744 ῥημάτων,
3615 4668 3715 4736 τὴν

2138 4770 2348 4823 οἰκείαν
2377 4770 2472 4822 καὶ
2494 4768 2600 4839 πρὸ
2633 4768 2733 4839 τῆς
2763 4767 2995 4836 ἀρίστης
3023 4766 3243 4834 ἐκείνης
3278 4762 3372 4816 τοῦ
3401 4761 3564 4830 λόγου
3614 4774 3717 4811 κα-

2139 4864 2434 4933 τασκευῆς,
2474 4860 2850 4914 ύπαινίττεται
2886 4857 3139 4928 γνώμην.
3198 4855 3466 4909 Σκοπεῖτε
3494 4851 3605 4922 γάρ
3629 4852 3715 4902 ὲν-

2136 4955 2333 5018 ταῦθα,
2373 4953 2535 5018 ποίας
2576 4951 2900 5015 ἀκολουθίας
2953 4951 3165 5003 ἔννοιαν
3215 4945 3476 5011 διασώζει
3544 4943 3716 4997 ταῦτα

2140 5050 2280 5121 πρὸς
2305 5049 2375 5103 τὰ
2409 5046 2800 5119 προηγούμενα
2824 5063 2836 5075 ·
2869 5047 2926 5099 ἐν
2949 5044 3058 5115 γάρ
3082 5044 3193 5105 τοῖς
3217 5032 3557 5111 προλαϐοῦσι
3586 5031 3713 5102 περί

2138 5160 2201 5197 τε
2244 5142 2464 5211 φύσεων
2513 5142 2607 5195 καὶ
2645 5140 2999 5200 ὑποστάσεως
3054 5134 3464 5211 διαλεγόμενος,
3520 5126 3716 5196 ἀθρόον

2143 5239 2235 5293 ὑπ’
2296 5232 2583 5297 αὐθαδείας
2638 5233 2732 5286 καὶ
2777 5228 3085 5302 ἐμπαθείας
3133 5222 3552 5293 ἐκδιαζύμενος,
3621 5213 3719 5270 ἐπὶ

2211 5598 2323 5666 (Π)
2360 5596 2432 5650 De
2485 5587 3132 5666 inconstantialoquendi
3169 5579 3721 5666 Acepital'oruntliio-

2140 5654 2550 5738 τιοὶιιιέείιιιιιιιιι
2580 5665 2720 5738 circa
2748 5654 3239 5738 (ituri-stimaturas,
3270 5654 3370 5738 diu.
3395 5654 3709 5712 Eustathius

2142 5724 2438 5793 monachus
2468 5751 2494 5789 a
2528 5750 2607 5789 nte
2638 5733 2816 5787 editus
2850 5730 3046 5787 Srrivl.
3090 5736 3185 5781 vet.
3216 5737 3253 5781 ι.
3287 5724 3396 5783 VII.
