3960 6344
184 317 280 379 751

1335 309 1509 372 VITA
1555 311 1597 367 S
1659 310 1991 372 ANDRE/E
2031 313 2223 372 SAM.

3311 304 3415 363 753

183 423 444 493 γενέσθαι,
478 422 549 484 ὡς
575 421 661 475 διὰ
697 421 912 474 πάντων
942 420 1035 474 καὶ
1055 421 1146 474 διὰ.
1170 419 1270 490 τῆς
1305 419 1692 490 ἀκτημοσῦνης
1718 434 1732 448 ο

1838 431 1982 487 tuas,
2036 431 2090 476 et
2139 421 2356 475 elabora
2400 428 2456 474 ιιι
2479 419 2692 490 amicus
2722 417 3010 488 Dei,:eqitc
3055 432 3118 470 at:
3156 431 3252 486 per
3289 415 3426 468 alias

181 517 351 575 τοῦτο¹
380 514 487 583 γὰρ
536 516 655 566 ἐστι
720 513 812 567 τοῦ
883 511 1175 582 μοναδικοῦ
1205 512 1645 580 ἐπαγγέλματος,
1678 510 1738 562 τὸ

182 607 343 677 μηδὲν
369 607 515 676 ἔχειν
545 607 601 657 ὲν
632 603 708 674 τῷ
736 605 836 674 βίῳ
873 605 1047 674 τούτῳ
1080 604 1142 657 τὸ
1176 603 1417 658 σύνολον.
1448 604 1539 668 Μὴ
1572 599 1738 670 φοϐοῦ

177 698 230 753 δὲ
254 699 336 752 ὄτι
367 697 535 764 λείψει
585 713 666 750 σοι
713 697 938 769 ἄρτοςῆ
969 714 1022 750 τι
1059 699 1172 761 τοῖς
1212 697 1293 760 είς
1327 696 1516 767 χρείαν
1549 696 1737 764 Κυρίῳ

175 789 547 843 ὃουλεῦουσινο
589 789 810 842 ἄπιστοι
859 789 966 858 γὰρ
1001 785 1132 858 παρ’
1161 786 1326 841 αὑτοῦ
1379 785 1739 858 δροσίζονται,

183 879 275 932 καὶ
314 879 529 948 πόρνοι,.
555 879 649 933 καὶ
674 881 878 950 μοιχοὶ,
925 879 1022 932 καὶ
1070 881 1379 952 ἀχάριστοι,
1413 881 1509 934 καὶ
1539 880 1740 942 πάντες

174 969 394 1024 τοιαῦτα
453 971 736 1042 ἐχθρωδῶς
791 971 1126 1042 διακείμενοι
1178 969 1268 1025 διὰ
1317 970 1416 1040 τῆς
1445 970 1738 1041 ἁμαρτίας,

175 1061 322 1131 πόσῳ
346 1062 546 1130 μᾶλλον
569 1062 619 1115 οἱ
643 1061 989 1127 δουλεύοιτες
1021 1049 1170 1132 αὺτῷ
1194 1061 1301 1115 τῶν
1325 1061 1492 1113 αὐτοῦ
1516 1060 1741 1127 ἀγαθῶν

173 1153 698 1222 ἐμπλησθήσονταη
747 1152 907 1224 Ὅρα,
961 1153 1054 1206 καὶ
1099 1154 1176 1224 μὴ
1224 1153 1584 1224 παρακοῦσῃς
1636 1168 1739 1220 μου

169 1243 276 1294 τῶν
309 1244 574 1314 ῥημάτων
600 1262 615 1277 ο
645 1243 758 1315 ἐγὼ
780 1247 890 1317 γὰρ
919 1245 977 1297 ὲν
1009 1244 1246 1315 πρώτοις
1276 1245 1630 1314 παρεκάλεσά
1658 1262 1738 1308 σε,

173 1334 258 1387 ινα
293 1334 492 1405 μηκέτι
540 1337 794 1412 ἀφορμὴν
822 1337 1090 1406 κέκτησαι
1120 1350 1135 1366 ⁸
1170 1337 1293 1390 ἐπεὶ
1324 1337 1420 1411 ἐὰν
1456 1335 1741 1407 παρακού-

173 1441 270 1495 an;
307 1443 433 1496 μου,
467 1429 544 1497 μὲ
573 1430 665 1482 τὸν
713 1429 941 1500 Ἰησοῦν,
978 1430 1056 1500 μὰ
1087 1430 1182 1484 τὸν
1223 1429 1448 1499 βασιλέα
1480 1429 1739 1500 Χριστὸν,

171 1519 300 1585 ὁρᾷς
362 1517 455 1572 τὸν
515 1517 806 1583 διάδολον;
850 1521 925 1574 [δε
983 1523 1191 1576 ἐκεῖνον
1250 1523 1391 1577 κατὰ
1451 1522 1546 1576 σοῦ
1604 1523 1740 1578 ἁπο-

175 1610 364 1664 στελῶ.

215 1895 361 1966 φιβ’.
387 1895 496 1950 Τοῦ
515 1895 569 1949 δὲ
593 1897 826 1967 μοναχοῦ
850 1899 1224 1969 διανοιγέντων
1250 1903 1355 1956 τῶν
1373 1902 1522 1957 ἔνδον
1545 1904 1747 1972 ὀφθαλο

173 1987 307 2055 μῶν,
376 1987 456 2040 [δε
503 1984 592 2040 τὸν
635 1989 881 2043 διάὄολον
911 1991 1156 2056 αἰθίοπα,
1192 1992 1422 2064 μαῦρον,
1460 1979 1740 2064 βλοσυρὸν,

168 2076 408 2144 μηκόυεν
435 2078 722 2145 ἱστάμενον
758 2080 908 2150 φόοφ
938 2081 1030 2134 τοῦ
1068 2083 1274 2150 Ἀγίου,
1305 2085 1398 2138 καὶ
1427 2085 1574 2152 λέγει
1607 2088 1745 2156 πρὸς

164 2169 254 2221 τον
292 2170 577 2238 Μακάρων
597 2185 611 2200 ’
637 2170 841 2239 Θεωρῶ
859 2172 1040 2234 αὐτόν,
1068 2173 1191 2240 λέγε
1215 2189 1232 2204 ⁸
1259 2173 1414 2227 δοῦλε
1451 2176 1544 2228 τοῦ
1581 2176 1740 2241 Θεοῦ,

168 2260 234 2312 τὰ
255 2261 337 2327 είς
359 2258 636 2330 σωτηρίαν
665 2261 846 2332 ψυχῆς
875 2263 1207 2332 ἁρμόζοντα.
1235 2264 1380 2332 Ἔφη
1404 2267 1568 2318 πάλιν
1597 2269 1626 2319 ό
1647 2265 1740 2318 τοῦ

163 2351 301 2405 θεοῦ
333 2351 518 2415 δοῦλος
543 2367 557 2381 ’
594 2354 913 2416 Πίστευσον,
947 2356 1043 2408 ἐὰν
1074 2358 1434 2428 παρακοὺσῃς
1463 2375 1592 2426 μου,
1617 2357 1740 2410 τοῦ-

166 2461 258 2497 τον
291 2444 435 2498 κατά
469 2461 562 2501 σου
603 2441 889 2501 ἀποστελῶ
913 2449 1214 2518 ὲκταράξαι
1248 2467 1328 2514 σε,
1367 2452 1454 2505 ἴνα
1488 2454 1519 2517 ἡ
1553 2450 1742 2521 αἰσχύ-

166 2551 231 2604 νη
252 2534 349 2591 τοῦ
381 2538 702 2604 προσώπου
729 2553 825 2616 σου
879 2539 1121 2621 ἀκκουσθῇ
1148 2541 1210 2593 οὐ
1247 2541 1412 2610 μόνον
1457 2544 1517 2595 έν
1565 2543 1737 2613 ταύτῃ

164 2629 230 2697 τῇ
254 2626 513 2696 βασιλίδι,
545 2626 681 2680 ἀλλὰ
707 2629 802 2684 καὶ
827 2631 908 2691 εις
940 2630 1007 2684 τὰ
1027 2638 1410 2703 τιτραπέρατα
1436 2634 1537 2703 τῆς
1559 2635 1739 2687 οίκου-

166 2718 356 2787 μένης.
387 2719 530 2788 Ὅρα
553 2719 646 2773 οὖν
679 2719 752 2790 μὴ
791 2721 1046 2794 ἐπιλάϐῃ,
1077 2723 1216 2776 ἀλλὰ
1270 2720 1496 2792 ποίησον
1547 2727 1728 2788 καθώς

66 2872 69 2874 _
163 2825 249 2864 σοι
276 2811 868 2882 ινετιιλάμην..Ταῦτα
929 2813 1167 2878 ἀκούσας
1191 2815 1221 2866 6
1251 2815 1482 2886 μοναχὸς
1515 2815 1736 2885 ἔφριξε,

162 2903 257 2959 καὶ
278 2903 474 2972 ἐξέστη
495 2903 572 2972 τῷ
595 2904 870 2975 πνεύματι
899 2921 914 2935 ο
961 2906 1085 2966 τοὺς
1113 2906 1168 2959 δι
1196 2906 1510 2972 ἐξελθόντας
1547 2908 1736 2976 λόγους

157 2995 226 3048 ἐκ
255 2994 350 3048 τοῦ
405 2995 672 3065 στόματος
719 2995 816 3050 τοῦ
865 2999 1156 3068 Μακαρίου
1205 2999 1479 3063 συνέθετο,
1508 3001 1732 3072 ποιῆσαι

1843 509 2092 576 virtutes.
2113 515 2275 566 etiam
2311 530 2404 582 per
2421 513 2728 582 religiosam
2754 520 3152 581 paupertatem,
3180 509 3379 562 evadas
3407 526 3422 562 :

1846 601 1897 654 in
1928 618 1993 655 eo
2023 618 2256 672 namque
2282 598 2552 672 professio
2583 602 2887 659 monastica
2930 601 3207 662 consistit,
3249 609 3307 652 ut
3341 602 3430 654 ni-

1843 695 1919 748 hil
1958 697 2184 750 omnino
2238 697 2440 765 proprii
2498 694 2909 764 possideaturin
2944 693 3048 748 hac
3078 693 3208 746 vita.
3243 691 3429 759 Neque

1843 787 2102 842 continuo
2167 789 2469 844 timendum
2528 797 2632 849 est,
2679 802 2748 842 ne
2810 796 2906 841 aut
2957 786 3116 855 panis
3171 794 3266 838 aut
3293 784 3423 852 quid

1842 880 2014 945 aliud,
2053 897 2164 951 quo
2222 880 2467 949 indigent
2523 878 2713 933 famuli
2767 877 2884 942 Dei,
2932 886 2985 932 te
3025 877 3266 932 deﬁciat.
3290 877 3424 930 Cum

1842 971 1986 1028 enim
2045 972 2312 1034 inﬁdeles.
2371 979 2730 1035 scortatores,
2798 969 3101 1031 adulteros,
3159 968 3425 1038 ingratos.

1843 1079 2142 1135 omnesque
2176 1063 2495 1132 turpitudini
2526 1071 2577 1118 et
2597 1063 2836 1132 peccatis
2854 1060 3119 1122 addictos.
3146 1059 3425 1129 benignis-

1844 1157 1980 1211 sime
2009 1164 2261 1225 aspergat
2289 1170 2409 1210 rore
2431 1169 2534 1209 suo
2566 1153 2884 1222 nutriatquc
2909 1151 3208 1215 Dominus;
3249 1166 3423 1220 quan-

1845 1259 1899 1302 to
1949 1248 2145 1316 potiori
2197 1247 2323 1317 jure
2356 1246 2584 1301 fideliter
2638 1245 2740 1299 sibi
2777 1246 3082 1300 servientes
3129 1243 3290 1297 donis
3312 1247 3426 1304 suis

1845 1338 2109 1408 replebit?
2137 1338 2279 1393 Cave
2309 1337 2386 1392 sis
2409 1337 2574 1406 igitur
2599 1337 2760 1390 dictis
2781 1335 2916 1391 meis
2931 1350 3098 1388 aures
3115 1334 3373 1388 occludas
3405 1353 3420 1388 :

1841 1429 1958 1500 jam
2010 1430 2155 1486 enim
2209 1443 2239 1482 a
2268 1427 2538 1497 principio
2580 1426 2631 1482 id
2686 1442 2803 1479 mea
2835 1433 3044 1495 spectat
3071 1424 3272 1484 oratio.
3301 1435 3358 1477 ιιι
3391 1439 3420 1478 a

1843 1522 2190 1590 possessione
2229 1520 2542 1575 divitiarum
2598 1528 2654 1574 te
2707 1518 3024 1572 deterreat:
3070 1515 3358 1586 quoniam,
3377 1516 3421 1570 si

1844 1630 1930 1671 mc
1960 1616 2139 1670 minus
2186 1612 2451 1676 audieris.
2478 1619 2651 1666 testor
2678 1609 2865 1666 Iesum
2914 1609 3195 1664 Christum
3223 1607 3421 1677 Regem

1845 1717 2104 1759 nostrum
2138 1704 2341 1773 (videu‘
2375 1703 2738 1773 diabolum?),
2765 1701 2914 1761 illum
2969 1714 3072 1771 ego
3132 1699 3451 1765 adversum-

1847 1809 1898 1860 te
1927 1797 2242 1851 immittam.

1921 1888 2044 1949 H2.
2079 1887 2176 1942 llic
2205 1887 2420 1942 tandem
2453 1886 2658 1957 apertis
2683 1885 2848 1944 animi
2880 1885 3078 1952 oculis,
3131 1883 3266 1939 vidit
3306 1895 3428 1937 mo-

1847 1980 2058 2035 nachus
2117 1980 2416 2042 diabolum,
2481 1977 2758 2046 ‘Etltiopis
2812 1976 3283 2047 forma,.nigrnm.
3317 1983 3426 2029 tor-

1845 2085 2100 2146 vutnqne,
2157 2070 2370 2125 eminus
2432 2079 2634 2134 tamen,
2683 2071 2827 2138 quod
2881 2070 3158 2140 pr0prium
3194 2067 3426 2121 Andreas

1845 2175 2196 2232 congressum
2230 2176 2338 2215 non
2379 2162 2562 2225 ferret,
2598 2162 3023 2226 consistentem;
3072 2160 3426 2216 exclamavit-

1843 2270 2003 2324 qnc:
2051 2252 2260 2324 Ipsum.
2302 2254 2490 2320 rideo,
2551 2269 2711 2323 quem
2776 2253 2945 2318 dicis;
3011 2269 3141 2322 age,
3219 2251 3424 2309 fantulc

1845 2346 1959 2411 llei,
2015 2349 2143 2414 quid
2201 2353 2567 2415 congruenter
2609 2345 2773 2399 saluti
2813 2347 3011 2399 anima:
3060 2360 3193 2398 mea:
3215 2343 3424 2399 facien-

1842 2438 1970 2492 dum
2034 2437 2125 2501 sit,
2179 2449 2414 2507 expone;
2456 2433 2596 2490 Tum
2641 2437 2731 2491 ille
2791 2451 3013 2491 rursum
3092 2436 3421 2505 excipient:

1839 2529 2040 2584 Credas
2117 2526 2304 2592 velim,
2363 2529 2556 2598 inquit.
2612 2527 2657 2581 si
2716 2542 2822 2582 non
2865 2527 3108 2582 mulieris
3165 2541 3273 2591 me,
3317 2528 3424 2579 da:-

1842 2634 2056 2673 monetn
2109 2619 2290 2683 hunc,
2337 2626 2397 2672 ut
2459 2625 2512 2672 tc
2565 2617 2848 2686 exagitet,
2886 2633 2971 2672 me
3009 2617 3424 2680 imn.issurum,

1838 2727 1970 2781 quo,
2029 2725 2154 2764 cum
2192 2711 2373 2764 \‘ultus
2429 2711 2506 2764 tui
2545 2711 2894 2774 confusione,
2932 2709 3234 2765 enormitas
3255 2709 3428 2763 scele-

1839 2805 1913 2879 ris
1976 2820 2081 2858 non
2125 2805 2286 2859 modo
2316 2804 2370 2858 in
2395 2803 2498 2858 hoc
2520 2803 2655 2858 urbe
2679 2802 2826 2874 regia
2854 2803 3177 2865 innotescat,
3235 2815 3422 2855 verum

1838 2898 1903 2950 ad
1955 2905 2228 2951 extremas
2282 2910 2497 2965 quoque
2531 2894 2683 2948 orbis
2731 2893 2920 2964 plagas
2947 2892 3248 2948 deferatur.
3289 2890 3423 2945 Vide

1839 2989 2024 3058 igitur,
2078 3004 2166 3048 ne,
2222 3002 2344 3056 quae
2408 2985 2684 3046 mandavi.
2731 2984 3094 3048 obliviscaris,
3149 2982 3241 3038 sed
3265 2994 3424 3036 exse-

155 3089 259 3140 ῦσα
280 3087 581 3143 ἐνετείλατο
611 3087 778 3158 αὐτῷ.
825 3087 914 3151 Ὦς
943 3089 1001 3142 δὲ
1035 3089 1309 3157 συνέθετο,
1343 3091 1446 3162 ὁρᾷ
1474 3091 1732 3155 όΔίκαιος

1838 3080 2041 3135 t'utioni
2104 3079 2389 3147 diligenter
2469 3077 2688 3132 manda.
2766 3074 2862 3131 His
2925 3075 3120 3130 iterum
3177 3075 3421 3138 auditis,

161 3179 246 3236 ὃτι
271 3174 442 3248 ἦλθεν
485 3177 545 3242 ἐξ
583 3178 860 3233 ἀνατολῶν
889 3179 1109 3250 πνεῦμα
1141 3181 1398 3251 κραταιὸν
1426 3180 1502 3244 ὡς
1529 3183 1734 3253 ἀστρα-

162 3273 261 3341 πὴ,
283 3271 382 3326 καὶ
420 3271 597 3340 ἥψατο
627 3271 722 3325 τοῦ
747 3269 1063 3340 δράκοντος,
1095 3272 1392 3326 δαπανῶσα
1424 3273 1590 3328 αὐτοῦ
1634 3275 1737 3345 τὴν

161 3362 355 3432 ἰσχύνο
386 3364 414 3416 ὁ
449 3363 506 3419 δὲ
536 3363 612 3434 μὴ
641 3364 842 3434 φέρων,
877 3365 1413 3436 μετασχηματισθεὶς
1447 3368 1524 3428 si;
1563 3367 1731 3435 κόρα-

159 3469 252 3524 ρα,
307 3454 549 3522 ἄφαντος
604 3455 822 3522 ἐγένετο
857 3456 967 3508 τῶν
1011 3458 1159 3510 ἐκεῖ·
1199 3456 1324 3510 Ιδὼν
1377 3456 1434 3510 at
1475 3459 1503 3510 ό
1547 3459 1732 3527 ἕτερος

161 3545 377 3615 μαῦρος
408 3545 504 3599 τοῦ
537 3545 728 3616 ἑτέρου
777 3546 875 3618 τὴν
911 3548 1126 3613 καῦσιν,
1160 3551 1254 3601 καὶ
1304 3551 1469 3612 αὐτὸς
1520 3551 1731 3619 ἀφανὴς

158 3638 381 3703 ἐγένετο
411 3652 426 3668 ο
456 3636 660 3700 εὐθέως
687 3637 744 3691 δὲ
789 3638 1218 3709 ἀποκατεστάθη
1257 3625 1341 3710 τῷ
1369 3641 1588 3710 ἀγγέλῳ
1636 3641 1730 3694 τοῦ

155 3726 295 3784 Θεοῦ
325 3727 396 3782 τὰ
425 3729 714 3798 προτέλεια
753 3729 853 3799 τῆς
889 3732 1205 3794 συστάσεως
1247 3733 1342 3784 τοῦ
1382 3733 1593 3803 ἀνδρός.
1624 3735 1730 3787 Ati-

154 3817 252 3873 τοῦ
278 3819 339 3874 δὲ
366 3819 650 3890 μέλλοντος
683 3823 988 3892 ἀναχωρεῖν
1037 3821 1097 3887 ἑξ
1123 3823 1316 3887 αὐτοῦ,
1355 3827 1729 3896 παρήγγειλεν

157 3912 306 3984 αὐτῷ
337 3915 368 3966 6
395 3913 581 3977 Ὀσιος
602 3914 772 3982 λέγων
798 3933 812 3948 ο
837 3915 998 3984 Ὅρα,
1045 3916 1236 3984 μηδενὶ
1283 3917 1518 3988 ποιήσῃς
1561 3919 1731 3972 κατά-

150 4007 289 4078 δηλα
320 4007 392 4059 τὰ
413 4008 544 4077 περὶ
566 4006 754 4076 ἐμοῦῆ
784 4006 838 4061 τί
869 4024 950 4058 σοι
976 4007 1248 4078 λελάληκα
1271 4025 1287 4040 ο
1327 4009 1420 4060 καὶ
1455 4012 1502 4061 si
1535 4010 1728 4075 fmina

157 4100 441 4170 φυλάξεις,
485 4100 777 4153 πίστευσον
820 4100 901 4154 ὅτι
954 4099 1132 4167 κάγὼ,
1169 4103 1218 4154 εί
1269 4101 1364 4155 καὶ
1404 4102 1730 4172 ἁμαρτωλὸς

157 4194 252 4246 καὶ
277 4193 509 4256 ἐλεεινὸς
544 4193 798 4263 ὑπάρχω,
839 4193 1149 4266 μεμνῆσθαί
1198 4211 1292 4246 σου
1322 4193 1459 4262 ἔχων
1502 4196 1561 4246 ἐν
1610 4197 1729 4256 ταῖς

153 4281 375 4354 δεήσεσί
435 4301 536 4353 μου
587 4284 800 4352 ἡμέρας
851 4287 945 4339 καὶ
1014 4285 1234 4350 νυκτὸς,
1275 4287 1421 4348 ὅπως
1454 4289 1481 4338 ό
1521 4285 1728 4355 Κύριος

168 4375 379 4446 Ἰησοῦς
406 4377 638 4446 Χριστὸς
671 4377 913 4448 εὐοδώσῃ
945 4377 1044 4448 τὴν
1091 4377 1207 4430 ὀδόν
1233 4395 1326 4430 σου
1349 4379 1430 4440 εἰς
1456 4377 1686 4445 ἀγαθόν.

1839 3175 2115 3228 inhorruit
2147 3173 2451 3229 monachus
2476 3181 2526 3226 et
2546 3179 2730 3225 mente
2748 3169 2955 3224 excidit
2987 3183 3002 3221 :
3031 3168 3424 3236 constituitque

1837 3267 2064 3322 ﬁrmiter
2084 3281 2249 3336 opere
2269 3275 2546 3334 praestare,
2581 3277 2921 3333 quacunque
2949 3261 3185 3317 Sanctus
3216 3261 3425 3315 oratio-

1834 3374 1903 3413 ne
1932 3373 2032 3412 sua
2081 3359 2457 3427 imperaverat.
2521 3354 2620 3411 Vix
2651 3357 2722 3410 ita
2752 3355 3115 3411 constituerat
3148 3354 3258 3421 ille,
3293 3370 3418 3408 eum

1834 3451 2077 3506 Andreas
2131 3452 2407 3520 spiritum,
2461 3450 2635 3504 nihilo
2692 3451 2874 3504 minus
2903 3449 3416 3517 violentum'quam

1835 3543 2034 3613 fulgur,
2099 3544 2166 3597 ab
2226 3544 2438 3598 oriente
2487 3541 2830 3596 advolantem
2862 3541 3058 3602 cernit.
3096 3541 3188 3611 qui
3221 3540 3416 3595 ambus

1833 3645 1921 3693 sto
1971 3637 2229 3701 dracone,
2283 3646 2428 3692 tctas
2475 3636 2597 3704 ejus
2654 3635 2800 3689 vires
2840 3633 3058 3705 infregit
3096 3651 3111 3689 ι
3145 3634 3288 3705 quod
3327 3634 3418 3688 ille

1835 3747 1942 3786 non
1997 3731 2198 3796 ferens,
2263 3730 2680 3785 transformatus
2738 3729 2790 3784 in
2835 3744 3086 3792 corvum,
3131 3743 3196 3783 ex
3240 3728 3416 3784 oculis

1832 3823 2424 3891 ev:muit:vidensrpre
2474 3823 2627 3892 niger
2685 3823 2896 3876 dmmon
2951 3822 3182 3877 alterius
3229 3821 3421 3876 ambu-

1833 3917 2226 3984 stiouem,ipse
2288 3915 2539 3969 similiter
2583 3929 2643 3970 se
2669 3913 2794 3968 inde
2839 3914 3098 3988 subduxit
3135 3922 3226 3969 :et
3281 3929 3417 3968 eon-

1832 4009 1984 4062 tinuo
2029 4008 2313 4066 restitutus
2342 4018 2423 4060 est
2457 4007 2651 4077 attgelo
2696 4005 2788 4060 Dei
2819 4006 2871 4059 in
2902 4007 3234 4060 monachum
3263 4007 3417 4075 prin-

1829 4092 2075 4169 cipatus.‘
2130 4101 2228 4154 Cui
2253 4100 2417 4153 etiam
2456 4097 2691 4154 Sanctus
2725 4095 2838 4168 jam
2873 4098 3187 4153 abiturienti
3218 4113 3418 4168 praece-

1832 4196 1930 4262 pit.
1980 4202 2039 4246 ut
2098 4209 2164 4246 ne
2189 4193 2273 4247 cui
2309 4207 2491 4246 rerum
2530 4192 2870 4248 dietorumve
2932 4208 3160 4251 suorum
3206 4193 3415 4248 revela-

1833 4295 1913 4341 ret
1941 4287 2182 4356 aliquid;
2217 4296 2270 4341 ct
2302 4303 2315 4338 :
2343 4285 2396 4339 Si
2441 4285 2692 4339 mandata
2745 4300 2890 4350 mea,
2924 4286 3192 4356 inquibat,
3224 4298 3413 4342 sern-

1833 4380 1996 4443 veris,
2053 4389 2236 4434 certus
2303 4386 2442 4441 esto,
2475 4375 2560 4430 n’te
2612 4381 2853 4446 quoque,
2913 4379 3125 4433 tametsi
3173 4379 3414 4435 misellus

156 4476 413 4538 peccator
467 4471 590 4535 sim,
641 4471 782 4527 inter
827 4471 1155 4540 precandum
1182 4486 1476 4528 memorem
1501 4473 1615 4529 fore
1646 4473 1720 4528 tui
1762 4473 1849 4530 die
1903 4483 2198 4544 noctuque,
2261 4484 2317 4526 ut
2354 4471 2616 4530 Dominus
2679 4475 2839 4531 Jesus
2884 4473 3139 4530 Christus
3167 4475 3414 4529 curricu-

158 4564 269 4620 lum
293 4564 416 4618 vitze
439 4560 554 4618 tua!
570 4562 828 4618 fortunet.

230 4663 362 4728 ριγ’.
391 4657 448 4708 Ὀ
477 4655 532 4708 δὲ
553 4655 726 4708 ταῦτα
753 4656 1013 4722 ἀκούσας,
1041 4657 1293 4711 συνέθετο
1311 4657 1404 4711 τοῦ
1428 4653 1731 4728 φυλάσσειν

1907 4659 2028 4712 115.
2067 4658 2364 4713 Monachus
2401 4659 2598 4714 auditis
2653 4660 2874 4726 talibus,
2909 4670 3196 4716 accurrato
3227 4663 3411 4717 omnia

153 4748 455 4818 ιπιμσλῶςο
491 4748 588 4801 καὶ
617 4747 1010 4818 ἀσπασάμενος
1035 4748 1130 4802 τὸν
1159 4750 1398 4816 Δίκαιον,
1443 4752 1728 4823 ἀνεχώρη-

158 4859 243 4905 σε,
276 4841 376 4896 καὶ
433 4840 582 4918 ἅπαν
614 4842 674 4896 τὺ
706 4845 951 4913 χρυσίον,
991 4838 1020 4897 ὃ
1069 4845 1357 4916 ἐκέκτητο,
1401 4847 1731 4919 θαυμαστῶς

154 4933 393 5002 διένιιμε
423 4935 536 4995 τοῖς
563 4936 904 5002 πενομένοις.
929 4933 1080 4991 Μετὰ
1107 4939 1281 4991 ταῦτα
1306 4940 1551 5002 πλείονος
1571 4941 1731 5010 δόξης

159 5025 470 5097 κατηξιώθη
499 5026 649 5097 παρὰ
678 5027 756 5098 τῷ
781 5029 917 5098 Θεῷ,
945 5031 1040 5083 aut
1070 5032 1255 5085 πολλοὶ
1289 5035 1518 5102 χρυσίον
1553 5051 1694 5103 προσ
1712 5065 1726 5075 -

160 5119 358 5187 ἔφερον
405 5118 558 5188 αῦτῷ
625 5120 810 5190 νέμειν
853 5126 966 5184 τοῖς
998 5123 1266 5192 πένησιν’
1294 5125 1353 5189 ἐξ
1399 5126 1580 5179 αὐτῶν
1635 5127 1729 5180 δὺο

161 5211 472 5280 νομίσματα
499 5213 718 5282 κρατῶν
749 5215 829 5276 είς
875 5214 1013 5271 ίδέαν
1047 5217 1254 5286 χρείαν,
1288 5218 1357 5273 τὰ
1403 5218 1565 5272 λοιπὰ
1612 5223 1726 5283 τοῖς

161 5301 438 5372 δεομένοις
485 5304 779 5375 ὲσκόρπιζε
833 5305 922 5366 διὰ
968 5309 1076 5360 τῶν
1099 5309 1299 5379 χειρῶν
1336 5310 1445 5363 τῶν
1479 5328 1724 5380 προσφεο

165 5392 390 5464 πιόντων,
442 5395 786 5465 μεμνημένος
819 5396 914 5451 τοῦ
960 5399 1251 5469 Μακαρίου
1301 5402 1410 5455 τῶν
1462 5405 1728 5473 παραινέ-

166 5502 307 5542 σεων
335 5500 351 5518 ⁶
380 5485 446 5541 Τί
481 5503 572 5556 μοι
595 5487 656 5540 τὸ
681 5488 875 5555 ὄφελος
907 5489 1208 5561 ἀλλοτρίων
1237 5493 1492 5547 ἀκανθῶν
1517 5495 1727 5548 οἰκονό-

168 5590 270 5644 μον
297 5575 543 5642 γίνεσθαι
573 5595 588 5643 ;
619 5571 678 5632 οὗ
702 5578 810 5648 γὰρ
842 5581 902 5631 οὐ
949 5580 1136 5650 χρῄζω
1167 5581 1451 5652 λαμϐάνω,
1492 5585 1584 5637 καὶ
1615 5587 1726 5648 τοῖς

171 5667 366 5737 πένησι
408 5668 585 5724 ταῦτα
626 5671 848 5739 παρέχω
880 5688 896 5704 ο
934 5673 1068 5725 ἀλλὰ
1107 5674 1198 5726 καὶ
1235 5676 1412 5743 οίηοίς
1448 5693 1538 5746 μοι
1567 5678 1726 5745 ἐπέρ-

171 5772 321 5830 χεται
365 5757 496 5828 ιμὸν
521 5756 675 5830 sint
719 5762 808 5820 τὸν
847 5763 1040 5829 μισθὸν
1099 5766 1188 5819 καὶ
1219 5769 1314 5837 οὐχ
1346 5768 1532 5839 ἕτερον
1558 5785 1571 5800 ·
1603 5770 1724 5825 ὅθεν

1829 4766 2048 4805 servare
2088 4752 2328 4805 decrevit
2356 4766 2371 4814 ;
2425 4764 2489 4804 ac
2520 4753 2698 4808 salute
2722 4756 2838 4807 viro
2873 4763 3062 4809 sancto
3093 4755 3232 4808 dicta
3261 4770 3410 4808 rece-

1830 4845 1990 4907 dens,
2043 4844 2302 4914 quidquid
2331 4857 2649 4902 corraserat
2675 4847 2815 4912 auri,
2867 4848 3190 4900 mirabiliter
3230 4863 3411 4902 muta-

1834 4946 1940 5003 tus,
1979 4935 2269 4992 distribuit
2300 4938 2352 4991 in
2391 4953 2594 5009 egenos
2630 4957 2643 4992 :
2683 4939 2810 4992 hinc
2863 4949 2916 4992 et
2951 4939 3411 4995 cumulatioribus

1830 5029 2091 5085 continuo
2150 5031 2425 5086 beneﬁciis
2464 5046 2493 5085 a
2541 5031 2650 5086 Deo
2681 5041 2872 5085 auctus
2898 5039 3004 5097 est,
3037 5032 3290 5101 pluribus
3316 5049 3409 5100 pc-

1831 5123 2051 5175 cuniam
2077 5137 2254 5186 suam,
2293 5137 2596 5192 pauperum
2633 5123 2823 5180 usibus
2867 5123 3312 5192 impendendam.
3340 5126 3406 5177 ad

1830 5217 2009 5286 ipsum
2064 5216 2464 5280 deferentibus;
2526 5233 2591 5272 ex
2644 5232 2751 5286 qua
2807 5217 3023 5272 nonnisi
3063 5218 3199 5270 duos
3247 5231 3409 5269 num-

1834 5312 2010 5365 mulos
2036 5313 2270 5380 propria:
2324 5310 2629 5366 necessitati
2652 5310 2891 5366 retinens
2911 5351 2925 5374 ,
2945 5309 3169 5380 iubebat
3202 5309 3407 5378 reliqua

1826 5404 2008 5456 omnia
2043 5420 2138 5472 per
2170 5420 2362 5460 manus
2384 5405 2727 5460 olferentium
2757 5403 2809 5458 in
2871 5417 3134 5472 pauperes
3167 5403 3404 5471 erogari,

1823 5512 2101 5566 nunquam
2144 5515 2252 5553 non
2317 5513 2528 5553 memor
2572 5499 2903 5554 monitorum
2957 5497 3100 5551 beati
3146 5497 3394 5550 Androm.

1822 5591 1961 5656 Quid
1979 5591 2145 5655 enim,
2170 5591 2464 5660 inquiebat,
2495 5591 2624 5646 mihi
2655 5589 2918 5661 profuerit
2946 5591 3178 5646 aliorum
3214 5590 3398 5654 spinus

1825 5677 2080 5746 tractare,
2143 5700 2205 5739 ac
2238 5684 2548 5740 divitiarum
2598 5683 2711 5738 fieri
2771 5683 3248 5752 dispensatorem?
3307 5678 3395 5732 Illa

1827 5792 2079 5847 natnqnc,
2129 5794 2362 5848 quorum
2411 5794 2541 5834 usus
2588 5776 2720 5833 mihi
2778 5775 2962 5833 nullus
3017 5784 3133 5842 cst,
3187 5774 3395 5843 accipio
