4086 6344
327 358 452 448 ’225

1052 381 1684 444 ANTIRRHETICUS
1722 384 1750 443 Ι
1812 385 1982 446 ADV.
2023 386 2615 450 CONSTANTINUM
2654 391 2865 452 COPR.

3503 402 3609 466 936

345 498 564 560 εἰκόνας
622 496 885 565 ἀκόσμως
938 495 1240 565 ἀφάλλεται
1286 497 1380 549 καὶ
1422 497 1793 567 πρωτότυπα’
1834 497 1921 551 ῖνα

2033 501 2100 555 ab
2129 515 2195 556 eo
2225 513 2551 557 commotmu
2592 518 2924 569 sermonem,
2974 520 3003 559 a
3048 521 3260 563 summo
3291 511 3357 563 ad
3413 510 3605 580 immo,

344 588 494 659 δείξῃ
532 588 723 661 σαφῶς
745 589 821 652 ὼς
844 590 949 652 πᾶς
971 591 999 641 6
1021 589 1381 657 κεκινημένος
1404 589 1555 658 αὐτῷ
1582 589 1763 658 λόγος,
1791 591 1925 661 πρόο

345 680 504 751 τερός
537 696 596 732 τε
620 680 717 732 καὶ
758 677 1006 749 ὕστερος,
1046 681 1160 742 τοῖς
1186 681 1353 748 ἱεροῖς
1377 681 1476 750 τῆς
1511 681 1748 744 πίστεως
1771 682 1928 752 ἡμῶν

349 768 641 838 συμϐόλοις
701 767 801 838 τὴν
861 768 990 839 ὃλην
1040 767 1134 821 τοῦ
1188 768 1443 838 Σωτῆρος
1476 772 1635 840 ἡμῶν
1688 772 1927 842 Χριστοῦ

348 859 792 930 συγκαθυϐρίσαι
816 860 1154 931 οἰκονομίαν,
1183 862 1384 930 μᾶλλον
1415 861 1472 914 δὲ
1504 863 1669 915 αὑτὸν
1692 864 1929 933 Χριστὸν

346 952 640 1023 ἁθετήσειν
680 950 991 1022 ἐξώρμητο.
1049 952 1230 1018 Ἀπαξ
1284 948 1380 1005 οῦν
1427 953 1672 1007 τοιούτου
1724 956 1929 1009 σκοποῦ

346 1042 762 1114 ἀπαρξάμενος,
796 1043 1168 1114 ἐμφιλοχωρεί
1194 1044 1403 1110 λοιπὸν,
1443 1046 1633 1109 δεινῶς
1673 1047 1813 1115 ἄγαν
1840 1048 1931 1100 καὶ

345 1134 593 1205 δριμέως
625 1135 693 1187 τὰ
722 1136 821 1205 τῆς
844 1135 1146 1206 διασκευῆς
1169 1136 1263 1189 τοῦ
1294 1135 1457 1205 λόγου
1483 1137 1927 1209 διεργαξόμενος.

349 1228 442 1298 Τῷ
472 1226 747 1297 καθολικῷ
799 1228 858 1282 δὲ
890 1229 1308 1300 προσδιορισμῷ
1357 1231 1646 1301 κέχρηται,
1677 1233 1785 1285 ἀπὸ
1835 1231 1930 1285 τοῦ

345 1320 528 1373 δοκεῖν
559 1321 690 1391 περὶ
724 1320 908 1388 πάσης
930 1323 1143 1384 εἰκόνος
1197 1322 1291 1376 τὸν
1324 1322 1486 1390 λόγον
1517 1325 1813 1386 ποιεῖσθαι,
1840 1326 1933 1377 ἀν-

312 1410 597 1475 ..ύποπτος
622 1412 734 1474 τοῖς
756 1411 973 1475 πολλοῖς
1003 1412 1244 1475 ἔσεσθαι,
1278 1412 1535 1482 λέγεσθαι
1574 1414 1629 1468 δὲ
1660 1417 1787 1487 περ)⁸
1809 1417 1930 1469 ὅτου

348 1503 503 1574 αὐτῷ
531 1503 600 1557 τὰ
629 1503 730 1573 τῆς
766 1502 1014 1572 σκέψεως
1057 1504 1365 1575 πρόκειται.

428 1600 509 1646 ιε’.
540 1592 916 1661 Εἰσάγειγοῦν
942 1592 1107 1657 εὐθύς
1128 1610 1141 1622 ο
1169 1612 1187 1644 ι
1220 1594 1329 1646 Καὶ
1352 1596 1400 1647 εἰ
1433 1594 1616 1658 καλῶς
1645 1596 1931 1665 όμοούσιον

350 1683 525 1755 αὐτὴν
562 1680 701 1737 εἶναι
723 1683 818 1736 τοῦ
860 1684 1300 1754 εἰκονιζομένου.
1339 1703 1357 1735 ι
1392 1686 1604 1738 Οὐκοῦν
1630 1685 1691 1739 τὸ
1739 1686 1929 1751 ἁπλῶς

353 1775 717 1840 εἰκονίζεσθαι
745 1776 836 1829 τὸν
865 1778 1104 1848 Χριστὸν
1135 1779 1194 1830 οὐ
1228 1778 1484 1843 κωλύεις,
1513 1779 1602 1832 διὰ
1634 1781 1691 1833 δὲ
1726 1780 1786 1833 τὸ
1811 1782 1933 1833 ἑτε-

2032 591 2133 642 utia
2162 607 2281 645 cum
2311 594 2484 646 sacris
2515 594 2635 647 ﬁdei
2663 604 2862 648 nostra:
2894 595 3150 667 symbolis
3185 598 3456 654 universa:
3482 603 3609 655 Scr-

2031 683 2234 737 vatoris
2268 684 2438 738 nostri
2483 684 2685 739 Christi
2732 687 3049 742 meonomim
3083 691 3466 745 contumeliam
3525 693 3608 747 fa-

2031 773 2309 836 cere,imo
2359 774 2423 826 ad
2492 774 2661 843 ipsius
2709 773 2910 830 Christi
2954 778 3337 832 exterminium
3372 791 3611 836 conten-

2032 863 2178 916 dere.
2213 862 2390 918 Semel
2416 863 2594 934 itaque
2622 866 2955 934 propositum
3005 868 3105 921 hoc
3159 868 3455 940 ingressus,
3491 885 3609 939 per-

2032 962 2137 1006 stat
2163 954 2436 1021 deinceps,
2466 964 2520 1008 et
2551 956 2814 1010 violenter
2852 958 3138 1013 admodum
3173 976 3237 1015 ac
3278 963 3613 1016 truculentcr

2031 1046 2300 1099 sermonis
2357 1046 2438 1099 sui
2491 1049 2944 1117 compositionem
3001 1052 3335 1120 exsequitur.
3359 1053 3608 1108 Generali

2034 1144 2212 1188 autem
2245 1135 2564 1190 definitione
2596 1140 2788 1201 utitur,
2819 1150 2876 1193 ut
2905 1157 3025 1194 cum
3060 1143 3126 1197 de
3173 1142 3407 1214 imagine
3436 1145 3612 1213 qnali-

2032 1225 2123 1279 bet
2144 1228 2305 1282 verba
2332 1228 2510 1282 t'a'ccrc
2542 1229 2809 1295 videatur,
2849 1232 3029 1286 multis
3054 1249 3155 1286 non
3187 1235 3258 1289 sit
3293 1246 3608 1304 suspectus;

2037 1333 2212 1386 neque
2241 1320 2417 1375 secius
2443 1330 2624 1375 tamen
2659 1324 2724 1377 de
2750 1338 2807 1377 re
2830 1323 2916 1377 illa
2948 1325 3115 1390 dicat,
3160 1341 3322 1395 quam
3356 1327 3458 1381 sibi
3502 1337 3613 1380 tra-

2037 1410 2287 1463 ctandam
2335 1412 2639 1481 proposuit.

2105 1589 2211 1659 23
2238 1589 2317 1643 l5.
2355 1591 2551 1645 Statim
2586 1607 2716 1664 ergo
2754 1598 3104 1667 prosequitur
3136 1616 3148 1651 :
3180 1617 3198 1649 ι
3224 1599 3350 1652 Etsi
3391 1602 3525 1654 bene
3556 1614 3615 1653 se

2035 1681 2235 1744 habet,
2301 1683 2471 1751 ipsam
2520 1698 2640 1738 esse
2699 1689 3219 1743 consubstantialem
3257 1691 3304 1744 ei
3361 1693 3438 1745 rei
3486 1707 3607 1760 quu-

2038 1773 2318 1843 ﬁguratur.
2362 1794 2381 1827 ι
2421 1774 2560 1845 Ergo
2590 1777 2911 1848 simpliciter
2942 1780 3157 1850 ﬁgurari
3196 1782 3475 1838 Chl-istum
3507 1799 3611 1837 non

336 1866 605 1938 οροούσιον
637 1867 732 1921 τοῦ
770 1869 1179 1938 εἰκονίσματος.
1215 1870 1445 1941 Ἕτερον
1473 1870 1583 1941 γὰρ
1611 1873 1638 1923 6
1669 1873 1930 1942 Χριστὸς,

2036 1863 2266 1930 impedis
2323 1865 2414 1918 sed
2440 1865 2559 1918 ideo
2583 1876 2791 1919 tantum
2821 1868 2948 1934 quia
2986 1869 3071 1922 ille
3117 1870 3329 1924 diversa
3363 1873 3615 1926 substan-

356 1962 450 2013 καὶ
471 1960 659 2032 ἕτερον
698 1962 760 2014 τὸ
788 1962 887 2031 τῆς
922 1960 1055 2032 ὕλης
1110 1961 1170 2026 ὲξ
1202 1955 1268 2032 ἦς
1295 1963 1699 2019 ἁπεικόνισται.
1745 1965 1936 2017 Ταῦτα

354 2053 413 2106 δὲ
446 2052 694 2106 εὐθύνειν
728 2048 840 2123 ἆρα
886 2054 948 2105 οὐ
991 2053 1437 2121 καταγέλαστονς
1476 2057 1540 2106 ’Ἃ
1578 2055 1687 2123 γὰρ
1732 2055 1837 2107 οὐδ’
1869 2055 1935 2107 ἂν

356 2144 465 2198 τῶν
494 2145 603 2198 ἀπὸ
634 2147 731 2215 τῆς
773 2144 983 2214 σκηνῆς
1014 2162 1098 2207 τις
1130 2146 1163 2214 ἢ
1191 2145 1299 2199 τῶν
1330 2146 1395 2198 ἐκ
1426 2146 1678 2213 τριόδων,
1713 2145 1808 2210 οὒς
1838 2147 1935 2199 ἐπὶ

359 2236 564 2307 κόρρης
626 2236 678 2288 οἰ
750 2235 937 2288 πολλοί⁵
994 2236 1431 2300 ὲπιτωθάζοντες
1504 2238 1725 2290 παίουσι
1789 2254 1935 2305 παρ-

352 2326 687 2395 εφθέγξατο,
728 2320 887 2389 οὗτος
931 2331 998 2399 τῇ
1039 2328 1176 2399 μέθῃ
1215 2328 1315 2395 τῆς
1344 2328 1601 2391 ἀπιστίας
1632 2328 1935 2398 ἐκϐακχευ-

361 2415 495 2481 θεὶς,
532 2418 632 2471 καὶ
657 2417 736 2488 τῷ
769 2418 965 2488 κράτει
986 2418 1088 2488 τῆς
1113 2419 1371 2483 ἁσεῦείας
1397 2419 1787 2491 ἑξοιστρηθεῖς,
1834 2436 1938 2471 πα-

358 2510 725 2581 ραπεφώνηκε
743 2529 757 2543 ⁶
788 2511 1047 2583 τερθρεία
1069 2512 1180 2581 γὰρ
1202 2512 1300 2582 ἤδη
1326 2512 1505 2573 ταυτὶ,
1531 2513 1626 2565 καὶ
1655 2510 1937 2582 τηνάλλως

355 2602 777 2671 ἐκπεπονημένα
806 2602 978 2673 αὐτῷ.
1024 2603 1167 2655 Ἀλλ’
1220 2604 1328 2655 εἰσί
1376 2619 1522 2666 τινες
1552 2604 1646 2656 ἐπὶ
1678 2602 1935 2656 τοσοῦτον

353 2693 601 2763 ἀμαθίας
632 2695 729 2747 καί.
782 2693 1008 2763 ἀλογίας
1036 2695 1285 2765 ἥκοντες,
1344 2694 1420 2758 ὡς
1477 2694 1689 2747 οἴεσθαι
1750 2695 1934 2756 αὐτοῖς

347 2785 649 2858 ’ἐνορᾶσθαι
672 2785 833 2855 λόγου
868 2803 921 2839 τι
957 2785 1123 2850 ἀξιον.
1149 2787 1242 2839 Διὸ
1284 2785 1595 2854 ἀναγκαίαν
1626 2784 1931 2854 ποιούμεθα

351 2877 454 2930 οὐκ
478 2878 566 2930 ἐπ’
597 2877 919 2944 ἀναγκαίοις
944 2877 1044 2948 τὴν
1079 2878 1351 2943 ἐξέτασιν.
1386 2879 1452 2931 Ti
1496 2878 1604 2949 γὰρ
1639 2877 1749 2930 τῶν
1776 2878 1931 2948 εἰρη-

355 2967 538 3037 μένων
573 2967 943 3039 ἀλογώτερον,
975 2968 1009 3039 ἥ
1039 2969 1526 3040 ἀδιανοητότερον;
1558 2968 1691 3021 Οὐδὲ
1723 2969 1831 3039 γὰρ
1866 2968 1932 3020 ἂν

351 3057 437 3128 εῐη
466 3056 641 3111 ταῦτα
665 3058 773 3113 τῶν
813 3044 1101 3122 σωζόντων
1129 3060 1189 3113 τὸ
1233 3062 1291 3113 ὲν
1315 3060 1585 3123 διανοίαις
1611 3059 1928 3113 ἀκόλουθον.

350 3150 415 3203 Εἰ
462 3150 561 3220 μὲν
618 3150 727 3221 γὰρ
763 3152 891 3222 περί
925 3152 1166 3222 φυσικῆς
1202 3151 1431 3214 εἰκόνος,
1469 3152 1616 3221 ἥπερ
1644 3150 1709 3221 δὴ
1748 3153 1814 3222 τῇ
1839 3142 1933 3204 te?

350 3244 528 3312 χνητῇ
565 3242 1094 3307 ἀντιδιαστέλλεται,
1136 3242 1432 3312 προῦκειτο
1472 3242 1620 3313 αὐτῷ
1644 3245 1671 3296 ὁ
1706 3243 1930 3310 σκοπὸς,

346 3332 548 3385 ὁποίαν
583 3329 723 3386 εἶναι
753 3332 847 3385 τοῦ
872 3334 1087 3404 Πατρὸς
1114 3334 1352 3403 λέγομεν
1376 3333 1468 3386 τὸν
1496 3330 1648 3397 Υἰδν,
1681 3335 1933 3388 εὐώδωτο

348 3425 415 3479 ἂν
458 3425 608 3497 αὐτῷ
640 3443 758 3489 πως
795 3425 926 3490 ἴσως
960 3429 988 3479 6
1020 3427 1208 3494 λόγος·
1245 3427 1497 3480 διέπιπτε
1526 3426 1583 3480 δὲ
1618 3427 1680 3479 τὸ
1713 3428 1771 3480 ἐν
1806 3427 1932 3480 τού-

346 3536 469 3582 τοις
499 3520 744 3589 ἀνοήτως
774 3519 1312 3589 παραλαμϐάνεσθαι
1341 3519 1403 3572 τὸ
1437 3518 1764 3590 ἀπείκασμα
1783 3536 1795 3549 ·
1840 3520 1933 3572 οὐ·

345 3611 435 3663 δὲν
465 3610 571 3680 γάρ
603 3610 787 3679 δεήσει
834 3611 1270 3682 ἀπεικασμάτων
1314 3612 1556 3666 ἐνταῦθα
1590 3611 1687 3666 καὶ
1731 3628 1930 3681 στοχα-

350 3701 605 3771 σμάτων.
648 3702 763 3755 Οὐκ
799 3701 947 3755 ἔστιν
988 3699 1084 3757 οὖν
1130 3703 1224 3756 ἐπὶ
1278 3703 1484 3757 τούτων
1538 3704 1932 3772 ἀπεικάσματα

348 3791 572 3861 λέγειν·
603 3792 1011 3863 ἀσυνετώτεροι]
1056 3794 1167 3865 γὰρ
1228 3794 1324 3846 καὶ
1381 3794 1741 3861 ἀσεϐέστερον
1776 3792 1934 3846 τοῦτο

351 3884 619 3956 μᾶλλονῆ
650 3887 847 3940 έκεῖνο.
876 3886 989 3939 Καὶ
1013 3886 1174 3955 δῆλον
1205 3876 1353 3939 ποιεῖ
1384 3886 1576 3940 ἑαυτὸν
1615 3886 1675 3951 ἐξ
1707 3885 1931 3939 ἀλλοκό-

327 3994 467 4031 .των
495 3978 590 4031 καὶ
611 3978 948 4049 ἀσυμϐάτων
968 3978 1059 4032 τὸν
1096 3977 1258 4046 λόγον
1290 3979 1575 4049 προάγων.

418 4161 526 4220 ις’.
558 4152 675 4208 Νῦν
705 4154 761 4207 δὲ
798 4151 990 4223 ἐπειδὴ
1018 4152 1147 4224 περὶ
1162 4152 1595 4223 ἀπεικασμάτων
1630 4155 1722 4208 καὶ
1742 4171 1932 4224 τεχνη-

346 4248 462 4302 τῶν
501 4244 729 4299 εἰκόνων
756 4245 785 4296 6
814 4244 973 4312 λόγος
1003 4242 1155 4314 αὐτῷ
1186 4245 1496 4315 κεκίνηται,
1532 4244 1678 4316 ἅπερ
1718 4245 1777 4310 ἐξ
1799 4245 1932 4315 ὕλης

352 4337 725 4406 ὑποκειμένης
754 4335 951 4405 τέχνης
993 4352 1050 4387 τε
1084 4337 1178 4387 καὶ
1214 4338 1311 4406 τῆς
1349 4335 1443 4388 τοῦ
1483 4338 1760 4406 μετιόντος
1799 4337 1932 4391 ταύ-

350 4447 450 4503 την
483 4430 718 4499 εὐφυΐας
766 4430 1137 4496 ἀποτελεῖται,
1179 4431 1264 4493 τίς
1320 4430 1428 4483 τῶν
1479 4426 1537 4483 εὖ
1586 4432 1930 4502 φρονούντων

350 4523 579 4577 ἀκούειν
626 4523 881 4589 ἀνέξεται
954 4522 1206 4591 λέγοντος
1265 4524 1552 4594 ὀμοούσιον
1603 4525 1926 4595 ἀπείκασμα

349 4614 658 4683 καῖβίκόνα
689 4614 784 4667 τοῦ
839 4615 1201 4686 πρωτοτύπου
1232 4614 1478 4683 γίνεσθαι
1505 4633 1520 4680 ;
1557 4616 1779 4686 Πρῶτον
1830 4618 1929 4687 μὲν

350 4708 456 4776 γὰρ
502 4704 916 4774 διασφάλλεται,
960 4707 1038 4768 εἰς
1086 4696 1280 4759 ταύτὸν
1321 4705 1470 4773 ἄγων
1499 4707 1692 4759 οὐσίαν
1747 4725 1807 4760 τε
1834 4708 1929 4762 καὶ

347 4797 568 4868 τέχνην,
632 4795 777 4864 ἅπερ
826 4795 1071 4867 ἀλλήλων
1122 4797 1414 4868 παραπολὺ
1468 4798 1768 4870 διενήνοχε.
1817 4802 1928 4870 Τὴν

351 4889 447 4956 μὲν
470 4889 581 4959 γὰρ
598 4888 760 4957 φύσιν
779 4891 807 4942 6
834 4889 1178 4960 Δημιουργὸς
1224 4891 1321 4943 καὶ
1374 4891 1626 4961 τεχνίτης
1659 4890 1766 4944 τῶν
1792 4892 1928 4945 ὅλων

1957 3198 2001 3257 C

2038 1949 2109 2002 tia
2133 1960 2213 2003 est
2240 1951 2306 2004 ab
2332 1951 2564 2020 imagine
2600 1954 2843 2021 figurata.
2865 1956 3025 2009 Aliud
3055 1960 3200 2012 enim
3232 1972 3313 2013 cst
3340 1962 3613 2027 Christus,

2035 2041 2181 2095 aliud
2212 2043 2436 2095 materia
2475 2058 2538 2096 ex
2579 2060 2681 2112 qua
2722 2046 2767 2098 is
2800 2046 3087 2115 ﬁguratur.
3127 2049 3251 2104 Ihec
3285 2067 3413 2103 vero
3446 2067 3475 2105 a
3518 2069 3617 2107 nn-

2037 2130 2120 2194 bis
2153 2132 2440 2199 redargui,
2483 2149 2663 2188 nonne
2710 2151 2921 2189 snnnne
2955 2139 3240 2193 ridiculum
3303 2142 3415 2194 sit?
3473 2141 3608 2197 Nam

2036 2236 2158 2290 quae
2190 2236 2256 2275 ne
2301 2222 2498 2277 mimus
2526 2225 2743 2291 quidem
2791 2230 3063 2296 quispiam
3103 2232 3355 2293 dixisset.
3407 2245 3497 2286 aut
3546 2235 3615 2291 de

2040 2313 2198 2365 trivio
2228 2312 2427 2382 aliquis
2468 2314 2682 2368 illorum
2709 2333 2845 2384 quos
2882 2319 2933 2371 iu
2980 2321 3227 2375 maxillas
3276 2324 3426 2377 multi
3477 2325 3618 2380 ludi-

2038 2403 2204 2457 bnndi
2255 2404 2586 2469 verberant,
2641 2406 2729 2483 hic
2777 2409 3173 2466 incredulitatis
3221 2416 3442 2483 crapula
3493 2419 3616 2470 hac-

2037 2492 2228 2555 chans,
2262 2502 2314 2547 et
2346 2492 2644 2561 impietatis
2668 2482 3023 2564 praepotentia
3069 2501 3117 2554 iu
3154 2482 3395 2560 furorem
3425 2519 3579 2561 actus
3600 2550 3614 2567 .

2037 2582 2143 2635 alta
2174 2598 2304 2638 voce
2326 2586 2704 2653 proclamavit.
2734 2588 2897 2659 Atqui
2922 2607 3074 2662 nngze
3101 2594 3182 2648 lue
3201 2610 3349 2660 sunt,
3382 2604 3616 2667 vanique

2034 2673 2251 2729 labores
2270 2676 2410 2745 ejus.
2445 2675 2552 2731 Sed
2588 2689 2713 2733 sunt
2755 2683 2996 2736 nonnulli
3030 2686 3082 2739 in
3123 2696 3330 2741 t:mtum
3388 2691 3615 2747 inscitize

2034 2774 2197 2834 atque
2243 2766 2613 2838 incogitantize
2661 2774 2905 2839 provecti
2932 2814 2945 2835 ,
2977 2785 3036 2828 ut
3075 2790 3132 2828 se
3177 2789 3365 2846 putent
3408 2781 3612 2853 aliquid

2035 2860 2085 2913 in
2108 2861 2191 2914 his
2225 2860 2361 2931 frugi
2398 2877 2643 2917 cernere.
2698 2865 2820 2921 ldco
2846 2882 2945 2920 nos
2974 2871 3345 2925 necessariam
3378 2873 3617 2929 institui-

2032 2966 2155 3006 mus
2212 2953 2265 3006 in
2325 2969 2382 3007 re
2415 2955 2635 3009 minime
2688 2959 2997 3012 necessaria
3043 2964 3422 3030 qna-stiOncm.
3473 2964 3611 3033 Quid

2031 3046 2175 3100 enim
2224 3047 2308 3099 his
2349 3047 2511 3102 dictis
2543 3036 2835 3104 ahsui'dins
2870 3060 2961 3104 aut
2993 3053 3425 3123 ineogitantins?
3451 3058 3613 3114 Certe

2033 3135 2176 3189 haud
2233 3137 2511 3191 hominum
2568 3139 2679 3194 hrec
2728 3144 2892 3195 verba
2943 3153 3104 3208 sunt,
3142 3146 3232 3214 qui
3276 3149 3609 3216 cogitatunm

2034 3240 2253 3280 suorum
2291 3242 2490 3282 nexum
2523 3230 2812 3284 retineant.
2850 3230 2985 3284 Nam
3023 3234 3068 3286 si
3107 3236 3171 3288 de
3202 3239 3433 3291 naturali
3475 3241 3609 3305 ima-

2035 3320 2180 3387 gine.
2216 3330 2487 3389 quatenus
2538 3324 2816 3378 artiticiali
2867 3328 3194 3394 opponitur,
3249 3330 3408 3384 verba
3459 3332 3610 3399 facit,

2032 3411 2244 3481 qualem
2276 3411 2455 3466 Patris
2491 3414 2777 3484 imaginem
2810 3433 2929 3471 esse
2975 3418 3170 3473 Filium
3204 3423 3457 3482 dicimus.
3496 3425 3606 3480 for-

2033 3511 2176 3558 tasse
2202 3519 2382 3559 sermo
2411 3505 2528 3572 eius
2560 3518 2705 3563 recte
2728 3524 2786 3562 sc
2818 3511 3056 3567 habebit:
3083 3512 3242 3569 Errat
3285 3530 3462 3570 amem
3483 3520 3609 3573 dum

2032 3595 2211 3665 inepte
2283 3598 2334 3651 in
2391 3598 2475 3653 his
2522 3599 2797 3654 simulacri
2880 3620 3075 3659 nomen
3148 3614 3409 3677 usurpat‘;
3479 3613 3611 3664 nihil

2031 3689 2174 3742 enim
2212 3689 2298 3743 hic
2343 3705 2480 3758 opus
2513 3701 2598 3745 est
2643 3692 2953 3748 simulacris
2990 3705 3080 3751 aut
3118 3686 3610 3767 argnnnentationiL

2032 3777 2150 3833 bus.
2196 3778 2417 3835 Frustra
2464 3782 2630 3852 igitur
2680 3785 2781 3840 hoc
2811 3785 2930 3841 loco
2983 3788 3399 3846 sitnmacrorum
3454 3810 3608 3847 men-

2031 3868 2107 3922 tio
2143 3870 2202 3924 fit
2246 3887 2261 3924 :
2314 3886 2543 3940 namque
2581 3875 2682 3929 hoc
2710 3890 2818 3943 pra:
2854 3878 2945 3931 illo
2983 3880 3206 3936 stultius
3238 3891 3303 3936 et.
3345 3884 3611 3954 irreligio-

2031 3960 2274 4016 sius'est.
2303 3959 2370 4015 Et
2395 3966 2617 4018 omnino
2665 3965 2843 4033 palam
2900 3967 3031 4023 facit
3072 3985 3131 4025 se
3162 3986 3227 4026 ex
3277 3973 3529 4030 absurdis
3557 3988 3612 4031 et

2032 4053 2517 4123 incongruentibus
2566 4071 2871 4112 sermonem
2936 4071 3251 4118 contexere.
3338 4058 3363 4081 ⁸

2103 4146 2187 4201 16.
2234 4145 2386 4202 Nunc
2410 4149 2669 4218 quoniam
2701 4149 2766 4204 de
2794 4151 3109 4209 simulacris
3145 4166 3307 4226 atque
3342 4158 3610 4213 artiﬁcia-

2032 4237 2517 4308 libnsimaginibus
2551 4255 2733 4297 sermo
2767 4243 2836 4298 ab
2883 4245 2973 4299 illo
3003 4258 3311 4304 commotus
3349 4250 3466 4315 fuit,
3489 4268 3609 4322 quae

2001 4326 2092 4384 ἐκ
2117 4332 2357 4401 subjecta
2415 4333 2641 4390 materia
2692 4344 2856 4406 atque
2906 4347 3045 4402 arte,
3094 4350 3149 4394 et
3182 4341 3300 4411 ejus
3330 4347 3419 4413 qui
3465 4344 3605 4399 hanc

1960 4540 2003 4595 D

2031 4423 2314 4490 proﬁtetur
2344 4423 2559 4493 ingenio
2596 4426 2748 4491 tium,
2780 4428 2904 4496 quis
2954 4429 3210 4484 cordatus
3257 4433 3496 4499 patietur
3526 4434 3609 4488 di-

2031 4523 2279 4581 centem,
2328 4525 2559 4570 statuam
2610 4518 2690 4572 vel
2742 4519 3033 4589 imaginem
3083 4525 3604 4578 consubstantiateni

2031 4621 2152 4661 esse
2185 4619 2468 4680 protozypo
2490 4611 2513 4663 ?
2534 4610 2715 4667 Primo
2743 4614 2885 4666 enim
2918 4626 3090 4682 errat,
3109 4616 3237 4670 dum
3265 4619 3486 4685 perinde
3509 4620 3601 4674 ha-

1988 4722 1995 4733 κ
2031 4698 2119 4755 bet
2143 4702 2503 4755 substantiam
2544 4714 2705 4772 atque
2746 4715 2950 4772 artem,
2977 4723 3095 4778 quae
3123 4707 3352 4765 invicem
3387 4727 3609 4782 magno-

348 4978 410 5031 ἐκ
444 4979 523 5052 μὴ
552 4979 706 5043 ὄντος
740 4981 822 5043 εἰς
875 4980 935 5033 τὸ
966 4976 1109 5034 εἶναι
1142 4983 1435 5053 παρήγαγε
1459 4982 1612 5046 Θεός.
1654 4982 1719 5035 Ἦ
1755 4983 1812 5037 δὲ
1837 4984 1927 5036 τέ-
1954 4998 1959 5002 ‘

349 5087 448 5142 χνη
485 5076 740 5144 μιμεῖται
765 5073 866 5144 τὴν
920 5074 1108 5145 φύσιν,
1150 5075 1249 5127 οὐκ
1284 5075 1424 5147 αὐτὴ
1457 5076 1640 5148 ἐκείνη
1676 5093 1740 5146 γε
1767 5073 1922 5142 οὖσα,

352 5164 486 5220 ἀλλά
517 5166 578 5219 τὸ
597 5167 828 5237 φυσικὸν
849 5165 989 5231 εἶδος
1011 5168 1085 5231 ὡς
1124 5168 1479 5240 παράδειγμα
1512 5170 1609 5222 καὶ
1639 5170 1927 5241 πρωτότυ-

353 5270 449 5309 πον
475 5257 891 5328 παραλαϐοῦσα,
922 5258 1099 5322 ἐοικός
1126 5278 1179 5313 τι
1207 5260 1301 5313 καὶ
1342 5261 1528 5331 ὅμοιον
1570 5262 1920 5329 ἀπετέλεσεν,

352 5345 426 5409 ὡς
454 5347 605 5402 ἔστιν
629 5347 724 5403 ἐπὶ
745 5349 1010 5405 πλειόνων
1039 5351 1195 5405 τοῦτο
1216 5351 1342 5405 ἰδεῖν
1364 5355 1663 5424 τεχνητῶν.
1693 5352 1926 5407 Ἔπειτα

350 5434 407 5491 δὲ
432 5438 528 5494 τοῦ
562 5441 773 5505 εἰκότος
799 5443 895 5496 καὶ
921 5442 1018 5496 νῦν
1041 5445 1449 5514 παρενήνεκται
1478 5444 1765 5515 λογισμοῦ,
1799 5447 1921 5498 κατ’

351 5528 503 5586 οὐδὲν
526 5532 807 5602 διαφέρειν
835 5533 930 5588 τοῦ
966 5534 1174 5606 ἀψύχου
1197 5536 1257 5589 τὸ
1293 5536 1534 5608 ἔμψυχον
1565 5536 1925 5609 καθοριζόμε-

353 5636 463 5691 νος,
491 5626 607 5680 ἀλλ’
667 5624 807 5682 εἶναι
851 5629 1019 5699 ἄμφω
1062 5631 1359 5699 όμοούσια·
1429 5633 1619 5704 ἐπειδὴ
1661 5635 1738 5698 ὼς
1789 5634 1920 5703 φέρε

354 5713 526 5771 εἰπεῖν
579 5719 611 5772 ὁ
667 5719 955 5791 ἄνθρωπος
1013 5720 1275 5794 ἔμψυχον,
1311 5724 1393 5776 δεῖ
1438 5726 1531 5779 καὶ
1571 5726 1670 5796 τὴν
1730 5725 1921 5777 τούτου

355 5800 537 5862 εἰκόνα
567 5805 811 5879 ἔμψυχον
836 5804 1005 5877 εἶναι,
1034 5812 1126 5863 καὶ
1151 5812 1212 5865 τὸ
1240 5812 1585 5884 ἀπείκασμα,
1615 5814 1708 5866 καὶ
1742 5814 1921 5884 ἀπαρ-

2032 4805 2158 4860 pere
2230 4793 2505 4847 diﬁ‘erunt.
2563 4793 2965 4851 Namwreator
3012 4801 3363 4869 omniumque
3426 4803 3607 4872 opifex

2033 4883 2173 4937 Dens
2198 4896 2441 4937 naturam
2474 4902 2537 4939 ex
2569 4902 2672 4939 non
2698 4897 2948 4942 exstante
2980 4891 3437 4947 adexsistendum
3483 4910 3607 4963 pro-

2031 4974 2200 5028 duxit.
2232 4974 2334 5027 Ars
2362 4990 2487 5028 vero
2520 4986 2766 5029 naturam
2803 4979 3068 5044 imitatur,
3113 4997 3218 5035 non
3257 4992 3438 5037 autem
3488 4985 3600 5051 ipsa

2032 5080 2221 5122 natura
2246 5077 2348 5133 est,
2380 5068 2475 5121 sed
2510 5070 2810 5125 naturalem
2843 5073 3102 5140 speciem.
3132 5083 3386 5142 tanquam
3413 5088 3600 5128 exem-

2032 5161 2147 5230 plar
2190 5170 2641 5229 prototypumque
2669 5176 2974 5229 assumens,
3008 5179 3104 5232 par
3129 5166 3386 5231 quiddam
3419 5179 3483 5218 ac
3530 5167 3603 5219 si-

2030 5252 2154 5307 Inile
2187 5252 2350 5316 facit,
2401 5253 2542 5320 quod
2606 5253 2657 5306 in
2716 5253 2957 5320 pluribus
3001 5257 3233 5325 opiticiis
3271 5256 3451 5309 ridere
3495 5266 3597 5309 est.

2034 5346 2160 5398 Dein
2190 5361 2332 5398 nunc
2371 5359 2586 5413 quoque
2627 5345 2906 5399 Mamonas
2936 5348 3123 5416 procul
3161 5364 3316 5417 aequo
3373 5349 3597 5402 ratioci-

2031 5439 2117 5491 nio
2144 5451 2391 5508 vagatur,
2419 5437 2544 5491 dum
2577 5439 2649 5492 nil
2688 5437 2908 5493 ditlerre
2949 5439 3186 5497 inanima
3234 5440 3302 5494 ab
3334 5440 3596 5505 animato,

2028 5534 2120 5585 sed
2145 5533 2302 5586 ambo
2332 5521 2459 5585 esse
2508 5531 3017 5599 consubstantialia,
3056 5531 3273 5594 deﬁnit;
3322 5532 3602 5602 quoniam,

2030 5624 2176 5679 verbi
2212 5624 2405 5693 gratia,
2457 5625 2500 5691 si
2553 5623 2713 5679 homo
2741 5624 3015 5676 animatus
3046 5631 3147 5685 est,
3187 5621 3344 5691 hujus
3387 5637 3603 5693 quoque

2031 5718 2318 5785 imaginem
2363 5718 2655 5771 animatam
2698 5730 2821 5770 esse
2849 5699 3121 5783 oport'eat,
3172 5714 3407 5784 itemque
3440 5715 3601 5769 sium-

2029 5810 2268 5877 laci-nm;
2301 5810 2374 5864 ita
2404 5820 2460 5865 ut
2491 5809 2697 5866 colores
2727 5819 2781 5865 et
2806 5808 3030 5879 reliqua.
3054 5809 3277 5865 materia
3322 5808 3595 5877 inanimis,

2631 6000 2645 6051 l
