4086 6344
446 386 555 450 227
620 372 642 387 '

1481 387 1543 447 S.
1588 385 2006 447 NICEPHORI
2046 383 2550 447 PATRIARCH/E
2589 382 2696 443 CP.

3605 338 3710 446 9εέ

450 514 514 555 ex
545 495 740 567 quibus
786 495 969 564 imago
1013 500 1249 557 constat,
1284 495 1350 547 ab
1398 495 1632 549 hominis
1684 506 1878 550 natura
1922 514 2025 549 non

2144 496 2411 559 ιλλάκτως
2466 495 2612 565 ἔχειν
2640 494 2708 548 τά
2736 509 2794 545 τε
2824 470 3090 562 χρώματα
3125 492 3219 545 καὶ⁵
3246 492 3343 563 τὴν
3378 493 3546 564 ἄλλην
3575 496 3709 568 ὕλην

454 589 728 643 differant.
763 587 1279 657 Oporteretautem,
1317 587 1615 640 secundum
1665 587 1805 641 idem
1859 589 2031 641 ratio-

454 683 680 743 cinium,
706 691 763 735 ut
780 695 870 736 res
886 691 1113 748 utraque
1126 678 1370 733 eamdem
1395 678 1614 733 haberet
1638 679 2031 745 deﬁnitionem,

468 785 631 843 atque
658 775 905 826 eamdem
931 779 1248 838 sequeretur
1267 769 1813 824 consubstantialium
1850 772 2035 824 condi-

458 867 658 919 tionem
676 882 696 920 ,ι
731 877 921 932 nempe
952 872 1006 915 ut
1030 862 1189 914 homo
1219 860 1441 915 relative
1473 861 1536 913 ad
1570 860 1733 914 alittm
1763 862 2033 915 hominem

457 955 557 1008 sub
596 953 838 1006 eamdem
885 951 1030 1005 cadit
1068 951 1441 1005 deﬁnitionem
1468 990 1483 1012 ,
1512 952 1583 1003 ita
1629 959 1685 1005 et
1727 951 1919 1018 ligura.
1971 951 2037 1005 Et

460 1042 713 1109 quoniam
752 1042 911 1094 homo
934 1040 1239 1093 estanimal
1268 1040 1557 1104 rationale,
1593 1042 1842 1105 mortale,
1885 1055 2035 1094 men~

460 1133 526 1187 tis
557 1142 611 1186 ct
636 1134 877 1186 scicntia:
914 1148 1083 1202 capax
1107 1176 1119 1196 ,
1156 1133 1445 1201 imaginem
1482 1133 1685 1199 pariter
1718 1146 1850 1200 opus
1900 1133 2038 1187 foret

460 1224 726 1278 ratiunale
759 1224 962 1277 animal
989 1238 1133 1286 esse,
1168 1224 1414 1284 mortale,
1445 1225 1644 1276 utentis
1688 1224 2038 1290 scicntizeque

455 1332 647 1383 capax,
673 1315 929 1383 nullaque
953 1331 1008 1367 re
1028 1314 1307 1367 dim-rens.
1338 1298 1501 1381 λιιιιιὶ
1523 1315 1637 1366 lieri
1671 1330 1775 1367 uno
1803 1329 1956 1382 posse
1983 1322 2038 1367 ut

456 1408 561 1459 ulla
590 1407 894 1463 similitudo
940 1415 1108 1459 totam
1167 1405 1499 1458 atlamussim
1550 1416 1802 1473 exaequet
1840 1406 2038 1459 verita-

458 1504 588 1554 tem,
618 1495 734 1559 ipsa
783 1494 984 1547 veritas
1016 1492 1250 1544 aliirmat
1288 1506 1408 1542 cum
1435 1493 1798 1544 summatibus
1828 1490 2037 1543 theolo-

456 1585 540 1650 gis
572 1584 706 1651 (l8).
748 1585 860 1637 lmo
888 1585 1052 1636 etiam
1102 1598 1228 1635 vere
1260 1582 1458 1633 dicitur
1504 1581 1666 1635 homo
1718 1583 1830 1650 ipse
1876 1597 1903 1633 a
1956 1597 2040 1635 se-

471 1684 583 1727 met
612 1673 858 1736 differre,
889 1690 951 1727 ex
977 1673 1205 1725 diversis
1236 1672 1447 1725 naturis
1491 1681 1750 1725 constans
1773 1710 1788 1734 ,
1836 1673 2035 1735 anima,

461 1767 710 1836 inquam,
736 1776 789 1818 et
813 1779 1087 1831 corpore;
1119 1763 1330 1816 etiamsi
1361 1778 1525 1816 unttm
1553 1764 1680 1831 quid
1714 1777 1777 1816 ex
1812 1765 1893 1817 his
1941 1779 2037 1816 εχ-

2136 586 2235 656 τὴν
2261 586 2468 655 ἄψυχον
2498 584 2557 651 ἐξ
2587 577 2662 637 ὧν
2698 584 2729 653 ὴ
2765 581 2928 635 εἰκὼν
2973 581 3300 652 συνέστηκε,
3329 584 3470 655 πρὸς
3494 585 3591 655 τὴν
3620 587 3711 639 ἀν-

2137 676 2360 744 θρώπου
2398 676 2582 744 φύσιν.
2615 673 2817 745 Ἐχρῆν
2836 673 2916 738 δὲ,
2949 672 3090 726 κατὰ
3129 673 3219 726 τὸν
3247 674 3490 729 τοιοῦτον
3527 676 3708 746 λόγον,

2135 770 2231 821 καὶ
2256 770 2627 821 ἐπικοινωνεῖν
2652 765 2729 837 τῷ
2754 765 2968 837 ὁρισμῷ
2991 766 3410 836 ὰμφότερα,καὶ
3428 768 3519 820 τὸν
3547 769 3710 821 αὐτὸν

2136 859 2449 922 ἀποσώζειν
2466 859 2623 927 λόγον
2645 857 2756 911 τῶν
2772 859 3078 927 ὁμοουσίων
3100 873 3115 888 °
3141 851 3253 911 οἷον
3268 848 3462 929 ὥσπερ
3495 858 3711 931 ἄνθρωο

2137 967 2237 1013 πος
2294 954 2443 1020 πρὸς
2468 948 2756 1019 ἄνθρωπον
2813 948 2893 1018 τῷ
2926 946 3077 1017 αὐτῷ
3127 948 3238 1018 ὅρῳ
3288 948 3709 1012 ὑποπέπτωκεν,

2137 1042 2281 1096 οὓτω
2309 1042 2402 1095 καὶ
2433 1042 2495 1093 τὺ
2518 1041 2839 1109 ἀπείκασμα
2863 1054 2877 1067 ⁶
2906 1039 2997 1092 καὶ
3024 1040 3072 1091 εί
3097 1040 3123 1091 ὁ
3152 1038 3440 1109 ἄνθρωπος
3471 1040 3607 1105 ζῶον
3624 1041 3713 1095 λο-

2137 1135 2314 1204 γικὸν,
2349 1133 2564 1203 θνητὸν,
2589 1130 2682 1184 νοῦ
2718 1130 2815 1184 καὶ
2847 1131 3163 1200 ἐπιστήμης
3187 1129 3462 1195 δεκτικὸν,
3497 1131 3591 1184 καὶ
3614 1138 3715 1202 τὴν

2139 1227 2323 1279 εἰκόνα
2376 1225 2515 1289 ζῶον
2563 1223 2807 1291 λογικὸν,
2847 1221 3061 1290 θνητὸν,
3111 1220 3204 1273 νοῦ
3250 1221 3345 1274 καί¹
3402 1223 3714 1293 ἐπιστήμης

2137 1316 2386 1369 δεκτικὸν
2435 1316 2697 1375 ὡσαύτως
2754 1310 2916 1372 εἶναι,
2978 1313 3146 1382 μηδὲν
3197 1312 3708 1381 παραλλάσσουσαν.

2150 1408 2290 1461 Ἀλλ’
2317 1408 2414 1475 οὐχ
2434 1402 2544 1459 οἷόν
2563 1422 2623 1459 τε
2645 1404 2750 1459 τῶν
2772 1404 3142 1473 είκαζομένων
3164 1402 3320 1456 οὐδὲν
3371 1405 3509 1475 πρὸς
3535 1407 3712 1460 πᾶσαν

2139 1499 2468 1563 ἐξικνεῖσθαι
2517 1496 2776 1563 καθαρῶς
2818 1497 2919 1565 τὴν
2951 1495 3237 1564 ἀλήθειαν,
3283 1495 3315 1564 ἡ
3361 1496 3594 1566 ἀλήθεια
3625 1496 3713 1566 βε-

2140 1592 2301 1647 ϐαιοῖ.
2332 1592 2425 1643 καὶ
2445 1589 2552 1641 τῶν
2578 1589 2844 1655 θεολόγων
2872 1589 2920 1638 ol
2956 1586 3219 1655 ἔκκριτοι.
3256 1587 3364 1637 Καὶ
3392 1587 3420 1638 δ
3452 1586 3553 1654 μὲν
3581 1588 3712 1658 ἀλη-

2141 1680 2239 1750 θὴς
2277 1681 2434 1748 λόγος
2466 1679 2557 1731 καὶ
2588 1678 2681 1731 τὸν
2728 1677 3016 1747 ἄνθρωπον
3072 1675 3237 1728 αὐτὸν
3297 1674 3495 1728 ἑαυτοῦ
3528 1675 3715 1745 διαφέ-

2144 1786 2261 1838 ρειν
2289 1764 2449 1831 οἶδεν,
2474 1768 2533 1831 ἐξ
2560 1766 2871 1837 ἑτεροφυῶν
2898 1764 3229 1825 συνεστῶτα,
3256 1765 3434 1834 ψυχῆς
3452 1765 3597 1834 λέγω
3620 1767 3714 1819 καὶ

461 1859 610 1911 sistit
634 1858 795 1910 homo
830 1873 843 1908 :
881 1864 1112 1923 utraque
1145 1855 1287 1906 enim
1325 1868 1407 1907 res
1432 1856 1709 1922 propriam
1742 1855 1911 1908 habet
1953 1856 2040 1906 ilc-

2144 1835 2419 1931 σώματος,
2448 1862 2497 1913 εί
2523 1860 2619 1913 καὶ
2647 1835 2706 1911 ἓν
2734 1876 2787 1911 τι
2819 1861 2883 1911 ὲκ
2926 1857 3134 1911 τούτων
3162 1859 3190 1911 ὁ
3234 1857 3524 1930 ἄνθρωπος
3545 1876 3563 1889 ι
3586 1860 3716 1912 ἑκά·

465 1950 803 2011 linitionem;
836 1961 1068 2014 namque
1104 1945 1206 1998 alia
1236 1956 1317 1997 est
1353 1946 1548 1998 animm
1588 1945 1748 2010 ratio,
1783 1945 1885 1998 alia
1921 1960 2041 1997 cor-

465 2041 633 2107 poris,
658 2055 777 2092 cum
802 2036 1127 2090 differentiis
1159 2035 1402 2104 pluribus
1433 2043 1596 2103 atque
1636 2035 2036 2088 accidentibus.

467 2131 668 2185 Sumus
700 2131 896 2199 quippe
934 2142 1032 2181 nos
1060 2128 1367 2195 compositi,
1406 2126 1513 2180 into
1557 2136 1611 2179 et
1648 2128 1880 2195 oppositi
1928 2136 2040 2179 tum

463 2222 620 2276 nobis
647 2220 778 2290 ipsis
813 2230 921 2273 tum
957 2219 1077 2272 aliis
1116 2218 1350 2272 invicem
1387 2217 1719 2272 hominibus.
1766 2217 2041 2271 Matnonas

463 2325 639 2367 autem
671 2326 738 2365 ne
756 2310 1053 2364 simulacra
1086 2306 1306 2378 quidem
1338 2308 1406 2362 ab
1439 2309 1505 2362 iis
1551 2323 1607 2361 re
1640 2308 1771 2371 ulla,
1809 2323 2039 2376 quorum

461 2402 914 2465 suntsinml..cra,
949 2400 1171 2455 dill'erre
1193 2403 1441 2470 putabat,
1477 2400 1569 2453 sed
1605 2394 1851 2455 eamdem
1880 2413 2043 2468 atque

463 2493 573 2568 24
599 2496 710 2558 illa,
742 2510 859 2561 qua!
889 2500 1317 2562 reprazsentant;
1336 2491 1571 2547 retinere
1605 2502 1851 2545 naturam
1880 2501 2042 2561 atque

467 2586 848 2639 substantiam.
881 2584 1135 2639 Attamen
1161 2583 1253 2651 qui
1285 2581 1404 2635 ﬁeri
1440 2589 1616 2650 potest
1640 2594 1700 2635 ut
1752 2582 1928 2652 imago
1957 2584 2038 2637 di-

467 2687 622 2728 untur
650 2674 730 2727 vel
759 2674 1136 2737 simulacrum,
1169 2672 1273 2725 nisi
1309 2673 1579 2726 diversam
1622 2673 1817 2726 habeat
1857 2688 1885 2727 a
1914 2688 2039 2743 pro-

470 2777 651 2838 tmypn
676 2780 773 2821 suo
808 2765 1094 2820 naturam?
1125 2764 1207 2819 Ab
1230 2764 1401 2828 omni,
1450 2764 1615 2832 igitur
1671 2766 1895 2820 veritate
1955 2780 2039 2821 se-

469 2859 716 2928 jungitur
755 2858 842 2911 hic
878 2856 1334 2925 sapientissimus,
1361 2864 1523 2923 atque
1562 2871 1590 2908 a
1624 2871 1801 2910 rerum
1836 2858 2037 2912 intelli-

469 2949 647 3018 gentia
690 2948 1007 3017 longissime
1052 2948 1224 3000 abest.
1279 2945 1356 2999 En
1390 2945 1532 2998 aliud
1569 2946 1786 3014 insuper
1825 2948 1968 3015 quod
2008 2963 2037 3001 a

471 3041 627 3096 nobis
659 3041 785 3094 huic
810 3040 914 3093 dici
948 3054 1158 3108 acquum
1208 3047 1290 3093 est
1316 3055 1330 3092 :
1363 3052 1555 3106 nempe
1583 3040 1780 3104 nescis,
1832 3054 1865 3092 ο
1892 3038 2039 3093 colu-

472 3131 594 3212 πραῇ
632 3132 1116 3201 philosOphorum,
1168 3141 1219 3185 te
1266 3130 1482 3185 tuismet
1528 3130 1866 3199 argumentis
1898 3130 2039 3184 irre-

470 3224 559 3278 tiri
603 3242 617 3276 :
661 3223 783 3291 quia
820 3223 988 3287 enim,
1022 3231 1078 3275 ut
1109 3231 1164 3274 tu
1189 3221 1305 3283 ais.
1341 3223 1861 3276 consubstantialem
1904 3223 2040 3275 ima-

471 3306 651 3377 ginem
680 3323 802 3363 esse
825 3317 1106 3379 prototypo
1137 3318 1377 3378 oportet,
1418 3311 1704 3380 imaginem
1734 3320 1914 3366 autem
1937 3313 2042 3366 cir-

472 3400 860 3469 cumscriptam
911 3415 1032 3455 esse
1057 3411 1110 3455 tu
1146 3416 1358 3470 quoque
1395 3402 1660 3458 concedes
1683 3406 1883 3473 (neque
1904 3403 2044 3472 quis-

473 3507 632 3560 quam
655 3493 791 3547 adeo
816 3492 1069 3559 insaniet,
1096 3505 1152 3547 ut
1177 3495 1277 3548 hoc
1306 3493 1511 3565 neget),
1546 3497 1793 3563 sequitur
1828 3502 1888 3549 ut
1918 3510 2043 3564 pro-

474 3594 717 3654 tutypum
764 3599 1016 3654 quoque,
1054 3596 1237 3657 utpote
1277 3588 1775 3653 consubstantiale,
1807 3589 2043 3642 circum-

471 3677 739 3747 scriptum
767 3679 857 3730 sit.
883 3677 1017 3730 Nam
1039 3679 1526 3734 consubstantialia
1553 3678 1775 3733 ditl‘erre
1802 3680 1941 3733 inter
1962 3693 2040 3744 se,

470 3767 615 3843 quod
645 3767 709 3820 ad
745 3768 1102 3823 substantiam
1131 3770 1361 3836 attinet,
1396 3783 1619 3838 prorsus
1667 3779 1750 3824 est
1794 3770 2046 3840 impossi-

474 3857 578 3911 bile
622 3873 637 3910 :
671 3857 1107 3927 quandoquidem
1151 3866 1205 3912 tu
1249 3872 1467 3927 quoque
1493 3857 1959 3927 circumscriptum
1992 3866 2047 3915 et

472 3950 998 4018 incircumscriptum
1052 3949 1107 4003 in
1161 3948 1483 4003 substantia:
1545 3948 1755 4004 ratione
1798 3964 2047 4020 compre-

474 4038 774 4097 IlendlSASl
806 4055 937 4111 ergo
991 4041 1133 4111 apud
1177 4048 1231 4095 te
1282 4040 1475 4121 dogma
1510 4041 1755 4104 steterit,
1794 4040 2045 4094 machina

472 4144 563 4186 tua
610 4133 917 4202 disjicitur,
968 4140 1022 4186 et
1069 4140 1389 4202 argumenta
1431 4138 1748 4186 sternuntur
1800 4130 2047 4185 veritatis

473 4221 655 4284 funda,
691 4222 967 4290 armisque
996 4220 1119 4274 aliis
1146 4220 1318 4274 valide
1350 4230 1676 4290 expugnata.
1726 4218 1937 4288 Reapse
1967 4232 2048 4276 ta-

474 4315 602 4366 lium
652 4314 1037 4381 magistrorum
1086 4311 1293 4367 similes
1352 4327 1476 4368 esse
1518 4316 1797 4383 opportuit
1831 4325 2047 4372 exortos

476 4421 620 4461 nunc
668 4406 997 4476 discipulos!
1035 4401 1250 4457 Talium
1291 4413 1436 4470 sunt,
1488 4405 1743 4473 inquam,
1795 4420 2044 4462 arvorum

2140 1971 2301 2024 τερον
2329 1953 2438 2023 γὰρ
2464 1955 2554 2006 τὸν
2580 1953 2779 2004 οἰκεῖον
2811 1950 2936 2020 ὅρον
2969 1949 3307 2018 ἀποφέρεται
3331 1963 3345 1977 °
3381 1948 3540 2011 ἄλλος
3563 1949 3713 2019 γὰρὸ

2140 2045 2240 2113 τῆς
2268 2043 2445 2113 ψυχῆς
2471 2043 2650 2110 λόγος,
2681 2041 2779 2095 καὶ
2805 2043 2834 2094 δ
2865 2041 2957 2094 τοῦ
3003 2039 3256 2109 σώματος
3278 2038 3487 2110 ἕτερος,
3523 2040 3713 2108 διαφο-

2145 2136 2266 2204 ραῖς
2323 2134 2380 2186 δὲ
2428 2133 2523 2186 καὶ
2569 2132 2949 2203 συμβεϐηκόσι
3003 2131 3241 2187 πλείοσι.
3297 2129 3550 2183 Σύνθετοι
3602 2132 3712 2200 γὰρ

2140 2226 2324 2293 ἡμεῖς,
2357 2224 2490 2278 ἀλλᾶ
2517 2225 2610 2277 καὶ
2633 2223 2903 2277 ἀντίθετοι
2946 2223 3038 2274 καὶ
3067 2222 3284 2283 ἑαυτοῖς
3310 2220 3415 2273 καὶ
3434 2220 3708 2290 αλλήλοις.

2152 2317 2211 2369 '0
2240 2315 2297 2368 δὲ
2330 2316 2450 2369 οὐδὲ
2486 2316 2556 2368 τὰ
2589 2314 2978 2384 ἀπεικάσματα
3016 2313 3160 2367 κατά
3188 2329 3242 2365 τι
3303 2310 3436 2380 γοῦν
3483 2311 3588 2364 τῶν
3627 2305 3704 2365 ὦν

2140 2408 2277 2460 εἰσιν
2355 2406 2748 2475 ἀπεικάσματα
2823 2403 3234 2473 παραλλάσσειν
3293 2402 3478 2470 ἠγεῖτο
3508 2440 3524 2465 ,
3595 2402 3712 2455 ἀλλ’

2138 2495 2456 2565 ἀκραιφνῶς
2481 2492 2791 2556 ἀποσώζειν
2819 2493 2955 2563 πρὸς
2982 2492 3050 2545 τὰ
3077 2490 3490 2559 ἀπεικαζόμενα
3504 2490 3566 2543 τὸ
3584 2492 3713 2559 δμο-

2141 2588 2273 2658 φυὲς
2312 2587 2409 2639 καὶ
2439 2585 2726 2656 ὁμοούσιον
2748 2601 2762 2616 ·
2792 2582 2910 2647 πῶς
2934 2584 2980 2636 δ’
3022 2584 3088 2636 ἂν
3111 2583 3193 2636 ἔτι
3230 2584 3397 2635 εἰκὼν
3433 2584 3528 2635 καὶ
3551 2584 3708 2636 ἀπεί-

2140 2697 2327 2749 κασμα
2350 2678 2589 2747 λεχθείη,
2622 2678 2673 2729 εί
2704 2676 2779 2747 μὴ
2808 2676 2869 2728 τὸ
2919 2676 3179 2737 ἀπεοικὸς
3213 2674 3328 2744 ἔχει
3377 2673 3455 2743 τῷ
3487 2674 3711 2744 ἑτεροίῳ

2138 2772 2249 2826 τῶν
2276 2773 2527 2840 φύσεωνς
2571 2771 2945 2840 Ἀπέρρηκται
2975 2764 3068 2821 οὖν
3099 2767 3278 2835 πάντη
3315 2765 3412 2835 τῆς
3451 2765 3710 2836 ἀληθείας

2139 2868 2168 2918 ὁ
2194 2864 2524 2933 σοφώτατος,
2564 2862 2657 2914 καὶ
2691 2862 2880 2932 πόρρω
2927 2876 3030 2913 που
3082 2860 3183 2928 τῆς
3230 2858 3340 2912 τῶν
3373 2858 3715 2927 πραγμάτων

2141 2952 2497 3022 καταλήψεως
2521 2950 2944 3005 ἀποπέπτωκεν.
2980 2948 3164 3013 Ἀξιον
3191 2948 3250 3002 δὶ
3271 2949 3365 3002 καὶ
3393 2948 3552 3001 τοῦτο
3574 2948 3708 3018 πρὸς

2142 3047 2303 3101 αὐτὸν
2341 3048 2548 3098 εἰπεῖν’
2580 3044 2662 3097 ὅτι
2685 3043 2932 3113 Λέληθας
2968 3042 3194 3096 σεαυτὸν
3219 3040 3518 3109 κάνταῦθα,
3549 3035 3595 3095 ὧ
3623 3057 3714 3110 φι-

2142 3139 2507 3209 λοσοφώτατε,
2555 3138 2671 3200 τοῖς
2703 3135 2929 3199 οίκείοις
2973 3135 3322 3206 περιπίπτων
3352 3135 3717 3206 ιπιχειρήμα-

2142 3250 2229 3287 σιν
2251 3249 2265 3259 ·
2289 3230 2477 3302 ἐπειδὴ
2498 3230 2630 3300 γὰρ,
2656 3229 2797 3282 κατὰ
2824 3227 2918 3281 τὸν
2943 3227 3037 3280 σδν
3065 3226 3246 3295 λόγον,
3264 3226 3553 3296 δμοούσιον
3574 3222 3717 3279 εἶναι

2141 3323 2224 3375 δεί
2254 3323 2355 3391 τὴν
2384 3321 2571 3373 είκόνα
2602 3317 2682 3388 τῷ
2732 3315 3094 3390 πρωτοτύπῳ,
3124 3318 3158 3385 η
3198 3317 3255 3370 δὶ
3290 3315 3455 3370 εἰκὼν
3495 3317 3577 3369 ὅτι
3619 3333 3716 3369 πε-

2145 3413 2421 3488 ριγραπτὴ
2455 3412 2763 3483 συμφήσεις
2794 3411 3011 3472 πάντως
3039 3408 3133 3462 καὶ
3184 3408 3369 3475 αὐτὸς,
3405 3409 3468 3485 οὐ
3514 3413 3625 3480 γὰρ
3652 3408 3719 3463 ἂν

2144 3506 2287 3560 οὕτω
2320 3505 2517 3576 μανείη
2536 3519 2618 3565 τις
2651 3501 2728 3572 μὴ
2755 3499 2879 3571 οὐχὶ
2906 3499 3081 3563 οὕτως
3125 3499 3270 3570 ἔχειν
3313 3499 3488 3554 ταῦτα
3527 3500 3716 3571 φάναι,

2145 3597 2299 3651 ἔσται
2326 3597 2420 3649 καὶ
2446 3596 2508 3649 τὸ
2537 3596 2893 3666 πρωτότυπον
2911 3591 3286 3662 περιγραπτὺν
3307 3589 3384 3654 ὡς
3407 3591 3717 3661 ὀμοούσιον.

2145 3687 2225 3740 Τὰ
2252 3688 2361 3756 γὰρ
2397 3683 2657 3755 ὁμοούσια
2686 3682 2964 3753 διαφέρειν
2994 3681 3267 3752 ἀλλήλων,
3292 3680 3418 3735 ὅσον
3458 3681 3600 3736 κατὰ
3627 3683 3723 3735 τὸν

2144 3779 2243 3849 τῆς
2272 3777 2465 3839 οὐσίας
2494 3775 2674 3844 λόγον,
2704 3772 2957 3845 οὐδαμῶς
2982 3767 3094 3828 οἷόν
3117 3772 3178 3825 τέ
3199 3775 3348 3827 ἔστιν
3378 3790 3392 3806 ο
3431 3773 3596 3841 ἡνίκα
3627 3773 3725 3826 καὶ

2145 3868 2309 3932 αὐτὸς
2339 3867 2399 3921 τὸ
2422 3865 2804 3938 περιγραπτδν
2832 3866 2928 3918 καὶ
2948 3864 3367 3935 ἁπερίγραπτον
3394 3865 3476 3927 είς
3502 3863 3595 3918 τδν
3622 3864 3724 3934 τῆς

2145 3958 2334 4022 οὐσίας
2390 3956 2850 4030 παραλαμϐάνεις
2895 3955 3074 4024 λόγον.
3131 3954 3202 4008 Et
3229 3971 3312 4008 σοι
3349 3950 3443 4010 οὖν
3498 3955 3567 4009 τὰ
3626 3955 3721 4009 τοῦ

2146 4050 2417 4119 δόγματος
2465 4050 2745 4119 στήσεται,
2794 4044 3207 4116 κατέστραπται
3234 4062 3328 4098 σου
3387 4045 3421 4115 ὴ
3480 4044 3720 4115 μηχανὴ,

2145 4138 2244 4192 καὶ
2276 4137 2632 4192 καταλέλυται
2673 4137 2743 4191 τὰ
2787 4136 3170 4206 ὲγχειρήματα
3218 4135 3287 4203 τῇ
3321 4133 3582 4205 σφενδόνῃ
3621 4134 3722 4202 τῆς

2147 4227 2407 4299 ἀληθείας
2443 4227 2682 4288 καὶτοῖς
2723 4224 2911 4286 ὅπλοις
2958 4220 3240 4292 κραταιῶς
3284 4219 3718 4291 ὲκπορθούμενα.

2152 4321 2358 4381 Ὄντως
2379 4318 2486 4371 ἔδει
2510 4316 2771 4370 τοιούτων
2789 4313 3128 4367 διδασκάλων
3178 4310 3452 4374 τοιούτους
3471 4301 3724 4362 εἶναικαὶ

2148 4410 2273 4471 τοὺς
2308 4406 2402 4461 νῦν
2426 4404 2808 4475 ἀνακύψαντας
2828 4400 3113 4472 φοιτητὰς,
3147 4400 3241 4453 καὶ
3269 4396 3527 4451 τοιούτων
3567 4395 3628 4460 ἐξ
3648 4388 3723 4449 ὧν

477 4499 720 4565 fructus,
752 4512 816 4552 ex
863 4497 1023 4551 malis
1056 4495 1311 4565 pessimi,
1341 4509 1405 4547 ex
1441 4495 1686 4564 turpibus
1726 4498 2041 4565 turpissimi.

2151 4500 2316 4571 ὃμοια
2369 4498 2438 4552 τὰ
2480 4495 2749 4581 γεώργια,
2800 4492 2989 4547 κακῶν
3041 4493 3281 4546 κάκιστα
3334 4490 3430 4542 καὶ
3483 4488 3725 4558 αἰσχρῶν

546 4703 633 4757 l7.
670 4702 860 4755 Adhuc
921 4700 973 4753 in
1031 4696 1219 4751 eadem
1266 4706 1464 4758 mente,
1514 4697 1614 4762 vel,
1668 4704 1724 4751 ut
1753 4697 1935 4752 verius
1969 4697 2046 4751 di-

473 4818 616 4865 cam,
641 4799 877 4854 amentia
943 4809 1301 4866 perseverans
1335 4794 1503 4849 dicit:
1538 4811 1556 4845 ι
1598 4790 1669 4848 Ut
1715 4802 1886 4848 totum
1925 4807 2043 4846 ser-

476 4905 674 4958 vetur;
707 4887 908 4957 alioqui
957 4901 1025 4942 ne
1056 4887 1232 4955 imago
1256 4885 1494 4953 quidem.
1535 4904 1554 4937 »
1609 4883 1664 4938 Id
1712 4899 1927 4954 quoque
1976 4885 2042 4937 ab

476 4985 686 5042 insania
719 4982 836 5051 ejus
873 4988 956 5034 est
995 4987 1157 5048 atque
1185 4976 1517 5045 stupiditate.
1558 4975 1689 5028 Nam
1717 4973 1806 5043 qtti
1855 4988 2042 5029 sanam

474 5085 530 5129 et
560 5075 825 5143 integram
850 5078 1085 5124 mentem
1112 5068 1334 5134 habent,
1368 5078 1418 5122 et
1450 5066 1701 5137 loquendi
1762 5064 2046 5120 rectitudi-

479 5179 602 5219 nent
633 5162 891 5227 retinent,
926 5158 1255 5216 contrarium
1289 5158 1469 5228 potius
1496 5158 1697 5221 dicent,
1728 5155 1869 5223 quod
1893 5154 1936 5208 si
1965 5164 2049 5207 to-

478 5265 590 5307 tum
633 5264 822 5319 nempe
848 5254 1117 5313 servatur,
1145 5247 1286 5301 haud
1314 5243 1427 5314 jam
1459 5245 1636 5312 imago
1663 5250 1765 5306 est,
1793 5240 1890 5295 sed
1919 5239 2048 5293 illud

478 5342 651 5409 ipsum
678 5339 818 5407 quod
853 5337 1115 5407 ﬁguratur
1157 5346 1440 5401 :namque
1478 5331 1594 5385 haec
1622 5330 1805 5400 specie
1845 5336 2051 5381 tantum

481 5444 587 5484 una
616 5428 912 5497 eademque
941 5442 1026 5481 res
1057 5425 1334 5484 videntur,
1379 5436 1484 5474 non
1514 5418 1761 5488 sbbjecto
1797 5435 1812 5471 :
1851 5416 2047 5471 Manto-

480 5537 581 5579 nas
608 5531 786 5576 autem
810 5521 1003 5583 credit,
1036 5517 1139 5572 nisi
1170 5517 1347 5583 imago
1380 5511 1723 5567 aniniatasit
1751 5518 1804 5564 et
1837 5510 2054 5577 praprio

2152 4590 2407 4657 αἴσχιστα

2227 4682 2311 4744 ιζ’.
2352 4679 2473 4731 Ἔτι
2505 4676 2601 4747 τῆς
2634 4675 2804 4746 αὐτῆς
2837 4674 3071 4737 ἑννοίας,
3128 4672 3161 4742 ἢ
3207 4669 3395 4733 ἀνοίας
3446 4669 3618 4721 εἰπεῖν
3643 4667 3722 4720 δι-

2154 4770 2460 4838 καιὸτερον,
2486 4768 2744 4838 ὲχόμενός
2770 4780 2956 4836 φησιν’
2992 4782 3010 4815 ι
3043 4763 3161 4816 Ἵνα
3185 4762 3245 4814 τὸ
3271 4760 3390 4813 ὅλον
3418 4758 3588 4828 σωθῇ,
3606 4754 3728 4809 ἐπεὶ

2153 4861 2279 4916 οὐδὲ
2306 4860 2489 4914 εἰκών.
2526 4879 2542 4911 ι
2583 4859 2695 4929 Τῆς
2728 4856 2938 4911 ἐκείνου
2966 4854 3138 4908 ταῦτα
3167 4850 3473 4922 παρανοίας
3500 4850 3592 4901 καὶ
3624 4846 3729 4914 τῆς

2153 4952 2483 5024 παχύτητος.
2514 4952 2577 5004 Οί
2608 4951 2715 5019 γὰρ
2749 4950 2879 5018 ὑγιᾶ
2914 4946 3013 5018 τὴν
3042 4945 3213 5016 φρένα
3243 4942 3598 5013 κεκτημένοι,
3628 4940 3729 4995 καῖ.

2155 5048 2343 5117 ἄρτιον
2377 5046 2472 5098 καὶ
2499 5043 2560 5098 τὸ
2586 5045 2644 5095 ὲν
2672 5042 2854 5110 λόγοις
2884 5039 3100 5110 καίριον
3127 5036 3509 5116 διασώζοντες,
3533 5035 3597 5088 ὲκ
3630 5030 3726 5085 τοὺ

2156 5138 2402 5194 ἐναντίου
2434 5137 2670 5208 φήσουσι
2698 5132 2921 5206 μᾶλλον,
2945 5132 3026 5185 ὅτι
3058 5132 3105 5183 εί
3135 5130 3195 5183 τὸ
3223 5129 3346 5182 ὅλον
3377 5126 3729 5208 διαεώξεται,

2158 5231 2279 5286 οὐδὲ
2302 5204 2635 5291 εἰκὼνξάλϊ
2677 5204 2812 5297 αὐτὸ
2845 5224 3023 5279 ἐκεῖνό
3050 5226 3171 5277 ἐστι
3199 5221 3261 5275 τὸ
3300 5204 3728 5286 εἰκονιλζόμενον,

2159 5321 2241 5387 οἷς
2266 5323 2328 5377 τὸ
2362 5316 2560 5375 ταύτὸν
2596 5320 2728 5373 εἴδει
2763 5318 2945 5388 μόνον,
3002 5316 3120 5370 ἀλλ’
3175 5314 3236 5368 οὐ
3269 5312 3349 5384 τῷ
3385 5309 3733 5381 ὑποκειμένῳ

2160 5416 2514 5487 ἐμφαίνεται.
2557 5412 2648 5482 Τῷ
2668 5412 2724 5465 δὲ
2760 5410 3093 5481 ὑπείληπται
3121 5408 3197 5472 ὼς
3232 5408 3281 5461 εἰ
3320 5407 3394 5477 μὴ
3424 5404 3520 5459 καὶ
3558 5401 3734 5472 ἕμιξυο

2160 5525 2253 5578 χον
2297 5508 2382 5577 εἴη
2436 5507 2531 5560 καὶ
2585 5504 2960 5573 αὐτοκίνητον,
3001 5500 3097 5555 καὶ
3126 5500 3228 5555 ὅσα
3276 5497 3371 5550 τοῦ
3422 5491 3732 5568 ἀρχετύπου
3791 5531 3796 5535 .

546 5730 657 5802 (l8)
694 5722 1323 5802 intelligitNicephorus
1354 5717 1764 5802 .Naaianzenum
1827 5720 1968 5777 orat,
2003 5709 2041 5763 9.

2144 5711 2243 5765 ll:
2321 5708 2575 5781 Μηδεμία
2622 5706 2787 5761 εἰκὼν
2847 5705 3040 5774 φθάνει
3101 5680 3237 5775 πρὸς
3286 5703 3385 5772 τὴν
3446 5698 3733 5769 ὸλῆθειαν,

477 5791 826 5867 ttutia't'mago
858 5791 1129 5850 veritatem
1158 5791 1479 5862 assequitur.
