4086 6344
328 430 436 498 129
1061 424 1692 486 ANTIRRHETICUS
1734 425 1758 485 Ι
1799 426 1966 488 ADV.
2007 424 2601 487 CONSTANTINUM
2634 425 2847 487 COPR.
3480 442 3585 506 230

327 543 451 599 οὐδὲ
475 536 662 595 εἰκών.
703 537 773 592 Εἰ
803 536 860 591 δὲ
887 533 1062 590 ταῦτα
1083 536 1185 589 οὐκ
1206 536 1441 600 εἰκόνος,
1465 538 1738 608 ἀνῄρηται
1762 536 1911 608 αὐτῷ

2022 546 2169 592 motu
2203 538 2449 609 praedita,
2473 548 2525 592 et
2548 539 2730 592 omnia
2761 536 3040 610 archetypi
3068 538 3328 598 attributa
3368 542 3591 614 habeat,

328 638 357 690 ὁ
385 632 485 704 τῆς
522 629 730 693 εἰκόνος
749 628 910 698 λόγος
932 628 1273 683 παντάπασι.
1306 628 1372 713 ’ζί
1397 626 1492 683 οὖν
1519 629 1774 684 ἐντεῦθεν
1799 649 1812 695 ;
1844 632 1906 684 τὸ

2012 646 2077 685 ne
2110 631 2397 700 imaginem
2431 624 2650 700 quidem
2680 645 2838 700 posse
2876 632 3003 687 dici.
3036 630 3191 703 Quod
3231 636 3276 689 si
3326 635 3442 692 haec
3481 653 3589 694 non

328 725 390 779 ιν
417 722 510 778 καὶ
560 722 782 788 ταύτὸν,
837 721 980 775 κατά
1025 720 1222 773 ταύτὸν
1255 721 1353 775 καλ.
1385 720 1446 773 ἒν
1495 717 1636 776 εἶναι
1685 723 1907 776 καὶδύο

2012 731 2133 775 sunt
2164 722 2414 792 imaginis
2446 723 2688 792 propria,
2713 725 2891 778 omnis
2923 727 3060 809 ratio
3094 726 3345 797 imaginis
3383 728 3459 784 illi
3494 747 3590 799 pe-

330 814 709 886 συμὸήπταν
748 812 886 867 ἀλλά
934 811 1029 865 καί
1069 811 1319 883 ἀλλήλων
1370 812 1588 875 εἰκόνας
1640 813 1905 885 γνωρίζε-

329 907 457 962 σθαι
493 908 590 960 καί
631 905 945 978 ἀρχέτυπα,
992 904 1088 960 καὶ
1123 905 1312 976 ὅμοιον
1343 907 1523 958 ἐκεῖνο
1574 906 1773 977 τούτῳ,
1811 906 1908 959 καὶ

328 1000 566 1071 ἔμπαλιν
587 997 749 1053 τοῦτο
781 998 997 1068 ἐκείνῳ.
1029 999 1140 1067 Οὐχ
1169 996 1363 1068 ὥσπερ
1396 997 1489 1051 ὲπί
1522 1015 1667 1060 τινος
1696 997 1908 1070 ἀνθρώ-

326 1096 459 1161 που,
487 1094 621 1166 φέρε
653 1096 853 1160 εἰπεῖν,
877 1093 1039 1163 ὁμοία
1071 1091 1171 1164 μὲν
1199 1092 1348 1163 αὐτῷ
1379 1092 1599 1160 λέγεται
1629 1094 1661 1163 ὴ
1691 1092 1903 1145 ἐκείνου

326 1186 512 1252 εἰκὼν,
540 1186 657 1240 ἀλλ’
683 1186 785 1239 οὐκ
804 1187 1012 1245 ἐκεῖνος
1045 1185 1237 1253 ὅμοιος
1265 1184 1422 1254 αὐτῇ.
1450 1183 1561 1237 Καὶ
1591 1183 1656 1254 δὴ
1683 1185 1779 1236 καὶ
1811 1184 1904 1236 ἀν-

326 1280 731 1351 τιστρέφουσαν
801 1276 900 1347 τὴν
961 1277 1377 1347 ἐνυπάρχουσαν
1441 1275 1628 1337 αὐτοῖς
1698 1275 1903 1345 σχέσιν,

198 1392 223 1407 ί
327 1370 526 1439 ἐπίσης
580 1369 677 1422 καὶ
728 1367 1171 1438 ἀπαραλλάκτως
1235 1365 1416 1435 ἔχειν,
1468 1366 1564 1417 καὶ
1618 1364 1906 1434 ἄνθρωπον

328 1462 559 1523 εἰκόνος,
606 1460 681 1532 μὴ
714 1460 798 1512 ὅτι
841 1459 1003 1530 μόνον
1043 1457 1338 1529 ἀνθρώπου
1387 1457 1572 1509 εἰκόνα
1613 1455 1903 1525 εἰρῆσθαι⁸

329 1554 425 1606 ἐπὶ
459 1552 673 1615 τούτοις
700 1551 802 1622 ἤδη
840 1551 935 1603 καὶ
956 1548 1355 1621 διαπορεῖσθαι,
1387 1550 1650 1618 ὁπότερον
1672 1547 1904 1617 θατέρου

329 1644 502 1698 αἴτιον
530 1639 669 1697 εἶναι
700 1643 1110 1713 καὶπρότερον.
1133 1640 1321 1694 Ταῦτα
1350 1640 1406 1693 δὲ
1439 1640 1538 1711 τὴν
1570 1640 1782 1693 ἐκείνου
1811 1656 1906 1692 σα-

331 1737 447 1806 φῶς
479 1737 779 1807 παρίστησι
816 1736 1054 1788 σύνεσιν.
1090 1728 1239 1802 *Δρα
1268 1735 1378 1805 γὰρ
1425 1735 1485 1787 οὐ
1520 1732 1780 1803 κιδδήλου
1808 1731 1905 1784 καὶ

332 1829 826 1901 παρενηνεγμένης
877 1827 1112 1899 φρενὸς,
1161 1825 1232 1879 τὰ
1283 1825 1516 1879 τοιαῦτα
1572 1826 1902 1896 εὐρὴματα;

2008 810 2098 863 rit.
2137 809 2275 876 Quid
2303 828 2431 883 ergo
2456 814 2581 871 hinc
2604 816 2892 883 sequitur?
2915 832 3107 887 nempe
3140 830 3195 872 ut
3227 836 3333 874 una
3367 823 3591 876 eadem-

2004 915 2110 970 que
2137 917 2243 968 res,
2271 914 2322 956 et
2351 919 2456 958 una
2501 905 2660 959 simul
2703 906 2773 961 sit
2823 916 2878 961 et
2921 908 3079 963 duae:
3133 910 3243 964 imo
3300 921 3357 966 ut
3403 923 3591 966 mutuo

2006 992 2268 1063 imagines
2297 997 2409 1049 sint
2433 1005 2482 1049 et
2514 998 2808 1069 archetypa
2839 1018 2852 1063 ;
2890 1011 2945 1054 et
2997 1002 3099 1056 hoc
3137 1002 3234 1066 illi,
3284 1003 3413 1057 illud
3463 1005 3591 1059 huic

2005 1086 2241 1140 vicissim
2269 1087 2444 1142 simile
2473 1090 2564 1143 sit.
2594 1090 2786 1155 Aliter,
2812 1094 3048 1161 esetizpli
3086 1109 3273 1160 causa,
3319 1104 3482 1165 atque
3533 1103 3587 1150 tu

2006 1176 2223 1232 homine
2270 1181 2561 1245 usuvenit,
2613 1183 2699 1234 cui
2740 1182 2919 1251 imago
2964 1186 3162 1239 dicitur
3219 1187 3448 1250 similis,
3484 1204 3590 1241 non

2009 1271 2168 1323 homo
2195 1270 2437 1341 imagini.
2468 1272 2686 1341 Alioqui
2729 1276 3138 1329 convertibilcm
3185 1277 3445 1332 haberent
3492 1280 3589 1331 dr-

2006 1361 2432 1415 nominatiouem
2464 1377 2657 1432 suam;
2706 1365 2776 1420 ita
2803 1374 2862 1419 ut
2897 1382 3049 1436 atque
3102 1368 3589 1439 indill‘rreuterqne

2009 1453 2168 1507 homo
2202 1455 2365 1508 etiam
2389 1455 2663 1526 imaginis,
2691 1466 2743 1511 et
2778 1474 2884 1513 non
2922 1470 3131 1513 tantum
3195 1461 3371 1531 imago
3412 1462 3588 1515 homi-

2009 1544 2092 1597 nis
2127 1545 2403 1601 diceretur
2456 1557 2662 1616 :atqne
2715 1549 2787 1603 ita
2824 1551 3171 1603 dubitaretur
3204 1560 3383 1602 utrum
3408 1552 3589 1604 utrius

2005 1638 2161 1705 origo
2210 1645 2352 1691 esset
2403 1647 2457 1691 et
2493 1640 2841 1694 antecedens.
2894 1640 3018 1694 Haec
3069 1641 3281 1694 scilicet
3325 1639 3588 1696 Mamonaz

2007 1738 2234 1778 acumen
2269 1725 2569 1782 declarant.
2613 1727 2801 1781 Nonne
2826 1728 2969 1781 enim
3020 1727 3188 1783 futilis
3233 1737 3287 1781 et
3338 1729 3588 1783 alienatae

2008 1816 2367 1871 mentishmc
2418 1828 2726 1872 commenta
2768 1820 2931 1873 sunt?
2962 1818 3184 1874 Adeone
3237 1819 3327 1874 hic
3387 1821 3589 1876 inscius

332 1891 605 1975 Τοσοῦτον
627 1891 1044 1983 ἀνεπίσκεπτος
1073 1920 1173 1988 τῆς
1202 1918 1311 1971 τῶν
1346 1917 1517 1971 όντων
1551 1891 1788 1986 φύσεως,
1812 1916 1911 1969 καὶ

2012 1916 2214 1959 natura:
2247 1921 2425 1960 rerum
2455 1920 2567 1969 est,
2612 1916 2666 1962 et
2696 1925 2725 1963 a
2778 1910 3007 1964 veritate
3056 1912 3246 1977 procul
3303 1918 3589 1966 scutulas?

328 2014 437 2067 τῶν
468 2012 684 2084 ἀληθῶν
705 2010 923 2082 μακρὰν
941 2008 1303 2080 διῳκισμένος
1320 2007 1709 2071 κινδυνεύσειε,
1731 2007 1907 2060 ταῦτα

329 2104 482 2158 οὐδὲν
511 2105 741 2173 ἄμεινον
768 2098 910 2153 εἶναι
940 2099 1051 2153 τῶν
1074 2102 1131 2153 ὲν
1161 2102 1272 2160 τοῖς
1300 2099 1715 2165 γυναικωνίτισι
1756 2095 1908 2165 παρά

331 2192 959 2262 τοίςκωθωνιζομένοις
992 2190 1264 2260 γραῖδίοις
1324 2190 1466 2243 κατά
1530 2190 1634 2253 τὰς
1691 2188 1910 2259 μακρὰς

331 2286 551 2356 ὁμιλίας
578 2283 856 2357 ᾀδομένων
888 2281 1339 2353 μυθολογήματα.

406 2471 496 2538 ιη’.
535 2464 624 2529 Ὠς
651 2460 744 2518 οὖν
775 2464 977 2534 ἥκιστα
1010 2462 1160 2534 αὐτῷ
1178 2462 1466 2526 εὐσεϐείας
1502 2464 1713 2535 προσῆν
1750 2464 1911 2519 ἔναυ-

334 2569 448 2625 σμα
477 2553 719 2618 πώποτε,
766 2552 889 2606 οὐδὲ
931 2552 1158 2622 λογικῆς
1216 2552 1535 2623 ἐπιστήμης
1578 2552 1684 2606 κᾶν
1736 2553 1910 2625 βραχὺ

330 2643 462 2713 γοῦν
488 2661 539 2696 τι
573 2643 914 2712 περιγέγονε.
948 2640 1123 2694 Πόθεν
1150 2641 1259 2712 γὰρ
1300 2642 1452 2710 αὐτῷ
1491 2642 1667 2695 αἰτίου
1699 2644 1795 2698 καὶ
1819 2646 1908 2696 αἰ-

329 2733 516 2789 τιατοῦ
545 2734 579 2804 ἢ
606 2737 706 2805 τῆς
733 2732 827 2785 τοῦ
857 2733 1050 2803 ὁμοίου
1082 2734 1442 2803 παραθέσεως
1467 2735 1495 2786 ὁ
1525 2732 1685 2800 λόγος
1708 2734 1909 2787 διασω-

333 2828 580 2896 θήσεται,
623 2825 746 2896 ἢτὸ
802 2824 1029 2893 μετέχον
1065 2825 1162 2877 καὶ
1215 2823 1602 2893 μετεχόμενον,
1656 2826 1910 2897 ἑτερότης

331 2934 391 2970 τε
452 2916 549 2970 καὶ
606 2917 838 2987 διαφορὰ
877 2915 1339 2988 ὲπικριθήσεται;
1376 2917 1521 2987 amp
1569 2917 1661 2970 ἐπί
1708 2934 1767 2970 τε
1809 2918 1906 2971 τοῦ

332 3007 646 3079 ἀρχετύπου
676 3009 769 3060 καὶ
798 3007 899 3078 τῆς
927 3008 1136 3071 εἰκόνος
1165 3006 1408 3074 φυσικῶς
1435 3006 1802 3078 ἑνῡεωρεῖται,
1841 3010 1910 3064 τὰ

335 3103 437 3172 μὲν
458 3100 555 3170 τὴν
581 3100 765 3169 σχέσιν
792 3101 889 3153 καὶ
913 3098 1014 3170 τὴν
1057 3099 1318 3168 ποιότητα
1356 3099 1454 3169 τὴν
1487 3100 1545 3151 ὲν
1590 3101 1795 3165 αὐτοῖς,
1836 3101 1907 3154 τὰ

2010 1996 2315 2052 Periculum
2345 2007 2453 2063 est,
2478 2008 2537 2052 ut.
2590 2001 2704 2053 baac
2769 2000 2939 2054 nihilo
2989 2002 3210 2055 meliora
3259 2004 3386 2067 sint,
3421 2019 3584 2072 quam

2010 2100 2129 2154 quae
2165 2088 2216 2141 in
2266 2090 2534 2158 gynarccis
2580 2105 2608 2140 a
2647 2089 2928 2143 bibacibns
2961 2092 3157 2146 vetulis
3210 2094 3349 2147 inter
3406 2093 3589 2164 longas

2010 2177 2485 2232 confabulationes
2537 2179 2723 2232 naenitn
2759 2190 3047 2239 canuntur.

2086 2452 2172 2507 l8.
2200 2450 2391 2505 Nullus
2426 2452 2610 2523 itaque
2635 2452 2762 2507 huic
2793 2452 2934 2508 inest
2967 2461 3127 2508 rectte
3153 2452 3427 2521 religionis
3455 2455 3589 2524 igni-

2012 2543 2196 2613 culusi.
2241 2558 2417 2613 neque
2462 2543 2648 2610 logicte
2683 2544 2926 2599 scientia:
2969 2544 3051 2599 vel
3089 2546 3381 2599 tantillum.
3436 2543 3591 2602 Unde

2010 2633 2152 2686 enim
2193 2633 2241 2687 ei
2283 2647 2443 2687 causa
2478 2643 2531 2687 et
2575 2643 2894 2695 causatum,
2942 2633 3024 2689 vel
3084 2635 3340 2687 similium
3406 2650 3588 2689 mutua

2011 2724 2346 2793 comparatio
2377 2724 2685 2778 constabit?
2724 2724 2806 2777 vel
2844 2725 3174 2793 participans
3212 2734 3265 2778 et
3304 2726 3591 2796 participa-

2013 2824 2145 2880 tum,
2173 2816 2256 2869 vel
2288 2815 2577 2869 diversitas
2612 2825 2666 2868 et
2696 2814 3001 2871 differentia
3031 2815 3449 2884 dijudicabitur'l
3471 2834 3591 2887 qua:

2010 2906 2226 2975 quidem
2249 2908 2298 2960 iit
2326 2908 2621 2977 archetypo
2648 2917 2705 2960 et
2727 2907 2983 2977 ,imagine
3023 2908 3348 2962 naturaliter
3377 2914 3592 2975 conspi-

2010 2999 2246 3062 ciuntur,
2274 2999 2472 3066 partim
2518 2999 2839 3052 relationem
2874 2998 3095 3053 illorum
3142 3008 3196 3053 et
3246 2991 3587 3068 qualitatem,
3685 2999 3689 3004 ’

2009 3089 2205 3158 partim
2238 3090 2464 3160 subjecti
2498 3090 2865 3145 diversitatem
2894 3090 3048 3145 nobis
3072 3093 3472 3147 describenda?
3496 3093 3534 3147 ll
3562 3111 3594 3147 c

330 3188 392 3244 es
412 3189 474 3244 τὸ
502 3191 743 3260 ἑτεροῖον
779 3188 877 3241 τοῦ
915 3188 1285 3257 ὑποκειμένου
1328 3188 1460 3257 ἡμῖν
1494 3189 1903 3260 ὑπογράφοντα.

2012 3191 2189 3235 autem
2241 3181 2381 3236 idem
2441 3191 2604 3250 atque
2630 3180 2944 3238 indifferens
3011 3183 3063 3237 in
3119 3194 3351 3254 utroque
3385 3201 3591 3254 paucis

332 3275 510 3344 οὗτος
552 3281 610 3334 δὲ
644 3280 706 3333 τὸ
744 3279 943 3334 ταύτὸν
984 3278 1081 3332 καὶ
1113 3278 1536 3348 ἀπαράλλακτον
1582 3282 1667 3334 ἐπ’
1702 3282 1907 3353 ἀμφοῖν

330 3374 645 3443 τιθέμενος,
679 3372 878 3444 ἀγνοίᾳ
901 3372 1003 3441 τῆς
1034 3372 1144 3424 τῶν
1176 3371 1348 3425 ὅντων
1392 3372 1757 3443 ἐπισκέψεως,
1815 3373 1908 3427 τὸν

331 3461 436 3532 τῆς
460 3461 667 3524 εἰκόνος
704 3462 862 3526 λόγον
918 3459 1229 3530 ὁλοτρόπως
1282 3460 1513 3526 ἀνεῖλεν,
1569 3464 1705 3535 ὅπερ
1758 3464 1909 3519 ἐστὶν

334 3553 622 3609 ἀδύνατον.
671 3552 830 3607 Οὕτω
860 3551 970 3623 γὰρ
999 3553 1095 3606 καὶ
1144 3552 1254 3605 τῶν
1286 3555 1630 3624 πραγμάτων
1668 3557 1701 3626 ἡ
1735 3555 1905 3623 φύσις

334 3645 491 3717 αὐτῷ
521 3645 1033 3718 παρακεχάρακται.
1071 3643 1214 3697 Ἀλλ’
1239 3643 1391 3698 ἔοικα
1423 3648 1488 3716 τῇ
1531 3647 1668 3718 αὐτῇ
1714 3648 1910 3719 ἐκείνῳ

333 3733 668 3805 ἀπαιδευσίᾳ
698 3732 1263 3805 συμπεριηνεγμένος,
1294 3732 1386 3785 τὸν
1410 3734 1491 3796 εἰς
1532 3735 1754 3805 μνήμην
1782 3735 1909 3788 τού-

214 3820 225 3831 ’
336 3842 450 3879 των
476 3826 577 3878 οὐκ
597 3824 901 3896 ἀφιγμένον
929 3823 1153 3877 πώποτε
1180 3821 1638 3893 καταιτιώμενος.
1683 3825 1910 3895 Δόξαιμι

336 3913 448 3985 γὰρ
469 3912 537 3968 ἂν
565 3914 759 3967 ταύτόν
789 3930 843 3967 τι
867 3915 1066 3977 ποιεῖν,
1089 3911 1166 3976 ὡς
1187 3911 1240 3965 εί
1262 3928 1350 3974 τις
1368 3910 1461 3965 τὸν
1486 3913 1729 3985 γεωργὸν
1756 3916 1788 3985 ἢ
1818 3915 1910 3970 τὸν

340 4005 631 4075 βάναυσον,
661 4005 739 4075 τῷ
778 4004 1097 4076 θεωρητικῷ
1136 4001 1438 4057 διευθύνειν
1481 4004 1810 4079 ἐπιχειροίη.
1845 4008 1911 4061 Τί

337 4095 450 4165 γὰρ
473 4093 556 4147 δεῖ
572 4094 663 4147 τὸν
695 4093 1022 4165 ἀνδροφόνον
1058 4092 1178 4147 ,καὶ
1228 4094 1466 4164 ἄμουσον
1519 4093 1766 4163 λογικαῖς
1812 4098 1910 4167 ἑφ-

339 4184 483 4247 όδοις
514 4185 993 4256 μετέρχεσθαι,τὸν
1011 4184 1238 4256 αῐμασιν
1254 4185 1613 4257 ἀνθρωπείαις
1629 4188 1722 4240 καί
1740 4187 1912 4244 ταῦτα

339 4276 681 4347 Χριστιανῶν
712 4275 993 4348 χαίροντα,
1022 4276 1149 4329 κυσί
1177 4294 1235 4330 τε
1266 4277 1362 4331 καὶ
1409 4277 1563 4331 συσὶν
1607 4278 1913 4347 ἐπαγαλλό-

343 4383 525 4437 μενον,
548 4362 628 4430 οἷς
659 4368 723 4421 τὸ
751 4367 917 4423 πλέον
936 4366 1040 4438 τῆς
1060 4367 1207 4439 ζωῆς
1253 4367 1611 4438 χαριζόμενος
1655 4368 1871 4441 ἔνειμεν
1894 4384 1909 4433 ;

340 4458 465 4511 ὅθεν
494 4458 643 4530 αὐτῷ
676 4459 708 4529 ἡ
742 4458 939 4530 μελέτη
967 4458 1077 4513 τῶν
1112 4458 1400 4530 δογμάτων
1433 4453 1757 4529 ἐξήρτηται,
1814 4460 1912 4513 καὶ

2009 3270 2231 3342 (quippe
2270 3286 2359 3326 res
2394 3272 2773 3327 considerandi
2827 3272 3068 3343 ignarus)
3120 3283 3283 3328 totam
3337 3276 3591 3345 imaginis

2011 3363 2274 3417 rationem
2331 3363 2582 3426 sustulit,
2638 3365 2781 3433 quod
2835 3379 3058 3434 prorsus
3107 3364 3221 3418 fleri
3263 3369 3467 3434 nequit.
3498 3366 3591 3418 Sir.

2009 3455 2152 3508 enim
2190 3470 2369 3509 rerum
2397 3469 2614 3523 quoque
2664 3465 2856 3509 natura
2913 3457 2982 3511 ab
3011 3470 3077 3511 eo
3108 3456 3437 3511 aboleretur.
3480 3457 3587 3511 Sed

2003 3541 2113 3611 jam
2146 3543 2278 3598 mihi
2316 3543 2502 3597 videor
2536 3547 2586 3598 iu
2619 3544 2806 3597 eadem
2850 3559 2914 3599 ac
2951 3546 3066 3614 ipse
3100 3545 3313 3601 inscitia
3343 3548 3547 3608 versari
3571 3587 3586 3609 .

2010 3635 2136 3688 dum
2163 3650 2286 3689 eum
2314 3633 2653 3705 reprehendo
2680 3635 2771 3704 qui
2801 3634 3002 3689 nullam
3027 3652 3259 3707 unquam
3289 3652 3467 3691 rerum
3497 3638 3589 3692 ha-

2013 3740 2131 3779 rum
2164 3726 2408 3781 notitiam
2434 3727 2645 3780 habuit.
2686 3725 2897 3781 Credar
2925 3728 3069 3780 enim
3105 3730 3244 3783 idem
3289 3728 3488 3794 facere,
3524 3747 3589 3783 ac

2014 3815 2058 3869 si
2078 3815 2198 3883 quis
2226 3814 2519 3885 agricolam
2538 3825 2634 3870 aut
2658 3816 2897 3881 baiulum
2928 3816 3258 3885 speculativa
3278 3818 3587 3886 disciplina

2013 3904 2142 3959 velit
2166 3903 2479 3958 informare.
2517 3905 3136 3971 Quidenimmammonte
3172 3917 3407 3961 cruento
3443 3909 3591 3961 rudi-

2012 4010 2117 4065 que
2140 3994 2345 4050 homini
2370 4009 2493 4050 cum
2526 3995 2718 4065 loglcis
2760 3994 3108 4051 facultatibus
3148 3997 3347 4066 negotii
3382 3998 3490 4052 sit?
3538 4000 3590 4054 ei

2014 4101 2204 4155 nempe
2228 4088 2319 4155 qui
2346 4086 2602 4151 humano,
2633 4095 2685 4140 et
2715 4086 2932 4155 quidem
2958 4086 3419 4153 Christianorum,
3459 4105 3590 4142 san-

2012 4178 2171 4245 gulne
2195 4175 2302 4247 25
2329 4177 2543 4248 gaudet,
2578 4177 2806 4233 canibus
2832 4177 3087 4248 aprisque
3117 4180 3436 4244 delectatur,
3472 4184 3592 4251 qni-

2011 4269 2112 4326 bus
2136 4269 2423 4338 plurimam
2448 4269 2572 4325 vitae
2610 4284 2721 4324 sua:
2758 4281 2964 4339 partem
3022 4272 3321 4339 impendit;
3367 4273 3507 4327 unde
3542 4275 3591 4327 is

2012 4362 2262 4417 Videlicet
2288 4361 2698 4418 meditationem
2721 4365 3028 4433 dogmatunt
3059 4363 3279 4427 didicit,
3309 4366 3593 4435 multieque

2012 4451 2249 4505 scientiae
2275 4452 2341 4506 ab
2376 4450 2743 4520 hujuscemodi
2774 4453 3049 4506 exercitiis
3074 4468 3341 4507 summam
3360 4453 3592 4525 rollegit.

343 4549 440 4621 τῆς
469 4549 669 4620 πολλῆς
695 4550 1008 4621 ἐπιστήμης
1052 4549 1141 4602 διά
1172 4550 1273 4621 τῆς
1297 4548 1409 4603 τῶν
1444 4549 1703 4603 τοιούτων
1729 4551 1911 4621 ἀσκήυ

2015 4541 2290 4598 Mittamus
2337 4559 2481 4599 nunc
2533 4544 2796 4613 reliquam
2829 4548 2993 4598 vitam
3040 4544 3241 4607 dicere,
3271 4561 3430 4613 quam
3470 4563 3593 4599 nar-

345 4656 481 4704 σεως
512 4641 965 4712 συναγήγερταιή
991 4639 1317 4712 κατάληψις.
1358 4642 1567 4711 Ἐῶμεν
1595 4637 1767 4716 τᾶλλα
1818 4641 1912 4696 τοῦ

346 4732 462 4802 βίου
486 4733 664 4802 λέγειν
682 4732 753 4786 τὰ
772 4732 890 4799 νῦν,
973 4734 1067 4786 καὶ
1094 4732 1277 4801 λέγειν
1298 4734 1545 4804 αἰσχρὸν,
1573 4734 1667 4787 καί
1693 4732 1917 4787 ἀκούειν

341 4823 611 4894 λεγόντων
634 4824 985 4895 αἰσχρότερόν
1011 4839 1071 4876 τε
1097 4824 1192 4877 καί
1221 4823 1383 4894 βλαὸε
1394 4824 1652 4895 ρὼτερον.
1681 4824 1775 4887 Τίς
1808 4824 1916 4895 γὰρ

348 4915 415 4969 ἂν
443 4916 544 4970 foot
565 4915 851 4987 ἄνθρωπον
876 4914 1283 4985 κυνηλατοῦντα
1336 4915 1429 4969 καὶ
1473 4915 1617 4968 συῶν
1667 4914 1763 4968 καὶ
1796 4915 1919 4969 ἐλά·
1946 4980 1951 4993 1

348 5021 466 5072 φων
502 5003 621 5074 ἴχνη
673 5004 802 5057 κυσὶ
834 5004 928 5058 καὶ
959 5003 1156 5075 θηρσὶν
1183 5002 1445 5067 ὡσαύτως
1493 5002 1916 5075 περιαθροῦντα,

350 5097 445 5150 καὶ
476 5097 576 5167 τῆς
602 5096 766 5167 φίλης
799 5097 1023 5161 ἱππείας
1050 5096 1123 5161 ὡς
1157 5096 1384 5168 ἡδίστης
1410 5095 1917 5167 περιαληλιμμένον

352 5191 446 5244 καὶ
471 5191 812 5260 δεδευμένον,
842 5191 937 5245 καὶ
964 5190 1041 5254 ὡς
1065 5189 1299 5253 εὐώδους
1349 5189 1525 5261 μύρου
1549 5188 1919 5259 ἀντειλημμέ-

351 5297 460 5346 νον,
487 5283 602 5344 τοῖς
625 5281 851 5351 ὑψηλοῖς
872 5282 972 5354 τῆς
1000 5280 1286 5345 εὐσεϐείας
1315 5282 1574 5351 ἀσφαλῶς
1625 5283 1717 5335 καὶ
1750 5281 1918 5350 ὑγιῶς

352 5372 750 5444 προσϐαίνοντα
807 5373 1071 5445 δόγμασι;
1116 5373 1274 5445 Ῥᾷον
1318 5374 1426 5445 γὰρ
1470 5374 1535 5427 ἄν
1566 5390 1650 5437 τις
1706 5373 1922 5426 ἀκούων

352 5465 571 5532 οίσειεν,
598 5468 658 5520 ὲν
694 5466 857 5539 κώπῃ
892 5465 991 5538 τὴν
1037 5466 1342 5537 κεραμείαν
1378 5465 1411 5537 ἢ
1457 5464 1751 5535 γεωργίαν,
1787 5465 1922 5518 ἀλλὰ

356 5558 434 5631 μὴ
459 5558 557 5630 τὴν
583 5558 862 5612 ναυτιλίαν
890 5558 1017 5612 τινὰ
1055 5556 1496 5619 ὲκπαιδεύεσθαι,
1533 5558 1626 5609 καὶ
1676 5555 1923 5627 θωρακο-

355 5647 626 5719 φοροῦντα
656 5648 1008 5702 θαλαττεύειν
1040 5647 1243 5718 μᾶλλον
1273 5647 1372 5718 οὐχ
1405 5646 1733 5709 ὁπλιτεύειν,
1767 5646 1800 5716 ἢ
1833 5646 1923 5700 τὸν

354 5740 412 5793 ὲν
445 5741 649 5813 κοπρία
673 5740 1142 5812 καὶαίσχρότησιν
1170 5741 1432 5813 ἀρρήτοις
1462 5738 1921 5810 ἐμμολυνόμενον,

358 5830 452 5886 καὶ
483 5834 641 5903 χερσὶ
691 5833 1171 5908 καθῃμαγμέναις,
1220 5834 1314 5887 καὶ
1354 5831 1638 5902 ἀκολάστῳ
1678 5831 1921 5902 γλώσσῃ,

1707 5916 1738 5951 ο

2016 4650 2139 4690 rare
2166 4644 2325 4705 turpe
2364 4645 2469 4701 est,
2506 4637 2695 4691 audire
2741 4646 2923 4692 autem
2972 4649 3256 4691 ‘narraktrn
3292 4641 3503 4708 turpius
3530 4655 3594 4692 ac

2016 4727 2397 4796 perniciosius.
2431 4725 2566 4781 Nam
2601 4729 2722 4795 quis
2747 4744 2983 4797 unquam
3021 4730 3152 4783 vidit
3188 4731 3459 4784 hominem
3505 4747 3595 4783 ve-

2019 4829 2286 4883 natorem,
2320 4834 2577 4888 aprorum
2605 4835 2998 4889 cervorumque
3029 4822 3275 4892 vestigia,
3310 4838 3404 4877 ceu
3432 4838 3596 4878 canes

2018 4906 2252 4977 feraeque
2285 4908 2488 4974 solent,
2520 4917 2962 4975 persequentem,
2991 4910 3186 4963 dilecto
3217 4911 3595 4977 agitandornnt

2018 5013 2277 5068 equorum
2306 4999 2484 5052 studio
2506 4998 2748 5053 deditum
2783 5007 2837 5052 et
2869 4999 3179 5053 deVinctum
3205 5040 3217 5064 ,
3264 4999 3423 5068 idque
3472 5015 3597 5057 sua-

2020 5092 2225 5145 vissimi
2267 5091 2529 5162 unguenti
2560 5090 2680 5146 loco
2707 5090 3019 5156 habentem,
3043 5092 3368 5146 sublimibus
3394 5091 3598 5159 pariter

2022 5182 2301 5252 religionis
2334 5183 2678 5251 dogmatibus
2720 5188 2838 5237 tuto
2868 5197 2933 5237 ac
2957 5183 3253 5237 salubriter
3310 5198 3368 5236 se
3416 5183 3598 5235 itumi-

2022 5272 2289 5327 scentem?
2307 5272 2542 5327 Facilius
2571 5272 2837 5341 quispiam
2863 5272 3069 5339 credet,
3102 5272 3171 5325 ab
3189 5286 3253 5325 eo
3273 5272 3362 5340 qui
3392 5286 3598 5325 remum

2025 5375 2170 5421 tenet
2197 5365 2434 5436 figlinum
2467 5376 2558 5419 aut
2600 5365 2986 5436 agriculturam
3019 5379 3120 5432 pro
3162 5379 3218 5417 re
3253 5363 3468 5417 nautica
3504 5371 3601 5417 do-

2025 5458 2160 5522 ceri,
2188 5458 2273 5512 vel
2308 5457 2596 5512 loricatam
2621 5457 2890 5512 hominem
2928 5455 3294 5526 navigationis
3330 5454 3447 5509 loco
3500 5455 3601 5508 mi-

2025 5551 2153 5604 litia).
2176 5550 2391 5616 addici;
2421 5563 2581 5618 quam
2618 5549 2890 5603 hominem
2945 5557 3188 5602 stercore
3247 5542 3604 5615 nefandisque

2030 5643 2456 5713 turpitudinibus
2473 5642 2831 5708 sordidatum,
2854 5639 3106 5695 manibus
3132 5636 3563 5709 sanguinolentis
3582 5677 3602 5703 ,
3706 5647 3730 5672 ο

2027 5738 2204 5807 lingua
2243 5736 2660 5804 intemperante,
2693 5734 3039 5803 marcidaque
3072 5741 3273 5797 mente,
3306 5731 3483 5786 divina
3507 5732 3607 5785 do-

2027 5836 2205 5899 gmata
2232 5826 2521 5898 attingere,
2564 5825 2764 5896 Deique
2787 5827 3042 5897 mysteria
3071 5825 3273 5897 eloqui,
3299 5839 3417 5896 qua!
3443 5839 3602 5881 mune
