3960 6344
83 293 176 356 825

1239 293 1416 357 VITA
1456 295 1516 355 S.
1558 295 1891 357 ANDREE
1933 293 2129 359 SALI.

3168 302 3288 366 826

81 399 282 466 όΛόγος
324 395 413 450 τοῦ
439 396 575 451 Θεοῦ
616 399 740 463 τοὺς
786 400 985 465 αἰῶνας
1029 400 1279 472 συνέχειο
1311 404 1359 456 εί
1392 403 1468 474 μὴ
1504 404 1610 474 γὰρ

1715 409 1951 475 positum
1986 408 2181 465 deinde
2220 396 2482 466 saeculum
2527 418 2632 466 est.
2680 408 3022 476 Manifestum
3058 420 3141 467 est
3187 412 3292 484 igi-

79 490 222 551 αὐτὸς
267 486 414 558 ἐτέθη
463 487 726 558 θεμέλιος,
778 490 1013 562 οὐδαμοῦ
1053 486 1198 563 εἰχον
1257 492 1513 562 σύστασιν
1545 495 1614 548 τὰ

76 580 326 648 κτίσματα
369 577 566 633 πάντα.
615 579 775 649 Λέγει
807 582 915 653 γὰρ
959 584 989 636 ό
1041 584 1336 647 ἀπόστολος
1382 585 1612 649 Παῦλος,

75 669 148 719 ότι
179 685 197 718 ι
241 667 326 720 Ἐν
364 667 530 736 αὐτῷ,
579 670 674 723 καὶ
728 674 806 734 είς
842 671 1002 725 αὐτὸν
1035 674 1104 728 τά
1137 675 1314 728 πάντα
1363 675 1611 747 ικτίσθη,

71 759 153 811 καὶ
177 757 241 809 δι’
262 757 474 810 αὐτοῦ.»
511 757 584 810 Τὸ
608 760 727 830 μὲν,
765 779 784 813 t
819 763 876 814 ὲν
907 762 1108 833 αὖτῷ,›
1150 765 1298 832 λέγει
1326 759 1490 819 αὖτὸν
1522 766 1614 820 θε-

71 846 270 914 μέλιον⁹
294 847 352 899 τὸ
371 845 445 911 δὲ,
483 866 501 898 ι
529 846 595 900 δι’
625 848 813 914 αὐτοῦ,
845 869 863 902 ι
902 853 1250 921 σημαίνειότι
1278 856 1307 906 ό
1338 856 1508 924 Λόγος
1538 854 1613 908 ὣν

66 935 148 988 τοῦ
179 937 404 1007 Πατρὸς,
455 939 513 1004 ἐξ
555 940 718 994 αὑτοῦ
751 943 844 996 τοῦ
862 944 1071 1014 Πατρὸς
1110 946 1368 1016 ἐξήρχετο
1415 947 1613 1019 appro.
1663 991 1665 993 .

71 1042 216 1091 ττως,
245 1028 335 1080 καὶ
366 1026 474 1080 τῶν
525 1033 836 1099 κτισμάτων
866 1031 964 1103 τὴν
1015 1033 1231 1102 ποίησιν
1285 1035 1572 1105 εἰργάζετο
1592 1050 1609 1066 ⁸

65 1118 190 1172 ὥστε
219 1116 380 1180 αὐτὸς
406 1114 473 1190 ἦν
502 1122 596 1176 καὶ
622 1122 887 1193 θεμέλιος,
932 1127 1025 1180 καὶ
1055 1126 1255 1192 κτίζων
1288 1129 1380 1181 ἐπὶ
1411 1128 1606 1182 ἑαυτοῦ

61 1210 121 1262 τά
155 1208 458 1276 σύμπαντα·
487 1212 646 1291 αὐτὸς
675 1213 780 1284 γάρ
807 1217 952 1270 ἐστιν
984 1217 1017 1286 ἠ
1048 1215 1304 1278 σύστασις
1341 1218 1449 1270 τῶν
1469 1221 1611 1292 ’ὁρας

61 1297 158 1366 τῶν
190 1299 280 1350 καὶ
320 1299 428 1352 τῶν
466 1301 708 1368 ἀοράτων
733 1318 747 1334 ⁶
782 1304 870 1358 διὰ
901 1304 1060 1358 τοῦτό
1094 1323 1248 1375 φησι,
1287 1325 1307 1359 ‹
1350 1309 1464 1379 Πρὸ
1514 1308 1608 1373 τοῦ

61 1386 240 1450 αἰῶνος
291 1386 619 1458 ἐθεμελίωσέ
667 1408 736 1460 με
759 1405 774 1422 ⁸
809 1411 830 1446 ι
861 1394 955 1446 καὶ
983 1393 1012 1446 ό
1055 1395 1377 1460 Ἀπόστολός
1404 1414 1567 1466 φησιν
1592 1413 1607 1428 ·

63 1494 80 1526 ι
113 1475 373 1539 Ἕκαστος
418 1478 474 1530 δὲ
504 1478 748 1549 βλεπέτω
792 1483 908 1546 πῶς
953 1485 1314 1553 ἐποικοδομεῖ,
1363 1487 1609 1555 θεμέλιον

60 1567 153 1634 γὰρ
205 1569 355 1638 παρὰ
391 1570 483 1623 τὸν
521 1571 772 1652 κείμενον
817 1575 1005 1646 ἕτερον
1047 1578 1327 1650 κτισθῆναι
1355 1580 1416 1632 οὐ
1440 1581 1608 1636 δύνα-

57 1673 153 1722 ται,
183 1657 240 1720 ὃς
269 1660 418 1714 ἐστιν
464 1661 669 1732 Ἰησοῦς
701 1665 955 1735 Χριστός.
991 1686 1014 1719 ι

55 1756 148 1801 tem
179 1749 414 1818 videat,
467 1753 584 1818 ait,
622 1759 892 1834 quomodo
961 1758 1353 1827 supermdiilcet
1386 1779 1402 1816 :

53 1838 96 1891 id
134 1842 274 1909 quod
316 1845 554 1912 positum
581 1855 698 1911 est,
725 1845 885 1902 Jesus
917 1849 1166 1905 Christus
1194 1851 1268 1907 “.
1300 1871 1322 1904 ›

1723 499 1832 558 tur,
1865 492 2100 549 Verbum
2144 496 2390 550 divinum
2431 498 2615 552 omnia
2658 499 2884 553 omnino
2910 498 3106 555 saecula
3135 516 3290 557 com-

1718 585 1901 652 plecti.
1953 585 2108 651 Quod
2159 588 2206 641 si
2259 589 2435 658 ipsum
2486 590 2752 645 rationem
2806 587 3134 646 fundamenti
3180 606 3291 646 non

1718 673 1980 741 haberet,
2029 676 2140 745 jam
2168 691 2268 731 nec
2300 677 2562 730 haberent
2587 687 2853 733 creaturae
2880 678 3169 746 universae,
3200 680 3289 733 ubi

1717 765 2100 821 consisterent.
2157 768 2296 823 Dicit
2329 769 2526 839 quippe
2573 769 2855 838 apostolus
2883 767 3089 826 Paulus
3117 788 3135 824 :
3175 788 3194 821 ι
3230 769 3287 822 1η

1721 856 1841 924 ipso
1876 867 1931 912 et
1978 856 2074 928 per
2131 852 2332 926 ipsum
2371 870 2552 915 creata
2603 869 2732 915 sunt
2780 863 2963 915 omnia
2997 862 3066 915 ⁸⁹.
3099 879 3117 913 ι
3187 859 3291 915 Ubi

1717 948 1864 1016 quod
1913 948 2156 1003 dicitur:
2200 966 2220 1000 ι
2268 950 2319 1003 in
2363 950 2520 1019 ipso,
2575 969 2594 1002 ι
2641 949 2873 1005 Verbum
2923 968 3045 1006 esse
3097 951 3291 1005 funda-

1715 1045 1955 1091 mentum
1981 1076 1998 1102 ,
2055 1040 2258 1094 indicat
2292 1057 2307 1105 ;
2363 1041 2494 1094 illud
2542 1049 2723 1095 autem
2756 1059 2772 1096 :
2812 1051 2832 1094 ι
2872 1059 2969 1110 per
3023 1044 3223 1111 ipsum,
3263 1059 3284 1094 ι

1717 1137 2114 1183 commonstrat
2171 1130 2338 1198 quod,
2393 1146 2517 1185 cum
2552 1117 2783 1185 Verbum
2823 1131 3000 1186 Patris
3055 1134 3162 1194 sit,
3195 1146 3290 1186 .ex

1718 1215 1838 1284 ipso
1870 1215 2030 1271 Patre
2066 1219 2202 1272 citra
2256 1223 2662 1292 corruptionem
2699 1222 2946 1284 exiverit,
3004 1234 3292 1289 rerumque

1718 1309 1963 1379 ontnium
2004 1312 2332 1365 creationem
2369 1312 2684 1381 perfecerit;
2726 1315 2862 1367 adeo
2903 1323 2960 1366 ut
3008 1315 3184 1381 ipsum
3219 1312 3290 1366 sit

1714 1409 1770 1455 et
1819 1399 2233 1456 fundamentum
2291 1413 2345 1458 et
2377 1407 2630 1460 conditor
2677 1408 3109 1460 universorum:
3163 1419 3286 1458 cum

1713 1492 1891 1562 ipsum
1923 1503 2030 1546 tam
2076 1509 2196 1563 quae
2235 1495 2510 1559 videntur,
2551 1511 2714 1565 quam
2744 1513 2866 1566 quas
2899 1511 3008 1550 non
3038 1496 3288 1549 videntur

1709 1593 1976 1639 sustentet
2032 1587 2238 1640 omnia.
2303 1587 2444 1642 Hinc
2507 1588 2709 1642 dicitur
2752 1606 2767 1641 :
2818 1608 2838 1641 ι
2888 1589 3027 1642 Ante
3077 1586 3288 1641 rszecula

1710 1671 1956 1728 fundavit
1988 1691 2090 1730 me.
2136 1695 2156 1728 ι
2195 1676 2261 1732 Ει
2300 1679 2595 1747 Apostolus
2634 1698 2649 1734 :
2686 1697 2706 1730 ι
2752 1677 3142 1749 Unusquisque
3182 1691 3285 1728 au-

1472 1761 1883 1822 fundamentum
1950 1768 2097 1859 enim
2167 1769 2314 1824 aliud
2359 1784 2522 1826 nemo
2575 1778 2751 1840 potest
2803 1781 3043 1840 ponere,
3083 1775 3286 1837 ρηιιετ

113 1936 239 2008 ροη’.
286 1940 601 2010 Ἐπνιφάνιος
626 1943 807 2012 λέγει’
840 1944 963 2008 Πῶς
985 1947 1079 1999 καὶ
1101 1949 1160 2000 ὲν
1188 1949 1361 2020 τούτῳ
1393 1951 1609 2025 Ἄρειος

1784 1954 1906 2010 178.
1953 1954 2182 2022 Moxque
2224 1955 2564 2026 Epiphanius
2597 1968 2615 2010 :
2656 1954 2945 2021 Quomodo
2976 1947 3158 2008 autem
3189 1970 3286 2024 per

47 2033 432 2102 κατεστράφης
487 2034 548 2088 Ὃ
580 2035 768 2103 ’Δγιος
818 2033 1005 2092 εἶπεν·
1047 2040 1282 2093 ’Δκούων
1338 2042 1366 2093 ό
1423 2037 1604 2108 ἄθλιος

41 2121 113 2182 τὸ,
133 2138 151 2171 ι
183 2109 239 2173 Ὀ
269 2122 477 2192 Κύριος
509 2123 688 2211 Euctus
713 2142 832 2194 μορ
869 2127 968 2182 οὐκ
992 2129 1212 2199 ινόησεν
1237 2131 1319 2183 ὅτι
1347 2132 1474 2203 περὶ
1501 2132 1605 2202 τῆς

43 2212 456 2286 ἀνθρωπότητος
483 2215 573 2269 τοῦ
603 2216 730 2270 Υῑοῦ
762 2216 852 2271 τοῦ
879 2218 1015 2273 Θεοῦ
1038 2221 1209 2289 λέγει,
1238 2222 1350 2276 ἀλλ’
1382 2223 1605 2293 ἐνόησεν

39 2309 112 2360 ὅτι
159 2311 289 2380 περὶ
313 2311 419 2381 τῆς
467 2299 910 2383 θεότητοςάὐτοῢ
952 2316 1112 2372 τοῦτο
1140 2319 1334 2390 ἐλέχθη
1359 2337 1374 2352 ο
1405 2321 1500 2373 καὶ
1526 2315 1605 2382 οἷ·-

41 2417 129 2469 μαι
162 2403 532 2472 συναπαχθεὶς
559 2409 624 2476 τῇ
650 2407 1042 2484 φρενοὸλασείᾳ
1071 2411 1178 2484 τῶν
1204 2411 1494 2480 δαιμόνων,
1523 2414 1605 2476 εις

35 2491 212 2547 ἄνοιαν
269 2496 531 2559 ἐξέπεσεν
555 2505 568 2518 ⁹
598 2501 668 2553 ,οὐ
716 2501 824 2570 γὰρ
862 2503 1079 2571 ιφρόνει
1121 2503 1213 2556 τὸν
1246 2501 1479 2574 Χριστὸν
1524 2491 1604 2558 διὲ

36 2585 191 2646 πλοῦν
241 2584 410 2652 εἶναι,
463 2590 594 2642 Θεὸν
630 2592 724 2645 καὶ
774 2593 1080 2660 ἄνθρωπον,
1117 2595 1250 2646 ἀλλὰ
1299 2597 1601 2665 μονα-πλοῦν

31 2676 214 2731 τοῦτον
267 2678 626 2748 στοιχειώσας
669 2682 762 2735 καὶ
806 2682 950 2739 δεινὰ
980 2683 1327 2751 φαντασθεὶς,
1371 2688 1450 2749 τίς
1485 2685 1604 2740 κτί-

36 2784 142 2837 σμα
172 2771 268 2823 καὶ
293 2770 510 2842 ποίημα
551 2771 608 2824 τὸ
630 2773 779 2825 Θετον
809 2773 1144 2844 κατήγαγεν.
1444 2759 1457 2776 ⁸

96 3045 226 3119 ροθ⁹.
268 3047 586 3118 Ἐπιφάνιος
603 3047 754 3104 εἶπεν
778 3067 794 3082 ο
823 3049 886 3102 Τί
915 3050 1082 3120 λέγει,
1112 3070 1130 3103 ι
1172 3051 1229 3103 '0
1261 3051 1414 3122 Θεὸς,
1442 3054 1499 3107 ὲν
1526 3052 1602 3124 τῷ

28 3139 252 3208 ὀνόματί
305 3157 401 3192 σου
437 3140 605 3192 σῶσόν
638 3158 728 3209 με,
761 3142 853 3193 καὶ
900 3141 955 3193 ιν
988 3145 1054 3211 τῇ
1101 3143 1323 3211 δυνάμει
1355 3161 1449 3196 σου
1477 3161 1602 3212 κριο

29 3233 135 3290 νεῖς
169 3248 277 3299 μες
323 3250 343 3282 ι
389 3231 448 3284 Ὀ
479 3233 743 3300 μακάριος
774 3232 876 3304 ἔφη
906 3251 922 3266 ο
970 3233 1036 3286 ἸΙ
1074 3235 1250 3304 κρίσις
1277 3233 1415 3303 αὕτη
1446 3236 1606 3288 καθοο

1706 2047 1888 2102 locum
1949 2047 2265 2115 pratdictnm
2303 2048 2602 2104 subversus
2661 2057 2746 2101 est
2792 2047 2997 2100 Arius?
3043 2046 3112 2100 Et
3165 2047 3285 2114 ᾼιι-

1704 2140 1865 2193 dreas
1898 2155 1913 2198 :
1958 2138 2122 2193 Miser
2153 2139 2240 2193 ille
2265 2178 2279 2204 ,
2315 2154 2438 2192 cum
2475 2139 2755 2193 audisset:
2799 2156 2818 2189 ι
2856 2137 3118 2192 Dominus
3149 2153 3284 2192 con-

1705 2228 1842 2284 didit
1885 2244 2004 2294 me,
2049 2248 2068 2280 ι
2105 2245 2216 2283 non
2263 2229 2743 2293 animadvertetis,
2779 2228 2846 2281 de
2878 2228 3116 2280 humana
3159 2225 3281 2280 Filii

1705 2319 1800 2374 Dei
1843 2321 2041 2380 natura
2078 2321 2127 2382 id
2163 2320 2565 2390 intelligendum
2592 2335 2734 2384 esse,
2790 2318 2976 2373 deitati
3007 2318 3281 2387 applicare

1705 2413 1892 2470 voluit.
1926 2418 2102 2481 Atque
2130 2427 2231 2481 ego
2260 2412 2479 2481 quidem
2533 2411 2668 2465 mihi
2711 2409 3014 2478 persuadeo
3042 2447 3057 2472 ,
3103 2407 3282 2461 homi-

1702 2519 1825 2562 nem
1871 2502 2138 2558 diabolico
2179 2500 2362 2554 itu-ore
2390 2511 2701 2566 correptum
2727 2535 2742 2562 ,
2783 2498 2836 2550 in
2874 2497 3022 2550 hanc
3057 2495 3280 2548 demen-

1703 2597 1832 2650 tiam
1884 2593 2140 2648 incidisse
2163 2633 2176 2654 ,
2212 2594 2338 2660 quia
2369 2589 2638 2658 duplicem
2667 2589 2720 2642 in
2749 2588 2968 2642 Christo
3000 2596 3275 2642 naturam.

1705 2687 1998 2740 humanam
2034 2684 2343 2738 scilicetac
2369 2681 2629 2741 divinam,
2665 2678 2950 2732 admittere
2978 2689 3235 2729 recusans
3258 2713 3276 2738 ,

1706 2789 1867 2830 unam
1897 2773 2310 2841 simplicemque
2343 2771 2608 2824 duntaxat
2637 2767 2982 2833 statuendam
3016 2780 3113 2834 per
3154 2778 3280 2842 gra-

1706 2884 1823 2922 vent
1855 2866 2159 2920 illusionem
2189 2862 2372 2918 docuit
2392 2900 2424 2928 ,,
2447 2861 2731 2916 referendo
2756 2859 3020 2915 Deitatetn
3051 2859 3103 2910 in
3130 2855 3280 2909 ordi-

1706 2972 1826 3010 nem
1872 2967 2262 3013 creaturarum.
2548 2978 2551 2982 ·
3065 2997 3068 3000 .

1778 3048 1899 3101 179.
1968 3046 2033 3099 Ει
2093 3029 2428 3114 Epiphanius
2487 3059 2503 3099 :
2575 3042 2715 3108 Quid
2777 3039 2881 3096 sibi
2936 3038 3052 3103 vult
3092 3035 3274 3092 illud:

1713 3159 1731 3193 ι
1773 3138 1936 3202 Deus,
1971 3138 2024 3191 in
2064 3138 2284 3192 nomine
2331 3146 2424 3191 tuo
2455 3135 2664 3194 salvum
2698 3149 2784 3188 me
2815 3130 2941 3194 lac,
2987 3139 3041 3186 et
3074 3131 3136 3208 in
3167 3130 3281 3182 vir-

1708 3243 1820 3286 tute
1887 3240 1976 3285 tua
2023 3219 2212 3300 iudica
2267 3243 2351 3281 me
2384 3225 2472 3280 “f
2505 3244 2524 3276 ι
2565 3225 2807 3280 Andreas
2851 3224 2927 3277 ait
2958 3239 2973 3276 :
3001 3219 3275 3275 Judiciutn

25 3318 146 3390 λική
206 3323 333 3373 ἐστι
395 3323 575 3391 πάσης
653 3322 1089 3394 ἀνθρωπότητος,
1155 3324 1353 3395 μᾶλλον
1399 3325 1457 3377 δὲ
1506 3326 1604 3396 τῆς

1715 3324 1800 3376 hic
1834 3323 2122 3391 generale,
2161 3319 2305 3389 quod
2343 3317 2601 3372 omnibus
2633 3315 2909 3384 impendet
2941 3311 3278 3375 hominibus.

37 3412 379 3483 Ἐκκλησίας
429 3413 662 3482 ὑπάρχει
706 3414 840 3482 πρὸς
877 3416 965 3466 τὸν
993 3413 1124 3466 Θεὸν
1169 3417 1201 3485 ἡ
1235 3415 1608 3486 παράκλησις⁶

25 3502 122 3573 βοᾷ
150 3505 267 3574 γὰρ
303 3503 445 3573 αὕτη
485 3503 570 3556 διά
602 3504 865 3573 στόματος
895 3505 985 3558 τοῦ
1038 3507 1322 3576 Προφήτου
1359 3506 1494 3577 πρὸς
1520 3507 1611 3560 τὸν

25 3594 324 3664 "rd/turma,
375 3595 643 3662 λέγουσα·
689 3596 746 3648 '0
778 3598 931 3661 Θεὸς,
981 3597 1136 3664 δίκην
1179 3599 1287 3667 ἔχω
1345 3602 1482 3670 μετὰ
1515 3599 1609 3652 τοῦ

21 3684 279 3738 διαϐόλου
325 3687 417 3738 καὶ
466 3687 572 3739 τῶν
623 3686 1074 3742 εἰδώλων...αὑτοῦ
1111 3705 1125 3721 ⁸
1160 3674 1612 3760 καταπονεῖγᾶρ

21 3779 316 3844 τυραννῶν
370 3796 436 3848 με
464 3783 530 3849 τῇ
582 3782 813 3851 πονηρίᾳ
847 3781 1033 3850 αὐτοῦ,
1081 3783 1195 3835 ἀλλ’
1232 3783 1351 3837 ἐλθὲ
1399 3799 1615 3852 σαρκω-

21 3869 157 3932 θεὶς,
212 3870 558 3940 ὀνομασθητι
609 3871 814 3938 Ἰησοῦς
865 3874 1122 3944 Χριστὸς,
1161 3877 1255 3927 καὶ
1303 3877 1608 3928 πιστεύσω’

19 3958 76 4011 ἐν
109 3959 190 4028 τῷ
220 3959 455 4025 ὀνόματί
505 3977 596 4011 σου
633 3960 803 4023 σῶζόν
832 3979 921 4028 με,
959 3962 1246 4031 πλήρωσόν
1298 3979 1391 4016 σου
1434 3965 1611 4016 πᾶσαν

17 4046 373 4116 οἰκονομίαν,
423 4045 759 4116 θανατώοητι
814 4047 880 4099 δι’
924 4039 1045 4118 ἐμὲ,
1076 4049 1358 4119 ἐγέρθητι,
1409 4045 1611 4122 ἀναλήζ.

18 4139 211 4208 φθητι,
257 4136 488 4192 κάθισον
521 4140 584 4190 ὲκ
629 4137 819 4202 δεξιῶν
850 4138 943 4192 τοῦ
985 4141 1218 4210 Πατρὸς,
1253 4142 1467 4212 πέμψον
1521 4161 1612 4212 μοι

17 4231 104 4282 τὸν
143 4229 523 4299 Παρὰκλητον
553 4229 640 4282 διὰ
669 4231 777 4281 τῶν
818 4233 1131 4284 ἀποστόλων
1163 4251 1280 4298 σου,
1312 4237 1404 4286 καὶ
1431 4233 1612 4295 λύσεις
1655 4294 1659 4299 _

17 4321 114 4391 τὴν
165 4323 339 4388 δίκην
390 4337 511 4387 μου,
556 4320 877 4384 καταῦαλεῖς
928 4323 996 4376 τὰ
1038 4323 1250 4390 εἴδωλα,
1305 4325 1613 4396 συντρίψας

17 4415 144 4476 τοὺς
186 4412 444 4482 βωμοὺς,
496 4412 759 4476 κωλύσεις
805 4415 903 4476 τὰς
959 4415 1187 4485 αἰσχρὰς
1223 4416 1435 4481 θυσίας,
1485 4420 1614 4470 άποο

17 4503 216 4566 δώσεις
257 4520 357 4573 μοι
396 4504 461 4555 τὰ
497 4503 621 4573 ἔθνη
671 4505 738 4561 τὰ
772 4505 1092 4576 ὑπουράνια,
1125 4509 1216 4559 καὶ
1257 4511 1313 4560 ὲν
1355 4511 1419 4579 τῇ
1455 4507 1614 4561 δια-νά-

17 4611 106 4663 μει
176 4595 529 4663 σου’κρινείς
565 4611 653 4664 με,
720 4597 1018 4666 διακρινεῖς
1070 4614 1161 4668 μοι
1205 4600 1383 4667 ἀγαθὰ
1440 4603 1498 4654 ὲν
1547 4602 1612 4673 τῇ

1713 3411 1980 3482 intelligas
2026 3410 2150 3463 licet
2185 3425 2199 3461 :
2237 3408 2338 3462 nisi
2373 3407 2530 3461 malis
2567 3417 2790 3460 mecum
2834 3404 3014 3458 dicere
3037 3440 3054 3466 ,
3091 3415 3284 3470 prcca-

1708 3504 1912 3567 tionem
1950 3501 2094 3555 illam
2139 3498 2397 3555 Ecclesiae
2423 3497 2586 3561 esse,
2635 3498 2699 3549 ad
2742 3496 2907 3572 Deum
2953 3492 3280 3563 altissimum

1712 3595 2002 3650 clamantis
2036 3609 2129 3662 per
2157 3608 2218 3647 os
2241 3587 2517 3662 prepheta:
2554 3607 2569 3645 :
2608 3588 2814 3651 Viden‘,
2846 3603 2879 3641 o
2920 3585 3080 3650 Deus,
3115 3599 3278 3653 quam

1711 3703 1909 3756 anceps
1937 3687 2068 3741 mihi
2097 3700 2218 3738 cum
2253 3684 2490 3748 diabolo,
2533 3698 2618 3735 me
2645 3693 2962 3749 Oppressum
2994 3675 3282 3753 tyrannide

1713 3779 1852 3834 male
1880 3779 2198 3840 multaturo,
2229 3790 2465 3845 cumque
2506 3773 2667 3826 idolis
2695 3771 2814 3839 ejus
2855 3777 3127 3824 certamen
3167 3763 3284 3821 sit?

1712 3871 1795 3926 Tu
1826 3887 1951 3924 vero
1976 3885 2096 3939 age,
2130 3881 2349 3922 carnem
2384 3867 2604 3920 inclutus
2633 3865 2922 3917 humanam
2958 3859 3062 3913 huc
3091 3857 3278 3912 adsis:

1711 3963 2087 4019 dulcissimum
2124 3957 2250 4014 Jcsu
2292 3957 2492 4012 Christi
2535 3970 2755 4017 nomen,
2803 3953 2855 4006 in
2888 3966 2997 4022 quo
3032 3951 3191 4004 iidem
3227 3956 3283 4004 ct

1712 4054 1963 4109 ﬁduciam
2005 4067 2219 4106 omnem
2254 4064 2532 4117 reponam,
2566 4061 2806 4101 assume.
2839 4041 2894 4096 ln
2933 4042 3153 4097 nomine
3189 4048 3283 4114 tuo

1714 4150 1861 4204 salva
1909 4161 2033 4212 me;
2083 4143 2343 4216 quidquid
2379 4142 2432 4196 in
2465 4155 2630 4196 carne
2653 4139 2903 4194 obiturus
2938 4151 3019 4201 es,
3050 4133 3284 4203 adimple

1713 4239 1901 4304 ocius;
1950 4252 2045 4304 pro
2094 4252 2178 4289 me
2228 4242 2455 4287 mortem
2488 4233 2602 4295 obi,
2653 4246 2683 4285 a
2730 4227 2966 4286 mortuis
3015 4239 3282 4293 resurgo,

1713 4332 1946 4386 ascemle
1996 4330 2049 4383 in
2083 4330 2288 4390 caelos,
2332 4326 2396 4378 ad
2455 4325 2732 4378 dexteram
2782 4320 2960 4375 Patris
3017 4315 3281 4381 conside,

1717 4424 1858 4478 unde
1903 4433 1955 4476 et
1995 4420 2198 4492 Spiritu
2239 4418 2510 4489 paracleto
2561 4433 2654 4486 per
2704 4413 2982 4484 apostolos
3026 4419 3285 4468 tuosme

1717 4514 1927 4584 imperti
1972 4531 1986 4567 :
2037 4515 2109 4566 ita
2160 4512 2374 4566 tandem
2427 4510 2670 4578 prmlium
2723 4515 2972 4559 nostrum
3025 4500 3283 4564 dirimes,

1719 4603 1863 4658 idola
1904 4602 2146 4669 dejicies.
2188 4616 2309 4654 aras
2352 4597 2713 4657 comminues,
2747 4595 2921 4663 turpia
2964 4599 3018 4644 et
3059 4585 3302 4658 profana.

17 4685 308 4754 διακρίσει
335 4686 626 4751 γινώσκειν
665 4703 746 4749 σε,
778 4689 989 4750 καὶτὰς
1015 4691 1238 4759 ,ἐντολάς
1271 4709 1362 4745 σου
1396 4697 1603 4764 τηρεῖν,

1715 4695 1981 4750 sacriﬁcia
2027 4692 2324 4762 impudica,
2373 4689 2574 4745 subdes
2621 4687 2752 4742 mihi
2805 4694 2994 4754 gentes
3027 4694 3145 4748 quae
3185 4677 3287 4731 sub

17 4778 111 4829 καὶ
153 4775 468 4844 φυλάσσειν
520 4777 658 4843 μετὰ
704 4778 796 4830 σοῦ
829 4780 1012 4850 ζωκρὰ
1041 4781 1152 4851 (87)
1189 4785 1605 4853 προστάγματα,

1715 4787 1852 4840 cmlo
1887 4793 2054 4849 sunt,
2097 4797 2149 4837 et
2178 4783 2230 4836 in
2269 4783 2469 4836 virtute
2501 4778 2883 4849 tuajudicabis
2914 4789 3042 4830 me:
3077 4768 3288 4840 judicio

17 4881 111 4926 tuo
151 4870 304 4925 mihi
361 4869 500 4924 bona
536 4873 775 4931 tribues.
810 4883 866 4926 ut
908 4874 968 4939 in,
1005 4874 1210 4943 judicio
1264 4885 1356 4931 tuo
1401 4893 1727 4949 cognoscam
1789 4889 1860 4944 te,
1893 4889 1948 4933 ut
1990 4893 2200 4933 servem
2268 4876 2527 4931 salutaria
2564 4873 2820 4928 mandata
2886 4879 3015 4934 tua,
3050 4875 3103 4923 et
3127 4878 3292 4920 exse-

17 4982 163 5038 quar
196 4979 405 5021 omnes
433 4966 760 5020 voluntates.

87 5063 210 5130 pﬂ'.
244 5056 466 5128 Ὀνομα
515 5058 604 5110 οὖν
649 5058 853 5128 Ἰησοῦς
881 5060 907 5112 ό
933 5060 1180 5131 ,Χριστός
1203 5079 1218 5094 ο
1276 5062 1525 5133 δύναμις,
1551 5063 1611 5116 τὸ

1790 5059 1913 5138 180.
1958 5057 2163 5113 Nomen
2213 5059 2396 5126 itaque
2461 5060 2543 5109 cst
2582 5050 2742 5106 Jesus
2796 5050 3081 5123 Christus;
3116 5044 3287 5100 virtus

17 5155 272 5226 Πνεῦμα
325 5153 384 5208 τὸ
418 5153 591 5220 ἅγιον.
647 5153 810 5222 Ζητεῖ
858 5153 950 5206 οὖν
989 5155 1284 5225 Ἐκκλησία
1332 5157 1466 5226 πρὸς
1519 5156 1608 5210 τὸν

1718 5167 1848 5207 vero
1872 5191 1888 5216 ,
1933 5151 2168 5221 Spiritus
2212 5160 2456 5205 sanctus.
2502 5145 2594 5201 Sic
2623 5143 2854 5213 appellat
2881 5141 3042 5212 igitur
3073 5137 3288 5193 Patrem

17 5247 287 5316 Πατέρα,
337 5243 603 5312 λέγουσα·
645 5244 702 5298 Ὀ
743 5245 897 5310 Θεὸς,
932 5249 988 5299 ὲν
1049 5246 1126 5317 τῷ
1173 5248 1392 5319 Χριστῷ
1435 5247 1606 5320 ἰησοῦ

1716 5255 1980 5302 aeternum
2034 5243 2267 5301 Ecclesia
2299 5281 2314 5307 ,
2366 5241 2555 5298 dicens
2598 5254 2614 5293 :
2663 5239 2704 5289 0
2735 5236 2877 5292 Deus
2903 5277 2920 5304 ,
2975 5233 3030 5288 in
3069 5230 3290 5288 Christo

92 5436 143 5468 "
190 5434 366 5489 Rom.
399 5448 472 5496 xl,
503 5430 593 5486 36.
671 5432 713 5463 ⁵ο
757 5435 775 5488 1
816 5432 940 5488 Cor.
977 5447 1059 5498 ιιι,
1093 5403 1206 5485 ίθξ
1255 5432 1300 5462 ⁸¹
1341 5429 1486 5487 Psal.
1519 5447 1643 5495 Llll,
1678 5432 1732 5486 5.

92 5605 237 5688 (87);
277 5616 470 5684 Σωκρὰ
495 5616 758 5670 salutaria
789 5615 946 5681 verti,
976 5614 1232 5688 quarm-is
1258 5629 1442 5670 vocem
1475 5616 1613 5670 hanc
1651 5617 1778 5676 alibi
1811 5631 2081 5688 nusquam
2117 5611 2412 5673 invenerim
2441 5628 2454 5668 ι
2527 5624 2626 5667 nec
2697 5603 2841 5664 enim
2871 5600 3133 5676 aptiorem
3166 5610 3292 5687 seu.

17 5685 154 5743 sunt
204 5686 344 5742 dare
376 5687 423 5743 ei
461 5688 607 5755 potui
651 5707 664 5744 ;
707 5688 855 5744 deest
890 5695 1066 5742 tamen
1099 5685 1151 5740 in
1190 5685 1388 5741 Mazar.
