3960 6344
138 331 229 393 857

1249 334 1422 395 νιΤΑ
1453 339 1528 398 .S.
1567 338 1892 401 ANDREAZ
1936 344 2128 404 SALI.

3184 354 3289 416 858

134 436 301 530 ἡμέρᾳ.
320 435 413 505 τῆς
452 437 704 530 κρίσεως.
734 440 865 530 Ἰςότε
897 438 1075 508 ζεύξει
1110 446 1372 513 μοναχοίις
1398 448 1519 508 ταῖς
1559 464 1642 517 μο-

1751 455 1940 511 dromo
1970 456 2178 512 Joanne
2205 458 2553 513 collocabitur
2583 460 2636 514 in
2668 460 2755 516 die
2780 461 2989 530 jtnlicii.
3046 460 3153 513 Rex
3187 458 3289 512 iste

131 522 408 592 γαστρίαις,
439 524 531 576 καὶ
566 526 727 592 ἱερεῖς
753 526 971 594 ὁμοίως,
1023 532 1116 583 καὶ
1145 535 1433 602 γενήσεται
1461 536 1494 604 ἡ
1529 536 1649 587 ἀνο-

130 612 242 682 μοία
266 613 359 682 τῆς
386 613 581 681 μίξεως
606 617 783 685 χεῖρον
807 607 967 684 φόνου
991 634 1007 649 ·
1050 620 1147 673 καὶ
1173 622 1333 683 αὐτὸς
1361 622 1646 692 πορνεύσει

126 701 319 772 μητέρα
362 703 454 754 καὶ
510 701 803 773 θυγατέρα.
834 707 942 760 Καὶ
970 708 1047 777 τῷ
1103 709 1279 780 καιρῷ
1323 712 1519 784 ἐκείνῳ
1560 713 1648 768 διὰ

119 791 209 859 τὴν
236 789 531 858 κατάρατον
574 793 864 849 ἀκολασίαν
890 796 1044 850 λύσιν
1072 796 1329 863 λαϐόντες
1380 801 1431 854 οί
1473 804 1649 875 μωροὶ

120 876 326 938 ἀσώτως
350 877 470 940 ταῖς
501 878 708 934 ἑαυτῶν
736 880 993 949 ἀδελφαῖς
1023 882 1543 955 ιπιχρεμετίσουσιν.

1750 543 2047 595 monachos
2079 558 2175 596 IICC
2217 558 2321 597 11011
2355 556 2407 599 et
2439 548 2747 603 SﬂCCI'tiOICS
2794 565 2915 602 cum
2960 547 3289 602 οοιιεθιττιιίς

1750 625 1859 701 Deo
1888 627 2187 697 virginibus
2220 634 2553 703 conjugahit,
2600 647 2653 689 et
2698 637 3001 691 οοιιιιιείειὶο
3033 636 3121 689 fiet
3163 635 3294 686 abo-

1751 715 2002 769 minanda
2052 719 2222 785 magis
2265 737 2425 790 quam
2483 725 2831 777 homicidium
2877 742 2891 777 :
2944 738 3114 791 neque
3163 735 3292 776 vero

1750 801 1977 870 ipsemet
2035 821 2067 859 a
2119 818 2290 864 matre
2334 828 2430 866 sua
2484 820 2645 880 atque
2706 812 2817 867 lilia
2870 827 2928 866 sc
2978 810 3287 865 abstinebit.

1752 893 1952 947 Eodem
1984 898 2232 965 tempore
2248 899 2461 957 etfrenis
2498 904 2921 970 intemperantia:
2946 900 3294 965 libidinistu

118 980 310 1032 causa,
361 967 589 1026 vinculis
620 972 734 1028 suis
782 980 836 1028 et
887 983 1033 1029 metu
1066 977 1261 1043 soluti,
1304 988 1549 1037 amentes
1609 996 1672 1037 ac
1709 985 1859 1039 stulti
1912 988 2157 1057 proprias
2195 1004 2409 1046 sorores
2486 1008 2614 1048 suas
2653 967 2908 1049 invadere
2960 1008 3066 1046 non
3110 989 3296 1044 formi-
3348 1040 3352 1044 .

118 1060 328 1117 dabunt.

182 1156 299 1217 σιγ’.
344 1151 451 1205 Καὶ
482 1151 806 1224 ἀναϐήσεται
833 1156 867 1228 ἠ
900 1160 1100 1231 σαπρία
1122 1164 1216 1215 καὶ
1263 1165 1292 1217 ὁ
1320 1164 1538 1238 βρῶμος
1568 1167 1645 1231 ῶς

117 1242 376 1313 βδέλυγμα
416 1244 642 1300 ἐνώπιον
668 1248 899 1319 Κυρίου,
926 1252 1020 1329 καὶ
1065 1255 1277 1324 πικρῶς
1321 1257 1648 1328 ὀργισθήσε-

112 1334 413 1401 ταιοιςῦριος
438 1335 465 1385 ὁ
499 1334 649 1402 Θεδς,
691 1340 784 1391 καὶ
809 1340 887 1410 τῷ
916 1340 1071 1413 θυμῷ
1099 1344 1321 1415 μεγάλῳ
1364 1348 1644 1417 ἐπιϐλέψει

114 1424 196 1475 ἰπὶ
218 1423 394 1478 πᾶσαν
429 1426 527 1496 τὴν
551 1428 677 1497 γῆν,
709 1430 803 1482 καὶ
842 1432 1131 1491 ἐντελεῐται
1158 1438 1222 1505 τῇ
1256 1436 1448 1507 βροντῇ
1478 1436 1642 1491 αὐτοῦ

110 1513 302 1566 ἀνωθεν
332 1516 425 1568 καὶ
462 1516 581 1579 ταῖς
604 1517 929 1584 ἀστραπαῖς,
970 1522 1063 1573 καὶ
1100 1521 1349 1591 ἄρξονται
1393 1525 1645 1595 ἀκρατῶς

111 1602 266 1674 φρίκῃ
296 1604 463 1675 πολλῇ
499 1608 901 1677 καταφέρεσθαι
923 1611 1014 1663 liti
1052 1612 1151 1681 τῆς
1172 1612 1297 1682 γῆς,
1325 1613 1419 1668 καὶ
1454 1613 1647 1667 πολλαὶ

1819 1170 1945 1224 213.
1974 1167 2181 1223 νοτιιηι,
2202 1172 2344 1225 enim
2377 1188 2503 1227 vero
2541 1176 2814 1242 corruptio
2841 1175 2928 1230 illa
2958 1187 3011 1232 et
3040 1194 3292 1248 peccato-

1743 1274 1862 1313 rum
1896 1259 2077 1325 fwtor,
2119 1260 2193 1314 uti
2222 1262 2571 1322 abominatio.
2607 1265 2865 1320 ascendet
2914 1268 2966 1320 in
3001 1283 3292 1339 conspectu

1743 1338 1997 1413 Domini,
2050 1351 2282 1407 maxima
2316 1355 2678 1409 succendeudi
2731 1356 3035 1421 iracundia,
3080 1338 3147 1414 et
3174 1367 3296 1417 uni-

1745 1454 1958 1495 versam
1987 1450 2181 1495 terrain
2219 1457 2411 1511 magno
2439 1458 2559 1497 eum
2590 1443 2773 1500 furore
2803 1445 3106 1513 lustratnri,
3142 1451 3297 1504 datu-

1747 1529 1900 1598 rique
1937 1529 1990 1583 in
2020 1531 2290 1586 mandatis
2316 1530 2556 1587 touitruo
2607 1549 2705 1589 suo
2747 1550 2811 1589 ac
2840 1536 3075 1603 fulmini,
3108 1550 3158 1592 ut
3191 1549 3297 1593 tor-

1751 1617 1890 1671 ribili
1938 1624 2075 1673 cum
2127 1620 2353 1689 strepitu
2414 1622 2466 1676 in
2507 1632 2701 1677 terram
2774 1624 2990 1691 delata,
3064 1635 3298 1683 tremore

109 1691 280 1755 πόλεις
317 1693 677 1764 πυρίκαυστοι
722 1698 1072 1769 γενήσονται,
1122 1702 1217 1755 καὶ
1264 1702 1560 1773 ἄνθρωποι
1587 1704 1642 1758 ἐκ

1751 1721 1945 1776 magno
1986 1708 2226 1779 repleant
2271 1713 2541 1767 universa.
2576 1712 2713 1769 llinc
2762 1729 2889 1770 vero
2954 1733 3075 1772 mox
3135 1722 3298 1774 nubes

104 1779 191 1833 τοῦ
223 1782 465 1850 πατάγου
490 1783 598 1837 τῶν
616 1785 865 1856 φοϐερῶν
895 1789 1376 1865 ὲκείνωνγβροντῶν
1402 1792 1644 1865 θροῖσμῷ

108 1869 317 1941 μεγάλῳ
362 1873 861 1944 παραλυθήσονται.
910 1878 1005 1930 καὶ
1047 1877 1232 1943 κακῶς
1278 1881 1642 1949 ἀποθάνωσιν,

105 1959 191 2010 καὶ
212 1959 396 2013 πολλοὶ
420 1962 895 2033 ἀστραπόκαυστοι
920 1968 1261 2039 γενήσονται.
1286 1971 1422 2024 Οὐαὶ
1444 1972 1503 2023 δὲ
1524 1974 1644 2026 τότε

102 2053 163 2119 τῇ
191 2053 259 2120 γῇ
300 2052 409 2104 ἀπὸ
431 2052 531 2122 τῆς
559 2055 789 2126 ἀπειλῆς
814 2057 906 2110 τοῦ
939 2060 1400 2130 Παντοκράτορος,
1426 2064 1520 2115 καὶ
1547 2063 1647 2131 τῆς

101 2140 319 2217 ἀπείρου
356 2142 528 2213 ὀργῆς
556 2160 613 2196 τε
651 2145 745 2199 καὶ
784 2146 957 2217 θυμοῦ
991 2147 1175 2214 αὐτοῦ,
1205 2150 1300 2205 τοῦ
1335 2151 1439 2223 ἤδη
1486 2154 1647 2225 ἕπερ-

100 2231 319 2299 χομινου
355 2235 436 2295 εἰς
477 2234 657 2287 πᾶσαν
704 2236 804 2306 τὴν
835 2239 1191 2308 οίκουμένηνι
1234 2241 1646 2311 Παταχθήσεται

97 2323 196 2392 γὰρ
217 2323 381 2377 τοῦτο
407 2324 468 2378 τὸ
489 2329 765 2398 σκῆπτρον
789 2331 888 2399 τῆς
908 2329 1158 2399 ἀνομίας,
1186 2331 1280 2383 καὶ
1304 2332 1362 2383 ἑν
1384 2331 1462 2400 τῷ
1485 2331 1645 2385 ἀσϐἑο

98 2430 202 2483 στῳ
231 2415 371 2486 πυρὶ
396 2415 748 2486 ληφθήσεται.
791 2417 921 2471 ’Δπδ
949 2418 1005 2472 δὲ
1040 2418 1148 2472 τῶν
1171 2420 1392 2491 ἡμερῶν
1424 2421 1647 2474 ἐκείνων

97 2505 353 2574 μακάριοι
382 2506 433 2557 οι
468 2505 846 2570 κατοικοῦντες
874 2509 932 2561 ἐν
971 2508 1180 2580 Ῥώμῃ,
1222 2509 1257 2580 1)
1284 2511 1344 2563 ἐν
1384 2510 1647 2581 ’Δρμενο-

94 2594 286 2664 πέτρᾳ,
314 2594 349 2663 ἢ
383 2596 441 2647 ὲν
491 2595 795 2666 Στροϐὐλῳ,
824 2597 858 2668 ἢ
905 2599 963 2651 ὲν
1009 2598 1337 2669 Καριοπόλει
1364 2614 1380 2629 ⁸
1413 2601 1473 2653 ἐν
1521 2601 1649 2653 ταύ-

92 2699 203 2748 ταις
232 2687 359 2749 ταῖς
409 2685 594 2739 πόλεσι
636 2686 732 2741 καὶ
775 2688 959 2752 τόποις
987 2688 1405 2743 ἀναπαύσονται.
1430 2691 1511 2744 Τὰ
1536 2693 1646 2761 γὰρ

94 2772 225 2826 ἀλλα
255 2775 437 2828 πάντα
472 2775 696 2846 πόλεμοι
735 2777 827 2829 καὶ
865 2778 1101 2847 ταραχαὶ
1132 2780 1226 2831 καὶ
1255 2778 1471 2850 θόρυϐοι
1521 2781 1647 2832 πολ-

90 2860 168 2913 λοὶ
191 2862 534 2933 γενήσονται,
584 2862 724 2917 κατά
770 2865 862 2916 τδν
902 2865 1142 2931 εἰπόντα,
1191 2866 1272 2919 ὅτι
1322 2885 1341 2919 ι
1373 2867 1647 2937 Μελλήσε-

88 2967 144 3003 τε
171 2951 395 3006 ἀκούειν
424 2951 713 3024 πολέμους,
761 2954 856 3007 καὶ
885 2954 1051 3019 ἀκοὰς
1108 2955 1418 3026 πολέμων,ε
1455 2961 1550 3010 καὶ
1576 2959 1643 3011 τὰ

92 3042 234 3112 Wis-

160 3222 279 3280 σιδ’.
312 3224 469 3279 Μετά
511 3224 567 3278 δὲ
593 3223 764 3279 ταῦτα
809 3224 1161 3297 ἐγερθήσεται
1206 3224 1454 3295 βασιλεία
1483 3226 1643 3296 ἑτέρα

90 3312 180 3366 ἐπὶ
205 3314 303 3385 τὴν
337 3313 492 3369 πόλιν
518 3314 740 3391 ταύτην,
778 3315 872 3366 καὶ
906 3314 1064 3377 αὐτὸς
1103 3314 1357 3385 βλοσυρὸς
1384 3314 1501 3376 ὃνος
1542 3316 1637 3367 καὶ

90 3403 314 3474 ἔξαρνος
359 3403 533 3475 Ἰησοῦ
563 3404 818 3475 Χριστοῦ,
848 3405 941 3457 καὶ
961 3404 1274 3472 ἀναγνώσας
1302 3404 1412 3459 τῶν
1450 3404 1636 3473 Ἑλλή-

88 3510 189 3545 νων
218 3496 440 3564 γραφὰς
478 3496 949 3566 μετατραπήσεται
1004 3498 1084 3557 είς
1124 3495 1499 3564 Ἐλληνισμδν,
1546 3498 1637 3548 καὶ

89 3584 307 3654 ποιήσει
357 3584 591 3654 πόλεμον
646 3586 781 3654 μετά
810 3584 917 3637 τῶν
954 3584 1121 3653 ἁγίων
1156 3584 1265 3655 (19)
1295 3599 1311 3616 ο
1353 3582 1469 3656 [καὶ
1499 3585 1636 3636 κατά

87 3677 145 3728 τὸ
166 3673 575 3748 γεγραμμένον)
630 3676 737 3730 ἀπδ
777 3677 867 3730 τὸν
890 3677 1129 3729 Σατανᾶν
1149 3678 1177 3730 ὁ
1199 3675 1463 3738 διάϐολος.
1486 3676 1636 3729 Μετὰ

86 3767 192 3836 γὰρ
219 3766 411 3832 ὀλίγας
438 3766 649 3836 ἡμέρας
675 3764 766 3819 τοῦ
811 3766 1072 3835 κρατῆσαι
1115 3765 1297 3827 αὐτὸν,
1345 3763 1543 3835 (πάντα
1569 3765 1638 3816 τὰ

85 3856 204 3925 ίερά
238 3856 412 3926 σκεύη
462 3857 803 3927 πυρίκαυστα
830 3854 979 3926 (20)]
1018 3857 1248 3925 ποιήσει,
1300 3852 1511 3907 καὶτὸν
1555 3856 1638 3906 τί-

88 3963 207 4016 μιον
236 3949 337 4000 καὶ
382 3946 643 4011 ζωοποιδν
684 3948 913 4017 σταυρὸν
946 3946 1187 4017 φοῦρκαν
1226 3946 1506 4015 ὀνομάσει,
1541 3948 1639 4001 καὶ

86 4039 305 4108 ποιήσει
355 4038 416 4091 τὸ
474 4037 733 4106 ίερατεῐον
777 4039 857 4100 είς
907 4037 1111 4089 πτῶσιν
1167 4036 1283 4107 [καὶ
1328 4039 1642 4109 κατακοπὴν

85 4127 215 4181 λαοῦ
264 4128 365 4197 τῆς
396 4126 604 4197 μέσεως
652 4125 764 4196 (21)
803 4126 1017 4195 ποιήσει
1071 4126 1210 4180 κατά
1250 4125 1346 4189 τὰς
1390 4126 1648 4195 δημοσίας

165 4317 211 4349 ⁵³
250 4314 419 4370 Marc.
451 4331 566 4380 xm,
600 4314 656 4369 7.

154 4470 442 4594 (lszylliza
474 4471 616 4525 nulla
643 4485 869 4540 usquam
905 4480 1016 4525 est:
1051 4470 1299 4592 suspicor
1325 4485 1424 4542 ego
1456 4471 1638 4542 legen-

85 4544 214 4594 dum
299 4556 401 4605 usa,
431 4555 550 4608 quae
580 4541 710 4613 urbs
738 4550 820 4613 est
849 4542 914 4594 ad
950 4554 1098 4613 mare
1126 4540 1141 4592 Ι
1171 4549 1467 4613 etruscum,
1505 4556 1641 4613 pra;-

81 4612 227 4678 cipui
278 4620 409 4663 tunc
449 4610 683 4662 nominis
717 4609 771 4678 et
801 4609 1050 4678 potentiae
1095 4626 1135 4678 ιθ
1159 4609 1641 4677 οοηνοιιίυιιιιιυίξ

80 4675 204 4733 dem
238 4694 344 4733 ms.
384 4679 437 4731 in
473 4678 699 4746 litteram
740 4675 868 4740 Ῥῶ,
909 4680 1001 4730 sed
1038 4677 1090 4729 in
1124 4677 1264 4731 hanc
1288 4678 1444 4740 facile
1470 4675 1644 4746 potuit

80 4748 416 4825 degenerare
460 4745 854 4825 aliinis_littera
904 4747 1241 4825 Il,_;quando
1287 4745 1641 4825 pesLuItiinus

83 4814 283 4890 littera:
285 4816 389 4890 _(ut
417 4829 558 4884 saepe
585 4815 742 4885 solet)
770 4815 945 4868 solum
968 4815 1227 4890 dimidius
1255 4814 1513 4884 pingitur,
1540 4815 1644 4869 hoc

82 4886 251 4938 modo
278 4887 347 4938 Π.

152 4953 273 5023 (16)
318 4954 705 5023 Armenopetra
738 4968 999 5021 nusquam
1048 4968 1193 5008 nunc
1234 4952 1509 5023 nominata
1559 4953 1645 5005 in.

81 5020 326 5087 venitur,
360 5038 456 5076 nec
488 5020 643 5075 facile
683 5032 766 5076 est
816 5020 1059 5075 divinare
1088 5037 1197 5091 quo
1251 5024 1400 5075 locus
1430 5021 1516 5074 hic
1545 5036 1641 5091 uo-

86 5091 335 5145 miuatus
369 5101 595 5159 spectet.
650 5092 787 5155 Quid
833 5093 879 5145 si
933 5090 1139 5158 legatur
1185 5091 1218 5159 ἢ
1268 5094 1324 5142 ἐν
1381 5090 1640 5158 Ἀριμίνῳ

84 5160 257 5229 πέρα,
291 5170 380 5212 aut
409 5159 627 5229 Arimini
659 5172 807 5213 trans
840 5175 984 5212 mare
1009 5198 1025 5221 ,
1077 5162 1217 5226 quod
1259 5159 1337 5212 ult
1360 5174 1505 5213 mum
1537 5173 1633 5210 vo-

85 5228 346 5282 cabulum
389 5228 640 5295 respiciat
667 5230 775 5292 iam
813 5231 985 5283 dictas
1019 5238 1125 5282 tres
1158 5229 1327 5281 Italiae
1365 5230 1569 5293 urbes._

158 5298 276 5367 (17)
318 5297 567 5352 Fortasse
608 5298 947 5367 Strougylus,
980 5297 1153 5351 insula
1187 5312 1293 5351 una
1315 5295 1638 5361 Eoliarum,

87 5366 293 5419 Sicilia:
333 5368 577 5433 subjecta
602 5407 617 5430 ,
653 5366 819 5434 vulgo
846 5366 1158 5435 Strombyli.

160 5436 279 5503 (18)
316 5436 445 5501 Quae
490 5435 541 5486 in
591 5452 693 5488 tus.
741 5433 1105 5488 Mazariniano
1136 5433 1464 5502 Καριὸπολις
1514 5444 1639 5498 est,

88 5503 142 5554 in
192 5503 455 5556 Vaticano
504 5503 889 5573 Καρυλώπολις
940 5504 1239 5557 scribitur:
1274 5505 1507 5571 priorem
1540 5518 1640 5555 au-

88 5582 237 5633 tem,
294 5576 417 5626 licet
478 5575 828 5625 recentiorem
891 5573 1172 5640 lectionem
1226 5573 1463 5639 pra'tali,
1513 5573 1639 5637 quia

88 5656 279 5693 tcvct'a
322 5642 615 5710 Cariop'olis
643 5642 693 5695 in
752 5642 906 5696 Caria
958 5642 1095 5696 Asiae
1146 5642 1374 5715 minoris
1420 5643 1639 5710 regione

1746 1798 1991 1868 plurimae
2054 1800 2406 1855 absumentur
2436 1803 2579 1873 igni,
2628 1813 2682 1858 et
2721 1804 2965 1861 homines
2993 1822 3103 1875 pra:
3131 1810 3297 1863 nimio

1744 1887 2060 1941 terribilium
2107 1890 2461 1951 tonitruorum
2515 1891 2724 1959 fragore
2763 1894 3100 1959 exanimati,
3171 1899 3294 1951 totis

1741 1975 1967 2031 artubus
1994 1977 2358 2033 dissolventur
2400 1989 2456 2034 et
2488 1980 2625 2035 male
2654 1981 2907 2050 peribunt
2947 2000 2961 2036 :
3005 1998 3103 2037 nec
3140 1986 3295 2054 pauci

1741 2080 1924 2119 eorum
1975 2068 2100 2123 tacti
2150 2068 2377 2124 fulmine
2417 2070 2538 2124 vita:
2590 2072 2795 2125 exitum
2850 2073 3169 2127 sortientur.
3206 2073 3298 2126 Va:

1744 2165 1900 2211 terra:
1935 2166 2062 2212 tunc
2088 2160 2343 2228 temporis
2378 2175 2407 2213 a
2439 2162 2635 2215 minaci
2671 2163 2822 2216 vultu
2844 2201 2860 2226 ,
2890 2162 2960 2217 ab
2986 2163 3064 2217 ira
3110 2164 3299 2231 impla-

1743 2248 1899 2302 cabili
1942 2254 1997 2303 et
2053 2248 2236 2303 furore
2282 2249 2714 2319 Omnipotentis,
2767 2251 3077 2306 universum
3109 2254 3291 2306 orbem

1746 2346 2011 2392 terrarum
2042 2339 2478 2407 pessumdaturi!
2515 2342 2899 2396 conterendum
2928 2343 3127 2412 quippe
3166 2353 3296 2398 tunc

1744 2437 1826 2483 est
1849 2436 2120 2497 sceptrum
2153 2428 2454 2499 iniquitatis
2479 2469 2495 2494 ,
2547 2440 2601 2485 et
2627 2430 2734 2499 igni
2768 2446 2872 2485 non
2908 2433 3295 2499 exstinguendi)

1745 2516 2091 2572 tradendum.
2129 2519 2275 2573 Beati
2305 2509 2483 2575 autem
2513 2520 2587 2575 illi
2615 2523 2706 2589 qui
2736 2521 2787 2574 in
2824 2521 3016 2576 diebus
3046 2522 3150 2576 illis
3180 2537 3297 2575 mo-

1743 2610 2010 2668 rabuntur
2044 2610 2124 2663 vel
2170 2597 2375 2672 Roma),
2411 2611 2492 2665 vel
2542 2610 2685 2665 lliza':
2721 2610 2857 2681 (15),
2902 2611 2984 2665 vel
3036 2604 3301 2664 A'rmcno-

1742 2708 1919 2769 petrae
1944 2699 2090 2769 (16),
2130 2700 2211 2753 vel
2238 2697 2487 2770 ,Strobyli
2525 2700 2672 2772 (17)),
2721 2702 2805 2755 vel
2851 2701 3119 2771 Cariopoli
3161 2702 3293 2771 (t8),

1741 2786 1940 2856 quibus
1991 2787 2070 2841 in-
2100 2787 2325 2842 urbibus
2366 2788 2610 2857 locisque
2660 2791 3025 2859 tranquillitas
3078 2806 3291 2843 summa

1741 2876 1842 2930 erit
1874 2892 1888 2927 :
1930 2876 2133 2945 reliqua
2168 2891 2296 2931 vero
2318 2878 2498 2931 omnia
2536 2878 2710 2944 bellis,
2746 2880 3088 2944 tumultibus,
3120 2880 3290 2933 turbis

1741 2964 1907 3018 variis
1932 2965 2314 3020 concutientur
2339 3004 2353 3028 ,
2388 2981 2418 3019 e
2458 2954 2724 3021 sententia
2779 2968 2927 3021 illius
2972 2970 3065 3038 qui
3109 2968 3285 3023 dicit:

1667 3038 1713 3102 C
1750 3070 1769 3104 ι
1831 3052 2086 3108 Audietis-
2122 3053 2256 3107 bella
2311 3062 2367 3108 ct
2429 3054 2712 3123 opiniones
2758 3054 3021 3109 bellorum
3052 3058 3119 3121 ";
3176 3076 3193 3108 ι
3234 3068 3292 3111 et

1739 3159 1861 3214 qua:
1904 3152 2231 3211 sequuntur.

1807 3233 1932 3288 214.
1969 3233 2065 3288 llis
2104 3234 2392 3289 transactis
2436 3234 2761 3291 excitabitur
2805 3252 3029 3306 regnum
3062 3238 3205 3292 aliud
3235 3239 3287 3292 in

1741 3326 1957 3380 civitate
1980 3326 2100 3387 hac.
2128 3324 2283 3395 cujus
2312 3341 2402 3381 rex
2433 3326 2622 3381 asinus
2651 3327 2756 3381 erit
2783 3327 3004 3391 bardus,
3028 3330 3119 3398 qui
3147 3346 3287 3382 nun-

1743 3415 1818 3468 tio
1863 3413 1989 3468 Jesu
2027 3414 2240 3470 Christo
2274 3430 2397 3470 cum
2430 3415 2713 3484 negatione
2743 3418 2968 3473 remisso
2990 3458 3007 3479 .
3043 3420 3290 3485 perlectis

1740 3503 2015 3570 gentilium
2083 3504 2297 3573 scriptis
2368 3505 2433 3559 ad
2479 3506 2842 3581 gentilismum
2895 3507 3112 3574 adiiciet
3170 3508 3292 3560 ani-

1743 3610 1912 3658 mum,
1945 3595 2141 3649 bellum
2166 3597 2368 3651 sanctis
2404 3597 2676 3662 movebit;
2708 3608 2761 3650 et
2787 3596 2861 3667 uti
2890 3598 3151 3664 scriptum
3184 3610 3287 3655 est.

1742 3684 1843 3740 erit
1888 3701 1954 3740 ex
1999 3686 2196 3741 Sataua
2234 3687 2504 3743 diabolus.
2542 3686 2737 3743 Paucis
2781 3688 3048 3757 siquidem
3093 3688 3289 3758 elapsis

1738 3772 1947 3842 imperii
1979 3774 2193 3839 diebus.
2213 3776 2394 3830 omnia
2415 3790 2568 3832 sacra
2597 3791 2723 3832 vasa
2750 3775 2871 3845 igne
2895 3777 3104 3845 iubebit
3131 3791 3285 3831 com-

1739 3863 1883 3929 buri,
1922 3865 2282 3918 venerandam
2316 3873 2372 3918 et
2422 3864 2689 3920 viviﬁcam
2734 3880 2950 3920 crucem
3000 3867 3289 3936 appellabit

1743 3953 1979 4019 furcam,
2008 3960 2171 4021 atque
2201 3953 2497 4007 sacrarium
2530 3953 2774 4010 funditus
2795 3954 3057 4021 destruet,
3081 3964 3135 4009 et
3162 3972 3289 4009 cou—

1744 4041 1889 4096 cidet
1917 4040 2197 4095 dimidiam
2229 4052 2434 4111 partem
2468 4043 2648 4113 pepuli
2696 4043 2748 4097 in
2789 4043 3017 4114 publicis
3060 4045 3285 4113 plateis:

1756 4140 1866 4183 tum
1904 4144 2031 4185 vero
2065 4131 2225 4186 etiam
2256 4133 2416 4188 amici
2448 4134 2686 4200 amicos,
2721 4134 2884 4191 vicini
2916 4135 3145 4200 vicinos,
3174 4150 3291 4204 ger-

311 4469 442 4525 Riza
474 4471 616 4525 nulla
643 4485 869 4543 usquam
900 4480 1016 4543 est:
1051 4470 1299 4543 suspicor
1325 4432 1429 4542 ego
1456 4471 1638 4542 legen-
1672 4488 1714 4543 ι)
1743 4471 2015 4543 invenitur
2037 4508 2054 4535 ,
2102 4470 2483 4543 Turcishodie
2511 4468 2801 4543 Clarioboli
2840 4467 3027 4543 dicta._
3049 4468 3201 4543 Quod
3241 4475 3290 4525 si

1741 4540 2051 4609 supradicta
2101 4541 2407 4609 Strobylus,
2454 4550 2696 4606 respectu
2748 4538 3291 4609 Constantinopoleos

1741 4606 1826 4664 cis
1859 4625 2005 4663 tuare
2038 4606 2367 4667 inveniretur
2396 4606 2471 4661 in
2523 4609 2784 4661 Dalmatia
2828 4607 2907 4659 vel
2972 4606 3161 4659 Istria:
3206 4612 3289 4661 vix

1740 4679 2041 4732 dubitarem
2095 4678 2436 4744 Carnopolim
2478 4691 2573 4730 seu
2621 4675 3153 4728 Carnorum-urbem
3213 4678 3291 4730 lc-

1739 4761 1901 4816 get'e.
1954 4756 2010 4801 et
2048 4748 2340 4814 intelligere
2391 4744 2592 4816 Julittm
2622 4745 2978 4816 Carnieum_,_
3004 4746 3085 4797 vel
3130 4745 3290 4799 aliain

1740 4811 2063 4883 praecipuam
2104 4818 2155 4870 in
2195 4811 2385 4868 Carnis
2418 4829 2510 4869 seu
2554 4812 2674 4866 foro
2700 4811 2837 4883 Julii
2880 4812 3182 4883 civitatem;
3232 4823 3291 4866 ut

1744 4882 1938 4937 sensus
1965 4886 2058 4950 sit,
2088 4899 2313 4940 securos
2345 4885 2458 4937 fore
2489 4883 2579 4950 qui
2612 4882 2818 4950 Italiam
2843 4890 2934 4933 aut
2970 4882 3130 4934 Itali.»
3159 4896 3288 4934 con-

1743 4953 1997 5005 terminas
2030 4948 2097 5007 ad
2128 4954 2459 5008 Adriaticum
2507 4948 2604 5005 aeu
2666 4948 2978 5005 Veneticum
3028 4963 3174 5003 mare
3206 4965 3289 5003 re-

1741 5021 1929 5090 giones
1955 5023 2212 5077 incolent.

1809 5088 1919 5156 (l9)
1961 5089 2059 5145 Ms.
2102 5090 2267 5145 Vatic.
2312 5090 2453 5144 hanc
2487 5089 2939 5156 constructionem
2969 5085 3284 5154 simpliciter

1739 5155 2057 5233 sic'_legebat
2084 5177 2099 5213 :
2135 5161 2242 5233 Kc}
2272 5162 2496 5233 ποιῄσξι
2513 5160 2744 5233 πόλεμον
2795 5155 2933 5233 μετά
2981 5155 3088 5233 τῶν
3120 5156 3289 5233 ἀγίων

1738 5227 1850 5278 ἀπὸ
1876 5224 1990 5279 ’τὸν
2036 5230 2271 5282 σατανᾶν
2317 5231 2345 5280 ὁ
2377 5224 3006 5293 διάϐολοςξϋοεείκρνειη
3051 5224 3160 5276 ἀπὸ
3191 5225 3283 5274 τοῦ

1741 5298 1949 5349 σατανᾶ
1980 5298 2085 5351 nisi
2118 5297 2405 5365 utrobique
2435 5298 2591 5349 aliter
2619 5297 2909 5364 legeretur.
2945 5294 3287 5365 Sedgnescio,

1740 5367 1883 5430 quod
1917 5366 2049 5419 dicit
2088 5383 2189 5420 ms.
2221 5363 2416 5419 Maiar.
2457 5366 2543 5417 ubi
2580 5363 2709 5417 illud
2740 5366 2999 5430 scriptum
3031 5363 3124 5415 sit.

1809 5436 1922 5499 (211)
1963 5434 2060 5487 Ms.
2100 5436 2271 5490 Vatic.
2301 5437 2473 5489 sulttttt
2506 5453 2519 5486 ε
2553 5433 2713 5504 ἥλους
2743 5432 3169 5504 πυρικαύστους.

1814 5504 1926 5570 (21)
1966 5504 2138 5566 Μέσις
2194 5501 2583 5558 recentioribus
2612 5501 2814 5556 Graecis
2868 5501 3125 5555 medictas
3175 5506 3278 5550 cst.

1739 5572 1977 5642 Cangius
2011 5573 2247 5641 suggerit
2288 5572 2563 5642 legendum
2603 5570 2730 5625 λασιῦ
2762 5570 3020 5639 ἡμίσεως.
