3960 6344
133 229 228 290 873

1247 225 1419 286 νιτΑ
1459 228 1520 289 S.
1561 225 1883 288 ANDRE£
1912 227 2102 290 SALI.

3182 226 3285 285 δῑι

130 337 507 406 άρπαγήσονται
538 341 593 393 ἐν
618 336 861 402 νεφέλαις
886 334 966 397 είς
994 335 1292 402 ἀπάντησιν
1315 335 1409 389 τοῦ
1441 334 1643 405 Κυρίου

1762 352 1831 389 ,ιιι-
1859 350 1984 390 cum
2024 336 2126 389 illis
2169 333 2221 388 in
2277 332 2514 387 nubibus
2546 333 2757 387 obviam
2788 332 3008 389 Christo
3055 335 3108 389 iu
3139 351 3289 391 aera.

126 428 196 488 sl;
222 427 367 494 ἀέρα.
396 427 566 481 Ὅταν
598 424 689 479 οὖν
720 425 804 495 ἴδῃ
830 439 913 487 τις
940 424 1010 476 τά
1037 422 1260 495 βδελυρά
1287 424 1415 489 ιθνη
1443 426 1522 486 είς
1552 424 1643 476 τὸν

126 515 306 583 κόσμον
337 515 649 584 ἐληλυθότα,
668 514 898 578 ιτέκνον,
951 514 1071 567 τότε
1108 513 1417 581 γινωσκέτω
1444 513 1525 566 ὅτι
1552 515 1644 566 ἐπὶ

120 607 297 675 θυραις
321 605 514 665 πάντα.
547 606 638 658 καὶ
666 605 803 675 μετά
842 604 1033 673 μικρὸν
1055 606 1082 657 6
1119 602 1324 673 Κριτὴς
1361 601 1645 655 ἐπελεύσε-

118 712 216 749 ται.
244 694 423 747 Ταῦτα
471 695 729 763 ἐλάλησεν
758 697 788 748 6
818 695 1099 764 Μακάριος
1143 696 1210 762 τῇ
1258 693 1413 746 νυκτὶ
1463 692 1646 763 ἐκείνῃ

116 785 187 853 τῷ
216 783 530 850 Ἑπιφινίίιθν
571 782 984 853 ἀγρυπνούντων
1015 782 1193 836 αὐτῶν
1221 783 1315 836 καὶ
1359 782 1459 853 τῆς
1508 782 1646 852 “ﬁt;

117 873 496 942 ταπεινότητος.
523 873 629 927 Τοῦ
654 874 708 927 δὲ
733 870 891 939 ξῦλου
913 872 1013 941 τῆς
1040 872 1332 943 ικκλησίας
1382 872 1646 944 κρούσαν-

115 978 218 1024 τος,
263 960 527 1032 έπορεύθη
557 964 587 1015 6
615 962 929 1030 Ἐπιφάνιος
972 963 1147 1017 suis:
1166 978 1182 995 ·
1212 965 1240 1016 6
1266 962 1323 1017 at
1361 961 1647 1035 Μακάριος

115 1053 169 1105 ιν
196 1050 270 1121 τῷ
300 1050 431 1122 οίκῳ
463 1050 587 1107 καθ’
616 1052 804 1108 ἑαυτὸν
826 1052 1184 1126 προσηύχετο.

1746 425 1881 479 Cum
1910 427 2033 493 quis
2059 439 2186 493 ergo
2215 423 2409 478 viderit
2428 462 2445 487 ,
2474 422 2560 477 'ﬂii
2591 422 2663 476 mi
2683 459 2699 485 ,
2728 425 3081 479 exsecrandas
3109 434 3294 492 gentes

1748 516 1870 570 illas
1902 514 2163 583 irrupisse
2189 516 2242 568 in
2272 512 2566 577 mundum,
2600 513 2735 567 sciat
2765 512 2811 567 is
2833 552 2849 577 ,
2889 527 3054 581 prope
3094 529 3213 570 esse
3242 516 3297 569 in

1746 605 1946 673 jauuis,
1974 620 2094 672 quae
2125 604 2258 668 dixi,
2286 604 2505 667 omnia;
2553 613 2607 657 et
2637 602 2783 656 brevi
2810 601 3051 657 Judicem
3082 605 3299 659 adiutu-

1752 710 1898 749 rum.
1943 694 2121 763 Atque
2164 693 2219 746 hi
2269 692 2418 748 fuere
2450 706 2766 757 sermones,
2795 705 2931 761 quos
2963 692 3030 745 ad
3072 690 3299 760 Epipha-

1752 787 1900 841 nium
1936 785 2123 839 habuit
2169 784 2410 839 Andreas
2447 791 2607 837 nocte
2651 780 2743 835 illa
2766 818 2783 844 ,
2818 789 2939 835 tum
2979 781 3146 848 ipsis,
3191 789 3305 834 tum

1756 873 1886 927 mihi
1925 886 2143 942 quoque
2183 869 2300 925 sine
2332 884 2523 926 somno
2566 877 2870 934 transacta;
2920 867 3090 921 donec
3121 867 3304 921 datum

1754 963 1968 1032 signum
2000 960 2065 1013 ad
2095 959 2376 1013 ecclesiam
2429 952 2772 1020 convocaret,
2825 971 2935 1025 quo
2972 955 3307 1027 Epiphanius

1754 1052 1970 1121 quidem
2010 1064 2127 1103 sese
2153 1046 2412 1114 contulit,
2454 1047 2700 1103 Andreas
2739 1060 2868 1101 vero
2898 1045 3045 1102 domi
3081 1045 3306 1100 seorsim

1754 1141 1985 1196 orationi
2014 1154 2073 1194 se
2102 1137 2272 1193 dedit.

1477 1270 1707 1328 CAPUT
1762 1268 1971 1328 XXVII.

114 1404 387 1461 Occasione
439 1404 657 1463 scelestis
685 1408 1035 1479 fragrantia,
1090 1406 1183 1462 sub
1219 1423 1369 1463 sacra
1409 1409 1627 1463 lectione
1657 1416 1931 1547 percelpte,
1969 1414 2240 1487 .narratur
2284 1406 2504 1461 historia
2539 1404 2795 1461 Theodori
2830 1406 2894 1461 ab
2942 1405 3143 1477 angelis
3173 1407 3308 1461 inter

1402 1487 1662 1532 tormenta
1694 1494 1789 1530 catt
1818 1487 2000 1530 ortats.
2552 1503 2561 1510 -

1402 1487 1662 1532 tormenta
1694 1487 2000 1532 caularum.
2552 1503 2561 1510 -

174 1602 268 1657 σλ’.
294 1603 513 1673 Πρωῖας
537 1606 593 1659 δέ
621 1603 938 1675 γενομένης,
958 1605 1123 1660 πάλιν
1152 1605 1267 1678 [ἐπὶ
1288 1608 1349 1661 τὸ
1369 1608 1502 1661 αὐτὸ
1528 1625 1651 1662 συν-

1821 1604 1947 1660 250.
1975 1605 2322 1662 illucescente
2346 1615 2563 1676 postera
2586 1606 2697 1672 die,
2718 1605 2904 1661 eodem
2929 1607 3306 1663 convenientes

109 1690 339 1755 ελθόντες
363 1692 479 1764 καὶ]
511 1694 864 1758 καθεσθέντες
890 1694 1128 1763 ὡμίλουν
1156 1699 1227 1750 τά
1275 1696 1370 1751 τοῦ
1402 1696 1655 1767 πνεύμα-

106 1794 221 1841 τος·
276 1782 371 1833 καὶ
418 1781 483 1851 δὴ
519 1781 698 1852 βίδλσυ
750 1784 926 1858 έκεῖσε
980 1784 1239 1856 κειμένης
1289 1784 1383 1837 τοῦ
1419 1788 1652 1854 μεγάλου

107 1868 402 1937 Βασιλείου,
446 1871 789 1943 προτρέψατο
813 1874 842 1927 6
872 1873 1058 1936 Ὀσιος
1105 1875 1183 1942 τῷ
1220 1875 1518 1943 Ἑπιφανίῳ
1561 1875 1654 1927 τοῦ

104 1958 280 2013 λαδεῖν
309 1961 401 2016 καὶ
448 1951 874 2029 ἀναγινώσκειν*
902 1958 971 2034 ἦν
1007 1963 1064 2016 δὲ
1091 1965 1119 2016 6
1141 1963 1296 2033 λόγος
1328 1982 1657 2035 προτρεπτι-

106 2052 212 2115 κὸς,
242 2053 428 2124 ὁμιλία
458 2054 537 2117 είς
578 2053 638 2107 τὸ
688 2054 986 2124 βάπτισμα,
1034 2055 1093 2108 Ὀ
1143 2056 1241 2125 μὲν
1291 2056 1453 2125 σοφὸς
1497 2058 1656 2109 Σίλλοι-

106 2138 237 2205 μών.
275 2137 480 2192 Τούτου
507 2139 562 2193 δὲ
604 2141 1132 2220 ἀναγινωσκομένου,
1165 2144 1335 2213 ἡδέως
1372 2146 1607 2216 ἠκροᾶτο
1628 2148 1656 2199 6

104 2226 407 2298 Μακάριος,
463 2230 682 2299 μειδιῶν
719 2231 797 2301 τῷ
832 2232 1107 2303 προσώπῳ
1158 2235 1253 2287 καὶ
1297 2235 1658 2307 εὐφραινόμε-

104 2331 189 2377 va;
206 2332 221 2347 ·
244 2319 273 2370 6
301 2318 359 2370 δὲ
387 2318 701 2388 Ἐπιφάνιος
725 2319 842 2391 ἔχει
866 2321 1075 2391 δάκρυα
1100 2324 1166 2393 τῇ
1197 2323 1385 2394 βίϐλῳ,
1415 2326 1509 2377 καὶ
1535 2341 1658 2377 στε-

103 2406 342 2473 ναγμούς
367 2406 433 2459 έκ
466 2406 673 2477 βαθέων
698 2409 1034 2480 ἀνέπεμπεν.
1063 2411 1205 2482 Ἔφη
1241 2411 1300 2464 δδ
1334 2413 1470 2481 πρὸς
1498 2412 1658 2466 αὐτὸν

100 2491 129 2543 6
164 2494 487 2563 Μακάριοςο
518 2497 718 2550 Τέκνον
754 2514 878 2567 μου,
922 2498 977 2551 τί
1023 2499 1318 2569 δακρύεις
1369 2500 1659 2571 εὐφραίνου

100 2579 155 2633 δὲ
184 2583 389 2651 μᾶλλον
414 2589 554 2639 κατά
581 2586 671 2640 τὸν
718 2589 987 2658 μακάριον
1024 2589 1234 2645 Παῦλον
1273 2590 1365 2643 τὸν
1396 2590 1619 2658 λέγοντα
1643 2606 1656 2620 ·

105 2671 370 2755 εΧαίρετε
387 2674 445 2730 ιν
463 2677 650 2747 Κυρίῳ
668 2678 916 2731 πάντοτεο
929 2695 949 2731 ι
973 2677 1280 2733 καὶόσοι”τά
1303 2679 1395 2733 τοῦ
1416 2679 1660 2751 Πνεύμα-

98 2778 187 2825 τος
202 2767 523 2835 πράττουσι,
541 2768 646 2838 χρὴ
673 2768 865 2831 αὐτοὺς
886 2771 1111 2839 σκιρτᾷν
1132 2771 1225 2824 καὶ
1245 2770 1659 2842 εὐφραίνεσθαι·

83 2853 212 2908 ⁴ὅσοι.
239 2854 300 2908 δὲ
336 2856 522 2923 ,πάλιν
559 2856 770 2910 ποιοῦσι
800 2856 895 2911 τοῦ
949 2858 1196 2916 διαϐόλου
1245 2860 1313 2913 τά
1362 2861 1659 2933 θελήματα,

1755 1698 1935 1752 denuo
1962 1698 2344 1778 sedentesque,
2366 1699 2431 1752 de
2465 1699 2630 1753 rebus
2663 1698 2731 1752 ad
2763 1696 3010 1766 spiritum
3035 1698 3307 1766 pertinen-

1758 1787 1903 1841 tibus
1955 1788 2205 1843 coni‘erre
2252 1796 2565 1856 cmperunt,
2615 1800 2853 1855 cumque
2901 1785 3036 1841 forte
3081 1786 3214 1853 ἱειίοζ
3241 1786 3309 1841 ad

1758 1890 1979 1929 manum
2017 1886 2161 1930 esset
2208 1876 2386 1945 magni
2444 1876 2626 1931 Basilii
2681 1876 2929 1930 volumen
2977 1873 3309 1944 quodpiam,

1759 1968 2007 2022 hortatus
2035 1976 2116 2021 est
2142 1966 2498 2036 Epiphaniam
2534 1965 2803 2031 Andreas,
2845 1975 2904 2019 ut
2940 1963 3073 2018 illud
3104 1964 3315 2034 accipe-

1760 2063 1840 2108 ret
1865 2054 2191 2123 legeretque.
2218 2053 2345 2106 Erat
2372 2062 2548 2106 autem
2581 2052 2756 2105 oratio
2790 2052 3115 2120 protreptica
3146 2087 3161 2110 ,
3206 2051 3313 2102 ho-

1762 2142 1910 2197 milia
1943 2143 2057 2214 (44)
2079 2142 2329 2197 videlicet
2364 2140 2430 2195 de
2464 2142 2753 2208 baptismo,
2797 2156 2918 2209 qua:
2947 2141 3026 2195 sic
3066 2141 3309 2198 orditur:

1763 2236 1992 2303 Sapiens
2031 2234 2248 2303 quidem
2295 2230 2573 2286 Salomon.
2610 2231 2841 2299 [tegente
2881 2229 3043 2298 igitur
3083 2230 3311 2299 Epipltav

1761 2327 1851 2379 nio
1874 2363 1892 2390 ,
1936 2322 2096 2405 suavi
2142 2337 2268 2377 cum
2304 2321 2661 2377 delectatione
2692 2320 3029 2375 auscultabat
3071 2322 3152 2372 vir
3188 2336 3314 2374 san-

1760 2424 1881 2481 ctus
1904 2454 1919 2479 ,
1954 2410 2107 2470 vultu
2145 2412 2212 2467 ad
2243 2414 2411 2467 risum
2452 2419 2507 2466 et
2544 2411 2780 2466 lmtitiam
2810 2409 3109 2479 composito
3144 2426 3158 2463 :
3187 2408 3313 2477 Epi-

1761 2507 1994 2577 phanius
2024 2517 2175 2567 vero,
2196 2502 2448 2573 lacrymis
2473 2502 2671 2556 librum
2701 2501 2954 2569 irrigans,
2976 2498 3309 2553 continenter

1760 2610 1827 2649 ex
1874 2596 1983 2649 imo
2033 2604 2253 2662 pectore
2303 2592 2536 2661 suspiria
2593 2590 2843 2645 ducebat.
2894 2587 2992 2642 Cui
3038 2588 3313 2641 Sanctus:

1761 2684 2031 2753 Quorsum
2066 2682 2182 2736 ista
2213 2681 2484 2751 lacrymae,
2527 2679 2601 2732 illi
2641 2678 2758 2732 mi?
2796 2677 2927 2745 quin
2958 2677 3136 2745 potius
3166 2685 3221 2727 tu
3264 2682 3316 2726 ιο

1765 2774 1987 2827 hilarem
2030 2772 2245 2841 praebe,
2306 2785 2375 2825 ex
2435 2776 2613 2824 mente
2663 2767 2804 2821 beati
2848 2765 2997 2820 Pauli
3026 2762 3312 2845 dicentis:

1769 2882 1789 2916 s
1824 2863 2067 2919 Gaudete
2119 2861 2174 2915 in
2218 2860 2445 2914 Domino
2502 2873 2713 2927 semper
2745 2857 2813 2909 ⁵⁸.
2850 2876 2869 2907 ι
2921 2854 2987 2909 Ει
3041 2870 3169 2910 sane
3222 2854 3314 2923 qui

100 2945 669 3015 σκυθρωπαζέτωσαν,
698 2947 886 3004 καθότι
915 2948 976 3002 τὸ
1014 2949 1127 3017 φῶς
1168 2950 1262 3004 τοῦ
1288 2950 1423 3003 Θεοῦ
1470 2931 1659 3023 έλήλυυ

1762 2969 1882 3023 quas
1931 2962 2058 3007 sunt
2111 2949 2352 3019 Spiritus
2403 2955 2603 3018 agunt,
2662 2946 2781 3000 illos
2822 2946 3017 3013 gaudio
3045 2954 3099 2999 et
3132 2945 3314 3001 laetitia

98 3032 195 3113 θεν⁸
217 3036 301 3098 είς
321 3033 417 3089 τδν
449 3035 674 3104 κόσμον,
704 3038 799 3089 καὶ
833 3036 1124 3108 ὴγάπησαν
1148 3038 1197 3090 oi
1222 3038 1497 3109 ἄνθρωποι
1530 3040 1665 3109 μᾶλ-

96 3124 187 3177 λον
216 3126 282 3179 τὸ
310 3127 503 3188 σκότος
533 3125 568 3196 ἢ
592 3126 652 3179 τὸ
685 3125 818 3197 φῶς.
862 3126 1006 3196 Ἔφη
1047 3126 1360 3196 Ἐπιφάνιος
1383 3143 1398 3158 ·
1431 3130 1545 3182 Οὐκ
1570 3128 1666 3184 οὖν

97 3214 255 3283 κάγὼ
288 3215 634 3287 ἁμαρτωλὸς,
667 3216 762 3270 καὶ
801 3215 982 3287 θρηνῶ
1015 3220 1251 3287 μουτάς
1296 3220 1523 3288 πράξεις
1564 3220 1665 3284 τὰς

97 3303 365 3379 πονηράς,
390 3306 507 3370 πῶς
532 3307 923 3376 ἀπολογίζομαι
948 3324 964 3372 ;
985 3308 1149 3377 Λέγει
1175 3311 1281 3381 γάρ
1309 3327 1399 3380 μοι
1420 3314 1449 3365 6
1472 3312 1665 3379 Ἄγιος

94 3389 275 3459 οὖτοςο
310 3396 473 3462 Πότε,
502 3396 691 3468 φησιν,
718 3395 1045 3469 είκειωθήσῃ
1071 3398 1149 3468 τῷ
1174 3398 1313 3469 Θεῷ,
1332 3401 1428 3454 καὶ
1455 3402 1583 3454 πότε
1607 3401 1666 3455 σι

95 3485 446 3555 γνωρίσομεν
474 3485 549 3548 ὡς
581 3486 872 3555 ἡμέτερονς
902 3485 1085 3540 Ταῦτα
1121 3488 1336 3543 ἀκούων
1364 3489 1434 3563 τά
1464 3489 1663 3559 ὀνείδη.

98 3576 176 3651 μὴ
218 3576 483 3649 θρηνήσω
522 3576 620 3647 τὴν
661 3576 841 3648 δεινὴν
878 3577 1173 3647 ἀπολογίαν
1208 3596 1349 3647 pou;
1401 3579 1516 3641 πῶς
1538 3580 1665 3633 ἀνέ·

95 3682 269 3737 χοιτο,
315 3666 447 3736 κέρι
475 3668 504 3721 6
540 3666 745 3738 μέγας;
778 3668 921 3740 Ἔφη
944 3668 973 3721 6
996 3667 1179 3732 Ὀσιος
1206 3686 1221 3701 ο
1246 3663 1413 3731 Οὗτος
1437 3668 1468 3721 6
1489 3668 1666 3736 λόγος,

92 3758 289 3815 ⁴τέκνον
320 3775 448 3829 μου,
474 3759 550 3829 μὴ
574 3760 679 3827 γὰρ
708 3755 875 3827 οἶδας,
904 3762 1016 3826 τοῖς
1041 3762 1121 3816 ὅτι
1147 3761 1409 3831 ἀμυήτοις
1430 3753 1547 3811 οὖσι
1570 3756 1665 3811 τοῦ

95 3848 243 3903 θείου
302 3849 677 3921 βαπτίσματος
765 3851 1038 3917 ὀνειδίζων
1103 3852 1305 3919 ἔλεγεν.
1356 3848 1669 3916 Ἐπιφάνιος

92 3939 246 4008 λέγει
272 3955 291 3973 ο
317 3940 431 3994 Ναὶ
462 3941 612 4012 τίμια
659 3939 861 4011 Πάτερ,
891 3942 1045 4009 κάγὼ
1072 3937 1189 3995 οἶδα
1216 3955 1233 3973 ⁶
1277 3939 1416 4009 πλὴν
1442 3941 1471 3993 6
1513 3938 1668 4005 λόγος

92 4023 276 4094 οὗτος,
308 4032 369 4085 δν
395 4047 558 4099 φασιν
578 4032 625 4083 oi
656 4030 763 4084 τῶν
788 4031 1062 4101 ἀγροίκων
1104 4029 1544 4101 αἰνιγματώδεις,
1585 4026 1667 4079 ὅτι

94 4121 210 4188 ﬁt,
234 4116 284 4178 ὦ
306 4123 518 4194 νύμφη,
551 4121 743 4192 δμιλῶ,
784 4123 869 4176 ενα
903 4124 998 4179 καὶ
1019 4122 1158 4194 αὐτὴ
1193 4123 1226 4193 ἡ
1257 4121 1491 4192 πενθερὰ
1535 4123 1666 4173 tvm-

92 4214 246 4286 τίζῃ.

1765 3044 2038 3099 exsultare
2084 3041 2389 3097 convenit:
2432 3038 2509 3093 illi
2559 3046 2747 3093 contra
2776 3036 2986 3103 deiecto
3031 3036 3084 3089 in
3119 3046 3315 3092 terrain

1745 3136 2015 3205 tristique
2046 3132 2301 3189 incedant
2326 3129 2498 3195 vultu,
2528 3128 2623 3199 qui
2648 3128 2984 3183 voluntatem
3015 3140 3298 3193 exsequun-

1768 3236 1853 3281 tur
1884 3223 2115 3287 diaboli;
2151 3221 2407 3292 quoniam
2440 3220 2532 3274 lux
2565 3218 2749 3274 divina
2778 3218 2926 3272 venit
2952 3218 3006 3270 in
3037 3215 3318 3279 mundum,

1764 3327 1817 3369 et
1844 3314 2152 3369 dilexerunt
2179 3310 2426 3366 homines
2454 3308 2705 3363 tenebras
2733 3307 2903 3376 magis
2931 3320 3092 3376 quam
3122 3304 3316 3359 lucem.

1767 3403 1905 3458 Tum
1942 3401 2275 3474 Epiphanius
2315 3418 2329 3455 :
2364 3400 2529 3468 Atqui
2569 3399 2684 3453 hac
2720 3396 2837 3466 ipsa
2869 3411 3033 3451 causa
3066 3404 3183 3461 est,
3222 3407 3319 3449 cur

1764 3510 1895 3564 ego,
1943 3494 2036 3563 qui
2070 3486 2319 3563 peccator
2350 3504 2471 3545 sum
2496 3526 2513 3554 ,
2550 3501 2832 3558 perperam
2870 3501 2899 3540 a
2948 3501 3034 3541 me
3062 3494 3213 3555 gesta
3247 3485 3320 3537 ia-

1766 3594 2006 3647 menter,
2056 3597 2221 3647 cum,
2270 3594 2380 3650 quo
2434 3592 2520 3633 me
2567 3592 2831 3649 purgem,
2876 3575 3010 3630 nihil
3063 3576 3319 3645 supersit.

1769 3676 1909 3731 Dicit
1959 3686 2195 3742 namque
2251 3670 2384 3725 mihi
2442 3675 2669 3724 sanctus
2718 3668 2805 3722 hic
2857 3665 3087 3721 Basilius
3132 3684 3149 3724 :
3203 3666 3319 3720 Ali-

1766 3763 1986 3835 quando
2018 3764 2071 3817 in
2111 3760 2203 3815 Dei
2234 3759 2654 3814 familiaritatem
2682 3756 3003 3820 admitteris,
3037 3756 3322 3825 aliquando

1768 3869 1819 3911 te
1838 3856 1913 3911 uti
1942 3848 2185 3909 nostrum
2215 3864 2627 3921 cognoscemus.
2652 3847 2824 3914 Quam
2856 3862 2955 3917 ego
2982 3860 3104 3901 cum
3129 3860 3321 3915 exprec

1766 3946 2068 4002 brationem
2093 3943 2331 4009 audiam,
2361 3940 2637 4013 quomodo
2659 3954 2691 3995 a
2721 3939 2976 4008 lacrymis
3004 3947 3320 4006 temperem,

1767 4035 1986 4090 domine
2015 4035 2087 4088 mi
2116 4046 2308 4100 magno
2330 4068 2347 4096 ,
2380 4045 2488 4100 quo
2520 4030 2700 4088 minus
2725 4028 2993 4085 diﬂicilem
3029 4029 3163 4082 adeo
3192 4025 3320 4079 mihi

1767 4124 2136 4180 defensionem
2177 4121 2441 4176 deﬂeam?
2495 4120 2594 4174 Cui
2631 4128 2850 4179 sanctus
2897 4137 2911 4173 :
2959 4118 3145 4172 Oratio
3189 4118 3275 4171 illa
3302 4154 3319 4181 ,

1770 4218 1841 4270 illi
1877 4216 1983 4280 mi,
2028 4214 2171 4282 quod
2202 4212 2455 4281 ignorare
2485 4210 2719 4273 videris,
2770 4209 2824 4263 in
2864 4209 2986 4264 illos
3032 4209 3320 4271 invehitur,

93 4308 191 4375 qui
222 4323 387 4379 sacra
456 4308 794 4378 baptismatis
850 4310 990 4361 unda
1040 4307 1205 4361 abluti
1260 4307 1495 4362 nondum
1552 4317 1697 4363 sunt.
1778 4308 1837 4362 Et
1880 4307 2262 4377 Epiphanius:
2324 4302 2630 4365 Enimvero,
2682 4298 2841 4355 Pater
2892 4300 3213 4358 venerande,
3272 4297 3321 4348 id

100 4403 230 4458 novi
285 4402 495 4472 probe;
551 4410 923 4456 verumtamen
977 4402 1153 4454 oratio
1196 4401 1286 4453 illa
1340 4401 1532 4457 similis
1583 4412 1664 4456 est
1698 4401 1808 4465 isti,
1858 4416 1963 4469 qua
2012 4399 2345 4467 aanigmatice
2412 4396 2601 4450 dicunt
2676 4392 2912 4447 rustici:
2955 4389 3075 4446 Tibi
3108 4394 3320 4460 loquor,

94 4508 131 4547 ο
174 4508 427 4565 sponsa.
465 4500 525 4546 ut
562 4491 677 4560 ipsa
724 4504 941 4559 quoque
974 4503 1161 4544 socrus
1190 4489 1394 4543 audiat.

169 4580 315 4637 σλα’.
351 4579 537 4633 Ταῦτα
561 4578 656 4631 τοῦ
699 4578 1015 4646 Ἐπιφανίου
1060 4579 1410 4648 λαλήσαντος,
1438 4578 1659 4649 ὐπομει⁴

1856 4578 1983 4634 25l.
2041 4577 2231 4633 isthaec
2306 4578 2657 4643 reponentem
2729 4567 3085 4636 Epiphanium
3145 4569 3323 4625 subri-

92 4676 293 4735 διάσας
342 4673 369 4724 6
414 4673 717 4739 Μακάριος,
762 4669 1095 4742 ἐπέστρεψεν
1142 4671 1305 4723 αὐτὸν
1371 4670 1530 4722 πάλιν
1572 4668 1666 4722 τοῦ

94 4760 523 4831 ἀναγινώσκειν.
587 4760 1068 4829 Ἀναγινώσκοντος
1118 4760 1175 4812 δέ
1230 4760 1415 4822 αὐτοῦ,
1472 4762 1668 4831 αἴφνης

95 4854 319 4921 διεδόθη
373 4852 493 4913 ταῖς
531 4852 723 4920 φρεσὶν
775 4850 952 4903 αὐτῶν
979 4849 1176 4903 εὐωδία
1223 4866 1306 4911 τις
1355 4850 1429 4912 ὡς
1473 4851 1668 4919 τιμίων

96 4946 466 5016 ἀρωμάτωνμ
480 4941 620 4995 ὥστε
652 4942 895 5012 φρίττειν
943 4939 1033 4996 τὸν
1074 4942 1391 5010 Ἐπιφόινιον
1424 4945 1515 4996 ἐπὶ
1547 4946 1670 4997 ἱκα-

94 5038 197 5107 νὴν
224 5035 386 5105 ὥραν
418 5033 514 5086 καὶ
542 5032 865 5098 ξενίζεσθαι.
906 5031 1082 5101 Ἐώρα
1119 5032 1175 5085 δέ
1213 5035 1241 5085 6
1268 5033 1549 5103 Μακάριος
1580 5035 1670 5087 τὸν

94 5124 463 5196 τὴν³εὐωδίαν
498 5123 787 5191 κομίζοντα
828 5123 1085 5185 ἀεννάως.
1123 5122 1252 5174 Ὅτε
1300 5123 1355 5175 δὲ
1397 5124 1486 5175 τὸν
1516 5124 1669 5193 λόγον

99 5217 476 5279 κατέπαυσεν,
502 5213 701 5274 εὐθέως
725 5212 817 5263 καὶ
840 5213 873 5282 η
904 5212 1098 5265 εὐωδία
1124 5212 1355 5284 ἀπέστη.
1374 5212 1667 5281 Θαυμάσας

168 5397 218 5430 ια
264 5394 502 5464 Philipp.
530 5407 604 5457 ιν,
634 5391 687 5445 ι.

176 5553 299 5619 tu)
332 5547 425 5604 Est
453 5546 568 5602 ha'c
598 5548 736 5601 inter
761 5545 937 5597 varias
963 5540 1143 5596 Basilii
1172 5539 1483 5605 conciones,
1514 5539 1654 5609 apud
1694 5538 2036 5602 Cornariuru.
2075 5534 2265 5592 concio
2306 5532 2389 5591 i3.

416 5640 678 5698 PnuoL.
718 5638 831 5699 Gn.
868 5636 1027 5699 CXI.

1772 4672 1909 4727 dens
1934 4668 2177 4723 Andreas
2216 4665 2467 4720 hortatus
2494 4667 2595 4725 est,
2632 4667 2691 4714 ut
2729 4659 2907 4713 denuo
2941 4658 3156 4725 legeret.
3205 4658 3324 4725 Quo

1774 4762 2175 4829 obtemperante
2199 4796 2215 4821 ,
2250 4755 2452 4822 allapsa
2478 4760 2557 4809 est
2589 4747 2911 4805 suavissima
2948 4750 3171 4802 odorum
3214 4748 3322 4803 ira-

1776 4852 2007 4921 grantia,
2039 4846 2192 4919 quasi
2225 4845 2581 4914 pretiosorum
2614 4850 2939 4903 aromatum,
2984 4839 3048 4890 ad
3090 4840 3324 4893 animam

1776 4956 1946 5010 usque
1975 4945 2287 5009 penetrans,
2318 4933 2452 4987 adeo
2490 4939 2548 4985 ut
2580 4930 2861 5000 perculsus
2890 4924 3227 4993 Epiphanius
3257 4927 3323 4979 ad

1776 5032 1995 5099 longum
2049 5037 2261 5096 tempus
2302 5038 2410 5092 pra:
2460 5031 2681 5089 stupore
2716 5024 2987 5079 vtxwesset
3031 5015 3172 5084 apud
3221 5030 3321 5071 se:

1774 5122 1988 5174 vidente
2043 5116 2248 5171 interea
2295 5113 2454 5169 beato
2500 5110 2715 5164 Andrea
2750 5106 2940 5168 illum.
2986 5105 3079 5175 qui
3122 5118 3321 5157 metuo-

1774 5210 1946 5265 ratam
1978 5205 2346 5280 lragrantiam-
2375 5204 2709 5257 incessanter
2744 5196 3049 5266 spargebat.
3085 5191 3184 5249 Ubi
3227 5207 3322 5246 an.
