3960 6344
562 193 673 292 iris
1621 229 2035 289 meceuom
2078 225 2543 288 PRESBY'l‘ERl
2587 228 2693 287 cr.
3665 238 3742 295 876

549 287 563 316 ί

569 353 673 394 tem
708 342 882 410 legere
914 340 1104 402 desiit,
1137 341 1291 394 desiit
1321 350 1369 392 et
1407 342 1696 409 flagrantia
1733 343 1941 396 sentiri.
1967 339 2121 406 Quod

2179 354 2193 406 ι
2223 341 2278 394 δὲ
2312 343 2339 394 ό
2382 341 2696 408 Ἐπιφάνιος
2743 341 2858 403 πῶς
2894 343 2959 410 τῇ
2997 345 3333 396 καταπαύσει
3358 339 3450 394 τοῦ
3496 341 3652 408 λόγου
3677 349 3743 397 καὶ

571 431 795 484 miratus
843 430 1131 483 admodum
1188 431 1520 498 Epiphanius
1549 474 1563 494 ,
1613 433 1959 502 interrogavit
2003 447 2124 484 san-

2226 431 2260 498 ή
2298 430 2590 500 μυρίπνοος
2628 428 2823 482 εὐωδία
2860 429 3089 498 ἀπέστη,
3137 427 3384 499 ἠρώτησε
3428 429 3520 481 τδν
3562 429 3746 482 Δίκαιον

569 527 710 570 ctum
767 516 1059 580 Andream,
1092 517 1276 570 dicens
1325 533 1339 570 :
1380 519 1487 570 Oro
1533 529 1583 572 te
1636 530 1797 586 atque
1849 519 2074 572 obsecro
2108 559 2122 581 ,

2229 519 2402 586 λέγων
2423 535 2436 548 ·
2468 517 2668 586 Δέομαί
2702 535 2814 581 σου,
2840 518 2966 587 κύρι
2994 519 3023 570 ό
3075 519 3267 587 μέγας,
3309 519 3392 580 τίς
3417 513 3487 588 ἦν
3518 519 3554 587 ἡ
3584 517 3747 570 εὐωδία

568 619 758 672 magne
785 604 1004 657 domine
1029 643 1044 667 ,
1092 621 1212 672 qum
1243 605 1331 658 illa
1358 647 1371 670 ,
1410 622 1570 674 quam
1621 608 1780 660 modo
1809 607 2124 680 prmlegenle

2226 610 2259 678 ἡ
2295 609 2398 679 πρὸ
2424 611 2522 678 τῆς
2555 608 2701 678 ὥρας
2729 609 2859 676 ἡμῖν
2911 610 3196 676 γενομένη,
3227 608 3460 676 ὁπηνίκα
3494 609 3586 661 τὸν
3622 609 3749 674 λόγον

569 712 651 748 me
708 696 1086 762 percepimus,
1164 693 1495 761 fragrantia?
1555 697 1654 750 Cui
1712 701 1796 750 vir
1856 707 2124 752 sanctus:

2225 701 2624 769 διεξηρχόμηνς
2661 698 2802 768 Ἔφη
2846 701 2874 752 ό
2923 700 3224 768 Μακάριος.
3253 699 3383 760 ι’ί-ὶς
3427 689 3651 764 γλυκεῖα
3690 697 3750 765 τῷ

578 801 594 832 ι
637 782 806 845 Quam
851 782 1028 835 d'ulcia
1067 782 1312 837 faucibus
1359 786 1491 838 meis
1535 786 1744 854 eloquia
1789 795 1879 840 tua
1907 823 1923 847 ,
1965 802 2127 855 super

2227 790 2462 859 λάρυγγί
2511 807 2613 860 μου
2645 791 2710 841 τά
2766 789 2920 854 λόγιά
2951 788 3224 856 σου,ὐπὲρ
3275 788 3392 858 μέλι
3421 789 3500 856 τῷ
3555 787 3753 854 στόματί

571 874 672 924 mel
714 872 794 925 ori
837 887 955 925 meo
974 873 1054 924 "l
1095 891 1112 922 ι
1152 871 1248 925 llic
1277 888 1402 927 vero
1444 890 1549 926 non
1582 884 1689 926 tam
1721 874 1786 929 de
1823 878 2124 944 corporali,

2229 879 2365 946 μουί
2405 896 2424 929 ι
2459 877 2665 944 Νοητδν
2694 877 2749 929 δὲ
2774 877 2879 946 χρὴ
2912 877 3199 939 γινώσκειν
3225 876 3283 926 τὸ
3313 876 3536 942 στόματι
3584 874 3689 937 καὶ,
3709 873 3755 924 rh

571 979 733 1032 quam
785 964 850 1015 de
883 963 1152 1030 spirituali
1197 979 1292 1017 ore
1330 973 1491 1032 atque
1544 963 1792 1018 faucibus
1823 980 2124 1018 sermonem

2227 968 2484 1039 λάρυγγι,
2538 967 2669 1038 περὶ
2711 968 2805 1018 τοῦ
2838 965 3065 1034 ψυχικοῦ
3089 967 3360 1034 λάρυγγος
3393 967 3488 1016 καὶ
3517 964 3754 1031 στόματος

572 1053 684 1107 fieri
737 1052 1142 1119 intelligendum
1194 1061 1293 1105 est.
1356 1053 1484 1108 Post
1540 1054 1880 1107 haecdicenli
1936 1069 2127 1108 rursus

2229 1061 2471 1128 εἴρηκεν.
2521 1057 2831 1125 Ἐπιφάνιος
2865 1053 3016 1110 εἶπεν
3041 1073 3054 1087 ·
3093 1057 3258 1119 Ἀφες
3303 1054 3494 1116 ταῦτα,
3540 1056 3630 1105 καὶ
3656 1053 3755 1106 (id

573 1139 868 1210 Epiphanio
896 1159 908 1192 :
945 1137 1103 1192 Missa
1135 1140 1215 1193 fac
1246 1142 1367 1201 ista.
1400 1150 1452 1193 cl
1482 1141 1524 1195 si
1557 1141 1684 1208 quid
1721 1141 1946 1195 visionis
1975 1143 2126 1194 obla-

2233 1167 2322 1219 μοι
2349 1152 2397 1202 εί
2425 1149 2567 1218 ἔχεις
2602 1164 2652 1200 τι
2670 1148 2794 1202 ’άπὸ
2820 1145 3051 1215 θεωρίας
3075 1161 3088 1175 ·
3120 1140 3235 1198 οἶδα
3257 1144 3364 1214 γάρ
3389 1141 3542 1210 κάγὼ
3566 1142 3651 1194 διά
3668 1142 3756 1195 τῶν

575 1244 686 1284 ιυιιι
719 1230 812 1283 tibi
844 1239 935 1292 sit,
963 1231 1238 1295 edissere;
1276 1231 1489 1285 illorum
1532 1235 1729 1301 quippe
1755 1232 2002 1285 notitiam
2035 1247 2130 1301 per

2229 1243 2423 1310 τιμίων
2457 1256 2550 1292 σου
2593 1238 2834 1307 δεήσεων
2876 1237 3068 1291 ταῦτα.
3111 1235 3167 1289 '0
3219 1235 3500 1304 Μακάριος
3531 1233 3672 1302 ἔφη’
3705 1232 3759 1285 τί

575 1337 761 1390 preces
806 1330 925 1375 tuas
959 1330 1248 1376 assecutus
1289 1338 1409 1375 sum
1453 1338 1466 1373 :
1527 1323 1803 1391 respondit
1841 1323 2126 1378 Andreas:

2232 1343 2312 1380 σοι
2343 1328 2478 1380 θέλω
2509 1329 2706 1390 είτιείν,
2732 1325 2952 1395 φίλτατέ
2983 1339 3112 1394 μου;
3147 1324 3404 1390 ’Δγγελοι
3434 1325 3542 1390 γάρ
3577 1321 3759 1390 Κυρίου

576 1412 713 1477 Quid
742 1412 1062 1475 edisseram,
1089 1411 1446 1486 charissime?
1487 1411 1753 1476 Quamdiu
1789 1413 1987 1482 legisti,
2025 1412 2130 1468 fre-

2227 1412 2366 1487 ἦσαν
2415 1415 2589 1468 indvat
2627 1416 2718 1468 ἐπὶ
2765 1415 2826 1468 τὺ
2867 1415 2999 1466 αὐτὸ
3030 1413 3104 1476 ὡς
3150 1413 3506 1480 άνεγίνωσκες
3535 1427 3549 1441 ·
3601 1405 3681 1473 εἷς
3716 1410 3762 1463 ιι

575 1515 800 1572 quentes
839 1505 925 1557 hic
955 1502 1177 1557 adfuere
1219 1504 1426 1572 angeli,
1474 1519 1704 1572 quorum
1755 1521 1921 1570 unus,
1954 1506 2129 1560 sancti

2230 1508 2289 1573 ἐξ
2313 1507 2509 1572 αὐτῶν,
2538 1506 2771 1571 δοξάζων
2799 1507 2867 1560 τά
2891 1507 3109 1576 ῥήματα
3139 1504 3231 1558 τοῦ
3255 1505 3408 1571 ἁγίου
3443 1501 3762 1570 Πνεύματος,

579 1597 808 1664 Spiritus
840 1598 1020 1658 verba,
1051 1595 1178 1662 quia
1207 1595 1446 1650 suavitas
1475 1606 1528 1649 et
1561 1596 1742 1649 laetitia
1773 1604 1923 1658 sunt,
1961 1596 2132 1651 ho‘no-

2231 1598 2417 1650 καθότι
2444 1596 2714 1666 εὐφρασία
2745 1595 2892 1650 ιστὶν
2917 1595 3208 1666 ἡδύνουσα,
3240 1592 3496 1662 ἑθυμίαζε
3559 1590 3769 1660 θεοπρε-

581 1703 698 1740 rare
731 1688 934 1750 volens,
965 1685 1215 1740 adolebat
1242 1687 1398 1740 hilari
1427 1703 1549 1742 cum
1579 1688 1725 1742 vultu
1755 1686 1989 1747 militum
2024 1687 2134 1743 Deo

1200 1695 1215 1740 ι
1242 1687 1398 1740 hilari
1427 1703 1549 1742 cum
1579 1688 1725 1742 vultu
1755 1686 1989 1747 militum
2024 1687 2134 1743 Deo
2163 1668 2208 1730 Β
2238 1683 2764 1756 πῶς’άγαλλόμενος.

577 1779 818 1845 dignum.
2666 1773 2678 1793 ‘

648 1867 771 1920 “£32.
829 1867 930 1928 At.
987 1867 1251 1923 inferente
1336 1867 1674 1938 Epiphanio,
1756 1867 1907 1924 Unde
1962 1868 2136 1937 angeli

2313 1873 2361 1926 σ)
2376 1871 2440 1942 β’.
2481 1870 2797 1939 Ἑπιφάνιος
2827 1863 2979 1922 εἶπεν
2998 1883 3012 1898 ·
3054 1868 3162 1920 Καὶ
3191 1865 3291 1919 πού
3319 1867 3370 1918 oi
3402 1863 3495 1918 τοῦ
3536 1861 3772 1933 Σωτῆρος

580 1957 816 2012 ευίῐὶιιιιιι
857 1959 1005 2022 sibi,
1061 1957 1206 2012 unde
1257 1959 1593 2012 tburihulum
1621 1998 1635 2022 ,
1689 1959 1831 2012 unde
1877 1960 2139 2014 carbones

2237 1963 2478 2031 ἄγγελοι,
2511 1962 2572 2015 τό
2593 1977 2652 2014 τε
2683 1959 2952 2030 θυμίαμα,
2977 1957 3153 2012 καὶτὸ
3179 1956 3556 2026 θυμιατήριον,
3579 1954 3704 2016 τούς
3724 1970 3775 2007 τε

581 2057 948 2117 comparant,
1011 2048 1448 2118 quandoquidem
1508 2050 1638 2116 ipsis
1693 2049 2138 2104 immaterialibus

2237 2052 2514 2121 ἄνθρακας
2548 2047 2911 2120 εὑρίσκουσιν,
2940 2047 3113 2118 eum
3143 2046 3315 2108 δντες,
3351 2046 3442 2096 καὶ
3475 2043 3678 2105 ὐλικοῖς
3712 2042 3775 2111 μὴ

584 2140 730 2195 nulla
777 2153 895 2192 cum
933 2139 1096 2193 rebus
1143 2137 1442 2194 materiatis
1475 2125 1813 2208 conjunctio'
1852 2140 1965 2193 sit?
2009 2149 2146 2194 tunc

2241 2142 2615 2211 συγχρώμενοι
2643 2155 2661 2205 ς
2701 2139 2762 2189 ’0
2803 2138 2858 2191 δὲ
2885 2138 3170 2206 Μακάριος
3215 2136 3462 2194 ἀτενίσας
3487 2135 3567 2196 είς
3597 2133 3773 2190 αὐτὸν.

585 2234 798 2288 intuens
836 2232 887 2284 in
915 2247 1038 2297 eum
1081 2230 1166 2285 vir
1207 2230 1425 2294 beatus,
1462 2241 1512 2283 et
1546 2246 1766 2285 manum
1799 2231 2133 2286 extendens:

2239 2234 2330 2282 καί
2361 2230 2462 2298 τὴν
2499 2230 2654 2298 χεῖρα
2682 2226 2845 2279 αὐτοῦ
2888 2226 3021 2294 πρὸς
3064 2225 3226 2278 αὐτὸν
3261 2223 3561 2284 ἀνατείνας,
3599 2221 3777 2288 λέγει·

585 2323 862 2388 Mirauda,
914 2321 1125 2391 inquit,
1175 2321 1228 2374 in
1283 2321 1518 2374 medium
1574 2315 1770 2385 affers,
1831 2323 1901 2374 mi
1955 2323 2136 2375 homo.

2238 2318 2540 2388 Θαυμαστὰ
2582 2317 2886 2388 ὡμίλησας,
2917 2315 3188 2382 ἄνθρωπε.
3214 2312 3324 2375 Τίς·
3353 2313 3460 2381 γάρ
3489 2328 3570 2364 σοι
3617 2306 3776 2372 εἶπεν,

586 2412 786 2467 Verum
837 2413 960 2482 quis
1019 2413 1110 2466 tibi
1136 2451 1153 2479 _,
1208 2413 1425 2482 angelos
1480 2414 1848 2482 perceptibilia
1892 2413 2141 2468 sensibus

2238 2413 2320 2464 ὅτι
2359 2409 2590 2477 αίσθητά
2637 2409 2972 2477 θυμιατήρια
3023 2407 3073 2477 pl
3131 2403 3361 2472 ἄγγελοι·
3387 2402 3702 2474 κέκτηνται,
3749 2403 3776 2473 ἢ

588 2504 885 2569 thuribula,
915 2504 1039 2570 quis
1061 2503 1249 2556 mundi
1283 2503 1443 2572 hujus
1471 2502 1727 2564 suilitum.
1757 2512 1851 2557 aut
1878 2503 2140 2556 carbones

2239 2501 2477 2570 κοσμικά
2523 2501 2839 2569 θυμιάματα
2875 2498 3112 2568 ἔχουσιν,
3137 2497 3172 2568 ἢ
3203 2496 3294 2548 τὸν
3333 2495 3424 2548 τοῦ
3469 2495 3676 2563 κόσμου
3702 2495 3784 2548 άν-

587 2595 843 2648 adhibere
891 2595 1060 2648 dixit?
1099 2592 1207 2658 Qui
1257 2596 1448 2663 spiritu
1488 2593 1604 2662 solo
1657 2601 1928 2656 constant,
1984 2592 2142 2660 spiri-

2241 2593 2419 2662 θρακα
2449 2591 2748 2645 ἔπιδιόνται
2773 2607 2788 2655 ;
2811 2589 2875 2642 Οί
2903 2591 3009 2659 γάρ
3048 2589 3395 2658 πνευματικοὶ
3428 2587 3782 2655 πνευματικά,

588 2684 792 2746 tualia,
846 2683 940 2750 qui
976 2697 1040 2735 ex
1087 2682 1308 2736 materia
1349 2681 1656 2748 compacti,
1700 2698 1730 2732 u
1757 2682 1984 2734 ateriata
2033 2689 2142 2732 tra-

2241 2682 2336 2736 καὶ
2365 2670 2431 2734 ὀί
2464 2681 2638 2734 ἐνυλοι
2692 2680 2852 2734 ἐνυλα
2887 2681 3196 2748 κέκτηνται.
3227 2677 3482 2746 ’Δγγελοι
3531 2678 3590 2732 δι
3634 2677 3783 2748 ἡνίκα

588 2781 754 2827 ctant.
792 2772 979 2840 Angeli
1040 2786 1167 2826 vero
1220 2787 1344 2824 cum
1401 2774 1679 2825 incensum
1732 2770 1963 2823 oblaturi
2015 2778 2143 2823 sunt.

2242 2772 2504 2839 θυμιᾶσαι
2535 2770 2832 2839 βούλονται,
2854 2769 3002 2822 οὐδὲν
3044 2769 3171 2822 ἄλλο
3197 2767 3457 2838 θυμιῶσιν
3485 2767 3787 2839 ιμπροσθεν

589 2864 910 2922 Διιὶδείιιιο,
973 2861 1121 2914 aliud
1189 2876 1294 2914 non
1347 2859 1601 2923 sumunt,
1664 2874 1828 2927 quam
1887 2858 2140 2910 thronum

2240 2861 2332 2913 τοῦ
2375 2860 2652 2928 Ὑψίστου,
2689 2861 2722 2930 ἢ
2753 2861 2846 2911 τὸν
2876 2859 3063 2928 θρόνον
3093 2861 3299 2912 ἐκεῖνον
3333 2858 3424 2912 τδν
3457 2860 3637 2912 πάντα
3673 2856 3785 2911 νοῦν

589 2956 760 3018 illum,
785 2968 997 3007 ormnem
1040 2951 1370 3019 intelligendi
1405 2957 1508 3004 vim
1541 2959 1886 3019 superantem
1925 2966 1938 3001 :
1973 2949 2139 3012 illam,

2243 2951 2343 3004 ὐπε
2354 2950 2656 3022 ρᾶαίνοντα,
2692 2951 2834 3020 φημὶ
2859 2949 2956 3019 τὴν
2979 2949 3225 3013 εὐωδίαν,
3250 2950 3349 3017 τὴν
3366 2949 3638 3019 ήδυτάτην
3663 2949 3789 3000 tati-

588 3048 711 3108 aio,
746 3044 1123 3098 suavissimam
1161 3041 1507 3110 fragrantiam
1531 3079 1548 3105 ,
1587 3056 1706 3110 qua:
1751 3055 1816 3093 ex
1865 3039 2143 3094 tremenda

2243 3060 2340 3112 νην
2371 3043 2469 3111 τὴν
2491 3042 2850 3111 εξερχομένην
2877 3043 2941 3094 ὲκ
2966 3041 3063 3110 τῆς
3109 3040 3349 3110 φοϐερᾶς
3376 3041 3469 3112 καὶ
3498 3040 3787 3110 ἀπροσίτου

588 3148 640 3190 et
696 3133 1056 3189 inaccessibili
1129 3133 1336 3186 Deitate
1388 3131 1652 3200 procedit.
1712 3127 1847 3182 Nam
1908 3115 2144 3185 astantes

2243 3111 2511 3200 θεότητος.
2548 3132 2635 3192 '0;
2661 3131 2768 3199 γάρ
2792 3129 3150 3200 παρίστανται
3169 3128 3252 3198 τῷ
3273 3111 3485 3200 φοϐερῷ
3509 3129 3689 3197 θρόνῳ
3705 3125 3789 3180 τοῦ

591 3227 816 3281 terribili
857 3224 1254 3292 Omnipotentis
1285 3222 1512 3287 throno,
1541 3221 1840 3289 excipiunt,
1872 3234 1992 3290 quae
2025 3221 2145 3275 inde

2246 3214 2708 3290 Παντοκράτορος,
2771 3220 3010 3289 δέχονται
3068 3219 3165 3287 τῆς
3217 3219 3426 3271 ικεῐθεν
3475 3217 3790 3287 εκπηδώσῃς

591 3317 762 3370 multo
791 3331 912 3368 eum
949 3314 1159 3381 fulgore
1199 3313 1415 3367 absistit
1439 3352 1454 3374 .
1490 3313 1716 3366 odorum
1761 3312 2142 3381 fragrantiam,

2243 3310 2528 3379 ἀστραπῆς
2552 3311 2649 3377 τὴν
2681 3309 2958 3378 εὐοσμίαν,
2980 3308 3072 3361 καὶ
3105 3307 3460 3371 ἀδιαλείπτως
3479 3303 3669 3360 ἔκτοτε
3701 3325 3797 3377 μυο

593 3409 829 3459 humano
868 3417 1118 3457 sermone
1161 3403 1628 3471 inexplicabilem,
1674 3418 1901 3470 eamque
1943 3402 2146 3473 jugiter

2249 3401 2487 3471 ρίςουσιν
2515 3400 2812 3471 ἀπορρήτῳ
2853 3398 3045 3467 εὐωδίᾳ
3069 3399 3166 3466 τῆς
3195 3399 3463 3468 θεότητος.
3498 3398 3679 3452 ὀταν
3704 3396 3788 3451 οὐν

591 3495 832 3548 sumunt.
867 3493 1095 3558 Quando
1139 3493 1304 3563 igitur
1335 3494 1559 3555 volunt,
1600 3493 1982 3546 suavissimum
2026 3493 2148 3548 Dei-

2245 3492 2530 3560 όφείλωσιν
2557 3492 2690 3557 (45),
2721 3491 2996 3559 βούλονται
3020 3491 3169 3552 ὅπως
3200 3491 3448 3561 μετάσχῃ
3473 3488 3574 3558 τῆς
3601 3490 3793 3560 ἡδύτη-

592 3584 717 3636 tatis
765 3581 909 3635 illius
944 3582 1162 3634 odorem
1215 3595 1337 3633 eum
1385 3579 1564 3646 aliquo
1613 3578 1972 3646 participare,
2011 3593 2147 3632 con-

2247 3601 2335 3646 τος
2369 3583 2562 3651 αὐτῆς,
2598 3582 2692 3634 καί
2723 3582 2876 3634 αὐτοὶ
2902 3582 2949 3634 oi
2975 3581 3246 3649 ίστάμενοι
3275 3579 3584 3649 ιμπροσθεν
3614 3577 3793 3642 αὐτοῦ.

593 3675 848 3726 sistentes
889 3681 1014 3724 ante
1061 3671 1279 3739 ipsum,
1322 3680 1586 3737 quantum
1623 3669 1813 3721 volunt
1860 3669 2045 3723 odoris
2095 3670 2148 3721 in

2246 3674 2540 3727 τύπτουσιν
2574 3670 2739 3724 αὐτοῦ
2767 3670 2828 3723 τὸ
2872 3672 3162 3742 πρόσωπον
3199 3671 3264 3740 τῇ
3292 3670 3522 3741 εὐοσμίᾳ
3551 3673 3619 3739 τῇ
3656 3670 3797 3744 θεῖκῇ

593 3761 784 3816 faciem
833 3761 950 3826 ejus
989 3761 1309 3825 effundunt;
1347 3775 1508 3828 quem
1556 3759 1643 3813 ille
1687 3759 1947 3813 continuo
1982 3760 2152 3827 perci-

2247 3765 2356 3833 δσῳ
2407 3763 2586 3833 μέτρῳ
2638 3760 2912 3830 βούλονται
2936 3775 2951 3791 ο
3008 3759 3102 3813 καὶ
3156 3759 3341 3811 λοιπὸν
3378 3759 3798 3830 ὀσφραινόμενος

593 3854 746 3923 piens
771 3853 970 3905 olfactu
993 3893 1006 3912 .
1043 3851 1242 3905 dubius
1277 3851 1443 3903 [narret
1484 3850 1628 3904 tmde
1658 3859 1806 3901 tanta
1858 3848 2149 3919 fragrantia

2249 3855 2453 3915 txttvo;
2499 3852 2770 3920 ιπαπορεί
2806 3853 2871 3920 τῇ
2907 3849 3141 3920 ἡδυτάτη
3187 3848 3481 3919 γλυκύτητι
3519 3850 3800 3922 εὐφραινό-

594 3944 824 3999 ailletur.
865 3945 1012 3997 Alias
1042 3957 1259 4012 quoque
1300 3942 1458 3995 iidem
1490 3941 1665 4010 angeli
1711 3941 1901 3994 allatus
1933 3957 1962 3994 e
1997 3955 2154 4009 para-

2252 3959 2428 4011 μενος.
2461 3941 2819 4004 Εὐωδιάζουσι
2847 3940 2903 3992 ὁὶ
2931 3940 3026 3993 καὶ
3055 3940 3199 4008 ἄλλῳ
3239 3940 3356 4001 πῶς
3383 3942 3448 3992 εκ
3469 3939 3578 3991 τῶν
3608 3939 3799 3991 ἀνθέων

592 4036 712 4089 diso
754 4034 908 4086 ﬂores
941 4033 1198 4086 invisibili
1230 4033 1390 4084 modo
1442 4032 1676 4084 hominis
1730 4033 2014 4084 admovent
2061 4045 2153 4083 ua-

2249 4029 2343 4081 τοῦ
2387 4029 2710 4086 παραδείσου
2743 4028 3107 4096 κομιζόμενοι,
3148 4029 3239 4078 καὶ
3281 4030 3495 4098 ἀοράτῳ
3527 4027 3800 4098 παραστά-

595 4127 762 4190 ribus,
792 4140 992 4194 easque
1034 4124 1187 4178 suavi
1218 4124 1388 4178 odore
1415 4123 1703 4191 complent.
1737 4122 1955 4192 Tripliei
2000 4138 2155 4178 nam-

2255 4133 2335 4168 σει
2367 4119 2464 4186 τὴν
2498 4117 2764 4186 ὄσφρησιν
2794 4116 2886 4169 τοῦ
2917 4115 3202 4187 ἀνθρώπου
3235 4115 3609 4185 ἑμπιπλῶσίν.
3661 4118 3800 4169 Κατὰ

594 4231 700 4286 que
733 4219 942 4269 ratione
970 4225 1198 4285 possunt
1236 4216 1409 4268 sancti
1440 4215 1614 4281 angeli
1656 4212 1798 4276 illos,
1830 4215 2152 4282 quibuscum

2252 4213 2355 4282 γάρ
2381 4214 2526 4280 τρεῖς
2547 4213 2781 4280 τρόπους
2806 4211 3019 4278 ιχουσιν
3063 4209 3310 4274 ἐξουσίαν
3341 4211 3540 4280 θυμιᾷν
3588 4212 3641 4262 oi
3670 4209 3799 4277 ἅγιοι

595 4311 697 4362 sibi
750 4307 1089 4360 familiaritas
1129 4314 1182 4358 et
1228 4319 1438 4357 morum
1488 4302 1800 4370 conjunctio
1845 4305 2148 4368 intercedit,

2253 4301 2472 4366 ἄγγελοι
2501 4301 2610 4361 τοῖς
2656 4299 2930 4369 ἐχομένοις
2963 4300 3145 4362 αὐτοῖς
3176 4300 3324 4370 φιλίᾳ
3364 4303 3458 4353 καὶ
3496 4303 3799 4370 σεμνότητι.

597 4400 764 4451 odore
799 4395 1140 4463 perfundere.
1175 4393 1242 4446 Et
1279 4392 1512 4461 primum
1541 4393 1756 4460 quidem
1795 4393 1845 4443 id
1881 4403 2153 4460 pra-stant,

2270 4392 2356 4443 Ἐν
2379 4390 2612 4459 πρώτοις
2632 4392 2758 4443 ὅταν
2780 4394 2876 4454 τὰς
2906 4392 3054 4460 ίερὰς
3079 4390 3290 4460 βίϐλους
3314 4391 3799 4458 ἀναγινώσκουσιν·

596 4505 717 4542 tum
752 4488 1008 4539 librorum
1050 4499 1328 4538 sacrorum
1362 4482 1578 4536 lectioni
1616 4497 1775 4547 Opera
1816 4483 1968 4533 datur
2003 4500 2014 4531 :
2045 4483 2152 4533 cir-

2259 4482 2677 4551 περικυκλούσιν
2732 4486 2842 4552 γὰρ
2888 4485 3084 4535 ἐκεῖνον.
3128 4483 3248 4535 τότε
3281 4484 3547 4552 ἀοράτως,
3587 4482 3802 4536 ἀκοῦσαι

597 4586 868 4632 eumstant
895 4577 1090 4643 quippe
1113 4586 1222 4627 tum
1252 4613 1266 4639 ,
1307 4573 1558 4642 quamvis
1591 4574 1760 4626 aciem
1792 4582 2029 4624 nostrain
2062 4572 2153 4624 fu-

2351 4590 2498 4635 οντες
2521 4572 2592 4624 τὰ.
2612 4572 2725 4642 τοῦ,
2745 4574 3010 4640 παναγίου
3044 4571 3352 4642 Πνεύματος
3383 4571 3692 4644 θεότερπνα
3723 4572 3802 4642 pf,-

597 4672 771 4738 giant,
823 4668 1009 4720 audire
1057 4665 1235 4732 cupidi
1277 4663 1668 4732 jucundissima
1701 4664 1872 4715 sancti
1922 4660 2152 4730 Spiritus

2255 4679 2401 4731 ματα
2421 4677 2436 4693 ⁸
2467 4662 2630 4716 πάλιν
2678 4662 2836 4731 ἡνίκα
2869 4679 2946 4724 τις
2995 4661 3373 4730 προσεύχεται,
3404 4663 3499 4714 καὶ
3535 4663 3719 4732 όμιλεί
3742 4661 3803 4729 τῷ

598 4764 776 4812 \erba.
834 4755 1068 4808 ltursuin
1121 4755 1172 4808 id
1227 4763 1520 4823 prmstant‘,
1577 4769 1699 4808 cum
1751 4755 1873 4822 quis
1922 4753 2151 4807 orationi

2252 4754 2371 4822 Θεῷ
2397 4770 2411 4783 ·
2447 4756 2541 4806 καὶ
2567 4756 2656 4806 ὅτε
2687 4742 2918 4823 κόττα)ξῆ
2948 4753 3115 4823 πόνῳ,
3143 4753 3175 4822 ἢ
3208 4753 3425 4822 μάστιγι
3454 4755 3719 4824 καρτερεῖ
3739 4769 3801 4811 τις

600 4845 794 4900 iacaus
832 4848 958 4900 eum
997 4843 1106 4898 Deo
1156 4843 1485 4912 colloquitur
1523 4859 1536 4894 :
1582 4844 1813 4912 denique
1841 4858 1962 4897 cum
2007 4844 2154 4896 labo-

2252 4844 2340 4896 διὰ
2393 4844 2522 4896 Θεόν
2541 4859 2556 4874 ο
2617 4846 2737 4897 τότε
2798 4846 2905 4913 γὰρ
2933 4844 3100 4896 ἀίδιον
3125 4843 3336 4911 ἔχουσιν
3374 4842 3626 4912 ἀλείφειν
3647 4861 3706 4897 τε
3729 4844 3804 4895 καὶ

599 4940 756 4991 riosis
813 4935 1068 5005 operibus
1122 4941 1337 5002 propter
1397 4933 1646 4986 eumdem
1703 4948 1762 4987 se
1818 4934 2147 4996 discruciat,

2259 4934 2595 4997 εὐωδιάζειν,
2645 4936 2739 4987 καὶ
2779 4935 3202 5005 προθυμοποιείν
3235 4935 3325 4985 τὸν
3367 4933 3510 5003 ὐπὶρ
3536 4935 3803 4993 εὐσεϐείας

595 5042 828 5095 eumque
874 5028 925 5079 in
983 5041 1182 5092 corpus
1232 5040 1388 5077 suum
1447 5022 1671 5093 ﬂagellis
1722 5024 2154 5078 animadvertit‘.

1108 5041 1182 5077 ius
1232 5040 1388 5077 suum
1447 5022 1671 5093 ﬂagellis
1722 5024 2154 5078 animadvertit‘.
2262 5025 2672 5094 ἀγωνιζόμενον.

601 5132 724 5171 tunc
755 5119 897 5171 enim
938 5122 1199 5185 praeclaro
1233 5115 1396 5186 pugili
1433 5133 1531 5170 suo
1559 5128 1755 5185 praesto
1802 5125 1964 5177 sunt,
2011 5131 2162 5170 eum-

597 5226 701 5275 que
728 5208 888 5259 variis
921 5207 1096 5260 modis
1153 5207 1415 5260 definiunt
1443 5245 1458 5269 ,
1495 5216 1739 5260 recreant
1791 5207 2158 5274 aniinantqne.

676 5383 719 5411 ”
763 5381 906 5435 Psnl.
941 5395 1128 5442 cxvm,
1165 5382 1314 5443 105.,

673 5533 783 5614 (ξὸ)
811 5533 986 5616 ¹’(ιιτοιν
1021 5527 1257 5616 οὐν,ἓιιξ.
1294 5532 1626 5616 Hine-usque
1653 5533 1718 5586 ad
1744 5534 1853 5595 illa,
1885 5535 2017 5616 κατὰ
2043 5537 2147 5604 γὰρ

2255 5539 2498 5616 scuriora
2529 5578 2573 5616 ..ἱ
2594 5540 2666 5591 uti
2699 5547 2752 5591 et
2787 5540 3052 5616 pleraque
3073 5540 3354 5616 sequentia
3383 5556 3398 5597 :
3436 5554 3499 5596 ac
3542 5539 3608 5598 ili
3633 5529 3807 5615 primis'

600 5603 764 5665 τρεῖς,
793 5603 1162 5657 desiderantur
1205 5607 1256 5656 in
1285 5618 1387 5655 ms.
1416 5601 1612 5656 Mazar.
1643 5614 1878 5671 suntque
1905 5607 2013 5658 fere
2045 5601 2142 5659 ob;

1676 5614 1878 5671 untque
1905 5607 2013 5658 fere
2045 5601 2142 5659 ob;
2256 5609 2398 5660 istud
2440 5608 2753 5674 ὀφείλωσιν,
2787 5601 2919 5677 quid
2951 5601 3056 5664 sibi
3090 5601 3239 5663 vult?
