3960 6344
165 211 257 272 επ

1291 224 1462 287 VITA
1501 230 1560 291 S.
1601 229 1927 292 ΑΝῡΙὶΕιΕ
1967 233 2162 294 SAM.

3240 233 3343 294 818

229 327 352 393 σλγθ.
391 328 697 396 Γέγραπται
729 331 834 399 γὰρ
857 333 936 385 ὅτι
963 336 1054 388 ἐπὶ
1089 336 1374 392 Ἰουλιανοῦ
1394 339 1486 393 τοῦ
1517 341 1680 412 Παραι

1865 346 1992 399 235.
2048 343 2324 398 Proditum
2396 343 2596 412 quippe
2638 353 2719 397 cst
2761 345 3029 400 memoria:
3071 344 3340 398 lulianum

163 417 312 472 ϐάτου
339 418 588 480 ἀπιόντος
619 419 753 488 πρὸς
779 423 902 485 τοὺς
938 424 1169 492 Πέρσας,
1198 427 1375 492 ἔδοξεν
1401 431 1562 482 αὐτὸν
1592 449 1690 484 κα-

161 507 369 575 ταϐῆναι
401 507 534 573 πρὸς
563 509 652 560 τὸν
678 510 873 564 Πύθιον
902 514 1150 578 δαίμονα,
1192 520 1281 569 τὸν
1305 519 1369 570 ἐν
1397 521 1461 586 τῇ
1485 519 1690 590 Δάφνῃ,

157 599 292 659 ὅπως
321 598 638 670 ἀποκαλύψῃ
667 602 825 655 αὑτὸν
846 609 971 673 περὶ
998 602 1058 659 οὗ
1082 610 1284 680 ὴπείγῃ
1319 611 1570 681 πολέμου,
1595 615 1694 667 κᾶν

159 704 212 738 τε
242 687 451 755 νικήσῃ,
481 689 580 742 κᾶν
607 708 666 742 τε
697 695 922 766 ἡττηθῇ.
955 698 1318 761 Θυσιὰσαντος
1364 701 1453 754 οῦν
1479 702 1554 770 τῷ
1588 705 1693 756 Πυ-

155 774 246 842 θίῳ
288 773 475 845 ξοάνῳ,
522 780 833 845 ἐνεφάνισεν
861 785 1008 854 αὐτῷ
1057 788 1265 854 ἐκείνῳ,
1319 790 1392 860 μὴ
1439 792 1690 846 δύνασθαι

155 865 382 933 ἐνεργεῖν
413 869 552 920 κατά
577 870 672 933 τὰς
705 873 934 940 ἡμέρας.
963 878 1048 930 διὰ
1078 878 1136 930 τὸ
1167 882 1339 933 ἐκεῖσε
1372 883 1578 936 κεῖσθαι
1601 885 1691 936 τὸν

153 953 297 1020 ἅγιον
329 957 419 1008 καὶ
449 958 686 1028 ἀοίδιμον
709 962 952 1018 Βαδυλᾶν
976 969 1110 1034 μετὰ
1136 970 1240 1022 τῶν
1265 973 1430 1040 τριῶν
1460 974 1687 1040 νηπίων,

152 1045 214 1096 τὰ
261 1048 703 1116 καρτερικώτατα
737 1055 830 1106 καὶ
881 1055 1140 1124 θεάρεστα
1188 1059 1430 1129 λείψανα.
1485 1064 1617 1116 Τότε
1662 1065 1690 1116 ό

149 1133 403 1204 δυσσεϐὴς
449 1138 777 1210 Παραὸἀτης
835 1142 1115 1199 ἐκέλευσεν
1162 1150 1272 1210 τοῖς
1333 1149 1688 1219 Ἀντιοχεῦσιν

150 1223 308 1276 αὑτοῦ
338 1226 588 1296 ἀτρόμως
619 1231 712 1280 καὶ
749 1232 967 1299 ἀφόϐως
1014 1237 1372 1306 μετακομίσαι
1399 1240 1539 1292 αὐτὰ
1581 1241 1687 1293 τῶν

148 1315 338 1379 ἐκεῖσε,
372 1317 464 1373 καὶ
493 1316 622 1370 ὅπου
656 1319 701 1371 δ’
735 1321 802 1374 ἂν
831 1321 1123 1390 βούλωνται
1158 1325 1486 1381 καταθέσθαι
1527 1330 1684 1393 αὐτὰ,

147 1404 324 1457 ἄνεσιν
351 1412 813 1478 παραποιούμενος
837 1413 912 1482 τῷ
931 1413 1145 1479 ὀφθέντι
1171 1417 1318 1484 αὐτῷ
1340 1414 1688 1488 πονηροτάτῳ

146 1495 428 1566 πνεύματι.
459 1500 588 1554 Ὅτε
618 1497 710 1554 οὖν
733 1502 932 1571 πλῆθος
956 1504 1052 1572 τῆς
1074 1504 1278 1568 πόλεως
1309 1507 1528 1576 ἐξῆλθον
1553 1510 1689 1576 μετὰ

143 1587 324 1657 κηρῶν
348 1591 442 1654 καὶ
471 1589 653 1660 ὕμνων
682 1592 778 1644 καὶ
808 1591 1066 1658 λιτανίας.
1093 1591 1233 1666 ἦραν
1261 1599 1358 1667 τὴν
1389 1599 1544 1667 σορὲιν
1577 1599 1683 1652 τῶν

1791 435 2102 502 Apostatam
2126 473 2142 495 ,
2191 433 2374 489 Persis
2405 434 2606 488 bellum
2636 433 2832 486 inferre
2857 437 3196 488 meditantem
3222 477 3234 497 ,
3276 436 3342 488 ad

1793 517 2040 587 Pythium
2085 520 2381 574 dmmonem
2407 562 2421 586 ,
2469 521 2561 589 qui
2590 521 2641 574 in
2673 521 2893 590 Daphne
2924 539 3176 592 responsa
3214 540 3342 578 con-

1793 609 2301 674 sulentibus-dabat,
2353 613 2681 665 descendere
2727 612 3004 676 voluisse,
3047 624 3104 666 ut
3149 630 3210 668 cx
3251 615 3341 668 illo

1792 698 1858 753 de
1888 700 2011 752 belli
2040 701 2179 768 quod
2216 703 2538 770 suscipiebat
2575 714 2768 779 eyentu
2794 704 3042 766 disceret,
3065 706 3339 770 superior.

1795 782 1863 842 ne
1891 805 1955 842 an
1993 789 2222 843 inferior
2253 792 2464 846 futurus
2491 802 2654 847 esset.
2677 795 2830 869 Cum
2849 796 3028 863 itaque
3054 794 3351 850 simulacri)

1791 880 2055 948 Apollinis
2090 881 2214 934 thus
2244 882 2500 946 adoleret,
2549 895 2820 938 ostensum
2873 898 2958 939 est
2997 900 3034 938 'a
3081 884 3339 949 dremonc,

1791 970 1987 1026 frustra
2037 987 2095 1025 se
2135 987 2395 1040 responsa
2447 975 2594 1042 posci
2635 989 2726 1042 per
2774 976 2901 1029 illud
2934 986 3185 1045 tempus,
3223 989 3346 1042 pro-

1789 1074 1966 1132 pterea
2027 1064 2170 1132 quod
2226 1079 2394 1119 sacra!
2434 1065 2556 1118 istic
2608 1065 2709 1119 loci
2766 1067 3004 1133 reliquiae
3053 1066 3222 1120 sancti
3278 1079 3341 1118 ac

1789 1154 2017 1209 celebris
2047 1154 2260 1224 Babylm
2282 1195 2296 1214 ,
2339 1155 2612 1223 triumque
2653 1170 2944 1223 puerorum
2980 1154 3185 1208 fortiter
3221 1171 3344 1223 pas-

1789 1258 1969 1296 sorum
2004 1243 2386 1296 conderentur.
2427 1243 2581 1297 Tunc
2625 1243 2823 1310 impius
2861 1244 3118 1310 Apostata
3146 1279 3160 1304 ,
3206 1242 3341 1295 libe-

1785 1333 1980 1385 riorem
2015 1333 2246 1400 pessimo
2287 1332 2514 1386 dmmoni
2540 1371 2554 1396 ,
2607 1334 2699 1401 qui
2747 1348 2807 1386 se
2854 1332 3142 1386 ridendum
3183 1332 3343 1386 obtu~

1786 1422 1954 1484 lerat,
1991 1422 2167 1475 locum
2211 1421 2490 1486 facturus,
2537 1424 2789 1493 praecepit
2842 1423 3234 1484 Antiochenis,
3283 1429 3343 1475 ut

1787 1510 1919 1563 nihil
1941 1510 2271 1578 trepidantes
2294 1520 2684 1573 metuentesve,
2708 1512 2964 1581 reliquias
2989 1513 3112 1565 inde
3132 1511 3342 1566 ablatas

1788 1601 1973 1660 libere,
2019 1614 2344 1669 quocunque
2383 1599 2682 1654 collibitum
2714 1613 2877 1664 esset,
2912 1607 3341 1678 transportarept

151 1675 366 1743 Ἁγίων.
383 1679 478 1732 καὶ
499 1678 817 1748 ἐπορεύοντο
847 1683 1158 1752 ψάλλοντες·
1183 1705 1202 1738 ‹
1233 1687 1680 1759 Αἰσχυνθήτωσαν

1785 1699 2237 1758 τοροηρτεηιιιυο.
2270 1687 2486 1759 Egressi
2531 1689 2720 1758 itaque,
2738 1690 3002 1742 civitatem
3033 1673 3339 1758 frequentes

143 1768 338 1829 πάντες
363 1769 410 1820 οι
441 1770 868 1838 προσκυνοῦντες
891 1776 1004 1836 τοῖς
1028 1775 1125 1842 γλυ
1136 1779 1307 1838 πτοῖς,
1328 1778 1378 1829 oi
1405 1778 1689 1846 ἑγκαυχώ·

143 1872 287 1924 μενοι
339 1858 398 1910 ὲν
444 1862 555 1922 τοῖς
606 1860 841 1924 εἰδώλοις
875 1849 1071 1916 αὐτῶν.
1108 1883 1126 1916 ι
1157 1863 1216 1916 '0
1245 1865 1335 1918 οῦν
1365 1866 1684 1937 θεομίσητος

141 1946 389 2015 βασιλεὺς
438 1950 675 2013 ἀκούσας
715 1951 908 2017 ταῦτα,
956 1953 1254 2022 ὀργισθεὶς,
1307 1956 1556 2010 ἐκέλευσε
1609 1959 1682 2028 τῷ

137 2040 362 2110 ἐπάρχῳ
393 2045 492 2111 τῆς
529 2045 734 2109 πόλεως
790 2043 1059 2112 κρατῆσαι
1084 2046 1286 2112 πάντας
1313 2049 1437 2113 τοὺς
1465 2052 1530 2120 τῇ
1561 2049 1678 2121 λιτῇ

132 2132 691 2202 παρακολουθοῦντας.

1786 1781 2084 1834 admodum
2139 1780 2285 1834 cives
2327 1795 2447 1834 cum
2489 1780 2700 1843 cereis.
2751 1778 2964 1851 hymnis
3014 1789 3068 1834 et
3120 1778 3338 1843 litanlls,

1789 1871 2124 1925 sustulerunt
2173 1880 2484 1929 sanctorum
2523 1885 2701 1936 arcas,
2745 1883 2798 1926 et
2827 1879 3154 1926 revertentes
3184 1883 3342 1922 canc-

1789 1958 1916 2012 bant
1953 1976 1967 2014 ι
2007 1979 2029 2009 ‹
2067 1959 2478 2016 Confundantur
2520 1977 2741 2029 omnes,
2797 1961 2886 2030 qui
2919 1960 3144 2017 adorant
3195 1959 3340 2016 scul-

1788 2049 1965 2118 ptilis,
1998 2050 2089 2120 qui
2120 2051 2416 2123 gloriantur
2456 2051 2511 2112 in
2549 2039 2853 2110 simulacris
2895 2051 3008 2107 suis
3037 2049 3129 2106 ⁸⁸⁸.
3168 2070 3185 2102 ι
3238 2048 3341 2104 Sed

1786 2149 1838 2194 et
1863 2140 1967 2195 alia
2013 2145 2252 2211 quaedam
2297 2144 2436 2199 haud
2472 2145 2607 2200 levia
2640 2145 2939 2208 addebant,
2974 2143 3109 2197 nihil
3142 2141 3344 2205 furml-

131 2222 344 2278 dantes.
378 2222 585 2291 Quibus
610 2229 827 2297 perlatis
854 2232 918 2287 ad
954 2247 1114 2288 aures
1178 2234 1554 2306 imperatoris.
1583 2232 1824 2289 divinum
1869 2248 2064 2287 nomen
2105 2235 2229 2290 odio
2295 2235 2489 2290 acerbo
2554 2235 2934 2306 prosequentis
2956 2274 2969 2298 ,
3005 2233 3209 2290 exarsit
3233 2235 3342 2287 ιη-

129 2321 353 2382 cundia,
371 2321 638 2390 iussitque
665 2325 814 2380 urbis
837 2326 1147 2397 praefectum
1171 2345 1362 2400 capere
1385 2331 1688 2394 universos,
1727 2330 1821 2400 qui
1853 2329 2208 2384 interfuerant
2246 2328 2648 2400 supplicationi.

201 2411 330 2466 σλδ⁴.
369 2413 742 2486 Καταδραμὼν
775 2417 867 2471 οὖν
898 2421 927 2473 ό
954 2417 1190 2489 ἔπαρχος
1237 2420 1337 2487 τῆς
1383 2420 1682 2490 λεωφόρου,

129 2503 438 2575 ἐκράτησεν
472 2505 712 2572 ἱκανοὺς,
739 2508 834 2560 καὶ
858 2508 916 2559 ὲν
940 2507 1020 2576 τῷ
1050 2508 1404 2579 δεσμωτηρίῳ
1448 2508 1683 2562 ἐνέκλει-

133 2611 224 2648 σεν
247 2609 264 2626 ο
295 2596 356 2646 ὲν
381 2588 462 2657 οἷς
489 2597 581 2648 καὶ
610 2595 777 2648 παῖδά
802 2613 922 2650 τινα
945 2596 1055 2649 τῶν
1077 2597 1304 2665 πρώτων
1330 2599 1425 2666 τῆς
1456 2585 1680 2664 πόλεως,

128 2688 258 2743 ὡσεὶ
285 2689 429 2742 ῑτῶν
453 2689 856 2753 πεντεκαίδεκα,
884 2692 1083 2761 ὡραῖον
1105 2690 1180 2761 τῷ
1205 2691 1388 2745 κάλλει
1415 2693 1507 2746 καὶ
1531 2693 1683 2763 ἀμώο

128 2797 299 2850 μητον
337 2781 565 2850 σφόδρα,
583 2781 806 2850 ὀνόματι
830 2782 1104 2854 Θεόδωρον
1127 2799 1142 2815 ο
1174 2783 1232 2836 ὃν
1259 2785 1352 2837 καὶ⁵
1378 2785 1680 2856 προσήνεγ-

127 2889 229 2926 καν
279 2871 628 2954 τῷλγεμόνι
687 2872 934 2940 λέγοντες
978 2873 1192 2946 μεγάλῃ
1241 2875 1306 2944 τῇ
1351 2874 1508 2945 φωνῇ
1545 2876 1680 2944 Χρι-

1857 2416 1984 2471 254.
2033 2416 2326 2473 Praefectus
2368 2419 2546 2502 itaque
2580 2419 2646 2473 ad
2679 2417 2852 2473 forum
2882 2419 3208 2474 contendens
3240 2436 3338 2490 pu~

1791 2507 2008 2573 blieum,
2032 2511 2453 2580 comprehensos
2482 2523 2653 2580 quam.
2675 2509 2934 2578 plurimos
2962 2511 3164 2564 carceri
3193 2525 3345 2563 man-

1791 2599 1989 2667 cipavit
2032 2616 2045 2651 :
2091 2613 2231 2668 quos
2269 2599 2408 2653 inter
2446 2601 2832 2654 numerabatur
2878 2600 3160 2669 praecipuae
3199 2601 3345 2655 nubi.

1790 2680 1956 2740 litatis
1982 2701 2115 2755 puer
2143 2701 2402 2741 annorum
2426 2689 2644 2743 circiter
2670 2675 3002 2757 quindecim,
3025 2687 3350 2760 Theodorus

1788 2777 2031 2841 nomine,
2073 2776 2244 2832 forma
2278 2777 2475 2847 insigni
2523 2787 2576 2832 et
2627 2777 3002 2830 vita~omnino
3049 2759 3336 2846 inculpata.

1788 2865 1944 2921 llunc
2021 2881 2142 2921 cum
2219 2867 2470 2931 lictores,
2544 2882 2737 2935 magna
2789 2881 2920 2920 voce
2978 2856 3339 2922 exclamantei

125 2963 346 3018 στιανδν
366 2964 554 3016 ἑαυτὸν
571 2963 924 3033 ὀνομάζοντα,
948 2965 1038 3018 καὶ
1063 2963 1245 3018 δοῦλον
1265 2966 1498 3036 Χριστοῦ
1522 2960 1680 3019 εἶναι.

1785 2953 2149 3021 Christianum
2189 2971 2308 3012 esse
2375 2966 2424 3011 et
2477 2955 2678 3011 Christi
2731 2955 2989 3010 famulum
3051 2972 3107 3011 se
3161 2958 3340 3027 appel-

123 3054 330 3108 Τοῦτον
363 3054 530 3109 πολλὰ
553 3057 885 3126 παραινέσας
929 3058 957 3109 ὁ
999 3055 1234 3128 ἔπαρχος
1263 3058 1558 3128 ἀποστῆναι
1583 3060 1681 3128 τῆς

122 3146 385 3214 ἀληθείας
433 3148 533 3198 οὐκ
583 3145 822 3200 ἔπεισεν.
882 3147 972 3208 Ὧς
1021 3146 1078 3200 δὲ
1130 3146 1456 3202 ἀπειθοῦντα
1510 3147 1678 3218 ἑώρα,

120 3234 417 3301 ἐκέλευσεν
467 3234 626 3288 αὐτὸν
676 3235 766 3286 ἐπὶ
803 3233 895 3287 τοῦ
944 3234 1100 3299 ξύλου
1151 3231 1539 3306 ἀναρτηθῆναιζ
1588 3237 1682 3289 καὶ

121 3325 342 3391 ξέεσθαι
373 3321 464 3380 καὶ
500 3325 804 3390 αἰκίζεσθαι
829 3339 843 3355 ο
877 3325 1042 3378 πολλὰ
1073 3323 1165 3380 οῦν
1194 3327 1341 3380 δεινά
1385 3316 1682 3397 ὑπομείνας

118 3418 214 3470 ἀπὶ
241 3416 339 3470 τοῦ
370 3415 524 3480 ξύλου
561 3417 928 3485 κρεμάμενος.
964 3415 1096 3484 πρὸς
1133 3417 1369 3483 ἑσπέραν
1415 3418 1470 3470 δὲ
1517 3435 1680 3493 κατε-

115 3507 335 3578 νεχθεὶς
365 3506 472 3560 ἀπὸ
501 3505 592 3558 τοῦ
623 3505 800 3570 ξύλου,
828 3506 1026 3578 ἐϐλήθη
1055 3510 1130 3567 εἰς
1157 3508 1420 3578 φυλακήν.
1446 3498 1680 3580 Ποιήσας

114 3597 210 3655 οὖν
241 3581 472 3668 ἡμέρας
498 3597 634 3668 μετὰ
686 3599 901 3651 πάντων
933 3598 1040 3650 τῶν
1073 3598 1190 3651 τότε
1241 3601 1680 3670 κατασχεθέντων

115 3690 178 3762 ιν
211 3689 294 3758 τῷ
325 3687 824 3757 δεσμωτηρίῳ,.καὶ
847 3686 938 3740 τοῦ
985 3689 1298 3760 παρανόμου
1331 3691 1540 3743 ἐκείνου
1583 3691 1680 3762 βα-

115 3777 315 3840 σιλέως
355 3771 412 3828 ἐν
455 3775 531 3846 τῷ
567 3775 787 3853 πολέμῳ
816 3771 1210 3846 ἀναιρεθέντος,
1254 3778 1494 3848 ἀπελύθη
1542 3779 1680 3850 μετὰ

115 3855 478 3922 πάντωντῶν
516 3869 573 3920 ὲν
605 3855 819 3936 δεσμοῖς
859 3867 1284 3937 καθειρχθέντων
1335 3871 1426 3923 καὶ
1465 3872 1492 3922 ό
1521 3871 1680 3925 σεόἀ-

117 3975 284 4028 σμιος
316 3948 473 4022 οὗτος
523 3959 672 4037 παῖς.
707 3958 796 4020 Ὦς
845 3955 936 4013 οὖν
985 3961 1065 4022 εἰς
1102 3959 1169 4013 τά
1211 3961 1384 4013 οἰκεῖα
1439 3960 1674 4028 ἐγένετο,

114 4050 558 4121 ἠρώτων-αὐτὸν,
585 4051 636 4102 οῖ
663 4068 722 4103 τι
767 4049 932 4117 φίλοι,
963 4052 1057 4104 καὶ
1095 4053 1143 4104 οἱ
1176 4055 1475 4120 συγγενεῖς,
1504 4054 1595 4106 καὶ
1629 4055 1678 4106 ol

112 4142 410 4217 ὁμοήλικοι
438 4141 599 4194 αὐτοῦ
652 4143 792 4217 μετά
840 4144 947 4195 τῶν
987 4143 1208 4210 γονέων,
1257 4144 1677 4211 καταφιλοῦντες

112 4229 182 4282 τὰ
211 4213 508 4300 τραύματα
533 4213 698 4282 αὑτοῦ
725 4231 816 4283 καὶ
839 4221 1085 4298 λέγοντες
1111 4231 1260 4300 αὐτῷ
1282 4247 1295 4260 ·
1329 4232 1393 4283 Τί
1418 4233 1673 4305 ῂσθάνρυ,

1789 3047 1923 3110 lare,
1953 3050 2017 3102 ad
2047 3050 2350 3128 praefectum
2380 3048 2748 3113 adduxissent,
2785 3050 2968 3103 multis
2998 3049 3094 3128 hic»
3112 3053 3336 3107 suadere

1786 3149 2014 3194 conatus
2060 3124 2172 3205 est,
2208 3151 2264 3195 ut
2314 3155 2344 3195 a
2397 3141 2624 3194 veritate
2668 3139 3025 3204 descisceret;
3065 3124 3156 3194 sed
3207 3143 3334 3196 nihil

1786 3231 2073 3300 persuasit.
2110 3229 2282 3285 Jussit
2315 3231 2492 3300 itaque
2519 3233 2855 3285 constantem
2893 3231 2944 3284 in
2979 3231 3081 3285 fide
3115 3247 3334 3302 puerum

1785 3321 1840 3374 in
1895 3321 2035 3386 ligno
2101 3322 2335 3388 extendi,
2393 3322 2617 3374 lacerari
2675 3331 2726 3375 et
2790 3324 3101 3378 Verberibus
3157 3326 3338 3378 multis

1787 3403 1954 3474 caedi;
1991 3425 2224 3479 cumque
2270 3415 2350 3464 sic
2377 3414 2646 3481 pendulus
2680 3414 2846 3466 multa
2876 3415 3205 3482 pertulisset,
3237 3421 3338 3471 sub

1788 3497 2060 3568 vesperam
2095 3502 2289 3570 deponi
2335 3512 2388 3556 et
2433 3503 2486 3556 in
2516 3517 2786 3557 carcerem
2826 3506 3040 3574 conjici.
3087 3505 3340 3561 Latuerat

1786 3589 1905 3644 istic
1935 3588 2213 3660 aliquanto
2245 3601 2487 3662 tempore
2535 3595 2854 3649 venerabilis
2894 3613 3024 3665 puer
3053 3611 3180 3650 cum
3213 3599 3336 3651 aliis

1783 3681 2028 3749 captivis,
2083 3668 2298 3751 quando
2329 3686 2572 3738 nmrtiata
2599 3687 2964 3740 scelestissimi
2998 3688 3336 3756 imperatoris

1785 3769 1845 3827 in'
1874 3774 2012 3827 bello
2041 3774 2166 3848 caesi
2209 3776 2402 3838 morte,
2435 3790 2623 3830 omnes
2657 3791 2686 3829 e
2712 3779 2932 3830 ca’rccre
2963 3777 3166 3832 dimissi
3194 3790 3246 3832 et
3283 3782 3335 3834 in

1784 3864 2076 3918 libertatem
2096 3865 2318 3917 restituti
2339 3851 2467 3919 sunt
2489 3865 2619 3935 (46).
2647 3864 2904 3921 Veniente
2931 3869 3147 3936 domum
3180 3885 3334 3924 suam

1783 3951 2069 4008 Theodoro
2113 3965 2335 4018 nostro,
2365 3971 2512 4022 .mux
2561 3957 2815 4010 advolant
2855 3959 3103 4023 sodales,
3141 3961 3332 4022 amici,

1783 4047 2190 4117 consanguinei,
2217 4059 2502 4116 parentes;
2527 4049 2913 4109 deosculantur
2940 4051 3181 4110 vulnera.
3213 4067 3334 4119 prr-

1784 4146 2106 4191 cunctantur
2135 4154 2148 4190 :
2197 4136 2330 4201 Quid
2364 4138 2610 4191 dolorum
2640 4140 2877 4204 sensisti,
2912 4140 3127 4194 domine
3159 4140 3334 4194 Theo-

1786 4227 1937 4292 dore,
1963 4244 2084 4280 cum
2120 4243 2287 4282 sacrie
2325 4229 2375 4282 in
2407 4230 2590 4299 eculeo
2613 4229 2859 4296 suspensi
2889 4245 3075 4283 carnes
3105 4243 3204 4283 tua:
3236 4247 3333 4281 un-

112 4321 555 4400 κύριυθεόδωρε,
580 4322 737 4393 ἡνίκα
770 4324 826 4375 ἐν
856 4323 932 4394 τῷ
962 4323 1100 4394 ξύλῳ
1139 4325 1428 4394 ὲκρέμασο,
1463 4326 1556 4378 καλ⁵
1583 4321 1676 4390 τὰς

1785 4318 1918 4388 gulis
1958 4320 2340 4374 laniabantur?
2383 4319 2484 4375 Sed
2515 4324 2694 4374 renuit
2727 4321 2813 4374 ille
2843 4337 2959 4389 quae
2993 4334 3140 4390 gesta
3179 4332 3332 4376 erant

110 4415 290 4483 ἁγίας
319 4412 518 4476 ταύτας
545 4416 749 4483 σάρκας
774 4417 880 4476 τοῖς
908 4415 1054 4478 δνυξι
1079 4415 1504 4486 διεσπαράττου’;
1544 4417 1600 4470 '0
1621 4417 1677 4469 δὲ

108 4505 380 4557 ἀνένευσε
413 4487 506 4555 τοῦ
551 4503 948 4572 διηγήσασθαιο
979 4504 1145 4556 πο).λά
1188 4522 1246 4556 τε
1290 4505 1678 4574 παρακληθεὶς,

112 4594 276 4664 μόλις
305 4574 490 4654 όὺτοῖς
515 4593 583 4644 τὰ
612 4592 832 4645 τοιαῦτα
855 4594 1362 4664 διηγήσατολέγων’

182 4687 327 4741 σλεθ.
371 4683 512 4750 Ἐγὼ
537 4686 626 4738 ὅτε
675 4687 734 4737 ὲν
758 4685 833 4754 τῷ
878 4686 1019 4752 ξύλῳ
1047 4685 1358 4757 ἀνηρτήθην
1413 4688 1505 4740 xxi.
1547 4685 1676 4758 [τῶν

109 4777 342 4846 σαρκῶν
369 4791 468 4845 μου
487 4777 532 4828 οἱ
564 4775 775 4847 ὄνυχες]
806 4775 1117 4844 ἀπήρξαντο
1139 4773 1422 4840 ἅπτεσθαι,
1454 4776 1514 4828 τδ
1540 4790 1670 4828 κατ-

104 4872 294 4940 αρχὰς
359 4867 544 4937 βιαίως
567 4867 802 4940 ἐφερον,
847 4872 937 4920 καὶ
983 4868 1216 4937 ἐμαυτὸν
1253 4867 1674 4938 παραμυθούμε-

180 5042 256 5075 ⁹⁹⁶
299 5040 444 5096 Psal.
479 5057 618 5107 xcvr,
647 5043 700 5098 7.

184 5202 308 5274 (46)
347 5200 616 5274 Hactenus
671 5203 782 5257 fere
835 5201 1084 5259 Socrates
1133 5205 1225 5259 lib.
1275 5221 1373 5274 ιιι,
1416 5221 1532 5274 rap.
1575 5206 1676 5272 l9;

103 5273 494 5333 Sotornenus,
533 5273 624 5325 lib.
663 5288 714 5335 ν,
764 5288 883 5342 cap.
917 5275 982 5328 19
1022 5285 1075 5328 et
1103 5274 1208 5339 20;
1261 5273 1630 5330 Tlieodoi‘etus
1655 5313 1669 5336 ,

105 5345 207 5398 lib.
245 5357 310 5394 Ill
336 5379 349 5402 ,
398 5357 540 5413 capt
558 5341 634 5413 Δ10
667 5352 717 5395 ct
744 5341 864 5413 _ll-,
909 5353 962 5397 et
1001 5343 1332 5413 Nicepborus
1378 5345 1667 5404 Callistus.

105 5416 208 5468 lib.
242 5428 279 5465 ι
311 5449 327 5472 ,
361 5415 480 5478 cap.
515 5409 604 5463 28.
635 5428 700 5451 -'-
731 5410 930 5466 Omnes
963 5430 1084 5466 vero
1117 5409 1337 5474 dicunt,
1389 5415 1675 5479 ipsumtnet

110 5483 398 5552 lulianum
461 5495 623 5532 suasu
679 5481 914 5550 praefecti
971 5483 1165 5543 dimitti
1225 5498 1412 5536 omnes
1465 5485 1673 5552 Vinetus

100 5551 387 5621 jussisse,
417 5563 482 5599 ne
511 5565 701 5621 eorum
733 5553 1032 5604 constantia
1076 5553 1248 5618 majus
1284 5558 1536 5620 probrum
1571 5553 1670 5609 sibi

109 5616 461 5675 coiiciliatet.
510 5616 706 5682 Quidni
759 5629 933 5675 tamen
1005 5616 1356 5688 Theodorus,
1419 5631 1671 5691 tanquam

1779 4424 2069 4475 enarrare;
2108 4412 2280 4463 donec
2304 4409 2485 4462 tnultis
2521 4409 2781 4462 instanter
2813 4418 3052 4476 rogatus,
3091 4409 3173 4460 vix
3211 4418 3329 4461 tan-

1779 4499 1897 4553 dem
1936 4500 2009 4554 ita
2043 4501 2294 4569 proloqui
2334 4501 2495 4568 erepit
2525 4517 2538 4554 :

1848 4686 1975 4739 253.
2012 4684 2282 4752 Principio
2325 4700 2446 4739 cum
2499 4699 2527 4738 e
2575 4685 2722 4753 ligno
2767 4699 3087 4753 suspensum
3139 4687 3328 4742 durius

1783 4788 2015 4831 tractare
2045 4793 2108 4831 ac
2143 4778 2348 4831 laniare
2381 4775 2592 4844 ungulis
2622 4776 2968 4845 incipiebant,
3003 4777 3326 4843 permoleste

1773 4869 2024 4937 equidem
2071 4868 2287 4922 dolores
2337 4867 2471 4930 tuli,
2526 4880 2719 4936 meque.
2758 4868 2870 4935 ipse
2910 4866 2991 4920 sic
3043 4858 3354 4936 alloquens

1785 5206 1905 5260 aliis
1939 5207 2222 5260 nocentior
2251 5243 2267 5269 ,
2319 5213 2555 5258 retentus
2587 5202 2639 5256 in
2675 5217 2894 5263 carcere
2934 5203 3133 5258 fuerit?
3159 5201 3316 5258 Certe

1777 5278 2066 5342 scriptores
2099 5277 2168 5328 illi
2201 5276 2368 5328 solam
2403 5275 2596 5325 habent
2624 5275 2863 5326 historiae
2891 5276 3176 5341 epitomen,
3199 5289 3319 5342 quse

1774 5345 1858 5398 hic
1891 5341 2164 5414 prolixius
2223 5344 2389 5414 multo
2435 5341 2794 5406 describitur,
2851 5358 2969 5414 cum
3023 5341 3311 5414 elogio?”

1771 5412 2038 5481 pra-dictis
2073 5413 2380 5466 auctoribus
2405 5423 2638 5481 sumpto,
2665 5413 2903 5481 quoil_sic
2933 5412 3270 5463 concluditur
3296 5428 3310 5461 :

1777 5477 1794 5532 ἰ
1847 5483 1938 5535 His
2002 5485 2245 5550 per-artis,
2290 5480 2487 5550 impius
2532 5477 2753 5547 quidem
2801 5477 3047 5532 Julianus
3103 5487 3310 5531 tuuesta

1773 5563 1944 5604 morte
1999 5549 2158 5603 vitam
2211 5550 2352 5615 apud
2408 5549 2597 5602 Persas
2654 5550 2857 5612 finivit,
2922 5560 3138 5601 sanctus
3189 5562 3312 5597 vero

1772 5619 2085 5676 Theodorus
2129 5625 2182 5673 in
2228 5618 2456 5689 Domino
2497 5620 2839 5686 requiescens
2891 5621 3104 5686 gavisus
3148 5625 3250 5670 est.
3284 5630 3306 5668 δ
