3960 6344
1119 232 1304 246 ’-ιιι-νι-

679 345 778 408 891
1142 412 1146 414 _
2099 335 2468 398 manus.
2707 285 2720 306 ’
3723 351 3794 414 ω

571 507 574 512 .
669 455 864 512 Osonii
895 454 1090 521 linguae
1116 412 1360 506 Arabicae
1389 451 1698 522 professore
1731 450 2074 522 dignissimo,
2103 449 2266 504 vitam
2308 462 2412 502 ms.
2451 445 2699 518 Eutychii
2729 446 2898 532 nostri
2929 447 2999 502 ob
3026 448 3118 504 lbn
3145 449 3243 505 Abi
3270 449 3498 507 Osaibea
3528 412 3797 516 laborastis.

673 561 765 606 no,
795 546 934 597 inter
966 540 1114 597 Vitas
1143 541 1381 595 Arabum
1415 541 1504 609 qui
1531 539 1797 594 medicina
1829 541 1984 604 (nam
2025 546 2080 591 et
2137 535 2380 590 medicus
2417 541 2534 588 erat
2570 534 2797 602 insignis
2826 533 3152 604 Eutychius)
3196 539 3438 592 claruere
3495 541 3736 606 scriptam.
3763 552 3799 598 ιι

671 646 733 683 ea
765 631 902 682 idem
934 627 1071 690 dies,
1105 628 1330 688 mensis,
1363 642 1424 680 ac
1458 625 1588 679 feria
1619 626 1827 689 eadem,
1862 625 2133 677 natalibus
2163 623 2281 692 ejus
2329 625 2610 678 tribuitur.
2643 625 2832 679 Annus
2867 639 2993 678 vero
3026 628 3238 680 interim
3282 628 3352 682 ibi
3382 637 3462 682 est
3494 629 3594 682 ἥδ
3635 628 3802 700 Hegire.

673 731 782 809 Sed.
830 731 1030 784 librarii
1081 743 1256 815 error,
1287 738 1368 783 est
1439 725 1905 815 manifestusnlﬁt
1971 743 2082 815 pro
2129 731 2302 815 τηεψ
2359 731 2668 791 vicesimus,
2728 731 2882 799 plane
3157 735 3502 801 sexagesimus
3567 733 3806 796 legendum.

672 817 876 869 Auctor
905 815 992 869 ille
1041 815 1174 868 alias
1232 814 1429 868 dicitur
1485 815 1601 867 Abtt
1656 812 1940 881 Elaighbas
1994 812 2228 867 Achmed
2254 813 2360 868 Ben
2387 816 2600 877 Casem,
2622 831 2777 884 quem
2807 812 3052 873 eumdem
3071 817 3318 871 existimo
3339 834 3458 873 esse
3484 837 3600 875 cum
3624 820 3713 873 Ben
3736 821 3808 874 Ca-

675 917 787 958 sem
828 903 1066 956 virorum
1102 902 1391 954 illustrium
1416 900 1658 955 Vitarnm
1693 912 1916 952 auctore
1948 901 2237 968 aliquoties
2261 900 2426 953 citato
2474 915 2501 951 a
2558 899 2804 954 Gabriele
2862 912 2914 955 et
2940 900 3146 957 Joanne
3172 902 3451 958 Maronitis
3477 907 3529 959 in
3556 910 3813 962 tractatuje

673 994 835 1049 rebus
867 991 1230 1046 Orientalibus
1248 991 1595 1061 Geograpbia:
1624 991 1881 1044 Nubiensi
1915 992 2177 1045 subnexo.
2225 989 2432 1046 Floruit
2468 991 2553 1044 hic
2595 992 2694 1045 sub
2728 1008 2926 1046 annum
2947 993 3142 1062 hegira:
3165 994 3286 1058 6l0,
3323 1010 3415 1048 seu
3441 1011 3632 1052 annum
3665 999 3814 1053 Christi

677 1081 832 1135 1212.
869 1081 1028 1132 Anno
1061 1095 1252 1149 nempe
1314 1079 1488 1133 atatis
1524 1093 1633 1146 suae
1682 1079 1746 1130 37
1796 1084 2042 1131 mortuus
2077 1093 2184 1141 est,
2228 1087 2370 1133 anno
2396 1080 2591 1145 hegira
2624 1077 2749 1142 (illi,
2809 1081 2901 1148 qtti
2941 1079 3140 1134 Christi
3186 1090 3270 1137 est
3309 1082 3462 1136 1220.
3520 1083 3675 1152 Igitur
3701 1097 3817 1141 natas

673 1179 756 1224 est
777 1167 1074 1238 Eutychius
1112 1166 1306 1220 Carolo
1332 1166 1497 1221 Calvo
1523 1164 1855 1226 Occidentis,
1888 1163 2086 1218 Basilio
2119 1163 2356 1218 Orientis
2388 1165 2824 1231 imperatoribus,
2851 1173 2904 1219 et
2928 1166 3146 1220 All’redo
3167 1181 3289 1235 rege
3322 1168 3544 1236 Anglic,
3569 1174 3818 1238 patriarcha

675 1253 1042 1309 Alexandrino
1070 1259 1198 1306 tunc
1225 1251 1500 1306 Michaele.
1540 1251 1673 1304 Dum
1707 1261 1886 1304 autem
1921 1251 2180 1318 temporis
2216 1250 2361 1303 hunc
2405 1252 2832 1323 qualemcunque
2862 1249 3126 1307 calculum
3150 1265 3213 1306 es
3243 1248 3822 1323 Arabismo'an‘erituus,

675 1339 821 1394 subit
856 1339 910 1393 in
945 1346 1178 1391 mentem
1214 1338 1343 1391 illud
1373 1337 1670 1403 Landulphi
1694 1336 1913 1404 Sagacis
1941 1335 2007 1388 de
2048 1325 2259 1390 sumina
2295 1347 2456 1402 atque
2493 1322 2734 1388 inaudita
2768 1336 3084 1390 numerandi
3125 1337 3359 1400 inscitia,
3387 1353 3548 1407 quam
3586 1322 3823 1404 Arabibus,

674 1436 894 1479 auctore
917 1425 1165 1478 Grzecnlo
1190 1423 1391 1490 aliquo,
1433 1423 1678 1490 imputat.
1709 1424 1797 1476 Ait
1826 1438 2038 1490 nempe,
2075 1423 2215 1477 libro
2242 1422 2313 1476 ΞΟ
2359 1421 2498 1485 Ulid,
2529 1436 2624 1475 seu
2665 1420 2840 1475 Walid
2875 1420 3138 1490 Cltalifatn
3169 1422 3336 1494 Syria
3372 1425 3688 1491 prohibuisse
3707 1427 3828 1479 scribi

676 1513 854 1568 Cra'ce
881 1511 1107 1578 publicos
1137 1511 1411 1580 logotltesii,
1443 1511 1660 1574 codices,
1709 1512 1799 1564 sed
1833 1513 1884 1564 in
1916 1511 2153 1564 Arabicis
2182 1508 2428 1562 annotari
2469 1507 2576 1559 sine
2604 1517 2870 1573 computo:
2911 1511 3176 1576 quoniam,
3223 1510 3306 1564 sic
3335 1510 3441 1576 ille,
3473 1512 3828 1578 intpos‘sibilees

676 1602 886 1653 il'orum
918 1599 1095 1665 lingua
1126 1599 1420 1660 ntonadern,
1453 1599 1528 1650 vel
1551 1597 1878 1662 dualitatent,
1903 1607 1994 1649 aut
2023 1598 2328 1659 trinitatem,
2359 1602 2448 1647 aut
2475 1603 2590 1647 octo
2610 1603 2659 1646 et
2696 1593 2993 1657 dimidium,
3049 1605 3140 1648 aut
3163 1598 3264 1650 tria
3295 1596 3472 1662 scribi,
3505 1607 3704 1665 propter
3724 1600 3826 1666 quod

671 1697 721 1739 et
745 1700 906 1752 usque
954 1685 1106 1737 hodie
1151 1693 1269 1736 sunt
1309 1684 1502 1735 notarii
1527 1682 1830 1737 Christiani.
1873 1681 1948 1735 Ita
1973 1684 2023 1735 in
2066 1684 2222 1737 rebus
2270 1681 2560 1736 Justiniani
2595 1679 2924 1736 Rhinottneti
2983 1696 3075 1736 seu
3123 1683 3226 1738 sub
3256 1699 3455 1739 annum
3521 1685 3713 1739 Christi
3755 1686 3828 1738 700

674 1766 1046 1836 L:mdulphus.
1081 1768 1182 1822 Sed
1221 1770 1407 1823 mirari
1449 1770 1582 1823 satis
1617 1783 1846 1837 nequeo,
1895 1769 2162 1820 undenatn
2209 1766 2311 1822 hoc
2357 1778 2722 1823 commentum
2758 1769 2932 1836 primo
2977 1777 3183 1823 natum.
3233 1769 3570 1828 llanil’estius
3627 1774 3828 1826 nihilest

616 1890 623 1897 -
675 1873 834 1925 quam
868 1872 973 1909 non
999 1857 1171 1910 solum
1205 1857 1257 1910 in
1289 1855 1520 1908 Arabum
1554 1855 1731 1922 lingua
1755 1853 1964 1907 Walide
2027 1855 2126 1907 huc
2185 1855 2499 1918 vetustiore,
2532 1862 2692 1924 upote
2721 1856 2883 1908 etiam
2921 1856 2974 1908 in
3000 1855 3340 1916 Alcoranica.
3366 1858 3684 1912 numerandi
3708 1861 3832 1912 ratio-

676 1959 794 1995 m-m
827 1942 1050 2011 pariter,
1073 1951 1131 1996 ut
1157 1942 1356 2009 linguis
1381 1943 1432 1995 in
1467 1941 1606 2000 aliis.
1638 1941 1886 2008 exprimi.
1916 1956 2099 1995 rerum
2133 1941 2292 1994 etiam
2348 1941 2511 2005 ipsas,
2543 1939 2741 2007 quibus
2786 1941 2989 1995 utimur
3023 1931 3292 2010 Europai,
3328 1941 3525 2009 ﬁguras
3566 1945 3831 1998 numerals:

674 2029 1076 2096 operationibus
1096 2027 1610 2082 aritluneticis-adeo
1636 2025 2032 2088 accommodas,
2071 2040 2206 2094 quas
2236 2026 2542 2079 barbaricas
2573 2026 2969 2093 appellitamtts,
3006 2014 3073 2081 ab
3092 2027 3329 2082 eis‘oliut
3367 2037 3550 2084 mutuo
3578 2029 3831 2098 Europaei

674 2119 970 2183 accepisse,
997 2131 1095 2169 nec
1119 2116 1190 2168 ita
1219 2115 1383 2168 multo
1410 2115 1564 2167 aliter
1593 2128 1622 2166 a
1654 2113 1810 2166 nobis
1835 2114 2126 2166 etiamnum
2155 2128 2313 2181 quam
2345 2113 2411 2165 ab
2455 2111 2564 2165 illis
2592 2110 2868 2166 formatas.
2897 2111 2961 2165 Et
3004 2111 3322 2168 Guilieltntts
3383 2114 3838 2170 \lalmesburientis
3866 2163 3868 2166 .

675 2202 768 2260 lib.
787 2223 823 2260 ιι
859 2208 930 2260 De
953 2207 1120 2261 Gestis
1143 2223 1316 2275 regum
1341 2206 1560 2274 Anglice,
1584 2218 1702 2272 cap.
1737 2203 1823 2268 ιο,
1862 2204 1948 2258 ubi
1980 2203 2243 2264 Gerberti,
2277 2212 2458 2272 postea
2506 2204 2749 2258 Silvestri
2778 2221 2926 2279 papzr
2953 2204 3142 2274 (quem
3169 2216 3343 2261 tamen
3375 2206 3463 2260 ille
3486 2208 3742 2262 Joannem
3767 2205 3832 2260 XV
3867 2227 3872 2272 ε

677 2307 966 2360 perperam,
1003 2291 1162 2358 facit)
1199 2292 1470 2344 historiam
1523 2291 1815 2351 intertesit,
1844 2305 1966 2342 etttn
2015 2289 2089 2342 ait
2121 2290 2345 2357 primum
2379 2307 2411 2343 a
2447 2287 2721 2344 Saracenis
2773 2290 3003 2344 Abucum
3060 2293 3368 2360 rapientem,
3410 2293 3620 2362 regulas
3670 2293 3837 2347 dedisse

676 2394 790 2445 ante
827 2394 857 2429 a
889 2375 1200 2430 sudantibus
1235 2370 1493 2428 abaristis‘
1515 2377 1598 2428 vix
1638 2375 2009 2444 intelligantur.
2064 2373 2166 2428 Sed
2199 2376 2310 2431 haec
2337 2377 2529 2431 obiter.
3471 2376 3475 2380 ’

3829 2131 3868 2166 ι.

3829 2307 3837 2343 l

3829 2529 3839 2571 l

3829 2786 3844 2826 l

3829 2879 3844 2914 I

3829 2965 3845 3002 I

3829 3073 3845 3095 ι

3829 3223 3844 3258 I

3831 3333 3842 3354 Ι

3829 3394 3844 3429 1

3829 3481 3842 3513 ΓΙ

3829 3566 3844 3601 Γ

749 2521 990 2588 Dignitas
1016 2516 1265 2587 Eutychil
1300 2515 1468 2569 nostri
1503 2518 1744 2569 cernitur
1771 2523 1884 2567 turn
1935 2515 1985 2568 iu
2036 2519 2169 2570 artis
2205 2517 2487 2571 medicinae
2517 2518 2777 2588 singulari
2809 2533 2912 2589 qna
2945 2520 3144 2574 claruit
3176 2519 3337 2584 fama,
3381 2527 3493 2574 tum
3527 2522 3578 2573 in
3630 2520 3839 2574 rebuset

675 2605 954 2663 historicis
987 2613 1037 2658 et
1069 2603 1390 2671 theologicis
1421 2602 1621 2671 quibus
1656 2603 1938 2655 admodum
1974 2604 2181 2672 polluit.
2220 2603 2462 2671 adeoque
2494 2603 2546 2656 in
2583 2601 2800 2672 fastigio
2840 2604 2906 2658 ad
2942 2605 3086 2673 quod
3114 2613 3338 2662 evectus
3376 2615 3458 2660 est
3490 2607 3840 2674 patriarchali.

679 2681 955 2748 Medicum'
981 2690 1198 2760 quidem
1232 2689 1348 2757 ipse
1381 2703 1438 2741 se
1470 2688 1523 2740 in
1565 2687 1786 2755 scriptis
1818 2687 1931 2741 suis
1958 2702 2062 2740 non
2099 2687 2169 2739 ita
2196 2701 2320 2740 raro
2352 2688 2608 2756 appellat,
2641 2687 2856 2757 adjecto
2890 2691 3093 2744 nomini
3127 2705 3248 2755 sno,
3283 2690 3448 2759 quod.
3483 2691 3638 2754 iusta
3669 2691 3837 2748 Orien-

678 2779 866 2831 talium
901 2790 1126 2836 morem,
1157 2773 1386 2828 subinde
1413 2773 1624 2836 inserit,
1661 2772 1922 2824 vocabulo
1952 2771 2201 2824 medicus.
2235 2773 2300 2826 Et
2331 2773 2568 2828 Acbtned
2595 2773 2702 2828 Ben
2730 2776 2917 2830 Casem
2959 2776 3012 2829 in
3042 2774 3158 2828 Vita
3191 2777 3308 2843 ejus
3344 2794 3358 2830 :
3398 2775 3465 2829 Et
3507 2777 3736 2830 medicus
3764 2778 3844 2844 [uit

677 2865 898 2932 insignis
920 2901 935 2922 ,
972 2871 1080 2914 tum
1112 2861 1351 2913 tlteorica:
1394 2868 1503 2911 tum
1545 2861 1785 2927 practica:
1819 2858 2052 2925 ejusdem
2079 2859 2246 2925 partis
2280 2875 2499 2928 gnarus,
2533 2877 2596 2913 ac
2640 2871 2868 2928 tempore
2909 2878 3002 2915 suo
3032 2862 3332 2928 praeellens
3358 2863 3844 2932 ;.quemadodmu

685 2951 811 3003 item
841 2956 960 3002 erat
1010 2947 1178 3000 frater
1200 2945 1316 3009 eius
1363 2945 1430 2998 lsi
1457 2943 1549 2997 lbn
1585 2943 1768 2997 Batrik
1813 2945 2014 2996 dictus.
2075 2943 2364 2996 Seientiam
2401 2946 2853 3014 ejushistoricam
2893 2948 3096 3003 scimus
3142 2966 3204 3003 ex
3266 2951 3567 3006 Annalibus
3607 2950 3753 3018 ejus,
3791 2950 3845 3003 tis

679 3039 876 3106 quibus
917 3053 1062 3090 mox.
1103 3034 1433 3098 Theolognm
1465 3042 1644 3085 autem
1681 3033 1910 3086 subinde
1948 3033 2000 3084 in
2033 3031 2332 3087 Annalibus
2364 3023 2471 3085 illi-3
2504 3034 2613 3103 sglt
2645 3042 2884 3097 acutum,
2915 3034 3044 3088 dum
3095 3034 3149 3088 in
3181 3035 3433 3098 Arianos,
3481 3018 3845 3095 Nestoriauos.

681 3125 733 3178 id
767 3139 937 3192 genus
970 3121 1123 3181 alios.
1153 3131 1259 3173 tam
1289 3121 1482 3180 obiter,
1511 3119 1602 3172 sed
1640 3117 2001 3180 breviuscnle,
2033 3117 2305 3184 disputare
2344 3117 2456 3170 vult
2490 3133 2650 3186 quam
2681 3134 2766 3173 res
2791 3134 2976 3172 eorum
3022 3134 3262 3174 narrare.
3316 3121 3374 3174 lu
3418 3121 3737 3190 dignitatem
3769 3135 3845 3190 pa-

682 3211 1025 3265 triarchalem
1056 3219 1276 3262 evectus
1307 3214 1411 3269 est,
1441 3213 1562 3274 post
1607 3205 1815 3256 obitum
1867 3202 2202 3256 Cltristoduli
2260 3208 2582 3272 patriarchae
2619 3205 2990 3268 Alexandrini,
3026 3220 3200 3259 annos
3250 3215 3408 3261 natus
3456 3209 3666 3261 soleres
3718 3209 3844 3260 circa

679 3296 1072 3366 quinquaginta
1106 3305 1247 3346 octo.
1277 3289 1537 3344 Nimirum
1569 3303 1710 3342 anno
1759 3289 1956 3355 hegira:
1985 3288 2108 3349 Ml,
2141 3304 2231 3342 seu
2258 3291 2431 3358 primo
2461 3289 2761 3346 Chalil’atus
2797 3292 2984 3345 Kahiri
3029 3291 3182 3355 Billa,
3217 3293 3388 3346 laetus
3417 3304 3498 3347 est
3527 3293 3842 3361 patriarcha,

680 3384 769 3436 die
813 3381 846 3434 8
885 3379 1086 3432 mensis
1124 3377 1410 3446 Tzephari,
1456 3385 1513 3430 ut
1561 3376 1858 3443 expressim
1912 3382 2024 3427 tum
2074 3375 2180 3428 Ben
2208 3377 2422 3441 Casem,
2453 3386 2568 3428 tum
2614 3377 2910 3446 Eutychius
2954 3375 3093 3447 ipse.
3142 3377 3246 3432 Sed
3279 3379 3448 3431 altero
3480 3379 3532 3432 in
3559 3378 3844 3448 exemplari

683 3466 926 3533 Eutychii
956 3467 1101 3531 (nam
1133 3464 1275 3516 binis
1307 3463 1387 3514 usi
1419 3475 1629 3524 sumus,
1667 3468 1726 3513 ut
1757 3459 1933 3513 statim
1964 3458 2228 3526 dicemus)
2266 3463 2549 3516 manifesta
2592 3469 2673 3516 est
2714 3464 2765 3515 in
2812 3467 3052 3518 numeris
3085 3465 3182 3518 hac
3229 3464 3295 3518 de
3329 3479 3386 3517 re
3431 3463 3770 3533 depravatio.
3799 3462 3842 3516 In

681 3555 888 3610 calculo
920 3552 1136 3607 Juliano
1171 3551 1460 3618 respondet
1494 3563 1668 3602 annus
1706 3547 1903 3600 Christi
1930 3547 2034 3601 955
2063 3562 2126 3600 ac
2157 3548 2275 3605 dies
2302 3545 2582 3601 Februarii
2616 3557 2865 3621 octavus.
2899 3549 3048 3602 Sedit
3086 3549 3242 3603 annis
3290 3549 3572 3603 lunaribus
3597 3549 3630 3600 7
3665 3559 3844 3618 prater

681 3644 714 3697 6
747 3656 977 3705 menses,
1012 3637 1154 3708 quod
1192 3645 1419 3690 testatur
1452 3645 1558 3688 tam
1591 3633 1851 3702 Georgius
1878 3632 2210 3696 Ehnacinus,
2248 3641 2340 3684 aut
2367 3633 2644 3686 adnotatio
2675 3634 2722 3686 ei
2757 3633 2966 3700 adjecta
3001 3634 3036 3687 Ι.
3077 3648 3157 3696 ιιι,
3188 3648 3248 3687 c.-
3283 3634 3334 3695 l,
3362 3649 3522 3700 quam
3573 3632 3714 3687 Vita
3742 3635 3845 3702 ejus

683 3738 872 3782 auctor
897 3727 1005 3794 jam
1032 3733 1156 3778 ante
1186 3724 1386 3777 dictus.
1412 3721 1673 3775 Macarius
1713 3729 1828 3772 erat
1849 3727 1980 3772 tunc
2012 3719 2272 3787 temporis
2300 3717 2666 3772 Jacobitarum
2703 3731 2798 3772 seu
2831 3718 3292 3788 Eutychianorum
3319 3719 3390 3772 ibl
3419 3718 3752 3787 patriarcha,
3778 3716 3842 3771 uti

688 3813 776 3868 hic
806 3811 1246 3868 Orthodoxornm.
1282 3810 1372 3862 Sie
1397 3809 1539 3862 enim
1586 3809 1636 3860 in
1685 3807 1817 3860 urbe
1853 3803 1968 3866 illa,
2001 3805 2359 3858 seditionibus
2388 3804 2750 3866 deditissinta,
2794 3804 2886 3857 diu
2917 3807 3076 3858 etiam
3109 3816 3263 3858 antea
3291 3804 3623 3868 obtinuerat,
3659 3813 3720 3858 ut
3749 3812 3842 3857 tan

691 3895 957 3954 Ita-reticis
1008 3911 1172 3964 quam
1223 3895 1535 3949 orthodoxis
1591 3909 1725 3947 suus
1773 3903 1914 3949 esset
1947 3895 2020 3947 ibi
2086 3892 2396 3960 episcopus.
2431 3887 2563 3942 Vide
2624 3886 2986 3957 Nicephorum
3014 3888 3158 3943 Hist.
3195 3905 3283 3950 sv,
3314 3903 3364 3942 c.
3395 3888 3481 3942 16.
3515 3888 3581 3943 Et
3606 3887 3846 3944 Brevicu-

686 3989 792 4041 lum
834 3983 1075 4039 historia:
1126 3982 1674 4050 Eutychianistarum.
1721 3995 1814 4034 seu
1861 3978 2012 4033 Gesta
2057 3979 2118 4031 de
2167 3976 2373 4028 nomine
2423 3975 2621 4036 Acacii,
2666 3989 2787 4028 cum
2839 3977 3155 4042 pontiﬁcum
3197 3975 3564 4028 Romanorum
3607 3973 3845 4042 epistolis

687 4075 891 4140 aliqttot
922 4072 987 4122 ab
1014 4070 1219 4124 Jacobo
1254 4067 1541 4120 Sirmondo
1576 4067 1774 4119 dudum
1820 4066 1984 4125 edita,
2016 4079 2135 4131 pag.
2174 4062 2236 4115 16
2265 4080 2277 4114 :
2321 4059 2528 4112 Mortuo
2573 4059 2802 4127 print-ipe
2840 4060 3136 4119 Marciano,
3180 4059 3406 4113 collectis
3440 4059 3607 4112 turbis
3635 4060 3841 4114 ureti-

688 4177 886 4221 eorum,
924 4157 1221 4216 Timotheus
1267 4164 1315 4206 et
1367 4154 1546 4206 Petrus
1579 4153 1781 4204 veniunt
1825 4151 2223 4209 Alexandriam,
2273 4155 2321 4200 et
2348 4148 2626 4198 ordinatur
2681 4147 2744 4198 ab
2793 4149 3044 4199 hareticis
3092 4145 3387 4199 Timotheus
3422 4147 3716 4214 episcopus,
3753 4145 3844 4197 duo

690 4247 847 4313 igitur
877 4246 1014 4312 apud
1049 4243 1422 4295 Alexandriam
1451 4240 1670 4304 episcopi
1703 4254 1811 4290 esse
1841 4246 2122 4304 coeperunt.
2169 4234 2607 4288 Orthodoxorum
2637 4240 2762 4285 tunc
2787 4241 2900 4284 erat
2932 4233 3224 4286 Proterius.
3258 4230 3388 4284 Tam
3423 4247 3550 4286 vero
3595 4231 3845 4301 Georgius

692 4332 999 4385 Elmacinus
1031 4343 1189 4397 quam
1228 4325 1332 4377 Ben
1357 4324 1547 4376 Casem
1581 4326 1653 4374 ait
1687 4321 1913 4375 dissidia
1947 4321 2181 4386 viguiSSe
2207 4335 2314 4372 non
2351 4319 2482 4372 levia
2517 4322 2652 4372 inter
2686 4318 2998 4387 Etttychium
3029 4330 3080 4372 et
3107 4322 3310 4386 plebem
3359 4333 3537 4372 suam.
3572 4320 3842 4392 Diarrbaa

691 4416 905 4470 tandem
942 4415 1269 4467 laborantem
1301 4410 1634 4461 Alexandriae
1662 4424 1780 4460 eum
1816 4407 2015 4459 abiisse
2049 4419 2189 4456 anno
2225 4405 2420 4472 hegirae
2448 4406 2573 4466 528,
2605 4405 2692 4458 die
2737 4403 2876 4457 luna:
2910 4404 3001 4471 qui
3043 4413 3346 4471 postremus
3373 4415 3489 4458 erat
3516 4407 3721 4460 mensis
3750 4405 3845 4474 Bas

689 4502 829 4572 gebi.
861 4501 1075 4555 Initium
1108 4498 1232 4552 anni
1271 4496 1410 4548 illius
1440 4502 1554 4547 erat
1591 4495 1648 4546 I8
1679 4491 1923 4545 Octobris
1966 4491 2091 4542 anni
2124 4491 2320 4543 Christi
2354 4492 2477 4552 930,
2519 4489 2649 4544 feria
2701 4498 2860 4546 sexta
2886 4504 2979 4542 seu
3036 4491 3124 4542 die
3169 4488 3411 4544 Veneris.
3454 4489 3529 4542 ita
3569 4491 3620 4542 in
3645 4492 3843 4544 calculo

689 4590 902 4642 .luliano
931 4594 1176 4638 mortuus
1208 4591 1289 4635 est
1321 4582 1405 4634 die
1460 4580 1577 4632 Maii
1619 4579 1962 4639 duodecimo,
1995 4577 2120 4629 anui
2160 4575 2360 4629 Christi
2404 4575 2527 4639 940,
2575 4582 2856 4641 postquam
2893 4589 3063 4630 annos
3110 4574 3176 4626 63
3217 4581 3309 4628 aut
3346 4575 3566 4627 circiter
3607 4576 3842 4630 vixisset.

691 4665 1034 4742 tialiphatum
1078 4670 1246 4738 Syria:
1294 4675 1510 4720 tenente
1556 4665 1726 4718 Arado
1767 4664 1934 4716 Billa:
1973 4662 2211 4714 Romano
2255 4660 2527 4719 Orientis.
2581 4662 2775 4714 Ottone
2816 4659 3006 4727 Magno
3059 4662 3359 4715 Occidentis
3413 4662 3841 4730 imperatoribus.

694 4771 854 4829 atque
881 4758 1197 4811 Athelstanu
1233 4769 1354 4821 rege
1397 4754 1615 4820 Anglite.
1647 4752 1864 4805 Comvos
1891 4750 1962 4801 ita
1999 4749 2184 4801 habuit
2213 4748 2310 4799 Abi
2357 4746 2467 4798 llali
2516 4747 2620 4799 Ben
2672 4745 2864 4807 blucla,
2915 4747 3007 4814 qni
3063 4748 3266 4813 primus
3311 4747 3657 4814 elegantioris
3707 4749 3842 4814 apud

695 4849 898 4901 Arabas
926 4843 1193 4898 scribendi
1224 4843 1433 4908 gent-ris
1463 4852 1646 4891 auctor
1693 4837 1917 4894 exstitit,
1960 4844 2122 4899 atque
2171 4835 2508 4886 Albatenium
2540 4850 2636 4887 seu
2687 4835 3078 4901 Albategnium,
3113 4834 3161 4886 id
3196 4844 3276 4888 est
3307 4833 3675 4887 Mahumedem
3715 4838 3840 4887 Ara-

693 4946 955 4988 ett-nsem.
981 4931 1288 4981 Aratensent
1318 4925 1614 4992 Cupernieo
1645 4923 1872 4989 aliisque
1903 4924 2100 4974 dictum
2148 4929 2200 4972 et
2234 4921 2460 4971 subinde
2481 4921 2824 4979 Aracenscm.
2852 4920 3255 4986 celeberrimum
3283 4921 3428 4972 illntn
3452 4931 3817 4973 astronontum

695 5023 760 5071 de
787 5033 893 5085 quo
921 5018 1109 5083 legitur
1142 5015 1192 5065 in
1215 5012 1474 5064 Tzemach
1508 5010 1667 5063 David
1705 5025 1717 5060 :
1746 5007 1799 5059 Is
1831 5009 2016 5059 invenit
2047 5005 2202 5058 simul
2232 5015 2279 5056 et
2307 5007 2615 5057 instauravit
2645 5005 2901 5056 calculum
2930 5015 3166 5056 exactum
3187 5014 3235 5057 et
3270 5005 3473 5057 tabulas
3505 5004 3833 5067 astronomis,

692 5109 872 5173 quibus
889 5102 1218 5155 utunturiosi
1241 5115 1397 5166 usque
1439 5099 1490 5149 in
1519 5097 1651 5148 hunc
1682 5097 1812 5146 diem
1840 5096 1891 5145 in
1926 5104 2065 5145 ntoln
2115 5108 2228 5143 vero
2270 5092 2614 5157 snpputando.
2667 5090 2755 5142 Sic
2801 5089 2961 5142 David
3012 5091 3099 5142 ille
3148 5098 3284 5157 part.
3334 5105 3389 5146 tt.
3424 5105 3566 5143 anno
3605 5087 3840 5142 chiliadis

694 5194 894 5259 quintze
942 5189 1061 5246 655,
1111 5203 1203 5240 seu
1255 5184 1452 5237 Christi
1488 5184 1607 5236 875.
1640 5180 2025 5248 Alphonsinas,
2061 5188 2116 5230 ιιι
2152 5179 2380 5238 videtur,
2419 5176 2528 5226 vult
2584 5191 2646 5226 ex
2694 5175 2954 5226 Albatenii
2989 5175 3127 5227 libro
3161 5177 3223 5226 de
3284 5174 3536 5227 Scientiis
3570 5175 3836 5226 stellarum

698 5258 879 5346 (quem
916 5293 978 5329 ex
1019 5273 1249 5326 Arabico
1294 5271 1451 5324 vertit
1505 5271 1630 5323 olim
1692 5268 1843 5320 Plato
1888 5265 2224 5329 Tiburtinus)
2255 5270 2612 5316 COIISIl'llt‘laS.
2649 5259 2960 5312 Cote‘tanens
3010 5260 3134 5310 item
3172 5258 3438 5326 Eutyehio
3464 5268 3580 5312 erat
3627 5259 3836 5313 Photius

700 5343 1140 5430 archiepiscopus
1180 5356 1840 5425 Constantinopolitanus,
1889 5363 2074 5418 atque,
2123 5351 2195 5402 uti
2240 5350 2424 5401 volunt
2482 5347 2668 5413 aliqui,
2718 5345 3153 5413 Theobhylaetus
3198 5346 3480 5412 Bulgaria,
3529 5356 3602 5430 εει⁸
3639 5343 3836 5396 Vitellio

697 5425 940 5516 Optteus.
999 5425 1139 5500 Libri
1198 5447 1264 5499 ab
1317 5443 1574 5511 Eutychio
1634 5440 1816 5505 scripti
1885 5447 2012 5491 sunt
2081 5447 2312 5504 quatuor
2363 5451 2377 5485 :
2427 5432 2577 5482 Liber
2632 5432 2693 5481 de
2737 5433 3035 5493 medicina;
3083 5430 3231 5482 Liber
3292 5425 3834 5516 ltisputationisiuter

699 5513 991 5585 mei-uicum
1023 5543 1070 5583 et
1104 5531 1475 5589 Christianum,
1509 5527 1785 5578 ()rdin'atio
1815 5531 1904 5576 aut
1932 5521 2186 5578 Ordinata
2210 5518 2482 5584 dispositio
2510 5516 2756 5578 Gemmas,
2801 5533 2892 5568 Sull
2947 5517 3221 5569 Ordinatio
3253 5525 3344 5568 attt
3389 5514 3647 5566 Ordinata
3669 5513 3833 5576 dispe-

697 5619 814 5670 sitio
842 5630 929 5670 aut
960 5618 1244 5684 Syntngma
1281 5615 1585 5668 substantia:
1620 5615 1700 5680 (ut
1728 5611 1925 5678 pariter
1962 5606 2060 5660 fert
2094 5623 2190 5660 vox
2231 5604 2477 5669 Arabica)
2507 5619 2596 5656 seu
2641 5603 2924 5670 Syntngma
2964 5603 3369 5669 compendiosum
3396 5618 3413 5662 ,'
3438 5603 3602 5672 quasi
3648 5596 3834 5651 Held-
