3960 6344
141 356 242 420 893
1037 315 1043 321 ’
1505 352 1867 414 ANNALES.
2489 380 2492 384 -
3205 355 3306 418 sat

147 465 246 520 (est
297 463 602 519 historicum
640 471 1029 531 nuncupasset.
1068 460 1254 531 Neque
1277 462 1420 516 enim
1452 463 1645 516 eodem
1677 463 1939 517 vocabulo
1975 477 2073 531 pro
2103 478 2312 532 gemma
2359 479 2422 520 ac
2448 465 2756 521 substantia
2782 466 3011 533 (scilicet
3039 464 3299 532 Giantiar)

143 550 306 606 solum
338 560 561 604 utuntur
592 548 827 613 Arabes;
860 548 1210 603 verumetiam
1257 548 1382 603 ideo
1404 557 1654 610 utuntur.
1679 550 1806 618 quia
1839 559 1895 604 ut
1943 563 2172 618 gemma:
2222 549 2362 605 inter
2408 551 2618 620 reliqua
2666 553 2828 611 bona.
2874 553 2945 603 ita
2988 549 3306 604 substantia.-

115 631 275 697 inter
309 650 498 694 caetera
523 635 933 702 praedicamenta
965 635 1201 704 dignitas
1223 643 1310 689 est
1344 635 1793 690 eminentissima.
1836 635 1970 689 Nam
1997 635 2122 689 inde
2154 637 2396 700 nominis
2420 637 2534 691 inec
2560 637 2890 697 communio,
2918 643 2975 688 ut
3000 636 3300 709 cxpryssim

141 727 399 782 Averroes
429 723 484 783 in
514 721 757 788 Epitome
785 720 838 772 in
877 720 1041 773 libros
1076 719 1486 788 Metaphysic’es,
1534 728 1759 774 tractatu
1809 722 2003 790 primo.
2049 719 2284 786 Quartus
2353 723 2489 777 liber
2543 723 2810 792 Eutychin
2846 723 3100 782 tributus,
3132 729 3213 774 est
3236 723 3307 797 ide

139 816 282 869 rebus
307 809 498 865 Sicilire
531 816 803 877 postquam
828 822 860 860 α
891 803 1164 860 Saracenis
1213 816 1364 872 capta
1388 817 1484 866 est.
1516 809 1606 876 qui
1633 809 1684 860 in
1713 807 1969 875 Catalogo
2004 806 2350 862 Biblimhecte
2387 807 2680 862 Orientalis
2734 809 2832 862 viri
2869 805 3305 876 pt-mstantissimi

137 897 356 954 'l’bonne
383 894 618 962 Erpenii,
654 906 898 946 annexus
923 906 1044 946 esse
1072 890 1272 945 dicitur
1299 891 1544 947 llistorite
1566 895 1685 961 eius
1711 892 2112 951 ecclesiastica,
2150 893 2200 945 id
2229 902 2332 954 est.
2369 893 2610 947 Medulla:
2657 909 2818 960 quam
2869 895 3107 962 diximus
3141 892 3309 944 histo-

140 970 277 1036 riae.
310 979 590 1034 Librorum
629 991 768 1046 quos
819 976 1235 1051 memoravimus
1270 982 1380 1031 tres
1412 979 1638 1046 priores,
1673 979 1919 1031 meminit
1949 977 2188 1031 Achmed
2239 977 2349 1032 Ben
2387 978 2579 1032 Casem
2642 980 2750 1033 ille.
2787 979 2955 1032 Etiam
3003 981 3056 1032 in
3086 977 3301 1032 illorum

141 1069 318 1128 tertio,
355 1081 448 1128 seu
479 1063 705 1118 Medulla
741 1063 1011 1127 historica,
1041 1061 1338 1118 secundum
1370 1071 1635 1118 memorat
1677 1065 1791 1132 ipse
1825 1061 2148 1132 Eutychius.
2189 1063 2408 1117 Tertius
2438 1075 2616 1117 autem
2662 1066 2898 1118 Annales
2928 1065 3306 1132 complet-titur

141 1167 169 1211 a
197 1167 374 1206 rerum
405 1152 626 1204 conditu
659 1164 827 1218 usque
855 1149 906 1202 in
944 1166 1040 1204 sua
1070 1157 1310 1218 tempora
1348 1149 1645 1210 deductos;
1682 1149 1737 1203 in
1770 1149 1967 1218 quibus
2003 1148 2401 1218 quamplurima
2453 1148 2520 1202 ad
2574 1151 2856 1203 historiam
2915 1160 3029 1201 tum
3089 1163 3303 1204 sacram

145 1247 250 1299 tum
282 1235 562 1305 profanam
593 1234 872 1288 attinentia
902 1235 1194 1304 occurrunt
1220 1241 1404 1287 notatu
1434 1233 1772 1300 dignissima,
1801 1248 1921 1302 quae
1945 1234 2134 1288 nullibi
2167 1234 2388 1288 omnino
2415 1235 2556 1303 apud
2597 1235 2888 1302 scriptorcs
2917 1232 3008 1302 qui
3042 1242 3309 1300 prostant,

147 1324 367 1386 aliosve,
403 1337 538 1388 quos
575 1321 702 1374 mihi
738 1319 920 1374 videre
952 1320 1195 1390 contigit,
1227 1313 1340 1373 sive
1368 1316 1608 1381 Graecos,
1642 1319 1758 1374 sive
1786 1317 2029 1382 Latinos,
2059 1322 2174 1375 sive
2204 1319 2518 1384 liebraicos,
2547 1322 2662 1374 sive
2688 1319 2947 1374 Arabicos
2979 1321 3132 1372 lecta.
3164 1318 3310 1370 Con-

143 1411 325 1478 stripti
360 1419 487 1464 sunt
539 1409 612 1462 illi
643 1408 706 1460 ad
741 1405 808 1461 lsi
843 1407 932 1460 lbn
979 1405 1160 1466 Batrtk
1201 1394 1424 1458 fratrem
1470 1394 1674 1458 suum.‘
1707 1404 1960 1458 Citantur
2000 1407 2272 1481 multoties
2313 1404 2612 1475 a.Georgio
2664 1405 2939 1458 Elmaciuo
2971 1405 3024 1457 in
3076 1403 3308 1456 Ilisloria

145 1494 485 1552 Saracenica.
541 1492 604 1545 Et
647 1503 991 1546 recensentur
1018 1487 1374 1558 proculdubio
1413 1488 1553 1542 inter
1592 1489 1807 1545 codices
1853 1492 2114 1546 Arabicos
2161 1492 2394 1546 Orientis
2442 1508 2529 1547 res
2575 1493 2911 1560 complexos,
2946 1492 3145 1559 quibus
3185 1489 3312 1542 olim

143 1580 484 1648 Guilielmum
517 1576 981 1644 archiepiscopum
1017 1573 1235 1643 Tyrium
1270 1572 1529 1626 instruxit
1560 1574 1869 1630 Almaricus
1901 1592 1996 1630 rex
2019 1577 2560 1647 Hierosolymitanus,
2602 1589 2661 1632 ut
2686 1579 2811 1632 inde
2839 1593 2974 1647 opus
3004 1578 3070 1630 de
3109 1577 3314 1646 princi‘

146 1667 301 1736 pihus
330 1663 694 1720 Orientalibus
725 1661 1042 1724 conﬁceret;
1077 1674 1174 1714 nec
1208 1666 1267 1712 ut
1296 1659 1562 1727 vulgares,
1591 1659 1684 1716 sed
1717 1662 1980 1730 primarii.
2015 1662 2156 1717 Seith
2206 1663 2348 1730 ﬁlius
2368 1663 2601 1716 Patricii
2631 1673 2684 1717 et
2710 1664 2790 1716 vir
2815 1662 3118 1717 uenerabilis
3148 1676 3311 1715 voca-

146 1763 232 1812 tur
261 1751 386 1804 huic
420 1749 612 1818 Tyrio;
648 1743 747 1801 nec
771 1746 898 1803 alibi
933 1745 1071 1814 apud
1102 1744 1397 1812 scriptores
1442 1744 1669 1811 Europae
1701 1755 1930 1810 veteres,
1979 1756 2240 1814 quantum
2293 1749 2599 1811 observavi,
2654 1757 3006 1802 memoratur.
3042 1747 3316 1800 Almarico

147 1853 289 1909 rege,
325 1837 502 1906 inquit
529 1835 747 1905 Tyrius,
780 1834 832 1888 in
865 1834 1081 1903 prologo
1103 1833 1169 1886 ad
1203 1833 1492 1892 Historiam
1518 1871 1533 1894 ,
1563 1833 1789 1886 Arabica
1830 1835 2148 1898 exemplaria
2201 1835 2536 1888 ministrante
2580 1833 2744 1888 aliam
2775 1835 3076 1898 historiam,
3112 1851 3142 1886 a
3189 1844 3318 1885 tem-

143 1941 262 1992 pore
284 1922 570 1977 seductoris
605 1921 901 1975 Mahumeth
930 1935 1092 1987 usque
1137 1918 1195 1970 in
1229 1919 1364 1971 hunc
1392 1934 1610 1983 annum,
1651 1921 1742 1985 qui
1783 1928 1862 1972 est
1893 1920 2043 1973 nobis
2091 1920 2154 1972 ab
2186 1922 2554 1975 incarnatione
2583 1921 2792 1974 Domini
2824 1922 2984 1983 “Si,
3017 1937 3110 1987 per
3154 1936 3318 1972 annos

142 2013 442 2080 quingentos
467 1998 792 2076 septuaginta
813 2015 1098 2060 currentem
1127 2003 1525 2069 conscripsimus
1544 2018 1562 2054 :
1590 2012 1850 2056 auctorem
1874 2006 2096 2058 maxime
2117 2007 2278 2058 secuti
2305 2007 2469 2058 virum
2492 2008 2824 2060 venerabilem
2849 2006 2990 2060 Seith
3009 2006 3088 2074 ﬁl.
3123 2004 3322 2058 Potrici

82 2085 95 2096 ’
144 2095 555 2150 Alexandrinum
583 2091 957 2161 patriarcham.
983 2088 1136 2155 Quod
1166 2103 1292 2142 vero
1319 2089 1394 2142 ait
1416 2105 1473 2142 se
1497 2085 1736 2144 maxime
1763 2091 1901 2144 hunc
1931 2101 2173 2145 secutum
2235 2095 2390 2161 plane
2419 2094 2823 2161 intelligendum
2862 2104 2946 2146 est
2977 2092 3043 2144 de
3080 2101 3319 2157 tempore

145 2185 402 2245 duntaxat
431 2194 632 2234 annum
658 2178 860 2232 Christi
887 2176 989 2230 957
1020 2190 1112 2230 seu
1150 2175 1346 2247 begira:
1377 2176 1480 2230 326
1536 2184 1924 2231 antevertente.
1954 2175 2105 2238 Tunc
2133 2180 2274 2231 enim
2317 2194 2445 2234 suos
2483 2178 2684 2233 claudit
2733 2179 2970 2233 Annales
3020 2176 3318 2248 Eutychius

143 2269 286 2332 circa
317 2267 592 2320 biennium
628 2272 746 2332 post
767 2271 1034 2317 mortuus.
1209 2265 1211 2268 ⁴
1238 2269 1240 2272 ’

1120 2615 1458 2681 LECTORI
1493 2617 2023 2680 PATROLOGUE
2059 2580 2373 2682 anno“.

225 2943 522 3025 Eutychii
557 2945 758 3006 nostri
803 2945 1165 3025 periocham
1203 2957 1280 3008 ex
1317 2948 1476 3024 ejus’
1519 2949 1872 3010 Annalibus
1903 2949 1998 3023 (p.
2030 2947 2182 3024 328)
2244 2944 2597 3024 excerptum
2646 2951 2910 3009 seorsim
2956 2965 3122 3010 anno
3176 2945 3328 3007 1652

152 3021 436 3101 ediderat
463 3022 737 3082 Joannes
764 3021 1069 3084 Séldénus
1095 3066 1112 3096 ,
1141 3041 1282 3084 eum
1315 3021 2173 3101 nisgnoicommentar‘iorum'
2207 3021 2529 3100 apparatu,
2575 3028 2706 3101 sub
2733 3028 2913 3086 titulo
2957 3050 2973 3085 :
3031 3025 3328 3101 Eutychii

151 3098 462 3178 (Egi/pm“,
517 3101 899 3178 patriarcha
943 3098 1441 3178 orthodoa'orum',
1476 3098 2082 3178 Alexandrini...p....,
2124 3098 2429 3162 Ecclesia:
2497 3119 2622 3160 sua?
2677 3100 2988 3178 Origines.
3068 3098 3320 3178 Sel'deni

153 3175 381 3256 placita
442 3177 1147 3256 de_ordine_hieratico
1203 3175 1578 3239 confutanda
1637 3179 1699 3238 in
1761 3197 1828 3238 se
1875 3176 2188 3256 suscepit"
2224 3181 2400 3239 Pater
2451 3179 2759 3239 Abraham
2792 3175 3321 3256 'Echellensisin

132 3252 269 3334 suo
297 3252 630 3334 ﬂeti/chio
683 3253 1302 3334 vindieatoLRorntn
1366 3271 1532 3316 anno
1568 3257 1717 3330 ,1661
1783 3255 1948 3334 typis
1993 3252 2400 3334 SJCongreg.
2429 3257 2507 3316 de
2539 3258 2938 3334 prapaganda
2986 3257 3102 3334 ﬁde
3134 3255 3326 3316 edito.

156 3329 590 3409 Praefationem
618 3332 840 3409 operis,
862 3329 1221 3409 recedimus
1255 3331 1317 3390 in
1353 3348 1472 3406 qua
1509 3336 1685 3403 Pater
1717 3329 2022 3393 Abraham
2078 3329 2436 3409 periocham
2487 3329 2771 3409 eamdem
2822 3349 2980 3394 nova
3013 3333 3327 3406 interpre-

159 3405 395 3466 tatione
423 3405 714 3487 donatam
746 3407 1024 3487 exhibet,
1062 3417 1126 3469 ut
1164 3405 1505 3487 monstret,
1541 3409 1914 3487 Eutychium
1950 3405 2091 3467 non'
2112 3409 2458 3480 lubentem,
2485 3408 2592 3469 sed
2620 3409 2890 3486 invitum
2923 3427 2992 3471 ac
3023 3411 3332 3470 reluctan-

161 3488 279 3544 tem
315 3499 530 3561 peros
567 3483 1124 3545 Seldenilocutum
1157 3482 1377 3546 fuisse.

941 3812 1399 3917 ἈΒΒΑΗΑΜΙ
1451 3851 2030 3944 ECHELLENSIS
2085 3854 2374 3915 ρΜίιεἈ
2393 3855 2553 3916 T10.

232 4019 498 4111 nocuerat
526 4019 653 4073 olim
683 4021 895 4111 Aerias,
934 4022 1010 4076 uti
1050 4021 1213 4077 rel'ert
1243 4021 1303 4076 D.
1333 4023 1684 4092 Augustinus,
1731 4025 2084 4095 Epiphanius,
2136 4028 2323 4083 Patres
2367 4029 2480 4111 alii,
2524 4037 2579 4084 et
2625 4030 2968 4086 ecclesiastici
3007 4033 3319 4102 scriptores.

164 4108 534 4179 presbyterum
573 4116 625 4161 et
657 4107 964 4177 episeopum
1001 4112 1146 4179 paris
1175 4125 1294 4164 esse
1338 4111 1566 4175 ordinis,
1611 4111 1890 4180 dignitatis
1925 4120 2085 4181 atque
2133 4107 2435 4180 potestatis.
2487 4113 2813 4169 Sententiam
2861 4117 2998 4171 hanc
3043 4134 3320 4175 sacrorum

164 4194 513 4249 conciliorum
545 4195 848 4245 damnatam
879 4193 1140 4256 decretis.
1171 4203 1480 4248 sanctorum
1518 4195 1732 4249 Patrum
1763 4197 1816 4251 in
1851 4207 2049 4250 tartara
2099 4199 2373 4254 detrusam
2403 4201 2746 4264 auctoritate,
2794 4217 2856 4256 ac
2891 4205 3322 4261 meritademum

169 4277 438 4332 oblivione
468 4280 758 4345 sepultam,
792 4278 1046 4342 infausto,
1083 4280 1262 4334 nescio
1293 4295 1402 4349 quo
1427 4284 1687 4348 carmine,
1715 4297 1934 4337 avorum
1970 4274 2285 4338 nostrorum
2315 4288 2574 4340 memoria
2599 4289 2648 4340 in
2682 4290 2988 4342 mortalium
3019 4291 3141 4345 inde
3173 4307 3326 4347 revo-

168 4372 361 4417 carunt
398 4363 566 4416 lucem
601 4361 866 4418 Lutherus
897 4373 949 4417 et
985 4365 1256 4431 Calvinus;
1291 4381 1520 4436 eamque
1550 4368 1804 4438 deinceps
1833 4381 1923 4423 aut
1953 4370 2052 4426 suo
2089 4371 2336 4426 foverunt
2390 4373 2510 4426 sinu
2538 4415 2552 4436 ,
2589 4384 2681 4427 aut
2706 4375 2826 4430 suis
2859 4377 3140 4445 perodiose
3173 4381 3327 4433 refri-

170 4459 399 4503 rnerunt
428 4449 645 4517 scriptis
675 4449 750 4502 illi
781 4452 874 4518 qui
924 4451 975 4502 in
1007 4452 1248 4519 ipsorum
1277 4453 1526 4519 jurarunt
1563 4455 1743 4509 verba.
1778 4457 1971 4511 Acrius
2026 4466 2202 4512 tamen
2247 4473 2310 4510 ac
2351 4459 2684 4514 virulentiori
2725 4462 2934 4514 calamo
2977 4464 3322 4529 qua-stionem
3390 4455 3392 4458 ’

167 4541 453 4606 exagitavit
483 4539 619 4592 banc
650 4555 820 4608 nuper
851 4542 1100 4594 Claudius
1132 4542 1449 4623 Salmasius,
1503 4544 1838 4613 praecipitata:
1891 4543 2205 4596 eruditionis
2234 4543 2392 4598 homo
2421 4545 2714 4599 Calvinista
2742 4584 2757 4607 ,
2801 4548 2852 4598 in
2881 4563 3042 4614 opere
3075 4549 3216 4616 quod
3251 4549 3324 4600 De

172 4627 671 4692 [συνεπινμαὶιίεο
721 4628 1086 4694 inscripserat.
1123 4627 1526 4696 Quamprimum
1577 4638 1682 4684 tam
1717 4627 2013 4686 detestabili
2069 4643 2130 4681 ac
2181 4631 2495 4697 perniciosae
2529 4634 2663 4699 pesti
2715 4649 2776 4686 ex
2817 4635 3043 4686 adverso
3089 4639 3325 4688 occurrit

171 4709 519 4763 doctissimus
551 4709 839 4778 Dionysius
869 4711 1140 4776 Petavius,
1172 4729 1235 4766 ex
1263 4729 1414 4767 sacra
1450 4704 1734 4767 Societatis
1767 4711 1891 4767 Jesu
1926 4714 2376 4782 religione,opere
2409 4719 2664 4785 inscripto
2692 4737 2704 4770 :
2738 4717 3134 4771 Dissertationes
3161 4722 3321 4771 eccle-

173 4795 397 4848 siastica:
429 4795 490 4848 de
518 4797 872 4864 episcoporum
909 4799 1155 4865 dignitate
1189 4809 1236 4850 et
1265 4799 1668 4867 jurisdictione;
1694 4816 1756 4852 ac
1789 4800 1980 4852 malam
2017 4800 2240 4853 bestiam
2273 4815 2357 4865 eo,
2396 4803 2534 4856 unde
2567 4803 2878 4870 prodierat,
2911 4807 3184 4856 rclrttdel'e
3221 4812 3320 4856 ub-

177 4883 322 4936 nisus
354 4893 435 4936 est
465 4895 746 4938 veteranus
783 4901 842 4938 ac
870 4887 1164 4940 acerrimus
1196 4888 1316 4940 ﬁdei
1362 4888 1641 4940 catholicae
1675 4894 2055 4968 prepugnator.

245 4993 321 5047 Ad
360 5004 864 5049 tantum-rumorem
916 5013 978 5051 ac
1016 4999 1327 5066 quaestionis
1364 4998 1785 5051 recrudescentis
1815 4996 2006 5048 fatuam
2041 5011 2100 5047 ex
2134 4997 2314 5047 ultima
2349 4997 2558 5048 excitus
2585 4996 2855 5049 Britannia
2881 4994 3114 5048 Joannes
3138 4997 3318 5049 Seldc~

183 5095 281 5132 nus
310 5095 376 5131 eo
407 5080 638 5133 accurrit
666 5096 819 5148 Opem
854 5082 1029 5136 ferens
1059 5096 1366 5152 symmysta:
1394 5099 1455 5136 ac
1490 5084 1776 5149 suppetias.
1811 5082 2250 5134 Animadverteus
2281 5097 2405 5133 vero
2441 5099 2566 5135 suas
2599 5082 2903 5148 sodalisque
2954 5083 3137 5148 copias
3167 5082 3320 5132 Occi-

181 5166 417 5221 dentales
441 5167 595 5235 longe
626 5177 677 5220 et
709 5184 930 5222 numero
959 5178 1012 5222 et
1044 5173 1245 5223 viribus
1277 5171 1504 5236 impares
1538 5185 1677 5232 esse,
1708 5168 2026 5236 Eutychium
2059 5165 2416 5233 patriarcham
2471 5168 2883 5219 Alexandrinum
2907 5207 2921 5227 ,
2956 5180 3049 5219 'ceu
3100 5167 3315 5218 militem

184 5251 525 5314 auxiliarem,
557 5260 609 5304 et
646 5254 884 5309 Arabicis
919 5257 1235 5308 instructum
1271 5257 1431 5307 armis
1463 5256 1698 5321 adhunc
1732 5267 1956 5319 pugnam
1996 5252 2059 5303 ah
2101 5255 2214 5318 ipso
2248 5252 2463 5304 Oriente
2517 5268 2614 5303 suo
2643 5253 2903 5304 conduxit
2944 5268 3066 5304 iere.
3123 5252 3316 5316 tlperis

187 5337 428 5390 vexillum
464 5337 563 5390 hoc
588 5342 834 5405 specioso
857 5343 1133 5408 exornavit
1164 5343 1316 5393 titulo
1345 5341 1614 5408 :Entychii
1640 5338 1870 5406 ngyplit'
1893 5339 2208 5402 patriarcha
2235 5339 2636 5390 orthodoxarum
2663 5338 3026 5395 Alexandrini,
3048 5338 3316 5403 scriptoris

189 5432 240 5473 ut
271 5423 322 5473 in
355 5421 564 5476 Oriente
593 5424 866 5476 admodum
904 5428 1084 5478 vetusti
1115 5444 1174 5478 ac
1206 5428 1442 5484 illustris,
1471 5429 1544 5476 ita
1575 5428 1624 5475 in
1659 5424 1921 5475 Occidente
1953 5433 2056 5472 tum
2090 5425 2415 5490 paucissimis
2447 5412 2535 5474 eisi
2559 5462 2573 5484 ,
2608 5434 2712 5474 tum
2742 5439 2952 5488 perraro
2982 5424 3171 5482 auditi,
3219 5422 3319 5471 lic-

197 5509 366 5560 clesia:
394 5525 500 5560 sua:
533 5508 789 5578 Origines.
821 5514 1102 5565 Auctorem
1138 5527 1296 5579 porro
1323 5529 1382 5564 ex
1411 5513 1662 5579 dignilalc
1686 5549 1700 5572 ,
1728 5497 2060 5580 antiquitate,
2091 5515 2278 5580 patria,
2326 5515 2546 5566 raritate
2577 5513 2774 5579 operis,
2809 5521 2858 5563 ct
2893 5513 3272 5578 exetnplarium
3301 5547 3315 5569 ,

192 5593 438 5656 materiae,
471 5597 676 5669 qua‘de
706 5598 899 5664 agitur,
931 5599 1193 5661 claritate,
1229 5598 1452 5664 aliisque
1483 5596 1811 5650 ornamentis
1841 5599 1917 5650 sic
1944 5600 2080 5665 apud
2115 5614 2239 5650 suos
2281 5599 2502 5651 lCt'lUt‘cs
2539 5601 2588 5648 in
2623 5614 2712 5648 sua
2751 5600 3087 5649 emmnemlat
3122 5596 3312 5662 punia-

195 5681 332 5732 ltOIc
362 5695 376 5730 :
413 5679 535 5733 lam
566 5697 696 5749 vero,
732 5683 918 5751 inquit,
952 5701 1064 5736 cum
1098 5685 1158 5738 dc
1193 5686 1384 5736 ordinis
1413 5684 1713 5735 /tl€l‘ttt‘t'hlt'l
1746 5684 1792 5734 in
1823 5683 2050 5734 I‘Irr’csin
2086 5679 2464 5739 .lli'xnttdritm,
2499 5684 2550 5733 id
2593 5693 2661 5733 ρκ(
2696 5685 2755 5731 ιίισ
2789 5684 3217 5740 preslvuternrnm.
3270 5690 3316 5731 et
