3960 6344
679 319 784 382 895
1682 317 2048 383 ΕΗἸῪΩΗΠ
2076 316 2243 378 ALE}

2281 313 2605 377 ANDRINI
2644 312 2863 376 PATB.
3767 317 3838 380 Μ

683 430 1048 498 episcoporum
1091 430 1251 485 etiam
1280 440 1328 486 et
1366 432 1430 486 de
1452 433 1718 501 ipsissimo
1740 435 1858 498 hoc,
1895 449 2042 504 quem
2075 440 2330 486 memorat
2371 427 2723 496 Hieronymus
2775 440 2919 480 more
2956 425 3309 480 testimonium
3362 422 3530 477 multo
3587 422 3839 484 luculentis;

686 515 1120 586 explicatiusque,
1159 518 1381 572 habetur
1419 522 1559 589 apud
1589 523 1893 591 scriptorem
1921 521 2051 575 satis
2080 525 2337 572 vetustum
2357 555 2372 578 ,
2406 514 2723 576 Arabicum,
2753 511 3062 581 ngyptium
3084 554 3099 576 ,
3132 526 3350 580 euntque
3383 507 3616 579 ejusdem
3651 506 3840 567 Ecclesia

681 604 1040 672 patriarcham
1073 606 1491 660 orthodoxorum
1533 608 1677 678 (nam
1693 610 1848 672 ,alius
1898 615 2016 663 erat
2061 605 2134 660 ibi
2165 619 2272 659 non
2310 616 2435 656 raro
2468 599 2856 668 lacobitarum)
2890 613 2980 652 nec
3009 597 3132 650 dum
3161 599 3296 668 typis
3332 598 3548 658 editum,
3575 597 3633 664 ζει
3674 611 3842 663 perpas-

680 692 932 754 cissimis,
963 693 1067 751 nisi
1095 693 1261 762 fallor
1289 694 1536 760 nimium,
1567 705 1658 749 aut
1689 695 1878 750 lectam
1907 702 2000 748 aut
2029 694 2219 747 visum.

763 805 1026 875 Equidem
1054 819 1121 860 ex
1147 815 1255 862 tam
1289 788 1497 865 fastose
1538 810 1718 873 titulo,
1748 825 1814 864 ex
1855 816 1962 862 tam
2004 805 2376 862 immoderatis
2415 803 2687 867 laudibus,
2719 811 2882 872 atque
2932 802 3236 872 praeconiis.
3267 802 3588 873 tandemque
3631 817 3693 858 ex
3738 811 3848 859 tanta

629 901 634 904 '
693 891 884 961 operis.
906 901 960 947 et
999 894 1389 963 exemplarium
1422 898 1644 952 raritate
1673 895 1877 966 aliquid
1909 895 2082 950 multo
2114 891 2336 961 majoris
2366 889 2618 961 ponderis
2651 897 2704 944 et
2736 889 2994 944 momenti
3044 889 3184 958 apud
3236 902 3321 942 me
3349 903 3700 960 conceperant
3726 889 3850 954 olim,

691 977 820 1032 dum
854 979 924 1032 de
956 979 1108 1034 hisce
1134 978 1452 1051 Originibus
1482 997 1572 1038 me
1604 997 1701 1052 per
1733 982 1943 1038 litteras
1969 980 2244 1036 consuluit
2279 979 2364 1033 vir
2389 977 2760 1037 doctissimus.
2791 987 2846 1032 et
2872 977 2940 1031 de
2967 973 3514 1044 catltolica_Eeclesia
3551 976 3746 1047 optime
3769 992 3853 1031 ute-

695 1066 832 1120 ritus
859 1064 1181 1123 Bartboldus
1208 1066 1506 1136 Nihusius;
1537 1084 1638 1124 nec
1676 1069 1835 1124 aliter
1868 1068 2001 1124 mihi
2037 1067 2090 1123 in
2118 1067 2223 1122 boc
2247 1063 2466 1131 accidit,
2504 1078 2665 1134 quam
2698 1063 2774 1118 illi
2805 1064 2898 1134 qui
2938 1077 3005 1118 ex
3034 1061 3239 1117 bullato
3273 1063 3495 1118 nomine
3532 1063 3851 1118 cbamzleoa-

687 1163 795 1206 tem
825 1153 1002 1208 adhuc
1033 1154 1135 1210 sibi
1168 1170 1273 1209 non
1309 1155 1488 1211 visum
1519 1155 1809 1226 elephante
1839 1154 1999 1226 longe
2032 1154 2175 1208 mole
2203 1153 2552 1224 grandiorem
2583 1151 3031 1213 existimaverat:
3064 1157 3157 1204 aut
3189 1150 3286 1211 illi.
3309 1150 3400 1220 qui
3425 1165 3492 1205 ex
3517 1165 3653 1206 voce
3683 1152 3852 1207 asina

687 1249 741 1293 et
780 1239 1046 1297 cicadam.
1103 1242 1584 1298 Verumenimvcro
1616 1258 1742 1297 cum
1766 1243 1888 1313 ejus
1921 1243 2108 1312 operis
2134 1240 2266 1295 mihi
2303 1241 2458 1311 copia
2489 1238 2626 1294 facta
2663 1247 2814 1294 esset
2841 1247 2970 1295 ante
2997 1235 3466 1306 menses'allquot,
3499 1237 3751 1292 continuo
3772 1247 3854 1291 tota

689 1327 851 1382 desiit
889 1327 1215 1396 admiratio;
1252 1330 1362 1384 imo
1412 1331 1706 1400 plurimum
1739 1330 2043 1386 admiratus
2073 1345 2195 1385 sum
2227 1327 2378 1382 tituli
2416 1327 2709 1383 vanitatem
2745 1325 3190 1394 futilitatemque,
3224 1337 3347 1378 cum
3382 1321 3626 1377 videre
3659 1329 3758 1375 tam
3780 1323 3862 1377 vile

690 1415 1044 1484 pltarmacum
1080 1432 1143 1472 ac
1172 1417 1418 1486 vulgare,
1466 1418 1822 1487 omniumque
1852 1417 2038 1472 tritum
2077 1416 2349 1478 manibus,
2377 1415 2546 1468 tantis
2572 1412 2734 1468 vendi
2777 1412 2831 1468 in
2867 1411 3222 1467 Calvinistico
3262 1409 3381 1465 foro
3423 1408 3863 1465 vociferatioaibvs

687 1501 1144 1573 Quandoquidem
1177 1505 1488 1560 Chronieon
1543 1505 1674 1561 Illud
1709 1504 1984 1576 Eutychii,
2012 1519 2077 1559 cx
2120 1517 2230 1573 quo
2274 1501 2586 1574 periocham
2629 1500 2773 1554 banc
2811 1497 2880 1554 de
2913 1497 3171 1554 Ecclesia
3201 1496 3579 1552 Alexandrinas
3611 1496 3867 1568 originibus

685 1572 980 1662 excerpsit,
1019 1606 1116 1648 seu
1152 1593 1336 1663 potius
1363 1591 1596 1648 extorsit
1629 1572 1923 1658 Seldenus,
1960 1591 2128 1650 nullis
2143 1572 2401 1644 ferenon
2447 1594 2629 1643 exstat
2653 1584 3126 1666 incelebrioribus
3155 1593 3250 1638 aut
3269 1583 3456 1648 Italiae,
3491 1592 3588 1638 aut
3616 1583 3789 1640 Gallia
3810 1584 3869 1638 bi-

689 1677 1011 1734 bliothecis:
1047 1680 1274 1743 nemini,
1301 1680 1395 1749 qui
1434 1679 1699 1736 Arabicas
1723 1678 1937 1734 litteras
1965 1678 2047 1734 vel
2078 1675 2414 1746 primoribus
2441 1671 2748 1744 degustavi't
2773 1672 2951 1735 labiis.
2985 1671 3178 1726 tritum
3207 1685 3315 1741 non
3344 1679 3448 1736 est,
3474 1671 3678 1728 nedum
3708 1668 3865 1739 duplici

689 1764 1022 1833 superlativo
1067 1767 1493 1835 perpaucissimis
1546 1775 1637 1820 aut
1699 1767 1888 1830 uisum,
1926 1775 2018 1818 aut
2083 1763 2300 1827 lectum,
2334 1773 2392 1816 ut
2439 1760 2555 1816 suis
2605 1753 3034 1829 pro'testantibus
3089 1758 3334 1812 venditat
3382 1758 3588 1814 bonua-
3626 1760 3868 1815 Seldenut.

687 1851 775 1906 Ad
801 1866 914 1907 rem
949 1861 1126 1908 autem
1186 1853 1360 1923 ipsam
1413 1853 1562 1924 quod
1621 1852 1841 1916 attinet,
1870 1850 2122 1923 Eutycbii
2157 1851 2297 1904 hanc
2323 1848 2634 1918 periocham
2673 1861 2796 1902 cum
2829 1844 3046 1902 Seldeni
3091 1845 3346 1902 versione
3391 1854 3448 1902 et
3501 1854 3866 1910 commentariis

689 1938 877 1993 statim
919 1947 1083 2008 atque
1113 1941 1379 2009 percurri,
1408 1938 1647 1995 hominis
1672 1939 1973 1995 admiratus
2004 1953 2126 1993 sum
2160 1937 2504 2001 modestiam,
2540 1933 2635 1990 sed
2665 1948 2848 2004 parem
2878 1933 2933 1988 in
2975 1934 3068 1990 illo
3090 1933 3396 1989 desideravi
3430 1933 3616 1990 ﬁdem.
3647 1937 3866 2004 Quando-

687 2023 907 2092 quidem
941 2041 1056 2082 sua‘.
1089 2026 1346 2084 factionis
1376 2037 1433 2084 et
1468 2016 1703 2097 partium
1736 2028 1994 2096 abreptus
2028 2027 2226 2082 studiis
2270 2024 2594 2095 Eutyclﬁum
2643 2035 2752 2076 non
2803 2021 3078 2077 lubentem
3105 2059 3122 2087 ,
3158 2021 3254 2077 aed
3285 2021 3545 2088 invitum,
3589 2038 3659 2078 ac
3692 2027 3871 2086 uitulum

690 2115 1044 2170 reluctantem
1075 2116 1128 2171 in
1156 2132 1382 2172 suorum
1413 2116 1678 2173 conduxit
1708 2123 1912 2179 castra,
1943 2123 1998 2169 et
2025 2115 2128 2169 sub
2157 2111 2436 2168 modestiae
2459 2107 2800 2166 ornamentis
2827 2107 3167 2164 mortiferum
3197 2107 3482 2164 miscuisse
3509 2111 3731 2167 videtur
3755 2127 3872 2169 vene-

691 2217 840 2256 num.
868 2201 1004 2264 lmo,
1026 2203 1072 2257 si
1108 2192 1814 2274 penittusl‘perspiciendum
1842 2211 1947 2267 est,
1975 2213 2319 2272 nequaquam
2350 2195 2677 2268 Eutycltium
2701 2196 3150 2260 Alexandrinum,
3176 2196 3272 2250 sed
3305 2207 3662 2267 personatum
3691 2201 3872 2271 Anglun

688 2287 1077 2359 snb‘Eutycltii
1108 2293 1327 2345 nomine
1358 2300 1413 2345 et
1451 2291 1602 2348 larva
1640 2289 1694 2344 in
1742 2305 1959 2346 scenam
2006 2287 2358 2358 prodeuntem
2411 2285 2735 2353 comperies.
2785 2284 2998 2338 Etenim
3054 2284 3357 2354 praecipuos
3395 2284 3572 2353 locos,
3621 2302 3688 2342 ea
3722 2291 3873 2357 quibus

687 2377 1075 2431 controversia:
1104 2376 1500 2448 hujuspendet
1526 2387 1884 2448 momentum,
1913 2383 2007 2429 aut
2035 2375 2286 2430 versione
2315 2372 2641 2428 adulteravit
2665 2369 2954 2436 Seldenus,
2989 2381 3082 2426 aut
3119 2370 3534 2428 commentariis
3564 2389 3751 2429 verum
3791 2393 3875 2430 aeo-

689 2479 808 2516 sum
841 2473 895 2517 et
930 2465 1105 2518 lucem
1139 2467 1218 2520 eis
1246 2446 1458 2536 eripere
1491 2446 1722 2520 conatus
1748 2473 1852 2520 est.
1883 2464 2052 2530 Quam
2077 2464 2295 2533 quidem
2327 2457 2638 2532 periocham
2663 2457 2744 2511 sic
2765 2458 2834 2512 ab
2856 2473 2921 2512 eo
2949 2467 3260 2528 corruptam
3288 2472 3345 2536 et
3377 2461 3648 2525 vitiatam,
3679 2459 3875 2533 Eatyciii

690 2548 929 2621 {Egyptii
971 2554 1290 2618 patriarcha:
1333 2553 1744 2607 orthodoxorum
1788 2551 2162 2616 Alexandrini,
2211 2562 2342 2616 etc.,
2381 2549 2630 2604 Ecclesia:
2692 2565 2802 2604 sua
2859 2547 3122 2620 Origines.
3159 2551 3431 2621 appellare
3485 2555 3539 2610 ei
3573 2555 3808 2626 placuit,
3835 2553 3876 2605 ad

689 2637 994 2706 captandos
1026 2641 1080 2694 in
1117 2639 1237 2710 ipso
1272 2641 1500 2697 exordio
1530 2642 1796 2696 lectorum
1823 2640 2061 2704 animos,
2109 2639 2266 2710 quasi
2317 2653 2448 2694 vero
2483 2636 2785 2708 Eutycbius
2813 2646 3100 2691 tractatum
3140 2638 3370 2707 aliquem
3405 2640 3703 2711 insignem,
3734 2657 3791 2698 ac
3814 2659 3878 2712 pe-

691 2731 976 2793 culiarem,
1009 2738 1064 2783 et
1090 2743 1156 2782 ex
1191 2729 1440 2798 professo
1465 2745 1528 2784 ea
1555 2730 1879 2785 de-materia
1903 2729 2239 2799 scripsisset,
2270 2743 2392 2784 cum
2427 2742 2548 2782 eam
2575 2728 2732 2796 quasi
2759 2726 3077 2796 prateriens
3100 2727 3338 2796 tetigerit
3367 2733 3765 2786 tantummodo.
3784 2731 3878 2795 Qua

692 2818 873 2872 omnia
909 2816 1151 2886 profecto
1176 2817 1293 2870 sine
1329 2812 1614 2873 s'tomaclto
1643 2832 1803 2871 nemo
1829 2817 2074 2871 veritatis
2103 2816 2403 2880 studiosus,
2444 2826 2498 2870 et
2533 2816 2864 2884 linguarum,
2893 2829 2958 2869 ac
2986 2829 3166 2869 rerum
3197 2814 3630 2888 dogmatumque
3667 2818 3880 2873 Orienta-

691 2905 823 2959 lium
859 2906 1064 2972 peritus
1094 2919 1416 2973 percurrere
1445 2913 1648 2975 potest.
1678 2903 1818 2958 Hinc
1849 2906 2054 2974 patriai,
2099 2905 2359 2969 muneris,
2389 2903 2546 2957 avitas
2577 2902 2880 2972 religionis,
2930 2901 3024 2956 sed
3051 2902 3294 2957 veritatis
3330 2904 3680 2973 potissimum
3715 2906 3880 2959 inducti

693 2992 904 3046 ratione
933 3001 987 3045 et
1019 2992 1274 3056 stimulis,
1322 2993 1534 3063 singula
1563 2993 1830 3047 catholica
1863 2991 1988 3055 fide,
2034 3005 2226 3058 nempe
2255 2991 2628 3046 sincerissime
2655 2993 2774 3045 sine
2804 2989 2949 3056 fuco,
2981 2990 3099 3045 sine
3139 2990 3324 3056 larvis,
3352 2991 3471 3047 sine
3494 2993 3880 3054 adulterations,

693 3079 813 3132 sine
847 3078 1187 3133 tnutilatione
1227 3082 1638 3143 auctoritatum,
1667 3087 1760 3132 aut
1803 3078 2154 3148 corruptione
2181 3079 2494 3132 examinare
2520 3079 2883 3134 decrevimus.
2913 3077 2968 3130 In
2999 3091 3108 3146 quo
3135 3078 3354 3147 quidem
3396 3079 3713 3149 praestando
3741 3080 3880 3150 lydius

692 3165 832 3234 lapis
859 3166 1014 3220 nobis
1049 3167 1152 3220 erit
1188 3167 1362 3235 ipsum
1397 3164 1646 3236 Eutycltii
1680 3167 2018 3232 Cbronicou',
2053 3167 2327 3234 ipsissima
2355 3169 2632 3239 periocha,
2665 3169 3048 3238 antiquissima
3087 3169 3346 3224 Ecclesia
3386 3171 3774 3226 Alexandrina:
3797 3188 3879 3225 mo-

693 3264 973 3319 numenta,
1001 3257 1340 3324 aliorumque
1371 3255 1731 3312 Orientalium
1763 3258 1934 3312 mirus
1962 3271 2285 3311 consensus.
2334 3254 2759 3311 Observabimus
2806 3264 3067 3325 praeterea
3097 3256 3369 3328 imprimis
3400 3257 3538 3314 illud
3567 3260 3698 3315 Auli
3748 3258 3877 3316 Persii

692 3338 898 3410 Flacci,
929 3343 1076 3413 quod
1112 3359 1210 3414 pro
1237 3344 1493 3399 lemmate
1527 3346 1612 3402 sui
1652 3347 1838 3415 operis
1865 3345 2035 3400 fronti
2064 3359 2126 3398 ac
2167 3343 2342 3397 limini
2375 3344 2540 3399 affuit
2569 3343 3144 3413 Seldenus,i,nimirum

1597 3475 2986 3544 ............Nonsiquidturbidaﬂoma

1596 3547 1796 3610 Eleuet,
1827 3549 2068 3610 accedas,
2097 3563 2376 3601 exantenve
2405 3547 2639 3609 improba
2675 3548 2725 3599 in
2767 3546 2862 3600 llla

1591 3616 2974 3686 Castigestrutina..;...............

693 3747 833 3812 Non,
869 3763 974 3802 non
1003 3749 1349 3814 accedemus,
1381 3747 1632 3816 Seldene,
1662 3749 1908 3806 Romana
1939 3749 2216 3805 defensuri
2245 3750 2395 3815 vitia,
2427 3749 2520 3805 sed
2547 3751 2728 3813 iidem,
2761 3767 2882 3821 qua:
2914 3753 3062 3805 omni
3103 3752 3276 3808 caruit
3307 3761 3470 3824 atque
3502 3765 3659 3810 caret
3698 3757 3832 3814 vitio.
3856 3769 3875 3806 δ

692 3839 860 3901 vitiis,
891 3852 1010 3906 quae
1044 3837 1118 3891 illi
1170 3838 1464 3893 falsissime
1502 3853 1626 3893 cum
1664 3839 1773 3893 tuis
1817 3839 2054 3907 imponis
2109 3837 2411 3900 sodalibus,
2442 3838 2782 3892 viudicaturi.
2824 3839 2953 3892 Eam
2989 3825 3180 3907 nempe
3220 3840 3376 3896 iidem
3420 3843 3488 3898 de
3529 3859 3640 3912 qua
3686 3844 3748 3896 ad
3774 3848 3877 3912 ipsas

693 3923 968 3978 Romanos
996 3925 1076 3976 sic
1109 3925 1404 3992 Apostolus
1434 3941 1447 3977 :
1479 3922 1716 3979 Primum
1747 3925 1955 3994 quidem
1985 3925 2187 3994 gratias
2219 3940 2319 3994 ago
2351 3925 2456 3977 Deo
2497 3941 2608 3979 meo
2655 3939 2750 3993 per
2790 3926 2972 3980 Iesum
3017 3925 3286 3982 Christum
3321 3944 3414 3996 pro
3447 3933 3694 3985 omnibus
3736 3932 3873 3989 saltis.

691 4012 815 4081 quia
845 4011 974 4079 ﬁdes
1005 4022 1169 4063 vestra
1208 4013 1558 4065 annuutiatur
1589 4013 1642 4065 in
1677 4015 1918 4067 universo
1945 4013 2158 4068 mundo.

763 4122 844 4175 An
869 4121 1019 4176 dices
1048 4121 1295 4186 forsitan,
1319 4119 1473 4177 lianc
1506 4125 1665 4179 fidem
1703 4134 1967 4180 mutatam
2001 4126 2161 4178 esse?
2201 4123 2307 4179 Sed
2344 4122 2403 4178 fl.
2436 4122 2798 4194 Hieronymus
2843 4126 3039 4179 mutari
3087 4141 3194 4180 non
3227 4141 3390 4195 posse
3423 4127 3516 4182 lib.
3570 4146 3634 4183 Ill
3688 4129 3872 4197 Apolog.

693 4222 882 4265 contra
920 4209 1174 4263 Rufinum
1232 4210 1502 4265 afﬁrmat:
1542 4213 1710 4284 Scito,
1741 4215 1937 4282 tnquit,
1971 4213 2266 4288 [iontanam
2299 4213 2455 4279 ﬁdem
2499 4214 2791 4280 apostolica
2838 4230 2960 4267 voce
3006 4213 3280 4268 laudatam
3324 4215 3588 4284 ejusmodi
3620 4221 3872 4288 praestigias

695 4315 795 4352 non
824 4300 1077 4365 accipere.
1121 4298 1350 4351 Etiamsi
1391 4299 1606 4368 angelus
1635 4301 1846 4370 (quidni
1884 4305 1927 4354 si
1961 4300 2206 4369 Anglus?
2235 4300 2413 4369 )aliter
2459 4301 2753 4361 annuntiet,
2797 4317 2956 4372 quam
3005 4303 3161 4357 semel
3208 4304 3556 4372 praedicatum
3609 4315 3709 4365 est.
3756 4305 3871 4358 Parii

695 4388 1008 4461 auctoritate
1062 4387 1313 4438 munitam
1380 4405 1481 4440 non
1545 4405 1698 4456 posse
1753 4391 1964 4442 mutari.
2016 4389 2080 4442 Et
2111 4398 2235 4442 ante
2269 4385 2682 4458 Hieronymum,
2723 4389 2785 4442 Ι).
2819 4387 3128 4460 Cyprianus
3161 4391 3257 4444 lii).
3297 4407 3334 4456 I,
3366 4393 3524 4462 epist.
3563 4394 3620 4460 3,
3651 4392 3868 4447 Romam

694 4485 822 4530 esse,
869 4469 1062 4535 inquit,
1098 4469 1166 4521 ad
1198 4485 1322 4535 quos
1353 4471 1574 4536 perﬁdia
1602 4472 1789 4524 habere
1824 4489 1926 4524 non
1952 4474 2113 4538 possit
2148 4489 2437 4527 accessum.

765 4558 876 4612 Hoc
907 4559 1045 4610 idem
1078 4557 1231 4611 inviti
1263 4557 1504 4612 fatentur
1534 4560 1857 4625 adversarii,
1889 4571 1943 4616 et
1971 4563 2188 4632 quidem
2222 4562 2657 4618 adversariorum
2701 4565 3019 4636 corypbzeus
3068 4558 3351 4624 Martinus
3391 4569 3672 4626 Lntlierus
3720 4582 3860 4627 tom..

695 4651 874 4705 Germ.
920 4647 1055 4702 Wit.
1084 4649 1176 4700 fol.
1206 4648 1329 4711 561,
1362 4649 1490 4704 ubi:
1521 4649 1779 4714 Ecclesia,
1801 4653 1997 4722 inquit,
2025 4669 2114 4705 nec
2142 4653 2282 4704 debet
2312 4668 2401 4703 nec
2421 4664 2583 4717 potest
2611 4653 2840 4720 mentiri,
2864 4669 2953 4706 nec
2981 4653 3177 4718 falsum
3200 4657 3402 4719 docere,
3426 4674 3490 4710 ne
3512 4661 3566 4711 in
3595 4661 3747 4714 unico
3785 4661 3868 4728 qli-

695 4739 813 4791 dem
849 4738 1038 4802 capite.
1077 4735 1252 4803 llujus
1293 4736 1551 4791 Ecclesia:
1599 4739 2000 4794 infallibilitatis
2031 4741 2294 4794 rationem
2326 4740 2522 4794 ibidem
2555 4740 2626 4794 ita
2659 4741 2837 4796 reddit
2874 4757 2888 4795 :
2922 4740 3054 4796 Cum
3080 4741 3176 4798 Dei
3201 4761 3257 4798 os
3285 4746 3352 4798 sit
3381 4762 3438 4799 os
3469 4745 3744 4814 Ecclesia,
3766 4745 3866 4799 Dm

696 4838 828 4880 certe
851 4825 1062 4877 mentiri
1093 4840 1193 4876 non
1224 4835 1411 4890 potest.
1443 4842 1563 4894 ergo
1589 4842 1678 4880 nec
1709 4827 1964 4882 Ecclesia.

771 4912 958 4966 Posita
988 4920 1166 4966 autem
1201 4913 1302 4966 ltac
1333 4913 1731 4982 propositione,
1770 4931 1888 4983 quae
1918 4915 2203 4970 verissima
2235 4927 2336 4979 est,
2372 4916 2476 4972 etsi
2505 4932 2600 4986 per
2634 4931 2695 4970 os
2729 4916 2947 4970 Balaam
2980 4917 3212 4987 prolata,
3269 4921 3581 4976 rectissime
3612 4925 3861 4995 sequitur:

699 5015 831 5069 ergo
860 4999 1106 5054 Ecclesia
1145 5000 1386 5053 limnana
1423 5010 1506 5056 est
1531 5017 1656 5055 vera
1691 5001 1957 5067 Ecclesia,
1993 5015 2042 5056 et
2077 5001 2320 5057 Romana
2355 5005 2486 5058 fides
2520 5019 2863 5074 nequaquam
2901 5015 3104 5060 mutata
3138 5017 3241 5071 est,
3288 5017 3381 5060 aut
3432 5011 3635 5063 mutari
3692 5012 3861 5077 putuit;

700 5088 795 5143 sed
829 5089 1016 5141 eadem
1049 5103 1194 5141 nunc
1226 5104 1455 5158 prorsus
1485 5097 1588 5151 est,
1630 5091 1809 5160 qualis
1834 5092 2130 5158 apostolica
2169 5106 2297 5146 voce
2325 5093 2426 5145 fuit
2450 5093 2693 5144 laudata.

767 5201 922 5266 Quod
955 5216 1085 5254 vero
1115 5215 1176 5254 ea
1210 5202 1476 5268 Ecclesia,
1510 5220 1631 5273 quae
1668 5221 1771 5258 non
1804 5205 1984 5267 dcbct,
2021 5221 2118 5260 nec
2147 5217 2325 5276 potest
2365 5209 2602 5272 mentiri,
2635 5224 2737 5263 nec
2772 5208 2968 5263 falsum
3000 5211 3218 5276 docere,
3252 5224 3354 5266 nec
3382 5211 3454 5266 .in
3488 5214 3652 5266 unico
3687 5213 3856 5284 quidem

698 5290 894 5358 capite,
931 5287 1000 5340 sit
1033 5287 1276 5342 Ecclesia
1313 5289 1581 5355 Romana,
1614 5308 1679 5346 ex
1719 5294 1849 5361 ipsis
1877 5310 2089 5363 quoque
2125 5295 2452 5351 adversariis
2477 5299 2767 5353 evincitur.
2801 5297 3091 5362 Lutherus,
3125 5309 3256 5354 tom.
3295 5298 3384 5363 IV,
3413 5300 3551 5355 edit.
3581 5299 3853 5356 Witember-

701 5378 791 5430 fol.
817 5376 923 5428 9.23
967 5392 978 5446 ς
1021 5373 1133 5428 Nos
1159 5377 1411 5442 fatentur,
1443 5379 1642 5446 inquit,
1695 5382 1788 5432 sub
1835 5393 2031 5447 pupula
2069 5383 2237 5434 multa
2277 5400 2388 5435 esse
2420 5386 2552 5436 bona
2594 5385 2918 5449 Christiana,
2968 5389 3070 5438 into
3101 5403 3250 5440 omne
3283 5386 3476 5440 bonum
3512 5389 3851 5442 Christianam.

700 5479 851 5532 atque
889 5462 1006 5516 inde
1039 5465 1200 5517 etiam
1234 5467 1299 5515 ad
1325 5483 1414 5518 nos
1443 5468 1756 5535 provenisse.
1792 5469 1853 5520 Et
1883 5470 2046 5536 paulo
2085 5478 2204 5537 post
2248 5488 2259 5521 :
2306 5470 2419 5522 Ima
2455 5474 2569 5525 (lico
2609 5475 2661 5525 in
2685 5483 2882 5540 papatu
2930 5490 3100 5526 verum
3135 5490 3248 5528 csse
3277 5473 3747 5536 Christianitatem,
3778 5473 3849 5523 in"

697 5565 871 5602 rerum
904 5553 1145 5603 nucleum
1181 5550 1630 5609 Christianitatis.
1667 5553 1878 5608 Rutsus
1908 5575 1921 5608 :
1956 5555 2018 5608 In
2049 5567 2243 5624 papam
2278 5558 2469 5610 scilicet
2502 5575 2614 5611 esse
2645 5559 2737 5613 Dei
2769 5560 3009 5624 Verbum,
3051 5559 3431 5627 apostolalum,
3466 5579 3660 5631 nosque
3689 5571 3849 5615 sacrm

701 5633 1053 5697 Scripturam,
1092 5635 1434 5700 baptismum,
1466 5651 1822 5700 sacramenta,
1853 5652 1899 5690 ct
1933 5640 2259 5706 pra-dicundi
2291 5645 2508 5712 o/ﬁcium
2538 5646 2600 5698 ab
2626 5648 2754 5715 ipsis
2788 5649 3093 5714 sumpsisse.
3135 5648 3370 5702 Bttccrus
3411 5649 3465 5702 in
3497 5649 3848 5718 Pricparatione

698 5718 761 5770 ad
792 5720 1075 5775 concilium
1113 5739 1126 5774 :
1164 5720 1326 5777 Planc
1361 5725 1688 5791 proﬁtemur,
1749 5728 1880 5780 inter
1910 5728 2110 5793 priscos
2139 5727 2392 5785 Ecclesia'
2426 5733 2614 5789 Patres
2648 5739 2935 5802 convenire,
2994 5738 3271 5791 orimatum
3315 5739 3559 5794 [rubuisse
3603 5738 3842 5794 Romani“
