3960 6344
72 291 161 348 89⁵1
1446 287 1636 347 ΑΝΝΑ

1658 289 1810 358 LES.
3121 298 3222 364 898

84 386 344 449 [Sericum
366 410 517 461 super
553 396 782 464 reliquas
818 395 1097 449 Ecclesius.
1128 392 1364 450 Jaéobus
1396 396 1448 450 in
1480 398 1784 453 rationibus
1809 400 2109 470 desumptis
2144 416 2209 455 ex
2260 401 2436 457 Verbo
2486 402 2602 468 Dei,
2653 418 2776 473 pag.
2825 405 2913 469 24,
2959 406 3160 459 relatus
3192 422 3224 460 a

82 480 140 534 li.
170 479 226 534 Ρ.
258 479 486 535 llenrico
534 479 648 533 Fitz
684 479 869 534 Simon
912 479 967 534 in
1001 480 1470 535 Britannomachia
1500 484 1869 538 ministrorum
1901 484 1995 541 lib.
2028 502 2066 551 I,
2089 501 2209 557 cap.
2248 489 2334 552 i0,
2365 504 2484 560 pag.
2525 490 2559 544 5
2586 507 2601 544 :
2634 489 2850 544 Nullum
2869 508 2999 556 esse,
3027 492 3225 562 inquit,

79 569 125 617 in
151 574 251 619 toto
288 568 678 619 mundo-locum
708 574 811 617 tum
832 566 1190 635 probabiliter,
1229 582 1291 620 ac
1319 566 1534 621 Romam
1565 571 1721 625 totius
1757 572 2023 641 regiminis
2080 575 2350 631 catholica
2404 577 2655 632 Ecclesia
2702 577 2895 647 fontem
2954 596 3015 633 ac
3065 580 3229 645 origi-

76 667 195 706 nem.
226 649 454 706 Jacobns
484 665 575 703 rex
620 650 908 706 Britannia:
954 652 1008 706 in
1070 650 1231 706 domo
1290 652 1706 723 pariamentaria
1766 659 1990 727 praecise
2044 662 2097 715 in
2154 664 2327 718 medio
2376 665 2567 719 littera:
2622 664 2686 719 D.
2726 662 2889 733 :Ego
2935 664 3225 733 Romanam

77 735 346 790 Ecclesium
375 734 624 814 proﬁteor
642 751 753 789 esse
786 748 1018 790 nostram
1056 739 1328 820 matricem
1365 742 1677 798 Ecclesium.
1732 744 1798 799 Et
1828 746 1882 800 in
1922 746 2213 817 colloquiis
2246 750 2465 822 Hampt.
2499 752 2632 807 Hcce
2667 753 2785 807 inea
2828 732 2924 807 est
2977 732 3219 807 constans

73 839 129 875 uc
151 822 267 911 ﬁxa
277 822 568 911 persuasio,
594 822 792 874 nullam
822 822 1002 877 debere
1035 822 1329 880 Ecclesium
1360 830 1611 884 remotius
1637 848 1672 885 a
1701 831 1944 889 Romana
1964 835 2214 891 Ecclesia
2236 839 2493 907 secedere,
2523 856 2678 911 quam
2703 844 2820 909 ipsa
2846 854 2881 892 'u
2912 855 2968 894 se
2987 840 3101 908 ipsa
3130 839 3229 908 ﬂo-

72 919 202 962 rente
233 906 467 974 digressa
490 907 583 981 sit.
891 916 901 930 ο
1429 945 1438 953 ,
1697 980 1703 987 .
2240 972 2249 977 ῃ
2480 906 2483 907 ν
2534 906 2545 911 -
2572 914 2575 917 .

132 994 183 1047 Si
203 992 390 1061 itaque
421 991 664 1050 Ecclesia
697 994 945 1050 Romana
978 995 1081 1051 fuit
1117 998 1411 1068 aliquando
1440 1016 1536 1071 per
1583 1003 1926 1061 adversarios
1988 1007 2186 1061 matrix
2229 1007 2473 1065 omnium
2542 1008 2928 1073 Ecclesiarum,
2984 1011 3106 1067 ions
3176 1020 3230 1065 et

68 1080 205 1147 origo
223 1080 385 1164 totius
416 1080 697 1149 regiminis
719 1081 996 1135 catholica
1027 1081 1306 1148 Ecclesiae,
1337 1084 1481 1139 unde
1506 1096 1667 1143 omne
1695 1091 1896 1147 bonum
1919 1092 2291 1149 Christianum
2314 1094 2369 1148 in
2385 1095 2521 1149 alias
2546 1098 2882 1164 promanavit
2914 1097 3185 1153 Eeclesias
3210 1114 3226 1157 ;

68 1168 114 1251 in
143 1177 308 1249 eaque
330 1163 431 1251 iuit
463 1179 593 1219 vera
622 1166 1026 1234 Christianitas,
1060 1169 1169 1224 imo
1197 1185 1356 1227 verus
1410 1173 1641 1228 nucleus
1684 1175 2137 1243 Christianitatis,
2199 1180 2290 1234 Dei
2346 1163 2608 1246 Verbum,
2653 1183 3009 1251 apostolatus,
3073 1199 3229 1240 sacra

70 1248 350 1318 Scriptura,
381 1250 705 1319 baptismns,
732 1266 1097 1318 sacramenta,
1126 1264 1180 1311 et
1209 1257 1541 1326 praedicandi
1573 1259 1841 1329 cilicium,
1872 1265 1946 1319 ita
1983 1275 2042 1319 nt
2073 1281 2178 1320 non
2214 1266 2434 1321 licuerit
2470 1267 2540 1321 ab
2559 1281 2621 1321 ea
2656 1248 2911 1323 remotius
2956 1270 3228 1334 secedere,

68 1352 212 1418 qnam
238 1338 353 1407 ipsa
384 1353 413 1392 a
438 1353 500 1395 se
532 1340 646 1409 ipsa
676 1339 904 1397 ilorente
929 1341 1170 1410 digressa
1199 1344 1269 1398 sit
1317 1359 1331 1397 :
1369 1346 1415 1398 si
1452 1338 1563 1399 nec
1606 1345 1788 1413 debet,
1842 1365 1944 1403 nec
2000 1357 2175 1417 potest
2230 1351 2495 1419 ejusmodi
2546 1348 2789 1406 Ecclesia
2842 1355 3079 1415 mentiri,
3134 1366 3233 1408 nec

72 1422 249 1477 falsum
279 1430 497 1490 docere,
536 1440 635 1480 nec
663 1426 720 1480 in
749 1428 913 1482 unico
942 1428 1159 1495 quidem
1182 1428 1379 1496 capite,
1411 1444 1534 1483 cum
1566 1430 1658 1485 Dei
1696 1447 1759 1486 os
1791 1433 1947 1489 sitos
1981 1435 2141 1503 hujus
2159 1434 2446 1502 Ecclesiae,
2476 1438 2570 1505 qui
2617 1438 2834 1492 mentiri
2868 1454 2975 1493 non
3007 1448 3225 1509 patest;

69 1511 178 1579 quis
207 1521 312 1564 tam
338 1511 641 1567 manifesta:
668 1512 1039 1581 impudentia,
1073 1521 1127 1566 et
1159 1511 1480 1567 exsecrandi
1535 1518 1777 1586 stuporis
1805 1521 1932 1582 erit,
1963 1521 2054 1575 oni
2085 1520 2357 1577 afﬁrmare
2415 1523 2657 1589 audebit,
2715 1522 3016 1579 Romanam
3070 1525 3232 1581 iidem

73 1597 290 1666 Apostoli
321 1598 582 1652 munitam
612 1597 935 1652 auctoritate
961 1604 1222 1650 mutatam
1257 1594 1464 1651 fuisse?
2722 1619 2731 1628 “
3228 1614 3230 1616 '

127 1683 190 1736 At
216 1683 435 1752 objiciet
466 1684 553 1738 hic
601 1682 739 1738 forte
770 1682 1209 1737 adversariorum
1236 1697 1506 1738 nonnemo
1538 1699 1554 1747 ;
1590 1684 1718 1739 Haec
1761 1683 2121 1742 inlaliibilitas
2152 1688 2439 1743 tribuenda
2483 1697 2567 1744 est
2602 1690 2861 1746 Ecclesia:
2916 1692 3232 1758 universali,

68 1770 140 1823 cui
170 1769 219 1822 id
245 1762 575 1837 promissum
609 1780 713 1835 est,
749 1785 857 1825 non
885 1778 1064 1823 autem
1092 1770 1253 1833 alicui
1286 1766 1571 1839 singulari.
2366 1806 2369 1809 ι
2679 1817 2681 1820 i

123 1853 199 1908 Ad
216 1855 353 1908 banc
374 1855 732 1923 objectionem
756 1854 1079 1924 respondeat
1098 1854 1426 1909 adversariis
1449 1868 1588 1908 unus
1608 1868 1673 1908 ex
1696 1853 2130 1909 adversariorum
2151 1872 2314 1927 grege
2352 1858 2682 1925 Witakerns,
2707 1869 2882 1916 contr.
2904 1862 2960 1929 2,
2982 1873 3178 1933 quaest.
3199 1867 3233 1919 ι

67 1955 174 2011 cap.
204 1942 260 2006 5,
300 1957 432 2011 pag.
462 1940 588 2008 489,
622 1938 713 1997 ubi
744 1959 760 1997 :
786 1941 936 1997 Nihil
968 1949 1069 2006 est,
1106 1942 1300 2018 inquit,
1330 1940 1610 2024 uniuersali
1644 1939 1893 1996 Ecclesire
1920 1943 2259 2010 promissum,
2289 1945 2429 2014 quod
2460 1962 2564 2001 non
2605 1948 2850 2004 similiter
2875 1950 3236 2019 singularibus

68 2026 302 2082 Eeclesiis
331 2030 680 2096 promittitur.
1614 2051 1619 2055 -

124 2111 225 2167 Fac
257 2114 329 2167 ita
358 2114 455 2174 sit,
483 2114 676 2169 dernus
704 2110 865 2168 modo
907 2112 1011 2167 hoc
1039 2111 1317 2167 Witakero
1343 2121 1395 2166 et
1418 2108 1736 2183 symmystis
1785 2109 2064 2179 (quamvis
2090 2112 2435 2183 erroneum),
2503 2117 2650 2184 quod
2694 2115 2904 2171 scilicet
2942 2116 3077 2172 nihil
3138 2117 3241 2172 luit

65 2199 381 2269 promissum
412 2196 671 2253 Ecclesia:
704 2198 1018 2259 universali,
1048 2197 1193 2267 quod
1227 2197 1597 2266 singularibus
1638 2192 1902 2252 Ecclesiis
1935 2214 2043 2252 non
2077 2198 2240 2254 fuerit
2266 2205 2616 2268 promissum.
2671 2203 2804 2259 iure
2851 2189 2980 2274 ergo
3024 2221 3092 2261 ea
3128 2206 3232 2261 hac

64 2284 296 2340 doctrina
328 2283 533 2339 inferre
560 2283 687 2339 licet
723 2285 792 2339 ad
818 2283 1119 2347 hominem,
1148 2282 1443 2345 Ecclesiam
1474 2282 1778 2338 Romanam
1810 2288 2088 2361 nunquam
2111 2279 2489 2351 succubuisse,
2519 2303 2696 2359 neque
2733 2292 3093 2348 succumbere
3141 2308 3237 2364 po-

64 2373 241 2437 tuisse,
272 2370 403 2440 quia
434 2370 728 2439 aliquando
761 2369 860 2423 init
891 2384 1016 2451 vera
1046 2366 1293 2424 Ecclesia
1322 2383 1421 2451 per
1456 2370 1604 2445 ipsos
1632 2372 1999 2436 adversarios,
2034 2380 2088 2427 et
2122 2386 2187 2427 os
2222 2372 2340 2435 Dei,
2377 2375 2463 2429 vel
2502 2390 2609 2444 qua
2643 2377 2990 2442 universalis,
3022 2381 3103 2434 vel
3130 2395 3238 2451 qua

63 2456 363 2528 singularis,
389 2472 514 2511 cum
545 2457 681 2511 nihil
710 2450 807 2527 per
835 2446 989 2525 ipsos.
1010 2456 1083 2511 sit
1121 2447 1467 2531 promissum.
1490 2456 1747 2513 Ecclesiae
1786 2460 2107 2523 universali,
2139 2459 2287 2529 quod
2314 2460 2685 2529 singularibus
2730 2477 2839 2516 non
2889 2463 3051 2519 luerit
3090 2446 3238 2535 ‘pro-

64 2546 299 2599 missum.
325 2543 444 2610 Qua
484 2543 652 2614 igitur
674 2541 852 2597 fronte
887 2557 1006 2604 eam
1032 2542 1352 2599 insimulare
1377 2542 1579 2598 audent
1606 2547 1809 2601 erroris
1855 2553 1911 2600 et
1959 2545 2188 2615 lapsus!
2221 2545 2349 2602 Suis
2381 2562 2442 2602 se
2488 2547 2817 2615 confodiunt
2868 2550 3061 2614 armis,
3112 2551 3241 2606 dum

64 2629 340 2685 incurrunt
375 2643 525 2695 caeco
555 2629 761 2699 impetu
795 2628 849 2684 in
881 2626 1182 2684 Romanam
1215 2628 1536 2691 Ecclesiam,
1564 2622 1793 2697 ejusque
1817 2641 2039 2682 causam
2087 2628 2145 2682 in
2189 2627 2367 2682 lucem
2422 2629 2669 2685 veritatis
2727 2630 2883 2685 inviti
2938 2630 3240 2700 proferunt,

64 2730 123 2770 ac
153 2716 267 2771 suis
300 2729 362 2770 se
389 2711 674 2784 implicant
705 2714 1102 2783 paralogismis.
1125 2713 1299 2768 Nemo
1331 2715 1479 2768 enim
1503 2728 1657 2768 sanae
1672 2714 1867 2767 mentis
1892 2711 2052 2768 facile
2084 2713 2360 2778 cuncedit,
2406 2715 2551 2784 quod
2601 2715 2743 2783 ipsi,
2803 2717 3057 2771 nimirum
3109 2718 3246 2772 nihil

66 2803 310 2858 Ecclesia
340 2792 635 2857 universali
671 2787 1001 2869 promissum
1034 2790 1225 2865 fuisse,
1258 2800 1400 2870 quod
1431 2799 1801 2869 singularibus
1827 2798 2083 2855 Eeclesiis
2127 2814 2233 2853 non
2265 2798 2433 2869 inerit
2478 2801 2808 2870 promissum
2836 2817 2853 2867 ;
2893 2818 3016 2856 cum
3049 2804 3245 2858 certis-

64 2889 249 2945 simum
280 2888 373 2953 sit,
406 2887 662 2942 Ecclesia
692 2886 987 2942 universali
1018 2886 1341 2957 promissam
1366 2886 1538 2941 luisse
1586 2884 2043 2948 ini'allibilitatem,
2077 2885 2441 2954 singularibus
2494 2900 2628 2940 vero
2654 2902 2760 2940 non
2796 2888 2949 2941 item.
2986 2888 3060 2943 De
3087 2889 3248 2944 inlat-

64 2977 299 3032 libilitate
331 2975 658 3031 universalis
683 2974 941 3031 Ecclesia
968 2974 1177 3029 dictum
1209 2986 1297 3030 est
1327 2992 1341 3030 :
1379 2974 1458 3029 Tu
1482 2990 1536 3029 es
1574 2972 1784 3035 Petrus,
1838 2980 1889 3025 et
1932 2987 2086 3043 super
2139 2971 2276 3026 hunc
2350 2984 2553 3040 petram
2612 2974 2883 3043 aediﬁcabo
2954 2973 3246 3031 Ecclesium

63 3079 247 3131 meum,
271 3073 320 3119 et
348 3070 517 3133 portu:
536 3062 698 3130 inferi
734 3078 838 3116 non
864 3064 1241 3131 prmalebunt.
1309 3064 1554 3117 adversus
1579 3076 1693 3114 eam
1724 3057 1942 3131 (Matth.
1972 3073 2085 3124 xvt,
2116 3058 2226 3129 is).
2254 3056 2365 3114 Nec
2396 3074 2504 3115 non
2540 3076 2565 3113 ι
2590 3061 2721 3127 ρειαί
2763 3070 2839 3116 est
2878 3060 3112 3135 Ecclesia
3147 3065 3245 3119 Dei

63 3152 172 3218 viri,
193 3152 439 3205 columna
464 3158 514 3203 et
547 3151 938 3219 ﬁrmamentum
963 3150 1225 3205 ueritatis.
1247 3147 1302 3219 (ι
1338 3148 1476 3204 Tim.
1504 3163 1589 3211 tu,
1620 3145 1730 3216 15).
1762 3145 1916 3201 Unde
1947 3144 2204 3215 praelare
2230 3144 2602 3215 Stapletonui,
2626 3157 2873 3203 controv.
2894 3150 2948 3211 4.
2966 3160 3157 3220 quaest.
3187 3150 3246 3217 2,

62 3237 286 3292 articulo
312 3238 478 3290 unico
514 3254 531 3289 :
565 3233 832 3299 Ecclesia,
859 3235 1143 3303 inquit,‘in
1164 3234 1502 3290 conclusione
1535 3231 1659 3304 ﬁdei
1715 3245 1917 3296 semper
1970 3243 2044 3285 est
2093 3232 2390 3285 certissima
2451 3242 2501 3287 et
2560 3233 2878 3303 infallibilis.
2934 3235 3248 3306 Singulares

60 3312 333 3379 Ecclesiae
364 3323 436 3378 de
466 3321 613 3378 iacto
643 3316 935 3384 deiecisse.
960 3332 1128 3393 atque
1157 3322 1520 3378 succubuisse
1550 3318 1959 3376 evidentissitne
1989 3325 2222 3371 constat.
2276 3315 2412 3372 Nam
2444 3320 2571 3389 quis
2603 3322 2799 3388 nescit,
2860 3318 3250 3379 Crinstantino-

67 3409 350 3477 politanam
379 3409 738 3464 succubuisse
773 3410 1067 3478 aliquando
1104 3409 1160 3463 in
1190 3398 1526 3474 Macedonio,
1554 3417 1611 3461 et
1642 3404 1892 3460 Nestorio
1912 3419 1928 3470 ς
1952 3402 2370 3458 Alexandrinam
2396 3404 2448 3458 in
2480 3404 2775 3475 Dioscoro;
2803 3409 2859 3462 in
2886 3407 3125 3467 lacario
3139 3413 3252 3469 An-

66 3494 388 3560 tiochenam,
419 3502 474 3549 et
511 3495 592 3551 sic
628 3495 696 3550 de
724 3494 891 3551 aliis?
921 3495 1108 3563 Restat
1136 3510 1291 3565 ergo,
1322 3503 1382 3550 ut
1424 3494 1695 3567 dicamus,
1728 3489 2170 3545 iniallibilitatem
2219 3492 2529 3546 necessario
2577 3494 2815 3549 residere
2866 3511 3033 3567 penes
3062 3498 3254 3554 Eccle-

68 3583 196 3635 siam
234 3581 622 3647 uuiversaiem,
653 3580 813 3649 cujus
841 3586 1004 3651 caput
1031 3591 1116 3638 est
1149 3562 1427 3637 Romanus
1454 3562 1714 3652 pontiies',
1743 3579 1828 3632 cui
1850 3578 1902 3630 in
1927 3578 2110 3640 Petro,
2140 3576 2296 3646 cujus
2328 3572 2415 3631 est
2444 3593 2753 3646 successor,
2777 3584 2847 3636 ab
2866 3562 2969 3637 ore
2995 3582 3251 3641 Veritatis

68 3667 262 3722 dictum
290 3667 452 3722 fuit:
492 3664 606 3737 Ego
631 3676 807 3722 autem
832 3669 1014 3743 rogaui
1037 3685 1134 3739 pro
1170 3677 1238 3734 te,
1263 3678 1320 3722 ut
1344 3684 1446 3722 non
1473 3667 1684 3732 deficiat
1708 3664 1840 3733 fides
1865 3672 1958 3716 tua
1984 3660 2140 3730 (Luc.
2168 3677 2302 3726 uti,
2338 3663 2453 3732 52).
2509 3661 2664 3729 Quod
2720 3680 2850 3727 vero
2895 3670 3077 3723 statim
3118 3672 3250 3727 sub.

62 3751 299 3825 jungitur
326 3768 342 3807 :
379 3750 447 3805 Et
473 3764 530 3806 tu
559 3752 843 3822 aliquando
873 3770 1151 3810 conuersus
1179 3746 1431 3824 conﬁrma
1457 3754 1653 3824 fratres
1686 3760 1803 3803 tuos
1854 3747 2048 3819 (δια),
2071 3747 2140 3803 de
2167 3748 2537 3818 singularibus
2563 3747 2821 3806 Ecclesiis
2844 3751 3250 3823 intelligendum

64 3848 165 3904 est,
192 3856 315 3911 qua:
353 3840 411 3893 in
451 3838 556 3893 (ide
588 3840 907 3910 dirigenda,
936 3851 990 3897 et
1017 3843 1404 3899 cOniirmandte
1428 3832 1557 3896 sunt
1581 3854 1611 3894 a
1638 3837 1786 3893 Petri
1816 3847 2158 3917 successore,
2202 3833 2259 3887 in
2294 3849 2456 3902 quem
2506 3836 2863 3891 continuandi
2912 3839 3110 3896 fratres
3154 3857 3255 3898 au-

65 3927 283 3981 ctoritas
306 3926 552 3981 derivata
583 3933 688 3980 est.
715 3928 871 3997 Apud
898 3927 1198 3985 Romanam
1234 3929 1395 3998 igitur
1422 3923 1725 3983 Ecclesium
1751 3921 1947 3978 residet
1992 3920 2106 3975 haec
2152 3918 2539 3980 iniallibilitas.
2608 3923 2934 3995 Quanquam
2980 3927 3122 3983 haud
3166 3923 3253 3988 me

66 4011 209 4079 latet,
238 4013 601 4085 Witalrernm,
638 4031 789 4072 more
811 4016 1059 4070 omnium
1090 4015 1467 4070 haereticorum
1496 4028 1527 4067 a
1566 4024 1627 4067 se
1652 4012 1771 4082 ipso
1801 4007 2135 4068 desciscere,
2170 4019 2335 4076 atque
2360 4008 2490 4063 alibi
2521 4024 2789 4077 asserere,
2822 4022 2930 4066 tam
2952 4014 3248 4071 Eeelesiam

67 4099 451 4169 universaiem,
477 4118 642 4173 qnam
662 4102 971 4173 singulares
1007 4101 1283 4157 Ecciesias
1309 4114 1499 4156 errare
1533 4112 1716 4171 posse.
1738 4090 1819 4150 Ei
1847 4108 1957 4165 quo
1987 4094 2148 4164 plane
2179 4101 2327 4162 patet
2370 4095 2473 4150 bos
2502 4096 2557 4150 in
2585 4098 2750 4150 Deum
2776 4098 2956 4167 ipsum
2997 4099 3255 4170 blasphe-

67 4198 181 4240 tnos
212 4201 360 4250 esse,
398 4187 528 4259 quia
551 4188 597 4243 si
624 4202 689 4244 os
712 4187 991 4257 Ecclesiae,
1021 4189 1165 4256 quod
1201 4202 1298 4257 per
1328 4186 1474 4257 ipsos
1502 4192 1588 4241 est
1617 4182 1712 4238 Dei
1745 4196 1832 4245 os,
1874 4178 2121 4243 mentiri,
2160 4188 2215 4233 et
2252 4194 2438 4235 errare
2467 4191 2673 4251 potest,
2719 4188 2966 4253 sequitur
3004 4187 3130 4242 inde
3158 4203 3258 4243 ne-

67 4276 323 4338 cessario,
360 4266 532 4329 Deum
558 4284 616 4328 et
646 4273 882 4340 mentiri,
913 4285 966 4328 et
999 4287 1183 4328 errare
1210 4288 1390 4343 posse,
1418 4270 1570 4343 quod
1601 4272 1709 4326 vel‘
1730 4268 1912 4326 verbis
1943 4266 2207 4339 proferre,
2244 4277 2341 4322 aut
2369 4278 2550 4325 mente
2594 4272 2883 4341 concipere
2932 4272 3000 4329 ad
3049 4273 3248 4332 borum

64 4358 487 4414 convincendatn
512 4359 972 4429 pervicacitatent,
1001 4361 1220 4414 animus
1247 4362 1438 4414 horret
1473 4359 1731 4430 luctuque
1762 4359 1985 4427 refugit.

135 4440 213 4541 'l‘u
274 4454 495 4509 autem,
561 4442 831 4511 Seldene,
900 4447 1013 4502 haec
1071 4445 1277 4503 interea
1354 4445 1547 4517 reliqui
1618 4459 1812 4502 versus
1879 4445 1934 4498 in
2010 4441 2289 4500 Romanos
2351 4445 2599 4517 usurpati
2664 4455 2874 4505 attento
2937 4450 3256 4523 perpendito

72 4541 269 4587 animo.

451 4645 564 4713 Nec
596 4656 645 4702 te
674 4614 976 4718 admireris
1011 4661 1183 4705 extra.

70 4759 266 4817 Tecum
300 4761 507 4826 habita,
536 4769 809 4837 tenosce,
833 4776 935 4818 nec
958 4761 1026 4820 de
1054 4760 1297 4819 Romana
1323 4762 1586 4834 religione
1608 4761 1683 4818 ita
1705 4771 1909 4817 temere
1938 4758 2284 4831 pronunties,
2307 4771 2437 4824 cum
2465 4771 2695 4829 prorsus
2720 4757 2838 4827 ipse
2866 4757 3105 4823 nescias,
3133 4773 3253 4828 qua

70 4850 141 4907 sit
179 4849 342 4919 hodie
371 4850 428 4906 iu
459 4856 553 4905 tua
580 4864 705 4906 vere
735 4850 1022 4921 plusquam
1049 4850 1416 4907 turbidissima
1445 4850 1640 4922 Anglia
1663 4848 2006 4919 religio,>nec
2033 4861 2155 4917 qua:
2186 4845 2261 4900 sit
2288 4844 2411 4900 cras
2443 4843 2648 4912 futura,
2694 4861 2803 4900 non
2853 4847 3120 4914 omnium,
3169 4849 3256 4902 in-

73 4949 252 5005 quam,
285 4935 381 4991 sed
414 4936 791 5006 singulorum;
829 4946 909 4993 tot
940 4936 1084 4995 enim
1108 4937 1249 5007 apud
1278 4951 1376 4993 vos
1410 4946 1538 4992 sunt
1561 4935 1871 5006 religiones,
1900 4940 2035 5006 quot
2088 4935 2290 5004 capita.
2345 4930 2455 4986 Res
2505 4931 2621 5002 ipsa
2668 4931 2725 4986 in
2780 4931 2916 4987 i‘oris
2978 4943 3031 4986 et
3058 4933 3256 5003 plateis

73 5011 387 5090 proclamat.
414 5022 639 5080 Decreta
669 5023 837 5077 vestri
868 5032 1116 5089 senatus,
1150 5038 1247 5080 seu
1279 5022 1602 5092 pariamenti
1636 5032 1762 5078 ante
1784 5031 2023 5091 quatuor
2064 5019 2235 5075 lenne
2288 5032 2463 5073 annos
2523 5019 2669 5074 edita
2723 5017 2790 5083 de
2828 5020 3088 5089 religione
3145 5028 3262 5076 sta-

76 5106 268 5161 tuenda
293 5122 325 5161 a
349 5107 547 5162 vestris
576 5106 842 5177 theologis
869 5115 925 5161 et
954 5108 1216 5163 ministris
1246 5108 1350 5164 hoc
1402 5110 1537 5166 satis
1579 5124 1856 5180 superque
1895 5116 2188 5164 testantur.
2231 5103 2561 5160 Iamdudum
2623 5106 2723 5160 hac
2772 5107 2839 5160 de
2892 5120 2954 5160 re
2999 5106 3258 5175 gravibus

74 5203 406 5263 conquestus
433 5199 517 5249 est
541 5192 731 5272 verbis
749 5192 1240 5251 Theodorus'Beza
1273 5197 1327 5251 in
1356 5196 1532 5268 Epist.
1554 5195 1816 5268 Ibeolog.
1847 5197 2010 5266 epist.
2040 5211 2079 5263 ι,
2106 5195 2175 5250 ad
2210 5193 2484 5261 Andream
2509 5192 2785 5248 Duditinm
2831 5208 2847 5247 :
2884 5192 3257 5248 Exercuerunt

77 5302 152 5341 nte
179 5286 295 5349 diu,
329 5298 380 5343 et
418 5287 641 5342 multum
662 5288 770 5343 illa
800 5287 949 5356 ipsa,
972 5305 1106 5357 quas
1140 5288 1395 5347 describis
1424 5291 1788 5362 cogitationes,
1819 5290 2017 5344 scilicet
2054 5297 2265 5365 nostros
2295 5286 2538 5357 palantes
2583 5286 2724 5340 omni
2776 5286 3034 5339 doctrina
3080 5292 3256 5346 rente,

78 5382 125 5425 et
154 5374 209 5427 in
240 5373 409 5427 altam
445 5375 703 5441 sublatos,
734 5376 885 5429 modo
907 5370 974 5429 ad
997 5376 1156 5439 hanc,
1182 5378 1336 5432 modo
1362 5380 1432 5433 ad
1459 5370 1609 5433 illam
1639 5386 1840 5447 partem
1868 5376 2086 5444 deferri.
2117 5374 2318 5430 Horum
2338 5390 2454 5445 quur
2478 5374 2547 5428 sit
2574 5373 2729 5428 hodie
2766 5373 2829 5427 de
2862 5372 3105 5441 religione
3131 5387 3263 5424 sett-

81 5459 258 5523 teatia,
296 5461 430 5515 scire
455 5459 683 5530 fortasse
707 5464 897 5529 possis,
920 5462 1013 5518 sed
1033 5460 1152 5533 qui:
1182 5480 1305 5519 cras
1339 5464 1405 5520 de
1428 5466 1614 5544 eadem
1649 5469 1833 5534 futura
1859 5465 1930 5520 sit
1960 5466 2163 5534 opinio,
2210 5479 2371 5532 neque
2396 5472 2538 5516 certo
2569 5462 2831 5534 aﬁrmure
2854 5474 3037 5529 queas.
3070 5458 3135 5511 in
3161 5472 3263 5513 asto

84 5548 286 5603 tandem
312 5546 579 5619 religionis
602 5551 775 5620 capite
810 5561 1105 5622 congruunt
1129 5553 1269 5607 inter
1289 5569 1345 5607 se
1380 5549 1653 5620 Ecclesia,
1678 5568 1799 5623 qua
1828 5550 2067 5608 Romano
2108 5546 2358 5620 Ponti/lci
2398 5549 2593 5604 bellum
2639 5548 2977 5603 indixerunt?
3016 5547 3059 5598 A
3091 5545 3261 5611 capite

83 5634 151 5686 ad
181 5636 373 5691 calcent
396 5635 442 5692 si
464 5650 740 5707 percurras
771 5641 970 5708 omnia,
1009 5640 1150 5695 nihil
1169 5641 1545 5705 propemodum
1572 5641 1800 5705 reperias
1826 5641 1889 5695 ab
1921 5656 2027 5695 uno
2078 5636 2353 5706 σαυππε,
2376 5636 2515 5705 quod
2544 5636 2679 5692 alter
2705 5635 2884 5689 statim
2916 5649 3018 5688 non
3046 5630 3262 5695 impiam
