3960 6344
643 210 746 271 899
1646 201 2006 263 EUTYCHII
2059 205 2152 262 AI.
2165 204 2300 261 ΕΧΑ
2313 204 2357 260 Ν
2371 205 2464 262 DR
2479 207 2494 259 l
2507 202 2583 260 Nl
2641 205 2854 279 PATR.
3709 211 3785 272 9m

649 333 758 369 csse
794 316 1039 368 clamitet.
1073 315 1175 367 Sed
1212 315 1466 367 audiatur
1497 315 1660 366 etiam
1702 315 1973 369 Lutherus
2001 315 2052 368 in
2080 315 2250 382 Epist.
2295 313 2356 365 ad
2391 314 2812 381 Antverpienses
2845 331 2857 366 :
2893 313 2990 366 Tot
3040 315 3172 366 inter
3209 298 3299 366 nos
3343 311 3617 379 religiones
3665 327 3780 380 sunt,

649 411 770 468 quot
802 401 1052 463 homines,
1079 415 1238 468 neque
1270 404 1538 452 asinorum
1575 399 1846 465 quisquam
1875 408 1950 453 est
1980 408 2088 452 tant
2117 400 2267 452 hebes
2287 441 2301 462 ,
2330 411 2378 454 et
2410 415 2622 456 cmi-ars.
2671 400 2759 468 qui
2825 402 3082 453 insomnia
3128 400 3326 468 proprii
3377 399 3584 466 capitis.
3624 409 3668 453 et
3702 417 3792 469 pro.

649 487 818 554 priam
851 487 1139 554 opinionem
1170 503 1262 553 pro
1284 487 1527 537 instinctu
1557 482 1779 551 Spiritus
1809 487 1996 549 sancti,
2027 496 2073 537 et
2106 503 2158 538 se
2189 488 2354 553 ipsum
2395 489 2691 554 prop/ictam
2713 486 2890 539 haberi
2921 489 3066 540 nolit.

721 573 918 635 Velim,
950 591 1090 627 num:
1130 572 1506 639 regrediantur
1537 587 1600 624 ex
1627 573 1817 625 inferis
1848 573 1984 626 Beza
2025 573 2133 632 ille.
2175 583 2228 625 et
2259 572 2554 634 Luthcrus,
2590 582 2644 624 ut
2671 586 2918 638 quaenam
2959 570 3025 624 de
3053 586 3155 626 una
3183 573 3297 627 sola
3329 572 3515 641 Anglia
3545 585 3718 623 eorum
3747 575 3798 628 sit

648 660 812 712 modo
852 658 1141 718 sententia.
1181 659 1387 712 dicant.
1425 656 1560 711 Nam
1594 658 1636 711 si
1669 666 1801 712 tunc
1840 659 1893 712 in
1924 660 2041 714 dies
2073 659 2416 726 singulorum
2473 657 2792 710 mutabatur
2843 656 2908 709 de
2950 657 3206 725 religione
3269 659 3473 729 opinio,
3518 672 3655 710 nunc
3699 673 3801 712 sane.

651 746 706 798 in
739 746 918 810 horas,
949 754 1002 798 et
1029 753 1318 798 momenta.
1344 744 1583 798 Turbida
1638 746 1852 812 quidem
1891 755 1974 799 est
2017 745 2255 798 omnium
2297 744 2718 797 Protestantium
2765 744 2961 812 ubique
3037 752 3298 796 terrarum
3384 759 3683 815 synagoga;
3730 746 3802 800 see

651 832 894 882 omnium
961 830 1334 883 turbidissima
1399 839 1503 892 est.
1560 847 1718 900 quam
1766 832 2116 899 Anglicanam
2178 839 2397 902 vocant.
2453 829 2510 883 lu
2567 830 2954 892 densissimis,
3015 839 3069 882 et
3140 830 3426 897 plusquam
3501 830 3803 900 Egyptiacis

645 916 791 984 jacet
827 917 942 969 tunc
969 915 1229 982 tenebris,
1251 905 1352 972 ubi
1384 931 1500 969 eam
1553 918 1822 984 palpando
1852 933 1916 971 ex
1969 926 2188 971 senatus
2250 918 2466 972 decreto
2512 916 2800 985 qumitant
2828 914 3057 968 ministri
3115 929 3176 968 ac
3211 916 3462 983 theologi,
3519 927 3573 970 et
3630 929 3801 982 nequa-

651 1017 814 1069 quam
866 1003 1111 1057 invenire
1172 1003 1436 1056 hactenus
1500 1013 1815 1070 patuerunt,
1864 1005 1956 1058 sed
2007 1004 2232 1057 conqua
2311 1019 2433 1057 vera
2494 1018 2636 1057 verae
2696 1001 2950 1055 Ecclesia:
3007 1003 3212 1069 lingua,
3267 1001 3496 1068 lapides.
3552 1010 3609 1054 ut
3663 1003 3804 1062 aiunt.

651 1102 749 1156 pro
808 1080 1097 1154 eminente,
1145 1097 1198 1143 et
1259 1089 1360 1143 hoc
1421 1104 1517 1157 pro
1577 1089 1842 1159 lapidibus
1904 1091 1954 1141 in
2003 1090 2138 1142 turri
2196 1089 2294 1143 hac
2352 1091 2641 1158 Anglieana
2705 1089 2836 1142 a‘ter
2876 1088 3026 1142 alteri
3069 1086 3308 1158 porrigit.
3361 1085 3808 1157 Quamobremsz

651 1173 882 1232 Seldcne

1122 1293 1230 1349 Nec
1261 1303 1306 1349 te
1331 1296 1630 1361 quasiveris
1658 1304 1830 1350 cxtra.

649 1399 780 1454 Nam
813 1421 825 1456 :
861 1402 921 1458 Si
948 1406 1112 1465 potuit
1138 1408 1355 1459 evadere
1382 1407 1679 1480 quisquam,
1711 1407 1886 1468 inquit
1918 1405 1956 1458 Ι)
1985 1405 2286 1475 Cyprianus
2317 1403 2386 1457 De
2423 1406 2554 1457 unit.
2579 1403 2772 1457 Ifccles.
2807 1403 2962 1467 libro,
2994 1403 3080 1472 qui
3113 1413 3262 1477 cetra
3290 1416 3468 1453 arcam
3504 1397 3617 1452 Noe
3645 1398 3753 1465 fuit.
3773 1401 3813 1452 el

648 1490 736 1555 qui
759 1500 908 1543 extra
938 1479 1226 1545 Ecclesium
1260 1492 1392 1559 foris
1425 1491 1603 1561 fuerit.
1631 1479 1843 1553 euadit;
1884 1505 2024 1544 stare
2068 1501 2123 1544 tu
2148 1492 2421 1563 (Seldenc)
2453 1503 2502 1546 et
2538 1494 2704 1548 vivere
2741 1501 2894 1560 putas
2939 1507 3089 1557 posse
3114 1493 3177 1545 de
3207 1489 3442 1544 Eccicsia
3500 1487 3814 1560 recedentem,

650 1575 795 1628 sedes
825 1578 917 1629 tibi
948 1578 1109 1642 alias.
1141 1588 1189 1631 et
1213 1579 1430 1632 diuersa
1461 1579 1735 1633 domicilia
1766 1579 2072 1632 condentem
2097 1579 2123 1631 7
2534 1581 2544 1592 ’

720 1660 890 1716 Porro
914 1665 1134 1731 quinam
1157 1663 1598 1731 adversariorum
1633 1681 1834 1733 scapus
1890 1673 1993 1725 cst.
2051 1665 2177 1718 dum
2217 1663 2284 1716 de
2311 1717 2316 1720 ,
2345 1663 2781 1735 presbylcrorum
2836 1674 2890 1719 et
2942 1666 3320 1734 episcoporum
3371 1662 3697 1732 :cqualilate.
3742 1668 3818 1715 aut

649 1743 1033 1818 ttuequalitate.
1067 1749 1150 1805 vel
1178 1749 1497 1806 discrimine
1527 1751 1810 1805 nobiscum
1843 1750 2249 1819 digladiantur?
2276 1759 2330 1804 et
2364 1743 2624 1819 quorsum
2670 1752 2992 1807 collimant?
3029 1750 3260 1805 fortasse
3295 1750 3706 1818 percontabitur
3732 1748 3811 1803 hic

649 1846 920 1888 nonnemo
943 1851 966 1899 ς,
989 1850 1110 1890 cum
1143 1836 1243 1906 ipsi
1281 1853 1380 1892 nec
1403 1839 1747 1909 presbyteros
1779 1839 2038 1903 habeant,
2074 1852 2174 1891 nec
2220 1837 2528 1908 episcopos,
2581 1839 2834 1907 aequales,
2887 1837 2971 1892 vel
3022 1835 3342 1908 inaequales.
3396 1844 3490 1890 aut
3541 1835 3818 1909 secundum

649 1936 1028 1990 quamcunque
1054 1923 1215 1978 aliam
1252 1926 1478 1993 ﬁguram
1508 1915 1916 1993 geometricam.
2570 1909 2576 1915 ’

719 2007 862 2062 Sane
893 2011 1073 2065 nullus
1109 2011 1249 2065 alius
1273 2026 1477 2080 sc0pus
1501 2012 1614 2067 illis
1639 2028 1760 2067 esse
1793 2013 2028 2075 videtur.
2058 2020 2148 2066 aut
2180 2012 2340 2074 ratio,
2376 2026 2537 2080 quam
2566 2011 2677 2079 ipsa
2713 2010 2947 2076 insania,
2992 2023 3046 2066 et
3093 2009 3261 2065 libido
3301 2010 3390 2064 illa
3430 2007 3691 2064 Ecclesia
3730 2008 3821 2058 Ro-

649 2109 821 2149 manze
853 2095 1344 2166 impugnandorum
1378 2098 1714 2168 dogmatum.
1765 2097 1874 2152 Nec
1919 2097 2112 2165 puduit
2169 2097 2463 2151 Lutherum
2523 2098 2626 2152 hoc
2686 2107 2871 2166 aperte
2928 2098 3082 2152 fateri
3148 2107 3280 2153 tom.
3315 2095 3353 2148 ν
3393 2095 3525 2150 edit.
3571 2093 3822 2157 Witteta.,

649 2195 778 2236 ann.
811 2183 970 2243 1551.
1012 2184 1106 2239 fol.
1138 2184 1243 2237 £75
1269 2202 1284 2238 :
1322 2184 1522 2237 Doctor
1542 2184 1805 2248 Martinus
1831 2184 2024 2239 Luthcr
2051 2185 2157 2238 vult
2187 2187 2262 2239 sic
2284 2186 2494 2245 habere.
2524 2197 2571 2238 et
2602 2186 2732 2238 dicit
2755 2187 3019 2252 papistam
3065 2178 3128 2238 ct'
3147 2185 3353 2238 asinum
3375 2199 3494 2248 esse
3525 2199 3636 2235 rem
3665 2197 3822 2235 uacat.

648 2268 736 2323 Sic
762 2268 897 2328 uolo.
923 2271 998 2323 sic
1016 2269 1198 2337 jubeo,
1227 2271 1295 2323 sit
1329 2287 1421 2338 pro
1451 2271 1656 2324 ratione
1677 2271 1939 2324 voluntas.
1973 2271 2146 2324 Aliam
2177 2286 2394 2339 quoque
2437 2271 2592 2324 aliert
2639 2271 2715 2324 rei
2767 2271 2928 2334 hujus
2979 2284 3195 2323 causam
3244 2278 3388 2322 tomo
3421 2267 3490 2320 IV
3546 2267 3680 2322 edit.
3728 2266 3823 2321 lett.

651 2354 745 2411 fol.
768 2355 894 2422 243.
927 2365 1036 2410 tam
1069 2355 1134 2410 de
1159 2372 1236 2419 se.
1279 2373 1437 2425 quam
1473 2359 1539 2411 de
1570 2360 1684 2412 suis
1711 2358 1939 2426 loquens
1967 2377 1982 2412 ς
2017 2359 2122 2412 Nos
2159 2376 2189 2411 a
2221 2358 2451 2419 diabolo.
2487 2358 2683 2426 inquit,
2721 2359 2950 2421 captivos
2991 2357 3172 2420 teneri,
3202 2355 3358 2409 veluti
3389 2372 3420 2408 a
3455 2355 3738 2422 principe;
3774 2369 3825 2405 ac

648 2442 756 2497 Deo
793 2452 990 2507 nostra,
1015 2450 1074 2495 ut
1100 2459 1356 2513 cogamur
1380 2443 1548 2509 facere
1569 2445 1820 2514 quidquid
1849 2447 1956 2510 ipse
1986 2447 2113 2510 vult,
2146 2447 2391 2508 nobisque
2449 2445 2696 2505 inspirat.
2731 2443 2795 2496 Et
2819 2445 2910 2511 qui
2943 2454 3276 2503 sanctorum.
3301 2456 3364 2495 ac
3396 2442 3661 2495 bonorum
3689 2453 3828 2506 auge.

648 2526 824 2580 lorum
862 2525 1260 2580 invocationem
1295 2535 1353 2580 ut
1385 2527 1782 2581 idololatricam
1821 2528 2031 2590 habuit,
2068 2543 2240 2593 eoque
2265 2530 2482 2584 nomine
2520 2531 2663 2584 illam
2700 2545 2728 2582 c
2759 2530 2992 2583 ﬁdelium
3028 2530 3308 2590 memoria,
3331 2535 3386 2580 et
3411 2536 3592 2581 mente
3610 2527 3825 2582 evellere

647 2615 898 2670 omnibus
931 2614 1208 2668 conterruit
1242 2614 1452 2675 nervis.
1490 2615 1541 2667 in
1577 2616 1696 2668 suis
1730 2623 1906 2668 tamen
1943 2617 2240 2692 colloquiis,
2273 2618 2369 2671 fol.
2401 2619 2454 2680 5.
2493 2620 2578 2680 18,
2610 2633 2663 2670 et
2696 2617 2813 2676 ηε.
2844 2618 3160 2671 exrlamare‘
3196 2633 3303 2671 non
3355 2616 3570 2670 horruit
3607 2634 3621 2668 :
3652 2613 3824 2668 Sancte

651 2697 839 2764 Satan.
868 2717 962 2754 ora
991 2717 1085 2770 pro
1119 2701 1266 2755 nobis
1299 2718 1314 2754 :
1345 2701 1558 2754 minimc
1579 2711 1749 2756 tamen
1779 2712 1958 2756 contra
1991 2712 2037 2755 te
2064 2706 2405 2771 peccavimus,
2435 2704 2827 2758 clementissime
2857 2704 3077 2756 diabotc.

724 2786 910 2841 Jacobi
943 2786 1228 2841 Zaborovii
1264 2787 1403 2841 alius
1443 2787 1545 2841 fuit
1580 2803 1800 2856 scopus.
1838 2789 1964 2842 dum
1999 2790 2051 2843 in
2083 2788 2452 2857 Responsione
2481 2791 2544 2842 ad
2577 2790 2784 2844 Nodum
2815 2790 3073 2844 Gordium
3101 2786 3315 2842 Martini
3349 2787 3625 2856 Smiglccii
3661 2785 3828 2841 Socie-
3923 2825 3925 2857 ε

654 2875 782 2929 tatis
814 2874 944 2933 Jesu
971 2877 1200 2944 probare
1232 2876 1445 2940 nititur,
1478 2878 1852 2945 presbyterum
1917 2885 1969 2930 et
2000 2879 2318 2945 episcopum
2343 2877 2465 2946 jure
2511 2875 2697 2930 divino
2746 2874 2993 2936 eumdem
3049 2889 3189 2938 esse,
3231 2874 3511 2940 solumque
3547 2881 3832 2928 consuetu-

650 2963 778 3016 dine
810 2963 1064 3016 Ecclesia:
1096 2963 1375 3017 inductum
1409 2978 1551 3022 esse.
1591 2972 1651 3016 ut
1682 2963 1949 3017 ordinatio
1979 2964 2275 3030 pertineret
2309 2963 2373 3015 ad
2404 2963 2742 3032 episcOpum.
2774 2960 2924 3026 Quod
2967 2960 3183 3030 quidem
3214 2961 3494 3015 contendit
3527 2960 3594 3014 ad
3620 2975 3828 3016 suorum
3903 2963 3906 2970 '

655 3049 1028 3104 ministrorum
1066 3049 1360 3118 legitimam
1398 3051 1712 3104 missionem
1743 3050 2256 3115 demonstrandam;
2296 3050 2420 3121 quia
2450 3064 2572 3101 cum
2607 3047 2889 3118 presbyter
2921 3047 3022 3100 rite
3053 3047 3335 3101 ordinatus
3364 3057 3506 3103 esset
3535 3047 3761 3111 Luther.
3783 3056 3833 3099 ut

657 3134 751 3198 ait,
780 3136 919 3190 alios
947 3149 1164 3203 quoque
1192 3134 1470 3188 ministros
1489 3134 1614 3202 jure
1646 3137 1900 3189 ordinare
1925 3143 2158 3206 poterat.
2188 3147 2351 3205 atque
2380 3134 2613 3188 mittere.
2646 3133 2788 3185 Idem
2815 3131 3057 3187 sentiunt
3091 3131 3273 3198 plures
3307 3133 3396 3186 alii
3441 3133 3828 3188 Protestantes.

655 3220 760 3276 Sed
795 3235 954 3287 quam
987 3221 1239 3285 feliciter,
1265 3209 1322 3276 et
1359 3237 1485 3276 vere
1515 3222 1564 3275 id
1597 3223 1850 3290 probant,
1879 3222 2198 3278 doctissime
2235 3222 2472 3277 ostendit
2503 3215 2640 3275 moir
2673 3221 2926 3274 laudatus
2960 3219 3281 3288 Smigleeius
3337 3219 3467 3274 totis
3509 3219 3730 3274 duobus
3773 3217 3833 3271 li-

653 3309 767 3363 bris
807 3309 872 3363 de
903 3307 1276 3362 ministrorum
1315 3309 1458 3364 notis
1483 3319 1671 3363 contra
1699 3309 1982 3363 Zahorovii
2036 3309 2462 3378 Responsionem
2497 3307 2561 3361 ad
2605 3298 2815 3360 Nodum
2861 3305 3155 3373 Gordium,.
3197 3314 3250 3361 et
3299 3307 3601 3376 praesertim
3654 3305 3745 3360 lib.
3797 3320 3830 3366 t.

654 3408 774 3460 cap.
805 3395 858 3454 9.
897 3408 1017 3460 pag.
1053 3392 1143 3445 66.
1412 3385 1418 3389 ”
3043 3404 3054 3415 ⁸

723 3480 1026 3534 Convenire
1063 3489 1238 3532 tamen
1268 3478 1518 3532 videntur
1540 3493 1751 3540 omnes,
1779 3478 2044 3546 cujusque
2087 3478 2300 3547 generis
2339 3488 2393 3531 et
2421 3477 2608 3530 farinae
2637 3477 3027 3540 Protrstantes,
3055 3479 3146 3548 qui
3178 3477 3543 3533 Ecclesiarum
3575 3479 3758 3551 bonis,
3789 3489 3832 3531 et

654 3566 1004 3622 facultatibus
1030 3566 1216 3636 lupino
1235 3565 1515 3619 inhiarunt
1542 3581 1758 3634 semper
1781 3581 1897 3627 ore,
1926 3565 2116 3618 fortem
2144 3564 2470 3632 alligandum
2506 3566 2654 3632 prius
2684 3581 2824 3630 esse,
2857 3575 2969 3618 tum
2994 3579 3120 3618 vasa
3153 3565 3344 3619 domus
3371 3565 3489 3632 ejus
3517 3565 3829 3635 diripienda.

654 3654 888 3721 Quinam
919 3665 1096 3707 autem
1125 3655 1194 3707 sit
1227 3653 1382 3708 fortis
1418 3655 1548 3719 iste,
1571 3658 1662 3722 qui
1698 3656 1748 3707 in
1783 3655 2000 3722 specula
2029 3653 2283 3708 Ecclesia:
2308 3649 2510 3706 Christi
2539 3653 2750 3720 positus
2781 3652 3023 3720 invigilat
3048 3652 3218 3720 gregi,
3254 3651 3495 3705 declarat
3543 3653 3708 3707 nobis
3746 3652 3831 3706 do-

653 3742 841 3794 ctrina:
869 3741 1388 3813 apostolicmﬁyrus
1423 3741 1712 3808 interpres.
1741 3741 1992 3807 quisquis
2023 3741 2107 3793 ille
2136 3741 2258 3802 fuit,
2299 3742 2574 3806 exponens
2611 3743 2723 3794 haec
2782 3739 3083 3794 Ezechielis
3131 3754 3250 3808 cap.
3277 3753 3451 3793 xum
3482 3754 3632 3793 vers.
3687 3739 3743 3803 9.,
3786 3739 3828 3800 3,

651 3827 817 3882 verba
849 3844 866 3882 :
894 3826 1082 3889 Terra,
1108 3842 1222 3879 cum
1256 3825 1510 3880 induxero
1540 3842 1692 3891 super
1725 3843 1838 3880 eam
1871 3826 2131 3896 gladium,
2158 3836 2205 3882 et
2239 3826 2414 3880 tulerit
2447 3827 2668 3894 oopultts
2705 3837 2856 3880 terra:
2884 3827 3051 3882 uirum
3077 3841 3236 3880 unum
3261 3824 3325 3880 de
3367 3826 3670 3881 novissimis
3712 3829 3829 3889 suis.

652 3922 700 3968 et
730 3914 1051 3967 constituerit
1078 3930 1192 3966 enm
1221 3928 1376 3980 super
1409 3929 1462 3967 se
1484 3915 1879 3976 speculatorem.
1913 3924 2018 3967 etc.

724 3995 944 4052 Gladius
975 3999 1148 4066 itaque
1179 4008 1254 4051 est
1294 3998 1574 4066 judicium,
1611 3998 1844 4051 Buccina
1871 4011 2043 4052 autent
2077 3999 2444 4071 Evangelium.
2504 3999 2816 4062 Speculator
2864 4017 2979 4054 vero
3016 4000 3320 4068 Episcopus,
3376 4000 3466 4070 qui
3519 4003 3831 4070 praeponitur

654 4084 924 4139 Ecclesim.
961 4085 1097 4138 llinc
1127 4086 1260 4138 satis
1292 4087 1537 4153 apposite
1574 4094 1680 4137 tam
1713 4087 1764 4136 in
1802 4087 2022 4140 laudata
2059 4087 2308 4140 Dor-trina
2340 4088 2672 4154 Apostolica,
2706 4102 2867 4153 quam
2905 4089 3033 4140 alibi
3082 4090 3281 4156 passim
3311 4087 3665 4155 appellitatur
3695 4088 3829 4159 Syris

649 4173 934 4242 episcopus
969 4171 1078 4224 Rul-
1134 4170 1314 4236 Baito,
1352 4172 1583 4234 scilicet,
1621 4174 1875 4246 Magister
1908 4176 2220 4241 prmpositus
2254 4183 2301 4227 et
2335 4175 2612 4240 prwfectus
2646 4175 2851 4233 domas.
2906 4191 3218 4236 trconomus.
3249 4175 3585 4242 dispensator
3612 4186 3668 4230 et
3697 4177 3830 4241 ejus-

651 4257 815 4312 modi.
847 4258 1080 4312 Chaldmi
1111 4257 1496 4311 Orientaliores
1523 4273 1718 4312 vocare
1747 4259 1925 4313 solent
1958 4261 2267 4327 episcopum
2301 4259 2584 4319 Ghizabra.
2620 4276 2810 4328 nempe
2858 4261 3045 4315 Custos
3075 4259 3342 4319 Thesauri.
3382 4259 3682 4330 Praefectus
3704 4278 3828 4317 cra-

651 4346 736 4398 rii.
787 4344 937 4397 llunc
965 4345 1146 4411 itaque
1178 4345 1515 4412 magistrum.
1545 4347 1895 4412 praepositum
1939 4354 1990 4399 et
2016 4347 2325 4412 praelectum
2358 4348 2548 4400 domus
2574 4330 2761 4407 z'hunc
2790 4363 3122 4401 mCOnomttm
3145 4356 3197 4402 et
3213 4348 3675 4413 dispensaturem;
3707 4349 3830 4402 hunc

654 4431 930 4484 custodem
957 4430 1230 4492 thesauri;
1263 4430 1406 4484 hunc
1436 4430 1742 4506 praefectum
1767 4431 1939 4484 a-rarii
1970 4432 2320 4500 alligandum.
2346 4433 2734 4500 expel'endum,
2757 4432 3098 4498 ejiciendum.
3123 4433 3582 4487 exterminandum
3610 4443 3822 4490 censent

655 4517 930 4586 religionis
981 4517 1167 4583 nuperi
1209 4516 1588 4568 reformatores
1621 4516 1727 4574 (sic
1753 4516 1895 4568 cnim
1933 4517 2035 4570 dici
2071 4527 2293 4584 amant;
2329 4521 2418 4573 sed
2449 4519 2627 4572 verius
2657 4519 3098 4586 deformatorcs),
3131 4526 3187 4572 ut
3214 4519 3277 4573 ad
3310 4518 3448 4574 bona
3477 4519 3825 4577 Ecclesiarum

657 4603 869 4656 facilius
899 4601 1196 4668 diripienda
1227 4609 1402 4669 pateat
1434 4602 1539 4654 illis
1567 4603 1767 4655 aditus.
1865 4591 1870 4596 ’

725 4688 985 4743 Claudius
1018 4686 1317 4740 Salmasius
1348 4688 1405 4742 in
1453 4703 1552 4742 suo
1582 4690 1850 4756 Apparatu
1881 4705 1944 4742 ae
1974 4692 2202 4755 primatu
2233 4707 2399 4758 paprr,
2421 4693 2556 4746 hanc
2586 4691 2824 4754 herbam,
2869 4705 3058 4757 nempe
3083 4690 3470 4760 episcopatum.
3507 4692 3825 4746 evellendam

654 4775 912 4829 radicitus
935 4773 1113 4831 vellet.
1152 4773 1292 4841 quod
1325 4789 1387 4827 ex
1426 4775 1512 4825 illa
1552 4775 1774 4842 pullulat
1807 4787 2056 4844 papatus.
2094 4780 2186 4846 qui
2219 4788 2277 4831 ut
2315 4779 2639 4832 Christianas
2710 4792 2771 4829 ac
2802 4775 3085 4829 catholica:
3115 4777 3414 4844 religionis,
3450 4777 3826 4847 dignitatisque

658 4875 903 4917 summus
935 4865 1018 4912 est
1051 4873 1185 4926 apex
1220 4858 1274 4911 et
1304 4861 1620 4937 auctoritas.
1664 4864 1733 4915 ita
1772 4863 2154 4916 invadentibus
2192 4864 2336 4931 lupis
2380 4863 2717 4917 fortissimus
2747 4862 2908 4915 obex.

731 4946 900 5000 Porro
934 4943 1077 5013 quod
1115 4945 1482 5006 miseratione.
1515 4947 1625 5000 imo
1656 4949 1949 5004 uberrimis
1980 4951 2231 5020 Iacrymis
2264 4953 2486 5020 dignum
2519 4960 2598 5003 est
2627 4991 2640 5014 ,
2708 4948 2753 5002 si
2796 4947 2924 5016 quid
2959 4946 3289 5014 ambiguum.
3327 4946 3408 5000 vel
3442 4948 3607 5016 paulo
3649 4950 3822 5005 obscu—

660 5036 776 5085 rius
811 5033 950 5100 apud
980 5030 1169 5085 Patres
1201 5041 1250 5085 et
1282 5032 1579 5100 scriptores
1614 5035 1873 5097 occurrit.
1926 5036 1978 5089 id
2012 5037 2114 5090 sibi
2144 5038 2420 5094 asciscant
2457 5034 2776 5100 adversarii,
2810 5049 2873 5088 ac
2904 5034 3015 5087 suis
3047 5033 3420 5102 paralogismis
3455 5035 3509 5087 in
3547 5035 3822 5090 Ecclesia:

655 5118 978 5171 catholicam
1015 5117 1148 5170 illud
1187 5118 1500 5188 intorquent
1523 5130 1573 5173 et
1603 5120 1922 5185 abutuntur,
1957 5123 2131 5190 ipsum
2166 5140 2293 5178 vero
2325 5133 2601 5177 auctorem
2636 5126 2699 5176 ad
2737 5132 2876 5175 astra
2912 5136 3084 5189 usque
3112 5120 3341 5176 ederunt
3371 5121 3650 5178 laudibus.
3681 5123 3821 5177 Eum-

655 5205 775 5257 dem
809 5217 958 5266 vero,
1007 5218 1127 5254 cum
1160 5203 1231 5256 ita
1272 5205 1412 5256 clare
1457 5220 1518 5257 ac
1568 5206 1726 5273 plane
1757 5207 2018 5275 loquitur.
2050 5217 2109 5261 ut
2138 5225 2324 5264 eorum
2365 5220 2513 5264 recta
2543 5218 2596 5264 et
2630 5209 2807 5263 valide
2842 5210 3003 5261 feriat
3035 5218 3361 5270 commenta,
3417 5223 3517 5263 nec
3544 5209 3666 5278 ejus
3695 5209 3820 5264 testi-

656 5289 833 5341 monia
871 5289 1082 5356 possint
1113 5288 1177 5342 ad
1217 5290 1493 5343 libidinem
1522 5300 1867 5361 extorquere,
1924 5295 2185 5348 deserunt
2236 5300 2442 5361 statim.
2477 5299 2797 5368 ignorantia:
2833 5297 3156 5350 insimulare
3194 5295 3392 5348 audent
3424 5303 3478 5348 et
3512 5298 3816 5350 contrariam

653 5373 908 5427 occinunt
939 5375 1286 5428 cantilenam.
1349 5377 1525 5430 Semel
1579 5379 1844 5447 scriptum
1895 5383 2114 5450 reliquit
2147 5383 2206 5438 ῐ).
2243 5383 2610 5451 Hieronymus
2648 5385 2700 5436 in
2737 5383 2973 5450 Epistula
3009 5385 3072 5432 ad
3112 5379 3421 5449 Evagrium.
3458 5396 3582 5448 qua:
3608 5391 3693 5437 est
3721 5380 3813 5435 εει

656 5457 796 5525 Quid
827 5463 960 5513 enim
990 5461 1142 5528 facit,
1170 5471 1382 5529 excepta
1411 5462 1756 5528 ordinatione,
1789 5466 2082 5535 episcopus,
2118 5472 2254 5535 quod
2302 5473 2567 5540 presbyter
2598 5487 2694 5522 non
2732 5469 2942 5535 faciat?
2977 5465 3104 5531 Qua:
3137 5466 3299 5519 verba
3338 5466 3442 5519 etsi
3475 5466 3620 5519 clare
3651 5473 3813 5519 osten-

653 5544 786 5600 dant
815 5547 902 5601 illa
933 5548 1251 5618 exceptione
1283 5550 1564 5618 utriusque
1599 5552 1817 5610 ordinis
1839 5555 2274 5617 distinctionem.
2310 5557 2663 5613 nihilo-uinus
2720 5569 2904 5608 ansam
2941 5551 3286 5617 arripuerunt
3340 5548 3466 5604 inde
3518 5543 3808 5607 adversarii.
