3960 6344
98 219 187 282 901
1491 223 1662 283 ANNl

1707 223 1848 281 LES.
2244 277 2247 281 .
2720 176 2723 180 Ι
3164 229 3271 290 902

100 339 283 405 integra
331 333 644 390 conﬁciendi
679 334 976 397 volumina,
1011 333 1209 404 quibus
1241 333 1474 403 probare
1505 333 1848 400 adnituntur,
1886 335 2203 404 episcopum
2258 349 2363 388 non
2395 348 2518 390 esse
2539 334 2863 404 presbytero
2903 335 3270 406 superiorem.

100 425 403 491 Loquentem
465 435 590 474 vero
639 421 887 474 eumdem
939 419 1325 491 Hieronymum
1380 422 1684 476 clarissime
1736 422 1803 476 de
1835 423 1940 477 hoc
1989 423 2308 477 discrimine
2339 433 2391 478 et
2422 426 2836 480 successionum
2873 425 3271 494 episcopaliunt

95 511 270 562 seriem
307 522 424 560 cum
459 507 580 560 aliis
611 505 862 559 Patribus
894 507 962 560 ab
989 509 1107 576 ipso
1162 507 1530 575 apostolorum
1563 522 1678 561 :evo
1725 518 2060 579 repetentem
2114 509 2195 563 sic
2225 510 2420 579 excipit
2452 511 2776 573 Salmasius,
2811 511 2865 565 in
2901 513 3179 580 Apparatu
3205 511 3271 566 de

94 597 303 664 primatu
336 608 503 660 papte,
538 607 660 661 pag.
691 592 779 654 35,
809 607 1014 662 eosque
1046 609 1274 648 summa:
1307 604 1356 647 et
1393 608 1595 648 crassa:
1628 595 1908 650 insimulat
1950 597 2268 664 ignorantia:
2297 615 2311 651 :
2357 598 2487 660 (luis
2522 614 2624 651 non
2680 599 2844 663 videt,
2898 599 3098 667 inquit,
3161 599 3268 652 Pa-

95 693 184 736 tres
209 681 325 734 dum
362 695 457 740 sua
498 688 727 746 tempora
766 680 877 733 sola
913 683 1214 747 respiciunt,
1245 683 1434 750 quibus
1468 673 1692 750 episcopi
1737 684 1791 735 in
1830 682 2051 749 singulis
2097 681 2316 735 urbibus
2353 685 2641 752 regnabant
2669 686 2994 754 presbyterio
3028 687 3266 754 superio-

96 785 182 826 res,
211 775 415 831 putasse
444 781 475 815 a
503 766 763 833 principio
797 783 902 819 rem
933 768 1008 819 ita
1041 767 1204 834 fuisse
1229 770 1254 822 2
1291 767 1410 834 Ipse
1447 768 1802 841 Hieronymus
1838 768 2130 838 aliquando
2155 785 2330 823 errore
2356 771 2455 822 isto
2501 773 2765 825 communi
2795 773 3044 837 abreptus
3095 771 3276 836 depre-

96 854 320 908 henditur
339 853 721 905 successioitum
751 853 1118 920 episcopalium
1142 856 1205 906 ab
1228 857 1582 921 apostolorum
1613 867 1835 929 tempore
1857 858 2346 918 repetendorum...
2368 859 2440 912 De
2457 860 2576 928 ipso
2597 875 2724 914 vero
2744 859 2961 921 Seldeni
2986 841 3272 928 Etttycltio,

94 929 249 1006 deque
269 937 518 990 Patrlbus
545 937 748 991 Cra-cis
781 949 834 992 et
863 937 1090 1001 Latinis,
1125 942 1203 994 sic
1237 958 1356 1009 pag.
1377 942 1442 996 87
1473 944 1662 1008 :Quod
1690 930 1976 1013 Eutychius
2010 945 2244 1006 nescivit,
2269 946 2353 998 cui
2389 945 2524 1000 idem
2554 963 2648 999 usu
2679 948 2834 1010 uenit,
2862 950 3000 1017 quod
3031 947 3273 1000 omnibus

94 1025 238 1092 {crate
269 1025 608 1087 scriptoribus
648 1025 1014 1078 ecclesiasticis
1057 1025 1277 1090 Gra'cis,
1315 1027 1636 1092 Latinisque,
1683 1031 1738 1083 ut
1779 1032 1902 1084 dum
1937 1035 2080 1085 more
2135 1034 2218 1085 su‘i
2255 1035 2501 1100 temporis
2551 1043 2806 1103 spectant,
2845 1050 2878 1086 a
2905 1034 3162 1102 principia
3195 1032 3273 1084 sic

93 1125 277 1178 semper
305 1109 469 1178 fuisse
493 1112 868 1165 existimarent.
907 1112 1034 1166 Inde
1058 1115 1406 1168 successiones
1437 1127 1486 1169 et
1511 1117 1738 1185 origines
1756 1118 2112 1183 episcoporum
2145 1114 2377 1186 repetita?
2405 1135 2437 1172 a
2470 1119 2789 1182 temporibus
2817 1118 3200 1185 apostolorum.
3287 1188 3289 1190 η

158 1195 306 1261 Vide,
339 1199 522 1262 sodes,
554 1207 808 1265 quantam
841 1199 1023 1260 fidem,
1046 1197 1051 1201 ’
1076 1209 1444 1268 quantamque
1497 1203 1880 1257 auctoritatem
1915 1199 2498 1259 tribuunt'adversarii
2542 1206 2796 1260 Patribus
2824 1217 2878 1258 et
2912 1203 3271 1272 scriptoribus

91 1293 137 1339 et
165 1299 268 1353 quo
299 1299 392 1339 eos
436 1286 632 1340 habent
670 1286 724 1338 in
751 1280 1194 1362 pretio,'quoties
1225 1288 1339 1342 suis
1376 1289 1712 1344 testimoniis
1747 1305 1935 1344 eorum
1989 1291 2295 1362 infringunt
2329 1300 2724 1347 commenta'et
2773 1290 2988 1345 libidini
3041 1303 3149 1343 non
3187 1304 3276 1342 as-
3308 1357 3310 1360 ν

99 1370 417 1464 sentiuntur.
463 1370 558 1425 llic
589 1373 722 1426 satis
749 1372 992 1439 apposite
1027 1360 1262 1440 quadrat
1289 1371 1559 1428 Salmasio
1593 1376 1721 1429 illud
1756 1376 1818 1430 Ι).
1852 1379 2140 1446 Augustini
2168 1360 2262 1437 lib.
2295 1395 2356 1442 tt,
2394 1377 2593 1464 Contra
2627 1377 2929 1432 Faustum:
2961 1375 3040 1430 Tu
3067 1392 3120 1431 es
3154 1389 3276 1444 ergo

94 1456 258 1526 regula
288 1458 519 1511 ueritatis
543 1472 562 1511 :
605 1458 859 1532 quidquid
891 1469 1084 1515 contra,
1107 1467 1155 1510 te
1185 1460 1346 1524 fuerit
1381 1475 1482 1511 non
1512 1469 1588 1511 est
1640 1477 1816 1514 uerum
1843 1466 1867 1517 ?
1925 1464 1988 1517 Et
2019 1465 2073 1518 id
2103 1465 2246 1520 aliud
2278 1466 2373 1520 lib.
2409 1456 2585 1529 xxxri,
2622 1481 2746 1535 cap.
2783 1465 2870 1528 l9,
2903 1475 3092 1520 contra
3123 1477 3277 1516 eum-

93 1543 220 1607 dem,
250 1544 504 1598 omnibus
532 1543 971 1597 Proteslantibus
999 1559 1012 1596 :
1079 1542 1273 1600 Videtis
1301 1560 1444 1608 ergo.
1495 1545 1550 1598 id
1581 1561 1665 1600 vos
1697 1564 1872 1616 agere,
1908 1559 1964 1600 ut
1998 1551 2174 1604 ontnis
2233 1551 2297 1604 de
2343 1553 2513 1606 medio
2557 1551 2956 1622 Scripturarunt
2998 1544 3278 1616 auferatur

91 1631 361 1683 auctoritas
391 1640 444 1684 et
472 1632 653 1699 cuique
675 1631 883 1682 animus
914 1640 1098 1684 auctor
1128 1633 1218 1694 sit,
1252 1632 1378 1700 quid
1401 1632 1452 1690 in
1482 1648 1794 1702 unaquaque
1828 1634 2104 1706 Scriptura
2149 1638 2366 1708 probet:
2433 1639 2488 1691 id
2535 1649 2631 1702 est,
2686 1649 2743 1692 ut
2794 1656 2898 1692 non
2958 1637 3274 1691 auctoritati

86 1714 465 1786 Scripturarum
495 1716 817 1784 subjiciatur
855 1719 922 1768 ad
951 1718 1154 1785 ﬁdem;
1206 1719 1296 1771 sed
1325 1718 1425 1770 sibi
1472 1715 1781 1786 Scripturas
1816 1723 1926 1791 ipse
1974 1724 2246 1788 subiiciat,
2287 1734 2388 1778 non
2429 1734 2483 1776 ut
2529 1725 2644 1778 ideo
2677 1725 2759 1778 illi
2793 1725 2998 1792 placeat
3045 1722 3274 1790 aliquid,

81 1804 192 1872 quia
221 1804 392 1859 hocin
424 1805 636 1878 sublimi
665 1807 988 1858 auctoritate
1017 1807 1272 1874 scriptum
1307 1806 1522 1876 legitur,
1572 1807 1661 1863 sed
1694 1809 1808 1863 ideo
1841 1821 1978 1864 recte
2012 1813 2267 1878 scriptum
2300 1804 2567 1878 uideatur,
2614 1813 2742 1865 duia
2791 1810 2888 1864 hoc
2940 1809 3022 1864 illi
3051 1807 3278 1878 placuit.

68 1889 186 1956 Otto
211 1901 259 1946 te
281 1874 586 1958 committi},
607 1894 788 1948 anima
817 1893 1005 1945 misera
1033 1894 1057 1947 ?

140 2001 205 2056 At
235 2003 278 2057 si
309 2004 501 2060 Patres
531 2012 586 2058 et
613 2003 977 2074 Hieronymus
1010 2004 1126 2071 ipse
1176 2018 1275 2058 sua
1309 2015 1627 2072 Spectarunt
1661 2009 1780 2062 sola
1818 2019 2089 2078 tempora,
2142 2012 2386 2081 adeoque
2415 2013 2797 2067 existimarunt
2833 2015 2863 2064 Δ
2899 2009 3164 2079 principio
3199 2008 3278 2063 sic

79 2106 278 2161 semper
325 2091 532 2154 fuisse,
571 2104 677 2159 qua
709 2088 884 2144 fronte
929 2089 1116 2145 Patres
1147 2097 1255 2144 tam
1279 2089 1516 2155 Graecos,
1536 2107 1698 2159 quam
1721 2095 1942 2163 Latinos
1972 2107 2026 2151 et
2053 2097 2434 2169 Hieronymum
2489 2115 2645 2168 psunt
2680 2113 2710 2152 a
2741 2100 2856 2155 suis
2872 2107 3014 2152 stare
3034 2094 3276 2164 partibus

79 2194 166 2250 pro
193 2181 568 2248 episcoporum
602 2187 656 2232 et
688 2179 1126 2248 presbyterorum
1158 2179 1469 2250 aequalitate
1502 2181 1770 2236 afﬁrmant
1798 2184 2093 2239 adversarii
2121 2188 2144 2240 2
2218 2189 2376 2242 Certe
2433 2189 2534 2242 hoc
2589 2185 2861 2256 aﬁirmari,
2893 2184 3109 2254 nequit,
3165 2181 3274 2235 nisi

78 2267 457 2338 protestantica
478 2256 828 2334 impudentia
861 2274 916 2320 et
957 2265 1208 2319 audacia.
1265 2265 1455 2321 Pctius
1487 2269 1692 2336 itaque,
1730 2285 1795 2324 ac
1845 2273 2134 2328 verissime
2165 2273 2454 2328 dicendum
2488 2283 2593 2336 est,
2644 2270 2976 2327 Salmasium
3030 2285 3128 2325 sua
3157 2268 3276 2322 sola

76 2364 346 2425 spectasse
375 2365 617 2429 tempora
648 2363 699 2407 et
736 2346 920 2407 solam
946 2351 1235 2422 profanam
1265 2353 1687 2410 Protestantium
1747 2373 2103 2429 synagogam,
2165 2364 2219 2416 in
2255 2377 2361 2431 qua
2419 2377 2518 2416 nec
2553 2361 2799 2430 episcopi
2836 2365 2968 2414 sunt
3019 2358 3142 2420 ulli,
3173 2369 3273 2409 nec

71 2436 367 2511 presbyteri
404 2440 663 2508 aequales,
716 2439 816 2494 vel-
857 2441 1177 2508 inazquales.
1213 2437 1316 2493 Sed
1354 2441 1600 2508 profecto
1629 2458 1736 2496 non
1778 2447 2135 2510 existimavit,
2187 2463 2300 2501 rem
2339 2448 2412 2502 ita
2464 2447 2634 2502 fuisse
2667 2461 2884 2514 semper
2914 2459 2943 2498 a
2982 2443 3274 2519 principio.

77 2526 219 2583 Unde
271 2527 415 2582 enim
449 2527 501 2580 id
543 2527 670 2580 sciri
705 2534 907 2596 potest,
940 2527 1044 2581 nisi
1076 2526 1400 2580 auctoritate
1433 2528 1649 2582 illorum
1704 2533 1796 2599 qui
1829 2534 2074 2602 proxime
2129 2536 2467 2604 temporibus
2517 2535 2891 2603 apostolorum
2943 2532 3196 2586 vixerunt
3223 2537 3280 2597 ct

73 2613 466 2670 ecclesiasticas
498 2614 836 2682 reliquerunt
869 2608 1028 2668 nobis
1056 2612 1358 2666 historias?
1388 2612 1454 2666 Et
1487 2616 1632 2669 unde
1665 2617 1934 2674 Salmasio
1966 2631 2114 2675 tanta
2147 2624 2433 2676 oculorum
2469 2621 2637 2684 acies,
2672 2629 2731 2674 ut
2771 2620 2955 2674 omnia
2986 2619 3280 2687 perlustra-

73 2702 201 2768 verit
231 2717 404 2772 usque
431 2700 498 2754 ad
535 2702 904 2770 apostolorum
942 2715 1115 2754 aevum
1151 2709 1206 2754 et
1236 2714 1299 2753 ex
1354 2704 1746 2769 septemdecim
1793 2708 2114 2761 sreculorutn
2143 2708 2482 2763 obscuritate
2513 2718 2567 2762 ct
2605 2707 2907 2762 involucris
2938 2714 3147 2759 tantam
3184 2717 3279 2757 ve-

76 2789 276 2844 ritatem
309 2789 431 2844 orbi
465 2789 780 2843 Christiano
812 2798 918 2842 tam
959 2795 1185 2843 strenue
1214 2789 1564 2861 exserueritl'l
1603 2789 1706 2845 Sed
1739 2792 1980 2860 profecto
2013 2810 2120 2848 non
2155 2795 2373 2854 aliunde
2402 2795 2456 2848 id
2489 2795 2758 2864 provenit,
2791 2793 2896 2847 nisi
2937 2802 3002 2846 ex
3040 2789 3280 2846 Calvini-

73 2876 202 2931 stico
231 2875 549 2946 pharmace,
581 2889 690 2945 quo
720 2889 814 2928 eos
849 2875 1076 2929 inlectos
1108 2873 1505 2944 fascinatosque
1553 2879 1734 2941 habet,
1787 2888 1842 2932 ut
1879 2871 1994 2934 'sibi
2049 2882 2232 2935 videre
2267 2881 2513 2942 videatur
2569 2883 2711 2952 quod
2769 2894 2960 2935 revera
3013 2893 3122 2932 non
3194 2877 3274 2929 vi-

75 2962 180 3015 det.
419 3000 428 3007 ο
587 2972 590 2974 ⁷
1307 3001 1311 3008 .

136 3047 301 3104 Porro
335 3047 626 3120 Seldenum
655 3049 798 3118 quod
828 3047 1039 3110 attinet,
1059 3063 1161 3102 non
1193 3050 1274 3104 sic
1304 3065 1463 3104 suum
1496 3049 1698 3121 excipit
1731 3050 2078 3123 Eutychium,
2114 3055 2208 3109 sed
2241 3055 2386 3108 omni
2431 3054 2532 3108 ﬁde
2562 3055 2780 3125 dignum
2807 3067 2930 3106 entn
2970 3049 3275 3106 habendum

71 3137 216 3201 vult;
255 3136 446 3204 illique
475 3141 557 3189 est
596 3135 761 3203 veluti
797 3134 936 3190 alius
967 3133 1108 3188 Beda
1140 3135 1300 3203 plane
1331 3134 1644 3204 Egyptius.
1683 3137 1774 3192 Sic
1801 3141 1948 3194 enim
1982 3141 2035 3193 in
2070 3141 2216 3200 calce
2247 3157 2359 3194 sua:
2396 3140 2741 3203 Praefationis
2771 3139 2838 3194 de
2867 3137 2962 3193 illo
2993 3137 3234 3205 loquitur
3262 3151 3276 3189 :

72 3221 170 3278 Sed
195 3238 312 3276 uero
342 3222 390 3275 si
420 3219 682 3290 Eutychio
711 3221 866 3289 fidem
892 3220 974 3272 hic
1005 3236 1198 3288 parum
1224 3221 1519 3277 habendam
1553 3217 1668 3283 ideo
1717 3228 2047 3297 forsanquis
2085 3232 2346 3282 morosius
2381 3227 2779 3287 existimaverit,
2811 3225 2950 3296 quod
2978 3223 3088 3284 .tetti
3120 3221 3281 3291 fuerit

71 3310 172 3379 ipse
199 3308 328 3362 adeo
363 3310 538 3371 rebus,
569 3323 698 3377 quas
729 3307 891 3360 tradit
923 3310 1221 3363 recentiort's
1254 3310 1400 3378 (nam
1445 3311 1662 3374 smcula,
1688 3325 1742 3375 ut
1776 3313 1934 3378 vides,
1987 3315 2170 3382 ﬂoruit
2201 3315 2451 3382 decimo),
2497 3323 2631 3367 certe
2660 3329 2864 3367 necesse
2895 3321 2971 3366 est
3022 3320 3080 3364 ut
3131 3311 3200 3371 is,
3237 3308 3284 3361 si

69 3396 221 3464 parili
245 3397 299 3449 in
331 3394 548 3464 paribus
576 3402 759 3447 utatur
793 3388 1018 3456 ratione,
1051 3410 1142 3447 nec
1173 3395 1420 3462 Josrplto,
1458 3396 1624 3460 Livio,
1650 3399 2104 3466 Halicarnasswo,
2144 3401 2453 3463 Plutarcho,
2485 3400 2736 3462 Eusebio,
2770 3397 3018 3458 Zon‘arw,
3051 3395 3280 3465 origines

69 3492 114 3536 et
142 3498 221 3535 res
256 3492 429 3551 gestas
479 3479 757 3541 Judaicas,
792 3477 1078 3546 Romanas,
1113 3480 1618 3549 Grarcas,'Pun:'cas,
1657 3485 1991 3542 Christianas
2029 3489 2215 3541 tandiu
2253 3489 2502 3542 saeculum
2550 3503 2704 3543 suum
2739 3493 3117 3540 nnteuertenles
3147 3497 3293 3551 nar-_

71 3570 328 3648 rantibus,
355 3583 446 3621 nec
468 3568 520 3620 id.
552 3582 710 3636 genus
739 3566 859 3618 aliis
889 3567 1091 3625 credat;
1116 3570 1219 3620 into
1253 3579 1306 3621 ut
1337 3586 1432 3636 pro
1465 3571 1568 3637 ﬁde
1599 3573 1770 3641 dignis
1791 3575 2230 3630 habeathistoriis
2265 3578 2476 3645 (prwter
2513 3575 2708 3631 Sarras
2740 3571 2990 3644 Litteras)
3016 3571 3280 3624 duntaxat

72 3660 180 3726 ipsti
225 3657 561 3710 archiuorum
588 3655 898 3720 penetralia,
930 3655 1279 3734 conciliorum
1307 3665 1427 3710 acta
1463 3659 1600 3726 ipsa,
1636 3657 1988 3729 Thucydides,
2047 3662 2314 3734 Polybius,
2365 3662 2668 3725 Sallustius,
2712 3661 2974 3724 Cwsares,
3037 3656 3279 3720 Tacitos,

74 3743 493 3807 Cuicciardinos,
521 3741 887 3820 Comminaaos.
911 3741 1045 3795 Mihi
1081 3759 1207 3796 sane
1232 3743 1518 3813 Eutychius
1549 3747 1604 3798 in
1641 3745 1780 3800 hisce
1804 3760 1878 3802 est
1912 3750 2069 3802 veluti
2102 3750 2242 3804 Beda
2272 3753 2425 3816 plane
2455 3750 2758 3821 zEgyplt'tts.

143 3856 284 3938 Bene
312 3854 558 3926 quidem,
618 3851 872 3912 Seldene,
908 3852 1051 3906 ultro
1088 3868 1151 3907 ac
1197 3853 1432 3908 libenter
1468 3855 1564 3909 tibi
1600 3845 1940 3924 admittimus
1996 3844 2324 3934 Eutychium
2359 3859 2509 3915 amni
2565 3861 2667 3915 fide
2716 3875 2836 3914 esse
2872 3859 3121 3928 dignum,
3172 3856 3281 3909 imo

76 3946 457 4015 dignissimum
492 3952 546 3996 et
584 3957 797 3995 omnem
828 3941 904 3994 illi
937 3941 1241 3996 habendam
1282 3943 1462 4007 fidem,
1498 3944 1660 4012 atque
1685 3946 1733 3999 ei
1769 3947 1934 3999 veluti
1968 3946 2121 4001 Bede
2153 3951 2312 4018 plane
2366 3949 2642 4019 1Egyptio,
2671 3961 2781 4001 non
2811 3946 2987 3999 solum
3020 3945 3073 3998 in
3107 3944 3280 4008 hisce,

78 4036 169 4091 sed
199 4035 251 4088 in
285 4030 544 4086 omnibus
583 4043 802 4098 quoque
833 4028 1105 4090 articulis.
1134 4030 1198 4083 de
1228 4029 1426 4098 quibus
1458 4032 1837 4086 controversia
1895 4035 2052 4087 nobis
2084 4045 2168 4089 est
2206 4036 2509 4097 vobiscum,
2543 4035 2799 4088 standum
2862 4022 3005 4087 esse.
3075 4029 3282 4096 Quam-

71 4121 252 4181 obrem
287 4121 522 4190 ingenue
547 4131 610 4171 ac
638 4118 814 4186 prisce
846 4115 1093 4185 proferas
1126 4130 1279 4184 rogo,
1313 4117 1444 4185 quid
1481 4117 1647 4172 sentit
1672 4117 1812 4172 Beda
1867 4121 1973 4175 istc
2005 4122 2072 4174 de
2104 4137 2330 4175 numero
2364 4127 2837 4176 sacramentorum
2871 4126 2981 4172 tam
3016 4117 3071 4170 in
3104 4117 3282 4171 Chro-

73 4209 190 4263 nico
218 4216 510 4275 tantopere
541 4197 570 4257 a
605 4213 658 4257 te
689 4203 928 4264 laudato,
965 4218 1124 4272 quam
1162 4205 1218 4255 in
1257 4204 1380 4258 aliis
1413 4190 1532 4270 ejus
1561 4204 1882 4273 opusculis?
1938 4207 2066 4274 quid
2100 4207 2166 4260 de
2194 4207 2468 4260 sacriﬁcio
2504 4205 2726 4260 missae?
2759 4203 2892 4274 quid
2930 4201 2998 4256 de
3029 4202 3279 4270 corporis

70 4296 268 4353 Christi
309 4283 582 4354 realitate,
627 4307 689 4344 ac
725 4290 841 4360 ipsa
872 4290 1534 4345 transsubstautiatione?
1583 4291 1711 4361 quid
1752 4286 1819 4347 de
1848 4303 2163 4348 sanctorum
2201 4296 2470 4364 reliquiis,
2509 4295 2878 4355 invocatione,
2917 4307 2981 4346 ac
3011 4277 3283 4346 inlerces-

74 4383 268 4439 sione?
300 4380 431 4451 quid
468 4379 535 4433 de
574 4378 746 4432 sacris
779 4377 1150 4446 imaginibus?
1178 4377 1307 4447 quid
1341 4377 1408 4431 de
1439 4378 1686 4432 ciborum
1713 4379 1947 4444 delectu,
1983 4381 2316 4449 tle-jejuniis,
2351 4384 2417 4436 de
2444 4383 2719 4442 caalibatu,
2751 4391 2803 4434 et
2845 4379 3181 4449 virginitate,
3210 4379 3277 4432 de

77 4473 429 4532 monachatu,
461 4468 529 4523 de
563 4467 719 4521 bonis
749 4466 1028 4532 operibus,
1060 4466 1126 4520 de
1162 4468 1325 4528 votis,
1356 4467 1423 4528 de
1453 4466 1740 4529 altaribus,
1774 4467 1839 4521 de
1892 4470 2048 4536 signo
2077 4470 2280 4532 crucis,
2337 4470 2403 4524 de
2461 4469 2866 4532 traditionibus,
2924 4468 2991 4522 de
3030 4455 3278 4520 Remane

77 4561 216 4624 sede,
235 4575 301 4614 ac
339 4556 596 4612 Romanis
632 4553 1087 4623 pontiﬁcibus,‘et
1120 4567 1187 4606 an
1223 4563 1447 4608 sanctus
1473 4553 1666 4608 Petrus
1695 4552 1920 4606 Romam
1953 4555 2022 4608 sit
2053 4557 2348 4623 profectus,
2381 4558 2566 4627 ibique
2603 4557 2753 4611 cruci
2783 4548 3032 4610 inversus
3062 4553 3277 4614 afﬁxus,

81 4663 146 4705 sn
187 4647 491 4701 Romanam
535 4641 845 4697 fundaverit
875 4641 1080 4704 sedem,
1113 4657 1179 4694 an
1222 4641 1454 4694 Romani
1488 4642 1771 4709 pontiﬁces
1808 4641 1926 4710 ejus
1958 4643 2069 4695 sint
2104 4659 2495 4711 successores;
2534 4647 2862 4714 demumque
2892 4645 2957 4697 dc
2986 4644 3111 4697 aliis
3135 4643 3280 4708 ejus-

80 4733 216 4788 modi
251 4731 546 4794 sexcentis,
575 4745 692 4797 qua!
729 4726 1123 4782 Protestantica
1173 4728 1506 4796 impudentia
1545 4726 1907 4780 Romanorum
1960 4732 2269 4797 pmtiﬁcum
2318 4747 2442 4786 esse
2495 4741 2822 4812 commenta‘
2873 4745 3121 4784 asserere
3171 4721 3279 4780 non

76 4830 332 4890 verentur
365 4815 579 4871 vestri?
615 4818 680 4867 At
711 4815 776 4869 de
807 4815 890 4868 bis
921 4813 1040 4867 fuse
1071 4813 1123 4866 in
1153 4827 1421 4868 consensu
1457 4813 1814 4867 Orientalium
1847 4823 1955 4866 tam
2017 4816 2155 4869 inter
2205 4831 2285 4879 se,
2321 4832 2482 4886 quam
2542 4832 2664 4870 eum
2720 4815 2961 4870 Ecclesia
3012 4815 3281 4878 Romana,

82 4905 185 4959 Deo
221 4904 434 4957 favente
464 4902 729 4956 dicemus.

144 5014 315 5069 Porro
343 5013 407 5067 ad
445 5027 554 5067 rem
583 5011 754 5081 ipsam
798 5012 908 5082 jam
939 5012 1242 5076 veniamus,
1274 5012 1753 5081 cxpendamusque
1784 5027 1879 5065 eos
1911 5011 2068 5066 Bedze
2100 5014 2263 5083 hujus
2320 5012 2559 5083 Egyptii
2597 5014 2772 5076 locos,
2822 5025 2889 5065 ex
2927 5009 3129 5077 quibus
3181 5025 3276 5064 sua

81 5112 330 5156 astruere
354 5111 581 5156 conatur
608 5108 796 5152 contra
847 5116 943 5155 nos
991 5112 1315 5170 argumenta
1366 5099 1654 5154 Seldeuus.
1689 5098 1754 5152 Et
1793 5113 1851 5154 ut
1886 5115 1973 5154 res
2027 5102 2222 5155 melius
2251 5118 2279 5155 a
2316 5103 2611 5156 lectoribus
2664 5099 2869 5154 nostris
2921 5097 3278 5166 intelligatur,

84 5190 455 5258 prtetnittenda
489 5198 572 5244 est
602 5186 849 5258 Eutychii
888 5189 1118 5241 Arabica"
1151 5189 1410 5242 Periocha
1445 5202 1568 5242 cum
1599 5186 1788 5240 Latina
1831 5187 2046 5242 Seldeni
2080 5191 2546 5259 interpretatione,
2578 5204 2738 5256 quam
2778 5197 2963 5240 nostra
2998 5195 3278 5253 sequetur.

91 5274 314 5332 Errores
343 5282 469 5331 vero
496 5284 549 5329 et
581 5275 822 5337 mendas,
859 5291 981 5343 qua:
1009 5275 1073 5328 ad
1111 5275 1282 5344 ipsam
1323 5274 1754 5328 controversiam
1789 5291 1893 5328 non
1928 5279 2200 5345 pertinent
2257 5279 2416 5346 (qttas
2481 5277 2662 5346 plures
2695 5285 2750 5329 et
2779 5290 2969 5344 graves
2999 5272 3280 5328 commisit

80 5365 268 5417 tamin
319 5362 590 5428 Periocha,
625 5378 783 5428 quant
815 5362 866 5414 in
917 5361 1378 5429 Commentariis),
1430 5361 1495 5414 ad
1552 5362 1755 5416 calcem
1798 5364 2001 5432 Operis
2037 5353 2389 5432 castigandas
2438 5379 2557 5418 esse
2588 5362 2952 5422 commodius,
2986 5360 3271 5414 duximus.

80 5447 274 5504 Nostra
305 5461 482 5504 autem
515 5451 657 5503 dicta
691 5465 800 5502 non
834 5450 996 5503 modo
1047 5465 1111 5503 ex
1145 5448 1417 5518 Eutychio
1450 5447 1570 5517 ipso
1601 5457 1654 5502 et
1704 5449 2111 5516 antiquissimis
2167 5451 2427 5507 Ecclesia:
2477 5452 2856 5505 Alexandrina:
2904 5450 3274 5501 monumentis

83 5533 420 5593 firmabimus
447 5554 462 5603 ;
491 5537 584 5593 sed
617 5538 781 5592 etiam
814 5552 881 5590 ex
911 5538 1142 5591 aliorum
1175 5536 1538 5590 Orientalium
1573 5533 1900 5590 testimoniis
1932 5546 1986 5589 et
2015 5537 2461 5590 auctoritatibus.
2516 5534 2606 5586 Sic
2634 5533 2778 5586 enim
2821 5531 2981 5585 facile
3017 5528 3274 5581 videbunt

87 5620 400 5693 adversarii,
429 5637 677 5697 quaenam
713 5626 784 5680 sit
815 5621 1062 5692 Eutychii
1102 5637 1255 5680 mens
1283 5633 1337 5679 et
1371 5637 1565 5680 sensus
1598 5631 1652 5679 et
1685 5638 1848 5693 quam
1884 5627 2053 5679 mirus
2087 5624 2328 5678 omnium
2362 5612 2732 5678 Orientalium
2767 5620 2840 5675 sit
2876 5629 3200 5673 consensus.
