3960 6344
682 213 786 278 903

1704 209 2061 269 EUTYCHII
2100 206 2402 265 ALEXAN
2414 207 2630 267 DRINI
2671 209 2865 267 PATR

3731 218 3797 280 904

748 325 815 374 At
843 319 1028 373 tstlttee
1064 320 1409 374 meditantem
1444 318 1808 386 interpellavit
1836 330 2107 371 nonnemo
2136 316 2325 370 dicens
2353 332 2367 370 :
2403 312 2576 380 lleus,
2615 315 2926 370 Abraham!
2960 318 3024 371 ad
3060 318 3189 386 qttid
3222 333 3388 373 vanos
3420 320 3675 388 impendis
3696 325 3801 379 labo-

679 406 805 459 res?
840 406 885 459 si
920 406 1146 474 Moysen
1186 413 1239 457 et
1278 406 1589 473 prophetas,
1622 418 1759 471 quos
1796 403 2017 465 habent,
2056 416 2159 455 non
2214 401 2465 462 audiunt.
2499 411 2749 469 putasne,
2801 402 2931 457 illos
2978 405 3279 465 audituros,
3310 415 3401 460 aut
3448 407 3740 472 credituros,
3772 412 3801 466 si

679 498 826 543 tuum
860 490 1074 544 miseris
1110 490 1176 542 ad
1202 504 1297 543 eos
1330 489 1658 543 Orientalem
1688 487 1977 552 Lazarum,
2011 494 2106 539 aut
2137 501 2203 541 ex
2246 486 2354 541 tuis
2386 489 2615 543 mortuis
2645 489 2953 558 quempiam
2990 490 3207 543 alium?
3247 490 3385 545 Huic
3413 506 3547 560 ego:
3584 488 3703 555 Quid
3729 497 3804 548 sint

678 576 894 636 facturi,
927 576 1124 637 amice,
1144 589 1155 603 '~
1186 590 1409 644 prorsus
1436 575 1665 643 ignoro;
1714 583 1769 628 at
1798 572 1927 641 quid
1956 588 2087 627 mea:
2114 572 2390 639 postulant
2422 584 2626 640 partes,
2657 575 2829 629 habeo
2859 591 2925 629 ex
2955 573 3019 627 D.
3049 573 3249 630 Iacobo
3278 579 3415 647 Syro
3443 582 3496 632 itt
3526 582 3740 641 carmine
3764 582 3809 637 de

679 676 865 712 amore
894 668 948 715 et
983 660 1167 714 studio
1199 662 1443 715 veritatis
1476 661 1550 713 ita
1589 661 1904 715 scribente:
1934 657 2186 727 Loquere,
2217 658 2425 727 loquere
2456 670 2532 724 tu,
2574 661 2656 712 cui
2689 660 2999 733 loquendum
3036 670 3131 725 est,
3157 664 3376 717 audiant
3407 676 3475 725 te,
3511 664 3589 719 vel
3628 680 3713 716 non
3740 683 3809 718 aa-

673 747 844 809 diunt,
887 761 950 798 ne
981 762 1149 800 cesses
1183 746 1347 815 loqui.
1378 745 1615 813 Athuttm
1674 753 1874 806 tamen,
1910 759 1973 797 ac
2004 759 2101 813 par
2127 751 2209 797 est
2241 746 2482 810 credere,
2529 761 2623 801 ros
2651 747 2957 811 audituros,
3001 762 3358 819 cessurosque
3387 749 3600 805 illorum
3628 753 3813 805 auctori-

672 834 787 896 tati,
818 833 882 885 ad
917 848 1054 901 quos
1084 842 1477 902 provocarunt.
1515 832 1878 898 Quamobrem
1912 838 2096 883 votum
2128 834 2391 889 secundet
2419 835 2511 902 qui
2546 845 2724 908 potest
2756 844 3035 903 nostrum,
3072 836 3237 893 Deus.

1548 1078 1607 1138 Ε
1612 1080 1717 1140 UT
1726 1078 1963 1139 YCIIII
1998 1076 2560 1140 PATRIARCHJE
2601 1079 3028 1145 PERIOCIIA

1112 1286 1245 1344 Cum
1277 1288 1510 1341 versione
1540 1285 1773 1342 Seldeui.
2247 1293 2291 1346 A

736 1402 931 1457 Annus
989 1400 1248 1471 agebatur
1291 1398 1507 1455 Claudii
1556 1397 1792 1454 Caesaris
1842 1413 2040 1462 nonus,
2096 1411 2218 1451 cunt

666 1490 883 1546 Marcus
912 1490 1243 1559 evangelista
1296 1491 1352 1543 in
1395 1488 1532 1543 urbe
1569 1495 1818 1542 versatus
1857 1497 1940 1541 est
1983 1488 2219 1541 Alexan-

664 1586 816 1647 driae,
848 1592 904 1638 ut
934 1584 1060 1637 inde
1096 1591 1492 1653 propagaretur
1520 1584 1660 1663 apud
1700 1582 1951 1636 homines
1978 1580 2113 1635 ﬁdes
2166 1583 2223 1635 in

664 1675 884 1730 Christo
937 1673 1168 1727 Domino
1201 1681 1416 1725 nostro.
1472 1671 1605 1724 Dum
1658 1681 1836 1725 autem
1889 1685 1986 1739 per
2032 1672 2217 1723 urbem

669 1766 898 1830 incedit,
931 1763 1267 1834 diﬁ'ringitur
1295 1762 1463 1819 calcei
1489 1762 1609 1831 ejus
1637 1752 1877 1830 corrigia
1907 1778 1923 1815 :
1956 1776 2119 1831 quem
2160 1768 2220 1815 ut

666 1856 935 1919 reﬁceret,
983 1854 1048 1908 ad
1101 1866 1343 1909 sutorem
1397 1867 1457 1907 se
1504 1854 1737 1906 contulit
1781 1852 2005 1907 nomine
2044 1850 2223 1905 llana-

663 1932 830 2009 niam,
868 1945 960 2015 qui
994 1945 1191 1999 subula
1220 1944 1285 1997 ad
1316 1941 1699 2012 perforandum
1718 1942 1959 1996 calceum
1984 1952 2220 2011 sumpta,

663 2036 893 2104 digitum
931 2048 1093 2089 suum
1136 2016 1459 2102 perforavit,
1501 2034 1637 2085 adeo
1678 2031 1736 2084 ut
1774 2032 2000 2085 multum
2039 2032 2221 2086 emne-

663 2128 743 2178 rel
784 2126 1087 2193 sanguinis,
1137 2137 1238 2177 nec
1275 2122 1395 2178 sine
1455 2122 1643 2176 dolore
1690 2121 1915 2189 ingenti.
1959 2121 2219 2176 Sttbmur-

666 2215 901 2269 murauti
935 2215 1101 2283 igitur
1149 2214 1203 2266 in
1240 2211 1516 2272 Marcum,
1552 2210 1690 2264 dixit
1723 2211 1769 2264 ei
1802 2210 1911 2274 ille,
1950 2209 2006 2264 Si
2042 2212 2223 2265 credi-

659 2305 805 2359 deris
828 2305 880 2357 itt
913 2304 1100 2359 Jesum
1134 2302 1413 2357 Christum
1453 2298 1647 2356 Filium
1695 2298 1788 2354 Dei
1816 2341 1832 2366 ,
1867 2302 2066 2372 digitus
2095 2311 2219 2358 tuus

660 2395 968 2448 sanabitur.
1015 2392 1293 2449 Prehettso
1336 2391 1505 2460 igitur
1534 2390 1724 2459 digito,
1773 2390 1893 2458 ejus
1938 2392 2119 2446 dixit:
2161 2394 2218 2447 In

664 2485 880 2538 nomine
904 2482 1034 2538 Jcsu
1056 2482 1260 2537 Christi
1287 2496 1452 2535 sanus
1479 2481 1551 2535 sit
1580 2481 1782 2549 digitus
1809 2490 1969 2543 tuus;
2002 2482 2092 2547 qui
2121 2495 2218 2538 eo-

662 2574 783 2627 dem
834 2581 1111 2627 momento
1151 2572 1208 2625 in
1265 2571 1563 2625 sanitatem
1604 2558 1901 2625 restitutus
1943 2580 2052 2634 est,
2095 2586 2219 2641 san-

662 2664 824 2731 guine
877 2644 1112 2732 amplius
1160 2677 1269 2715 non
1314 2660 1591 2735 eﬁluente.
1640 2661 1707 2715 Et
1762 2661 1994 2715 credidit
2044 2663 2112 2716 ab
2154 2678 2219 2716 eo

660 2763 908 2825 tempore
949 2752 1230 2808 llananias
1286 2752 1342 2806 in
1386 2750 1686 2815 Christum,
1728 2751 1896 2805 unde'
1926 2752 2220 2820 baptizavit

660 2861 784 2901 eum
821 2844 1035 2899 Marcus
1057 2851 1111 2898 et
1128 2842 1411 2898 constituit
1460 2856 1585 2896 eum
1612 2841 1968 2910 patriarcltatn
1992 2842 2220 2893 Alexan-

660 2936 809 2988 driae.
834 2935 1056 2989 Scilicet
1084 2935 1130 2987 is
1160 2934 1365 3003 primus
1440 2940 1560 2985 erat
1602 2929 1940 2984 Alexandria:
1984 2932 2215 2998 patriar-

667 3028 769 3079 cha
809 3026 1168 3079 constitutus.
1211 3022 1511 3076 Constituit
1563 3020 1689 3072 item
1730 3019 1943 3072 Marcus
1988 3031 2220 3086 evange-

660 3114 788 3169 lista
833 3114 1119 3170 duodecim
1169 3112 1515 3182 presbyteros
1592 3124 1715 3162 cum
1785 3107 2062 3175 llanania;
2123 3109 2215 3177 qui

658 3218 850 3275 nempe
868 3210 1147 3257 manerent
1172 3213 1294 3255 eum
1319 3200 1646 3270 patriarcha,
1670 3197 1801 3252 adeo
1824 3209 1883 3250 ut
1908 3213 2029 3250 cum
2066 3213 2219 3251 vara-

663 3302 750 3347 ret
814 3294 1240 3361 patriarchatus,
1307 3292 1569 3361 eligerent
1622 3304 1788 3343 unum
1841 3302 1871 3342 e
1929 3288 2215 3342 duodecim

658 3384 987 3454 presbyteris
1032 3383 1188 3450 cujus
1235 3382 1403 3450 capiti
1465 3380 1661 3448 reliqui
1712 3372 1966 3432 undecim
2021 3392 2216 3432 manus

659 3475 1005 3543 imponerent
1034 3486 1270 3539 eumque
1306 3469 1694 3523 benedicerent
1746 3477 1799 3519 et
1848 3467 2214 3536 patriarcltam

656 3578 782 3617 eum
839 3572 1110 3624 crearent,
1159 3570 1214 3614 et
1255 3559 1382 3613 dein
1430 3558 1607 3611 virum
1651 3557 1886 3626 aliquem
1948 3556 2216 3624 insignem

656 3646 921 3725 eligerent
966 3666 1201 3722 eumque
1255 3649 1633 3720 presbyterum
1682 3662 1869 3702 secum
1916 3646 2217 3700 constitue-

657 3754 778 3800 rettt
819 3748 940 3798 loco
981 3743 1102 3812 ejus
1140 3741 1234 3809 qui
1285 3740 1365 3793 sic
1410 3739 1588 3791 iactus
1635 3744 1719 3791 est
1782 3734 2115 3804 patriarcha,
2158 3743 2217 3788 ut

659 3838 736 3890 ita
791 3849 1004 3903 semper
1081 3837 1362 3886 exstarent
1420 3826 1731 3881 duodecim.
1796 3822 1981 3893 Neque
2054 3824 2214 3879 desiit

656 3924 1003 3979 Alexandria:
1039 3921 1351 3975 institutum
1383 3919 1485 3972 hoc
1508 3916 1575 3971 de
1600 3916 1946 3986 presbyteris,
1992 3925 2049 3968 ut
2102 3914 2211 3968 sci~
2236 3935 2279 3993 ο

659 4018 788 4069 licet
837 4012 1181 4084 patriarchas
1213 4016 1463 4065 crearent
1514 4023 1581 4061 ex
1622 4006 1974 4078 presbyteris
2009 4004 2213 4060 duode-

657 4106 785 4168 citn,
842 4118 1018 4170 usque
1076 4101 1144 4153 ad
1217 4108 1460 4167 tempora
1526 4095 1820 4149 Alexandri
1884 4094 2212 4163 patriarchas

658 4194 1011 4251 Alex-.tndrini
1042 4191 1134 4261 qui
1173 4190 1275 4244 fuit
1304 4204 1370 4243 ex
1403 4201 1633 4241 numero
1656 4184 1749 4239 illo
1783 4184 1905 4238 518.
1943 4183 1994 4237 ις
2030 4190 2210 4237 autem

658 4288 829 4341 vetuit
887 4298 954 4337 ne
1004 4281 1265 4349 deinceps
1311 4278 1677 4348 patriarcham
1712 4275 2010 4344 presbyteri
2052 4289 2211 4329 crea-

658 4386 800 4432 rent.
856 4373 922 4427 Et
963 4372 1206 4425 decrevit
1243 4377 1300 4422 ut
1349 4376 1565 4420 mortuo
1609 4364 1919 4433 patriarcha
1956 4362 2213 4417 conveni-

658 4476 781 4522 rent
804 4447 1046 4534 episcopi
1090 4460 1184 4529 qui
1236 4456 1605 4529 patriarcham
1639 4455 1976 4509 ordmarent.
2011 4454 2210 4507 Decre-

658 4562 736 4612 vit
767 4562 893 4610 item
926 4559 1230 4607 utvaeaute
1265 4548 1659 4618 patriarchatn,
1702 4544 1969 4613 eligerent
1996 4542 2111 4597 sive
2145 4556 2212 4598 ex

661 4658 988 4717 quacunque
1016 4643 1237 4710 regione
1274 4640 1387 4692 sive
1424 4651 1491 4690 ex
1524 4632 1815 4688 duodecim
1858 4633 1962 4688 illis
1991 4633 2214 4703 presby-

663 4740 799 4794 teris
828 4738 943 4790 sive
968 4733 1118 4797 aliis,
1143 4740 1203 4786 ut
1243 4744 1333 4785 res
1362 4728 1594 4790 ferebat,
1614 4728 1790 4780 virum
1831 4725 2066 4795 aliquem
2094 4726 2213 4780 exi-

660 4834 847 4893 mium,
878 4840 1112 4894 eumque
1128 4820 1490 4893 patriarcham
1516 4825 1784 4871 crearent.
1804 4817 1977 4885 Atque
2001 4817 2071 4870 ita
2087 4830 2212 4870 eva-

662 4922 779 4975 nuit
803 4920 1115 4972 institutum
1146 4913 1279 4966 illud
1315 4908 1620 4978 antiquius,
1661 4922 1770 4975 quo
1802 4906 1977 4959 creari
2008 4907 2207 4961 solitus

662 5005 1046 5077 apresbyteris
1092 4999 1441 5071 patriarcha;
1515 5003 1569 5050 et
1611 4996 1877 5051 successit
1925 4996 1979 5048 in
2035 4998 2211 5049 locum

662 5101 782 5168 ejus
811 5098 1094 5151 decretum
1124 5092 1192 5145 de
1226 5089 1533 5159 patriarcha
1566 5087 1634 5139 ab
1658 5085 1929 5153 episc0pis
1955 5085 2212 5139 creando.

663 5192 715 5246 Is
740 5190 900 5243 etiam
933 5185 1089 5253 petiit
1120 5181 1190 5236 ab
1219 5180 1300 5235 eis
1337 5194 1406 5233 ne
1432 5176 1759 5247 .patriarcha
1809 5174 2212 5230 Alexandrinus

665 5293 800 5347 papa
831 5245 1185 5336 vocitaretur,
1231 5266 1377 5340 quod
1417 5245 1690 5335 signiﬁcat
1735 5281 1919 5319 avum.
1951 5264 2056 5319 Sed
2086 5279 2212 5319 vero
2243 5245 2290 5304 ἶ)

662 5373 732 5424 ab
757 5368 995 5423 Hanania
1024 5378 1185 5434 quem
1208 5360 1489 5417 constituit
1512 5358 1723 5414 Marcus
1748 5356 2081 5425 evangelista
2114 5372 2209 5425 pa-

664 5455 951 5509 triarcham
970 5447 1325 5512 Alexandriae,
1361 5460 1530 5515 usque
1559 5444 1613 5497 in
1649 5452 1889 5513 tempora
1956 5442 2208 5499 Demetrii

667 5543 985 5615 patriarcha:
1037 5539 1235 5595 ibidem
1275 5538 1349 5607 (is
1395 5536 1703 5606 patriarcha
1747 5534 1847 5588 fuit
1884 5532 2210 5588 Alexandri-

2246 2616 2291 2675 Β

2628 1286 2759 1342 Cum
2796 1293 3031 1347 versione
3058 1309 3191 1349 nova
3220 1296 3289 1347 ad
3318 1296 3541 1354 verbum.

2390 1401 2546 1454 Anno
2569 1417 2715 1458 nono
2746 1402 2958 1473 imperii
2989 1407 3202 1463 Claudii
3231 1408 3460 1467 Caesaris
3508 1424 3627 1470 erat
3650 1413 3837 1471 Marcus-

2318 1493 2647 1561 evangeiista
2698 1496 2751 1549 itt
2787 1496 2920 1551 urbe
2965 1498 3309 1556 Alexandria
3344 1517 3652 1561 convocans
3684 1509 3823 1561 homi-

2319 1594 2417 1633 nes
2442 1581 2509 1635 ad
2543 1582 2700 1637 ﬁdem
2736 1585 2788 1637 in
2818 1584 3091 1642 Christum
3122 1590 3401 1646 Dominum
3432 1606 3695 1651 nostrum.
3718 1597 3821 1654 Duttt

2320 1678 2500 1725 autem
2538 1688 2633 1742 per
2659 1675 2846 1729 urbem
2900 1676 3183 1743 incedebat
3243 1679 3477 1749 Marcus,
3517 1685 3721 1755 dirupta
3761 1697 3825 1742 est

2318 1761 2553 1831 corrigia
2584 1763 2942 1820 calceamenti
2981 1766 3098 1835 ejus
3130 1782 3145 1818 :
3188 1768 3314 1825 hinc
3350 1773 3488 1826 sedit
3524 1774 3662 1843 apud
3687 1776 3828 1830 bomio
3916 1784 3917 1843 ξ

2322 1865 2446 1907 nem
2481 1860 2721 1907 sutorem
2782 1854 2987 1909 dictum
3036 1856 3355 1925 llananiam,
3388 1870 3445 1914 ut
3480 1864 3717 1919 reﬁceret
3746 1868 3827 1919 ral-

2319 1952 2475 1992 ceum
2503 1956 2681 1994 suum.
2715 1942 2961 2011 Cumque
2993 1947 3285 2013 accepisset
3310 1946 3586 2005 Hananias
3610 1954 3823 2006 subulattt
3916 1944 3917 2013 ᾖ

2318 2029 2384 2082 ad
2421 2030 2803 2098 perforandum
2840 2034 3100 2099 calceum,
3151 2050 3216 2092 ea
3254 2036 3480 2105 digitum
3531 2055 3689 2115 suum
3733 2056 3827 2111 per-

2321 2118 2534 2183 foravit,
2566 2120 2880 2191 eilluxitque
2926 2138 2992 2177 ex
3035 2125 3125 2180 illo
3171 2128 3403 2194 multum
3436 2114 3749 2201 sanguinis.
3790 2142 3829 2187 et

2320 2211 2555 2264 maximo
2583 2211 2761 2265 affecit
2785 2213 2933 2267 illum
2962 2213 3168 2281 dolore,
3189 2220 3541 2286 quamobrem
3574 2222 3826 2290 plurimum

2318 2300 2385 2353 de
2414 2301 2597 2355 Marco
2623 2312 2957 2372 conquestus
2990 2316 3092 2362 est.
3124 2307 3189 2362 Et
3226 2308 3365 2362 dixit
3397 2311 3445 2364 ei
3494 2310 3746 2367 Marcus:
3778 2310 3829 2367 .Si

2318 2390 2507 2443 credas
2546 2391 2599 2445 in
2644 2391 2826 2447 Jesum
2850 2382 3124 2451 Christum
3179 2395 3371 2453 Filium
3423 2398 3541 2464 Dei,
3584 2400 3830 2456 sanabitur

2318 2476 2521 2545 digitus
2565 2488 2708 2533 tuus.
2758 2482 2932 2551 Atque
2979 2483 3321 2552 apprehenso
3378 2486 3550 2555 digito
3602 2486 3831 2543 ilanania:

2319 2566 2448 2621 dixit
2488 2567 2701 2626 Marcus
2727 2586 2743 2624 :
2786 2572 2844 2624 in
2875 2573 3093 2628 nomine
3124 2570 3254 2629 Jesu
3283 2573 3486 2629 Christi
3520 2588 3741 2632 sanetur
3764 2579 3832 2633 di-

2319 2658 2462 2725 gitus
2496 2666 2622 2715 tuus
2646 2675 2660 2724 ;
2688 2669 2741 2713 et
2762 2662 2941 2714 statim
3005 2673 3230 2719 sanatus
3268 2673 3351 2718 est
3381 2666 3583 2736 digitus
3621 2668 3767 2737 ejus,
3795 2679 3837 2721 et

2315 2748 2559 2803 constitit
2604 2749 2849 2819 sanguis.
2879 2751 3156 2805 Hananias
3189 2760 3371 2807 autem
3408 2754 3527 2810 sine
3557 2756 3666 2809 ulla
3709 2770 3834 2810 mora

2315 2838 2548 2892 credidit
2575 2837 2628 2892 in
2651 2838 2950 2905 Christum,
2990 2841 3394 2911 baptizavitque
3438 2843 3588 2897 illum
3622 2844 3833 2909 Marcus,

2315 2935 2368 2980 et
2393 2928 2675 2981 constituit
2709 2942 2832 2981 eum
2876 2930 3241 2997 patriarchatn
3289 2930 3657 2999 Alexandria,
3701 2940 3838 2988 etest

2316 3016 2525 3084 primus
2562 3017 2873 3087 patriarcha
2918 3019 3256 3074 Alexandria:
3329 3023 3681 3076 constitutus.
3718 3023 3837 3078 Con-

2316 3104 2492 3158 stituit
2556 3103 2720 3158 etiam
2781 3103 3009 3161 Marcus
3053 3108 3389 3176 evangelista
3431 3125 3555 3164 cum
3616 3109 3839 3168 Hanauia

2316 3193 2621 3263 patriarcha
2646 3194 2935 3249 duodecim
2962 3196 3333 3267 presbyteros,
3362 3200 3455 3267 qui
3478 3200 3737 3256 adessent
3762 3216 3840 3271 pa-

2315 3276 2588 3346 triarchae.
2616 3295 2673 3339 ut
2694 3287 2983 3340 decedente
3010 3287 3337 3356 patriarcha,
3368 3288 3635 3359 eligerent
3693 3307 3838 3346 unuta

2313 3388 2381 3428 ex
2430 3374 2716 3429 duodecim
2770 3375 3123 3445 presbyteris.
3180 3384 3235 3430 et
3290 3378 3641 3445 imponerent
3666 3380 3835 3449 reliqui

2314 3462 2564 3515 undecim
2612 3462 2918 3533 presbyteri
2954 3477 3147 3517 manus
3188 3477 3318 3518 suas
3364 3466 3526 3535 capiti
3583 3468 3747 3535 ejus.
3799 3476 3840 3519 et

2314 3552 2699 3607 benedicerent
2735 3568 2880 3618 eum,
2926 3562 2981 3607 et
3022 3555 3420 3608 constituerent
3463 3570 3593 3611 eum
3635 3558 3839 3627 patriar.

2316 3642 2497 3695 citam.
2526 3642 2661 3696 Dein
2714 3641 2975 3711 eligerent
3027 3643 3204 3696 virum
3258 3644 3491 3713 aliquem
3568 3648 3840 3702 virtutibus

2314 3741 2681 3802 praestantem,
2724 3735 2984 3803 illumque
3016 3734 3325 3789 suﬁicerent
3360 3738 3743 3808 presbyterum
3771 3754 3839 3794 ιον

2313 3836 2438 3877 cunt
2470 3822 2590 3876 loco
2622 3821 2763 3890 ejus,
2789 3822 2879 3893 qui
2917 3823 3231 3891 patriarcha
3258 3825 3521 3882 suﬂectus
3553 3837 3665 3896 est,
3693 3839 3751 3884 ut
3774 3843 3839 3884 et-

2313 3921 2438 3967 sent
2482 3922 2744 3982 perpetuo
2801 3912 3113 3971 duodecim.
3166 3913 3355 3984 Neque
3389 3916 3553 3971 desiit
3608 3933 3726 3973 mos
3768 3918 3837 3971 ille

2313 4004 2753 4074 presbyterorum
2804 4004 3149 4059 Alexandriae
3205 4006 3580 4063 constituendi
3627 4010 3837 4079 patriar-

2312 4096 2467 4145 cham
2489 4107 2553 4145 ex
2576 4092 2646 4145 iis
2668 4091 2954 4146 duodecim
2989 4092 3325 4162 presbyteris
3349 4109 3519 4163 usque
3544 4096 3630 4167 ad
3649 4107 3839 4167 tempus

2309 4180 2599 4234 Alexandri
2625 4180 2951 4250 patriarcha:
2986 4182 3350 4248 Alexandriae,
3382 4185 3624 4253 quierat
3652 4202 3717 4241 ex
3754 4202 3838 4241 nu-
3916 4180 3917 4253 Ε

2312 4283 2462 4323 mero
2490 4277 2852 4324 trecentorum
2882 4272 3181 4327 octodecim
3213 4273 3461 4343 (Patrum
3506 4273 3717 4331 Νίσαια
3738 4292 3837 4330 τοι·

2310 4371 2642 4429 gregatorunt
2665 4359 2728 4429 );
2772 4360 2818 4414 is
2846 4364 2988 4415 enim
3010 4362 3197 4426 vetuit,
3228 4376 3295 4416 ne
3325 4363 3634 4433 presbyteri
3662 4363 3838 4419 consti-
3916 4402 3917 4423 χ

2314 4451 2930 4518 tuerentpatriarcham.
2959 4450 3224 4521 Przcepit
3259 4466 3495 4522 quoque,
3542 4464 3605 4509 ut
3650 4464 3837 4508 mortuo

2313 4540 2643 4609 patriarcha,
2689 4540 3044 4594 convenirent
3080 4541 3319 4611 episcopi
3374 4552 3424 4596 et
3476 4545 3829 4611 patriarchas

2312 4631 2731 4685 constituerent.
2780 4630 3042 4698 Praecepit
3090 4632 3279 4696 etiam,
3328 4640 3389 4685 ut
3444 4631 3715 4688 defuncto
3766 4648 3838 4702 ρε-

2313 4721 2572 4785 triarcha,
2618 4721 2878 4792 eligerent
2929 4736 2998 4777 ex
3046 4733 3373 4790 quacunque
3410 4722 3642 4791 regione
3686 4724 3833 4775 virum

2315 4812 2547 4882 aliquem
2576 4812 2864 4868 virtutibus
2891 4812 3285 4881 praecellentem
3305 4847 3323 4875 .
3376 4812 3493 4867 sive
3521 4813 3755 4882 aliquem
3787 4825 3837 4864 rs

2317 4902 2421 4954 illis
2457 4900 2743 4955 duodecim
2782 4902 3145 4970 presbyteris,
3194 4901 3310 4954 sive
3345 4900 3502 4967 aliis,
3552 4904 3717 4970 cujus
3742 4899 3836 4971 pla-

2316 4999 2439 5046 ceat
2478 4992 2741 5056 conditio,
2767 5000 2824 5044 et
2847 4991 3001 5045 illum
3031 4990 3430 5045 constituerent
3468 4994 3834 5061 patriarcham.

2314 5082 2657 5149 cessavitque
2686 5080 2941 5149 antiquus
2961 5094 3078 5134 mos
3101 5078 3466 5134 constituendi
3497 5083 3833 5150 patriarcha

2316 5186 2346 5225 a
2379 5168 2732 5240 presbyteris,
2773 5169 3020 5239 iactaque
3043 5177 3127 5223 est
3167 5176 3411 5237 potestas
3439 5184 3616 5239 penes
3656 5171 3834 5240 episto-

2316 5276 2415 5331 pos
2460 5258 2822 5314 constituendi
2876 5258 3263 5329 patriarcham.
3315 5257 3375 5313 Si
3415 5260 3512 5328 qui
3566 5276 3701 5315 vero
3741 5273 3834 5328 per»

2314 5352 2554 5407 cunctati
2596 5348 2817 5414 iuerint,
2845 5347 2956 5404 Cur
2978 5348 3283 5419 patriarcha
3330 5349 3733 5405 Alexandrinus
3762 5361 3833 5400 vo-
3916 5348 3917 5419 l

2316 5450 2472 5497 catur
2494 5455 2629 5509 papa
2653 5440 2675 5491 2
2701 5438 2845 5509 Papa
2876 5449 3053 5516 autem
3090 5446 3249 5496 avum
3292 5438 3593 5508 signiﬁcat,
3617 5441 3718 5497 hoc
3741 5438 3832 5504 qvi-

2318 5536 2437 5590 dem
2465 5531 2606 5600 ideo,
2652 5531 2777 5603 quia
2824 5546 2855 5585 a
2909 5541 3147 5600 tempore
3191 5530 3471 5598 llananiae,
3512 5545 3678 5601 quem
3723 5526 3833 5585 Iar-
