3960 6344
3324 321 3427 385 906

199 353 298 417 905
768 369 774 373 .
1620 335 1819 395 ANNA
1832 336 1986 397 LES.
2082 379 2103 387 η
2208 400 2211 402 ,

201 474 297 515 nus
317 454 648 527 undecimus)
673 452 855 510 nullus
877 449 1066 508 eratin
1083 448 1375 519 provinciis
1388 443 1610 517 Egypti
1626 444 1745 512 epi-
1785 453 1818 500 Α
1849 456 1948 498 cus
1971 443 2303 513 evangelista
2325 409 2698 510 patriast-ham
2742 440 3024 494 constituit
3050 440 3434 503 Alexandria,

198 563 420 620 scapus;
454 562 552 605 nec
586 543 913 618 patriarchae
935 549 1062 597 ante
1086 532 1227 596 eum'
1246 547 1505 595 crearunt
1535 537 1743 606 episco-

1848 542 2020 596 usque
2042 527 2108 583 ad
2134 537 2377 596 tempora
2407 527 2662 582 Demetrii
2693 528 3013 591 patriarchas
3033 527 3407 586 Alexandrini.

196 611 306 711 pos:
349 611 441 694 Ille
487 611 666 692 autem
715 631 894 714 iactus
933 631 1247 702 patriarcha
1290 639 1412 685 tres
1460 627 1743 686 constituit
1778 614 1792 659 ῗ
1844 630 1902 675 ει
1930 629 2015 675 εει
2047 619 2369 714 undecimus
2416 611 2728 687 patriarcha
2769 620 3191 684 Alexandrinus,
3231 621 3412 673 mtllus

194 710 492 801 episcopos.
528 727 594 778 Et
631 710 843 794 primus
889 710 996 778 fuit
1035 723 1124 777 hic
1164 719 1483 791 patriarcha
1518 717 1744 774 Alexan-

193 820 402 882 drinus,
429 815 536 886 qui
567 815 855 886 episcOpos
896 812 1049 870 iecit.
1087 812 1298 867 Mortuo
1327 807 1608 866 Demetrio
1631 809 1744 866 suf-

192 909 364 966 fectus
455 915 543 960 est
606 903 866 960 Heraclas
922 902 1236 976 patriarcha
1307 902 1744 964 Alexandrinus,

127 1043 132 1047 .
190 999 281 1070 qui
317 995 605 1066 episcopos
633 993 925 1050 constituit
962 994 1180 1071 viginti.
1203 991 1283 1046 Ex
1316 992 1401 1048 his
1423 1007 1567 1047 unus
1606 999 1742 1054 erat,

189 1076 517 1144 Ammonius
538 1085 742 1149 dictus,
779 1085 1063 1155 religionis
1101 1085 1370 1140 desertor.
1413 1080 1502 1159 De
1532 1097 1642 1152 quo
1669 1082 1746 1135 si-

190 1178 383 1236 mulac
399 1176 464 1231 ad
486 1175 765 1232 lleraelam
789 1175 964 1232 delata
990 1185 1077 1232 est
1114 1174 1284 1241 fama,
1325 1176 1673 1245 congregavit
1703 1175 1748 1227 is

192 1269 458 1342 synodum
486 1268 892 1340 episcoporum,
920 1275 975 1323 et
1003 1267 1056 1322 in
1089 1267 1279 1323 urbem
1307 1263 1584 1318 Ammouii
1629 1277 1751 1329 per-

119 1350 126 1358 ’
189 1360 353 1427 rexit,
387 1360 478 1415 ubi
529 1376 587 1416 re
620 1362 758 1416 satis
803 1354 1036 1431 cognita
1068 1366 1124 1412 et
1161 1364 1471 1431 perspecta,
1509 1369 1632 1415 eum
1684 1353 1750 1407 ad

189 1452 474 1508 veritatem
526 1449 759 1505 reduxit.
800 1429 938 1504 Cum
980 1461 1110 1502 vero
1159 1445 1413 1501 homines
1446 1429 1753 1498 'audierant

128 1532 473 1613 (episcopos
508 1542 746 1599 vocitare
773 1538 1138 1610 patriarcham
1179 1537 1318 1593 abba
1352 1552 1446 1593 seu
1499 1545 1745 1606 patrem,
1800 1583 1813 1596 ,

188 1635 332 1692 inter
372 1651 429 1692 se
449 1637 634 1690 dixere
673 1650 687 1688 :
725 1629 838 1686 Nos
880 1631 1193 1705 episcopum
1233 1628 1548 1699 quemlibet.
1581 1625 1751 1694 gAbba

185 1742 284 1783 seu
332 1734 541 1797 patrem
576 1723 950 1794 appellamus;
977 1729 1032 1776 et
1066 1719 1345 1790 appellant
1377 1717 1621 1788 episcopi
1642 1729 1754 1790 ppa-

185 1786 486 1890 triarcham
552 1786 714 1869 abba.
767 1786 1117 1888 U’ndesanev
1139 1786 1353 1880 oportet
1397 1786 1456 1864 ut
1494 1787 1755 1865 vocemus
1789 1786 1826 1839 Β

181 1923 287 1965 nos
328 1905 694 1977 patriarcham
715 1918 929 1977 papam,
963 1901 1018 1956 id
1047 1909 1132 1970 est
1165 1895 1324 1954 avum
1347 1939 1364 1964 ,
1395 1913 1525 1953 cum
1555 1898 1628 1953 sit
1650 1895 1754 1951 Pa-

177 2008 266 2055 ter
305 1999 556 2054 Patrum.
613 1997 692 2052 Ita
734 2011 767 2050 a
817 2002 1065 2065 tempore
1105 1991 1349 2048 Heracles
1380 2030 1396 2058 ,
1441 1990 1754 2062 patriarcha

178 2083 590 2146 Alexandrinus
634 2085 814 2142 dictus
854 2091 941 2141 est
976 2098 1139 2156 papa,
1183 2083 1238 2140 id
1263 2093 1348 2140 est
1392 2096 1553 2138 avus.
1598 2079 1759 2136 Post-

178 2196 350 2252 quam
411 2189 594 2235 autem
639 2174 921 2232 Hananias
965 2172 1285 2244 patriarcha
1351 2171 1757 2229 Alexandrinus

178 2287 347 2342 quem
391 2270 610 2326 Marcus
652 2266 986 2338 evangelista
1046 2267 1097 2320 in
1145 2263 1273 2320 sede
1312 2278 1411 2319 sua
1449 2263 1754 2324 constituit,

177 2346 362 2417 annos
405 2358 744 2424 sedisset22,
781 2367 1032 2414 mortuus
1071 2365 1176 2413 est.
1227 2353 1298 2422 Et,
1337 2352 1617 2423 profectus
1673 2359 1761 2406 est

179 2454 403 2511 “arcus
443 2452 774 2522 evangelista
821 2449 876 2505 in
936 2449 1190 2529 Baream,
1239 2437 1308 2529 _ut
1362 2453 1760 2527 propagaretur

175 2546 326 2618 apud
375 2521 626 2601 homines
649 2543 786 2599 lides
825 2543 883 2597 in
923 2523 1201 2596 Christum
1230 2521 1431 2608 Filium
1461 2538 1581 2592 Dei.
1606 2524 1760 2592 Obiit

177 2637 313 2692 dein
370 2634 633 2690 Claudius
681 2629 918 2688 .Ccsar’
979 2629 1310 2699 imperator,
1370 2634 1427 2681 et
1474 2626 1760 2696 imperavit

172 2726 375 2784 Roma
399 2734 521 2792 post
553 2716 677 2782 eum
711 2723 853 2779 illius
869 2723 990 2790 eius
1013 2719 1171 2776 ‘Nero
1202 2706 1388 2775 Caesar
1429 2717 1592 2774 annis
1631 2723 1761 2790 tre-

171 2811 385 2892 decim,
432 2817 527 2888 q'ui
555 2815 766 2886 primus
817 2812 920 2868 fuit
941 2810 1395 2892 gravissimorum
1419 2793 1761 2864 iu’Christia-

141 2888 282 2966 ἠδε
320 2909 592 2964 malorum
633 2917 850 2972 auctor,
930 2905 1094 2959 homo
1119 2888 1322 2972 utpote
1381 2902 1436 2955 in
1469 2897 1680 2955 consilii
1705 2906 1763 2955 et

169 2993 308 3058 vita
351 2998 699 3061 instituenda:
739 2997 956 3052 ratione
993 2993 1474 3065 improbissimus.
1523 2990 1592 3070 Et
1619 2998 1761 3050 tem-.-

170 3108 313 3164 pore
361 3087 612 3146 Neronis.
665 3088 896 3144 Cesaris
958 3086 1183 3156 scripsit
1216 3084 1437 3151 Petrus,
1483 3083 1764 3155 apostolo-

1847 719 1966 763 erat
1985 711 2040 763 in
2057 703 2344 764 territorio
2365 707 2580 780 Egypti
2611 709 2935 779 episcopus;
2956 723 3054 764 nec
3072 713 3413 778 patriarchae,

1850 803 1944 870 qui
1978 809 2105 855 ante
2135 815 2260 855 eum
2296 798 2474 866 erant,
2509 802 2913 856 eonsﬁtuerant
2936 801 3056 872 (ibi)
3080 803 3414 873 episcopum.

1850 895 1987 949 Cum
2025 895 2210 964 itaque
2240 891 2527 950 factuscst
2568 893 2874 949 Demetrius
2924 895 3260 964 patriarcha,
3307 907 3419 951 trcs

1851 985 2142 1042 constituit
2171 983 2479 1054 episcopos,
2508 992 2562 1040 et
2591 992 2677 1040 est
2710 986 2916 1053 primus
2959 987 3292 1056 patriarcha,
3328 989 3422 1058 qui

1851 1079 1906 1132 in
1937 1077 2269 1133 Alexandria
2303 1075 2434 1132 fecit
2472 1076 2783 1146 episcopos.
2810 1076 2888 1132 Eo
2919 1088 3100 1134 autem
3124 1076 3419 1156 defuncto,
3445 1099 3452 1106 ·

1823 1223 1829 1238 ε
1855 1171 2117 1226 sutl‘ectus
2140 1179 2226 1226 est
2255 1177 2380 1241 post
2405 1169 2554 1224 illum
2586 1167 2842 1225 lleraelas
2861 1171 3166 1239 patriarcha
3187 1173 3424 1227 Alexan-

1859 1260 2006 1326 driae,
2039 1263 2131 1332 qui
2167 1262 2358 1332 viginti
2389 1261 2680 1317 constituit
2705 1255 3016 1331 épis‘copos.
3046 1261 3195 1318 Unus
3238 1275 3419 1320 autem

1859 1372 1920 1410 ex
1966 1355 2053 1408 bis
2083 1353 2356 1425 episcopis
2383 1353 2607 1409 nomine
2632 1351 2956 1418 Eumenius,
2995 1355 3048 1408 in
3080 1356 3251 1427 legem
3283 1374 3425 1424 pne-

1860 1447 2132 1500 varieatus
2162 1454 2268 1501 est.
2297 1444 2434 1500 Cum
2486 1446 2666 1502 autem
2696 1445 2818 1516 ejus
2861 1445 3003 1501 fama
3038 1447 3105 1501 ad
3141 1447 3422 1504 lleraelam
3459 1449 3466 1457 ’

1859 1538 2226 1605 patriarcham
2298 1537 2473 1592 delata
2533 1528 2700 1602 esset;
2756 1539 3112 1608 congregavit
3171 1538 3427 1596 lleraelas

1853 1630 2167 1700 patriarcha
2211 1629 2475 1701 synodum
2510 1630 2912 1699 episcoporum,
2965 1633 3306 1702 perrexitque
3358 1637 3425 1688 ad

1861 1712 2356 1784 urbem-Enniennii,
2387 1729 2442 1776 et
2487 1721 2606 1790 ejus
2643 1730 2788 1777 statu
2820 1722 2953 1778 satis
2985 1726 3224 1792 cognito,
3265 1735 3429 1791 atque

1861 1824 2148 1886 perspecto
2171 1813 2396 1883 negotio
2423 1813 2592 1876 illius.
2624 1829 2749 1868 eum
2782 1814 2846 1868 ad
2881 1816 3158 1869 veritatem
3190 1813 3425 1870 reduxit.

1859 1908 2018 1962 Plebs
2029 1921 2161 1961 vero
2174 1906 2407 1960 audiens
2419 1904 2704 1975 episcopos
2717 1903 3080 1973 patriai-chain
3098 1907 3429 1974 appellantes

1862 2009 2091 2069 patrem,
2112 1999 2249 2054 dixit
2271 2001 2413 2068 apud
2432 2013 2490 2052 se
2510 2014 2524 2051 :
2549 1997 2606 2052 Si
2631 2012 2728 2053 nos
2750 1997 3068 2067 episcopum
3093 1999 3432 2068 appellamus

1863 2102 2095 2164 patrem,
2123 2089 2506 2162 et'epis’copus
2535 2092 2904 2160 patriarcham
2940 2101 3147 2162 patrem
3176 2092 3432 2162 appellat.

1863 2195 2098 2256 oportet,
2137 2195 2207 2241 ne
2225 2199 2326 2241 nos
2356 2184 2726 2254 patriarcham
2761 2184 3101 2255 appellemus
3133 2200 3347 2252 papam,
3378 2186 3430 2251 id

1863 2292 1946 2338 est
1963 2294 2279 2348 avum,cum
2297 2277 2390 2332 ille
2405 2278 2476 2332 sit
2496 2286 2652 2346 pater
2669 2285 2904 2346 patrum.
2919 2275 3230 2346 Appellatus
3249 2278 3434 2342 itaque

1865 2383 1950 2431 est
1971 2385 2004 2427 a
2030 2370 2224 2426 diebus
2249 2367 2488 2424 Heraeis:
2509 2368 2820 2438 patriarcha
2847 2369 3248 2433 Alexandrinus
3270 2387 3428 2438 papa,

1866 2464 1922 2522 id
1949 2471 2033 2520 est
2051 2455 2210 2517 a'vus.
2234 2459 2409 2516 Porro
2432 2458 2711 2515 llananias
2732 2460 3043 2530 patriarcha
3067 2460 3429 2523 Alexandria»,

1862 2556 2039 2613 quem,
2072 2543 2435 2599 constituerat
2468 2541 2688 2596 Marcus
2728 2543 3060 2611 evangelista
3110 2545 3161 2594 in
3210 2557 3270 2594 ea
3309 2544 3436 2595 suctu

1861 2621 2254 2700 patriarcham,
2288 2633 2432 2690 sedit
2453 2647 2630 2689 annos
2661 2633 2865 2706 viginti.
2895 2635 3058 2699 duos,
3089 2644 3136 2688 et
3186 2645 3437 2687 mortuus

1863 2731 1969 2781 est.
2011 2723 2228 2803 Marcus
2257 2717 2390 2803 vero
2417 2718 2758 2795 evangelista
2791 2720 3050 2796 e'grcssus
3082 2734 3166 2779 est
3207 2723 3273 2778 ad
3310 2723 3439 2777 Bur-

1866 2831 1988 2872 cam
2017 2801 2272 2873 homines
2292 2801 2608 2894 convocans
2649 2817 2716 2872 ad
2748 2815 2907 2872 tidem
2947 2817 3000 2871 in
3041 2816 3315 2872 Christum
3353 2815 3440 2867 li‘i-

1869 2908 2006 2963 lium
2037 2906 2156 2984 Dei.
2189 2908 2257 2963 Et
2289 2915 2542 2965 mortuus
2571 2916 2656 2965 est
2687 2907 2948 2964 Claudius
2977 2909 3165 2962 Cmsar
3208 2910 3439 2976 impera-

1871 3008 1980 3070 tor,
2039 3001 2444 3072 imperavitque
2491 3009 2617 3072 post
2669 3001 2820 3056 illum
2891 3001 3036 3056 illius
3086 3002 3207 3069 ejus
3257 2999 3434 3055 Neron

1866 3092 2050 3150 Caesar
2092 3092 2283 3150 Romae
2333 3093 2592 3162 tredecim
2624 3095 2806 3158 annis,
2855 3106 2911 3150 ει
2957 3101 3044 3148 est
3083 3094 3312 3162 primus,
3344 3096 3438 3162 qui

167 3171 302 3239 rum
340 3181 617 3252 princeps.
648 3178 997 3250 Evangelium
1024 3176 1187 3232 Marci
1212 3190 1378 3242 ,cum
1409 3173 1610 3238 Marco,
1647 3172 1754 3227 lin-

1866 3187 2164 3242 concitavit
2213 3187 2270 3241 in
2311 3154 2663 3242 Chris‘tianos
2711 3177 2950 3250 malum,
3001 3193 3058 3239 ct
3105 3187 3444 3254 persecutio.

165 3287 279 3346 gua
325 3271 600 3338 Romana,
649 3271 706 3326 in
751 3271 888 3326 urbe
932 3267 1143 3333 Romae,
1202 3268 1302 3330 sed,
1329 3264 1582 3321 attribuit
1623 3262 1758 3319 illud

170 3369 394 3426 ﬂarco.
433 3365 610 3420 Etiam
649 3374 893 3435 tempore
939 3363 1112 3431 hujus
1143 3358 1490 3431 imperatoris
1533 3355 1759 3432 scripsit

163 3455 376 3518 Lucas
398 3453 752 3526 Evangelium
783 3468 944 3510 suum
967 3456 1144 3525 graece
1195 3449 1264 3506 ad
1309 3449 1487 3505 virum
1515 3447 1755 3524 nobilem

163 3563 236 3605 ex
281 3546 638 3619 sapientibus
691 3542 977 3620 Romanis,
1022 3541 1110 3596 cui
1158 3555 1364 3604 nomen
1398 3537 1755 3609 Theophllus,

161 3640 241 3696 ad
269 3655 466 3710 quem
497 3637 636 3718 item
664 3635 888 3720 scripsit
929 3634 1064 3690 Acta
1095 3648 1192 3720 seu
1219 3631 1642 3702 discipulorum,
1672 3628 1758 3692 hi-_

163 3732 436 3789 atoriam.
469 3717 802 3788 Eratautem
826 3725 1002 3781 Lucas
1037 3717 1373 3794 evangelista
1393 3737 1578 3796 comes
1605 3718 1756 3775 Pauli

162 3824 440 3899 apostoli,
467 3838 700 3894 quocum
743 3835 840 3892 per
871 3831 1084 3889 tempus
1116 3817 1335 3890 aliquod
1364 3816 1585 3873 mansit.
1607 3808 1760 3870 Unde

158 3927 257 3973 est
278 3915 434 3986 quod
461 3911 661 3967 Paulus
706 3909 1000 3980 apostolus,
1031 3909 1087 3964 in
1122 3907 1357 3979 quadam
1387 3905 1627 3976 Epistula
1659 3902 1757 3958 sua

163 4009 318 4064 dicit
349 4024 365 4060 :
392 4003 559 4059 Lucas
583 4002 813 4057 nudicua
857 4017 946 4055 vos
975 3999 1199 4054 salutat.
1273 3995 1611 4068 (colou.,tv,
1647 3995 1769 4066 id.)

164 4099 527 4156 l’rehensum
567 4108 698 4150 vero
733 4094 955 4149 Petrum
981 4089 1127 4161 Nero
1155 4083 1531 4148 Casar’cruci
1565 4080 1755 4158 diligit,

134 4200 419 4264 corpore
448 4185 676 4249 scilicet
713 4183 954 4249 inverso,
984 4189 1151 4252 atque
1186 4181 1260 4234 ita
1292 4186 1470 4233 morte
1517 4193 1640 4234 eum
1670 4175 1754 4231 af-

161 4279 339 4335 fecit.
377 4275 513 4330 Nam
550 4283 606 4329 et
643 4273 857 4329 dixerat
901 4273 951 4328 ei
1011 4273 1256 4337 Petrus:
1308 4269 1364 4325 Si
1415 4268 1500 4325 vis
1552 4280 1611 4324 ut
1658 4282 1759 4339 ego

126 4370 334 4426 cruci
388 4367 595 4437 aliigar,
637 4354 864 4436 corpore
896 4380 984 4419 me
1027 4361 1248 4438 inverso
1292 4361 1448 4432 amge
1479 4361 1656 4427 cruci,
1690 4377 1757 4416 ne

157 4477 340 4531 ηψπ-ε
393 4459 527 4514 mihi
569 4457 778 4513 inﬂicta
823 4455 1024 4511 similis
1060 4457 1132 4511 sit
1174 4455 1224 4511 ei
1253 4470 1375 4524 qua;
1410 4453 1759 4524 inﬂigebatur

159 4553 423 4607 Domino
455 4566 574 4606 meo
601 4550 844 4616 Christo,
869 4549 960 4618 qui
989 4546 1139 4602 cruci
1167 4543 1362 4600 aﬁixus
1389 4554 1496 4608 est,
1527 4531 1758 4612 corpore
1793 4543 1835 4596 D

121 4647 394 4702 -'etecto.
448 4639 552 4697 Sed
617 4641 794 4712 gladio
859 4635 1178 4692 trucidavit.
1220 4635 1472 4692 Paulum.
1523 4633 1758 4689 Occisus

156 4745 373 4791 autent
412 4743 498 4789 est
549 4732 748 4789 Petrus
793 4731 897 4786 sub
944 4746 1150 4807 annum
1187 4729 1260 4782 22
1304 4738 1425 4796 post
1462 4727 1750 4781 Dominum

154 4839 434 4883 nostrum
468 4824 771 4880 Cbristmn.
806 4823 937 4877 Erat
969 4836 1098 4876 vero
1130 4829 1253 4891 post
1278 4818 1500 4874 Petrum
1525 4859 1541 4884 ,
1586 4808 1758 4872 Linus

157 4917 502 4988 patriarcha
533 4913 741 4978 Romae,
778 4927 888 4984 qua
917 4913 1137 4988 iunctus
1173 4911 1439 4982 dignitate
1468 4910 1537 4964 i2
1578 4922 1757 4962 annos

149 5012 338 5068 obiit.
385 5007 448 5062 Et
483 5008 568 5062 hic
591 5007 799 5078 primus
830 5012 948 5059 erat
973 4990 1288 5073 patriarcha
1322 5004 1625 5057 Romanus.
1658 5000 1755 5054 At-

151 5118 280 5173 que
314 5109 465 5155 ‘er‘at
499 5097 713 5153 Marcus
746 5094 1023 5166 Evangelii
1045 5105 1276 5160 auctor,
1327 5095 1384 5148 in
1425 5092 1755 5149 Alexandria

148 5206 214 5251 ct
266 5192 454 5248 Barca
489 5191 573 5260 (ut
613 5189 827 5244 scilicet
857 5195 1258 5257 propagaretur
1313 5185 1455 5255 apud
1500 5185 1754 5240 homines

149 5287 396 5342 ﬁdesin
417 5283 696 5338 Christum
719 5279 916 5335 Filium
946 5279 1063 5349 Dei)
1086 5279 1246 5333 annis
1266 5287 1501 5348 septem.
1525 5275 1592 5328 Et
1611 5289 1756 5328 anno

150 5359 422 5446 imperii
447 5373 678 5446 Neronis
711 5371 942 5429 Caesaris
977 5373 1091 5441 jam
1143 5371 1273 5424 dicti
1313 5372 1490 5440 primo
1530 5370 1752 5425 occisus

144 5444 262 5521 cst:
309 5463 534 5530 Marcus
583 5444 947 5527 Alexandriae,
1004 5475 1057 5516 et
1107 5478 1307 5528 corpus
1345 5463 1462 5530 ejus
1509 5461 1633 5531 igne
1668 5469 1751 5520 est

145 5558 512 5612 crematum.

510 5854 777 5913 PATROL.
819 5853 932 5914 Gn.
964 5855 1106 5916 CXI.

1869 3291 2014 3333 nem.
2053 3277 2184 3332 Erat
2213 3278 2415 3350 quippe
2443 3277 2608 3330 homo
2645 3277 2918 3346 pessimus
2979 3292 3044 3331 ac
3091 3277 3439 3347 improbissi-

1868 3369 1973 3425 mis
2031 3371 2302 3425 moribus.
2351 3367 2620 3439 Tempore
2670 3359 2852 3423 autcni
2912 3367 3148 3425 Neronis
3202 3369 3440 3424 Caesaris

1868 3460 2092 3531 scripsit
2124 3458 2322 3515 Petrus
2355 3461 2733 3530 apostolorum
2767 3460 3024 3530 princeps
3080 3459 3431 3530 Evangelinm

1866 3553 2058 3620 Marci,
2114 3551 2302 3608 Marco
2324 3551 2650 3623 excipiente,
2681 3538 2878 3622 lingua
2910 3551 3156 3605 Romana
3210 3552 3262 3616 in
3304 3553 3439 3605 urbe

1859 3644 2166 3714 Romanet
2197 3643 2446 3698 attribuit
2475 3641 2605 3697 illud
2634 3640 2839 3698 Marco.
2872 3630 3295 3712 ilujusquoque
3335 3642 3438 3695 ini-

1867 3735 2134 3805 peratoris
2159 3742 2407 3805 tempore
2435 3733 2662 3803 scripsit
2693 3732 3045 3804 Evangelium
3072 3747 3234 3787 suum
3264 3730 3439 3786 Lucas

1852 3825 2062 3882 Greca"
2098 3825 2283 3906 lingua
2313 3825 2380 3881 ad
2410 3824 2586 3891 virum
2625 3823 2914 3894 quemdam
2952 3823 3191 3879 nobilem
3242 3824 3309 3878 de
3351 3837 3445 3877 sa»

1869 3917 2149 3988 pientibus
2209 3914 2607 3980 Romanorum,
2667 3916 2756 3972 cui
2823 3930 3021 3972 nomen
3079 3914 3437 3985 Theophilus.

1866 4009 2148 4080 Inscripsit
2195 4008 2372 4064 eidem
2404 4013 2666 4079 praeterea
2726 4009 2880 4076 Acta,
2934 4023 3057 4076 quae
3106 4017 3236 4062 sunt
3273 4008 3442 4062 Ιιὶειο⁴

1867 4101 1962 4168 rise
2010 4087 2433 4170 discipulorum.
2474 4097 2662 4154 Lucas
2699 4100 2899 4170 quippe
2946 4098 3172 4154 Paulum
3230 4110 3442 4168 apostu.

1866 4191 1978 4244 lum
2008 4191 2304 4246 comitatus
2343 4199 2479 4255 erat,
2505 4204 2570 4244 ac
2605 4203 2699 4258 per
2726 4189 2942 4258 aliquod
2971 4198 3186 4257 tempus
3226 4205 3442 4244 manse-

1867 4289 1953 4334 rat
1988 4294 2112 4334 cuni
2165 4278 2317 4344 illo;'
2348 4294 2473 4333 nam
2527 4277 2732 4334 Paulus
2785 4278 3066 4347 apostolus
3109 4265 3160 4332 in
3202 4278 3435 4348 quadam

1870 4385 1969 4425 sua
2019 4369 2251 4440 epistola
2303 4367 2488 4425 dicit:
2551 4366 2722 4427 Lucas
2783 4369 3015 4440 medicus
3067 4384 3156 4421 vos
3215 4369 3440 4425 salutat.

1866 4460 2014 4518 Nero
2036 4470 2219 4536 autem
2257 4459 2444 4517 Caesar
2471 4469 2691 4531 captum
2725 4459 2946 4515 Petrum
2976 4461 3127 4515 cruci
3163 4459 3329 4512 aﬂixit
3356 4461 3440 4511 in.

1866 4570 2114 4619 versum,
2139 4565 2302 4624 atque
2324 4553 2475 4606 illum
2496 4552 2699 4607 occidit
2721 4552 2890 4620 ,jquia
2910 4552 3117 4605 dixerat
3139 4551 3187 4605 ei
3211 4552 3435 4605 Petrus:

1867 4646 1923 4702 Si
1959 4647 2042 4702 vis
2069 4661 2156 4709 me
2177 4644 2330 4700 cruci
2374 4643 2861 4714 atligere,-qu:cso,
2898 4635 3106 4713 'aﬂigito
3132 4656 3218 4696 me
3260 4643 3442 4694 inver-

1868 4754 2010 4801 sum,
2066 4753 2136 4793 ne
2181 4737 2386 4793 similis
2431 4735 2556 4790 nam
2606 4735 2843 4788 Domino
2885 4751 3005 4787 meo
3037 4735 3292 4807 Christo,
3347 4737 3437 4802 qui

1868 4838 2050 4885 rectus
2094 4830 2244 4884 cruci
2292 4828 2485 4882 atlixus
2519 4836 2622 4882 est.
2662 4827 2814 4880 szli
2863 4842 2994 4881 vero
3031 4827 3230 4881 eulluni
3261 4828 3439 4896 gladio

1866 4921 2182 4978 trucidavit.
2215 4921 2446 4976 Occisus
2478 4930 2662 4975 autem
2710 4929 2794 4973 cst
2845 4919 3041 4974 Petrus
3076 4920 3260 4987 viginti
3306 4920 3441 4970 duo-

1865 5015 1968 5067 bus
2013 5011 2216 5081 elapsis
2280 5021 2404 5080 post
2455 5011 2738 5065 Christum
2783 5009 3068 5063 Dominum
3129 5011 3324 5074 anuis;
3389 5019 3441 5061 rt

1865 5104 2133 5160 suffectus
2189 5114 2274 5159 est
2321 5104 2482 5158 Petro
2544 5103 2712 5158 Linus
2758 5102 3068 5172 patriarcha
3119 5098 3324 5164 nam,
3355 5115 3440 5155 se.

1865 5197 2063 5265 ditque.
2111 5198 2271 5251 annis
2331 5193 2639 5259 duodecim,
2681 5204 3028 5248 etmortuus
3075 5202 3182 5256 est,
3235 5201 3288 5246 et
3343 5192 3442 5244 luit

1869 5288 2097 5353 primus.
2133 5287 2227 5357 qui
2258 5285 2444 5340 Roma:
2473 5285 2784 5355 patriarcha
2812 5283 3077 5340 sull‘ectus
3099 5295 3202 5337 est.
3227 5282 3442 5335 Marcus

1867 5388 2046 5431 autem
2093 5386 2308 5452 auctor
2361 5377 2640 5444 Evangelii
2705 5385 2827 5430 erat
2881 5375 2933 5428 in
2994 5373 3315 5428 Alexandria
3389 5384 3442 5427 ιιι

1865 5472 2062 5533 Barea,
2092 5483 2400 5523 convocans
2457 5467 2706 5529 homines
2755 5468 2818 5520 ad
2869 5467 3025 5521 tidem
3071 5467 3123 5518 in
3159 5466 3437 5518 Christum

1867 5560 2062 5613 Filium
2118 5559 2208 5612 Dei
2267 5574 2362 5626 per
2390 5558 2628 5626 spatium
2687 5574 2948 5610 annorum
2995 5566 3225 5624 septem.
3287 5557 3438 5607 Anno

1856 5665 2034 5706 autem
2067 5653 2239 5720 primo
2264 5650 2423 5719 hujus
2443 5648 2674 5704 Neronis
2693 5651 2923 5704 Caesaris
2955 5651 3170 5706 occisus
3197 5657 3273 5700 est
3303 5645 3439 5697 Mar-

1856 5754 1953 5800 cus
1978 5743 2421 5806 Alexandria-ct
2456 5756 2652 5812 corpus
2684 5744 2799 5812 ejus
2833 5745 2950 5810 igne
2974 5750 3268 5795 crematum
3304 5747 3402 5792 est.

3035 5855 3111 5912 29
