3960 6344
597 516 2069 533 ~H—o—mW

1610 365 1980 427 EU'l‘YCHlI
2006 371 2056 441 _.~t
2067 365 2159 424 LE

2227 364 2549 425 ANDRINI
2588 365 2800 424 ΡΛΤΙί-
3706 367 3793 429 908

860 661 962 725 ΙΝ
989 659 1333 723 ΝΟΜΙΝΕ
1378 661 1550 734 DEI,
1592 659 1867 732 UNIUS,
1911 658 2289 730 .ETERNI,
2332 653 2925 730 IMMUTABILIS,
2989 658 3542 733 IMMORTALIS,

1390 786 1483 845 VA
1583 785 1755 861 Q'UO
1850 785 1966 845 ΕΤ
2054 780 2496 846 AUXILIUM
2574 785 2985 847 PETIMUS.

1591 1032 1999 1203 LIBER
2085 1050 2819 1164 HlSTORl/E

1209 1347 1977 1412 JUXTA"ACCURATAM
2041 1345 2226 1423 VEIH
2280 1347 2683 1409 RATIONEM
2762 1335 3192 1415 COLLECTUS

686 1468 935 1534 ΟΡΕΒΑ
1004 1450 1515 1530 ΡΑΤΒΙΑΒΟΗΕ
1555 1470 1945 1541 EUTYCHII,
1993 1468 2132 1544 QUI
2170 1468 2766 1532 COGNOMINATUS
2792 1472 2934 1533 EST
2973 1473 3160 1533 SAID-
3190 1471 3341 1533 EBN
3382 1469 3700 1531 BATBIK.

1035 1586 1251 1658 QUEM
1286 1586 1636 1650 SCRIPSIT
1672 1588 1775 1648 AD
1810 1585 2175 1647 FRATREM
2202 1585 2419 1646 SUUM
2460 1585 2665 1657 ISAM,
2724 1586 2822 1647 DE
2900 1584 3362 1647 COGNITIONE

862 1693 1407 1765 HISTORIARUM
1446 1700 2037 1767 UNIVERSALIUM
2066 1702 2114 1760 A
2146 1679 2509 1761 TEMPORE
2547 1699 2792 1759 suam
2825 1698 3087 1771 usque
3144 1700 3247 1760 an
3273 1674 3542 1762 'ANNos

1794 1819 2059 1883 HEIRIE
2117 1818 2607 1883 ISLAMITICAZ.

874 2148 1499 2370 EUTYCIIII
1623 1988 2511 2315 PATlllAlllllldl
2640 2141 3528 2315 ALEXANlilllNl

1721 2423 2657 2633 ANNALES.
2886 2506 2889 2509 ·
3208 2412 3215 2423 ”

650 2885 877 2955 luspiret
908 2880 1004 2936 tibi
1042 2877 1204 2944 Deus,
1236 2877 1308 2931 mi
1339 2876 1530 2940 frater,
1567 2889 1748 2929 rerum
1799 2873 2148 2943 pulchrarum
2179 2878 2221 2935 Α
2321 2870 2452 2944 5-7
2488 2872 2601 2938 Sic,
2633 2874 2707 2927 ait
2735 2872 2861 2927 Said
2891 2872 3005 2928 Ebn
3038 2872 3224 2928 Balrik
3269 2873 3536 2944 medicus’
3599 2876 3809 2931 ίιιῖιῖηη,

578 2979 814 3049 Optimas
839 2982 891 3030 ct
920 2970 1413 3032 commodissimos,
1450 2976 1506 3021 et
1540 2974 1749 3022 avertat
1770 2982 1800 3019 a
1837 2973 1924 3032 te,
1953 2980 2143 3019 earum

576 3084 699 3141 qua:
728 3066 1004 3121 tristitiam
1035 3060 1289 3123 aderunt,
1335 3058 1601 3111 malarum
1654 3056 1920 3110 maximas
1960 3064 2016 3109 et
2054 3066 2149 3108 no-

577 3159 926 3217 centiSsimas
971 3171 986 3207 :
1030 3153 1241 3221 operiat
1300 3160 1349 3201 te
1403 3147 1759 3218 prmectionis
1817 3146 1935 3200 velo
1981 3159 2144 3215 quam

578 3248 846 3310 latissime
874 3260 1136 3316 expanso,
1173 3250 1226 3295 ct
1257 3241 1538 3294 eontiunet
1575 3238 1668 3291 tibi
1710 3237 2003 3307 potentiam
2031 3250 2147 3288 am-

576 3324 876 3415 plissimam
913 3355 929 3396 :
966 3337 1228 3405 largiatur
1263 3332 1356 3385 tibi
1394 3333 1445 3383 in
1490 3339 1719 3397 utroque
1772 3328 1971 3381 saeculo
2018 3342 2145 3396 por-

577 3436 801 3494 tionem,
829 3439 883 3484 et
915 3429 968 3480 in
1002 3435 1233 3493 utroque
1258 3431 1402 3474 statu
1429 3429 1627 3473 sortem
1654 3436 1666 3472 ;
1690 3417 1986 3486 intelligere
2017 3415 2151 3488 1-4

575 3532 628 3579 te
661 3522 826 3577 faciat
858 3518 1062 3577 onmia,
1103 3529 1220 3582 qua:
1273 3511 1375 3579 ipsi
1411 3510 1661 3579 placent;
1712 3522 1886 3576 neque
1933 3517 2147 3575 separet

576 3624 627 3668 te
657 3630 684 3665 a
714 3612 914 3666 vicinio
938 3622 1035 3661 suo
1064 3621 1186 3656 eum
1221 3603 1333 3656 illis
1369 3615 1488 3670 qua:
1522 3599 1680 3666 longe
1710 3606 1942 3652 amovet.
1979 3596 2143 3650 Intel-

574 3705 678 3760 lexi
715 3701 844 3771 quid
881 3695 1119 3754 describi
1155 3694 1246 3746 tibi
1278 3690 1511 3760 iusseris
1537 3688 1681 3757 (beet
1702 3696 1752 3741 te
1782 3686 1923 3739 Deus
1943 3687 2142 3738 amictu

575 3799 934 3859 \‘irtutum,ct
965 3787 1227 3844 mundum
1285 3795 1338 3839 te
1395 3789 1701 3839 conservet,
1773 3797 1842 3835 ne
1893 3779 2145 3834 sordidas

575 3891 831 3945 vitiorum
898 3891 1075 3937 vestes
1134 3878 1373 3943 induas)
1428 3875 1481 3928 in
1538 3871 1848 3941 cognitione
1894 3869 2144 3924 llistoria:

575 3975 895 4034 universalis
915 3989 942 4025 a
980 3981 1221 4038 tempore
1246 3964 1433 4019 Adami
1457 3960 1706 4033 usquead
1736 3977 1909 4015 annos
1937 3960 2145 4029 lli-gi”;

572 4070 916 4129 lslamiticw;
954 4071 1118 4130 atque
1162 4058 1289 4111 illud
1340 4054 1713 4109 demonstravi
1750 4053 1902 4121 juxta
1951 4053 2142 4106 seriem

574 4163 863 4221 mensium,
905 4154 1253 4213 swculorum,
1295 4159 1349 4202 et
1377 4160 1669 4208 annorum,
1705 4155 1762 4196 ut
1792 4146 1843 4198 in
1889 4142 2007 4210 ejus
2050 4157 2144 4196 co-

2249 2971 2528 3036 capieuius
2562 2982 2591 3021 a
2625 2968 2783 3022 laude
2824 2966 3036 3022 Domini
3064 2969 3233 3022 nostri
3283 2978 3339 3022 et
3391 2969 3677 3023 Creatm-is
3721 2970 3809 3038 qui

2250 3072 2351 3112 nos
2384 3057 2648 3124 condidit,
2674 3068 2729 3113 et
2756 3060 2810 3112 in
2846 3059 3008 3125 vitam
3044 3056 3318 3129 perduxit.
3345 3058 3505 3127 cujus
3529 3059 3675 3114 fama
3701 3062 3809 3132 glo-

2250 3151 2391 3205 riosa
2422 3160 2527 3215 est,
2561 3165 2685 3206 cum
2711 3152 2879 3221 ipsius
2903 3151 3022 3206 laus
3042 3150 3432 3220 (sancriticetur
3449 3153 3571 3220 ejus
3593 3154 3813 3219 nonres)

2201 3230 2417 3302 iclavis
2447 3242 2517 3296 sit
2548 3243 2792 3297 omnium
2823 3243 3085 3298 librorum
3134 3250 3187 3297 et
3239 3251 3591 3298 tractatuum.
3636 3246 3810 3315 Ipsum

2248 3333 2719 3402 (potentissimum
2756 3342 2809 3387 et
2841 3332 3332 3402 gloriosissimum)
3393 3343 3696 3400 rogantes,
3760 3345 3811 3385 ut

2248 3440 2403 3494 Opem
2457 3424 2613 3479 nobis
2657 3425 2904 3479 conferat
2960 3425 3025 3477 ad
3082 3424 3212 3477 illud
3272 3416 3681 3493 prarstannlum,
3724 3442 3811 3493 pro

2250 3516 2501 3570 bonitate
2531 3530 2627 3569 sua
2664 3526 2948 3569 consueta.
2981 3514 3161 3568 Gloria
3193 3531 3323 3586 ergo
3357 3515 3487 3577 Deo,
3519 3517 3614 3584 qui
3645 3517 3809 3585 gloria

2249 3610 2449 3679 dignus
2482 3608 2817 3679 estcjusque
2848 3605 3144 3669 Dominus,
3182 3615 3234 3660 et
3273 3607 3343 3660 ob
3391 3620 3551 3674 quam
3606 3607 3808 3676 gratias

2224 3687 2529 3766 exspectat
2561 3714 2589 3751 a
2631 3700 2804 3752 servis
2845 3683 3109 3775 suis,'qui
3144 3698 3231 3750 res
3254 3694 3806 3764 decreritautequam

2246 3799 2452 3850 essent.
2482 3805 2683 3859 easque
2716 3790 2981 3855 gubernat
3014 3796 3297 3857 postquam
3328 3787 3613 3855 producta:
3645 3796 3802 3849 sunt;

2246 3885 2335 3951 qui
2370 3881 2795 3936 misericordiam
2825 3891 2873 3932 et
2904 3879 3170 3947 justitiam
3205 3891 3235 3929 e
3278 3877 3381 3929 viis
3410 3878 3664 3930 veritatis
3688 3893 3809 3931 con—

2248 3980 2465 4025 sututas
2496 3969 2782 4039 przccepit;
2827 3967 3122 4035 nequitiam
3154 3975 3335 4018 autem
3390 3976 3443 4017 et
3489 3966 3801 4034 iniustitiam

2248 4077 2278 4115 ο
2304 4061 2404 4114 viis
2435 4059 2552 4112 falsi
2588 4060 2756 4111 vetuit
2796 4075 2809 4110 :
2843 4057 2932 4125 qui
2968 4073 3075 4110 non
3112 4058 3257 4123 cogit
3298 4071 3487 4110 servos
3511 4057 3576 4117 ad
3613 4059 3806 4111 iacien-

2248 4152 2374 4205 dum
2409 4151 2705 4219 quidquam
2736 4148 2879 4219 quod
2915 4151 3056 4201 vires
3090 4148 3330 4217 ipsorqu
3359 4148 3572 4201 excedit
3598 4166 3613 4212 ;
3644 4164 3804 4217 neque

574 4254 819 4325 gnitioue
853 4247 921 4300 sit
962 4243 1106 4312 quod
1151 4238 1366 4294 abunde
1413 4237 1508 4290 libi
1554 4233 1785 4289 sumCial
1811 4274 1825 4297 .
1881 4248 1946 4286 ιιθ
2000 4248 2138 4298 υιιιιε
2172 4237 2217 4296 Β
2250 4241 2541 4310 praestituit
2575 4240 2842 4295 creaturis
2873 4240 2986 4291 suis
3015 4252 3177 4306 opera
3206 4236 3402 4304 quibus
3432 4239 3675 4305 impares
3692 4246 3803 4290 sunt

573 4348 776 4401 habeas
810 4339 1113 4410 quemlibet
1143 4349 1173 4387 e
1209 4331 1512 4401 pmioribus
1563 4336 1658 4381 aut
1698 4328 1854 4395 vulgo
1907 4327 2145 4379 interro-

572 4452 742 4507 gare;
778 4427 1148 4498 Ile-scripsique
1182 4422 1274 4477 tibi
1313 4420 1556 4489 (iudicet
1592 4418 1691 4471 tibi
1720 4416 1861 4471 Deus
1911 4418 2048 4469 viam
2076 4416 2144 4470 ad

577 4528 883 4583 felicitatem
918 4522 1154 4574 maxime
1181 4512 1516 4583 expeditam,
1546 4519 1600 4563 et
1643 4521 1824 4563 notam
1879 4508 1972 4563 tibi
2017 4524 2140 4577 pcr-

576 4630 737 4690 pctuo
774 4615 935 4668 faciat
965 4609 1252 4662 scientiam
1283 4645 1298 4669 ,
1328 4612 1383 4657 et
1418 4602 1709 4655 utilitatem
1772 4600 2143 4669 praecipuam)

575 4726 783 4783 iypllltt,
813 4703 1106 4769 exemplar,
1138 4708 1190 4751 et
1222 4709 1506 4759 normam;
1540 4705 1662 4761 qua:
1687 4691 1947 4745 constitui
1993 4705 2143 4742 com-

574 4780 835 4873 pendio'sa
868 4804 921 4849 et
960 4792 1136 4854 utilia,
1168 4797 1329 4857 prout
1354 4783 1594 4854 iudicavi
1632 4790 1940 4850 competere
1974 4780 2141 4833 animi

573 4870 649 4946 tui
682 4881 925 4957 praeclari
961 4874 1296 4938 celsitudini,
1328 4883 1383 4926 et
1411 4870 1693 4927 conlorme
1734 4885 1856 4925 esse
1908 4870 2140 4923 acumini

574 4977 773 5049 ingenii
799 4978 875 5027 tui
902 4967 1209 5040 praestantis
1236 4973 1287 5017 et
1318 4962 1590 5025 sublimis,
1613 4960 1893 5015 succincte
1920 4968 1973 5014 et
1997 4975 2141 5014 sum-

573 5068 761 5120 matim
792 5060 931 5114 tradi
962 5072 1022 5110 ea
1049 5068 1170 5123 quae
1197 5069 1226 5107 e
1254 5052 1372 5121 lege
1400 5059 1454 5103 et
1492 5049 1803 5118 Evangelio,
1824 5049 2142 5117 ca'terisque

573 5156 727 5211 libris
762 5147 1035 5205 veteribus
1061 5154 1113 5198 ct
1156 5142 1311 5197 novis
1366 5140 1593 5195 collecta
1640 5140 1958 5209 complexus
2020 5153 2138 5191 sum

574 5248 714 5300 libro
747 5244 844 5295 hoc
880 5254 997 5292 meo
1022 5250 1179 5304 quem
1217 5232 1527 5301 composui,
1549 5230 1693 5299 quod
1713 5231 1779 5283 ad
1800 5230 2136 5293 tnctbodum,

573 5338 735 5391 rebus
754 5329 1136 5397 inresrigandis
1153 5324 1682 5397 praistantissimrzm,
1696 5321 1918 5390 quodad
1938 5324 2109 5376 docui
2128 5350 2142 5361 -

576 5444 722 5491 nam,
771 5425 1114 5480 verissimum
1144 5434 1300 5485 ;eum
1325 5418 1378 5470 in
1404 5417 1521 5481 ipso
1546 5423 1829 5468 assecutus
1850 5417 2139 5467 terminum

574 5521 663 5591 qui
686 5516 932 5587 prudenti
954 5510 1242 5581 gratussil,
1265 5517 1316 5561 ct
1339 5507 1609 5561 intellectu
1635 5505 1858 5571 prmdito
1882 5508 2138 5567 sullirziat,

573 5626 743 5676 eaque
768 5607 861 5661 tibi
894 5614 947 5659 et
996 5604 1253 5657 lratribus
1277 5601 1384 5653 luis
1402 5599 1670 5654 ργίύυιιιω
1692 5597 1823 5665 (res)
1873 5600 2131 5666 explicui.

573 5717 692 5770 quae
721 5700 873 5754 nobis
897 5696 1104 5764 tibique
1123 5692 1326 5763 praemii
1354 5690 1547 5746 etboni
1570 5690 1933 5758 consequendi
1972 5706 2133 5744 causa

2244 4337 2389 4387 vires
2416 4336 2677 4401 ipsarum,
2713 4347 2901 4386 verum
2935 4330 3079 4399 ipsas
3114 4331 3391 4383 actionum
3438 4345 3677 4384 suarum
3727 4346 3800 4379 ar-

2244 4424 2434 4484 bitras.
2475 4438 2808 4493 operumque
2849 4438 3071 4475 suorum
3132 4421 3521 4475 moderatrices
3550 4460 3566 4484 .
3610 4436 3678 4474 ac
3733 4436 3800 4471 ie-

2244 4531 2363 4569 rum
2395 4529 2617 4568 suarum
2655 4514 3008 4567 administras
3045 4512 3369 4574 constituit;
3408 4520 3570 4579 atque
3605 4513 3674 4566 ad
3706 4512 3792 4564 hoc

2245 4608 2365 4660 illas
2407 4604 2666 4659 instruxit
2692 4603 3008 4658 excellentia
3032 4602 3219 4670 judicii
3251 4610 3304 4655 et
3331 4601 3548 4655 consilii
3578 4642 3595 4664 ,
3631 4617 3695 4657 ac
3719 4604 3797 4654 bo.

2243 4698 2416 4750 nitate
2444 4695 2851 4750 deliberationis
2872 4704 2921 4748 et
2965 4695 3228 4755 Sirientize,
3257 4708 3356 4763 ope
3378 4693 3501 4761 ejus
3532 4708 3701 4761 quem
3733 4694 3798 4743 iu-

2242 4788 2379 4842 didit
2405 4787 2555 4855 ipsis,
2586 4787 2652 4840 de
2683 4798 2872 4839 natura
2902 4787 3249 4853 intellectus;
3285 4801 3448 4853 quem
3504 4784 3640 4842 fecit
3684 4800 3796 4839 cauo

2244 4893 2359 4933 sam
2392 4877 2750 4945 impellentem
2807 4877 2873 4928 ad
2925 4876 3357 4929 conﬁrmandum
3413 4888 3610 4929 contra
3668 4878 3794 4945 ipsos

2243 4978 2648 5034 argumentum,
2679 4978 2732 5019 et
2770 4961 2909 5019 viam
2963 4983 3084 5034 qua:
3135 4968 3282 5036 ipsos
3333 4979 3614 5035 compotes
3667 4968 3793 5018 dire-

2243 5060 2439 5113 ctionis
2469 5058 2695 5120 faceret,
2730 5059 2882 5128 quod
2905 5059 3039 5125 ipsis
3071 5060 3418 5111 commodum
3444 5067 3528 5112 est
3581 5058 3790 5125 eligeuS.

2242 5160 2296 5205 et
2328 5151 2705 5205 misericordia
2732 5165 2859 5219 erga
2893 5149 3039 5218 ipsos
3072 5148 3437 5217 propendens.
3490 5147 3641 5201 Laus
3680 5158 3789 5212 ergo

2244 5244 2353 5296 Deo
2385 5244 2477 5312 qui
2514 5241 2825 5295 individuus
2861 5249 2943 5294 est
2981 5242 3192 5293 ratione
3224 5240 3450 5293 unitatis
3493 5255 3613 5293 suse
3638 5279 3652 5300 ,
3684 5239 3787 5305 qui-

2244 5350 2347 5400 que
2382 5334 2399 5400 (
2425 5334 2833 5401 potentissimus
2861 5332 2919 5400 8
2948 5343 2998 5384 et
3029 5330 3488 5399 gloriosissimus)
3515 5333 3590 5384 ob
3616 5340 3785 5382 essen-

2252 5426 2380 5477 tiam
2413 5439 2588 5486 suam,
2624 5425 2939 5491 sapientiam
2965 5464 2978 5485 ,
3004 5431 3059 5476 et
3088 5422 3249 5475 vitam
3285 5429 3518 5483 aeternas
3545 5461 3561 5483 ,
3609 5421 3783 5489 dignus

2244 5524 2325 5567 est
2354 5515 2508 5567 laude
2539 5523 2593 5568 et
2623 5516 2989 5569 celebratione
3012 5555 3025 5577 ,
3077 5524 3421 5582 mereturque
3471 5514 3699 5582 gloriam
3741 5520 3781 5557 et

2246 5607 2627 5659 exultationem
2657 5623 2669 5670 ;
2703 5606 2793 5674 qui
2833 5606 2969 5658 niltil
3006 5608 3056 5658 in
3095 5606 3206 5674 lege
3251 5622 3347 5659 sua
3399 5609 3587 5675 posuit
3632 5604 3778 5658 ambi-

2246 5714 2431 5764 guum,
2467 5698 2612 5765 quod
2638 5696 2922 5750 dubitandi
2956 5712 3143 5750 ansam
3194 5697 3489 5765 pra‘berct,
3533 5710 3715 5764 neque
3738 5694 3780 5740 in

2244 5794 2525 5860 praeceptis
2556 5790 2667 5844 suis
2698 5790 2985 5854 incertum,
3024 5788 3167 5857 quod
3194 5789 3598 5845 dissensionem
3641 5803 3773 5858 pare.
