3960 6344
204 293 300 347 909

1596 284 1951 344 ANNALES.

3283 280 3385 341 910

201 415 314 460 rut;
346 397 435 450 sed
465 396 576 463 ipsa
614 394 900 448 constituit
936 395 1218 461 perSpicua
1253 404 1301 445 ct
1329 390 1610 444 manifesta
1639 408 1735 458 po-
1763 392 1810 453 Α
1842 397 1980 448 intrr
2005 411 2060 449 sit
2083 395 2392 461 discrepant
2432 394 2674 446 homines
2697 394 2757 459 in
2794 394 3016 447 historia
3047 433 3068 464 ,κ
3092 393 3233 461 quod
3289 409 3385 442 λιιι
3469 459 3472 464 _

201 489 357 560 polis,
386 481 488 541 non
520 487 773 539 obstante.
805 485 1081 539 nationum
1112 493 1164 539 et
1194 485 1472 554 regionum
1525 483 1734 536 discre-

200 583 404 654 pantia,
455 593 509 632 et
553 579 834 633 scientiam
885 578 1085 630 claram
1147 577 1400 629 omnilms
1452 575 1733 643 gentibus,

196 671 578 743 quantumlibet
612 683 860 722 sermone
888 675 940 721 et
973 667 1220 721 dialectis
1269 667 1494 719 invicem
1543 666 1734 720 distin-

201 767 322 828 ctis.
357 778 450 832 per
488 760 876 815 revelationem
924 760 1203 828 prophetis
1237 758 1355 811 suis
1391 764 1444 810 et
1482 758 1738 825 apostolis

197 856 421 928 [factam
448 851 468 922 ]
497 860 550 904 et
582 866 702 926 quia!
737 851 883 903 misit
914 850 979 902 ad
1016 849 1162 917 ipsos
1187 850 1445 902 miracula
1474 849 1739 918 signaque

193 943 464 1002 tremenda
505 943 570 996 ad
602 944 806 996 cultum
839 939 998 996 suum
1035 941 1310 1005 invitans;
1351 949 1399 994 et
1445 940 1736 1007 benignum

192 1046 459 1105 aspectum
485 1035 533 1087 ei
565 1033 656 1102 qui
691 1034 790 1102 ipsi
829 1033 1120 1086 crediderit
1154 1034 1467 1101 promittens
1490 1076 1504 1099 ,
1533 1033 1735 1087 exitum

192 1141 316 1180 vero
355 1125 649 1193 pessimum
680 1125 757 1187 ei,
791 1125 882 1191 qui
918 1125 983 1178 ab
1010 1125 1126 1192 ipso
1153 1139 1211 1176 se
1245 1125 1498 1177 averterit
1531 1124 1735 1192 ipsum-

189 1231 292 1283 que
342 1213 662 1282 negaverit,
720 1213 979 1266 minatus.
1017 1209 1412 1280 [Celebretur,
1472 1207 1737 1278 inquam]

190 1302 342 1356 laude
400 1317 521 1369 quae
548 1299 806 1369 majorem
842 1300 1016 1368 ipsius
1046 1299 1455 1352 beneficentiam
1485 1305 1738 1365 provocet

186 1404 236 1446 rt
259 1407 539 1447 accessum
569 1393 634 1446 ad
664 1394 839 1461 ipsum
887 1398 1135 1460 praestet.
1182 1389 1363 1458 Ipsum
1412 1403 1542 1458 rogo
1570 1431 1583 1452 ,
1637 1389 1737 1458 ipsi

189 1485 437 1552 supplico
461 1524 476 1546 ,
513 1496 598 1564 ut.
627 1485 872 1536 sinceras
927 1480 1116 1534 reddat
1147 1479 1476 1533 intentiones
1526 1487 1740 1534 nostras

183 1579 245 1632 ad
277 1558 715 1645 amplectendam
752 1576 894 1644 quod
930 1575 1030 1643 ipsi
1061 1558 1271 1644 gratum
1301 1573 1391 1637 sit,
1424 1581 1478 1627 et
1516 1586 1743 1626 conver-

183 1680 256 1720 tat
278 1671 494 1723 intitnos
518 1665 740 1720 atiectus
764 1675 978 1721 nostros
997 1664 1062 1717 ad
1094 1663 1226 1718 illud
1250 1663 1394 1733 quod
1415 1663 1736 1732 obsequium

178 1851 407 1921 gradum
436 1850 538 1904 sibi
571 1841 959 1919 propinquum.

250 1941 376 1995 Haec
407 1940 690 1995 hactenus.
715 1941 1037 2009 Quicunque
1067 1954 1176 1994 non
1209 1941 1460 2010 habuerit
1486 1941 1736 1997 notitiam

176 2031 518 2086 fundamenti
555 2031 786 2100 alicujus
816 2029 1098 2094 scientiae,
1151 2029 1220 2084 de
1266 2044 1373 2099 qua
1433 2045 1738 2086 sermonem

175 2125 467 2179 instituere
501 2123 649 2188 velit,
695 2112 754 2174 ut
783 2120 910 2176 inde
943 2120 1176 2175 deducat
1224 2135 1366 2189 quas
1416 2120 1518 2190 ipsi
1563 2121 1737 2174 visum

176 2215 342 2268 fuerit
393 2199 858 2282 consequentias,
910 2225 1141 2281 quarum
1191 2210 1352 2264 etiam
1403 2212 1739 2280 cognitioni,

169 2305 368 2376 9-11
428 2318 551 2357 cum
598 2303 670 2358 sit
716 2315 957 2372 propago
1010 2300 1249 2369 ejusdem
1305 2301 1589 2365 scientiae,
1631 2318 1738 2355 non

173 2396 366 2449 subest
393 2393 540 2446 aliud
566 2391 787 2461 aliquod
816 2392 1229 2462 fundamentum
1251 2392 1318 2445 ad
1342 2392 1485 2462 quod
1509 2391 1741 2448 subinde

169 2497 516 2551 recurratur,
549 2494 709 2542 erunt
743 2501 924 2541 sermo
941 2495 993 2540 et
1023 2488 1164 2543 ratio
1187 2487 1544 2548 concludendi
1565 2485 1737 2556 ipsius

169 2595 310 2634 vana
351 2589 406 2634 et
444 2579 640 2645 futilis,
670 2580 932 2647 laborque
961 2589 1012 2634 et
1047 2578 1288 2633 studium
1340 2580 1389 2632 ei
1421 2580 1498 2633 rei
1532 2578 1739 2646 impen-

169 2686 292 2726 sum
325 2675 637 2738 frostrapea
666 2681 722 2725 et
750 2669 1001 2726 ridicula.
1032 2669 1298 2724 Parabola
1333 2678 1548 2734 autem,
1573 2684 1735 2738 quant

168 2764 345 2818 edidit
373 2763 636 2816 Dominus
661 2770 715 2816 et
741 2762 998 2815 Servatur
1030 2769 1215 2816 noster
1240 2762 1290 2814 in
1321 2761 1615 2830 Evangelia
1638 2777 1738 2814 suo

169 2865 390 2919 sancto,
426 2853 614 2907 dicens
649 2871 663 2906 :
695 2852 756 2907 Si
779 2854 891 2921 quis
922 2853 1136 2905 domum
1166 2868 1315 2906 suam
1344 2867 1737 2921 super-arenam

168 2947 431 3002 struxerit
462 2946 541 2999 te!
581 2947 919 2999 tenuissimus
957 2953 1135 2999 ventus
1183 2946 1535 3013 pertransiens
1569 2944 1736 3012 ipsam

1841 496 1948 539 tem
1976 486 2104 538 mihi
2135 487 2316 539 hae'in
2341 500 2402 539 re
2461 495 2582 553 post
2612 485 3041 552 disquisitionem
3090 485 3300 553 longam
3334 496 3386 537 et

1839 578 2081 630 laborem
2115 577 2368 640 multum,
2400 563 2739 646 compertum
2775 584 2893 639 est,
2933 576 3060 628 illud
3109 588 3190 630 est
3241 579 3383 644 quod

1838 682 1900 720 ex
1939 666 2005 720 iis
2053 682 2172 734 qure
2197 667 2248 720 in
2281 667 2395 737 lege
2433 667 2756 735 cacterisque
2788 665 3102 719 indubitata:
3155 666 3273 720 fidei
3323 669 3388 718 ti-

1837 757 1953 811 bris
1978 757 2302 822 cxbibitum,
2333 758 2857 828 explicatiouejusta
2885 763 2938 809 et
2963 756 3250 810 sufﬁcienti
3290 766 3404 810 ex-'

1841 835 2144 920 plicaturus
2168 865 2308 913 sum,
2345 850 2614 919 adiunctis
2645 852 2691 904 ei
2719 849 3147 903 narrationibus
3176 849 3389 903 succin—
3423 891 3426 895 .

1841 942 1967 1004 etis,
2003 939 2432 1008 compendiosis,
2465 955 2572 1009 quo
2609 942 2678 993 sit
2704 941 2800 994 tibi
2829 940 2964 994 liber
2982 940 3083 994 iste
3113 955 3266 994 meus
3296 934 3395 1006 per'

1841 1049 1902 1089 se
1927 1032 2228 1098 sufficiens,
2265 1031 2540 1101 faciatque
2598 1049 2663 1087 nc
2717 1049 2854 1101 opus
2908 1035 2980 1087 sit
3029 1035 3094 1086 ad
3146 1035 3394 1103 quemvis

1842 1123 2032 1186 alium,
2069 1123 2144 1174 rei
2179 1120 2414 1190 alicujus
2454 1123 2504 1174 in
2533 1121 2759 1175 historia
2782 1119 3171 1192 cognoscenda:
3199 1125 3394 1192 gratia.

1843 1230 2142 1269 recurrere.
2185 1214 2527 1282 Propositum
2557 1224 2738 1282 autem
2794 1222 2876 1269 est
2905 1216 3070 1269 ordiri
3101 1217 3168 1270 ab
3191 1217 3347 1270 initio
3381 1257 3396 1279 ,

1842 1323 1950 1376 quo
1985 1310 2124 1361 Deus
2155 1306 2418 1359 Adatuum
2450 1304 2692 1359 condidit
2726 1321 2895 1371 usque
2927 1306 2991 1358 ad
3051 1315 3259 1373 tempus
3295 1309 3394 1358 huc.

1844 1396 2113 1461 nostrum,
2141 1410 2200 1451 ut
2223 1401 2296 1451 sit
2329 1399 2448 1466 ejus
2474 1398 2713 1465 cognitio
2743 1397 2837 1451 tibi
2871 1397 3175 1450 manifesta.
3199 1398 3254 1449 lo
3290 1398 3395 1449 Duo

1846 1499 2023 1543 autem
2054 1497 2136 1542 est
2167 1480 2429 1542 auxilium
2464 1497 2518 1542 et
2552 1488 2694 1541 vires
2719 1496 2771 1541 et
2806 1488 3064 1556 potentia,
3090 1503 3211 1552 qure
3240 1502 3394 1555 opem

1845 1579 2003 1634 nobis
2035 1579 2210 1634 ferant
2243 1579 2307 1631 ad
2339 1579 2520 1632 omnia
2552 1595 2671 1647 qua:
2690 1566 3005 1647 qumruniur
3027 1579 3395 1647 percipienda.

552 1671 740 1720 ﬂectus
764 1675 978 1721 nostros
997 1671 1062 1717 ad
1094 1671 1226 1718 illud
1250 1671 1394 1733 quod
1415 1671 1736 1732 obsequium
1785 1715 1797 1721 -
1845 1680 1898 1726 et
1922 1672 2152 1726 directio
2180 1671 2246 1725 ad
2277 1671 2448 1735 illud,’
2469 1684 2580 1738 quo
2615 1680 3002 1739 prosperentur
3047 1686 3133 1726 res
3174 1680 3394 1733 ltOSll'a',

545 1759 670 1811 dum
713 1743 1054 1811 promoveat.
1075 1765 1125 1809 et
1149 1755 1412 1811 eonseaui
1445 1770 1545 1811 nos
1578 1755 1738 1810 faciat
1775 1728 1812 1782 Β
1841 1764 2164 1811 nltsenninm
2200 1763 2301 1811 insi
2329 1761 2695 1811 praestandum
2724 1771 2775 1811 et
2801 1761 3195 1811 benenlacitum
3224 1762 3394 1811 insitis

180 1761 277 1829 ipsi
303 1759 670 1827 pnestandum
713 1766 1054 1826 promoveat,
1075 1765 1125 1809 et
1149 1755 1412 1824 Consequi
1445 1770 1545 1811 nos
1578 1755 1711 1810 facia

1841 1764 2164 1832 obsequium
2200 1763 2301 1832 ipsi
2329 1761 2695 1832 praestandum
2724 1771 2775 1815 et
2801 1761 3195 1829 beneplacitum
3224 1762 3395 1826 ipsius

1839 1853 2269 1923 adimplendum,
2299 1870 2419 1908 cum
2453 1857 2568 1922 ipse
2597 1855 2669 1907 sit
2694 1853 3063 1922 omnipotens.
3095 1853 3237 1907 Laus
3270 1869 3396 1922 ergo

1840 1945 1974 2006 Deo.
2006 1948 2234 2000 Domino
2259 1956 2660 2000 creaturarum.

1913 2036 2153 2108 13-15
2175 2037 2389 2091 Creavit
2434 2037 2596 2103 Deus,
2621 2037 3046 2106 potentissimus,
3076 2036 3400 2104 gloriosissi-
3430 2083 3435 2088 ,

1840 2143 1984 2190 tuus,
2015 2127 2273 2194 mundum
2323 2144 2443 2183 eum
2501 2129 2569 2184 iis
2594 2145 2718 2207 quze
2753 2130 2805 2183 in
2857 2145 2922 2183 eo
2965 2136 3112 2194 sunt,
3149 2144 3246 2184 nec
3293 2145 3397 2181 non

1839 2221 2104 2274 Adamum
2136 2230 2187 2274 et
2223 2219 2412 2285 Evam,
2438 2233 2532 2275 sex
2565 2221 2782 2275 diebus.
2825 2220 3054 2274 Creatus
3095 2227 3178 2273 e‘st
3218 2230 3396 2273 autem

1840 2312 2126 2365 Adam-die
2161 2321 2337 2374 sexto,
2384 2312 2770 2379 benedixitque
2819 2312 2958 2367 Deus
3001 2312 3108 2364 diei
3145 2313 3397 2379 septimo,

1840 2401 2096 2469 quoniam
2153 2403 2205 2454 io
2257 2415 2322 2455 eo
2381 2415 2517 2470 Opus
2569 2401 2857 2455 creationis
2887 2401 3134 2454 absolvit-
3193 2401 3398 2452 Adamo

1829 2502 2017 2546 autem
2047 2501 2101 2545 et
2134 2496 2255 2545 Μαι
2292 2493 2346 2544 in
2398 2491 2707 2560 paradisum
2751 2491 3081 2544 intromissis
3125 2493 3396 2558 prmccpil,

1840 2592 1898 2635 ut
1926 2583 1991 2638 de
2023 2570 2281 2637 omnibus
2314 2583 2600 2635 arboribus
2627 2582 3016 2639 comedet-eor.
3061 2588 3278 2652 excepta
3309 2597 3398 2632 ar-

1841 2674 1973 2727 bore
2001 2674 2261 2736 sciemite,
2306 2673 2373 2726 de
2407 2688 2466 2725 ea
2506 2687 2630 2728 vero
2655 2688 2722 2726 ne
2747 2673 3108 2726 comederent.
3137 2670 3400 2725 Tentaote

1839 2771 2017 2817 autem
2052 2764 2480 2829 Evamdiabolo,
2531 2774 2871 2831 transgressa
2915 2772 2995 2816 est
3045 2763 3132 2816 illa
3178 2763 3400 2815 oranda»

1838 2865 1953 2909 tum
1987 2856 2098 2928 Dei,
2121 2868 2174 2910 et
2210 2857 2447 2910 comedit
2479 2857 2543 2908 de
2594 2857 2789 2909 arbore
2852 2856 2974 2920 ista,
3020 2870 3082 2909 ac
3113 2856 3400 2909 comeden-

1839 2945 1967 2999 dum
2003 2947 2068 2999 de
2098 2960 2160 2999 ea
2185 2947 2412 3015 praebuit
2442 2945 2669 2998 Adamo.
2708 2945 2841 2999 Cum
2873 2960 3000 3015 ergo
3027 2947 3079 2999 in
3111 2942 3414 3004 Dominum-

164 3037 407 3106 dejicict,
442 3045 490 3089 et
559 3038 806 3088 minimus
856 3051 1030 3106 aqum
1061 3045 1262 3088 torrens
1326 3037 1493 3112 ipsum
1543 3029 1740 3098 diruet;
1767 3057 1809 3112 ο
1844 3053 2002 3093 suum
2043 3037 2420 3100 rebellassent,
2451 3027 2657 3106 expulit
2684 3039 2884 3107 ipsese
2948 3038 3220 3106 paradiso,
3267 3031 3398 3090 hora

181 3128 326 3195 quod
391 3129 438 3179 si
486 3141 602 3178 eam
660 3140 814 3194 super
872 3137 1072 3192 petram
1122 3111 1484 3192 wdiﬁcarerit,
1517 3140 1740 3193 nequeo

167 3218 342 3271 uentis
366 3216 548 3285 dejici,
598 3229 762 3284 neque
807 3231 839 3267 α
901 3224 1133 3268 torrente
1175 3215 1403 3268 subuerti
1447 3217 1636 3282 poterit
1690 3221 1740 3278 ',

167 3308 362 3376 regula
390 3315 475 3360 est
501 3313 555 3360 et
589 3304 892 3373 exemplum
927 3303 1271 3374 intelligenti.
1315 3303 1573 3374 Quisquis
1594 3304 1739 3358 enim

175 3397 410 3452 locutus
440 3396 607 3450 fuerit
639 3397 705 3450 de
729 3394 907 3464 aliqua
938 3395 1164 3449 scientia
1225 3395 1344 3448 sine
1392 3395 1741 3448 fundamento

163 3487 236 3541 ad
267 3489 418 3557 quod
459 3485 715 3555 respiciat
771 3485 970 3554 cuique
999 3484 1263 3538 innitatur
1290 3524 1304 3547 ,
1339 3484 1519 3539 subito
1563 3484 1744 3539 incas-

163 3595 292 3633 sum
333 3579 516 3644 cedet,
547 3587 601 3632 et
624 3593 790 3647 quam
828 3577 1094 3632 citissime
1115 3575 1348 3642 deﬁciet,
1375 3579 1543 3632 instar
1569 3575 1740 3630 τεὐὶιί-

162 3672 356 3726 cantis
388 3675 607 3725 domum
633 3685 786 3726 suam
823 3671 995 3739 super
1029 3677 1291 3735 arenam;
1319 3678 1372 3722 at
1412 3670 1458 3723 si
1504 3670 1627 3737 quis
1674 3667 1742 3722 de

161 3762 408 3820 scientia
445 3763 664 3830 aliqua.
723 3763 1040 3831 percoguito
1098 3761 1252 3830 prius
1318 3761 1490 3828 ipsius
1544 3760 1738 3815 funda-

164 3865 388 3918 mento,
421 3854 694 3922 loquatur,
734 3852 950 3911 futurus
983 3861 1067 3908 est
1095 3867 1272 3906 sermo
1311 3851 1484 3919 ipsius
1537 3864 1696 3905 verus
1722 3889 1736 3914 ,

164 3946 488 4001 luculentus
515 3983 530 4007 ,
585 3946 904 4014 perspicuus
924 3985 938 4008 ,
985 3944 1174 3996 tirmus
1197 3982 1212 4006 ,
1237 3943 1498 4011 quoniam
1527 3942 1740 3996 locutus

160 4049 251 4095 est
282 4039 572 4094 substrata
602 4035 976 4098 fundamento,
1015 4035 1159 4103 quod
1199 4034 1495 4103 respiciat,
1542 4034 1743 4100 cuique

164 4133 473 4193 innitatur,
506 4139 563 4182 ut
599 4143 723 4180 cum
760 4125 885 4194 quis
916 4125 1137 4179 domum
1177 4139 1331 4178 suam
1360 4133 1527 4193 petrae
1547 4138 1741 4191 super-

161 4220 462 4278 struxerit.
495 4219 662 4272 Porro
720 4218 772 4271 in
811 4219 959 4279 hanc
1008 4206 1333 4271 sententiam
1377 4216 1543 4269 multa
1594 4215 1743 4269 dixe.-

163 4324 300 4367 runt
333 4313 489 4366 Plato
513 4320 567 4364 et
593 4310 912 4364 Aristoteles
950 4309 1005 4362 in
1039 4309 1193 4362 libris
1224 4307 1549 4370 dialecticis,
1590 4307 1742 4364 aliis-

1841 3144 1983 3184 nona
2008 3128 2112 3182 dici
2146 3128 2386 3191 Veneris,
2431 3129 2484 3183 in
2510 3129 2798 3197 quemdam
2825 3145 2854 3183 e
2897 3130 3174 3184 montibus
3218 3129 3397 3195 ιιιάίιν,

1841 3221 2240 3289 cellocatosquc
2290 3221 2341 3272 in
2381 3230 2523 3273 terra
2577 3221 2741 3289 jussit
2794 3221 3034 3275 sobolem
3091 3237 3396 3288 procreare,

1839 3327 1948 3381 quo
2006 3313 2516 3382 nmltiplicarentur,
2554 3324 2606 3366 et
2653 3312 2938 3379 implerent
2982 3295 3205 3364 terram.
3252 3311 3399 3366 Conu

1840 3417 2065 3473 gressus
2095 3417 2224 3472 ergo
2253 3412 2336 3456 est
2385 3401 2556 3455 Adam
2593 3417 2712 3455 cum
2749 3401 2876 3463 Eva,
2908 3417 3047 3469 quae,
3086 3417 3207 3453 emo
3255 3388 3401 3455 eou-

1841 3475 2092 3562 c'episset,
2118 3497 2324 3562 peperit
2358 3508 2585 3561 puerum
2612 3501 2665 3545 et
2719 3492 2983 3559 puellam;
3025 3478 3257 3560 'pncrum
3307 3509 3402 3560 ap-

1841 3583 2058 3651 pellavit
2084 3581 2241 3645 Καὶν,
2274 3582 2505 3650 puellam
2542 3583 2743 3636 Aztttn.
2782 3581 2920 3634 Tum
2965 3597 3169 3634 rursus
3223 3583 3404 3634 conci-

1845 3675 2025 3744 piente
2053 3673 2183 3737 Eva,
2220 3689 2283 3727 ac
2337 3688 2560 3741 puerum
2613 3685 2665 3727 et
2718 3662 2948 3741 priellam
3004 3675 3186 3735 enixa,
3235 3689 3404 3741 pum't)

1841 3781 2035 3819 nomen
2063 3766 2341 3834 imposuit
2386 3765 2540 3829 Abel,
2573 3767 2764 3833 puellm
2805 3763 3017 3830 Owain,
3054 3779 3175 3832 qua!
3220 3763 3402 3818 Graece

1843 3840 2116 3922 Lapbura.
2166 3853 2413 3922 Cumque
2465 3853 2574 3920 jam
2621 3844 2987 3921 provectiores
3041 3852 3167 3906 facti
3221 3862 3404 3907 essent

1843 3945 2018 4011 pueri,
2059 3945 2592 4023 dixit'Adam‘Evae:
2632 3943 2801 3998 Ducat
2842 3946 2983 3996 Kain
3031 3941 3238 4007 Owaiu,
3286 3959 3405 4011 qua:

1844 4058 1949 4094 una
1987 4056 2109 4095 cum
2134 4041 2300 4094 Abele
2338 4050 2456 4093 nata
2489 4048 2594 4104 est,
2631 4040 2765 4093 Abel
2812 4049 2994 4092 autem
3030 4040 3235 4101 Azrun,
3284 4053 3405 4108 qua:

1845 4149 1966 4186 cum
2015 4131 2188 4186 Kaino
2245 4143 2390 4184 nata.
2441 4131 2580 4184 Dixit
2630 4141 2808 4184 autem
2854 4130 2990 4183 Kain
3037 4130 3194 4183 matri
3225 4145 3384 4183 sum:

1850 4221 2057 4277 Ducam
2090 4238 2189 4291 ego
2211 4236 2452 4275 sororem
2493 4237 2687 4285 meam,
2719 4230 2772 4274 et
2807 4217 3122 4274 ducat'Abel
3161 4234 3403 4272 sororem

1849 4327 2020 4366 suam.
2063 4313 2270 4381 Quippe
2302 4312 2583 4381 pulchrior
2616 4321 2729 4364 erat
2759 4311 2938 4364 Azruo
2975 4309 3218 4362 Owaina.
3248 4309 3402 4373 Quod

159 4425 299 4478 que,
336 4407 409 4460 de
442 4402 805 4482 fundamentis
836 4402 1181 4455 scientiarum
1211 4415 1511 4470 earumque
1542 4401 1743 4463 ,delini-
1777 4397 1819 4452 Ι)
1845 4419 1975 4454 cum
2002 4405 2245 4456 audisset
2281 4403 2472 4464 Adam,
2511 4402 2645 4454 male
2672 4401 2964 4468 admodum
2994 4401 3168 4469 ipsum
3199 4400 3403 4461 habuit,

161 4502 446 4557 tionibus,
492 4503 544 4550 et
575 4494 949 4548 aritltmetices
1017 4492 1388 4546 fundamentis
1437 4508 1500 4546 ac
1535 4493 1741 4545 delini-

158 4593 442 4649 tiooibus,
467 4598 518 4640 ct
543 4601 704 4656 quam
739 4586 1001 4640 rationem
1027 4593 1210 4640 tenere
1230 4585 1420 4639 debeat
1441 4585 1740 4646 studiosus,

158 4700 293 4738 cum
323 4680 577 4752 peritiam
625 4680 871 4749 cujusvis
923 4679 1133 4732 tandem
1184 4678 1421 4732 scientia:
1462 4679 1744 4745 acquirere

157 4778 322 4838 velit,
348 4773 486 4826 .fuse
517 4786 638 4840 qua:
667 4771 771 4824 huc
807 4777 1056 4839 spectant
1081 4770 1414 4839 explicantes
1447 4770 1548 4838 12
1573 4780 1628 4824 et
1651 4787 1744 4824 cx-

160 4874 467 4937 ponentcs,
500 4880 638 4931 quae,
678 4881 782 4916 non
812 4878 948 4932 opus
977 4874 1060 4917 est
1089 4863 1244 4916 nobis
1276 4865 1364 4931 (ne
1391 4864 1598 4931 longior
1618 4879 1742 4915 eva-

157 4960 255 5009 dat
293 4957 440 5009 liber
475 4954 575 5008 iste
602 4953 826 5022 noster)
860 4962 1118 5020 repetere.
1152 4952 1286 5006 Cum
1320 4961 1524 5014 autent,
1562 4953 1644 5005 bis
1681 4952 1732 5003 in

152 5046 498 5116 pi-ml'atione
540 5046 661 5099 libri
704 5048 804 5099 mei
842 5044 1133 5114 praemissis
1161 5085 1173 5109 ,
1220 5045 1443 5098 dixerint
1490 5059 1739 5112 Oportcre

155 5138 475 5209 qttctttlibct
521 5139 610 5205 qui
663 5138 809 5205 loqui
865 5138 992 5190 velit
1042 5136 1110 5189 de
1147 5137 1456 5206 cognitione
1505 5137 1736 5206 alicujus

153 5232 442 5292 scientiae,
461 5229 699 5297 ejusdem
721 5228 1065 5282 fundamenta
1083 5229 1307 5289 callere;
1327 5244 1448 5282 cum
1469 5228 1735 5298 (inquam)

154 5327 281 5397 lucc
315 5325 399 5376 ita
426 5337 484 5376 Se
517 5323 770 5384 habeant,
799 5337 1020 5376 necesse
1079 5329 1165 5376 est
1219 5330 1278 5374 ut
1320 5324 1738 5376 substernamus

151 5419 207 5471 ei
244 5415 402 5483 quod
435 5415 719 5483 postulasti
751 5413 1160 5466 fundamentum
1220 5413 1286 5466 ad
1319 5415 1461 5482 quod
1496 5429 1742 5467 recurra-

155 5518 281 5575 tur;
320 5507 524 5576 cuique
548 5508 823 5560 innitaris.
867 5506 1152 5560 Manifesto
1186 5515 1331 5559 certe
1363 5515 1413 5558 et
1448 5505 1737 5572 plurimum

189 5760 191 5763 ι
228 5696 248 5726 ⁸
285 5689 484 5746 Matth.
523 5703 614 5752 ru,
647 5685 833 5741 24-27.

1853 4494 1957 4563 16
1987 4495 2275 4562 dixitque:
2313 4492 2421 4546 Hoc
2456 4503 2536 4546 est
2584 4506 2770 4545 contra
2825 4501 3169 4559 praeceptum,
3214 4503 3272 4542 ut
3319 4508 3406 4541 so-

1851 4600 2028 4638 rorem
2071 4596 2214 4637 tuam
2244 4586 2523 4652 gemellam
2549 4583 2736 4636 ducas.
2768 4583 2827 4635 Et
2859 4582 2956 4634 fuit
2976 4583 3122 4634 .Caio
3148 4584 3403 4649 agricola,

1851 4676 1981 4729 Abel
2021 4685 2203 4744 pastor
2242 4677 2445 4727 ovium.
2486 4676 2734 4739 Dixitque
2767 4674 2874 4725 illis
2925 4673 3092 4740 Adam
3128 4671 3406 4738 :Accipito

1849 4770 1918 4825 de
1948 4771 2214 4824 fructibus
2247 4777 2427 4832 terrae,
2465 4767 2606 4822 etde
2632 4767 2742 4820 fetu
2779 4768 2980 4828 ovium,
3019 4751 3404 4819 ct-cttnscens’o

1851 4865 2051 4918 montis
2082 4865 2243 4931 hujus
2276 4863 2416 4916 sacri
2451 4861 2671 4929 fastigio
2716 4860 2904 4914 oﬂ‘crte
2953 4874 3174 4911 munera
3207 4871 3400 4918 vestra.

1841 4955 2035 5009 deinde
2076 4969 2271 5008 uxores
2301 4963 2510 5006 vestras
2544 4951 2846 5018 accipietis.
2881 4950 3071 5001 Attulit
3095 4963 3223 5015 ergo
3259 4949 3400 4999 Knitt

1840 5050 1907 5102 de
1943 5047 2211 5102 fructibus
2257 5057 2412 5100 terra:
2470 5045 2520 5096 in
2568 5045 2896 5098 oblationem
2955 5042 3082 5103 Deo,
3139 5041 3402 5107 Optimos,

1838 5142 2262 5205 selectissimos;
2296 5140 2424 5197 Abel
2456 5155 2484 5192 c
2533 5120 2901 5207 pt‘itnogi-tiitis
2952 5135 3130 5186 ovium
3181 5150 3399 5186 suarum

1846 5234 2082 5299 optimas
2108 5242 2158 5284 ct
2197 5229 2602 5284 selectissimas.
2664 5229 2865 5280 Interea
2907 5235 3084 5275 autem
3138 5209 3264 5274 dum
3308 5240 3394 5272 ea.

1849 5339 2040 5377 cumen
2082 5322 2281 5375 montis
2345 5321 2720 5379 :‘iscenderent,
2790 5317 2982 5369 indidit
3045 5315 3271 5366 Satanas
3327 5313 3399 5378 (in

1850 5416 2106 5484 tuentem)
2131 5414 2324 5477 Kaino,
2357 5423 2412 5466 ut
2437 5413 2654 5467 fratrem
2682 5425 2838 5463 suum
2868 5408 3083 5460 Ahelem
3112 5405 3403 5468 occideret,

1850 5507 2052 5562 sororis
2076 5521 2185 5560 sua:
2217 5507 2398 5558 Azrnn
2428 5504 2620 5574 gratia.
2647 5502 2887 5569 Cumque
2943 5498 3198 5551 oll'errent
3253 5497 3401 5548 obla-
