3950 6348
561 354 663 414 907

568 507 867 520 Μυουσ-,οο

1581 353 1951 415 EUTYCHII
1978 352 2520 431 ALEXANDRINI
2558 354 2771 413 [Ἄτη.
3676 357 3754 419 eos

830 648 933 712 ΙΝ
960 646 1305 711 ΝΟΜΙΝΕ
1349 648 1521 722 DEI,
1564 648 1838 720 UNIUS,
1881 646 2259 719 (ETERNI,
2302 648 2895 720 IMMUTABILIS,
2959 648 3514 722 IMMORTALIS,

1404 775 1455 833 Α
1554 773 1726 848 Q'UO
1821 774 1937 833 ET
2025 768 2467 835 AUXILIUM
2544 775 2956 836 PETIMUS.

1479 1022 2790 1193 'tnesntusronne

1169 1334 1949 1399 ‘JUXTA’ACCURATAM
2012 1334 2196 1412 VEIH
2251 1335 2653 1398 RATIONEM
2732 1325 3162 1405 COLLECI'US

656 1455 905 1521 OPERA
974 1438 1485 1518 PATRIABCHE
1525 1458 1915 1529 EUTYCHlI,
1963 1457 2102 1532 QUI
2140 1457 2735 1521 COGNOMINATUS
2762 1461 2904 1522 EST
2942 1462 3129 1521 SAID
3160 1461 3311 1522 EBN
3352 1460 3671 1522 B‘ATRIK.

1005 1573 1222 1645 QUEM
1257 1574 1606 1638 SCRIPSIT
1642 1576 1744 1636 AD
1780 1573 2147 1635 FRATREM
2172 1573 2389 1634 SUUM
2430 1574 2634 1646 ISAM,
2694 1575 2791 1636 DE
2870 1574 3331 1637 COGNITIONE

832 1682 1378 1753 HISTORIARUM
1415 1689 2008 1755 UNlVERSALIUM
2035 1690 2084 1748 A
2116 1668 2478 1749 TEMPORE
2516 1688 2762 1748 ADAMI
2794 1688 3056 1761 USQUE
3114 1689 3216 1750 AD
3242 1663 3511 1753 .ANNOS

1764 1808 2028 1871 ΗΕΙΙὶιΕ
2086 1807 2577 1871 ISLAMlTlC/E.

843 2134 1468 2357 EUTYCHII
1592 1976 2479 2302 multum
2608 2130 3497 2307 ALEXANDRINI

3178 2402 3183 2413 \

1691 2411 2625 2621 ANNALES.

618 2872 845 2942 lnspirct
877 2867 973 2923 tibi
1011 2864 1173 2932 Deus,
1205 2864 1277 2919 mi
1307 2863 1499 2928 frater,
1536 2876 1718 2917 rerum
1767 2861 2116 2931 pulchrarum
2147 2866 2190 2923 Λ
2290 2859 2421 2932 5-7
2457 2861 2569 2927 Sic,
2602 2863 2675 2917 ait
2704 2862 2829 2916 Said
2860 2862 2973 2917 Ebn
3007 2862 3193 2917 Batrik
3238 2863 3503 2935 medicus,
3570 2868 3779 2921 ῑιιῖιῖιηη

547 2966 782 3036 nptimas
807 2969 859 3017 et
888 2958 1382 3019 commodissimus,
1419 2964 1474 3009 et
1508 2962 1717 3009 avertat
1739 2969 1770 3007 a
1806 2961 1893 3019 te,
1922 2968 2111 3007 earum

545 3071 666 3127 quae
696 3052 973 3108 tristitiam
1004 3047 1257 3111 afferunt,
1303 3046 1569 3099 malarum
1622 3044 1889 3098 maximas
1929 3051 1984 3097 et
2022 3055 2118 3096 uo-

545 3145 894 3203 centissimas
940 3159 955 3194 ;
999 3140 1209 3208 aperiat
1268 3147 1317 3189 te
1371 3135 1727 3205 preteetionis
1786 3134 1903 3188 velo
1950 3147 2113 3203 quam

546 3234 813 3295 latissime
842 3247 1105 3303 expanso,
1141 3236 1195 3282 ct
1226 3228 1506 3281 enntinuet
1544 3226 1635 3279 tibi
1678 3225 1972 3295 potentiam
2000 3238 2115 3276 am-

545 3310 844 3401 plissimam
882 3342 897 3382 :
935 3324 1197 3392 largiatur
1231 3319 1324 3372 tibi
1362 3320 1413 3371 in
1458 3328 1687 3385 utroque
1740 3316 1939 3369 smculo
1986 3330 2114 3384 por-

545 3421 769 3479 tionem,
797 3426 853 3470 ct
884 3416 937 3467 iu
970 3422 1201 3479 utroque
1226 3418 1370 3461 statu
1397 3417 1596 3462 sortem
1622 3424 1634 3461 ;
1658 3406 1954 3474 intelligere
1985 3403 2119 3476 ιαᾶ,
2156 3465 2162 3470 ,

543 3518 596 3564 te
630 3508 795 3562 faciat
827 3505 1031 3565 omnia,
1071 3515 1188 3569 quae
1242 3498 1344 3565 ipsi
1378 3498 1629 3566 placent;
1679 3510 1854 3564 neque
1901 3505 2115 3563 separet

544 3610 596 3654 te
624 3615 652 3651 a
682 3598 881 3651 vicLuio
906 3608 1004 3648 suo
1033 3608 1154 3642 cum
1189 3589 1301 3643 illis
1337 3603 1456 3657 quae
1490 3586 1648 3654 longe
1677 3595 1910 3640 amovet.
1946 3585 2111 3639 Intel-

542 3691 645 3746 lexi
683 3687 813 3757 quid
849 3681 1087 3740 describi
1123 3681 1214 3733 tibi
1247 3678 1478 3746 jusseris
1505 3676 1650 3745 (beet
1670 3683 1719 3728 te
1750 3674 1890 3727 Deus
1911 3675 2110 3726 amictu

543 3773 1195 3845 virtutum,cttnundum
1253 3781 1306 3825 te
1363 3778 1668 3827 conservet,
1741 3785 1810 3822 ne
1860 3766 2112 3822 sordidas

542 3877 799 3931 vitiorum
866 3877 1043 3923 vestes
1102 3865 1340 3931 induas)
1395 3862 1448 3916 in
1505 3859 1815 3928 cognitione
1862 3857 2113 3912 Historiae

543 3961 864 4020 universalis
884 3976 910 4011 a
948 3968 1189 4025 tempore
1213 3952 1401 4006 Atlami
1424 3966 1592 4020 ttsq'le
1611 3948 1675 4002 ad
1704 3964 1877 4003 annos
1904 3948 2113 4017 "cgita:

541 4056 884 4115 lslatnitictc;
922 4058 1085 4116 atque
1130 4045 1257 4098 illud
1308 4041 1681 4096 demonstravi
1718 4040 1869 4109 juxta
1918 4040 2109 4094 seriem

542 4150 831 4208 mensium,
873 4142 1221 4200 saeculorum,
1263 4146 1316 4189 et
1344 4147 1636 4195 annorum,
1673 4142 1729 4184 ut
1760 4133 1811 4185 in
1856 4130 1974 4198 ejus
2017 4145 2111 4183 co-

2218 2959 2497 3025 capiemus
2531 2970 2559 3010 a
2593 2957 2752 3011 laude
2793 2954 3004 3011 Domini
3033 2958 3201 3011 nostri
3252 2968 3307 3012 et
3360 2960 3646 3014 Creatoris
3690 2961 3780 3029 qui

2219 3061 2319 3100 nos
2352 3046 2616 3113 condidit,
2642 3057 2697 3102 et
2725 3049 2778 3101 in
2815 3048 2977 3115 vitam
3013 3046 3287 3118 perduxit,
3313 3048 3473 3117 cujus
3497 3049 3646 3105 fama
3670 3053 3779 3121 ειυς

2218 3139 2359 3193 riosa
2390 3149 2495 3203 est,
2529 3154 2654 3195 cum
2679 3140 2847 3211 ipsius
2871 3141 2990 3195 laus
3011 3141 3399 3208 (sanctiﬁcetur
3417 3143 3541 3209 ejus
3565 3142 3784 3209 nomen)

2168 3218 2386 3290 iclavis
2416 3231 2485 3284 sit
2517 3232 2760 3285 omnium
2792 3232 3053 3287 librorum
3102 3240 3155 3286 et
3208 3240 3565 3289 tractatuum.
3606 3235 3781 3305 Ipsum

2215 3321 2688 3390 (potentissimum
2724 3330 2777 3376 et
2809 3321 3300 3392 gloriosissimum)
3361 3333 3666 3390 rogantes,
3731 3334 3783 3375 ut

2216 3428 2371 3483 Opem
2426 3413 2581 3468 nobis
2626 3414 2872 3468 conferat
2928 3414 2993 3466 ad
3050 3413 3180 3466 illud
3240 3406 3650 3483 praestandum,
3694 3431 3783 3482 pro

2218 3504 2469 3559 bonitate
2499 3519 2596 3558 sua
2632 3515 2915 3558 consueta.
2949 3502 3129 3557 Gloria
3160 3520 3292 3575 ergo
3324 3505 3455 3567 Dco,
3486 3508 3583 3574 qui
3614 3506 3783 3575 gleiia

2216 3598 2417 3667 dignus
2450 3606 2532 3652 est
2555 3597 2784 3667 ejusque
2816 3594 3111 3659 Dominus,
3150 3605 3202 3649 et
3240 3597 3310 3649 ob
3359 3609 3521 3664 quam
3575 3596 3782 3665 gratias

2192 3675 2497 3755 exspectat
2528 3702 2557 3740 a
2599 3689 2771 3741 servis
2813 3672 3077 3767 suisfqui
3112 3701 3199 3739 res
3222 3684 3781 3754 decreritantequam

2213 3788 2420 3838 essent.
2450 3794 2650 3847 easque
2684 3779 2948 3844 gubernat
2982 3785 3264 3846 postquam
3295 3776 3580 3844 producta:
3613 3786 3778 3839 sunt;

2214 3873 2302 3939 qui
2336 3870 2763 3924 misericordiam
2793 3880 2841 3921 et
2872 3868 3137 3935 justitiam
3172 3880 3203 3919 e
3245 3866 3349 3919 viis
3376 3868 3634 3919 veritatis
3659 3883 3789 3920 con-

2215 3964 2432 4014 stitutas
2463 3958 2750 4027 prrecepit;
2794 3956 3089 4025 nequitiam
3121 3964 3302 4007 autem
3358 3964 3410 4006 et
3456 3956 3780 4025 injustitiam

2216 4065 2245 4103 e
2272 4049 2372 4102 viis
2402 4047 2519 4101 falsi
2556 4048 2723 4099 retuit
2763 4063 2776 4099 :
2810 4046 2899 4114 qui
2935 4061 3041 4099 non
3079 4047 3224 4112 cogit
3266 4060 3454 4099 servos
3479 4048 3548 4107 ad
3579 4050 3787 4101 facien-

2214 4139 2341 4193 dum
2377 4140 2672 4207 quidquam
2703 4136 2846 4207 quod
2882 4140 3023 4190 vires
3057 4137 3297 4206 ipsorum
3326 4139 3581 4202 excedit;
3614 4153 3787 4207 neque

542 4240 787 4311 gnitione
821 4234 889 4287 sit
930 4229 1074 4299 quod
1118 4226 1333 4282 abunde
1380 4224 1475 4277 tibi
1521 4221 1792 4285 sulliciat,
1848 4235 1913 4273 ne
1967 4235 2105 4287 opus

2216 4229 2509 4298 prmstituit
2542 4229 2809 4283 creaturis
2840 4228 2953 4280 suis
2982 4241 3145 4295 opera
3172 4226 3368 4294 quibus
3398 4228 3648 4295 impares
3666 4237 3789 4281 sunt

542 4335 745 4387 habeas
778 4326 1080 4396 quemlibet
1110 4337 1139 4374 e
1175 4318 1480 4388 petioribus
1530 4324 1625 4369 aut
1665 4316 1821 4383 vulgo
1874 4314 2111 4367 interro-

540 4438 710 4493 gare;
745 4414 1115 4484 llesctipsique
1149 4409 1241 4463 tibi
1280 4407 1523 4476 (iudicet
1558 4406 1658 4458 tibi
1688 4404 1828 4458 Deus
1878 4407 2015 4457 viam
2042 4404 2111 4458 ad

545 4514 850 4569 felicitatem
885 4509 1121 4560 maxime
1149 4499 1483 4571 expeditam,
1513 4506 1567 4551 et
1609 4509 1791 4551 notam
1846 4497 1938 4551 tibi
1983 4512 2106 4565 pcr-

543 4617 704 4677 petuo
741 4601 901 4655 faciat
933 4595 1219 4649 scientiam
1250 4631 1265 4655 ,
1295 4599 1350 4644 et
1385 4589 1676 4643 utilitatem
1739 4588 2109 4657 prmcipuam)

542 4712 750 4769 typum,
780 4690 1073 4755 exemplar,
1105 4694 1157 4737 et
1189 4696 1473 4746 normam;
1507 4694 1629 4749 qua:
1654 4679 1913 4733 censtitui
1960 4693 2110 4730 com-

541 4768 803 4860 pendio'sa
836 4791 887 4836 et
927 4778 1103 4841 utilia,
1134 4783 1296 4844 prout
1321 4770 1561 4841 iudicavi
1598 4777 1906 4837 competere
1940 4768 2106 4821 animi

539 4857 616 4932 tui
649 4868 892 4943 prteclari
928 4861 1263 4924 celsitudini,
1294 4870 1350 4913 ct
1378 4857 1660 4913 conforme
1701 4873 1822 4912 esse
1874 4858 2106 4943 acumini

540 4963 740 5036 ingenii
766 4964 841 5013 tui
868 4953 1176 5027 praestantis
1202 4959 1253 5003 et
1285 4948 1556 5012 sublimis,
1579 4947 1859 5002 succincte
1887 4955 1939 5001 et
1963 4962 2107 5001 sum-

539 5054 728 5106 ntatitn
758 5046 899 5101 tradi
929 5058 989 5095 ea
1016 5055 1137 5110 qua).
1163 5056 1193 5093 e
1222 5039 1339 5108 lege
1367 5046 1420 5090 et
1459 5035 1769 5105 Evangelia,
1790 5037 2109 5105 czeterisque

539 5142 693 5198 libris
727 5133 1002 5191 veteribus
1028 5140 1079 5184 et
1122 5129 1278 5183 novis
1332 5126 1561 5181 collecta
1607 5128 1925 5196 complexus
1986 5142 2105 5179 smn

540 5234 681 5286 libro
713 5231 811 5281 hoc
846 5240 964 5279 meo
989 5237 1146 5291 quem
1184 5217 1495 5288 composui.
1517 5218 1660 5286 quod
1680 5218 1746 5271 ad
1768 5218 2103 5282 metltodum,

539 5324 700 5377 rebus
720 5315 1103 5384 invcsdgandis
1120 5308 1885 5385 praastantissimtzm,quodad
1904 5311 2075 5364 doctti
2095 5338 2109 5349 -

543 5429 688 5478 nam,
737 5412 1081 5467 verissimum
1110 5420 1268 5473 ;eutn
1292 5404 1347 5456 in
1371 5403 1489 5467 ipso
1513 5411 1796 5454 assecutus
1817 5405 2105 5455 terminum

540 5507 629 5576 qui
650 5502 898 5574 prudenti
920 5509 1103 5568 gratus
1120 5496 1209 5560 sit,
1232 5503 1283 5547 et
1306 5493 1576 5547 intellectu
1601 5492 1824 5558 prmdito
1848 5494 2105 5556 sullitziat,

539 5612 710 5662 eaque
734 5594 828 5648 tibi
860 5601 914 5647 ct
963 5584 1789 5653 lratribusluiscvidentulo'es)
1839 5588 2097 5653 explicui.

539 5703 658 5756 quae
687 5686 839 5741 nobis
864 5683 1070 5751 tibique
1090 5678 1292 5750 praemii
1321 5689 1372 5733 ct
1392 5670 1513 5732 boni
1536 5677 1899 5745 consequendi
1938 5694 2100 5732 causa

2211 4326 2357 4375 vires
2384 4323 2645 4389 ipsarum,
2680 4335 2867 4374 verum
2901 4319 3045 4387 ipsas
3081 4321 3359 4372 actionum
3404 4334 3651 4374 suarum
3706 4336 3788 4370 at-

2210 4412 2401 4472 bitras.
2442 4427 2775 4481 operumque
2816 4427 3037 4464 suorum
3098 4410 3486 4464 motleratrices
3517 4449 3535 4473 ,
3579 4426 3653 4465 ac
3713 4426 3786 4462 te-

2210 4519 2331 4557 rttm
2362 4518 2584 4556 suarum
2622 4502 2975 4556 administras
3011 4501 3337 4564 constituit;
3375 4510 3538 4568 atque
3574 4503 3651 4556 ad
3685 4501 3781 4555 hoc

2211 4595 2332 4648 illas
2374 4592 2633 4647 instruxit
2659 4592 2975 4647 excellentia
2998 4591 3186 4660 judicii
3217 4600 3270 4645 et
3298 4591 3515 4645 consilii
3545 4631 3563 4655 ,
3602 4607 3672 4647 ac
3699 4593 3787 4644 bo-

2210 4686 2383 4738 nitate
2410 4683 2818 4738 deliberationis
2839 4693 2889 4737 et
2931 4685 3194 4746 scientiae,
3222 4698 3323 4753 ope
3345 4682 3465 4750 ejus
3498 4699 3681 4752 quem
3715 4685 3791 4735 in-

2208 4775 2345 4829 didit
2372 4775 2522 4843 ipsis,
2552 4775 2619 4829 de
2650 4787 2839 4827 natura
2868 4776 3215 4841 intellectus;
3252 4791 3415 4844 quem
3470 4774 3613 4832 fecit
3663 4791 3787 4830 cau—

2210 4881 2326 4921 sam
2358 4866 2716 4934 impellentem
2774 4867 2839 4918 ad
2893 4866 3324 4919 conﬁrmandum
3378 4877 3580 4919 contra
3645 4867 3787 4936 ipsos

2210 4966 2615 5022 argumentum,
2646 4967 2699 5009 et
2736 4957 2875 5009 viam
2930 4972 3050 5024 qua:
3101 4956 3248 5025 ipsos
3298 4968 3585 5025 compotes
3645 4959 3787 5010 dire-

2210 5048 2405 5100 ctionis
2436 5046 2661 5110 faceret,
2696 5048 2848 5117 quod
2872 5048 3004 5116 ipsis
3037 5050 3383 5102 commodum
3410 5057 3495 5101 est
3550 5050 3786 5117 eligens,

2208 5148 2263 5193 et
2295 5139 2672 5193 misericordia
2699 5155 2826 5208 erga
2860 5139 3005 5207 ipsos
3036 5138 3403 5206 propendens.
3455 5137 3616 5192 Laus
3660 5152 3785 5204 ergo

2210 5232 2320 5285 Deo
2352 5233 2444 5300 qui
2481 5230 2792 5284 individuus
2827 5238 2910 5283 est
2948 5232 3157 5283 ratione
3190 5230 3415 5283 unitatis
3458 5245 3587 5283 sum
3615 5270 3630 5291 ,
3666 5246 3785 5299 qm-

2210 5338 2313 5389 quc
2348 5324 2365 5389 (
2391 5323 2799 5389 potentissimus
2828 5321 2885 5390 8
2915 5332 2964 5373 et
2994 5319 3453 5388 gloriosissimus)
3481 5324 3562 5374 ob
3591 5330 3783 5377 esset!-

2219 5414 2346 5465 tiznn
2379 5428 2554 5475 suam,
2590 5414 2904 5481 sapientiam
2930 5453 2944 5474 ,
2970 5420 3025 5466 et
3053 5412 3214 5464 vitam
3251 5419 3485 5472 aeternas
3511 5451 3531 5475 ,
3584 5413 3782 5481 dignus

2210 5513 2291 5556 est
2320 5504 2474 5557 laude
2505 5512 2560 5557 ct
2590 5505 2955 5557 celebratione
2977 5544 2991 5566 ,
3043 5513 3385 5571 utereturque
3437 5503 3686 5571 gloriam
3734 5512 3782 5552 et

2212 5596 2635 5659 exultationem;
2669 5596 2759 5663 qui
2799 5596 2934 5647 nihil
2971 5596 3022 5647 in
3060 5595 3171 5663 lego
3216 5611 3313 5649 sua
3362 5600 3560 5664 posuit
3611 5596 3781 5651 ambi-

2212 5703 2397 5753 guum,
2432 5687 2577 5754 quod
2604 5685 2887 5739 dubitandi
2922 5701 3108 5740 ansam
3159 5686 3456 5755 praeberet,
3500 5700 3708 5757 neque
3733 5689 3782 5735 in

2210 5782 2491 5848 praeceptis
2522 5779 2633 5833 suis
2664 5778 2950 5844 incertum,
2988 5778 3131 5847 quod
3159 5760 3573 5835 dissensionem
3622 5798 3775 5851 pare-
