3950 6348
186 295 282 350 909

1581 285 1935 358 ANNALEs

3267 281 3369 342 910

183 417 296 463 rct‘.
329 401 419 452 sed
449 399 561 466 ipsa
598 397 884 451 constituit
921 397 1201 463 persnicua
1237 406 1284 447 et
1313 391 1594 446 manifesta
1623 409 1719 459 νο·
1747 394 1794 455 Α
1826 398 1964 449 inter
1989 413 2043 450 Sc
2067 397 2375 463 discrepant
2415 395 2659 448 homines
2681 395 2742 460 in
2778 395 3000 448 historia
3030 435 3052 465 ,ἢ
3077 395 3217 461 quod
3273 409 3369 443 au-

183 492 341 562 pulis,
370 483 473 543 non
505 490 756 542 obstante
788 488 1065 542 nationum
1097 496 1148 541 et
1179 487 1456 555 regionum
1509 485 1718 538 discre-

183 585 389 656 pantia,
440 595 494 636 et
537 581 818 636 scientiam
868 580 1069 632 claram
1131 578 1384 631 omnibus
1437 577 1717 645 gentibus,

180 673 562 746 quantumlibet
597 686 844 724 sermone
872 677 924 724 et
957 669 1205 723 dialectis
1252 668 1479 722 invicem
1528 668 1718 722 distinv

185 769 305 823 ctis.
341 781 435 835 per
473 763 860 818 revelationem
909 762 1187 830 prephetis
1222 760 1338 813 suis
1375 766 1428 812 et
1466 760 1722 827 apostolis

181 859 406 931 [factam
433 854 453 925 ]
481 863 535 907 et
567 869 686 928 quia!
721 853 868 906 misit
899 852 964 905 ad
1000 852 1146 919 ipsos
1171 851 1430 904 miracula
1459 851 1724 920 signaque

177 946 448 1005 tremenda
490 946 554 999 ad
587 947 790 999 cultum
823 941 982 998 suum
1020 943 1294 1007 in'vitans;
1335 951 1384 996 et
1429 942 1720 1009 benignum

177 1049 443 1108 aSpertum
470 1038 530 1111 ei
551 1036 640 1105 qui
675 1037 775 1104 ipsi
813 1035 1106 1088 crediderit
1139 1036 1452 1103 promittens
1475 1078 1490 1101 ,
1518 1035 1720 1089 exitum

178 1145 301 1183 vero
339 1129 633 1196 pessimum
665 1127 742 1189 ei,
776 1127 867 1194 qui
902 1127 968 1180 ab
995 1128 1111 1194 ipso
1137 1141 1196 1179 se
1229 1127 1484 1179 averterit
1516 1126 1720 1194 ipsum-

175 1234 276 1286 que
327 1216 647 1285 negaverit,
705 1215 964 1269 minatus.
1001 1211 1397 1283 [Celebretur,
1458 1208 1722 1280 inquam]

176 1305 327 1359 laade
385 1319 506 1372 quae
533 1301 791 1371 majorem
827 1303 1002 1371 ipsius
1031 1301 1441 1355 beneﬁcentiam
1471 1307 1723 1367 provocet

173 1408 524 1450 rtaccessum
555 1396 619 1448 ad
649 1397 823 1464 ipsum
871 1400 1120 1462 praeStet.
1167 1392 1348 1460 Ipsum
1397 1405 1527 1460 rogo
1555 1433 1568 1454 ,
1622 1391 1723 1459 ipsi

177 1488 422 1555 Supplico
447 1527 460 1550 ,
498 1498 584 1566 ut.
613 1488 858 1539 sinceras
912 1483 1101 1536 reddat
1131 1481 1462 1535 intentiones
1511 1489 1725 1536 nostras

170 1581 232 1634 ad
264 1560 700 1649 amplectendam
737 1578 879 1646 quod
915 1577 1015 1646 ipsi
1047 1560 1256 1646 gratum
1286 1575 1377 1640 sit,
1409 1583 1463 1628 et
1502 1588 1728 1628 conver-

171 1683 242 1724 tat
265 1674 480 1726 intimos
503 1669 725 1723 allectus
749 1678 964 1723 nostros
982 1666 1047 1720 ad
1079 1665 1211 1720 illud
1235 1665 1379 1735 quod
1401 1665 1722 1734 obsequium

169 1764 264 1832 ipsi
291 1762 656 1830 pnestandum
698 1746 1039 1829 promoveat,
1061 1767 1111 1812 et
1135 1759 1398 1826 consequi
1431 1771 1530 1812 nos
1564 1756 1724 1811 faciat

168 1854 392 1924 gradum
421 1853 523 1907 sibi
556 1844 944 1922 prepinquum.
1020 1841 1024 1844 ﬁ

238 1944 362 1998 llaec
393 1943 675 1998 hactenus.
700 1944 1022 2011 Quicunque
1052 1956 1162 1996 non
1194 1941 1446 2012 habuerit
1473 1943 1722 1998 notitiam

165 2034 503 2090 fundamenti
540 2033 772 2103 alicujus
802 2032 1084 2096 scientiae,
1137 2031 1205 2086 de
1252 2045 1358 2101 qua
1420 2046 1724 2088 sermonem
1795 2107 1798 2114 ι

165 2128 453 2182 instituere
487 2125 635 2191 velit,
680 2131 739 2177 ut
769 2122 896 2178 inde
929 2123 1162 2177 deducat
1210 2136 1352 2191 quas
1402 2122 1505 2192 ipsi
1549 2123 1723 2176 visum

167 2217 330 2272 fuerit
380 2201 844 2285 consequentias,
896 2227 1126 2283 quarum
1177 2213 1339 2266 etiam
1389 2213 1725 2283 cognitioni,

161 2308 355 2380 9-11
414 2321 537 2360 cum
584 2306 656 2361 sit
703 2319 943 2374 propago
995 2303 1235 2372 ejusdem
1291 2303 1574 2367 scientiae,
1618 2319 1724 2357 non

165 2399 354 2452 subest
380 2396 526 2449 aliud
552 2394 773 2464 aliquod
802 2394 1215 2465 fundamentum
1238 2395 1304 2448 ad
1328 2394 1471 2464 quod
1495 2393 1727 2449 subinde

163 2500 502 2554 recurratur,
536 2497 695 2544 erunt
729 2503 910 2544 sermo
927 2497 980 2543 et
1009 2491 1150 2543 ratio
1173 2489 1530 2550 concludendi
1551 2487 1724 2558 ipsius

162 2599 299 2638 vana
339 2593 393 2638 et
431 2582 626 2648 futilis,
657 2583 918 2650 laborque
946 2592 998 2637 et
1033 2581 1274 2636 studium
1327 2582 1375 2634 ei
1408 2581 1485 2635 rei
1518 2580 1725 2648 impen-

163 2689 282 2730 sum
313 2678 624 2741 frustranea
652 2683 708 2727 et
736 2673 986 2729 ridicula.
1018 2671 1284 2726 Parabola
1319 2681 1498 2726 autem
1519 2710 1534 2736 ,
1560 2686 1722 2740 quam

163 2767 334 2821 edidit
361 2766 623 2819 Dominus
647 2773 702 2819 et
727 2764 984 2818 Servatur
1016 2772 1201 2818 noster
1226 2763 1277 2816 in
1308 2763 1602 2832 Evangelio
1625 2778 1725 2816 suo

163 2868 378 2922 sancto,
413 2856 600 2910 dicens
635 2874 649 2909 ε
682 2854 742 2909 Si
764 2857 878 2924 quis
908 2856 1122 2908 domum
1153 2871 1301 2908 suam
1331 2869 1724 2923 super-arenam

161 2951 419 3005 struxerit
449 2949 528 3002 te!
568 2950 905 3002 tenuissimus
944 2955 1121 3001 ventus
1170 2948 1522 3015 pertransiens
1555 2946 1722 3014 ipsam

1826 498 1932 540 tem
1961 488 2088 540 mihi
2119 488 2300 541 hacin
2326 501 2386 541 re
2445 496 2566 554 post
2597 486 3026 554 disquisitionem
3073 486 3285 554 longam
3319 497 3371 537 ct

1823 579 2065 631 laborem
2097 579 2352 642 multum,
2385 565 2723 647 compertum
2759 585 2878 640 est,
2917 577 3045 629 illml
3093 588 3175 631 est
3225 580 3367 644 quod

1822 684 1885 721 ex
1923 668 1990 722 iis
2037 683 2156 735 quae
2181 669 2232 722 in
2265 668 2380 738 lege
2417 668 2741 736 ueterisque
2772 665 3086 719 indulritatm
3138 667 3257 720 ﬁdei
3308 669 3372 719 li-

1822 759 1938 812 bris
1963 758 2286 836 cxhibitum,
2318 759 2842 829 explicationejusta
2869 764 2922 810 et
2947 757 3236 810 sufﬁcienti
3275 766 3388 810 cx-'

1827 837 2128 921 plicaturns
2152 866 2292 915 sum,
2330 851 2598 920 adiunctis
2629 853 2676 905 ei
2722 849 3132 903 narrationibus
3161 849 3373 903 succin—
3405 892 3412 895 .

1826 943 1952 1006 etis,
1988 941 2417 1009 compendiosis,
2450 956 2558 1010 quo
2593 943 2663 994 sit
2689 942 2784 995 tibi
2813 941 2948 994 liber
2966 941 3066 994 iste
3097 955 3251 994 meus
3280 934 3380 1006 per’

1826 1051 1886 1091 se
1911 1034 2212 1100 sufﬁciens,
2249 1033 2524 1102 faciatque
2583 1050 2648 1088 ne
2702 1049 2839 1102 opus
2893 1035 2965 1088 sit
3013 1035 3079 1087 ad
3131 1035 3379 1103 quemvis

1827 1124 2016 1188 alium,
2054 1124 2129 1176 rei
2163 1121 2399 1191 alicujds
2438 1124 2490 1174 in
2518 1121 2744 1176 historia
2767 1118 3156 1192 cognoscendae
3184 1126 3379 1192 gratia.

1828 1231 2127 1271 recurrere.
2171 1215 2512 1284 Propositum
2542 1225 2723 1283 autem
2779 1223 2861 1270 est
2889 1217 3055 1270 ordiri
3085 1217 3153 1270 ab
3176 1217 3332 1270 initio
3366 1257 3381 1278 ,

1827 1325 1934 1377 quo
1971 1312 2109 1362 Deus
2141 1308 2402 1360 Adamurn
2435 1306 2678 1360 condidit
2710 1321 2880 1372 usque
2912 1307 2976 1359 ad
3035 1315 3244 1373 tempus
3279 1309 3379 1358 hoc.

1829 1397 2098 1462 nostrum,
2126 1411 2185 1452 ut
2209 1402 2282 1452 sit
2314 1399 2433 1467 ejus
2459 1399 2698 1466 cognitio
2728 1398 2821 1451 tibi
2856 1398 3160 1451 manifesta.
3184 1398 3239 1450 In
3276 1399 3380 1449 Deo

1831 1500 2008 1545 autem
2039 1498 2121 1544 est
2153 1481 2414 1544 auxilium
2450 1498 2503 1542 et
2537 1489 2680 1543 vires
2704 1497 2756 1542 et
2791 1489 3049 1556 potentia,
3076 1503 3196 1553 quae
3225 1503 3380 1555 opem

1830 1581 1988 1635 nobis
2020 1581 2195 1635 ferant
2228 1579 2293 1632 ad
2325 1580 2504 1633 omnia
2537 1596 2656 1648 quur
2675 1567 2991 1648 qtiwruntur
3012 1579 3380 1647 percipienda.

1771 1715 1794 1739 τ,
1831 1681 1883 1727 et
1907 1673 2137 1727 directio
2165 1673 2232 1726 ad
2263 1672 2566 1739 illudgquo
2600 1681 2988 1739 prosperentur
3032 1687 3119 1726 res
3159 1680 3380 1733 nostt‘u',

1827 1765 2150 1834 obsequium
2185 1765 2286 1833 ipsi
2314 1763 2680 1833 praestandum
2709 1771 2761 1816 et
2787 1761 3180 1829 beneplacitum
3209 1762 3381 1826 ipsius

1825 1855 2255 1925 adimplendum,
2285 1871 2404 1909 cum
2438 1857 2553 1923 ipse
2583 1856 2655 1908 sit
2679 1853 3048 1923 omnipotens.
3080 1853 3222 1908 Laus
3256 1869 3382 1922 ergo

1826 1947 1959 2008 Deo.
1991 1949 2219 2001 Domino
2243 1957 2646 2001 creaturarum.

1899 2037 2139 2108 1315
2161 2039 2376 2092 Creavit
2419 2038 2582 2104 Deus,
2606 2038 3032 2106 potentissimus,
3061 2036 3385 2105 gloriosissi-
3417 2083 3420 2087 .

1826 2145 1970 2191 llllts,
2002 2129 2259 2194 mundum
2309 2145 2429 2184 cum
2487 2130 2554 2185 iis
2581 2146 2704 2208 quae
2740 2131 2792 2184 in
2843 2145 2907 2183 eo
2951 2136 3098 2194 sunt,
3134 2145 3231 2184 nec
3279 2145 3382 2181 non

1826 2222 2090 2276 Adamum
2122 2231 2172 2275 et
2209 2220 2398 2285 Evam,
2424 2233 2518 2276 sex
2551 2222 2768 2276 diebus.
2811 2220 3040 2274 Creatus
3081 2227 3164 2273 est
3204 2230 3382 2273 autem

1826 2313 2111 2366 Adam'die
2147 2322 2322 2375 sexto,
2369 2313 2755 2380 benedixitque
2805 2311 2944 2367 Deus
2987 2312 3094 2364 diei
3131 2312 3383 2379 septimo,

1826 2402 2082 2470 quoniam
2140 2404 2191 2454 in
2243 2416 2307 2456 eo
2367 2417 2503 2471 Opus
2555 2401 2843 2456 ereationis
2873 2402 3120 2454 absolvit.
3179 2401 3384 2452 Adamn

1816 2503 2003 2547 lautem
2033 2502 2087 2547 et
2120 2497 2241 2545 Eva:
2278 2494 2332 2545 in
2385 2492 2693 2561 paradisum
2739 2491 3067 2544 intromissis
3111 2493 3383 2558 prmccpit,

1827 2593 1885 2636 ut
1912 2584 1978 2640 de
2009 2570 2267 2639 omnibus
2300 2583 2586 2636 arboribus
2613 2583 3003 2639 ~comederent-.
3047 2589 3264 2654 excepta
3295 2597 3384 2632 ar-

1828 2675 1960 2728 bore
1988 2675 2248 2738 scientitc,
2293 2674 2360 2727 de
2393 2689 2452 2726 ea
2493 2688 2616 2728 vero
2641 2689 2708 2726 ne
2733 2673 3095 2726 comedercnt.
3124 2670 3387 2725 Tentante

1827 2773 2004 2819 autem
2038 2767 2204 2819 Evam
2232 2765 2466 2829 diabolo,
2517 2775 2858 2832 transgressa
2901 2773 2981 2817 est
3031 2764 3119 2816 illa
3164 2763 3386 2815 manda-

1825 2867 1940 2910 tum
1974 2857 2085 2929 Dei,
2108 2869 2161 2911 et
2197 2858 2433 2911 come-lit
2466 2858 2529 2909 de
2580 2857 2775 2910 arbore
2839 2856 2961 2920 ista,
3007 2871 3068 2908 ac
3099 2857 3386 2909 comeden-

1826 2946 1954 3001 dmn
1989 2948 2055 3001 de
2085 2961 2146 3000 ea
2172 2948 2398 3016 prrebuit
2429 2946 2656 2999 Adamo.
2695 2946 2828 3000 Cum
2859 2961 2987 3016 ergo
3013 2947 3065 2999 in
3097 2943 3401 3005 Dominum

160 3040 394 3109 dejiciet,
428 3048 477 3092 et
545 3041 793 3092 minimus
842 3054 992 3109 aqua!
1046 3047 1248 3091 torrens
1313 3039 1480 3119 ipsum
1531 3031 1796 3114 diruet;c
1831 3055 1989 3095 suum
2030 3039 2407 3102 rebellassent,
2437 3028 2871 3107 eapulitipsose
2934 3039 3206 3106 paradiso,
3254 3031 3384 3091 hora

176 3131 316 3198 quod
377 3132 425 3182 si
473 3144 589 3181 eam
647 3143 800 3196 super
859 3140 1059 3195 petram
1109 3125 1470 3194 wdiﬁcarerit,
1503 3142 1726 3195 nequoa

163 3221 330 3274 ventis
355 3219 534 3288 dejici,
585 3232 749 3288 neque
794 3234 826 3270 a
865 3226 1120 3270 torrente
1161 3217 1390 3270 subverti
1434 3219 1623 3284 poterit
1677 3223 1727 3280 ',

164 3311 351 3379 regula
377 3318 462 3364 est
488 3316 541 3362 et
575 3307 878 3376 exemplum
914 3306 1258 3377 intelligenti.
1301 3305 1560 3376 Quisquis
1581 3305 1726 3360 enim

172 3400 396 3454 locutus
427 3399 594 3452 fuerit
626 3399 692 3452 de
715 3397 893 3466 aliqua
924 3397 1150 3452 scientia
1212 3397 1331 3451 sine
1379 3397 1728 3453 fundamento

162 3490 231 3544 ad
260 3491 406 3560 quod
446 3488 702 3558 respiciat
758 3488 957 3557 cuique
986 3487 1250 3540 innitatur
1277 3526 1290 3549 ,
1327 3487 1507 3541 subito
1550 3485 1732 3541 incas-

161 3597 285 3635 sum
323 3582 504 3646 cedet,
534 3589 588 3636 et
611 3595 777 3650 quam
815 3580 1082 3635 citissime
1101 3577 1335 3645 deﬁciet,
1362 3581 1530 3634 instar
1557 3577 1728 3632 aditi-

161 3675 347 3729 eantis
375 3678 594 3728 domum
620 3689 774 3729 suam
810 3673 981 3742 super
1016 3680 1278 3737 arenam“;
1306 3681 1360 3724 at
1399 3672 1445 3725 si
1491 3672 1614 3739 quis
1661 3669 1729 3723 de

160 3766 396 3822 scientia
432 3766 651 3833 aliqua.
711 3765 1027 3834 percognito
1085 3764 1239 3832 prius
1305 3764 1477 3831 ipsius
1531 3762 1726 3816 funda-

165 3867 376 3921 mento,
410 3858 682 3925 loquatur,
722 3855 937 3914 futurus
971 3864 1054 3910 est
1082 3870 1259 3909 sermo
1299 3854 1472 3922 ipsius
1524 3867 1683 3907 verus
1709 3892 1723 3916 ,

163 3949 476 4004 luculentus
503 3985 518 4010 ,
573 3949 891 4017 perspicuus
911 3987 925 4011 ,
973 3947 1162 3999 ﬁrmus
1185 3984 1200 4008 ,
1224 3945 1485 4014 quoniam
1514 3945 1727 3998 locutus

161 4051 248 4097 est
277 4042 560 4096 substrato
590 4038 964 4101 fundamento,
1003 4037 1147 4106 quod
1187 4036 1482 4105 respiciat,
1530 4037 1731 4103 cuique

166 4135 461 4196 innitatur,
494 4142 551 4185 ut
587 4146 710 4184 cum
747 4128 873 4198 quis
903 4127 1124 4182 domum
1165 4141 1319 4180 suam
1347 4135 1515 4196 petra
1535 4140 1728 4194 super-

163 4223 450 4280 struxerit.
483 4222 650 4276 Porro
708 4221 761 4274 in
799 4221 947 4282 hanc
996 4208 1321 4274 sententiam
1365 4219 1531 4272 multa
1582 4217 1730 4271 dixe-.-

166 4326 295 4369 rnnt
327 4316 477 4368 Plato
501 4323 555 4368 et
581 4313 900 4367 Aristoteles
939 4312 993 4365 in
1027 4311 1180 4365 libris
1212 4309 1537 4372 dialecticis,
1578 4309 1730 4366 aliis-

1828 3145 1970 3184 nona
1995 3130 2099 3184 dici
2133 3129 2373 3191 Veneris,
2418 3131 2471 3184 in
2497 3130 2785 3197 quemdam
2812 3146 2842 3184 e
2884 3131 3161 3184 montibus
3204 3129 3384 3194 lndim,

1828 3223 2227 3291 collocatosqne
2277 3222 2510 3274 interra
2564 3221 2729 3289 jussit
2781 3221 3021 3276 sobolem
3077 3237 3383 3288 procreare,

1826 3329 1935 3383 quo
1992 3315 2503 3383 multiplicarentur,
2541 3324 2592 3367 et
2639 3313 2924 3380 implerent
2969 3295 3192 3364 terram.
3239 3310 3386 3365 Conu

1827 3418 2052 3475 gressus
2082 3418 2211 3473 ergo
2240 3413 2322 3458 est
2372 3403 2543 3456 Adam
2580 3418 2699 3455 cum
2736 3402 2863 3464 Eva,
2895 3417 3034 3469 qtiae,
3073 3417 3194 3453 cum
3242 3417 3389 3455 con-

1829 3477 2079 3564 cepisset,
2104 3498 2311 3564 peperit
2345 3509 2572 3562 puerum
2599 3503 2652 3546 et
2706 3493 2970 3560 puellam;
3011 3479 3244 3561 puerum
3295 3508 3390 3560 θρη-

1829 3584 2046 3653 pellavit
2071 3583 2228 3647 Kain,
2262 3583 2492 3651 puellam
2529 3584 2731 3636 Αῑιιιιι.
2770 3582 2906 3635 Tum
2953 3597 3156 3635 rursus
3209 3584 3391 3634 conci-

1832 3677 2012 3746 piente
2040 3675 2170 3738 Eva,
2207 3691 2270 3728 ac
2324 3689 2548 3742 puerum
2601 3685 2652 3728 et
2705 3663 2935 3742 ptiellam
2991 3676 3174 3735 enixa,
3222 3689 3390 3742 pum-0

1829 3783 2022 3820 nomen
2072 3768 2328 3835 imposuit
2374 3766 2528 3830 Abel,
2561 3768 2752 3834 puella:
2793 3764 3004 3830 Owain,
3041 3780 3162 3833 qua!
3207 3763 3390 3820 Grates

1831 3842 2104 3924 Laphura.
2153 3855 2400 3923 Cumque
2452 3855 2561 3921 jam
2608 3844 2975 3922 provectiores
3029 3853 3154 3907 facti
3208 3862 3391 3908 OSsCut

1831 3947 2006 4013 pueri,
2046 3947 2381 4001 dixit’Adam
2417 3946 2579 3998 Erae:
2620 3944 2788 3998 Ducat
2829 3946 2970 3998 Kain
3019 3942 3226 4008 Owaiu,
3273 3960 3393 4012 qua:

1831 4060 1937 4096 una
1975 4057 2097 4096 cum
2121 4043 2288 4096 Abele
2325 4051 2444 4094 nata
2477 4049 2582 4104 est,
2619 4041 2753 4094 Abel
2799 4049 2981 4093 autem
3017 4041 3222 4102 Azrun,
3271 4055 3392 4108 qua:

1833 4150 1953 4188 cum
2003 4133 2175 4187 Kaino
2233 4144 2378 4186 nata.
2428 4131 2567 4185 Dixit
2618 4141 2795 4185 autem
2842 4130 2978 4184 Kain
3025 4130 3182 4183 matri
3213 4145 3373 4183 sum:

1838 4223 2045 4278 Ducam
2078 4239 2177 4292 ego
2199 4237 2440 4276 sororem
2481 4237 2675 4286 meam,
2707 4231 2760 4276 et
2794 4219 3110 4274 dncat'Abel
3148 4234 3390 4272 sororem

1836 4329 2007 4368 suam.
2050 4314 2257 4383 Quippe
2290 4313 2571 4382 pulchrior
2604 4321 2716 4365 erat
2747 4312 2926 4364 Azrun
2962 4310 3206 4363 Owaina.
3236 4309 3390 4373 Quod

163 4427 294 4479 que,
329 4411 397 4462 de
430 4405 793 4485 fundamentis
825 4405 1169 4458 scientiarum
1199 4418 1500 4472 earumque
1531 4403 1730 4466 ,delini-
1765 4399 1807 4454 Β
1833 4421 1962 4457 cum
1989 4406 2232 4458 audisset
2269 4404 2460 4465 Adam,
2499 4403 2633 4454 male
2660 4401 2951 4469 admodum
2981 4401 3156 4470 ipsum
3186 4401 3391 4462 habuit,

165 4504 434 4561 tionibus.
480 4507 533 4553 et
563 4496 937 4551 arithmetiees
1005 4494 1376 4549 fundamentis
1426 4509 1489 4548 ac
1523 4495 1728 4548 deflui-

163 4595 430 4652 tionibus,
455 4601 507 4643 ct
531 4604 692 4660 quam
727 4589 989 4643 rationem
1015 4596 1197 4642 tenere
1218 4587 1408 4642 debeat
1429 4587 1728 4648 studiosus,

163 4701 290 4738 cum
319 4683 565 4754 peritiam
613 4683 859 4752 cujust'fs
911 4682 1121 4734 tandem
1173 4681 1410 4734 scientia:
1451 4681 1732 4748 acquirere

163 4779 318 4840 velit,
342 4776 474 4830 .fuse
505 4789 626 4843 qua:
656 4774 759 4827 huc
796 4780 1044 4842 spectant
1070 4772 1403 4842 explicantes
1435 4772 1536 4840 12
1562 4782 1616 4826 et
1639 4788 1732 4826 ex-

166 4877 456 4938 ponentes,
488 4883 626 4935 qnae,
666 4884 770 4919 non
801 4881 936 4935 Opus
965 4877 1049 4920 est
1077 4865 1232 4918 nobis
1264 4868 1352 4933 (ne
1380 4867 1586 4933 longior
1606 4881 1730 4917 eva-

164 4961 256 5010 dat
291 4960 429 5012 liber
463 4957 564 5011 iste
591 4956 815 5024 noster)
849 4964 1108 5023 repetere.
1141 4955 1274 5009 Cum
1309 4964 1512 5016 autem,
1550 4955 1633 5007 his
1669 4954 1721 5005 in

161 5048 487 5116 pra-latione
529 5049 649 5102 libri
693 5050 793 5102 mei
831 5047 1161 5117 praemissis,
1208 5047 1432 5100 dixerint
1479 5061 1728 5114 oportere

163 5141 464 5209 qnmnlibet
510 5143 599 5208 qui
653 5141 798 5208 loqui
853 5141 980 5193 velit
1031 5139 1098 5192 de
1135 5139 1445 5209 cognitione
1493 5139 1725 5208 alicujus

163 5234 432 5296 scientiae,
449 5231 688 5300 ejusdem
709 5231 1054 5285 fundamenta
1072 5232 1296 5291 callere;
1317 5246 1437 5284 cum
1458 5231 1723 5300 (inquam)

165 5326 281 5396 inec
313 5326 388 5378 ita
416 5340 474 5378 se
505 5327 760 5386 habeant,
788 5340 1010 5378 necesse
1069 5332 1154 5378 est
1208 5332 1268 5376 ut
1309 5327 1726 5378 substernanms

163 5418 214 5470 ei
248 5418 392 5484 quod
423 5418 707 5486 postulasti
740 5416 1150 5470 fundamentum
1209 5416 1275 5469 ad
1308 5417 1450 5484 quod
1485 5431 1731 5469 recurra-

167 5517 282 5576 tur;
318 5510 514 5578 cuique
538 5510 812 5563 innitaris.
856 5509 1140 5563 Manil'csto
1176 5519 1320 5562 certe
1352 5518 1402 5561 ct
1437 5490 1726 5574 plurimum

197 5759 201 5762 λ
235 5696 252 5726 ⁸
287 5692 475 5747 Matth.
513 5705 604 5755 vn,
637 5688 823 5744 2LT].

1841 4496 1945 4564 ιϐ
1974 4497 2262 4564 dixitque:
2301 4493 2408 4547 Hoc
2444 4504 2524 4546 est
2572 4507 2758 4546 contra
2813 4502 3157 4560 praeceptum,
3202 4504 3258 4542 ut
3307 4508 3394 4542 so-

1838 4601 2016 4640 rorem
2058 4597 2202 4638 tuain
2232 4587 2512 4654 gemellam
2537 4583 2725 4637 ducas.
2756 4583 2815 4635 Et
2847 4582 3111 4635 fuiLCain
3136 4584 3392 4650 agricola,

1839 4678 1969 4731 Abel
2009 4687 2191 4745 pastor
2230 4678 2433 4729 ovium.
2475 4677 2722 4740 Dixitque
2756 4675 2862 4726 illis
2912 4674 3080 4740 Adam
3116 4672 3394 4739 :Accipite

1837 4772 1906 4827 de
1937 4772 2202 4826 fructibus
2235 4779 2416 4832 lcrrw,
2453 4779 2504 4822 et
2526 4769 2593 4823 de
2620 4769 2730 4821 fetu
2767 4769 2968 4828 ovium,
3007 4751 3392 4819 t-t'cmrsccnso

1838 4866 2040 4920 montis
2070 4866 2231 4933 hujus
2265 4864 2403 4918 sacri
2439 4862 2659 4930 fastigio
2704 4860 2892 4914 nﬁ'erte
2942 4864 3162 4911 munera
3196 4871 3388 4918 vestra.

1829 4957 2024 5010 deinde
2065 4971 2259 5009 uxores
2289 4965 2498 5007 vestras
2532 4952 2834 5020 accipietis.
2871 4951 3059 5001 Attulit
3083 4963 3212 5016 ergo
3248 4949 3388 4999 Knitt

1829 5052 1895 5104 de
1931 5049 2199 5104 fructibus
2246 5059 2400 5102 terra:
2458 5047 2509 5097 in
2557 5046 2885 5099 oblationem
2944 5043 3071 5103 Deo,
3128 5041 3390 5107 Optimos,

1827 5144 2249 5207 selectissimos;
2285 5142 2412 5199 Abel
2445 5156 2473 5194 e
2522 5120 2890 5208 primogenitis
2941 5136 3119 5186 ovium
3169 5150 3388 5186 suarum

1835 5236 2071 5301 optimas
2097 5244 2147 5286 et
2185 5231 2591 5285 selectissimas.
2652 5230 2854 5281 Interea
2896 5236 3072 5276 autem
3126 5209 3252 5274 dum
3297 5238 3382 5272 ca-

1837 5341 2028 5378 cunicn
2071 5323 2270 5376 montis
2334 5323 2708 5381 ascenderunt,
2779 5318 2971 5370 indidit
3033 5315 3260 5366 Satanas
3315 5312 3388 5377 (in

1839 5418 2094 5485 mentem)
2119 5415 2314 5479 Kaino,
2345 5424 2402 5467 ut
2426 5415 2643 5469 fratrem
2671 5426 2826 5465 suum
2857 5409 3072 5460 Alrclcm
3101 5405 3392 5467 occideret,

1839 5509 2041 5564 sororis
2065 5523 2174 5562 sine
2206 5509 2387 5560 Azrnn
2417 5505 2608 5575 gratia.
2636 5503 2876 5570 Cumque
2932 5499 3187 5552 oli'errcnt
3242 5497 3390 5548 obla-
