3950 6348
601 349 699 418 911

1623 332 1984 400 EUTYCHII
2030 335 2561 397 ALEXANDBINI
2606 332 2823 397 PKTR.
3693 340 3772 405 θη

604 474 775 515 tiones
829 471 974 517 suas.
1029 460 1305 523 acceptam
1382 449 1573 505 ltulzuit
1634 449 1774 505 Deus
1832 445 2165 507 oblationem
2194 445 2447 508 Asancti
2483 446 2936 508 conscendentes.
2998 445 3154 514 proni
3198 444 3366 500 Deum
3416 443 3779 513 adorabaut,t-t

604 547 811 614 Abelis,
837 564 945 603 non
976 555 1152 601 autem
1188 543 1373 598 Kaiui.
1403 541 1588 608 Quare
1637 539 1808 609 magis
1839 538 1891 591 in
1937 536 2159 591 Abelem

602 640 686 698 ira
707 651 760 696 et
784 648 920 695 aestu
952 643 1265 695 commotus
1296 634 1451 697 Kain,
1475 631 1666 686 invidit
1686 628 1840 685 fratri
1867 642 1989 694 suo,
2002 640 2162 682 cum-

572 750 708 805 -que
731 733 797 788 de
826 738 1011 787 monte
1034 725 1473 791 descendissent,
1508 724 1561 776 in
1591 722 1771 793 ipsum
1806 721 2049 781 irruens.
2098 730 2163 772 ac

600 821 779 895 lapide
808 828 972 889 caput
997 816 1116 887 ejus
1146 813 1371 879 feriens,
1406 812 1587 883 ipsum
1613 807 2163 865 lnterfecit.Summo

601 927 733 987 ergo
763 924 996 990 maerore
1033 906 1209 971 allecti
1238 905 1411 975 Adam
1455 914 1511 959 et
1557 903 1667 958 Eva
1711 911 1931 957 centum
1990 914 2165 954 annos

550 1032 555 1037 ι
600 1005 817 1063 Abelem
846 1004 1122 1075 lugebant.
1150 1000 1427 1057 Haledixit
1478 1007 1658 1055 autem
1691 996 1837 1053 Deus
1885 993 2063 1049 Kaino
2111 999 2166 1046 et

601 1098 777 1156 soboli
806 1097 1014 1166 ipsius;
1060 1092 1276 1164 fuitque
1303 1090 1446 1146 Kain
1485 1088 1757 1160 pavidus,
1806 1083 2051 1154 trepidus
2101 1096 2167 1136 ac

602 1186 950 1245 errabundus
975 1184 1233 1241 omnibus
1258 1183 1380 1238 vitm
1425 1194 1539 1237 sua
1565 1178 1788 1234 diebus.
1838 1174 1911 1229 Et
1959 1172 2166 1244 expulit

605 1281 787 1351 ipsum
804 1278 971 1342 Deus,
988 1277 1117 1335 dum
1137 1274 1318 1331 adhuc
1337 1271 1533 1328 celetis
1555 1277 1724 1335 esset,
1749 1269 1803 1322 in
1850 1262 2168 1339 (regionem)

604 1375 747 1430 Nud.
776 1372 931 1443 Cepit
963 1384 1094 1443 ergo
1118 1367 1256 1423 Kain
1285 1380 1471 1423 secum
1498 1377 1747 1420 sororem
1785 1374 1939 1417 suam
1978 1358 2162 1412 Azrun

604 1460 1097 1536 ibiqueliubitavlt.
1135 1457 1267 1515 inde
1296 1468 1594 1525 congresso
1617 1452 1833 1536 _Adamo
1877 1465 1998 1505 cum
2035 1450 2167 1515 Eva,

604 1531 854 1626 con-cepit
878 1550 990 1617 illa,
1024 1564 1149 1607 cum
1175 1548 1388 1605 Adamn
1424 1546 1553 1602 anni
1592 1531 1776 1600 essent
1805 1540 2027 1615 ducenti
2072 1538 2172 1595 tri-

609 1651 784 1720 ginta,
814 1643 1139 1716 peperitque
1166 1631 1395 1713 puerum
1426 1653 1583 1709 quem
1613 1634 1836 1720 sedtum
1860 1630 2168 1704 appellavit.

602 1716 837 1810 finitque
865 1736 998 1793 Setlt
1023 1734 1252 1807 pulchra
1280 1730 1441 1796 facie,
1478 1716 1675 1795 fortis,
1696 1734 1906 1783 statura
1929 1722 2171 1795 perfecta
2203 1774 2214 1810 ς

602 1796 781 1889 instar
811 1828 984 1901 patris
1023 1796 1147 1891 sui,
1185 1824 1411 1895 ipseque
1445 1828 1595 1891 pater
1624 1819 1900 1889 gigantum
1926 1814 2018 1885 qui
2046 1820 2172 1869 ante
2205 1796 2244 1851 Β

604 1923 861 1981 diluvium
893 1918 1134 1974 fuerunt.
1162 1914 1299 1985 1³1-
1316 1911 1423 1983 19
1446 1909 1694 1980 Cumque
1722 1906 1893 1963 Setbo
1927 1905 2171 1961 dedisset

604 2016 777 2071 Adam
802 2015 855 2068 in
890 2023 1120 2067 uxorem
1170 2004 1389 2068 Owain,
1444 2000 1630 2058 Abelis
1686 2012 1955 2061 sororem,
2011 2006 2173 2051 natus

606 2105 810 2177 estipsi
835 2119 900 2158 ex
933 2102 1022 2157 illa
1052 2098 1268 2163 Enosb;
1300 2102 1566 2166 natusque
1594 2102 1678 2147 est
1700 2078 2169 2155 Enoslrbﬁaiuan,

605 2212 707 2257 nec
734 2211 844 2252 non
880 2186 1087 2248 Adamo
1124 2186 1467 2257 postmodum
1518 2182 1675 2239 liberi
1730 2181 2063 2263 complures.

679 2285 923 2341 ﬁdamus
940 2290 1122 2346 antea,
1148 2264 1756 2349 appropinquuttte'jam
1777 2277 1952 2327 morte
1976 2270 2168 2339 ipsius,

609 2374 929 2437 convocatis
984 2358 1102 2428 ﬁlio
1151 2382 1254 2427 suo
1309 2365 1521 2431 Setho,
1582 2363 1847 2434 Setliique
1908 2356 2169 2426 Enosho,

609 2467 812 2527 Enosbi
835 2463 1111 2526 Kaiuano,
1140 2470 1198 2516 et
1230 2456 1463 2514 Kainani
1501 2454 1854 2518 Ilaltlaliele,
1897 2453 2169 2523 praecepit,

610 2548 801 2618 dicens
852 2557 1030 2629 ipsis:
1063 2552 1149 2609 Sit
1201 2555 1311 2608 hoc
1363 2549 1679 2608 mandatum
1727 2546 1985 2627 omnibus
2046 2544 2201 2601 ﬁliis

609 2650 830 2709 vestris.
865 2644 968 2703 Ubi
1001 2652 1251 2699 mortuus
1280 2638 1460 2706 fuero,
1492 2650 1697 2707 corpus
1724 2648 1904 2689 meum
1928 2630 2170 2701 myrrha,

615 2745 776 2797 tliure
820 2745 875 2795 et
924 2734 1103 2799 cassia
1156 2731 1446 2789 conditum
1505 2726 1754 2798 reponite
1805 2724 1863 2780 in
1914 2716 2173 2792 spelunca

611 2832 851 2888 Alcaeus
876 2844 904 2884 7:
940 2838 996 2883 et
1024 2824 1342 2897 quicunque
1391 2817 1557 2875 fuerit
1607 2830 1639 2873 e
1688 2804 1813 2871 ﬁliis
1846 2812 2081 2875 vestris.
2108 2824 2175 2865 eo

615 2934 856 2994 tempore
884 2933 1009 2976 cum
1034 2932 1066 2971 ο
1105 2911 1361 2972 conﬁniis
1406 2900 1648 2982 paradisi
1681 2904 1989 2994 abeundum
2022 2901 2174 2994 vobis

614 3014 711 3079 sit,
729 2989 937 3081 corpus
976 3020 1159 3063 meum
1184 3016 1374 3059 secum
1406 3000 1683 3065 sublatum
1714 3002 1881 3066 ponat
1908 2989 2171 3047 inymndio

612 3120 794 3172 terra,
819 3100 1078 3181 quoniam
1109 3096 1238 3153 inde
1260 3094 1447 3149 futura
1471 3088 1741 3181 estisalus
1765 3100 1906 3149 mea,
1940 3091 1995 3145 et
2023 3082 2173 3181 salus
2198 3117 2244 3181 ο

615 3196 858 3253 omnium
912 3176 1175 3252 ﬁliorum.
1219 3197 1495 3245 meorum.
1555 3180 1755 3237 Totum
1822 3184 2000 3237 autem
2040 3174 2177 3253 vita:

613 3250 807 3347 Atlantl
846 3283 1080 3355 spatium
1112 3250 1231 3335 erat
1282 3282 1683 3347 nongentorum
1733 3267 1955 3338 triginta
2002 3250 2177 3320 anno-

618 3395 763 3444 rum,
821 3391 887 3430 ae
932 3380 1178 3433 mortuus
1230 3375 1316 3425 est
1348 3367 1437 3422 die
1470 3364 1723 3430 Veneris,
1780 3357 2180 3444 luna~decima

616 3442 838 3544 quarta,
866 3471 1019 3524 sexto
1052 3460 1218 3520 Nisan
1251 3459 1367 3533 (qui
1399 3467 1484 3516 est
1508 3450 1845 3544 Barmudab)
1874 3442 2011 3544 liora
2037 3464 2179 3506 nona

618 3541 727 3621 diei
744 3559 1128 3629 Veneris;qua
1156 3555 1319 3610 etiam
1347 3551 1482 3606 hora
1506 3563 1539 3605 e
1566 3541 1820 3618 paradiso
1852 3542 2042 3614 pulsus
2068 3546 2176 3596 est.

620 3650 896 3725 Hortuum
954 3660 1088 3718 ergo
1140 3642 1412 3703 Adamum
1467 3638 1741 3711 pollinxit,
1791 3635 1946 3707 juxta
1996 3632 2183 3725 ipsius

622 3722 969 3807 mandatum,
1022 3735 1169 3792 ﬁlius
1219 3732 1343 3805 ejus
1391 3730 1549 3796 Setb,
1599 3740 1910 3799 corpusque
1957 3724 2080 3789 ejus
2113 3722 2183 3777 ad

624 3833 902 3903 fastigium
946 3826 1154 3885 montis
1192 3825 1472 3881 sublatum
1527 3822 1583 3876 in
1635 3818 1891 3891 spelunca
1941 3813 2183 3869 Alcaeus

623 3924 875 3996 sepelivit
920 3938 936 3976 :
996 3916 1291 3990 ipsumque
1346 3924 1567 3971 centum
1629 3906 1992 3981 quadraginta
2067 3905 2185 3961 dies

623 4009 985 4086 planxerunt.-

695 4106 885 4170 Setlio,
931 4116 1057 4158 cum
1108 4096 1475 4154 ducentorum
1532 4099 1589 4147 et
1634 4089 1877 4162 quinque
1917 4099 2184 4161 annorum

626 4202 807 4262 esset,»
828 4204 990 4249 natus
1019 4199 1105 4245 est
1129 4186 1333 4243 Enosb.
1363 4183 1496 4238 Post
1526 4188 1758 4238 mortem
1784 4189 1964 4243 autem
1991 4177 2187 4232 Adami

626 4287 887 4344 subduxit
915 4298 975 4340 se
1002 4280 1207 4336 familia
1232 4275 1387 4333 Setbi
1418 4288 1451 4329 a
1480 4271 1688 4343 familia
1708 4269 1866 4326 Kaini
1892 4266 2187 4323 maledicti.

2264 552 2467 606 corpus
2509 536 2699 589 Adami
2730 536 3004 606 (visendo)
3033 536 3469 595 benedictionem
3509 537 3780 605 captabant.

2263 628 2512 697 Cumque
2567 625 2681 693 jam
2725 628 3182 696 appopinquaret
3234 626 3384 681 Setlii
3448 642 3616 690 mors,
3674 630 3783 686 ﬁlios

2263 732 2396 773 suos
2430 732 2529 789 per
2561 717 2747 772 Abelis
2772 718 3098 787 sanguinem
3132 716 3425 785 adjuravit,
3467 717 3720 771 neminem
3738 733 3787 771 ex

2263 812 2399 880 ipsis
2428 809 2498 864 de
2535 817 2719 864 monte
2743 809 2849 864 isto
2892 818 3086 864 sancto
3110 806 3536 869 descensurum.
3576 823 3669 863 nec
3692 824 3791 874 pcr-

2263 903 2536 959 mlssuros
2580 914 2641 957 se
2690 908 2749 955 ut
2782 900 3053 971 quispiam
3093 914 3124 955 e
3158 899 3347 954 liberis
3393 899 3508 955 suis
3546 900 3609 953 ad
3650 898 3796 953 Kziiuo

2264 994 2555 1057 maledicto
2603 1003 2901 1065 prognatos
2945 995 3228 1064 migraret.
3273 989 3633 1061 Tntum'ergo
3674 991 3795 1061 quod

2263 1083 2398 1137 vixit
2430 1082 2631 1140 Setbus
2665 1092 2786 1139 erat
2837 1097 3108 1138 annorum
3163 1091 3567 1152 nongentarum
3595 1090 3650 1135 et
3684 1081 3798 1135 deo-

2264 1177 2466 1233 dccim.
2523 1176 2767 1239 Enosbo.
2824 1188 2948 1230 cum
2996 1177 3277 1237 annorum'
3317 1181 3465 1230 esset
3508 1185 3718 1227 centum
3756 1182 3801 1226 ct

2265 1268 2586 1339 nonaginta,
2620 1277 2783 1322 natus
2804 1275 2891 1322 est
2931 1264 3185 1331 Kainan;
3227 1266 3387 1337 cujus
3423 1274 3665 1334 tempore
3696 1265 3803 1318 eos.

2268 1359 2634 1415 ﬁciebantﬁlii
2688 1358 2845 1414 Kaini
2900 1357 3181 1412 maledicti
3237 1365 3514 1428 tympana,
3562 1356 3802 1426 cymbala,

2267 1453 2480 1510 barbita
2510 1462 2565 1507 et
2616 1452 2983 1506 instrumenta
3028 1448 3262 1515 musica,
3314 1447 3590 1517 primique
3626 1445 3801 1500 ferrum

2267 1542 2827 1605 eteselaborabant.
2876 1553 3104 1611 quasque
3153 1555 3217 1594 ex
3272 1538 3404 1608 ipsis
3459 1536 3803 1592 coniiciuntur

2267 1635 2449 1692 omnia
2486 1634 2832 1690 tabernacula
2871 1631 3116 1703 21-23
3138 1631 3301 1686 etiam
3343 1632 3583 1685 ﬁxerunt
3613 1630 3665 1688 in
3693 1626 3795 1695 qui-

2271 1729 2376 1784 bus
2404 1728 2681 1797 degerent.
2716 1714 2888 1780 Porro
2941 1740 3086 1779 anno
3135 1723 3260 1779 vita:
3311 1720 3520 1777 Enoslii
3570 1704 3811 1772 trecenta.

2274 1822 2414 1876 simn
2439 1820 2653 1873 occisus
2706 1828 2791 1873 est
2825 1816 2959 1871 Kain
3014 1815 3360 1875 tnalcdictus.
3414 1813 3611 1867 Adami
3669 1798 3808 1873 ﬁiius,

2272 1912 2364 1981 qui
2410 1904 2635 1967 fratrem
2685 1925 2846 1965 suum
2905 1908 3127 1964 Abeletn
3185 1904 3481 1961 interfecit.
3559 1903 3813 1974 Septimus

2272 2002 2415 2058 enim
2441 2017 2471 2059 e
2504 2003 2741 2072 posteris
2792 1999 2974 2065 Kaini,
3009 1997 3227 2053 nomine
3252 1996 3509 2055 Lamech.
3538 1997 3631 2064 qui
3652 2006 3813 2063 pastor

2272 2092 2397 2159 fuit,
2436 2094 2657 2163 sagitta,
2710 2108 2872 2163 quam
2932 2093 3077 2146 inter
3127 2089 3424 2144 ludendum
3470 2085 3631 2155 iecit.
3675 2084 3813 2139 corde

2271 2188 2353 2240 avi
2379 2186 2461 2240 sui
2495 2184 2647 2238 Kaini
2680 2173 2964 2247 transfixo,
2993 2184 3167 2252 ipsum
3202 2177 3508 2242 interfecit;
3546 2175 3682 2230 [inin
3723 2174 3816 2228 sci-

2273 2277 2399 2330 licet
2424 2275 2480 2329 in
2509 2287 2732 2328 nemore
2760 2269 3291 2341 circumvagabatur,
3337 2273 3528 2336 utpote
3570 2265 3663 2334 qui
3708 2277 3816 2317 con-

2273 2373 2551 2423 sternatus
2576 2379 2686 2420 uno
2706 2364 2761 2418 in
2796 2351 2915 2419 loco
2946 2376 3052 2416 nou
3086 2360 3433 2416 consisteret.
3481 2357 3728 2411 llortuus
3753 2363 3818 2408 est

2270 2472 2399 2529 ergo
2429 2457 2570 2512 Kalu
2600 2455 2929 2531 maledictus
2971 2468 3094 2508 cum
3142 2465 3319 2506 anuos
3369 2448 3743 2519 septingentos
3776 2454 3819 2497 et

2273 2548 2771 2621 triginta-vixisset.
2804 2546 3019 2610 Totum'
3046 2554 3227 2599 autem
3273 2538 3661 2596 vita'Enosbi
3710 2550 3819 2605 spa-

2274 2639 2409 2694 tium
2471 2646 2589 2693 erat
2652 2650 2919 2693 annorum
2977 2635 3373 2706 nonge‘ntorum
3447 2640 3503 2687 et
3576 2631 3819 2701 quinque.

2271 2731 2521 2787 Kainano
2563 2744 2692 2783 vero
2721 2742 2845 2789 cunt
2894 2740 3162 2783 annorum
3194 2734 3341 2781 esset
3386 2730 3613 2777 centum
3660 2726 3714 2774 et
3752 2731 3824 2774 se-

2281 2821 2587 2894 ptuaginta,
2611 2829 2770 2874 natus
2796 2827 2879 2873 est
2903 2815 3187 2872 Iablaliel.
3216 2815 3433 2870 Kainan
3461 2827 3620 2885 ergo,
3650 2823 3826 2882 appro-
3846 2826 3859 2831 ‘

2274 2918 2574 2987 pinquante
2595 2911 2706 2982 jam
2739 2920 2935 2975 morte,
2960 2909 3320 2987 accersitum.
3336 2895 3719 2987 I’ablalielezm
3746 2899 3827 2955 ad-

2271 2983 2477 3077 iuravit
2510 3019 2608 3075 per
2636 3002 2824 3059 Abelis
2871 3000 3220 3072 sanguinem,
3256 2984 3384 3054 non
3435 2983 3822 3068 peruiis'saruta

2276 3112 2338 3155 se
2361 3108 2419 3152 ut
2446 3111 2477 3152 e
2508 3096 2701 3152 liberis
2724 3093 2840 3150 suis
2865 3093 3163 3165 quispiam.
3212 3091 3282 3147 de
3332 3079 3515 3144 monte
3564 3087 3635 3142 ad
3679 3082 3826 3139 Iaini

2278 3186 2552 3242 maledicti
2631 3191 2881 3256 posteros
2934 3179 3359 3239 ‘descenderet.
3453 3176 3595 3233 Tota
3666 3183 3825 3230 auten

2278 3274 2511 3334 [ainani
2580 3278 2713 3331 atas
2769 3288 3039 3330 annorum
3118 3274 3248 3334 erat
3327 3280 3757 3341 nottgentornmr
3787 3273 3831 3320 et

2283 3371 2492 3426 decem.
2519 3365 2815 3423 Iablalieli
2841 3366 2953 3438 ja
2982 3374 3252 3423 annorum
3278 3368 3501 3426 centum
3561 3358 3831 3429 sexaginta

2278 3461 2519 3531 quinque
2551 3467 2715 3515 natus
2745 3466 2832 3513 est
2876 3454 3061 3523 Jared,
3127 3466 3379 3526 annoque
3413 3452 3719 3508 centesimo
3756 3447 3831 3500 tri-

2280 3548 2485 3604 cesimo
2503 3544 2698 3617 quinto
2711 3546 2888 3615 atatis
2910 3544 3251 3608 Mablaliells,
3275 3550 3522 3599 mortuus
3536 3550 3623 3597 est
3644 3538 3829 3593 Kainan

2281 3652 2335 3697 et
2363 3640 2613 3711 sepultus
2642 3632 2718 3693 ‘in
2765 3636 3024 3708 spelunca
3081 3632 3290 3690 Canus.
3340 3630 3620 3687 liablaliel
3671 3637 3828 3685 autem

2282 3730 2757 3801 appropinquante
2777 3726 2889 3799 jam
2928 3733 3104 3781 morte
3132 3724 3307 3795 Ipsius
3334 3723 3508 3778 ﬁlium
3566 3734 3731 3777 suum
3754 3714 3831 3771 ia-

2286 3822 2479 3877 redum
2516 3820 2841 3893 accersitum
2872 3833 2967 3889 per
2989 3816 3309 3888 sanguinem
3343 3812 3529 3870 Abelis
3555 3812 3829 3881 adiurarit.

2286 3929 2355 3987 ne
2382 3913 2728 3983 permitteret
2748 3920 2809 3965 ut
2837 3909 3041 3969 enatis
3065 3907 3239 3979 ipsius
3266 3906 3644 3984 quispiam‘de
3673 3909 3829 3958 most:

2286 4004 2353 4065 ad
2384 4015 2629 4073 posteros
2661 4000 3117 4060 Kalnimaledicti
3142 3998 3429 4054 homicida
3469 3996 3829 4051 descenderet.

2286 4090 2483 4147 Tutum
2508 4106 2638 4162 ergo
2670 4091 2813 4161 quod
2849 4090 2983 4145 vixit
3007 4087 3117 4160 24
3143 4078 3440 4151 Mablaliei,
3474 4086 3715 4155 spatium
3754 4095 3831 4136 ss-

2290 4185 2487 4238 norunt
2532 4192 2651 4239 erat
2718 4181 3162 4253 octingentorum
3214 4176 3513 4249 nonaginta
3591 4177 3829 4247 quinque.

2286 4271 2525 4336 Jaredo,’
2567 4286 2695 4348 cum
2753 4285 3022 4325 annorum
3094 4275 3244 4324 esset
3294 4280 3514 4323 centum
3574 4268 3831 4336 sexagista

631 4378 764 4436 Seth
788 4390 965 4447 ergo,
1026 4370 1339 4454 assumptis
1391 4379 1581 4423 secum
1654 4362 1768 4447 ﬁlio
1827 4358 2181 4431 primogenita

2289 4366 2547 4429 duorum,
2577 4373 2739 4419 natus
2756 4372 2841 4419 est
2876 4361 3081 4417 Enocb.
3108 4358 3268 4426 Quod
3304 4357 3371 4413 ad
3396 4364 3653 4429 posteros
3676 4362 3828 4411 aut.

630 4446 877 4530 EnoshO.
925 4476 983 4521 et
1034 4456 1286 4517 Kainano
1328 4446 1551 4513 Ἐιιοκιιί
1613 4453 1723 4510 tilio
1779 4450 1851 4508 et
1884 4448 2187 4507 Mahlaliele
2218 4462 2261 4520 ι)
2288 4455 2446 4511 Knini
2475 4454 2781 4518 homicidae,
2816 4451 3214 4508 adbinuiebant
3254 4450 3354 4505 viri
3398 4449 3726 4503 mulieribus
3770 4446 3832 4499 ire

632 4559 892 4623 Kainani,
923 4570 1029 4611 una
1060 4553 1169 4623 20
1190 4566 1315 4606 cum
1338 4548 1601 4603 uxoribus
1627 4554 1684 4602 et
1712 4542 1899 4601 liberis
1920 4542 2189 4613 ipsorum,

629 4650 977 4714 traduxitdn
1038 4644 1240 4701 montis
1292 4642 1595 4712 fastigium,
1650 4636 1745 4693 ubi
1800 4635 2049 4705 sepultus
2109 4640 2195 4687 est

628 4744 822 4807 Adam,
859 4737 997 4795 Kain
1028 4748 1179 4801 vero,
1213 4746 1512 4802 omnesque
1544 4730 1715 4800 ipsius
1756 4725 1851 4781 ﬁlii
1880 4724 2021 4798 infra
2055 4725 2190 4781 sub-

631 4835 887 4891 stiterunt
924 4830 978 4884 in
1008 4826 1147 4889 valle
1179 4825 1274 4881 ubi
1308 4825 1527 4881 occisus
1557 4828 1657 4876 est.
1682 4819 1861 4885 Abel,

698 4926 1001 4982 Coluerunt
1043 4928 1227 4974 autem
1250 4915 1351 4969 lilii
1390 4913 1539 4969 Setbi
1579 4913 1637 4965 in
1672 4912 1774 4965 isto
1810 4916 1993 4967 monte
2036 4907 2191 4979 puri-

633 5029 801 5074 tatem
836 5024 889 5072 et
925 5010 1370 5071 sanctimoniam,
1398 5020 1583 5061 vocem
1626 5003 1963 5074 angelorum,
2000 5018 2030 5057 a
2063 5001 2185 5072 qui-

634 5112 739 5166 bus
775 5122 946 5179 prope
970 5102 1219 5166 abcrant,
1250 5097 1558 5158 audientes,
1612 5108 1831 5164 unaque
1880 5106 2004 5147 cum
2059 5090 2196 5165 ipsis

639 5207 804 5257 Deum
843 5192 1127 5253 laudantes
1159 5200 1216 5246 et
1243 5189 1622 5254 celebrantes;
1654 5186 2024 5256 appellatique
2068 5191 2197 5238 sunt

638 5296 740 5365 ipsi
772 5307 895 5347 cum
931 5285 1196 5342 uxoribus
1237 5290 1292 5338 et
1318 5279 1508 5336 liberis
1540 5282 1682 5345 suis,
1708 5279 1801 5333 ﬁlii
1851 5278 1963 5332 Dei.
2008 5276 2197 5347 ﬂeque

639 5364 753 5438 erat
785 5381 915 5448 ipsis
943 5376 1240 5445 opiﬁcium,
1292 5383 1395 5423 nec
1443 5382 1623 5439 seges.
1674 5382 1775 5422 nec
1819 5367 2057 5430 messis;
2091 5364 2219 5418 sed.

618 5477 841 5529 -vietum
906 5465 1218 5538 praebebant
1280 5460 1537 5514 arborum
1571 5460 1830 5515 fructus:
1887 5471 1991 5509 nec
2054 5456 2195 5506 ullus

643 5564 783 5635 apud
837 5565 983 5633 ipsos
1041 5538 1193 5611 locus
1248 5551 1485 5616 invidiae,
1537 5549 1842 5619 injustitia',
1896 5557 1991 5601 aut
2046 5561 2197 5597 men-

644 5659 835 5719 decio;
867 5658 1241 5722 juramentum
1272 5648 1515 5717 ipsorum
1548 5653 1701 5698 erat:
1736 5640 1877 5703 Non,
1906 5638 2037 5708 .per‘
2071 5652 2201 5689 san-

650 5753 861 5816 guinem
909 5743 1081 5797 Abcli.
1124 5739 1378 5807 Quotidie
1429 5745 1608 5791 autem
1660 5734 1933 5805 fastigium
1991 5730 2195 5801 montis

2294 4561 2410 4606 star
2456 4561 2745 4618 equorum,
2793 4544 3102 4616 eodemque
3134 4543 3314 4620 modo
3368 4541 3607 4611 absque,
3654 4538 3830 4610 pudet!

2294 4638 2425 4693 viris
2451 4636 2685 4701 feminae,
2713 4638 3038 4697 scortantes,
3074 4632 3283 4701 aliique
3325 4642 3451 4683 cum
3498 4626 3627 4683 aliis
3682 4624 3827 4695 turpia

2292 4736 2594 4801 patrautes,
2649 4726 2938 4797 palamque
2991 4720 3432 4793 congredientes,
3480 4718 3676 4783 eadem
3730 4728 3827 4768 can

2295 4820 2494 4875 femina
2543 4818 2676 4872 viris
2713 4816 2930 4870 duobus
2969 4823 3063 4867 aut
3114 4812 3291 4867 tribus
3351 4824 3465 4863 rem
3498 4808 3827 4865 babentibtn.

2294 4907 2557 4977 erantque
2582 4904 3082 4971 vetulaejuvenibus
3131 4902 3461 4966 salaciores;
3516 4904 3700 4973 patres
3729 4908 3825 4953 cun
3900 4900 3903 4905 '

2296 4999 2532 5061 ﬁliabus.
2586 4997 2816 5067 iuvenes
2844 5010 2973 5050 cum
3008 4994 3289 5049 matribus
3342 4993 3463 5049 suis
3497 5006 3697 5048 venere
3730 5002 3826 5059 pro-

2299 5090 2508 5144 miscua
2550 5088 2861 5153 utebantur,
2896 5085 3032 5141 adeo
3062 5093 3137 5145 ut
3158 5101 3261 5141 nec
3288 5083 3447 5140 liberi
3494 5092 3679 5153 patres
3713 5091 3819 5135 suos

2299 5196 2401 5235 nec
2435 5190 2618 5248 patres
2652 5180 2858 5259 liberos
2890 5178 3297 5249 dignoscerent,
3333 5176 3590 5232 omnibus
3642 5173 3825 5229 interim
3862 5242 3863 5247 η

2300 5270 2685 5327 instrumentis
2715 5271 2942 5325 musicis
2979 5270 3292 5337 utebantur,
3331 5270 3471 5326 adeo
3496 5278 3556 5324 ut
3602 5264 3824 5322 clauserit

2299 5364 2533 5417 etlusus
2563 5364 2801 5432 ipsorum
2827 5376 2996 5416 sonus
3029 5360 3095 5416 ad
3126 5360 3400 5432 fastigium
3431 5361 3633 5416 montis
3675 5351 3824 5415 sancti

2300 5459 2837 5523 ascenderet;quem
2888 5438 3396 5508 eumaudivissent
3440 5450 3591 5508 Setbi
3631 5445 3819 5521 posteri.

2300 5557 2674 5603 convenerunt
2718 5561 2783 5601 ex
2833 5546 2965 5615 ipsis
2991 5554 3209 5600 centum
3251 5545 3350 5599 viri
3396 5556 3455 5599 ut
3488 5560 3521 5599 e
3556 5523 3732 5597 monte
3770 5535 3817 5591 ad

2300 5648 2549 5708 posteros
2579 5636 2737 5692 Κειευὶ
2776 5638 3047 5693 maledicti
3070 5638 3497 5701 .descenderent,
3531 5651 3669 5707 quos
3700 5634 3819 5703 juri-

2305 5738 2486 5783 mento
2521 5744 2615 5799 per
2639 5729 2961 5799 sanguinem
3015 5730 3202 5785 Abelis
3242 5730 3618 5784 obstrinxerat
3667 5719 3816 5782 latuit
