  <div class='ocr_page' id='page_1' title='image "/cluster/home/n/w/nwhite01/storage/ocr_20150623/100/hvd.32044010574994/1372.png"; bbox 0 0 3950 6348; ppageno 0'>
   <div class='ocr_carea' id='block_1_1' title="bbox 150 331 247 395">
    <p class='ocr_par' dir='ltr' id='par_1_1' title="bbox 150 331 247 395">
     <span class='ocr_line' id='line_1_1' title="bbox 150 331 247 395; baseline -0.01 0"><span class='ocrx_word' id='word_1_1' title='bbox 150 331 247 395; x_wconf 69' lang='grc' dir='ltr'><strong>91ῖῖ</strong></span> 
     </span>
    </p>
   </div>
   <div class='ocr_carea' id='block_1_2' title="bbox 1569 330 1941 392">
    <p class='ocr_par' dir='ltr' id='par_1_2' title="bbox 1569 330 1941 392">
     <span class='ocr_line' id='line_1_2' title="bbox 1569 330 1941 392; baseline -0.005 -3"><span class='ocrx_word' id='word_1_2' title='bbox 1569 330 1941 392; x_wconf 66' lang='lat' dir='ltr'><strong>ANNALES.</strong></span> 
     </span>
    </p>
   </div>
   <div class='ocr_carea' id='block_1_3' title="bbox 3262 347 3366 415">
    <p class='ocr_par' dir='ltr' id='par_1_3' title="bbox 3262 347 3366 415">
     <span class='ocr_line' id='line_1_3' title="bbox 3262 347 3366 415; baseline 0.029 -4"><span class='ocrx_word' id='word_1_3' title='bbox 3262 347 3366 415; x_wconf 71' lang='grc' dir='ltr'><strong>9η</strong></span> 
     </span>
    </p>
   </div>
   <div class='ocr_carea' id='block_1_4' title="bbox 144 439 3363 530">
    <p class='ocr_par' dir='ltr' id='par_1_4' title="bbox 144 439 3363 530">
     <span class='ocr_line' id='line_1_4' title="bbox 144 439 3363 530; baseline 0.005 -27"><span class='ocrx_word' id='word_1_4' title='bbox 144 463 207 503; x_wconf 84' lang='lat' dir='ltr'><strong>ne</strong></span> <span class='ocrx_word' id='word_1_5' title='bbox 240 447 304 502; x_wconf 87' lang='lat' dir='ltr'><strong>de</strong></span> <span class='ocrx_word' id='word_1_6' title='bbox 344 456 528 502; x_wconf 86' lang='lat' dir='ltr'><strong>monte</strong></span> <span class='ocrx_word' id='word_1_7' title='bbox 583 457 777 502; x_wconf 83' lang='lat' dir='ltr'><strong>sancto</strong></span> <span class='ocrx_word' id='word_1_8' title='bbox 837 449 1256 506; x_wconf 87' lang='lat' dir='ltr'><strong>descenderent.</strong></span> <span class='ocrx_word' id='word_1_9' title='bbox 1319 448 1429 522; x_wconf 87' lang='lat' dir='ltr'><strong>Ipsi</strong></span> <span class='ocrx_word' id='word_1_10' title='bbox 1492 458 1699 509; x_wconf 84' lang='lat' dir='ltr'><strong>tamen,</strong></span> <span class='ocrx_word' id='word_1_11' title='bbox 1728 444 1772 499; x_wconf 84' lang='grc' dir='ltr'><strong>Λ</strong></span> <span class='ocrx_word' id='word_1_12' title='bbox 1804 444 2029 499; x_wconf 86' lang='lat' dir='ltr'><strong>Sabbati</strong></span> <span class='ocrx_word' id='word_1_13' title='bbox 2063 447 2343 527; x_wconf 74' lang='lat' dir='ltr'><strong>occidente</strong></span> <span class='ocrx_word' id='word_1_14' title='bbox 2388 452 2498 521; x_wconf 82' lang='lat' dir='ltr'><strong>jam</strong></span> <span class='ocrx_word' id='word_1_15' title='bbox 2532 439 2671 518; x_wconf 77' lang='lat' dir='ltr'><strong>sole,</strong></span> <span class='ocrx_word' id='word_1_16' title='bbox 2712 456 2873 508; x_wconf 83' lang='lat' dir='ltr'><strong>tertio</strong></span> <span class='ocrx_word' id='word_1_17' title='bbox 2902 457 3119 513; x_wconf 83' lang='lat' dir='ltr'><strong>&#39;l‘ishrin</strong></span> <span class='ocrx_word' id='word_1_18' title='bbox 3146 463 3363 530; x_wconf 82' lang='lat' dir='ltr'><strong>prioris.</strong></span> 
     </span>
    </p>
   </div>
   <div class='ocr_carea' id='block_1_5' title="bbox 140 539 1695 613">
    <p class='ocr_par' dir='ltr' id='par_1_5' title="bbox 140 539 1695 613">
     <span class='ocr_line' id='line_1_5' title="bbox 140 539 1695 613; baseline 0.001 -16"><span class='ocrx_word' id='word_1_19' title='bbox 140 541 329 609; x_wconf 78' lang='lat' dir='ltr'><strong>dictum</strong></span> <span class='ocrx_word' id='word_1_20' title='bbox 357 539 481 607; x_wconf 87' lang='lat' dir='ltr'><strong>ejus</strong></span> <span class='ocrx_word' id='word_1_21' title='bbox 505 541 642 594; x_wconf 84' lang='lat' dir='ltr'><strong>nihil</strong></span> <span class='ocrx_word' id='word_1_22' title='bbox 690 541 908 605; x_wconf 94' lang='lat' dir='ltr'><strong>morati,</strong></span> <span class='ocrx_word' id='word_1_23' title='bbox 963 543 1412 610; x_wconf 79' lang='lat' dir='ltr'><strong>descenderunt;</strong></span> <span class='ocrx_word' id='word_1_24' title='bbox 1459 557 1695 613; x_wconf 88' lang='lat' dir='ltr'><strong>cumque</strong></span> 
     </span>
    </p>
   </div>
   <div class='ocr_carea' id='block_1_6' title="bbox 139 625 1691 717">
    <p class='ocr_par' dir='ltr' id='par_1_6' title="bbox 139 625 1691 717">
     <span class='ocr_line' id='line_1_6' title="bbox 139 625 1691 717; baseline 0.003 -29"><span class='ocrx_word' id='word_1_25' title='bbox 139 632 542 703; x_wconf 82' lang='lat' dir='ltr'><strong>descendissent</strong></span> <span class='ocrx_word' id='word_1_26' title='bbox 570 631 709 689; x_wconf 89' lang='lat' dir='ltr'><strong>ﬁlias</strong></span> <span class='ocrx_word' id='word_1_27' title='bbox 741 634 903 690; x_wconf 83' lang='lat' dir='ltr'><strong>Kaini</strong></span> <span class='ocrx_word' id='word_1_28' title='bbox 931 634 1206 691; x_wconf 90' lang='lat' dir='ltr'><strong>maledicti</strong></span> <span class='ocrx_word' id='word_1_29' title='bbox 1232 625 1418 706; x_wconf 85' lang='lat' dir='ltr'><strong>specie</strong></span> <span class='ocrx_word' id='word_1_30' title='bbox 1435 637 1691 717; x_wconf 85' lang='lat' dir='ltr'><strong>pulchras</strong></span> 
     </span>
    </p>
   </div>
   <div class='ocr_carea' id='block_1_7' title="bbox 136 724 1693 799">
    <p class='ocr_par' dir='ltr' id='par_1_7' title="bbox 136 724 1693 799">
     <span class='ocr_line' id='line_1_7' title="bbox 136 724 1693 799; baseline 0.003 -18"><span class='ocrx_word' id='word_1_31' title='bbox 136 736 186 781; x_wconf 83' lang='lat' dir='ltr'><strong>et</strong></span> <span class='ocrx_word' id='word_1_32' title='bbox 245 725 360 780; x_wconf 91' lang='lat' dir='ltr'><strong>sine</strong></span> <span class='ocrx_word' id='word_1_33' title='bbox 410 724 617 795; x_wconf 89' lang='lat' dir='ltr'><strong>pudore</strong></span> <span class='ocrx_word' id='word_1_34' title='bbox 674 725 856 783; x_wconf 88' lang='lat' dir='ltr'><strong>nudas</strong></span> <span class='ocrx_word' id='word_1_35' title='bbox 916 728 1351 798; x_wconf 82' lang='lat' dir='ltr'><strong>conspicientes,</strong></span> <span class='ocrx_word' id='word_1_36' title='bbox 1437 730 1693 799; x_wconf 84' lang='lat' dir='ltr'><strong>cupidine</strong></span> 
     </span>
    </p>
   </div>
   <div class='ocr_carea' id='block_1_8' title="bbox 133 818 1688 891">
    <p class='ocr_par' dir='ltr' id='par_1_8' title="bbox 133 818 1688 891">
     <span class='ocr_line' id='line_1_8' title="bbox 133 818 1688 891; baseline 0.005 -18"><span class='ocrx_word' id='word_1_37' title='bbox 133 825 475 873; x_wconf 83' lang='lat' dir='ltr'><strong>exarserunt:</strong></span> <span class='ocrx_word' id='word_1_38' title='bbox 502 831 597 871; x_wconf 93' lang='lat' dir='ltr'><strong>eos</strong></span> <span class='ocrx_word' id='word_1_39' title='bbox 642 818 892 874; x_wconf 74' lang='lat' dir='ltr'><strong>similiter</strong></span> <span class='ocrx_word' id='word_1_40' title='bbox 919 821 1318 890; x_wconf 78' lang='lat' dir='ltr'><strong>conspicientes</strong></span> <span class='ocrx_word' id='word_1_41' title='bbox 1353 822 1513 879; x_wconf 80' lang='lat' dir='ltr'><strong>Kaini</strong></span> <span class='ocrx_word' id='word_1_42' title='bbox 1546 824 1688 891; x_wconf 69' lang='lat' dir='ltr'><strong>ﬁlim,</strong></span> 
     </span>
    </p>
   </div>
   <div class='ocr_carea' id='block_1_9' title="bbox 134 895 1689 984">
    <p class='ocr_par' dir='ltr' id='par_1_9' title="bbox 134 895 1689 984">
     <span class='ocr_line' id='line_1_9' title="bbox 134 895 1689 984; baseline 0.006 -23"><span class='ocrx_word' id='word_1_43' title='bbox 134 908 271 961; x_wconf 79' lang='lat' dir='ltr'><strong>viros</strong></span> <span class='ocrx_word' id='word_1_44' title='bbox 286 906 466 975; x_wconf 79' lang='lat' dir='ltr'><strong>specie</strong></span> <span class='ocrx_word' id='word_1_45' title='bbox 485 907 737 976; x_wconf 88' lang='lat' dir='ltr'><strong>pulchra,</strong></span> <span class='ocrx_word' id='word_1_46' title='bbox 759 919 969 965; x_wconf 83' lang='lat' dir='ltr'><strong>statura</strong></span> <span class='ocrx_word' id='word_1_47' title='bbox 989 912 1255 984; x_wconf 87' lang='lat' dir='ltr'><strong>gigantea,</strong></span> <span class='ocrx_word' id='word_1_48' title='bbox 1275 914 1424 984; x_wconf 85' lang='lat' dir='ltr'><strong>ipsos</strong></span> <span class='ocrx_word' id='word_1_49' title='bbox 1445 895 1689 970; x_wconf 79' lang='lat' dir='ltr'><strong>ferarum</strong></span> 
     </span>
    </p>
   </div>
   <div class='ocr_carea' id='block_1_10' title="bbox 133 995 1764 1078">
    <p class='ocr_par' dir='ltr' id='par_1_10' title="bbox 133 995 1764 1078">
     <span class='ocr_line' id='line_1_10' title="bbox 133 995 1764 1078; baseline 0.004 -26"><span class='ocrx_word' id='word_1_50' title='bbox 133 998 301 1052; x_wconf 85' lang='lat' dir='ltr'><strong>instar</strong></span> <span class='ocrx_word' id='word_1_51' title='bbox 364 995 674 1053; x_wconf 88' lang='lat' dir='ltr'><strong>insilientes</strong></span> <span class='ocrx_word' id='word_1_52' title='bbox 738 1014 970 1063; x_wconf 87' lang='lat' dir='ltr'><strong>corpora</strong></span> <span class='ocrx_word' id='word_1_53' title='bbox 1045 1015 1238 1058; x_wconf 88' lang='lat' dir='ltr'><strong>eorum</strong></span> <span class='ocrx_word' id='word_1_54' title='bbox 1302 1003 1686 1074; x_wconf 88' lang='lat' dir='ltr'><strong>inquinarunt,</strong></span> <span class='ocrx_word' id='word_1_55' title='bbox 1760 1074 1764 1078; x_wconf 89' lang='lat'>_</span> 
     </span>
    </p>
   </div>
   <div class='ocr_carea' id='block_1_11' title="bbox 131 1086 1691 1167">
    <p class='ocr_par' dir='ltr' id='par_1_11' title="bbox 131 1086 1691 1167">
     <span class='ocr_line' id='line_1_11' title="bbox 131 1086 1691 1167; baseline 0.008 -24"><span class='ocrx_word' id='word_1_56' title='bbox 131 1086 285 1159; x_wconf 80' lang='lat' dir='ltr'><strong>atque</strong></span> <span class='ocrx_word' id='word_1_57' title='bbox 320 1089 393 1144; x_wconf 90' lang='lat' dir='ltr'><strong>ita</strong></span> <span class='ocrx_word' id='word_1_58' title='bbox 426 1105 552 1145; x_wconf 90' lang='lat' dir='ltr'><strong>cum</strong></span> <span class='ocrx_word' id='word_1_59' title='bbox 604 1090 822 1150; x_wconf 88' lang='lat' dir='ltr'><strong>ﬁliabus</strong></span> <span class='ocrx_word' id='word_1_60' title='bbox 851 1093 1011 1149; x_wconf 86' lang='lat' dir='ltr'><strong>Kaini</strong></span> <span class='ocrx_word' id='word_1_61' title='bbox 1053 1097 1356 1152; x_wconf 86' lang='lat' dir='ltr'><strong>scortando</strong></span> <span class='ocrx_word' id='word_1_62' title='bbox 1406 1099 1691 1167; x_wconf 87' lang='lat' dir='ltr'><strong>perierunt</strong></span> 
     </span>
    </p>
   </div>
   <div class='ocr_carea' id='block_1_12' title="bbox 129 1178 1687 1260">
    <p class='ocr_par' dir='ltr' id='par_1_12' title="bbox 129 1178 1687 1260">
     <span class='ocr_line' id='line_1_12' title="bbox 129 1178 1687 1260; baseline 0.006 -24"><span class='ocrx_word' id='word_1_63' title='bbox 129 1178 218 1236; x_wconf 84' lang='lat' dir='ltr'><strong>ﬁlii</strong></span> <span class='ocrx_word' id='word_1_64' title='bbox 272 1178 446 1236; x_wconf 87' lang='lat' dir='ltr'><strong>Setbi.</strong></span> <span class='ocrx_word' id='word_1_65' title='bbox 487 1181 1030 1253; x_wconf 84' lang='lat' dir='ltr'><strong>Pepereruntautem</strong></span> <span class='ocrx_word' id='word_1_66' title='bbox 1059 1188 1309 1260; x_wconf 55' lang='lat'><strong>25.27</strong></span> <span class='ocrx_word' id='word_1_67' title='bbox 1355 1188 1477 1245; x_wconf 68' lang='lat' dir='ltr'><strong>ﬁliae</strong></span> <span class='ocrx_word' id='word_1_68' title='bbox 1531 1190 1687 1246; x_wconf 81' lang='lat' dir='ltr'><strong>Kalni</strong></span> 
     </span>
    </p>
   </div>
   <div class='ocr_carea' id='block_1_13' title="bbox 129 1269 1687 1349">
    <p class='ocr_par' dir='ltr' id='par_1_13' title="bbox 129 1269 1687 1349">
     <span class='ocr_line' id='line_1_13' title="bbox 129 1269 1687 1349; baseline 0.009 -26"><span class='ocrx_word' id='word_1_69' title='bbox 129 1269 388 1326; x_wconf 77' lang='lat' dir='ltr'><strong>maledicti</strong></span> <span class='ocrx_word' id='word_1_70' title='bbox 439 1271 565 1329; x_wconf 85' lang='lat' dir='ltr'><strong>ﬁliis</strong></span> <span class='ocrx_word' id='word_1_71' title='bbox 615 1275 769 1331; x_wconf 89' lang='lat' dir='ltr'><strong>Sethi</strong></span> <span class='ocrx_word' id='word_1_72' title='bbox 832 1277 1212 1348; x_wconf 74' lang='lat' dir='ltr'><strong>gigantes.,Iu</strong></span> <span class='ocrx_word' id='word_1_73' title='bbox 1250 1274 1367 1348; x_wconf 79' lang='lat' dir='ltr'><strong>lege</strong></span> <span class='ocrx_word' id='word_1_74' title='bbox 1414 1280 1687 1349; x_wconf 87' lang='lat' dir='ltr'><strong>siquidem</strong></span> 
     </span>
    </p>
   </div>
   <div class='ocr_carea' id='block_1_14' title="bbox 122 1354 1689 1442">
    <p class='ocr_par' dir='ltr' id='par_1_14' title="bbox 122 1354 1689 1442">
     <span class='ocr_line' id='line_1_14' title="bbox 122 1354 1689 1442; baseline 0.007 -25"><span class='ocrx_word' id='word_1_75' title='bbox 122 1354 197 1442; x_wconf 74' lang='lat' dir='ltr'><strong>ait</strong></span> <span class='ocrx_word' id='word_1_76' title='bbox 228 1381 244 1418; x_wconf 90' lang='lat'><strong>:</strong></span> <span class='ocrx_word' id='word_1_77' title='bbox 271 1363 457 1421; x_wconf 73' lang='lat' dir='ltr'><strong>Filios</strong></span> <span class='ocrx_word' id='word_1_78' title='bbox 496 1366 590 1424; x_wconf 81' lang='lat' dir='ltr'><strong>Dei</strong></span> <span class='ocrx_word' id='word_1_79' title='bbox 616 1369 773 1437; x_wconf 86' lang='lat' dir='ltr'><strong>(Bani</strong></span> <span class='ocrx_word' id='word_1_80' title='bbox 806 1368 1019 1425; x_wconf 82' lang='lat' dir='ltr'><strong>Elobim</strong></span> <span class='ocrx_word' id='word_1_81' title='bbox 1053 1371 1391 1441; x_wconf 66' lang='lat' dir='ltr'><strong>appellatos)</strong></span> <span class='ocrx_word' id='word_1_82' title='bbox 1424 1389 1541 1427; x_wconf 84' lang='lat' dir='ltr'><strong>cum</strong></span> <span class='ocrx_word' id='word_1_83' title='bbox 1565 1390 1689 1428; x_wconf 80' lang='lat' dir='ltr'><strong>con-</strong></span> 
     </span>
    </p>
   </div>
   <div class='ocr_carea' id='block_1_15' title="bbox 124 1457 1688 1539">
    <p class='ocr_par' dir='ltr' id='par_1_15' title="bbox 124 1457 1688 1539">
     <span class='ocr_line' id='line_1_15' title="bbox 124 1457 1688 1539; baseline 0.008 -30"><span class='ocrx_word' id='word_1_84' title='bbox 124 1457 410 1524; x_wconf 51' lang='lat' dir='ltr'><strong>spexissent</strong></span> <span class='ocrx_word' id='word_1_85' title='bbox 435 1459 578 1526; x_wconf 77' lang='lat' dir='ltr'><strong>ﬁlias</strong></span> <span class='ocrx_word' id='word_1_86' title='bbox 595 1460 761 1515; x_wconf 84' lang='lat' dir='ltr'><strong>Kaini</strong></span> <span class='ocrx_word' id='word_1_87' title='bbox 784 1461 1058 1532; x_wconf 76' lang='lat' dir='ltr'><strong>pulchras,</strong></span> <span class='ocrx_word' id='word_1_88' title='bbox 1082 1462 1153 1539; x_wconf 72' lang='lat' dir='ltr'><strong>ad</strong></span> <span class='ocrx_word' id='word_1_89' title='bbox 1170 1464 1315 1532; x_wconf 79' lang='lat' dir='ltr'><strong>ipsus</strong></span> <span class='ocrx_word' id='word_1_90' title='bbox 1336 1466 1688 1533; x_wconf 77' lang='lat' dir='ltr'><strong>descendisse,</strong></span> 
     </span>
    </p>
   </div>
   <div class='ocr_carea' id='block_1_16' title="bbox 121 1540 1407 1626">
    <p class='ocr_par' dir='ltr' id='par_1_16' title="bbox 121 1540 1407 1626">
     <span class='ocr_line' id='line_1_16' title="bbox 121 1540 1407 1626; baseline 0.009 -23"><span class='ocrx_word' id='word_1_91' title='bbox 121 1559 271 1619; x_wconf 78' lang='lat' dir='ltr'><strong>atque</strong></span> <span class='ocrx_word' id='word_1_92' title='bbox 299 1566 366 1605; x_wconf 72' lang='lat' dir='ltr'><strong>ex</strong></span> <span class='ocrx_word' id='word_1_93' title='bbox 398 1552 524 1621; x_wconf 78' lang='lat' dir='ltr'><strong>ipsis</strong></span> <span class='ocrx_word' id='word_1_94' title='bbox 556 1540 845 1625; x_wconf 79' lang='lat' dir='ltr'><strong>prognatos</strong></span> <span class='ocrx_word' id='word_1_95' title='bbox 879 1557 1115 1626; x_wconf 80' lang='lat' dir='ltr'><strong>gigantes</strong></span> <span class='ocrx_word' id='word_1_96' title='bbox 1139 1559 1183 1612; x_wconf 80' lang='lat'><strong>’.</strong></span> <span class='ocrx_word' id='word_1_97' title='bbox 1402 1562 1407 1568; x_wconf 74' lang='grc'><strong>“</strong></span> 
     </span>
    </p>
   </div>
   <div class='ocr_carea' id='block_1_17' title="bbox 128 1641 1685 1720">
    <p class='ocr_par' dir='ltr' id='par_1_17' title="bbox 128 1641 1685 1720">
     <span class='ocr_line' id='line_1_17' title="bbox 128 1641 1685 1720; baseline 0.005 -25"><span class='ocrx_word' id='word_1_98' title='bbox 128 1664 131 1665; x_wconf 51' lang='grc' dir='ltr'><em>ν</em></span> <span class='ocrx_word' id='word_1_99' title='bbox 186 1641 289 1708; x_wconf 91' lang='lat' dir='ltr'><strong>Qui</strong></span> <span class='ocrx_word' id='word_1_100' title='bbox 319 1653 530 1717; x_wconf 89' lang='lat' dir='ltr'><strong>_autem</strong></span> <span class='ocrx_word' id='word_1_101' title='bbox 581 1643 793 1713; x_wconf 68' lang='lat' dir='ltr'><strong>iarrant,</strong></span> <span class='ocrx_word' id='word_1_102' title='bbox 823 1662 1001 1717; x_wconf 90' lang='lat' dir='ltr'><strong>neque</strong></span> <span class='ocrx_word' id='word_1_103' title='bbox 1051 1648 1237 1704; x_wconf 84' lang='lat' dir='ltr'><strong>sciunt</strong></span> <span class='ocrx_word' id='word_1_104' title='bbox 1280 1650 1411 1720; x_wconf 90' lang='lat' dir='ltr'><strong>quid</strong></span> <span class='ocrx_word' id='word_1_105' title='bbox 1475 1651 1685 1715; x_wconf 84' lang='lat' dir='ltr'><strong>dicant,</strong></span> 
     </span>
    </p>
   </div>
   <div class='ocr_carea' id='block_1_18' title="bbox 118 1733 1678 1807">
    <p class='ocr_par' dir='ltr' id='par_1_18' title="bbox 118 1733 1678 1807">
     <span class='ocr_line' id='line_1_18' title="bbox 118 1733 1678 1807; baseline 0.006 -20"><span class='ocrx_word' id='word_1_106' title='bbox 118 1733 270 1807; x_wconf 84' lang='lat' dir='ltr'><strong>aiunt</strong></span> <span class='ocrx_word' id='word_1_107' title='bbox 296 1735 526 1804; x_wconf 75' lang='lat' dir='ltr'><strong>angelos</strong></span> <span class='ocrx_word' id='word_1_108' title='bbox 552 1735 905 1795; x_wconf 83' lang='lat' dir='ltr'><strong>descendisse</strong></span> <span class='ocrx_word' id='word_1_109' title='bbox 933 1739 999 1793; x_wconf 90' lang='lat' dir='ltr'><strong>ad</strong></span> <span class='ocrx_word' id='word_1_110' title='bbox 1045 1734 1182 1794; x_wconf 84' lang='lat' dir='ltr'><strong>ﬁlias</strong></span> <span class='ocrx_word' id='word_1_111' title='bbox 1216 1741 1524 1805; x_wconf 90' lang='lat' dir='ltr'><strong>hominum,</strong></span> <span class='ocrx_word' id='word_1_112' title='bbox 1554 1757 1678 1798; x_wconf 89' lang='lat' dir='ltr'><strong>cum</strong></span> 
     </span>
    </p>
   </div>
   <div class='ocr_carea' id='block_1_19' title="bbox 1799 538 3369 626">
    <p class='ocr_par' dir='ltr' id='par_1_19' title="bbox 1799 538 3369 626">
     <span class='ocr_line' id='line_1_19' title="bbox 1799 538 3369 626; baseline 0.013 -35"><span class='ocrx_word' id='word_1_113' title='bbox 1799 539 1895 608; x_wconf 89' lang='lat' dir='ltr'><strong>qui</strong></span> <span class='ocrx_word' id='word_1_114' title='bbox 1927 538 2067 595; x_wconf 90' lang='lat' dir='ltr'><strong>idem</strong></span> <span class='ocrx_word' id='word_1_115' title='bbox 2091 551 2176 596; x_wconf 91' lang='lat' dir='ltr'><strong>est</strong></span> <span class='ocrx_word' id='word_1_116' title='bbox 2205 558 2266 598; x_wconf 90' lang='lat' dir='ltr'><strong>ac</strong></span> <span class='ocrx_word' id='word_1_117' title='bbox 2297 543 2503 613; x_wconf 74' lang='lat' dir='ltr'><strong>Babah&#39;,</strong></span> <span class='ocrx_word' id='word_1_118' title='bbox 2537 563 2661 603; x_wconf 88' lang='lat' dir='ltr'><strong>cum</strong></span> <span class='ocrx_word' id='word_1_119' title='bbox 2713 547 2941 605; x_wconf 81' lang='lat' dir='ltr'><strong>vixisset</strong></span> <span class='ocrx_word' id='word_1_120' title='bbox 2976 566 3151 607; x_wconf 83' lang='lat' dir='ltr'><strong>annos</strong></span> <span class='ocrx_word' id='word_1_121' title='bbox 3198 556 3369 626; x_wconf 83' lang='lat' dir='ltr'><strong>quin-</strong></span> 
     </span>
    </p>
   </div>
   <div class='ocr_carea' id='block_1_20' title="bbox 1800 630 3369 713">
    <p class='ocr_par' dir='ltr' id='par_1_20' title="bbox 1800 630 3369 713">
     <span class='ocr_line' id='line_1_20' title="bbox 1800 630 3369 713; baseline 0.013 -31"><span class='ocrx_word' id='word_1_122' title='bbox 1800 644 1906 698; x_wconf 89' lang='lat' dir='ltr'><strong>que</strong></span> <span class='ocrx_word' id='word_1_123' title='bbox 1968 630 2108 685; x_wconf 88' lang='lat' dir='ltr'><strong>ultra</strong></span> <span class='ocrx_word' id='word_1_124' title='bbox 2148 647 2453 704; x_wconf 87' lang='lat' dir='ltr'><strong>nongentos</strong></span> <span class='ocrx_word' id='word_1_125' title='bbox 2505 657 2518 693; x_wconf 90' lang='lat'><strong>:</strong></span> <span class='ocrx_word' id='word_1_126' title='bbox 2575 656 2738 710; x_wconf 85' lang='lat' dir='ltr'><strong>quem</strong></span> <span class='ocrx_word' id='word_1_127' title='bbox 2789 645 3036 713; x_wconf 85' lang='lat' dir='ltr'><strong>myrrha,</strong></span> <span class='ocrx_word' id='word_1_128' title='bbox 3083 645 3259 713; x_wconf 81' lang='lat' dir='ltr'><strong>thure,</strong></span> <span class='ocrx_word' id='word_1_129' title='bbox 3312 658 3369 703; x_wconf 87' lang='lat' dir='ltr'><strong>ct</strong></span> 
     </span>
    </p>
   </div>
   <div class='ocr_carea' id='block_1_21' title="bbox 1801 722 3368 806">
    <p class='ocr_par' dir='ltr' id='par_1_21' title="bbox 1801 722 3368 806">
     <span class='ocr_line' id='line_1_21' title="bbox 1801 722 3368 806; baseline 0.013 -30"><span class='ocrx_word' id='word_1_130' title='bbox 1801 722 1975 778; x_wconf 74' lang='lat' dir='ltr'><strong>caesia</strong></span> <span class='ocrx_word' id='word_1_131' title='bbox 2006 724 2326 793; x_wconf 89' lang='lat' dir='ltr'><strong>pollinctum</strong></span> <span class='ocrx_word' id='word_1_132' title='bbox 2372 732 2587 800; x_wconf 86' lang='lat' dir='ltr'><strong>sepeliit</strong></span> <span class='ocrx_word' id='word_1_133' title='bbox 2615 734 2760 791; x_wconf 90' lang='lat' dir='ltr'><strong>ﬁlius</strong></span> <span class='ocrx_word' id='word_1_134' title='bbox 2810 736 2985 806; x_wconf 85' lang='lat' dir='ltr'><strong>ipsius</strong></span> <span class='ocrx_word' id='word_1_135' title='bbox 3035 739 3251 794; x_wconf 80' lang='lat' dir='ltr'><strong>Kainan</strong></span> <span class='ocrx_word' id='word_1_136' title='bbox 3312 742 3368 796; x_wconf 91' lang='lat' dir='ltr'><strong>in</strong></span> 
     </span>
    </p>
   </div>
   <div class='ocr_carea' id='block_1_22' title="bbox 1800 811 3374 903">
    <p class='ocr_par' dir='ltr' id='par_1_22' title="bbox 1800 811 3374 903">
     <span class='ocr_line' id='line_1_22' title="bbox 1800 811 3374 903; baseline 0.013 -39"><span class='ocrx_word' id='word_1_137' title='bbox 1800 812 2060 903; x_wconf 87' lang='lat' dir='ltr'><strong>spelunca</strong></span> <span class='ocrx_word' id='word_1_138' title='bbox 2091 811 2334 873; x_wconf 78' lang='lat' dir='ltr'><strong>Alcanuz</strong></span> <span class='ocrx_word' id='word_1_139' title='bbox 2367 832 2381 870; x_wconf 89' lang='lat'><strong>:</strong></span> <span class='ocrx_word' id='word_1_140' title='bbox 2416 818 2859 895; x_wconf 87' lang='lat' dir='ltr'><strong>planxeruntque</strong></span> <span class='ocrx_word' id='word_1_141' title='bbox 2907 826 3087 896; x_wconf 86' lang='lat' dir='ltr'><strong>ipsum</strong></span> <span class='ocrx_word' id='word_1_142' title='bbox 3132 830 3374 903; x_wconf 72' lang='lat' dir='ltr'><strong>quadra-</strong></span> 
     </span>
    </p>
   </div>
   <div class='ocr_carea' id='block_1_23' title="bbox 1801 900 3371 976">
    <p class='ocr_par' dir='ltr' id='par_1_23' title="bbox 1801 900 3371 976">
     <span class='ocr_line' id='line_1_23' title="bbox 1801 900 3371 976; baseline 0.015 -25"><span class='ocrx_word' id='word_1_143' title='bbox 1801 900 1951 970; x_wconf 83' lang='lat' dir='ltr'><strong>ginta</strong></span> <span class='ocrx_word' id='word_1_144' title='bbox 2033 902 2172 973; x_wconf 72' lang='lat' dir='ltr'><strong>dies,</strong></span> <span class='ocrx_word' id='word_1_145' title='bbox 2247 904 2523 965; x_wconf 88' lang='lat' dir='ltr'><strong>Lamecho</strong></span> <span class='ocrx_word' id='word_1_146' title='bbox 2603 915 2812 970; x_wconf 88' lang='lat' dir='ltr'><strong>exactis</strong></span> <span class='ocrx_word' id='word_1_147' title='bbox 2885 919 3046 975; x_wconf 89' lang='lat' dir='ltr'><strong>annis</strong></span> <span class='ocrx_word' id='word_1_148' title='bbox 3132 900 3371 976; x_wconf 75' lang='lat' dir='ltr'><strong>centum</strong></span> 
     </span>
    </p>
   </div>
   <div class='ocr_carea' id='block_1_24' title="bbox 1800 990 3373 1079">
    <p class='ocr_par' dir='ltr' id='par_1_24' title="bbox 1800 990 3373 1079">
     <span class='ocr_line' id='line_1_24' title="bbox 1800 990 3373 1079; baseline 0.015 -36"><span class='ocrx_word' id='word_1_149' title='bbox 1800 991 2078 1060; x_wconf 83' lang='lat' dir='ltr'><strong>octoginta</strong></span> <span class='ocrx_word' id='word_1_150' title='bbox 2136 990 2375 1061; x_wconf 82' lang='lat' dir='ltr'><strong>duobus,</strong></span> <span class='ocrx_word' id='word_1_151' title='bbox 2437 1006 2601 1057; x_wconf 89' lang='lat' dir='ltr'><strong>natus</strong></span> <span class='ocrx_word' id='word_1_152' title='bbox 2640 1010 2725 1057; x_wconf 87' lang='lat' dir='ltr'><strong>est</strong></span> <span class='ocrx_word' id='word_1_153' title='bbox 2759 1002 2947 1069; x_wconf 78' lang='lat' dir='ltr'><strong>Noah;</strong></span> <span class='ocrx_word' id='word_1_154' title='bbox 3001 994 3173 1063; x_wconf 89' lang='lat' dir='ltr'><strong>totum</strong></span> <span class='ocrx_word' id='word_1_155' title='bbox 3241 1024 3373 1079; x_wconf 76' lang='lat' dir='ltr'><strong>ergo</strong></span> 
     </span>
    </p>
   </div>
   <div class='ocr_carea' id='block_1_25' title="bbox 1799 1081 3372 1169">
    <p class='ocr_par' dir='ltr' id='par_1_25' title="bbox 1799 1081 3372 1169">
     <span class='ocr_line' id='line_1_25' title="bbox 1799 1081 3372 1169; baseline 0.014 -33"><span class='ocrx_word' id='word_1_156' title='bbox 1799 1081 1911 1151; x_wconf 75' lang='lat'><strong>29</strong></span> <span class='ocrx_word' id='word_1_157' title='bbox 1943 1082 2046 1154; x_wconf 76' lang='lat'><strong>31</strong></span> <span class='ocrx_word' id='word_1_158' title='bbox 2103 1087 2248 1154; x_wconf 88' lang='lat' dir='ltr'><strong>quod</strong></span> <span class='ocrx_word' id='word_1_159' title='bbox 2280 1087 2414 1143; x_wconf 80' lang='lat' dir='ltr'><strong>vixit</strong></span> <span class='ocrx_word' id='word_1_160' title='bbox 2463 1088 2772 1150; x_wconf 84' lang='lat' dir='ltr'><strong>Lamechus</strong></span> <span class='ocrx_word' id='word_1_161' title='bbox 2811 1097 3052 1169; x_wconf 83' lang='lat' dir='ltr'><strong>spatium</strong></span> <span class='ocrx_word' id='word_1_162' title='bbox 3101 1115 3372 1158; x_wconf 86' lang='lat' dir='ltr'><strong>annorum</strong></span> 
     </span>
    </p>
   </div>
   <div class='ocr_carea' id='block_1_26' title="bbox 1800 1170 3388 1259">
    <p class='ocr_par' dir='ltr' id='par_1_26' title="bbox 1800 1170 3388 1259">
     <span class='ocr_line' id='line_1_26' title="bbox 1800 1170 3388 1259; baseline 0.014 -34"><span class='ocrx_word' id='word_1_163' title='bbox 1800 1170 1903 1226; x_wconf 82' lang='lat' dir='ltr'><strong>fuit</strong></span> <span class='ocrx_word' id='word_1_164' title='bbox 1969 1179 2439 1247; x_wconf 88' lang='lat' dir='ltr'><strong>septingentorum</strong></span> <span class='ocrx_word' id='word_1_165' title='bbox 2492 1184 2837 1256; x_wconf 88' lang='lat' dir='ltr'><strong>septuaginta</strong></span> <span class='ocrx_word' id='word_1_166' title='bbox 2908 1198 3116 1259; x_wconf 88' lang='lat' dir='ltr'><strong>septem</strong></span> <span class='ocrx_word' id='word_1_167' title='bbox 3170 1207 3388 1257; x_wconf 74' lang='lat' dir='ltr'><strong>:anno,</strong></span> 
     </span>
    </p>
   </div>
   <div class='ocr_carea' id='block_1_27' title="bbox 1796 1261 3373 1346">
    <p class='ocr_par' dir='ltr' id='par_1_27' title="bbox 1796 1261 3373 1346">
     <span class='ocr_line' id='line_1_27' title="bbox 1796 1261 3373 1346; baseline 0.015 -28"><span class='ocrx_word' id='word_1_168' title='bbox 1796 1273 1982 1320; x_wconf 86' lang='lat' dir='ltr'><strong>autem</strong></span> <span class='ocrx_word' id='word_1_169' title='bbox 2046 1269 2173 1323; x_wconf 70' lang='lat' dir='ltr'><strong>vitae</strong></span> <span class='ocrx_word' id='word_1_170' title='bbox 2223 1261 2483 1329; x_wconf 79' lang='lat' dir='ltr'><strong>Latnecbi</strong></span> <span class='ocrx_word' id='word_1_171' title='bbox 2561 1276 2778 1333; x_wconf 90' lang='lat' dir='ltr'><strong>decimo</strong></span> <span class='ocrx_word' id='word_1_172' title='bbox 2831 1282 3016 1346; x_wconf 86' lang='lat' dir='ltr'><strong>tertio,</strong></span> <span class='ocrx_word' id='word_1_173' title='bbox 3090 1284 3373 1340; x_wconf 85' lang='lat' dir='ltr'><strong>Enechum</strong></span> 
     </span>
    </p>
   </div>
   <div class='ocr_carea' id='block_1_28' title="bbox 1797 1358 3374 1447">
    <p class='ocr_par' dir='ltr' id='par_1_28' title="bbox 1797 1358 3374 1447">
     <span class='ocr_line' id='line_1_28' title="bbox 1797 1358 3374 1447; baseline 0.014 -35"><span class='ocrx_word' id='word_1_174' title='bbox 1797 1358 2030 1414; x_wconf 79' lang='lat' dir='ltr'><strong>electum</strong></span> <span class='ocrx_word' id='word_1_175' title='bbox 2060 1362 2128 1415; x_wconf 89' lang='lat' dir='ltr'><strong>ad</strong></span> <span class='ocrx_word' id='word_1_176' title='bbox 2159 1376 2219 1417; x_wconf 86' lang='lat' dir='ltr'><strong>se</strong></span> <span class='ocrx_word' id='word_1_177' title='bbox 2241 1367 2462 1421; x_wconf 87' lang='lat' dir='ltr'><strong>sustulit</strong></span> <span class='ocrx_word' id='word_1_178' title='bbox 2495 1367 2763 1429; x_wconf 87' lang='lat' dir='ltr'><strong>Dominus</strong></span> <span class='ocrx_word' id='word_1_179' title='bbox 2786 1374 3021 1445; x_wconf 80' lang='lat' dir='ltr'><strong>(Arabes</strong></span> <span class='ocrx_word' id='word_1_180' title='bbox 3041 1390 3173 1433; x_wconf 79' lang='lat' dir='ltr'><strong>vero</strong></span> <span class='ocrx_word' id='word_1_181' title='bbox 3196 1378 3374 1447; x_wconf 88' lang='lat' dir='ltr'><strong>ipsum</strong></span> 
     </span>
    </p>
   </div>
   <div class='ocr_carea' id='block_1_29' title="bbox 1800 1447 3372 1541">
    <p class='ocr_par' dir='ltr' id='par_1_29' title="bbox 1800 1447 3372 1541">
     <span class='ocr_line' id='line_1_29' title="bbox 1800 1447 3372 1541; baseline 0.017 -40"><span class='ocrx_word' id='word_1_182' title='bbox 1800 1447 1961 1541; x_wconf 81' lang='lat' dir='ltr'><strong>Edris</strong></span> <span class='ocrx_word' id='word_1_183' title='bbox 1989 1453 2231 1522; x_wconf 89' lang='lat' dir='ltr'><strong>vocant),</strong></span> <span class='ocrx_word' id='word_1_184' title='bbox 2274 1456 2580 1529; x_wconf 77' lang='lat' dir='ltr'><strong>habuitque</strong></span> <span class='ocrx_word' id='word_1_185' title='bbox 2614 1464 2889 1533; x_wconf 84' lang='lat' dir='ltr'><strong>Enochus,</strong></span> <span class='ocrx_word' id='word_1_186' title='bbox 2925 1468 3146 1538; x_wconf 79' lang='lat' dir='ltr'><strong>quando</strong></span> <span class='ocrx_word' id='word_1_187' title='bbox 3190 1470 3372 1541; x_wconf 90' lang='lat' dir='ltr'><strong>ipsum</strong></span> 
     </span>
    </p>
   </div>
   <div class='ocr_carea' id='block_1_30' title="bbox 1798 1539 3429 1632">
    <p class='ocr_par' dir='ltr' id='par_1_30' title="bbox 1798 1539 3429 1632">
     <span class='ocr_line' id='line_1_30' title="bbox 1798 1539 3429 1632; baseline 0.016 -40"><span class='ocrx_word' id='word_1_188' title='bbox 1798 1539 1864 1594; x_wconf 88' lang='lat' dir='ltr'><strong>ad</strong></span> <span class='ocrx_word' id='word_1_189' title='bbox 1893 1556 1953 1597; x_wconf 83' lang='lat' dir='ltr'><strong>se</strong></span> <span class='ocrx_word' id='word_1_190' title='bbox 1980 1546 2184 1614; x_wconf 87' lang='lat' dir='ltr'><strong>recepit</strong></span> <span class='ocrx_word' id='word_1_191' title='bbox 2217 1546 2504 1613; x_wconf 88' lang='lat' dir='ltr'><strong>Dominus,</strong></span> <span class='ocrx_word' id='word_1_192' title='bbox 2531 1567 2707 1609; x_wconf 89' lang='lat' dir='ltr'><strong>annos</strong></span> <span class='ocrx_word' id='word_1_193' title='bbox 2737 1565 3046 1632; x_wconf 62' lang='lat' dir='ltr'><strong>tercentqu</strong></span> <span class='ocrx_word' id='word_1_194' title='bbox 3087 1539 3372 1631; x_wconf 77' lang='lat' dir='ltr'><strong>sexaginta</strong></span> <span class='ocrx_word' id='word_1_195' title='bbox 3428 1604 3429 1607; x_wconf 58' lang='grc' dir='ltr'><strong>η</strong></span> 
     </span>
    </p>
   </div>
   <div class='ocr_carea' id='block_1_31' title="bbox 1796 1632 3373 1713">
    <p class='ocr_par' dir='ltr' id='par_1_31' title="bbox 1796 1632 3373 1713">
     <span class='ocr_line' id='line_1_31' title="bbox 1796 1632 3373 1713; baseline 0.015 -28"><span class='ocrx_word' id='word_1_196' title='bbox 1796 1632 2059 1703; x_wconf 90' lang='lat' dir='ltr'><strong>quinque.</strong></span> <span class='ocrx_word' id='word_1_197' title='bbox 2092 1635 2434 1710; x_wconf 85' lang='lat' dir='ltr'><strong>Sublatoque</strong></span> <span class='ocrx_word' id='word_1_198' title='bbox 2460 1643 2577 1713; x_wconf 83' lang='lat' dir='ltr'><strong>jam</strong></span> <span class='ocrx_word' id='word_1_199' title='bbox 2611 1644 2864 1713; x_wconf 83' lang='lat' dir='ltr'><strong>Euocbo,</strong></span> <span class='ocrx_word' id='word_1_200' title='bbox 2898 1647 3056 1704; x_wconf 82' lang='lat' dir='ltr'><strong>Kaini</strong></span> <span class='ocrx_word' id='word_1_201' title='bbox 3099 1652 3373 1708; x_wconf 83' lang='lat' dir='ltr'><strong>maledicti</strong></span> 
     </span>
    </p>
   </div>
   <div class='ocr_carea' id='block_1_32' title="bbox 1798 1725 3373 1811">
    <p class='ocr_par' dir='ltr' id='par_1_32' title="bbox 1798 1725 3373 1811">
     <span class='ocr_line' id='line_1_32' title="bbox 1798 1725 3373 1811; baseline 0.013 -34"><span class='ocrx_word' id='word_1_202' title='bbox 1798 1725 2024 1790; x_wconf 86' lang='lat' dir='ltr'><strong>posteri,</strong></span> <span class='ocrx_word' id='word_1_203' title='bbox 2058 1742 2183 1783; x_wconf 89' lang='lat' dir='ltr'><strong>cum</strong></span> <span class='ocrx_word' id='word_1_204' title='bbox 2220 1730 2327 1787; x_wconf 91' lang='lat' dir='ltr'><strong>illis</strong></span> <span class='ocrx_word' id='word_1_205' title='bbox 2364 1731 2517 1789; x_wconf 85' lang='lat' dir='ltr'><strong>Sethi</strong></span> <span class='ocrx_word' id='word_1_206' title='bbox 2556 1735 2680 1793; x_wconf 90' lang='lat' dir='ltr'><strong>ﬁliis</strong></span> <span class='ocrx_word' id='word_1_207' title='bbox 2711 1738 2804 1807; x_wconf 87' lang='lat' dir='ltr'><strong>qui</strong></span> <span class='ocrx_word' id='word_1_208' title='bbox 2840 1739 2908 1795; x_wconf 86' lang='lat' dir='ltr'><strong>ad</strong></span> <span class='ocrx_word' id='word_1_209' title='bbox 2962 1740 3113 1811; x_wconf 84' lang='lat' dir='ltr'><strong>ipsos</strong></span> <span class='ocrx_word' id='word_1_210' title='bbox 3141 1743 3373 1800; x_wconf 80' lang='lat' dir='ltr'><strong>descen-</strong></span> 
     </span>
    </p>
   </div>
   <div class='ocr_carea' id='block_1_33' title="bbox 118 1794 1696 1905">
    <p class='ocr_par' dir='ltr' id='par_1_33' title="bbox 118 1794 1685 1905">
     <span class='ocr_line' id='line_1_33' title="bbox 118 1794 1685 1905; baseline 0.006 -26"><span class='ocrx_word' id='word_1_211' title='bbox 118 1794 503 1899; x_wconf 62' lang='lat' dir='ltr'><strong>(intelligehdi)</strong></span> <span class='ocrx_word' id='word_1_212' title='bbox 548 1829 660 1885; x_wconf 86' lang='lat' dir='ltr'><strong>sint</strong></span> <span class='ocrx_word' id='word_1_213' title='bbox 712 1814 1141 1901; x_wconf 78' lang='lat' dir='ltr'><strong>ﬁlliSethi&#39;qui</strong></span> <span class='ocrx_word' id='word_1_214' title='bbox 1201 1847 1232 1886; x_wconf 88' lang='lat' dir='ltr'><strong>a</strong></span> <span class='ocrx_word' id='word_1_215' title='bbox 1273 1842 1458 1905; x_wconf 81' lang='lat' dir='ltr'><strong>monte</strong></span> <span class='ocrx_word' id='word_1_216' title='bbox 1489 1843 1685 1889; x_wconf 83' lang='lat' dir='ltr'><strong>saneto</strong></span> 
     </span>
    </p>
   </div>
   <div class='ocr_carea' id='block_1_34' title="bbox 1800 1794 3373 1905">
    <p class='ocr_par' dir='ltr' id='par_1_34' title="bbox 1800 1794 3373 1905">
     <span class='ocr_line' id='line_1_34' title="bbox 1800 1794 3373 1905; baseline 0.015 -38"><span class='ocrx_word' id='word_1_217' title='bbox 1800 1814 2002 1905; x_wconf 78' lang='lat' dir='ltr'><strong>ierant,</strong></span> <span class='ocrx_word' id='word_1_218' title='bbox 2032 1823 2412 1894; x_wconf 81' lang='lat' dir='ltr'><strong>unusquisque</strong></span> <span class='ocrx_word' id='word_1_219' title='bbox 2432 1828 2577 1895; x_wconf 90' lang='lat' dir='ltr'><strong>quod</strong></span> <span class='ocrx_word' id='word_1_220' title='bbox 2608 1794 3114 1901; x_wconf 62' lang='lat' dir='ltr'><strong>ipsiplaceret:.aut</strong></span> 
     </span>
    </p>
   </div>
   <div class='ocr_carea' id='block_1_35' title="bbox 114 1909 1690 1982">
    <p class='ocr_par' dir='ltr' id='par_1_35' title="bbox 114 1909 1690 1982">
     <span class='ocr_line' id='line_1_35' title="bbox 114 1909 1690 1982; baseline 0.004 -9"><span class='ocrx_word' id='word_1_221' title='bbox 114 1916 377 1973; x_wconf 81' lang='lat' dir='ltr'><strong>adﬁlias</strong></span> <span class='ocrx_word' id='word_1_222' title='bbox 402 1919 561 1975; x_wconf 82' lang='lat' dir='ltr'><strong>Kaini</strong></span> <span class='ocrx_word' id='word_1_223' title='bbox 612 1921 887 1977; x_wconf 79' lang='lat' dir='ltr'><strong>maledicti</strong></span> <span class='ocrx_word' id='word_1_224' title='bbox 933 1924 1362 1981; x_wconf 87' lang='lat' dir='ltr'><strong>descenderunt.</strong></span> <span class='ocrx_word' id='word_1_225' title='bbox 1410 1909 1690 1982; x_wconf 46' lang='lat' dir='ltr'><strong>&#39;Sethiadse</strong></span> 
     </span>
    </p>
   </div>
   <div class='ocr_carea' id='block_1_36' title="bbox 112 2010 1687 2084">
    <p class='ocr_par' dir='ltr' id='par_1_36' title="bbox 112 2010 1687 2084">
     <span class='ocr_line' id='line_1_36' title="bbox 112 2010 1687 2084; baseline 0.005 -19"><span class='ocrx_word' id='word_1_226' title='bbox 112 2010 259 2066; x_wconf 86' lang='lat' dir='ltr'><strong>enim</strong></span> <span class='ocrx_word' id='word_1_227' title='bbox 291 2011 365 2065; x_wconf 91' lang='lat' dir='ltr'><strong>ob</strong></span> <span class='ocrx_word' id='word_1_228' title='bbox 390 2013 743 2068; x_wconf 77' lang='lat' dir='ltr'><strong>sanctitatem</strong></span> <span class='ocrx_word' id='word_1_229' title='bbox 774 2030 965 2078; x_wconf 71' lang='lat' dir='ltr'><strong>suamr</strong></span> <span class='ocrx_word' id='word_1_230' title='bbox 984 2022 1039 2071; x_wconf 90' lang='lat' dir='ltr'><strong>et</strong></span> <span class='ocrx_word' id='word_1_231' title='bbox 1069 2016 1215 2084; x_wconf 86' lang='lat' dir='ltr'><strong>quod</strong></span> <span class='ocrx_word' id='word_1_232' title='bbox 1267 2027 1507 2073; x_wconf 90' lang='lat' dir='ltr'><strong>montem</strong></span> <span class='ocrx_word' id='word_1_233' title='bbox 1555 2034 1687 2074; x_wconf 85' lang='lat' dir='ltr'><strong>san-</strong></span> 
     </span>
    </p>
   </div>
   <div class='ocr_carea' id='block_1_37' title="bbox 110 2104 1687 2181">
    <p class='ocr_par' dir='ltr' id='par_1_37' title="bbox 110 2104 1687 2181">
     <span class='ocr_line' id='line_1_37' title="bbox 110 2104 1687 2181; baseline 0.006 -25"><span class='ocrx_word' id='word_1_234' title='bbox 110 2104 642 2167; x_wconf 81' lang='lat' dir='ltr'><strong>etumincolerent.</strong></span> <span class='ocrx_word' id='word_1_235' title='bbox 690 2106 951 2176; x_wconf 82' lang='lat' dir='ltr'><strong>appellati</strong></span> <span class='ocrx_word' id='word_1_236' title='bbox 1000 2116 1131 2165; x_wconf 89' lang='lat' dir='ltr'><strong>sunt</strong></span> <span class='ocrx_word' id='word_1_237' title='bbox 1173 2108 1596 2181; x_wconf 68' lang='lat' dir='ltr'><strong>Bani‘Elohim,</strong></span> <span class='ocrx_word' id='word_1_238' title='bbox 1635 2112 1687 2165; x_wconf 90' lang='lat' dir='ltr'><strong>id</strong></span> 
     </span>
    </p>
   </div>
   <div class='ocr_carea' id='block_1_38' title="bbox 112 2195 1745 2285">
    <p class='ocr_par' dir='ltr' id='par_1_38' title="bbox 112 2195 1745 2285">
     <span class='ocr_line' id='line_1_38' title="bbox 112 2195 1745 2285; baseline 0.006 -34"><span class='ocrx_word' id='word_1_239' title='bbox 112 2206 213 2261; x_wconf 81' lang='lat' dir='ltr'><strong>est,</strong></span> <span class='ocrx_word' id='word_1_240' title='bbox 250 2195 390 2250; x_wconf 80' lang='lat' dir='ltr'><strong>Filii</strong></span> <span class='ocrx_word' id='word_1_241' title='bbox 470 2195 587 2253; x_wconf 81' lang='lat' dir='ltr'><strong>Dei.</strong></span> <span class='ocrx_word' id='word_1_242' title='bbox 622 2196 818 2254; x_wconf 83' lang='lat' dir='ltr'><strong>Errant</strong></span> <span class='ocrx_word' id='word_1_243' title='bbox 873 2200 1171 2269; x_wconf 10' lang='lat' dir='ltr'><strong>ergo.rqui</strong></span> <span class='ocrx_word' id='word_1_244' title='bbox 1228 2201 1419 2285; x_wconf 85' lang='lat' dir='ltr'><strong>dicunt</strong></span> <span class='ocrx_word' id='word_1_245' title='bbox 1466 2205 1691 2273; x_wconf 74' lang='lat' dir='ltr'><strong>augt-los</strong></span> <span class='ocrx_word' id='word_1_246' title='bbox 1732 2256 1745 2268; x_wconf 88' lang='grc'><em>,</em></span> 
     </span>
    </p>
   </div>
   <div class='ocr_carea' id='block_1_39' title="bbox 108 2287 1688 2357">
    <p class='ocr_par' dir='ltr' id='par_1_39' title="bbox 108 2287 1688 2357">
     <span class='ocr_line' id='line_1_39' title="bbox 108 2287 1688 2357; baseline 0.007 -17"><span class='ocrx_word' id='word_1_247' title='bbox 108 2287 471 2343; x_wconf 74' lang='lat' dir='ltr'><strong>descendisse</strong></span> <span class='ocrx_word' id='word_1_248' title='bbox 504 2287 571 2343; x_wconf 85' lang='lat' dir='ltr'><strong>ad</strong></span> <span class='ocrx_word' id='word_1_249' title='bbox 625 2287 766 2351; x_wconf 84' lang='lat' dir='ltr'><strong>ﬁlias</strong></span> <span class='ocrx_word' id='word_1_250' title='bbox 825 2290 1134 2357; x_wconf 86' lang='lat' dir='ltr'><strong>hominum,</strong></span> <span class='ocrx_word' id='word_1_251' title='bbox 1194 2306 1320 2348; x_wconf 91' lang='lat' dir='ltr'><strong>cum</strong></span> <span class='ocrx_word' id='word_1_252' title='bbox 1379 2296 1688 2351; x_wconf 81' lang='lat' dir='ltr'><strong>substantia</strong></span> 
     </span>
    </p>
   </div>
   <div class='ocr_carea' id='block_1_40' title="bbox 109 2367 1739 2455">
    <p class='ocr_par' dir='ltr' id='par_1_40' title="bbox 109 2367 1739 2455">
     <span class='ocr_line' id='line_1_40' title="bbox 109 2367 1739 2455; baseline 0.004 -22"><span class='ocrx_word' id='word_1_253' title='bbox 109 2378 437 2450; x_wconf 74' lang='lat' dir='ltr'><strong>angelorum</strong></span> <span class='ocrx_word' id='word_1_254' title='bbox 472 2380 785 2449; x_wconf 82' lang='lat' dir='ltr'><strong>substantia</strong></span> <span class='ocrx_word' id='word_1_255' title='bbox 835 2367 1067 2451; x_wconf 84' lang='lat' dir='ltr'><strong>simplex</strong></span> <span class='ocrx_word' id='word_1_256' title='bbox 1125 2383 1215 2446; x_wconf 88' lang='lat' dir='ltr'><strong>sit,</strong></span> <span class='ocrx_word' id='word_1_257' title='bbox 1270 2399 1375 2439; x_wconf 80' lang='lat' dir='ltr'><strong>nec</strong></span> <span class='ocrx_word' id='word_1_258' title='bbox 1417 2394 1694 2455; x_wconf 79' lang='lat' dir='ltr'><strong>competat</strong></span> <span class='ocrx_word' id='word_1_259' title='bbox 1736 2428 1739 2429; x_wconf 43' lang='grc' dir='ltr'><em>ν</em></span> 
     </span>
    </p>
   </div>
   <div class='ocr_carea' id='block_1_41' title="bbox 108 2464 1770 2554">
    <p class='ocr_par' dir='ltr' id='par_1_41' title="bbox 108 2464 1770 2554">
     <span class='ocr_line' id='line_1_41' title="bbox 108 2464 1770 2554; baseline 0.004 -27"><span class='ocrx_word' id='word_1_260' title='bbox 108 2479 335 2527; x_wconf 77' lang='lat' dir='ltr'><strong>naturae</strong></span> <span class='ocrx_word' id='word_1_261' title='bbox 371 2464 617 2543; x_wconf 79' lang='lat' dir='ltr'><strong>ipsorum</strong></span> <span class='ocrx_word' id='word_1_262' title='bbox 665 2473 882 2529; x_wconf 79' lang='lat' dir='ltr'><strong>veneris</strong></span> <span class='ocrx_word' id='word_1_263' title='bbox 916 2473 1279 2538; x_wconf 64' lang='lat' dir='ltr'><strong>usus,,bomo</strong></span> <span class='ocrx_word' id='word_1_264' title='bbox 1324 2485 1502 2554; x_wconf 83' lang='lat' dir='ltr'><strong>autem</strong></span> <span class='ocrx_word' id='word_1_265' title='bbox 1564 2477 1692 2533; x_wconf 88' lang='lat' dir='ltr'><strong>sub-</strong></span> <span class='ocrx_word' id='word_1_266' title='bbox 1767 2546 1770 2550; x_wconf 21' lang='grc' dir='ltr'>λ</span> 
     </span>
    </p>
   </div>
   <div class='ocr_carea' id='block_1_42' title="bbox 106 2563 1692 2639">
    <p class='ocr_par' dir='ltr' id='par_1_42' title="bbox 106 2563 1692 2639">
     <span class='ocr_line' id='line_1_42' title="bbox 106 2563 1692 2639; baseline 0.004 -19"><span class='ocrx_word' id='word_1_267' title='bbox 106 2563 332 2620; x_wconf 59' lang='lat' dir='ltr'><strong>stantia:</strong></span> <span class='ocrx_word' id='word_1_268' title='bbox 382 2564 703 2635; x_wconf 69' lang='lat' dir='ltr'><strong>compositas</strong></span> <span class='ocrx_word' id='word_1_269' title='bbox 752 2568 851 2630; x_wconf 81' lang='lat' dir='ltr'><strong>sit.</strong></span> <span class='ocrx_word' id='word_1_270' title='bbox 898 2567 1056 2635; x_wconf 86' lang='lat' dir='ltr'><strong>cujus</strong></span> <span class='ocrx_word' id='word_1_271' title='bbox 1117 2571 1337 2624; x_wconf 54' lang='lat' dir='ltr'><strong>natura!</strong></span> <span class='ocrx_word' id='word_1_272' title='bbox 1383 2569 1505 2639; x_wconf 80' lang='lat' dir='ltr'><strong>ejus</strong></span> <span class='ocrx_word' id='word_1_273' title='bbox 1554 2586 1692 2626; x_wconf 90' lang='lat' dir='ltr'><strong>usus</strong></span> 
     </span>
    </p>
   </div>
   <div class='ocr_carea' id='block_1_43' title="bbox 107 2650 1710 2735">
    <p class='ocr_par' dir='ltr' id='par_1_43' title="bbox 107 2650 1710 2735">
     <span class='ocr_line' id='line_1_43' title="bbox 107 2650 1710 2735; baseline 0.004 -24"><span class='ocrx_word' id='word_1_274' title='bbox 107 2661 413 2722; x_wconf 72' lang='lat' dir='ltr'><strong>Competat,</strong></span> <span class='ocrx_word' id='word_1_275' title='bbox 461 2654 778 2725; x_wconf 82' lang='lat' dir='ltr'><strong>pariterque</strong></span> <span class='ocrx_word' id='word_1_276' title='bbox 813 2658 999 2714; x_wconf 85' lang='lat' dir='ltr'><strong>omnia</strong></span> <span class='ocrx_word' id='word_1_277' title='bbox 1041 2661 1374 2735; x_wconf 84' lang='lat' dir='ltr'><strong>animantia.</strong></span> <span class='ocrx_word' id='word_1_278' title='bbox 1426 2661 1586 2727; x_wconf 84' lang='lat' dir='ltr'><strong>Quod</strong></span> <span class='ocrx_word' id='word_1_279' title='bbox 1635 2650 1710 2717; x_wconf 33' lang='lat' dir='ltr'><strong>si.</strong></span> 
     </span>
    </p>
   </div>
   <div class='ocr_carea' id='block_1_44' title="bbox 105 2745 1693 2823">
    <p class='ocr_par' dir='ltr' id='par_1_44' title="bbox 105 2745 1693 2823">
     <span class='ocr_line' id='line_1_44' title="bbox 105 2745 1693 2823; baseline 0.004 -23"><span class='ocrx_word' id='word_1_280' title='bbox 105 2746 293 2823; x_wconf 81' lang='lat' dir='ltr'><strong>angeli</strong></span> <span class='ocrx_word' id='word_1_281' title='bbox 346 2745 498 2817; x_wconf 90' lang='lat' dir='ltr'><strong>(cum</strong></span> <span class='ocrx_word' id='word_1_282' title='bbox 548 2746 894 2823; x_wconf 80' lang='lat' dir='ltr'><strong>mulieribus)</strong></span> <span class='ocrx_word' id='word_1_283' title='bbox 938 2753 1429 2820; x_wconf 76' lang='lat' dir='ltr'><strong>congrederentur,</strong></span> <span class='ocrx_word' id='word_1_284' title='bbox 1489 2751 1693 2807; x_wconf 89' lang='lat' dir='ltr'><strong>nullam</strong></span> 
     </span>
    </p>
   </div>
   <div class='ocr_carea' id='block_1_45' title="bbox 105 2820 1694 2915">
    <p class='ocr_par' dir='ltr' id='par_1_45' title="bbox 105 2820 1694 2915">
     <span class='ocr_line' id='line_1_45' title="bbox 105 2820 1694 2915; baseline 0.004 -21"><span class='ocrx_word' id='word_1_285' title='bbox 105 2820 329 2909; x_wconf 81' lang='lat' dir='ltr'><strong>Ispiam</strong></span> <span class='ocrx_word' id='word_1_286' title='bbox 356 2853 389 2894; x_wconf 90' lang='lat' dir='ltr'><strong>e</strong></span> <span class='ocrx_word' id='word_1_287' title='bbox 421 2820 637 2907; x_wconf 52' lang='lat' dir='ltr'><strong>ﬁliahu‘s</strong></span> <span class='ocrx_word' id='word_1_288' title='bbox 678 2840 966 2900; x_wconf 79' lang='lat' dir='ltr'><strong>hominum</strong></span> <span class='ocrx_word' id='word_1_289' title='bbox 992 2843 1287 2913; x_wconf 81' lang='lat' dir='ltr'><strong>virginem;</strong></span> <span class='ocrx_word' id='word_1_290' title='bbox 1320 2846 1694 2915; x_wconf 82' lang='lat' dir='ltr'><strong>incorruptam</strong></span> 
     </span>
    </p>
   </div>
   <div class='ocr_carea' id='block_1_46' title="bbox 102 2932 1697 3011">
    <p class='ocr_par' dir='ltr' id='par_1_46' title="bbox 102 2932 1697 3011">
     <span class='ocr_line' id='line_1_46' title="bbox 102 2932 1697 3011; baseline 0.006 -24"><span class='ocrx_word' id='word_1_291' title='bbox 102 2932 492 3006; x_wconf 63' lang='lat' dir='ltr'><strong>reliquissent.</strong></span> <span class='ocrx_word' id='word_1_292' title='bbox 519 2932 656 2988; x_wconf 87' lang='lat' dir='ltr'><strong>Cum</strong></span> <span class='ocrx_word' id='word_1_293' title='bbox 687 2942 874 2991; x_wconf 88' lang='lat' dir='ltr'><strong>autem</strong></span> <span class='ocrx_word' id='word_1_294' title='bbox 924 2936 1128 2994; x_wconf 82' lang='lat' dir='ltr'><strong>vellent</strong></span> <span class='ocrx_word' id='word_1_295' title='bbox 1165 2938 1256 2994; x_wconf 91' lang='lat' dir='ltr'><strong>ﬁlii</strong></span> <span class='ocrx_word' id='word_1_296' title='bbox 1292 2938 1470 3004; x_wconf 87' lang='lat' dir='ltr'><strong>Sethi,</strong></span> <span class='ocrx_word' id='word_1_297' title='bbox 1532 2939 1625 3011; x_wconf 91' lang='lat' dir='ltr'><strong>qui</strong></span> <span class='ocrx_word' id='word_1_298' title='bbox 1665 2955 1697 2995; x_wconf 90' lang='lat' dir='ltr'><strong>e</strong></span> 
     </span>
    </p>
   </div>
   <div class='ocr_carea' id='block_1_47' title="bbox 102 3014 1693 3101">
    <p class='ocr_par' dir='ltr' id='par_1_47' title="bbox 102 3014 1693 3101">
     <span class='ocr_line' id='line_1_47' title="bbox 102 3014 1693 3101; baseline 0.008 -25"><span class='ocrx_word' id='word_1_299' title='bbox 102 3014 300 3087; x_wconf 66' lang='lat' dir='ltr'><strong>monte</strong></span> <span class='ocrx_word' id='word_1_300' title='bbox 325 3023 399 3101; x_wconf 86' lang='lat' dir='ltr'><strong>ad</strong></span> <span class='ocrx_word' id='word_1_301' title='bbox 448 3023 590 3079; x_wconf 86' lang='lat' dir='ltr'><strong>ﬁlias</strong></span> <span class='ocrx_word' id='word_1_302' title='bbox 631 3024 793 3081; x_wconf 66' lang='grc' dir='ltr'><strong>Καὶηί</strong></span> <span class='ocrx_word' id='word_1_303' title='bbox 845 3028 1124 3085; x_wconf 86' lang='lat' dir='ltr'><strong>maledicti</strong></span> <span class='ocrx_word' id='word_1_304' title='bbox 1178 3028 1602 3096; x_wconf 79' lang='lat' dir='ltr'><strong>descenderant,</strong></span> <span class='ocrx_word' id='word_1_305' title='bbox 1640 3034 1693 3088; x_wconf 91' lang='lat' dir='ltr'><strong>in</strong></span> 
     </span>
    </p>
   </div>
   <div class='ocr_carea' id='block_1_48' title="bbox 1789 1900 3371 1997">
    <p class='ocr_par' dir='ltr' id='par_1_48' title="bbox 1789 1900 3371 1997">
     <span class='ocr_line' id='line_1_48' title="bbox 1789 1900 3371 1997; baseline 0.017 -42"><span class='ocrx_word' id='word_1_306' title='bbox 1789 1900 2096 1976; x_wconf 83' lang='lat' dir='ltr'><strong>inclinaret,</strong></span> <span class='ocrx_word' id='word_1_307' title='bbox 2119 1915 2589 1997; x_wconf 86' lang='lat' dir='ltr'><strong>propenderetque</strong></span> <span class='ocrx_word' id='word_1_308' title='bbox 2612 1900 2833 1979; x_wconf 88' lang='lat' dir='ltr'><strong>animus</strong></span> <span class='ocrx_word' id='word_1_309' title='bbox 2850 1900 3371 1995; x_wconf 80' lang='lat' dir='ltr'><strong>ipsius,coluerunt.</strong></span> 
     </span>
    </p>
   </div>
   <div class='ocr_carea' id='block_1_49' title="bbox 1863 1997 3371 2087">
    <p class='ocr_par' dir='ltr' id='par_1_49' title="bbox 1863 1997 3371 2087">
     <span class='ocr_line' id='line_1_49' title="bbox 1863 1997 3371 2087; baseline 0.012 -32"><span class='ocrx_word' id='word_1_310' title='bbox 1863 2002 2025 2058; x_wconf 83' lang='lat' dir='ltr'><strong>Anno</strong></span> <span class='ocrx_word' id='word_1_311' title='bbox 2069 2013 2249 2062; x_wconf 86' lang='lat' dir='ltr'><strong>autem</strong></span> <span class='ocrx_word' id='word_1_312' title='bbox 2314 2010 2437 2066; x_wconf 66' lang='lat' dir='ltr'><strong>vita:</strong></span> <span class='ocrx_word' id='word_1_313' title='bbox 2486 1997 2744 2071; x_wconf 84' lang='lat' dir='ltr'><strong>Lamechi</strong></span> <span class='ocrx_word' id='word_1_314' title='bbox 2792 2019 3138 2087; x_wconf 84' lang='lat' dir='ltr'><strong>sexagesimo</strong></span> <span class='ocrx_word' id='word_1_315' title='bbox 3190 2019 3371 2087; x_wconf 85' lang='lat' dir='ltr'><strong>primo</strong></span> 
     </span>
    </p>
   </div>
   <div class='ocr_carea' id='block_1_50' title="bbox 1790 2093 3382 2175">
    <p class='ocr_par' dir='ltr' id='par_1_50' title="bbox 1790 2093 3382 2175">
     <span class='ocr_line' id='line_1_50' title="bbox 1790 2093 3382 2175; baseline 0.012 -26"><span class='ocrx_word' id='word_1_316' title='bbox 1790 2093 1930 2149; x_wconf 90' lang='lat' dir='ltr'><strong>obiit</strong></span> <span class='ocrx_word' id='word_1_317' title='bbox 1964 2093 2202 2163; x_wconf 80' lang='lat' dir='ltr'><strong>Kaiuan,</strong></span> <span class='ocrx_word' id='word_1_318' title='bbox 2233 2098 2324 2156; x_wconf 87' lang='lat' dir='ltr'><strong>die</strong></span> <span class='ocrx_word' id='word_1_319' title='bbox 2344 2102 2619 2159; x_wconf 83' lang='lat' dir='ltr'><strong>Mercurii</strong></span> <span class='ocrx_word' id='word_1_320' title='bbox 2640 2105 2790 2161; x_wconf 87' lang='lat' dir='ltr'><strong>circa</strong></span> <span class='ocrx_word' id='word_1_321' title='bbox 2821 2108 3113 2175; x_wconf 86' lang='lat' dir='ltr'><strong>meridiem</strong></span> <span class='ocrx_word' id='word_1_322' title='bbox 3151 2111 3382 2168; x_wconf 80' lang='lat' dir='ltr'><strong>decimo</strong></span> 
     </span>
    </p>
   </div>
   <div class='ocr_carea' id='block_1_51' title="bbox 1791 2188 3371 2274">
    <p class='ocr_par' dir='ltr' id='par_1_51' title="bbox 1791 2188 3371 2274">
     <span class='ocr_line' id='line_1_51' title="bbox 1791 2188 3371 2274; baseline 0.01 -32"><span class='ocrx_word' id='word_1_323' title='bbox 1791 2189 1959 2244; x_wconf 88' lang='lat' dir='ltr'><strong>tertio</strong></span> <span class='ocrx_word' id='word_1_324' title='bbox 2016 2188 2303 2258; x_wconf 84' lang='lat' dir='ltr'><strong>liazirani,</strong></span> <span class='ocrx_word' id='word_1_325' title='bbox 2342 2195 2546 2262; x_wconf 86' lang='lat' dir='ltr'><strong>quiest</strong></span> <span class='ocrx_word' id='word_1_326' title='bbox 2600 2195 2859 2265; x_wconf 85' lang='lat' dir='ltr'><strong>Baunab;</strong></span> <span class='ocrx_word' id='word_1_327' title='bbox 2907 2214 3068 2267; x_wconf 88' lang='lat' dir='ltr'><strong>quem</strong></span> <span class='ocrx_word' id='word_1_328' title='bbox 3119 2197 3371 2274; x_wconf 65' lang='lat' dir='ltr'><strong>myrrha.</strong></span> 
     </span>
    </p>
   </div>
   <div class='ocr_carea' id='block_1_52' title="bbox 1794 2276 3369 2366">
    <p class='ocr_par' dir='ltr' id='par_1_52' title="bbox 1794 2276 3369 2366">
     <span class='ocr_line' id='line_1_52' title="bbox 1794 2276 3369 2366; baseline 0.011 -31"><span class='ocrx_word' id='word_1_329' title='bbox 1794 2281 1957 2338; x_wconf 82' lang='lat' dir='ltr'><strong>thure</strong></span> <span class='ocrx_word' id='word_1_330' title='bbox 2002 2291 2058 2339; x_wconf 87' lang='lat' dir='ltr'><strong>et</strong></span> <span class='ocrx_word' id='word_1_331' title='bbox 2102 2276 2285 2341; x_wconf 80' lang='lat' dir='ltr'><strong>caesia</strong></span> <span class='ocrx_word' id='word_1_332' title='bbox 2342 2285 2662 2356; x_wconf 89' lang='lat' dir='ltr'><strong>pollinctum</strong></span> <span class='ocrx_word' id='word_1_333' title='bbox 2724 2290 2943 2360; x_wconf 89' lang='lat' dir='ltr'><strong>sepeliit</strong></span> <span class='ocrx_word' id='word_1_334' title='bbox 2972 2292 3144 2351; x_wconf 80' lang='lat' dir='ltr'><strong>ﬁlius</strong></span> <span class='ocrx_word' id='word_1_335' title='bbox 3193 2295 3369 2366; x_wconf 79' lang='lat' dir='ltr'><strong>ipsius</strong></span> 
     </span>
    </p>
   </div>
   <div class='ocr_carea' id='block_1_53' title="bbox 1794 2374 3372 2459">
    <p class='ocr_par' dir='ltr' id='par_1_53' title="bbox 1794 2374 3372 2459">
     <span class='ocr_line' id='line_1_53' title="bbox 1794 2374 3372 2459; baseline 0.008 -30"><span class='ocrx_word' id='word_1_336' title='bbox 1794 2374 2067 2459; x_wconf 76' lang='lat' dir='ltr'><strong>Iiahlaliel</strong></span> <span class='ocrx_word' id='word_1_337' title='bbox 2126 2376 2178 2431; x_wconf 92' lang='lat' dir='ltr'><strong>in</strong></span> <span class='ocrx_word' id='word_1_338' title='bbox 2233 2378 2829 2448; x_wconf 70' lang='lat' dir='ltr'><strong>speluncaAlcauuz;</strong></span> <span class='ocrx_word' id='word_1_339' title='bbox 2876 2383 3170 2456; x_wconf 88' lang='lat' dir='ltr'><strong>ipsumque</strong></span> <span class='ocrx_word' id='word_1_340' title='bbox 3236 2402 3372 2459; x_wconf 80' lang='lat' dir='ltr'><strong>qua-</strong></span> 
     </span>
    </p>
   </div>
   <div class='ocr_carea' id='block_1_54' title="bbox 1795 2457 3374 2547">
    <p class='ocr_par' dir='ltr' id='par_1_54' title="bbox 1795 2457 3374 2547">
     <span class='ocr_line' id='line_1_54' title="bbox 1795 2457 3374 2547; baseline 0.011 -27"><span class='ocrx_word' id='word_1_341' title='bbox 1795 2457 2056 2541; x_wconf 35' lang='lat' dir='ltr'><strong>draginta;</strong></span> <span class='ocrx_word' id='word_1_342' title='bbox 2108 2467 2227 2526; x_wconf 89' lang='lat' dir='ltr'><strong>dies</strong></span> <span class='ocrx_word' id='word_1_343' title='bbox 2273 2471 2621 2547; x_wconf 81' lang='lat' dir='ltr'><strong>planxerunt.</strong></span> <span class='ocrx_word' id='word_1_344' title='bbox 2654 2471 2915 2545; x_wconf 84' lang='lat' dir='ltr'><strong>Vixitque</strong></span> <span class='ocrx_word' id='word_1_345' title='bbox 2954 2476 3164 2533; x_wconf 81' lang='lat' dir='ltr'><strong>Kainan</strong></span> <span class='ocrx_word' id='word_1_346' title='bbox 3197 2457 3374 2537; x_wconf 83' lang='lat' dir='ltr'><strong>annos</strong></span> 
     </span>
    </p>
   </div>
   <div class='ocr_carea' id='block_1_55' title="bbox 1794 2556 3373 2636">
    <p class='ocr_par' dir='ltr' id='par_1_55' title="bbox 1794 2556 3373 2636">
     <span class='ocr_line' id='line_1_55' title="bbox 1794 2556 3373 2636; baseline 0.009 -21"><span class='ocrx_word' id='word_1_347' title='bbox 1794 2559 2188 2617; x_wconf 72' lang='lat' dir='ltr'><strong>decem‘uitra</strong></span> <span class='ocrx_word' id='word_1_348' title='bbox 2246 2573 2582 2636; x_wconf 77' lang='lat' dir='ltr'><strong>nongentos.</strong></span> <span class='ocrx_word' id='word_1_349' title='bbox 2635 2564 2862 2633; x_wconf 85' lang='lat' dir='ltr'><strong>Noaho,</strong></span> <span class='ocrx_word' id='word_1_350' title='bbox 2918 2584 3043 2625; x_wconf 90' lang='lat' dir='ltr'><strong>cum</strong></span> <span class='ocrx_word' id='word_1_351' title='bbox 3103 2556 3373 2628; x_wconf 87' lang='lat' dir='ltr'><strong>annorum</strong></span> 
     </span>
    </p>
   </div>
   <div class='ocr_carea' id='block_1_56' title="bbox 1795 2653 3373 2741">
    <p class='ocr_par' dir='ltr' id='par_1_56' title="bbox 1795 2653 3373 2741">
     <span class='ocr_line' id='line_1_56' title="bbox 1795 2653 3373 2741; baseline 0.008 -33"><span class='ocrx_word' id='word_1_352' title='bbox 1795 2660 1943 2708; x_wconf 86' lang='lat' dir='ltr'><strong>esset</strong></span> <span class='ocrx_word' id='word_1_353' title='bbox 1973 2653 2425 2725; x_wconf 88' lang='lat' dir='ltr'><strong>quingentorum,</strong></span> <span class='ocrx_word' id='word_1_354' title='bbox 2464 2657 2578 2712; x_wconf 90' lang='lat' dir='ltr'><strong>nati</strong></span> <span class='ocrx_word' id='word_1_355' title='bbox 2623 2669 2754 2714; x_wconf 87' lang='lat' dir='ltr'><strong>sunt</strong></span> <span class='ocrx_word' id='word_1_356' title='bbox 2802 2668 2916 2717; x_wconf 88' lang='lat' dir='ltr'><strong>tres</strong></span> <span class='ocrx_word' id='word_1_357' title='bbox 2964 2661 3081 2741; x_wconf 80' lang='lat' dir='ltr'><strong>ﬁlii,</strong></span> <span class='ocrx_word' id='word_1_358' title='bbox 3138 2680 3373 2734; x_wconf 87' lang='lat' dir='ltr'><strong>quorum</strong></span> 
     </span>
    </p>
   </div>
   <div class='ocr_carea' id='block_1_57' title="bbox 1798 2743 3372 2824">
    <p class='ocr_par' dir='ltr' id='par_1_57' title="bbox 1798 2743 3372 2824">
     <span class='ocr_line' id='line_1_57' title="bbox 1798 2743 3372 2824; baseline 0.01 -28"><span class='ocrx_word' id='word_1_359' title='bbox 1798 2743 2061 2813; x_wconf 87' lang='lat' dir='ltr'><strong>majorem</strong></span> <span class='ocrx_word' id='word_1_360' title='bbox 2093 2746 2424 2816; x_wconf 82' lang='lat' dir='ltr'><strong>.appellavit&#39;</strong></span> <span class='ocrx_word' id='word_1_361' title='bbox 2460 2746 2709 2813; x_wconf 89' lang='lat' dir='ltr'><strong>Semum,</strong></span> <span class='ocrx_word' id='word_1_362' title='bbox 2733 2791 2737 2795; x_wconf 90' lang='grc'><strong><em>-</em></strong></span> <span class='ocrx_word' id='word_1_363' title='bbox 2759 2745 3063 2809; x_wconf 85' lang='lat' dir='ltr'><strong>secundum</strong></span> <span class='ocrx_word' id='word_1_364' title='bbox 3113 2752 3372 2824; x_wconf 81' lang='lat' dir='ltr'><strong>Hamum,</strong></span> 
     </span>
    </p>
   </div>
   <div class='ocr_carea' id='block_1_58' title="bbox 1799 2837 3374 2920">
    <p class='ocr_par' dir='ltr' id='par_1_58' title="bbox 1799 2837 3374 2920">
     <span class='ocr_line' id='line_1_58' title="bbox 1799 2837 3374 2920; baseline 0.009 -30"><span class='ocrx_word' id='word_1_365' title='bbox 1799 2837 2023 2897; x_wconf 88' lang='lat' dir='ltr'><strong>tertium</strong></span> <span class='ocrx_word' id='word_1_366' title='bbox 2060 2837 2378 2908; x_wconf 80' lang='lat' dir='ltr'><strong>Japhetum.</strong></span> <span class='ocrx_word' id='word_1_367' title='bbox 2425 2837 2624 2896; x_wconf 86' lang='lat' dir='ltr'><strong>Totum</strong></span> <span class='ocrx_word' id='word_1_368' title='bbox 2652 2850 2834 2899; x_wconf 85' lang='lat' dir='ltr'><strong>autem</strong></span> <span class='ocrx_word' id='word_1_369' title='bbox 2884 2845 3009 2901; x_wconf 70' lang='lat' dir='ltr'><strong>vitae</strong></span> <span class='ocrx_word' id='word_1_370' title='bbox 3052 2845 3202 2903; x_wconf 85' lang='lat' dir='ltr'><strong>Noah</strong></span> <span class='ocrx_word' id='word_1_371' title='bbox 3242 2864 3374 2920; x_wconf 78' lang='lat' dir='ltr'><strong>spa-</strong></span> 
     </span>
    </p>
   </div>
   <div class='ocr_carea' id='block_1_59' title="bbox 1800 2928 3374 3012">
    <p class='ocr_par' dir='ltr' id='par_1_59' title="bbox 1800 2928 3374 3012">
     <span class='ocr_line' id='line_1_59' title="bbox 1800 2928 3374 3012; baseline 0.008 -30"><span class='ocrx_word' id='word_1_372' title='bbox 1800 2928 1935 3000; x_wconf 83' lang='lat' dir='ltr'><strong>tium</strong></span> <span class='ocrx_word' id='word_1_373' title='bbox 1989 2929 2415 3003; x_wconf 15' lang='lat' dir='ltr'><strong>l&#39;uitgannorum</strong></span> <span class='ocrx_word' id='word_1_374' title='bbox 2465 2944 2874 3005; x_wconf 83' lang='lat' dir='ltr'><strong>nongentorum</strong></span> <span class='ocrx_word' id='word_1_375' title='bbox 2928 2938 3374 3012; x_wconf 75' lang='lat' dir='ltr'><strong>quinquaginta,</strong></span> 
     </span>
    </p>
   </div>
   <div class='ocr_carea' id='block_1_60' title="bbox 1802 3021 3377 3095">
    <p class='ocr_par' dir='ltr' id='par_1_60' title="bbox 1802 3021 3377 3095">
     <span class='ocr_line' id='line_1_60' title="bbox 1802 3021 3377 3095; baseline 0.009 -21"><span class='ocrx_word' id='word_1_376' title='bbox 1802 3033 2056 3091; x_wconf 79' lang='lat' dir='ltr'><strong>annoque</strong></span> <span class='ocrx_word' id='word_1_377' title='bbox 2082 3021 2369 3078; x_wconf 88' lang='lat' dir='ltr'><strong>tricesimo</strong></span> <span class='ocrx_word' id='word_1_378' title='bbox 2398 3035 2599 3095; x_wconf 87' lang='lat' dir='ltr'><strong>quarto</strong></span> <span class='ocrx_word' id='word_1_379' title='bbox 2630 3026 2757 3081; x_wconf 75' lang='lat' dir='ltr'><strong>vita:</strong></span> <span class='ocrx_word' id='word_1_380' title='bbox 2786 3025 2962 3083; x_wconf 83' lang='lat' dir='ltr'><strong>Noahi</strong></span> <span class='ocrx_word' id='word_1_381' title='bbox 3006 3029 3143 3086; x_wconf 89' lang='lat' dir='ltr'><strong>obiit</strong></span> <span class='ocrx_word' id='word_1_382' title='bbox 3171 3031 3377 3088; x_wconf 78' lang='lat' dir='ltr'><strong>Mahla-</strong></span> 
     </span>
    </p>
   </div>
   <div class='ocr_carea' id='block_1_61' title="bbox 99 3096 3375 3203">
    <p class='ocr_par' dir='ltr' id='par_1_61' title="bbox 99 3096 3375 3203">
     <span class='ocr_line' id='line_1_61' title="bbox 99 3096 3375 3203; baseline 0.009 -36"><span class='ocrx_word' id='word_1_383' title='bbox 99 3100 371 3170; x_wconf 13' lang='lat' dir='ltr'><strong>montem’</strong></span> <span class='ocrx_word' id='word_1_384' title='bbox 407 3122 659 3172; x_wconf 87' lang='lat' dir='ltr'><strong>sanctum</strong></span> <span class='ocrx_word' id='word_1_385' title='bbox 721 3118 1058 3187; x_wconf 85' lang='lat' dir='ltr'><strong>ascendere,</strong></span> <span class='ocrx_word' id='word_1_386' title='bbox 1104 3105 1252 3203; x_wconf 73' lang='lat' dir='ltr'><strong>_l‘aeti</strong></span> <span class='ocrx_word' id='word_1_387' title='bbox 1305 3132 1435 3179; x_wconf 91' lang='lat' dir='ltr'><strong>sunt</strong></span> <span class='ocrx_word' id='word_1_388' title='bbox 1486 3116 1697 3203; x_wconf 85' lang='lat' dir='ltr'><strong>lapides</strong></span> <span class='ocrx_word' id='word_1_389' title='bbox 1721 3123 1767 3187; x_wconf 89' lang='lat' dir='ltr'><strong><em>C</em></strong></span> <span class='ocrx_word' id='word_1_390' title='bbox 1800 3112 1914 3175; x_wconf 72' lang='lat' dir='ltr'><strong>licl-</strong></span> <span class='ocrx_word' id='word_1_391' title='bbox 1951 3112 2040 3169; x_wconf 70' lang='lat' dir='ltr'><strong>die</strong></span> <span class='ocrx_word' id='word_1_392' title='bbox 2073 3114 2237 3203; x_wconf 18' lang='lat'><strong>80158-7</strong></span> <span class='ocrx_word' id='word_1_393' title='bbox 2266 3114 2546 3172; x_wconf 52' lang='grc' dir='ltr'><strong>Ιιοτετάῖθί</strong></span> <span class='ocrx_word' id='word_1_394' title='bbox 2587 3118 2748 3172; x_wconf 61' lang='lat' dir='ltr'><strong>leuia</strong></span> <span class='ocrx_word' id='word_1_395' title='bbox 2790 3128 2998 3203; x_wconf 50' lang='lat'><strong>£3910</strong></span> <span class='ocrx_word' id='word_1_396' title='bbox 3024 3119 3211 3177; x_wconf 67' lang='grc' dir='ltr'><strong>Νίεδῐιῖ</strong></span> <span class='ocrx_word' id='word_1_397' title='bbox 3244 3122 3375 3195; x_wconf 64' lang='lat' dir='ltr'><strong>(qui</strong></span> 
     </span>
    </p>
   </div>
   <div class='ocr_carea' id='block_1_62' title="bbox 102 3206 1705 3291">
    <p class='ocr_par' dir='ltr' id='par_1_62' title="bbox 102 3206 1705 3291">
     <span class='ocr_line' id='line_1_62' title="bbox 102 3206 1705 3291; baseline 0.007 -31"><span class='ocrx_word' id='word_1_398' title='bbox 102 3206 324 3262; x_wconf 87' lang='lat' dir='ltr'><strong>montis</strong></span> <span class='ocrx_word' id='word_1_399' title='bbox 381 3206 547 3279; x_wconf 83' lang='lat' dir='ltr'><strong>ignis,</strong></span> <span class='ocrx_word' id='word_1_400' title='bbox 600 3210 677 3265; x_wconf 88' lang='lat' dir='ltr'><strong>ita</strong></span> <span class='ocrx_word' id='word_1_401' title='bbox 714 3217 776 3265; x_wconf 90' lang='lat' dir='ltr'><strong>ut</strong></span> <span class='ocrx_word' id='word_1_402' title='bbox 810 3212 984 3291; x_wconf 66' lang='lat' dir='ltr'><strong>pullo</strong></span> <span class='ocrx_word' id='word_1_403' title='bbox 1022 3212 1186 3269; x_wconf 87' lang='lat' dir='ltr'><strong>modo</strong></span> <span class='ocrx_word' id='word_1_404' title='bbox 1216 3223 1428 3285; x_wconf 88' lang='lat' dir='ltr'><strong>pateret</strong></span> <span class='ocrx_word' id='word_1_405' title='bbox 1478 3215 1617 3287; x_wconf 87' lang='lat' dir='ltr'><strong>ipsis</strong></span> <span class='ocrx_word' id='word_1_406' title='bbox 1646 3217 1705 3272; x_wconf 84' lang='lat' dir='ltr'><strong>in</strong></span> 
     </span>
    </p>
   </div>
   <div class='ocr_carea' id='block_1_63' title="bbox 96 3302 1706 3379">
    <p class='ocr_par' dir='ltr' id='par_1_63' title="bbox 96 3302 1706 3379">
     <span class='ocr_line' id='line_1_63' title="bbox 96 3302 1706 3379; baseline 0.006 -24"><span class='ocrx_word' id='word_1_407' title='bbox 96 3308 362 3358; x_wconf 86' lang='lat' dir='ltr'><strong>montem</strong></span> <span class='ocrx_word' id='word_1_408' title='bbox 398 3302 629 3360; x_wconf 86' lang='lat' dir='ltr'><strong>reditus.</strong></span> <span class='ocrx_word' id='word_1_409' title='bbox 669 3304 874 3361; x_wconf 85' lang='lat' dir='ltr'><strong>Deinde</strong></span> <span class='ocrx_word' id='word_1_410' title='bbox 925 3315 1216 3376; x_wconf 65' lang='lat' dir='ltr'><strong>coeperunt</strong></span> <span class='ocrx_word' id='word_1_411' title='bbox 1264 3308 1356 3363; x_wconf 88' lang='lat' dir='ltr'><strong>alii</strong></span> <span class='ocrx_word' id='word_1_412' title='bbox 1392 3315 1524 3379; x_wconf 73' lang='lat' dir='ltr'><strong>post</strong></span> <span class='ocrx_word' id='word_1_413' title='bbox 1567 3310 1706 3365; x_wconf 90' lang='lat' dir='ltr'><strong>alios</strong></span> 
     </span>
    </p>
   </div>
   <div class='ocr_carea' id='block_1_64' title="bbox 98 3396 1702 3469">
    <p class='ocr_par' dir='ltr' id='par_1_64' title="bbox 98 3396 1702 3469">
     <span class='ocr_line' id='line_1_64' title="bbox 98 3396 1702 3469; baseline 0.003 -18"><span class='ocrx_word' id='word_1_414' title='bbox 98 3396 417 3469; x_wconf 80' lang='lat' dir='ltr'><strong>de_monte</strong></span> <span class='ocrx_word' id='word_1_415' title='bbox 466 3405 658 3454; x_wconf 86' lang='lat' dir='ltr'><strong>sancto</strong></span> <span class='ocrx_word' id='word_1_416' title='bbox 704 3399 1043 3456; x_wconf 89' lang='lat' dir='ltr'><strong>descendere</strong></span> <span class='ocrx_word' id='word_1_417' title='bbox 1086 3400 1156 3457; x_wconf 91' lang='lat' dir='ltr'><strong>ad</strong></span> <span class='ocrx_word' id='word_1_418' title='bbox 1197 3400 1359 3456; x_wconf 65' lang='grc' dir='ltr'><strong>Καῑηί</strong></span> <span class='ocrx_word' id='word_1_419' title='bbox 1419 3401 1702 3457; x_wconf 80' lang='lat' dir='ltr'><strong>maledicti</strong></span> 
     </span>
    </p>
   </div>
   <div class='ocr_carea' id='block_1_65' title="bbox 93 3488 1697 3564">
    <p class='ocr_par' dir='ltr' id='par_1_65' title="bbox 93 3488 1697 3564">
     <span class='ocr_line' id='line_1_65' title="bbox 93 3488 1697 3564; baseline 0.003 -19"><span class='ocrx_word' id='word_1_420' title='bbox 93 3488 270 3547; x_wconf 77' lang='lat' dir='ltr'><strong>ﬁlias.</strong></span> <span class='ocrx_word' id='word_1_421' title='bbox 298 3489 444 3545; x_wconf 87' lang='lat' dir='ltr'><strong>Cum</strong></span> <span class='ocrx_word' id='word_1_422' title='bbox 480 3505 615 3561; x_wconf 86' lang='lat' dir='ltr'><strong>ergo</strong></span> <span class='ocrx_word' id='word_1_423' title='bbox 646 3489 757 3560; x_wconf 78' lang='lat' dir='ltr'><strong>iam</strong></span> <span class='ocrx_word' id='word_1_424' title='bbox 791 3492 1261 3563; x_wconf 84' lang='lat' dir='ltr'><strong>appropinquaret</strong></span> <span class='ocrx_word' id='word_1_425' title='bbox 1289 3491 1493 3551; x_wconf 83' lang='lat' dir='ltr'><strong>Jaredi</strong></span> <span class='ocrx_word' id='word_1_426' title='bbox 1524 3510 1697 3564; x_wconf 83' lang='lat' dir='ltr'><strong>mors,</strong></span> 
     </span>
    </p>
   </div>
   <div class='ocr_carea' id='block_1_66' title="bbox 93 3580 1701 3652">
    <p class='ocr_par' dir='ltr' id='par_1_66' title="bbox 93 3580 1701 3652">
     <span class='ocr_line' id='line_1_66' title="bbox 93 3580 1701 3652; baseline 0.007 -19"><span class='ocrx_word' id='word_1_427' title='bbox 93 3584 441 3637; x_wconf 71' lang='lat' dir='ltr'><strong>convocatis</strong></span> <span class='ocrx_word' id='word_1_428' title='bbox 485 3580 598 3648; x_wconf 82' lang='lat' dir='ltr'><strong>ﬁlio</strong></span> <span class='ocrx_word' id='word_1_429' title='bbox 619 3596 723 3638; x_wconf 89' lang='lat' dir='ltr'><strong>suo</strong></span> <span class='ocrx_word' id='word_1_430' title='bbox 762 3582 1013 3650; x_wconf 87' lang='lat' dir='ltr'><strong>Enocbo,</strong></span> <span class='ocrx_word' id='word_1_431' title='bbox 1065 3584 1286 3642; x_wconf 83' lang='lat' dir='ltr'><strong>Euochi-</strong></span> <span class='ocrx_word' id='word_1_432' title='bbox 1324 3585 1701 3652; x_wconf 66' lang='lat' dir='ltr'><strong>Mathusbale-</strong></span> 
     </span>
    </p>
   </div>
   <div class='ocr_carea' id='block_1_67' title="bbox 90 3666 1699 3748">
    <p class='ocr_par' dir='ltr' id='par_1_67' title="bbox 90 3666 1699 3748">
     <span class='ocr_line' id='line_1_67' title="bbox 90 3666 1699 3748; baseline 0.006 -21"><span class='ocrx_word' id='word_1_433' title='bbox 90 3671 229 3737; x_wconf 73' lang='lat' dir='ltr'><strong>eho,</strong></span> <span class='ocrx_word' id='word_1_434' title='bbox 275 3672 722 3730; x_wconf 73' lang='lat' dir='ltr'><strong>Mathusbaiechi</strong></span> <span class='ocrx_word' id='word_1_435' title='bbox 750 3666 1046 3740; x_wconf 82' lang='lat' dir='ltr'><strong>Lameclto.</strong></span> <span class='ocrx_word' id='word_1_436' title='bbox 1080 3688 1135 3734; x_wconf 88' lang='lat' dir='ltr'><strong>et</strong></span> <span class='ocrx_word' id='word_1_437' title='bbox 1174 3678 1434 3740; x_wconf 58' lang='lat' dir='ltr'><strong>Lameﬁ‘bi</strong></span> <span class='ocrx_word' id='word_1_438' title='bbox 1485 3681 1699 3748; x_wconf 85' lang='lat' dir='ltr'><strong>Noaho,</strong></span> 
     </span>
    </p>
   </div>
   <div class='ocr_carea' id='block_1_68' title="bbox 89 3762 1700 3843">
    <p class='ocr_par' dir='ltr' id='par_1_68' title="bbox 89 3762 1700 3843">
     <span class='ocr_line' id='line_1_68' title="bbox 89 3762 1700 3843; baseline 0.007 -25"><span class='ocrx_word' id='word_1_439' title='bbox 89 3762 237 3818; x_wconf 83' lang='lat' dir='ltr'><strong>dixit</strong></span> <span class='ocrx_word' id='word_1_440' title='bbox 278 3783 297 3819; x_wconf 90' lang='lat'><strong>:</strong></span> <span class='ocrx_word' id='word_1_441' title='bbox 328 3766 445 3836; x_wconf 71' lang='lat'><strong>28</strong></span> <span class='ocrx_word' id='word_1_442' title='bbox 483 3765 684 3825; x_wconf 84' lang='lat' dir='ltr'><strong>Cavete</strong></span> <span class='ocrx_word' id='word_1_443' title='bbox 737 3783 806 3824; x_wconf 88' lang='lat' dir='ltr'><strong>ne</strong></span> <span class='ocrx_word' id='word_1_444' title='bbox 849 3770 1143 3825; x_wconf 82' lang='lat' dir='ltr'><strong>descendat</strong></span> <span class='ocrx_word' id='word_1_445' title='bbox 1186 3764 1432 3826; x_wconf 88' lang='lat' dir='ltr'><strong>vestrum</strong></span> <span class='ocrx_word' id='word_1_446' title='bbox 1471 3774 1597 3843; x_wconf 90' lang='lat' dir='ltr'><strong>quis</strong></span> <span class='ocrx_word' id='word_1_447' title='bbox 1632 3763 1700 3829; x_wconf 81' lang='lat' dir='ltr'><strong>de</strong></span> 
     </span>
    </p>
   </div>
   <div class='ocr_carea' id='block_1_69' title="bbox 88 3856 1701 3933">
    <p class='ocr_par' dir='ltr' id='par_1_69' title="bbox 88 3856 1701 3933">
     <span class='ocr_line' id='line_1_69' title="bbox 88 3856 1701 3933; baseline 0.006 -24"><span class='ocrx_word' id='word_1_448' title='bbox 88 3862 299 3923; x_wconf 73' lang='lat' dir='ltr'><strong>monte</strong></span> <span class='ocrx_word' id='word_1_449' title='bbox 332 3857 438 3911; x_wconf 84' lang='lat' dir='ltr'><strong>hoc</strong></span> <span class='ocrx_word' id='word_1_450' title='bbox 463 3860 679 3912; x_wconf 85' lang='lat' dir='ltr'><strong>saneto.</strong></span> <span class='ocrx_word' id='word_1_451' title='bbox 712 3856 843 3916; x_wconf 85' lang='lat' dir='ltr'><strong>Filii</strong></span> <span class='ocrx_word' id='word_1_452' title='bbox 881 3860 1029 3915; x_wconf 92' lang='lat' dir='ltr'><strong>enim</strong></span> <span class='ocrx_word' id='word_1_453' title='bbox 1060 3860 1234 3917; x_wconf 80' lang='lat' dir='ltr'><strong>vestri</strong></span> <span class='ocrx_word' id='word_1_454' title='bbox 1289 3862 1430 3933; x_wconf 89' lang='lat' dir='ltr'><strong>lapsi</strong></span> <span class='ocrx_word' id='word_1_455' title='bbox 1481 3872 1609 3919; x_wconf 90' lang='lat' dir='ltr'><strong>sunt</strong></span> <span class='ocrx_word' id='word_1_456' title='bbox 1646 3874 1701 3919; x_wconf 91' lang='lat' dir='ltr'><strong>et</strong></span> 
     </span>
    </p>
   </div>
   <div class='ocr_carea' id='block_1_70' title="bbox 1811 3198 3375 3284">
    <p class='ocr_par' dir='ltr' id='par_1_70' title="bbox 1811 3198 3375 3284">
     <span class='ocr_line' id='line_1_70' title="bbox 1811 3198 3375 3284; baseline 0.008 -29"><span class='ocrx_word' id='word_1_457' title='bbox 1811 3202 1951 3257; x_wconf 90' lang='lat' dir='ltr'><strong>idem</strong></span> <span class='ocrx_word' id='word_1_458' title='bbox 1991 3212 2075 3260; x_wconf 90' lang='lat' dir='ltr'><strong>est</strong></span> <span class='ocrx_word' id='word_1_459' title='bbox 2121 3218 2186 3258; x_wconf 87' lang='lat' dir='ltr'><strong>ac</strong></span> <span class='ocrx_word' id='word_1_460' title='bbox 2223 3202 2573 3278; x_wconf 87' lang='lat' dir='ltr'><strong>Barmudab)</strong></span> <span class='ocrx_word' id='word_1_461' title='bbox 2628 3208 2889 3275; x_wconf 89' lang='lat' dir='ltr'><strong>secundo,</strong></span> <span class='ocrx_word' id='word_1_462' title='bbox 2915 3198 3077 3284; x_wconf 74' lang='lat' dir='ltr'><strong>quem</strong></span> <span class='ocrx_word' id='word_1_463' title='bbox 3132 3213 3375 3284; x_wconf 86' lang='lat' dir='ltr'><strong>myrrha,</strong></span> 
     </span>
    </p>
   </div>
   <div class='ocr_carea' id='block_1_71' title="bbox 1810 3295 3379 3375">
    <p class='ocr_par' dir='ltr' id='par_1_71' title="bbox 1810 3295 3379 3375">
     <span class='ocr_line' id='line_1_71' title="bbox 1810 3295 3379 3375; baseline 0.009 -28"><span class='ocrx_word' id='word_1_464' title='bbox 1810 3296 1974 3352; x_wconf 82' lang='lat' dir='ltr'><strong>thure</strong></span> <span class='ocrx_word' id='word_1_465' title='bbox 2020 3306 2075 3350; x_wconf 90' lang='lat' dir='ltr'><strong>et</strong></span> <span class='ocrx_word' id='word_1_466' title='bbox 2113 3296 2294 3351; x_wconf 88' lang='lat' dir='ltr'><strong>cassia</strong></span> <span class='ocrx_word' id='word_1_467' title='bbox 2345 3295 2693 3375; x_wconf 85' lang='lat' dir='ltr'><strong>pollinctum,</strong></span> <span class='ocrx_word' id='word_1_468' title='bbox 2747 3301 2962 3371; x_wconf 88' lang='lat' dir='ltr'><strong>sepeliit</strong></span> <span class='ocrx_word' id='word_1_469' title='bbox 3004 3302 3156 3358; x_wconf 81' lang='lat' dir='ltr'><strong>‘ﬁlius</strong></span> <span class='ocrx_word' id='word_1_470' title='bbox 3202 3304 3379 3375; x_wconf 85' lang='lat' dir='ltr'><strong>ipsius</strong></span> 
     </span>
    </p>
   </div>
   <div class='ocr_carea' id='block_1_72' title="bbox 1804 3372 3376 3467">
    <p class='ocr_par' dir='ltr' id='par_1_72' title="bbox 1804 3372 3376 3467">
     <span class='ocr_line' id='line_1_72' title="bbox 1804 3372 3376 3467; baseline 0.003 -21"><span class='ocrx_word' id='word_1_471' title='bbox 1804 3387 1965 3446; x_wconf 83' lang='lat' dir='ltr'><strong>Jared</strong></span> <span class='ocrx_word' id='word_1_472' title='bbox 1996 3391 2065 3445; x_wconf 87' lang='lat' dir='ltr'><strong>in</strong></span> <span class='ocrx_word' id='word_1_473' title='bbox 2092 3390 2351 3460; x_wconf 88' lang='lat' dir='ltr'><strong>spelunca</strong></span> <span class='ocrx_word' id='word_1_474' title='bbox 2400 3372 2668 3461; x_wconf 55' lang='lat' dir='ltr'><strong>Alcanuz,</strong></span> <span class='ocrx_word' id='word_1_475' title='bbox 2699 3393 2988 3465; x_wconf 85' lang='lat' dir='ltr'><strong>ipsumque</strong></span> <span class='ocrx_word' id='word_1_476' title='bbox 3014 3372 3376 3467; x_wconf 78' lang='lat' dir='ltr'><strong>quadraginta</strong></span> 
     </span>
    </p>
   </div>
   <div class='ocr_carea' id='block_1_73' title="bbox 1806 3479 3378 3551">
    <p class='ocr_par' dir='ltr' id='par_1_73' title="bbox 1806 3479 3378 3551">
     <span class='ocr_line' id='line_1_73' title="bbox 1806 3479 3378 3551; baseline 0.006 -16"><span class='ocrx_word' id='word_1_477' title='bbox 1806 3479 1922 3535; x_wconf 85' lang='lat' dir='ltr'><strong>dies</strong></span> <span class='ocrx_word' id='word_1_478' title='bbox 1946 3480 2292 3551; x_wconf 83' lang='lat' dir='ltr'><strong>planxerunt.</strong></span> <span class='ocrx_word' id='word_1_479' title='bbox 2314 3481 2461 3538; x_wconf 81' lang='lat' dir='ltr'><strong>Vixit</strong></span> <span class='ocrx_word' id='word_1_480' title='bbox 2491 3492 2671 3551; x_wconf 79' lang='lat' dir='ltr'><strong>autem</strong></span> <span class='ocrx_word' id='word_1_481' title='bbox 2707 3484 2979 3543; x_wconf 72' lang='lat' dir='ltr'><strong>Mahlaliei</strong></span> <span class='ocrx_word' id='word_1_482' title='bbox 2999 3502 3177 3543; x_wconf 85' lang='lat' dir='ltr'><strong>annos</strong></span> <span class='ocrx_word' id='word_1_483' title='bbox 3199 3490 3378 3544; x_wconf 86' lang='lat' dir='ltr'><strong>octin-</strong></span> 
     </span>
    </p>
   </div>
   <div class='ocr_carea' id='block_1_74' title="bbox 1804 3574 3398 3647">
    <p class='ocr_par' dir='ltr' id='par_1_74' title="bbox 1804 3574 3398 3647">
     <span class='ocr_line' id='line_1_74' title="bbox 1804 3574 3398 3647; baseline 0.008 -21"><span class='ocrx_word' id='word_1_484' title='bbox 1804 3580 1996 3642; x_wconf 85' lang='lat' dir='ltr'><strong>gentos</strong></span> <span class='ocrx_word' id='word_1_485' title='bbox 2022 3574 2316 3645; x_wconf 89' lang='lat' dir='ltr'><strong>nonaginta</strong></span> <span class='ocrx_word' id='word_1_486' title='bbox 2346 3575 2611 3647; x_wconf 89' lang='lat' dir='ltr'><strong>quinque.</strong></span> <span class='ocrx_word' id='word_1_487' title='bbox 2635 3576 2807 3632; x_wconf 85' lang='lat' dir='ltr'><strong>Porro</strong></span> <span class='ocrx_word' id='word_1_488' title='bbox 2852 3593 2996 3634; x_wconf 87' lang='lat' dir='ltr'><strong>anno</strong></span> <span class='ocrx_word' id='word_1_489' title='bbox 3043 3580 3169 3636; x_wconf 73' lang='lat' dir='ltr'><strong>vita:</strong></span> <span class='ocrx_word' id='word_1_490' title='bbox 3199 3580 3398 3639; x_wconf 85' lang='lat' dir='ltr'><strong>Noahi.</strong></span> 
     </span>
    </p>
   </div>
   <div class='ocr_carea' id='block_1_75' title="bbox 1801 3661 3374 3741">
    <p class='ocr_par' dir='ltr' id='par_1_75' title="bbox 1801 3661 3374 3741">
     <span class='ocr_line' id='line_1_75' title="bbox 1801 3661 3374 3741; baseline 0.01 -27"><span class='ocrx_word' id='word_1_491' title='bbox 1801 3661 1907 3733; x_wconf 69' lang='lat'><strong>32</strong></span> <span class='ocrx_word' id='word_1_492' title='bbox 1953 3663 2296 3741; x_wconf 83' lang='lat' dir='ltr'><strong>sexagesimo</strong></span> <span class='ocrx_word' id='word_1_493' title='bbox 2344 3675 2524 3731; x_wconf 88' lang='lat' dir='ltr'><strong>sexto,</strong></span> <span class='ocrx_word' id='word_1_494' title='bbox 2575 3664 2928 3732; x_wconf 83' lang='lat' dir='ltr'><strong>obiitJared,</strong></span> <span class='ocrx_word' id='word_1_495' title='bbox 2984 3668 3074 3725; x_wconf 88' lang='lat' dir='ltr'><strong>die</strong></span> <span class='ocrx_word' id='word_1_496' title='bbox 3122 3669 3374 3741; x_wconf 81' lang='lat' dir='ltr'><strong>Veneris,</strong></span> 
     </span>
    </p>
   </div>
   <div class='ocr_carea' id='block_1_76' title="bbox 1801 3739 3378 3829">
    <p class='ocr_par' dir='ltr' id='par_1_76' title="bbox 1801 3739 3378 3829">
     <span class='ocr_line' id='line_1_76' title="bbox 1801 3739 3378 3829; baseline 0.004 -18"><span class='ocrx_word' id='word_1_497' title='bbox 1801 3739 2086 3811; x_wconf 85' lang='lat' dir='ltr'><strong>occidente</strong></span> <span class='ocrx_word' id='word_1_498' title='bbox 2128 3755 2265 3822; x_wconf 87' lang='lat' dir='ltr'><strong>sole,</strong></span> <span class='ocrx_word' id='word_1_499' title='bbox 2315 3758 2481 3812; x_wconf 81' lang='lat' dir='ltr'><strong>Adari</strong></span> <span class='ocrx_word' id='word_1_500' title='bbox 2530 3756 2761 3829; x_wconf 88' lang='lat' dir='ltr'><strong>(quiest</strong></span> <span class='ocrx_word' id='word_1_501' title='bbox 2810 3757 3134 3829; x_wconf 80' lang='lat' dir='ltr'><strong>ltormahat)</strong></span> <span class='ocrx_word' id='word_1_502' title='bbox 3164 3739 3378 3818; x_wconf 87' lang='lat' dir='ltr'><strong>decimo</strong></span> 
     </span>
    </p>
   </div>
   <div class='ocr_carea' id='block_1_77' title="bbox 1803 3845 3375 3924">
    <p class='ocr_par' dir='ltr' id='par_1_77' title="bbox 1803 3845 3375 3924">
     <span class='ocr_line' id='line_1_77' title="bbox 1803 3845 3375 3924; baseline 0.006 -25"><span class='ocrx_word' id='word_1_503' title='bbox 1803 3845 1999 3912; x_wconf 87' lang='lat' dir='ltr'><strong>tertio;</strong></span> <span class='ocrx_word' id='word_1_504' title='bbox 2031 3861 2191 3917; x_wconf 89' lang='lat' dir='ltr'><strong>quem</strong></span> <span class='ocrx_word' id='word_1_505' title='bbox 2243 3848 2567 3919; x_wconf 83' lang='lat' dir='ltr'><strong>pollinctum</strong></span> <span class='ocrx_word' id='word_1_506' title='bbox 2611 3850 2970 3919; x_wconf 83' lang='lat' dir='ltr'><strong>sepelierunt,</strong></span> <span class='ocrx_word' id='word_1_507' title='bbox 3024 3851 3165 3907; x_wconf 90' lang='lat' dir='ltr'><strong>ﬁlius</strong></span> <span class='ocrx_word' id='word_1_508' title='bbox 3202 3853 3375 3924; x_wconf 89' lang='lat' dir='ltr'><strong>ipsius</strong></span> 
     </span>
    </p>
   </div>
   <div class='ocr_carea' id='block_1_78' title="bbox 1800 3941 3375 4015">
    <p class='ocr_par' dir='ltr' id='par_1_78' title="bbox 1800 3941 3375 4015">
     <span class='ocr_line' id='line_1_78' title="bbox 1800 3941 3375 4015; baseline 0.006 -19"><span class='ocrx_word' id='word_1_509' title='bbox 1800 3941 2235 4008; x_wconf 79' lang='lat' dir='ltr'><strong>Malhusbalech,</strong></span> <span class='ocrx_word' id='word_1_510' title='bbox 2250 3942 2483 3999; x_wconf 83' lang='lat' dir='ltr'><strong>Lameeh</strong></span> <span class='ocrx_word' id='word_1_511' title='bbox 2497 3955 2552 4000; x_wconf 89' lang='lat' dir='ltr'><strong>et</strong></span> <span class='ocrx_word' id='word_1_512' title='bbox 2568 3943 2815 4012; x_wconf 84' lang='lat' dir='ltr'><strong>Noah,&#39;in</strong></span> <span class='ocrx_word' id='word_1_513' title='bbox 2832 3947 3088 4015; x_wconf 88' lang='lat' dir='ltr'><strong>spelunca</strong></span> <span class='ocrx_word' id='word_1_514' title='bbox 3109 3948 3375 4014; x_wconf 81' lang='lat' dir='ltr'><strong>Alcanuz;</strong></span> 
     </span>
    </p>
   </div>
   <div class='ocr_carea' id='block_1_79' title="bbox 90 3946 2769 4036">
    <p class='ocr_par' dir='ltr' id='par_1_79' title="bbox 90 3946 2769 4036">
     <span class='ocr_line' id='line_1_79' title="bbox 90 3946 2769 4036; baseline 0.005 -37"><span class='ocrx_word' id='word_1_515' title='bbox 90 3946 432 4013; x_wconf 86' lang='lat' dir='ltr'><strong>perierunt.</strong></span> <span class='ocrx_word' id='word_1_516' title='bbox 462 3946 601 4003; x_wconf 81' lang='lat' dir='ltr'><strong>Novi</strong></span> <span class='ocrx_word' id='word_1_517' title='bbox 623 3955 806 4036; x_wconf 78' lang='lat' dir='ltr'><strong>autem</strong></span> <span class='ocrx_word' id='word_1_518' title='bbox 833 3948 1001 4004; x_wconf 77' lang='lat' dir='ltr'><strong>Deum</strong></span> <span class='ocrx_word' id='word_1_519' title='bbox 1028 3948 1304 4036; x_wconf 79' lang='lat' dir='ltr'><strong>potentem</strong></span> <span class='ocrx_word' id='word_1_520' title='bbox 1329 3960 1381 4007; x_wconf 92' lang='lat' dir='ltr'><strong>et</strong></span> <span class='ocrx_word' id='word_1_521' title='bbox 1398 3951 1696 4023; x_wconf 86' lang='lat' dir='ltr'><strong>gloriosum</strong></span> <span class='ocrx_word' id='word_1_522' title='bbox 1720 3956 1729 3961; x_wconf 83' lang='grc'><em>”</em></span> <span class='ocrx_word' id='word_1_523' title='bbox 1800 3946 2483 4036; x_wconf 52' lang='grc' dir='ltr'><strong>μθηιυεδθιθθιιοῐέθωεοὶ)</strong></span> <span class='ocrx_word' id='word_1_524' title='bbox 2497 3946 2769 4036; x_wconf 59' lang='grc' dir='ltr'><strong>θιΝοεΙτίὶ</strong></span> 
     </span>
    </p>
   </div>
   <div class='ocr_carea' id='block_1_80' title="bbox 87 4024 1696 4122">
    <p class='ocr_par' dir='ltr' id='par_1_80' title="bbox 87 4024 1696 4117">
     <span class='ocr_line' id='line_1_80' title="bbox 87 4024 1696 4117; baseline 0.007 -28"><span class='ocrx_word' id='word_1_525' title='bbox 87 4046 209 4093; x_wconf 86' lang='lat' dir='ltr'><strong>non</strong></span> <span class='ocrx_word' id='word_1_526' title='bbox 243 4038 585 4117; x_wconf 82' lang='lat' dir='ltr'><strong>relicturum</strong></span> <span class='ocrx_word' id='word_1_527' title='bbox 615 4055 716 4095; x_wconf 84' lang='lat' dir='ltr'><strong>vos</strong></span> <span class='ocrx_word' id='word_1_528' title='bbox 738 4026 794 4095; x_wconf 85' lang='lat' dir='ltr'><strong>in</strong></span> <span class='ocrx_word' id='word_1_529' title='bbox 833 4040 935 4096; x_wconf 90' lang='lat' dir='ltr'><strong>hoc</strong></span> <span class='ocrx_word' id='word_1_530' title='bbox 970 4024 1400 4111; x_wconf 77' lang='lat' dir='ltr'><strong>montesancto.</strong></span> <span class='ocrx_word' id='word_1_531' title='bbox 1432 4044 1696 4115; x_wconf 86' lang='lat' dir='ltr'><strong>Quisquis</strong></span> 
     </span>
    </p>
   </div>
   <div class='ocr_carea' id='block_1_81' title="bbox 1800 4024 3374 4122">
    <p class='ocr_par' dir='ltr' id='par_1_81' title="bbox 1800 4033 3374 4122">
     <span class='ocr_line' id='line_1_81' title="bbox 1800 4033 3374 4122; baseline 0.005 -34"><span class='ocrx_word' id='word_1_532' title='bbox 1800 4033 2093 4122; x_wconf 80' lang='lat' dir='ltr'><strong>ipsumque</strong></span> <span class='ocrx_word' id='word_1_533' title='bbox 2140 4035 2502 4122; x_wconf 85' lang='lat' dir='ltr'><strong>quadraginta</strong></span> <span class='ocrx_word' id='word_1_534' title='bbox 2552 4037 2670 4117; x_wconf 80' lang='lat' dir='ltr'><strong>dies</strong></span> <span class='ocrx_word' id='word_1_535' title='bbox 2713 4033 3078 4122; x_wconf 79' lang='lat' dir='ltr'><strong>planxerunt;</strong></span> <span class='ocrx_word' id='word_1_536' title='bbox 3127 4040 3374 4111; x_wconf 86' lang='lat' dir='ltr'><strong>vixitque</strong></span> 
     </span>
    </p>
   </div>
   <div class='ocr_carea' id='block_1_82' title="bbox 84 4114 1696 4222">
    <p class='ocr_par' dir='ltr' id='par_1_82' title="bbox 84 4114 1693 4203">
     <span class='ocr_line' id='line_1_82' title="bbox 84 4114 1693 4203; baseline 0.005 -18"><span class='ocrx_word' id='word_1_537' title='bbox 84 4128 230 4199; x_wconf 87' lang='lat' dir='ltr'><strong>ergo</strong></span> <span class='ocrx_word' id='word_1_538' title='bbox 266 4114 533 4203; x_wconf 30' lang='lat' dir='ltr'><strong>vestruin‘</strong></span> <span class='ocrx_word' id='word_1_539' title='bbox 565 4146 631 4187; x_wconf 84' lang='lat' dir='ltr'><strong>ex</strong></span> <span class='ocrx_word' id='word_1_540' title='bbox 666 4132 770 4189; x_wconf 85' lang='lat' dir='ltr'><strong>hoc</strong></span> <span class='ocrx_word' id='word_1_541' title='bbox 810 4134 931 4189; x_wconf 91' lang='lat' dir='ltr'><strong>loco</strong></span> <span class='ocrx_word' id='word_1_542' title='bbox 956 4134 1293 4201; x_wconf 87' lang='lat' dir='ltr'><strong>discesserit,</strong></span> <span class='ocrx_word' id='word_1_543' title='bbox 1328 4132 1479 4193; x_wconf 84' lang='lat' dir='ltr'><strong>tollat</strong></span> <span class='ocrx_word' id='word_1_544' title='bbox 1504 4152 1693 4194; x_wconf 89' lang='lat' dir='ltr'><strong>secum</strong></span> 
     </span>
    </p>
   </div>
   <div class='ocr_carea' id='block_1_83' title="bbox 1800 4114 3374 4222">
    <p class='ocr_par' dir='ltr' id='par_1_83' title="bbox 1800 4114 3374 4201">
     <span class='ocr_line' id='line_1_83' title="bbox 1800 4114 3374 4201; baseline 0.003 -18"><span class='ocrx_word' id='word_1_545' title='bbox 1800 4114 1958 4184; x_wconf 73' lang='lat' dir='ltr'><strong>lared</strong></span> <span class='ocrx_word' id='word_1_546' title='bbox 1990 4141 2165 4183; x_wconf 89' lang='lat' dir='ltr'><strong>annos</strong></span> <span class='ocrx_word' id='word_1_547' title='bbox 2196 4120 2505 4201; x_wconf 73' lang='lat' dir='ltr'><strong>nongentos</strong></span> <span class='ocrx_word' id='word_1_548' title='bbox 2534 4114 2817 4201; x_wconf 80' lang='lat' dir='ltr'><strong>sexaginta</strong></span> <span class='ocrx_word' id='word_1_549' title='bbox 2841 4114 3001 4187; x_wconf 83' lang='lat' dir='ltr'><strong>duos.</strong></span> <span class='ocrx_word' id='word_1_550' title='bbox 3032 4130 3208 4189; x_wconf 89' lang='lat' dir='ltr'><strong>Porro</strong></span> <span class='ocrx_word' id='word_1_551' title='bbox 3229 4149 3374 4189; x_wconf 91' lang='lat' dir='ltr'><strong>anno</strong></span> 
     </span>
    </p>
   </div>
   <div class='ocr_carea' id='block_1_84' title="bbox 80 4219 3375 4299">
    <p class='ocr_par' dir='ltr' id='par_1_84' title="bbox 80 4219 3375 4299">
     <span class='ocr_line' id='line_1_84' title="bbox 80 4219 3375 4299; baseline 0.005 -34"><span class='ocrx_word' id='word_1_552' title='bbox 80 4237 315 4293; x_wconf 67' lang='grc' dir='ltr'><strong>σοι-ρης</strong></span> <span class='ocrx_word' id='word_1_553' title='bbox 348 4220 574 4287; x_wconf 65' lang='grc' dir='ltr'><strong>Αιίδηιί,</strong></span> <span class='ocrx_word' id='word_1_554' title='bbox 601 4239 704 4278; x_wconf 72' lang='lat' dir='ltr'><strong>una</strong></span> <span class='ocrx_word' id='word_1_555' title='bbox 738 4239 862 4293; x_wconf 55' lang='lat' dir='ltr'><strong>cum</strong></span> <span class='ocrx_word' id='word_1_556' title='bbox 892 4226 1267 4285; x_wconf 70' lang='grc' dir='ltr'><strong>οωαιίοηίιιιιε</strong></span> <span class='ocrx_word' id='word_1_557' title='bbox 1310 4228 1455 4295; x_wconf 63' lang='lat' dir='ltr'><strong>mis,</strong></span> <span class='ocrx_word' id='word_1_558' title='bbox 1484 4232 1696 4299; x_wconf 74' lang='lat' dir='ltr'><strong>ipsum-</strong></span> <span class='ocrx_word' id='word_1_559' title='bbox 1795 4219 2585 4292; x_wconf 71' lang='lat' dir='ltr'><strong>vitzeNoahiquingentesimo</strong></span> <span class='ocrx_word' id='word_1_560' title='bbox 2625 4223 2983 4294; x_wconf 87' lang='lat' dir='ltr'><strong>nonagesimo</strong></span> <span class='ocrx_word' id='word_1_561' title='bbox 3004 4223 3198 4293; x_wconf 88' lang='lat' dir='ltr'><strong>quinto</strong></span> <span class='ocrx_word' id='word_1_562' title='bbox 3235 4224 3375 4280; x_wconf 88' lang='lat' dir='ltr'><strong>ohiit</strong></span> 
     </span>
    </p>
   </div>
   <div class='ocr_carea' id='block_1_85' title="bbox 83 4304 3369 4395">
    <p class='ocr_par' dir='ltr' id='par_1_85' title="bbox 83 4304 3369 4395">
     <span class='ocr_line' id='line_1_85' title="bbox 83 4304 3369 4395; baseline -0.001 -27"><span class='ocrx_word' id='word_1_563' title='bbox 83 4329 208 4383; x_wconf 87' lang='lat' dir='ltr'><strong>que</strong></span> <span class='ocrx_word' id='word_1_564' title='bbox 236 4304 459 4369; x_wconf 72' lang='lat' dir='ltr'><strong>&#39;c&#39;ondat</strong></span> <span class='ocrx_word' id='word_1_565' title='bbox 489 4310 801 4395; x_wconf 77' lang='lat' dir='ltr'><strong>ubicunque</strong></span> <span class='ocrx_word' id='word_1_566' title='bbox 828 4315 1029 4372; x_wconf 85' lang='lat' dir='ltr'><strong>dixerit</strong></span> <span class='ocrx_word' id='word_1_567' title='bbox 1053 4317 1158 4391; x_wconf 90' lang='lat' dir='ltr'><strong>ipsi</strong></span> <span class='ocrx_word' id='word_1_568' title='bbox 1184 4318 1467 4395; x_wconf 79' lang='lat' dir='ltr'><strong>Dominus.</strong></span> <span class='ocrx_word' id='word_1_569' title='bbox 1492 4317 1691 4376; x_wconf 87' lang='lat' dir='ltr'><strong>Totum</strong></span> <span class='ocrx_word' id='word_1_570' title='bbox 1796 4322 1950 4383; x_wconf 83' lang='lat' dir='ltr'><strong>pater</strong></span> <span class='ocrx_word' id='word_1_571' title='bbox 1974 4313 2147 4384; x_wconf 83' lang='lat' dir='ltr'><strong>ipsius</strong></span> <span class='ocrx_word' id='word_1_572' title='bbox 2178 4310 2437 4369; x_wconf 86' lang='lat' dir='ltr'><strong>Lamech.</strong></span> <span class='ocrx_word' id='word_1_573' title='bbox 2471 4311 2707 4368; x_wconf 88' lang='lat' dir='ltr'><strong>Lamech</strong></span> <span class='ocrx_word' id='word_1_574' title='bbox 2755 4320 2938 4370; x_wconf 89' lang='lat' dir='ltr'><strong>autem</strong></span> <span class='ocrx_word' id='word_1_575' title='bbox 2972 4320 3098 4369; x_wconf 87' lang='lat' dir='ltr'><strong>ante</strong></span> <span class='ocrx_word' id='word_1_576' title='bbox 3141 4322 3369 4369; x_wconf 85' lang='lat' dir='ltr'><strong>mortem</strong></span> 
     </span>
    </p>
   </div>
   <div class='ocr_carea' id='block_1_86' title="bbox 82 4383 3372 4501">
    <p class='ocr_par' dir='ltr' id='par_1_86' title="bbox 82 4383 3372 4501">
     <span class='ocr_line' id='line_1_86' title="bbox 82 4383 3372 4501; baseline -0.001 -38"><span class='ocrx_word' id='word_1_577' title='bbox 82 4414 288 4463; x_wconf 88' lang='lat' dir='ltr'><strong>autem</strong></span> <span class='ocrx_word' id='word_1_578' title='bbox 319 4405 462 4459; x_wconf 75' lang='lat' dir='ltr'><strong>vitae</strong></span> <span class='ocrx_word' id='word_1_579' title='bbox 506 4383 690 4462; x_wconf 76' lang='lat' dir='ltr'><strong>Jaredi</strong></span> <span class='ocrx_word' id='word_1_580' title='bbox 724 4409 961 4479; x_wconf 86' lang='lat' dir='ltr'><strong>spatium</strong></span> <span class='ocrx_word' id='word_1_581' title='bbox 1015 4383 1285 4466; x_wconf 72' lang='lat' dir='ltr'><strong>annorum</strong></span> <span class='ocrx_word' id='word_1_582' title='bbox 1312 4421 1430 4489; x_wconf 78' lang='lat' dir='ltr'><strong>erat</strong></span> <span class='ocrx_word' id='word_1_583' title='bbox 1447 4426 1693 4484; x_wconf 84' lang='lat' dir='ltr'><strong>nongen-</strong></span> <span class='ocrx_word' id='word_1_584' title='bbox 1725 4465 1767 4501; x_wconf 44' lang='grc' dir='ltr'><strong>,ἱ</strong></span> <span class='ocrx_word' id='word_1_585' title='bbox 1796 4422 1975 4473; x_wconf 90' lang='lat' dir='ltr'><strong>suam,</strong></span> <span class='ocrx_word' id='word_1_586' title='bbox 2002 4406 2193 4494; x_wconf 62' lang='lat' dir='ltr'><strong>Noaho</strong></span> <span class='ocrx_word' id='word_1_587' title='bbox 2224 4405 2335 4461; x_wconf 90' lang='lat' dir='ltr'><strong>ﬁlio</strong></span> <span class='ocrx_word' id='word_1_588' title='bbox 2375 4420 2490 4501; x_wconf 76' lang='lat' dir='ltr'><strong>suo</strong></span> <span class='ocrx_word' id='word_1_589' title='bbox 2524 4405 2813 4501; x_wconf 62' lang='lat' dir='ltr'><strong>accersito,</strong></span> <span class='ocrx_word' id='word_1_590' title='bbox 2854 4406 2994 4461; x_wconf 86' lang='lat' dir='ltr'><strong>dixit</strong></span> <span class='ocrx_word' id='word_1_591' title='bbox 3027 4424 3058 4501; x_wconf 35' lang='grc' dir='ltr'><strong>ε-</strong></span> <span class='ocrx_word' id='word_1_592' title='bbox 3076 4404 3193 4461; x_wconf 82' lang='lat' dir='ltr'><strong>Non</strong></span> <span class='ocrx_word' id='word_1_593' title='bbox 3229 4406 3372 4462; x_wconf 89' lang='lat' dir='ltr'><strong>sinet</strong></span> 
     </span>
    </p>
   </div>
   <div class='ocr_carea' id='block_1_87' title="bbox 79 4491 3369 4576">
    <p class='ocr_par' dir='ltr' id='par_1_87' title="bbox 79 4491 3369 4576">
     <span class='ocr_line' id='line_1_87' title="bbox 79 4491 3369 4576; baseline 0.003 -22"><span class='ocrx_word' id='word_1_594' title='bbox 79 4508 286 4556; x_wconf 85' lang='lat' dir='ltr'><strong>torum</strong></span> <span class='ocrx_word' id='word_1_595' title='bbox 317 4499 611 4571; x_wconf 78' lang='lat' dir='ltr'><strong>sexaginta</strong></span> <span class='ocrx_word' id='word_1_596' title='bbox 653 4491 1164 4576; x_wconf 50' lang='lat' dir='ltr'><strong>dust-ammonetis</strong></span> <span class='ocrx_word' id='word_1_597' title='bbox 1200 4517 1333 4559; x_wconf 89' lang='lat' dir='ltr'><strong>vero</strong></span> <span class='ocrx_word' id='word_1_598' title='bbox 1357 4518 1481 4562; x_wconf 90' lang='lat' dir='ltr'><strong>cum</strong></span> <span class='ocrx_word' id='word_1_599' title='bbox 1511 4518 1692 4559; x_wconf 87' lang='lat' dir='ltr'><strong>auno-</strong></span> <span class='ocrx_word' id='word_1_600' title='bbox 1724 4491 1767 4522; x_wconf 83' lang='lat'>”</span> <span class='ocrx_word' id='word_1_601' title='bbox 1801 4507 1855 4554; x_wconf 81' lang='lat' dir='ltr'><strong>te</strong></span> <span class='ocrx_word' id='word_1_602' title='bbox 1900 4491 2045 4555; x_wconf 78' lang='lat' dir='ltr'><strong>Deus</strong></span> <span class='ocrx_word' id='word_1_603' title='bbox 2091 4503 2306 4567; x_wconf 82' lang='lat' dir='ltr'><strong>potens.</strong></span> <span class='ocrx_word' id='word_1_604' title='bbox 2355 4495 2649 4576; x_wconf 63' lang='lat' dir='ltr'><strong>gloriosus.</strong></span> <span class='ocrx_word' id='word_1_605' title='bbox 2694 4496 2748 4550; x_wconf 83' lang='lat' dir='ltr'><strong>in</strong></span> <span class='ocrx_word' id='word_1_606' title='bbox 2796 4491 2983 4552; x_wconf 67' lang='lat' dir='ltr'><strong>inome</strong></span> <span class='ocrx_word' id='word_1_607' title='bbox 3037 4497 3188 4564; x_wconf 77' lang='lat' dir='ltr'><strong>isto;</strong></span> <span class='ocrx_word' id='word_1_608' title='bbox 3241 4512 3369 4553; x_wconf 87' lang='lat' dir='ltr'><strong>cum</strong></span> 
     </span>
    </p>
   </div>
   <div class='ocr_carea' id='block_1_88' title="bbox 80 4572 3372 4667">
    <p class='ocr_par' dir='ltr' id='par_1_88' title="bbox 80 4572 3372 4667">
     <span class='ocr_line' id='line_1_88' title="bbox 80 4572 3372 4667; baseline -0.001 -17"><span class='ocrx_word' id='word_1_609' title='bbox 80 4610 215 4650; x_wconf 88' lang='lat' dir='ltr'><strong>rum</strong></span> <span class='ocrx_word' id='word_1_610' title='bbox 252 4597 419 4649; x_wconf 84' lang='lat' dir='ltr'><strong>esset</strong></span> <span class='ocrx_word' id='word_1_611' title='bbox 465 4583 715 4666; x_wconf 22' lang='lat' dir='ltr'><strong>centum&quot;</strong></span> <span class='ocrx_word' id='word_1_612' title='bbox 750 4572 1035 4665; x_wconf 79' lang='lat' dir='ltr'><strong>sexaginta</strong></span> <span class='ocrx_word' id='word_1_613' title='bbox 1086 4595 1352 4667; x_wconf 87' lang='lat' dir='ltr'><strong>quinque,</strong></span> <span class='ocrx_word' id='word_1_614' title='bbox 1379 4582 1382 4583; x_wconf 31' lang='grc'><strong><em>⁷</em></strong></span> <span class='ocrx_word' id='word_1_615' title='bbox 1411 4606 1573 4653; x_wconf 86' lang='lat' dir='ltr'><strong>natus</strong></span> <span class='ocrx_word' id='word_1_616' title='bbox 1609 4608 1694 4654; x_wconf 89' lang='lat' dir='ltr'><strong>est</strong></span> <span class='ocrx_word' id='word_1_617' title='bbox 1799 4606 1930 4662; x_wconf 78' lang='lat' dir='ltr'><strong>ergo</strong></span> <span class='ocrx_word' id='word_1_618' title='bbox 1961 4590 2286 4655; x_wconf 70' lang='lat' dir='ltr'><strong>descendes.</strong></span> <span class='ocrx_word' id='word_1_619' title='bbox 2313 4589 2473 4645; x_wconf 68' lang='grc' dir='ltr'><strong>ῑοηθε</strong></span> <span class='ocrx_word' id='word_1_620' title='bbox 2501 4572 2681 4645; x_wconf 62' lang='grc' dir='ltr'><strong>ιθέιιηι</strong></span> <span class='ocrx_word' id='word_1_621' title='bbox 2707 4588 2900 4645; x_wconf 79' lang='lat' dir='ltr'><strong>Adami</strong></span> <span class='ocrx_word' id='word_1_622' title='bbox 2924 4604 3128 4660; x_wconf 86' lang='lat' dir='ltr'><strong>corpus</strong></span> <span class='ocrx_word' id='word_1_623' title='bbox 3152 4604 3372 4660; x_wconf 85' lang='lat' dir='ltr'><strong>unaque</strong></span> 
     </span>
    </p>
   </div>
   <div class='ocr_carea' id='block_1_89' title="bbox 80 4681 3370 4755">
    <p class='ocr_par' dir='ltr' id='par_1_89' title="bbox 80 4681 3370 4755">
     <span class='ocr_line' id='line_1_89' title="bbox 80 4681 3370 4755; baseline 0 -17"><span class='ocrx_word' id='word_1_624' title='bbox 80 4682 567 4749; x_wconf 69' lang='lat' dir='ltr'><strong>Matbnshalecb;</strong></span> <span class='ocrx_word' id='word_1_625' title='bbox 613 4681 868 4755; x_wconf 85' lang='lat' dir='ltr'><strong>annoque</strong></span> <span class='ocrx_word' id='word_1_626' title='bbox 947 4682 1155 4745; x_wconf 85' lang='lat' dir='ltr'><strong>Enochi</strong></span> <span class='ocrx_word' id='word_1_627' title='bbox 1228 4687 1488 4745; x_wconf 84' lang='lat' dir='ltr'><strong>vicesimo</strong></span> <span class='ocrx_word' id='word_1_628' title='bbox 1552 4688 1689 4745; x_wconf 64' lang='lat' dir='ltr'><strong>obiit</strong></span> <span class='ocrx_word' id='word_1_629' title='bbox 1800 4695 1911 4740; x_wconf 84' lang='lat' dir='ltr'><strong>tres</strong></span> <span class='ocrx_word' id='word_1_630' title='bbox 1936 4684 2261 4751; x_wconf 88' lang='lat' dir='ltr'><strong>oblationes,</strong></span> <span class='ocrx_word' id='word_1_631' title='bbox 2292 4682 2499 4739; x_wconf 91' lang='lat' dir='ltr'><strong>scilicet</strong></span> <span class='ocrx_word' id='word_1_632' title='bbox 2530 4697 2750 4748; x_wconf 90' lang='lat' dir='ltr'><strong>aurum,</strong></span> <span class='ocrx_word' id='word_1_633' title='bbox 2800 4683 3104 4755; x_wconf 88' lang='lat' dir='ltr'><strong>myrrham,</strong></span> <span class='ocrx_word' id='word_1_634' title='bbox 3154 4691 3210 4738; x_wconf 92' lang='lat' dir='ltr'><strong>et</strong></span> <span class='ocrx_word' id='word_1_635' title='bbox 3240 4684 3370 4740; x_wconf 89' lang='lat' dir='ltr'><strong>thus</strong></span> 
     </span>
    </p>
   </div>
   <div class='ocr_carea' id='block_1_90' title="bbox 78 4770 1689 4852">
    <p class='ocr_par' dir='ltr' id='par_1_90' title="bbox 78 4770 1689 4852">
     <span class='ocr_line' id='line_1_90' title="bbox 78 4770 1689 4852; baseline 0.001 -17"><span class='ocrx_word' id='word_1_636' title='bbox 78 4778 228 4835; x_wconf 83' lang='lat' dir='ltr'><strong>Seth</strong></span> <span class='ocrx_word' id='word_1_637' title='bbox 257 4778 364 4833; x_wconf 89' lang='lat' dir='ltr'><strong>die</strong></span> <span class='ocrx_word' id='word_1_638' title='bbox 395 4770 608 4841; x_wconf 74' lang='lat' dir='ltr'><strong>Martis,</strong></span> <span class='ocrx_word' id='word_1_639' title='bbox 644 4771 779 4830; x_wconf 83' lang='lat' dir='ltr'><strong>hera</strong></span> <span class='ocrx_word' id='word_1_640' title='bbox 808 4776 915 4831; x_wconf 87' lang='lat' dir='ltr'><strong>diei</strong></span> <span class='ocrx_word' id='word_1_641' title='bbox 944 4774 1118 4852; x_wconf 73' lang='lat' dir='ltr'><strong>uena,</strong></span> <span class='ocrx_word' id='word_1_642' title='bbox 1140 4778 1408 4834; x_wconf 89' lang='lat' dir='ltr'><strong>vicesimo</strong></span> <span class='ocrx_word' id='word_1_643' title='bbox 1452 4770 1689 4851; x_wconf 69' lang='lat' dir='ltr'><strong>septimo</strong></span> 
     </span>
    </p>
   </div>
   <div class='ocr_carea' id='block_1_91' title="bbox 76 4867 1690 4947">
    <p class='ocr_par' dir='ltr' id='par_1_91' title="bbox 76 4867 1690 4947">
     <span class='ocr_line' id='line_1_91' title="bbox 76 4867 1690 4947; baseline 0.001 -20"><span class='ocrx_word' id='word_1_644' title='bbox 76 4870 316 4927; x_wconf 85' lang='lat' dir='ltr'><strong>mensis</strong></span> <span class='ocrx_word' id='word_1_645' title='bbox 379 4867 464 4923; x_wconf 80' lang='lat' dir='ltr'><strong>Ab</strong></span> <span class='ocrx_word' id='word_1_646' title='bbox 508 4868 625 4940; x_wconf 81' lang='lat' dir='ltr'><strong>(qui</strong></span> <span class='ocrx_word' id='word_1_647' title='bbox 670 4876 755 4925; x_wconf 90' lang='lat' dir='ltr'><strong>est</strong></span> <span class='ocrx_word' id='word_1_648' title='bbox 796 4868 1026 4938; x_wconf 78' lang='lat' dir='ltr'><strong>Meshri)</strong></span> <span class='ocrx_word' id='word_1_649' title='bbox 1074 4885 1197 4923; x_wconf 90' lang='lat' dir='ltr'><strong>cum</strong></span> <span class='ocrx_word' id='word_1_650' title='bbox 1245 4871 1471 4947; x_wconf 83' lang='lat' dir='ltr'><strong>vixisset</strong></span> <span class='ocrx_word' id='word_1_651' title='bbox 1519 4888 1690 4928; x_wconf 84' lang='lat' dir='ltr'><strong>annos</strong></span> 
     </span>
    </p>
   </div>
   <div class='ocr_carea' id='block_1_92' title="bbox 75 4960 1691 5043">
    <p class='ocr_par' dir='ltr' id='par_1_92' title="bbox 75 4960 1691 5043">
     <span class='ocr_line' id='line_1_92' title="bbox 75 4960 1691 5043; baseline -0.002 -25"><span class='ocrx_word' id='word_1_652' title='bbox 75 4960 404 5018; x_wconf 81' lang='lat' dir='ltr'><strong>duodecim</strong></span> <span class='ocrx_word' id='word_1_653' title='bbox 423 4960 567 5017; x_wconf 89' lang='lat' dir='ltr'><strong>ultra</strong></span> <span class='ocrx_word' id='word_1_654' title='bbox 590 4966 911 5032; x_wconf 80' lang='lat' dir='ltr'><strong>neugentos,</strong></span> <span class='ocrx_word' id='word_1_655' title='bbox 933 4962 1221 5033; x_wconf 82' lang='lat' dir='ltr'><strong>ipsumque</strong></span> <span class='ocrx_word' id='word_1_656' title='bbox 1239 4963 1480 5034; x_wconf 86' lang='lat' dir='ltr'><strong>myrrha,</strong></span> <span class='ocrx_word' id='word_1_657' title='bbox 1501 4965 1691 5043; x_wconf 73' lang='lat' dir='ltr'><strong>thure,</strong></span> 
     </span>
    </p>
   </div>
   <div class='ocr_carea' id='block_1_93' title="bbox 74 5044 1685 5132">
    <p class='ocr_par' dir='ltr' id='par_1_93' title="bbox 74 5044 1685 5132">
     <span class='ocr_line' id='line_1_93' title="bbox 74 5044 1685 5132; baseline -0.001 -20"><span class='ocrx_word' id='word_1_658' title='bbox 74 5067 135 5112; x_wconf 87' lang='lat' dir='ltr'><strong>et</strong></span> <span class='ocrx_word' id='word_1_659' title='bbox 164 5055 373 5112; x_wconf 83' lang='lat' dir='ltr'><strong>cassia</strong></span> <span class='ocrx_word' id='word_1_660' title='bbox 399 5054 717 5125; x_wconf 87' lang='lat' dir='ltr'><strong>pollinctum</strong></span> <span class='ocrx_word' id='word_1_661' title='bbox 746 5054 958 5123; x_wconf 83' lang='lat' dir='ltr'><strong>sepeliit</strong></span> <span class='ocrx_word' id='word_1_662' title='bbox 999 5044 1144 5132; x_wconf 81' lang='lat' dir='ltr'><strong>ﬁlius</strong></span> <span class='ocrx_word' id='word_1_663' title='bbox 1196 5055 1372 5125; x_wconf 89' lang='lat' dir='ltr'><strong>ipsius</strong></span> <span class='ocrx_word' id='word_1_664' title='bbox 1417 5055 1600 5112; x_wconf 88' lang='lat' dir='ltr'><strong>Enosh</strong></span> <span class='ocrx_word' id='word_1_665' title='bbox 1632 5059 1685 5113; x_wconf 91' lang='lat' dir='ltr'><strong>in</strong></span> 
     </span>
    </p>
   </div>
   <div class='ocr_carea' id='block_1_94' title="bbox 76 5142 1693 5222">
    <p class='ocr_par' dir='ltr' id='par_1_94' title="bbox 76 5142 1693 5222">
     <span class='ocr_line' id='line_1_94' title="bbox 76 5142 1693 5222; baseline 0.001 -18"><span class='ocrx_word' id='word_1_666' title='bbox 76 5149 380 5221; x_wconf 87' lang='lat' dir='ltr'><strong>spelunca</strong></span> <span class='ocrx_word' id='word_1_667' title='bbox 426 5142 669 5202; x_wconf 83' lang='lat' dir='ltr'><strong>Alcanuz</strong></span> <span class='ocrx_word' id='word_1_668' title='bbox 707 5147 861 5217; x_wconf 84' lang='lat' dir='ltr'><strong>juxta</strong></span> <span class='ocrx_word' id='word_1_669' title='bbox 902 5147 1195 5216; x_wconf 80' lang='lat' dir='ltr'><strong>Adamum,</strong></span> <span class='ocrx_word' id='word_1_670' title='bbox 1256 5149 1693 5222; x_wconf 83' lang='lat' dir='ltr'><strong>planxerunlque</strong></span> 
     </span>
    </p>
   </div>
   <div class='ocr_carea' id='block_1_95' title="bbox 74 5238 1693 5313">
    <p class='ocr_par' dir='ltr' id='par_1_95' title="bbox 74 5238 1693 5313">
     <span class='ocr_line' id='line_1_95' title="bbox 74 5238 1693 5313; baseline 0.001 -16"><span class='ocrx_word' id='word_1_671' title='bbox 74 5256 285 5313; x_wconf 78' lang='lat' dir='ltr'><strong>ipsum</strong></span> <span class='ocrx_word' id='word_1_672' title='bbox 356 5238 716 5311; x_wconf 75' lang='lat' dir='ltr'><strong>quadraginta</strong></span> <span class='ocrx_word' id='word_1_673' title='bbox 766 5241 904 5296; x_wconf 86' lang='lat' dir='ltr'><strong>dies.</strong></span> <span class='ocrx_word' id='word_1_674' title='bbox 954 5240 1431 5307; x_wconf 83' lang='lat' dir='ltr'><strong>Mathushaiecho,</strong></span> <span class='ocrx_word' id='word_1_675' title='bbox 1483 5246 1693 5299; x_wconf 81' lang='lat' dir='ltr'><strong>exactis</strong></span> 
     </span>
    </p>
   </div>
   <div class='ocr_carea' id='block_1_96' title="bbox 75 5332 1697 5402">
    <p class='ocr_par' dir='ltr' id='par_1_96' title="bbox 75 5332 1697 5402">
     <span class='ocr_line' id='line_1_96' title="bbox 75 5332 1697 5402; baseline -0.001 -14"><span class='ocrx_word' id='word_1_676' title='bbox 75 5333 267 5388; x_wconf 78' lang='lat' dir='ltr'><strong>annis</strong></span> <span class='ocrx_word' id='word_1_677' title='bbox 312 5341 543 5385; x_wconf 88' lang='lat' dir='ltr'><strong>centum</strong></span> <span class='ocrx_word' id='word_1_678' title='bbox 568 5334 848 5402; x_wconf 78' lang='lat' dir='ltr'><strong>octnginta</strong></span> <span class='ocrx_word' id='word_1_679' title='bbox 873 5340 1107 5402; x_wconf 88' lang='lat' dir='ltr'><strong>septem,</strong></span> <span class='ocrx_word' id='word_1_680' title='bbox 1132 5344 1293 5389; x_wconf 85' lang='lat' dir='ltr'><strong>natus</strong></span> <span class='ocrx_word' id='word_1_681' title='bbox 1323 5339 1406 5389; x_wconf 86' lang='lat' dir='ltr'><strong>est</strong></span> <span class='ocrx_word' id='word_1_682' title='bbox 1426 5332 1697 5400; x_wconf 86' lang='lat' dir='ltr'><strong>Lamech;</strong></span> 
     </span>
    </p>
   </div>
   <div class='ocr_carea' id='block_1_97' title="bbox 70 5411 1691 5491">
    <p class='ocr_par' dir='ltr' id='par_1_97' title="bbox 70 5411 1691 5491">
     <span class='ocr_line' id='line_1_97' title="bbox 70 5411 1691 5491; baseline -0.001 -12"><span class='ocrx_word' id='word_1_683' title='bbox 70 5411 284 5479; x_wconf 74' lang='lat' dir='ltr'><strong>tntum</strong></span> <span class='ocrx_word' id='word_1_684' title='bbox 327 5429 517 5477; x_wconf 85' lang='lat' dir='ltr'><strong>autem</strong></span> <span class='ocrx_word' id='word_1_685' title='bbox 547 5423 694 5491; x_wconf 87' lang='lat' dir='ltr'><strong>quod</strong></span> <span class='ocrx_word' id='word_1_686' title='bbox 727 5423 863 5478; x_wconf 82' lang='lat' dir='ltr'><strong>vixit</strong></span> <span class='ocrx_word' id='word_1_687' title='bbox 915 5425 1328 5480; x_wconf 78' lang='lat' dir='ltr'><strong>Mathushalcch</strong></span> <span class='ocrx_word' id='word_1_688' title='bbox 1376 5426 1504 5481; x_wconf 79' lang='lat' dir='ltr'><strong>anni</strong></span> <span class='ocrx_word' id='word_1_689' title='bbox 1561 5435 1691 5481; x_wconf 86' lang='lat' dir='ltr'><strong>sunt</strong></span> 
     </span>
    </p>
   </div>
   <div class='ocr_carea' id='block_1_98' title="bbox 78 5502 1729 5589">
    <p class='ocr_par' dir='ltr' id='par_1_98' title="bbox 78 5502 1729 5589">
     <span class='ocr_line' id='line_1_98' title="bbox 78 5502 1729 5589; baseline 0.002 -20"><span class='ocrx_word' id='word_1_690' title='bbox 78 5511 387 5584; x_wconf 84' lang='lat' dir='ltr'><strong>nongenti</strong></span> <span class='ocrx_word' id='word_1_691' title='bbox 411 5515 695 5584; x_wconf 80' lang='lat' dir='ltr'><strong>sexaginta</strong></span> <span class='ocrx_word' id='word_1_692' title='bbox 721 5531 938 5570; x_wconf 89' lang='lat' dir='ltr'><strong>novem.</strong></span> <span class='ocrx_word' id='word_1_693' title='bbox 987 5516 1155 5571; x_wconf 79' lang='lat' dir='ltr'><strong>Porro</strong></span> <span class='ocrx_word' id='word_1_694' title='bbox 1181 5502 1325 5570; x_wconf 86' lang='lat' dir='ltr'><strong>anno</strong></span> <span class='ocrx_word' id='word_1_695' title='bbox 1352 5506 1693 5589; x_wconf 72' lang='lat' dir='ltr'><strong>quinquagc-</strong></span> <span class='ocrx_word' id='word_1_696' title='bbox 1724 5566 1729 5572; x_wconf 87' lang='lat'><strong>.</strong></span> 
     </span>
    </p>
   </div>
   <div class='ocr_carea' id='block_1_99' title="bbox 74 5604 1693 5676">
    <p class='ocr_par' dir='ltr' id='par_1_99' title="bbox 74 5604 1693 5676">
     <span class='ocr_line' id='line_1_99' title="bbox 74 5604 1693 5676; baseline 0.001 -13"><span class='ocrx_word' id='word_1_697' title='bbox 74 5607 249 5663; x_wconf 76' lang='lat' dir='ltr'><strong>simo</strong></span> <span class='ocrx_word' id='word_1_698' title='bbox 312 5604 487 5659; x_wconf 80' lang='lat' dir='ltr'><strong>tertio</strong></span> <span class='ocrx_word' id='word_1_699' title='bbox 515 5606 637 5660; x_wconf 79' lang='lat' dir='ltr'><strong>vitae</strong></span> <span class='ocrx_word' id='word_1_700' title='bbox 696 5605 1125 5662; x_wconf 76' lang='lat' dir='ltr'><strong>Mathushaiechi</strong></span> <span class='ocrx_word' id='word_1_701' title='bbox 1169 5607 1302 5663; x_wconf 87' lang='lat' dir='ltr'><strong>obiit</strong></span> <span class='ocrx_word' id='word_1_702' title='bbox 1353 5606 1556 5676; x_wconf 77' lang='lat' dir='ltr'><strong>Et’toslt,</strong></span> <span class='ocrx_word' id='word_1_703' title='bbox 1604 5606 1693 5665; x_wconf 86' lang='lat' dir='ltr'><strong>die</strong></span> 
     </span>
    </p>
   </div>
   <div class='ocr_carea' id='block_1_100' title="bbox 1802 4775 3367 4855">
    <p class='ocr_par' dir='ltr' id='par_1_100' title="bbox 1802 4775 3367 4855">
     <span class='ocr_line' id='line_1_100' title="bbox 1802 4775 3367 4855; baseline -0.001 -24"><span class='ocrx_word' id='word_1_704' title='bbox 1802 4778 2036 4841; x_wconf 83' lang='lat' dir='ltr'><strong>deferas,</strong></span> <span class='ocrx_word' id='word_1_705' title='bbox 2086 4777 2304 4845; x_wconf 90' lang='lat' dir='ltr'><strong>ﬁlioque</strong></span> <span class='ocrx_word' id='word_1_706' title='bbox 2337 4784 2432 4831; x_wconf 93' lang='lat' dir='ltr'><strong>tuo</strong></span> <span class='ocrx_word' id='word_1_707' title='bbox 2465 4775 2699 4845; x_wconf 66' lang='lat' dir='ltr'><strong>praecipe</strong></span> <span class='ocrx_word' id='word_1_708' title='bbox 2731 4782 2791 4830; x_wconf 90' lang='lat' dir='ltr'><strong>ut</strong></span> <span class='ocrx_word' id='word_1_709' title='bbox 2841 4790 2968 4829; x_wconf 89' lang='lat' dir='ltr'><strong>mox</strong></span> <span class='ocrx_word' id='word_1_710' title='bbox 3011 4789 3041 4829; x_wconf 90' lang='lat' dir='ltr'><strong>a</strong></span> <span class='ocrx_word' id='word_1_711' title='bbox 3070 4777 3247 4855; x_wconf 70' lang='lat' dir='ltr'><strong>mort&#39;e</strong></span> <span class='ocrx_word' id='word_1_712' title='bbox 3276 4784 3367 4832; x_wconf 90' lang='lat' dir='ltr'><strong>tua</strong></span> 
     </span>
    </p>
   </div>
   <div class='ocr_carea' id='block_1_101' title="bbox 1801 4853 3365 4937">
    <p class='ocr_par' dir='ltr' id='par_1_101' title="bbox 1801 4853 3365 4937">
     <span class='ocr_line' id='line_1_101' title="bbox 1801 4853 3365 4937; baseline 0 -15"><span class='ocrx_word' id='word_1_713' title='bbox 1801 4883 2004 4937; x_wconf 90' lang='lat' dir='ltr'><strong>corpus</strong></span> <span class='ocrx_word' id='word_1_714' title='bbox 2054 4866 2243 4921; x_wconf 81' lang='lat' dir='ltr'><strong>Adami</strong></span> <span class='ocrx_word' id='word_1_715' title='bbox 2302 4865 2574 4921; x_wconf 91' lang='lat' dir='ltr'><strong>sublatum</strong></span> <span class='ocrx_word' id='word_1_716' title='bbox 2629 4865 2684 4919; x_wconf 93' lang='lat' dir='ltr'><strong>in</strong></span> <span class='ocrx_word' id='word_1_717' title='bbox 2742 4864 2920 4922; x_wconf 89' lang='lat' dir='ltr'><strong>medio</strong></span> <span class='ocrx_word' id='word_1_718' title='bbox 2974 4853 3365 4937; x_wconf 59' lang='lat' dir='ltr'><strong>terraf’ponat,</strong></span> 
     </span>
    </p>
   </div>
   <div class='ocr_carea' id='block_1_102' title="bbox 1802 4956 3362 5028">
    <p class='ocr_par' dir='ltr' id='par_1_102' title="bbox 1802 4956 3362 5028">
     <span class='ocr_line' id='line_1_102' title="bbox 1802 4956 3362 5028; baseline 0 -14"><span class='ocrx_word' id='word_1_719' title='bbox 1802 4962 1983 5028; x_wconf 88' lang='lat' dir='ltr'><strong>ibique</strong></span> <span class='ocrx_word' id='word_1_720' title='bbox 2018 4961 2083 5014; x_wconf 87' lang='lat' dir='ltr'><strong>ad</strong></span> <span class='ocrx_word' id='word_1_721' title='bbox 2116 4958 2463 5014; x_wconf 74' lang='lat' dir='ltr'><strong>serviendum</strong></span> <span class='ocrx_word' id='word_1_722' title='bbox 2500 4972 2530 5012; x_wconf 92' lang='lat' dir='ltr'><strong>e</strong></span> <span class='ocrx_word' id='word_1_723' title='bbox 2565 4956 2691 5013; x_wconf 87' lang='lat' dir='ltr'><strong>ﬁliis</strong></span> <span class='ocrx_word' id='word_1_724' title='bbox 2739 4956 2856 5013; x_wconf 89' lang='lat' dir='ltr'><strong>suis</strong></span> <span class='ocrx_word' id='word_1_725' title='bbox 2898 4957 3188 5028; x_wconf 86' lang='lat' dir='ltr'><strong>quemdam</strong></span> <span class='ocrx_word' id='word_1_726' title='bbox 3229 4976 3362 5014; x_wconf 84' lang='lat' dir='ltr'><strong>cou-</strong></span> 
     </span>
    </p>
   </div>
   <div class='ocr_carea' id='block_1_103' title="bbox 1801 5048 3362 5122">
    <p class='ocr_par' dir='ltr' id='par_1_103' title="bbox 1801 5048 3362 5122">
     <span class='ocr_line' id='line_1_103' title="bbox 1801 5048 3362 5122; baseline -0.004 -14"><span class='ocrx_word' id='word_1_727' title='bbox 1801 5053 2010 5115; x_wconf 87' lang='lat' dir='ltr'><strong>stituat,</strong></span> <span class='ocrx_word' id='word_1_728' title='bbox 2040 5049 2133 5122; x_wconf 89' lang='lat' dir='ltr'><strong>qui</strong></span> <span class='ocrx_word' id='word_1_729' title='bbox 2161 5050 2236 5106; x_wconf 87' lang='lat' dir='ltr'><strong>sit</strong></span> <span class='ocrx_word' id='word_1_730' title='bbox 2269 5064 2367 5120; x_wconf 89' lang='lat' dir='ltr'><strong>per</strong></span> <span class='ocrx_word' id='word_1_731' title='bbox 2412 5057 2583 5103; x_wconf 91' lang='lat' dir='ltr'><strong>totam</strong></span> <span class='ocrx_word' id='word_1_732' title='bbox 2626 5048 2796 5104; x_wconf 75' lang='lat' dir='ltr'><strong>vitam</strong></span> <span class='ocrx_word' id='word_1_733' title='bbox 2850 5061 3007 5103; x_wconf 88' lang='lat' dir='ltr'><strong>suam</strong></span> <span class='ocrx_word' id='word_1_734' title='bbox 3054 5049 3362 5119; x_wconf 84' lang='lat' dir='ltr'><strong>religiosus,</strong></span> 
     </span>
    </p>
   </div>
   <div class='ocr_carea' id='block_1_104' title="bbox 1798 5139 3364 5213">
    <p class='ocr_par' dir='ltr' id='par_1_104' title="bbox 1798 5139 3364 5213">
     <span class='ocr_line' id='line_1_104' title="bbox 1798 5139 3364 5213; baseline -0.005 -12"><span class='ocrx_word' id='word_1_735' title='bbox 1798 5144 2013 5205; x_wconf 67' lang='lat' dir='ltr'><strong>czeiebs,</strong></span> <span class='ocrx_word' id='word_1_736' title='bbox 2053 5142 2229 5213; x_wconf 86' lang='lat' dir='ltr'><strong>neque</strong></span> <span class='ocrx_word' id='word_1_737' title='bbox 2255 5142 2578 5210; x_wconf 88' lang='lat' dir='ltr'><strong>sanguinem</strong></span> <span class='ocrx_word' id='word_1_738' title='bbox 2622 5139 2833 5205; x_wconf 83' lang='lat' dir='ltr'><strong>fundat,</strong></span> <span class='ocrx_word' id='word_1_739' title='bbox 2889 5154 3066 5210; x_wconf 88' lang='lat' dir='ltr'><strong>neque</strong></span> <span class='ocrx_word' id='word_1_740' title='bbox 3111 5141 3164 5195; x_wconf 91' lang='lat' dir='ltr'><strong>in</strong></span> <span class='ocrx_word' id='word_1_741' title='bbox 3193 5140 3364 5208; x_wconf 84' lang='lat' dir='ltr'><strong>sacri-</strong></span> 
     </span>
    </p>
   </div>
   <div class='ocr_carea' id='block_1_105' title="bbox 1798 5229 3361 5300">
    <p class='ocr_par' dir='ltr' id='par_1_105' title="bbox 1798 5229 3361 5300">
     <span class='ocr_line' id='line_1_105' title="bbox 1798 5229 3361 5300; baseline -0.004 -10"><span class='ocrx_word' id='word_1_742' title='bbox 1798 5235 1980 5290; x_wconf 87' lang='lat' dir='ltr'><strong>ﬁcium</strong></span> <span class='ocrx_word' id='word_1_743' title='bbox 2010 5233 2198 5289; x_wconf 85' lang='lat' dir='ltr'><strong>oﬁ‘erat</strong></span> <span class='ocrx_word' id='word_1_744' title='bbox 2238 5234 2323 5287; x_wconf 90' lang='lat' dir='ltr'><strong>vel</strong></span> <span class='ocrx_word' id='word_1_745' title='bbox 2354 5231 2632 5288; x_wconf 78' lang='lat' dir='ltr'><strong>volucrem</strong></span> <span class='ocrx_word' id='word_1_746' title='bbox 2665 5231 2748 5285; x_wconf 91' lang='lat' dir='ltr'><strong>vel</strong></span> <span class='ocrx_word' id='word_1_747' title='bbox 2800 5229 2991 5294; x_wconf 82' lang='lat' dir='ltr'><strong>feram,</strong></span> <span class='ocrx_word' id='word_1_748' title='bbox 3039 5231 3135 5286; x_wconf 90' lang='lat' dir='ltr'><strong>sed</strong></span> <span class='ocrx_word' id='word_1_749' title='bbox 3168 5245 3361 5300; x_wconf 87' lang='lat' dir='ltr'><strong>panem</strong></span> 
     </span>
    </p>
   </div>
   <div class='ocr_carea' id='block_1_106' title="bbox 1799 5316 3360 5390">
    <p class='ocr_par' dir='ltr' id='par_1_106' title="bbox 1799 5316 3360 5390">
     <span class='ocr_line' id='line_1_106' title="bbox 1799 5316 3360 5390; baseline -0.004 -10"><span class='ocrx_word' id='word_1_750' title='bbox 1799 5334 2008 5380; x_wconf 86' lang='lat' dir='ltr'><strong>tantum</strong></span> <span class='ocrx_word' id='word_1_751' title='bbox 2039 5332 2094 5377; x_wconf 91' lang='lat' dir='ltr'><strong>et</strong></span> <span class='ocrx_word' id='word_1_752' title='bbox 2120 5322 2340 5386; x_wconf 89' lang='lat' dir='ltr'><strong>vinum;</strong></span> <span class='ocrx_word' id='word_1_753' title='bbox 2369 5318 2622 5390; x_wconf 88' lang='lat' dir='ltr'><strong>quoniam</strong></span> <span class='ocrx_word' id='word_1_754' title='bbox 2657 5317 2724 5372; x_wconf 81' lang='lat' dir='ltr'><strong>ab</strong></span> <span class='ocrx_word' id='word_1_755' title='bbox 2747 5316 2854 5373; x_wconf 91' lang='lat' dir='ltr'><strong>isto</strong></span> <span class='ocrx_word' id='word_1_756' title='bbox 2886 5318 3004 5372; x_wconf 91' lang='lat' dir='ltr'><strong>loco</strong></span> <span class='ocrx_word' id='word_1_757' title='bbox 3038 5317 3141 5373; x_wconf 86' lang='lat' dir='ltr'><strong>erit</strong></span> <span class='ocrx_word' id='word_1_758' title='bbox 3168 5318 3360 5373; x_wconf 85' lang='lat' dir='ltr'><strong>Adami</strong></span> 
     </span>
    </p>
   </div>
   <div class='ocr_carea' id='block_1_107' title="bbox 1796 5390 3361 5485">
    <p class='ocr_par' dir='ltr' id='par_1_107' title="bbox 1796 5390 3361 5485">
     <span class='ocr_line' id='line_1_107' title="bbox 1796 5390 3361 5485; baseline -0.006 -10"><span class='ocrx_word' id='word_1_759' title='bbox 1796 5420 1981 5485; x_wconf 84' lang='lat' dir='ltr'><strong>salus;</strong></span> <span class='ocrx_word' id='word_1_760' title='bbox 2036 5416 2403 5484; x_wconf 88' lang='lat' dir='ltr'><strong>iuduaturque</strong></span> <span class='ocrx_word' id='word_1_761' title='bbox 2462 5390 2696 5482; x_wconf 81' lang='lat' dir='ltr'><strong>pellibus</strong></span> <span class='ocrx_word' id='word_1_762' title='bbox 2752 5406 2977 5472; x_wconf 78' lang='lat' dir='ltr'><strong>ferinis,</strong></span> <span class='ocrx_word' id='word_1_763' title='bbox 3030 5424 3132 5464; x_wconf 89' lang='lat' dir='ltr'><strong>nec</strong></span> <span class='ocrx_word' id='word_1_764' title='bbox 3178 5410 3361 5480; x_wconf 78' lang='lat' dir='ltr'><strong>crines</strong></span> 
     </span>
    </p>
   </div>
   <div class='ocr_carea' id='block_1_108' title="bbox 1798 5503 3357 5580">
    <p class='ocr_par' dir='ltr' id='par_1_108' title="bbox 1798 5503 3357 5580">
     <span class='ocr_line' id='line_1_108' title="bbox 1798 5503 3357 5580; baseline -0.008 -12"><span class='ocrx_word' id='word_1_765' title='bbox 1798 5512 1976 5575; x_wconf 84' lang='lat' dir='ltr'><strong>radat,</strong></span> <span class='ocrx_word' id='word_1_766' title='bbox 2014 5526 2113 5566; x_wconf 88' lang='lat' dir='ltr'><strong>nec</strong></span> <span class='ocrx_word' id='word_1_767' title='bbox 2146 5523 2356 5580; x_wconf 76' lang='lat' dir='ltr'><strong>ungues</strong></span> <span class='ocrx_word' id='word_1_768' title='bbox 2385 5513 2671 5576; x_wconf 72' lang='lat' dir='ltr'><strong>prmsecet,</strong></span> <span class='ocrx_word' id='word_1_769' title='bbox 2706 5503 2963 5571; x_wconf 87' lang='lat' dir='ltr'><strong>solusque</strong></span> <span class='ocrx_word' id='word_1_770' title='bbox 2994 5509 3307 5572; x_wconf 81' lang='lat' dir='ltr'><strong>permaneat</strong></span> <span class='ocrx_word' id='word_1_771' title='bbox 3340 5518 3357 5556; x_wconf 93' lang='lat'><strong>:</strong></span> 
     </span>
    </p>
   </div>
   <div class='ocr_carea' id='block_1_109' title="bbox 1800 5586 3359 5659">
    <p class='ocr_par' dir='ltr' id='par_1_109' title="bbox 1800 5586 3359 5659">
     <span class='ocr_line' id='line_1_109' title="bbox 1800 5586 3359 5659; baseline -0.012 0"><span class='ocrx_word' id='word_1_772' title='bbox 1800 5599 2088 5659; x_wconf 83' lang='lat' dir='ltr'><strong>vocabitur</strong></span> <span class='ocrx_word' id='word_1_773' title='bbox 2111 5599 2254 5655; x_wconf 86' lang='lat' dir='ltr'><strong>cn‘im</strong></span> <span class='ocrx_word' id='word_1_774' title='bbox 2292 5593 2549 5652; x_wconf 86' lang='lat' dir='ltr'><strong>sacerdos</strong></span> <span class='ocrx_word' id='word_1_775' title='bbox 2580 5591 2824 5659; x_wconf 87' lang='lat' dir='ltr'><strong>Domini;</strong></span> <span class='ocrx_word' id='word_1_776' title='bbox 2868 5592 3103 5646; x_wconf 88' lang='lat' dir='ltr'><strong>innucus</strong></span> <span class='ocrx_word' id='word_1_777' title='bbox 3138 5586 3359 5643; x_wconf 77' lang='lat' dir='ltr'><strong>Melchi-</strong></span> 
     </span>
    </p>
   </div>
   <div class='ocr_carea' id='block_1_110' title="bbox 166 5777 573 5846">
    <p class='ocr_par' dir='ltr' id='par_1_110' title="bbox 166 5777 573 5846">
     <span class='ocr_line' id='line_1_110' title="bbox 166 5777 573 5846; baseline 0 -10"><span class='ocrx_word' id='word_1_778' title='bbox 166 5787 184 5814; x_wconf 81' lang='grc'>³</span> <span class='ocrx_word' id='word_1_779' title='bbox 224 5777 392 5836; x_wconf 85' lang='lat' dir='ltr'><strong>Gen.</strong></span> <span class='ocrx_word' id='word_1_780' title='bbox 422 5782 573 5846; x_wconf 57' lang='lat' dir='ltr'><strong>vni.</strong></span> 
     </span>
    </p>
   </div>
  </div>
