  <div class='ocr_page' id='page_1' title='image "/cluster/home/n/w/nwhite01/storage/ocr_20150623/100/hvd.32044010574994/1373.png"; bbox 0 0 3950 6348; ppageno 0'>
   <div class='ocr_carea' id='block_1_1' title="bbox 596 311 699 374">
    <p class='ocr_par' dir='ltr' id='par_1_1' title="bbox 596 311 699 374">
     <span class='ocr_line' id='line_1_1' title="bbox 596 311 699 374; baseline 0.019 -2"><span class='ocrx_word' id='word_1_1' title='bbox 596 311 699 374; x_wconf 80' lang='grc'><strong>915</strong></span> 
     </span>
    </p>
   </div>
   <div class='ocr_carea' id='block_1_2' title="bbox 1641 311 2828 412">
    <p class='ocr_par' dir='ltr' id='par_1_2' title="bbox 1641 311 2828 412">
     <span class='ocr_line' id='line_1_2' title="bbox 1641 311 2828 412; baseline 0.003 -38"><span class='ocrx_word' id='word_1_2' title='bbox 1641 315 2004 376; x_wconf 75' lang='lat' dir='ltr'><strong>EUTYCIIII</strong></span> <span class='ocrx_word' id='word_1_3' title='bbox 2039 315 2570 412; x_wconf 59' lang='lat' dir='ltr'><strong>.AIIEXANDRINI</strong></span> <span class='ocrx_word' id='word_1_4' title='bbox 2612 311 2828 376; x_wconf 68' lang='lat' dir='ltr'><strong>PA&#39;I‘R.</strong></span> 
     </span>
    </p>
   </div>
   <div class='ocr_carea' id='block_1_3' title="bbox 3687 317 3755 383">
    <p class='ocr_par' dir='ltr' id='par_1_3' title="bbox 3687 317 3755 383">
     <span class='ocr_line' id='line_1_3' title="bbox 3687 317 3755 383; baseline 0 0"><span class='ocrx_word' id='word_1_5' title='bbox 3687 317 3755 383; x_wconf 72' lang='lat'><strong>916</strong></span> 
     </span>
    </p>
   </div>
   <div class='ocr_carea' id='block_1_4' title="bbox 589 423 3758 508">
    <p class='ocr_par' dir='ltr' id='par_1_4' title="bbox 589 423 3758 508">
     <span class='ocr_line' id='line_1_4' title="bbox 589 423 3758 508; baseline 0.003 -34"><span class='ocrx_word' id='word_1_6' title='bbox 589 425 903 477; x_wconf 61' lang='lat' dir='ltr'><strong>sedet-lium.</strong></span> <span class='ocrx_word' id='word_1_7' title='bbox 950 424 1082 479; x_wconf 89' lang='lat' dir='ltr'><strong>Cum</strong></span> <span class='ocrx_word' id='word_1_8' title='bbox 1131 441 1257 494; x_wconf 81' lang='lat' dir='ltr'><strong>ergo</strong></span> <span class='ocrx_word' id='word_1_9' title='bbox 1308 427 1653 497; x_wconf 70' lang='lat' dir='ltr'><strong>prrccepisset</strong></span> <span class='ocrx_word' id='word_1_10' title='bbox 1684 425 1859 494; x_wconf 85' lang='lat' dir='ltr'><strong>(ista)</strong></span> <span class='ocrx_word' id='word_1_11' title='bbox 1917 423 2146 478; x_wconf 87' lang='lat' dir='ltr'><strong>Lamech</strong></span> <span class='ocrx_word' id='word_1_12' title='bbox 2181 456 2221 508; x_wconf 63' lang='grc' dir='ltr'><strong>Α</strong></span> <span class='ocrx_word' id='word_1_13' title='bbox 2251 426 2458 490; x_wconf 88' lang='lat' dir='ltr'><strong>cribus,</strong></span> <span class='ocrx_word' id='word_1_14' title='bbox 2495 426 2645 483; x_wconf 74' lang='lat' dir='ltr'><strong>feris.</strong></span> <span class='ocrx_word' id='word_1_15' title='bbox 2681 428 2988 490; x_wconf 75' lang='lat' dir='ltr'><strong>reptilibus,</strong></span> <span class='ocrx_word' id='word_1_16' title='bbox 3035 430 3256 486; x_wconf 69' lang='lat' dir='ltr'><strong>dicens:</strong></span> <span class='ocrx_word' id='word_1_17' title='bbox 3287 433 3758 489; x_wconf 79' lang='lat' dir='ltr'><strong>Introdttcasteeum</strong></span> 
     </span>
    </p>
   </div>
   <div class='ocr_carea' id='block_1_5' title="bbox 595 510 2151 579">
    <p class='ocr_par' dir='ltr' id='par_1_5' title="bbox 595 510 2151 579">
     <span class='ocr_line' id='line_1_5' title="bbox 595 510 2151 579; baseline -0.001 -10"><span class='ocrx_word' id='word_1_18' title='bbox 595 516 706 569; x_wconf 88' lang='lat' dir='ltr'><strong>filio</strong></span> <span class='ocrx_word' id='word_1_19' title='bbox 731 531 830 569; x_wconf 90' lang='lat' dir='ltr'><strong>suo</strong></span> <span class='ocrx_word' id='word_1_20' title='bbox 862 514 1042 569; x_wconf 80' lang='lat' dir='ltr'><strong>Nolina</strong></span> <span class='ocrx_word' id='word_1_21' title='bbox 1061 556 1074 579; x_wconf 92' lang='lat'><strong>,</strong></span> <span class='ocrx_word' id='word_1_22' title='bbox 1107 525 1355 570; x_wconf 89' lang='lat' dir='ltr'><strong>mortuus</strong></span> <span class='ocrx_word' id='word_1_23' title='bbox 1384 527 1487 578; x_wconf 84' lang='lat' dir='ltr'><strong>est,</strong></span> <span class='ocrx_word' id='word_1_24' title='bbox 1507 517 1592 568; x_wconf 89' lang='lat' dir='ltr'><strong>die</strong></span> <span class='ocrx_word' id='word_1_25' title='bbox 1625 510 1904 569; x_wconf 89' lang='lat' dir='ltr'><strong>Dominico</strong></span> <span class='ocrx_word' id='word_1_26' title='bbox 1927 515 2028 568; x_wconf 88' lang='lat' dir='ltr'><strong>sub</strong></span> <span class='ocrx_word' id='word_1_27' title='bbox 2057 530 2151 567; x_wconf 78' lang='lat' dir='ltr'><strong>oc-</strong></span> 
     </span>
    </p>
   </div>
   <div class='ocr_carea' id='block_1_6' title="bbox 591 604 2150 675">
    <p class='ocr_par' dir='ltr' id='par_1_6' title="bbox 591 604 2150 675">
     <span class='ocr_line' id='line_1_6' title="bbox 591 604 2150 675; baseline -0.002 -14"><span class='ocrx_word' id='word_1_28' title='bbox 591 620 778 661; x_wconf 80' lang='lat' dir='ltr'><strong>casum</strong></span> <span class='ocrx_word' id='word_1_29' title='bbox 829 606 992 669; x_wconf 58' lang='lat' dir='ltr'><strong>solis;</strong></span> <span class='ocrx_word' id='word_1_30' title='bbox 1046 607 1205 659; x_wconf 85' lang='lat' dir='ltr'><strong>Adari</strong></span> <span class='ocrx_word' id='word_1_31' title='bbox 1263 607 1375 675; x_wconf 89' lang='lat' dir='ltr'><strong>(qui</strong></span> <span class='ocrx_word' id='word_1_32' title='bbox 1429 618 1515 661; x_wconf 88' lang='lat' dir='ltr'><strong>est</strong></span> <span class='ocrx_word' id='word_1_33' title='bbox 1570 606 1880 673; x_wconf 82' lang='lat' dir='ltr'><strong>Bormaliat)</strong></span> <span class='ocrx_word' id='word_1_34' title='bbox 1935 604 2150 659; x_wconf 84' lang='lat' dir='ltr'><strong>decimo</strong></span> 
     </span>
    </p>
   </div>
   <div class='ocr_carea' id='block_1_7' title="bbox 590 695 2150 766">
    <p class='ocr_par' dir='ltr' id='par_1_7' title="bbox 590 695 2150 766">
     <span class='ocr_line' id='line_1_7' title="bbox 590 695 2150 766; baseline -0.001 -15"><span class='ocrx_word' id='word_1_35' title='bbox 590 713 770 763; x_wconf 89' lang='lat' dir='ltr'><strong>nono;</strong></span> <span class='ocrx_word' id='word_1_36' title='bbox 825 699 1110 765; x_wconf 79' lang='lat' dir='ltr'><strong>ipsumque</strong></span> <span class='ocrx_word' id='word_1_37' title='bbox 1157 699 1476 766; x_wconf 76' lang='lat' dir='ltr'><strong>pollinctum</strong></span> <span class='ocrx_word' id='word_1_38' title='bbox 1508 699 1719 766; x_wconf 85' lang='lat' dir='ltr'><strong>sepeliit</strong></span> <span class='ocrx_word' id='word_1_39' title='bbox 1762 695 1910 751; x_wconf 78' lang='lat' dir='ltr'><strong>Noa-h</strong></span> <span class='ocrx_word' id='word_1_40' title='bbox 1943 697 1994 748; x_wconf 88' lang='lat' dir='ltr'><strong>in</strong></span> <span class='ocrx_word' id='word_1_41' title='bbox 2028 712 2150 764; x_wconf 89' lang='lat' dir='ltr'><strong>spe-</strong></span> 
     </span>
    </p>
   </div>
   <div class='ocr_carea' id='block_1_8' title="bbox 591 789 2149 864">
    <p class='ocr_par' dir='ltr' id='par_1_8' title="bbox 591 789 2149 864">
     <span class='ocr_line' id='line_1_8' title="bbox 591 789 2149 864; baseline -0.001 -22"><span class='ocrx_word' id='word_1_42' title='bbox 591 792 750 844; x_wconf 84' lang='lat' dir='ltr'><strong>lunca</strong></span> <span class='ocrx_word' id='word_1_43' title='bbox 779 790 1038 853; x_wconf 84' lang='lat' dir='ltr'><strong>Alcannz,</strong></span> <span class='ocrx_word' id='word_1_44' title='bbox 1072 789 1503 864; x_wconf 78' lang='lat' dir='ltr'><strong>planxeruntque</strong></span> <span class='ocrx_word' id='word_1_45' title='bbox 1525 793 1701 860; x_wconf 88' lang='lat' dir='ltr'><strong>ipsum</strong></span> <span class='ocrx_word' id='word_1_46' title='bbox 1754 791 1870 844; x_wconf 87' lang='lat' dir='ltr'><strong>dies</strong></span> <span class='ocrx_word' id='word_1_47' title='bbox 1912 790 2149 857; x_wconf 80' lang='lat' dir='ltr'><strong>quadra-</strong></span> 
     </span>
    </p>
   </div>
   <div class='ocr_carea' id='block_1_9' title="bbox 591 872 2146 951">
    <p class='ocr_par' dir='ltr' id='par_1_9' title="bbox 591 872 2146 951">
     <span class='ocr_line' id='line_1_9' title="bbox 591 872 2146 951; baseline -0.003 -17"><span class='ocrx_word' id='word_1_48' title='bbox 591 884 759 949; x_wconf 73' lang='lat' dir='ltr'><strong>ginta.</strong></span> <span class='ocrx_word' id='word_1_49' title='bbox 797 881 900 950; x_wconf 80' lang='lat'><strong>33</strong></span> <span class='ocrx_word' id='word_1_50' title='bbox 931 873 1036 951; x_wconf 79' lang='lat'><strong>35</strong></span> <span class='ocrx_word' id='word_1_51' title='bbox 1059 872 1186 934; x_wconf 78' lang='lat' dir='ltr'><strong>Fuit</strong></span> <span class='ocrx_word' id='word_1_52' title='bbox 1220 889 1402 933; x_wconf 85' lang='lat' dir='ltr'><strong>autem</strong></span> <span class='ocrx_word' id='word_1_53' title='bbox 1432 882 1540 934; x_wconf 86' lang='lat' dir='ltr'><strong>vita</strong></span> <span class='ocrx_word' id='word_1_54' title='bbox 1585 877 1834 933; x_wconf 81' lang='lat' dir='ltr'><strong>Lameolii</strong></span> <span class='ocrx_word' id='word_1_55' title='bbox 1877 892 2146 931; x_wconf 88' lang='lat' dir='ltr'><strong>annorum</strong></span> 
     </span>
    </p>
   </div>
   <div class='ocr_carea' id='block_1_10' title="bbox 590 972 2147 1043">
    <p class='ocr_par' dir='ltr' id='par_1_10' title="bbox 590 972 2147 1043">
     <span class='ocr_line' id='line_1_10' title="bbox 590 972 2147 1043; baseline -0.003 -15"><span class='ocrx_word' id='word_1_56' title='bbox 590 974 1058 1043; x_wconf 80' lang='lat' dir='ltr'><strong>Septingentorum</strong></span> <span class='ocrx_word' id='word_1_57' title='bbox 1099 976 1441 1042; x_wconf 86' lang='lat' dir='ltr'><strong>septuaginta</strong></span> <span class='ocrx_word' id='word_1_58' title='bbox 1494 985 1723 1039; x_wconf 85' lang='lat' dir='ltr'><strong>septem.</strong></span> <span class='ocrx_word' id='word_1_59' title='bbox 1773 972 1940 1022; x_wconf 82' lang='lat' dir='ltr'><strong>Porro</strong></span> <span class='ocrx_word' id='word_1_60' title='bbox 2002 985 2147 1024; x_wconf 86' lang='lat' dir='ltr'><strong>anno</strong></span> 
     </span>
    </p>
   </div>
   <div class='ocr_carea' id='block_1_11' title="bbox 589 1051 2148 1127">
    <p class='ocr_par' dir='ltr' id='par_1_11' title="bbox 589 1051 2148 1127">
     <span class='ocr_line' id='line_1_11' title="bbox 589 1051 2148 1127; baseline -0.001 -11"><span class='ocrx_word' id='word_1_61' title='bbox 589 1051 716 1121; x_wconf 65' lang='lat' dir='ltr'><strong>vita?</strong></span> <span class='ocrx_word' id='word_1_62' title='bbox 746 1065 870 1120; x_wconf 76' lang='lat' dir='ltr'><strong>Nozc</strong></span> <span class='ocrx_word' id='word_1_63' title='bbox 899 1068 1294 1123; x_wconf 76' lang='lat' dir='ltr'><strong>sexcentesimo</strong></span> <span class='ocrx_word' id='word_1_64' title='bbox 1338 1075 1581 1120; x_wconf 77' lang='lat' dir='ltr'><strong>mortuus</strong></span> <span class='ocrx_word' id='word_1_65' title='bbox 1611 1076 1688 1120; x_wconf 68' lang='lat' dir='ltr'><strong>est</strong></span> <span class='ocrx_word' id='word_1_66' title='bbox 1724 1063 2148 1127; x_wconf 73' lang='lat' dir='ltr'><strong>Matltttsltalech,</strong></span> 
     </span>
    </p>
   </div>
   <div class='ocr_carea' id='block_1_12' title="bbox 589 1153 2146 1226">
    <p class='ocr_par' dir='ltr' id='par_1_12' title="bbox 589 1153 2146 1226">
     <span class='ocr_line' id='line_1_12' title="bbox 589 1153 2146 1226; baseline -0.004 -14"><span class='ocrx_word' id='word_1_67' title='bbox 589 1158 679 1213; x_wconf 86' lang='lat' dir='ltr'><strong>die</strong></span> <span class='ocrx_word' id='word_1_68' title='bbox 723 1157 946 1214; x_wconf 81' lang='lat' dir='ltr'><strong>Veneris</strong></span> <span class='ocrx_word' id='word_1_69' title='bbox 978 1153 1119 1214; x_wconf 83' lang='lat' dir='ltr'><strong>circa</strong></span> <span class='ocrx_word' id='word_1_70' title='bbox 1142 1159 1448 1226; x_wconf 77' lang='lat' dir='ltr'><strong>meridiem,</strong></span> <span class='ocrx_word' id='word_1_71' title='bbox 1497 1158 1754 1211; x_wconf 82' lang='lat' dir='ltr'><strong>vicesimo</strong></span> <span class='ocrx_word' id='word_1_72' title='bbox 1803 1157 1975 1224; x_wconf 89' lang='lat' dir='ltr'><strong>printo</strong></span> <span class='ocrx_word' id='word_1_73' title='bbox 2025 1154 2146 1215; x_wconf 88' lang='lat' dir='ltr'><strong>Ilul,</strong></span> 
     </span>
    </p>
   </div>
   <div class='ocr_carea' id='block_1_13' title="bbox 589 1245 2146 1320">
    <p class='ocr_par' dir='ltr' id='par_1_13' title="bbox 589 1245 2146 1320">
     <span class='ocr_line' id='line_1_13' title="bbox 589 1245 2146 1320; baseline -0.004 -16"><span class='ocrx_word' id='word_1_74' title='bbox 589 1251 682 1319; x_wconf 86' lang='lat' dir='ltr'><strong>qui</strong></span> <span class='ocrx_word' id='word_1_75' title='bbox 717 1261 800 1306; x_wconf 89' lang='lat' dir='ltr'><strong>est</strong></span> <span class='ocrx_word' id='word_1_76' title='bbox 826 1251 1014 1304; x_wconf 82' lang='lat' dir='ltr'><strong>&#39;l‘liut:</strong></span> <span class='ocrx_word' id='word_1_77' title='bbox 1054 1267 1213 1320; x_wconf 88' lang='lat' dir='ltr'><strong>quem</strong></span> <span class='ocrx_word' id='word_1_78' title='bbox 1255 1251 1572 1317; x_wconf 87' lang='lat' dir='ltr'><strong>pollinctum</strong></span> <span class='ocrx_word' id='word_1_79' title='bbox 1625 1249 1956 1320; x_wconf 73' lang='lat' dir='ltr'><strong>sepelierunt</strong></span> <span class='ocrx_word' id='word_1_80' title='bbox 1995 1245 2146 1300; x_wconf 80' lang='lat' dir='ltr'><strong>Noalt</strong></span> 
     </span>
    </p>
   </div>
   <div class='ocr_carea' id='block_1_14' title="bbox 589 1337 2148 1412">
    <p class='ocr_par' dir='ltr' id='par_1_14' title="bbox 589 1337 2148 1412">
     <span class='ocr_line' id='line_1_14' title="bbox 589 1337 2148 1412; baseline -0.004 -17"><span class='ocrx_word' id='word_1_81' title='bbox 589 1353 642 1395; x_wconf 90' lang='lat' dir='ltr'><strong>et</strong></span> <span class='ocrx_word' id='word_1_82' title='bbox 675 1342 796 1396; x_wconf 87' lang='lat' dir='ltr'><strong>Sem</strong></span> <span class='ocrx_word' id='word_1_83' title='bbox 831 1343 884 1394; x_wconf 88' lang='lat' dir='ltr'><strong>In</strong></span> <span class='ocrx_word' id='word_1_84' title='bbox 914 1342 1166 1412; x_wconf 81' lang='lat' dir='ltr'><strong>spelunca</strong></span> <span class='ocrx_word' id='word_1_85' title='bbox 1192 1342 1450 1400; x_wconf 81' lang='lat' dir='ltr'><strong>Aleanuz,</strong></span> <span class='ocrx_word' id='word_1_86' title='bbox 1481 1341 1768 1409; x_wconf 78' lang='lat' dir='ltr'><strong>ipsumque</strong></span> <span class='ocrx_word' id='word_1_87' title='bbox 1791 1337 2148 1408; x_wconf 73' lang='lat' dir='ltr'><strong>quadraginta</strong></span> 
     </span>
    </p>
   </div>
   <div class='ocr_carea' id='block_1_15' title="bbox 589 1425 2149 1497">
    <p class='ocr_par' dir='ltr' id='par_1_15' title="bbox 589 1425 2149 1497">
     <span class='ocr_line' id='line_1_15' title="bbox 589 1425 2149 1497; baseline -0.004 -15"><span class='ocrx_word' id='word_1_88' title='bbox 589 1432 707 1486; x_wconf 83' lang='lat' dir='ltr'><strong>dies</strong></span> <span class='ocrx_word' id='word_1_89' title='bbox 759 1430 1103 1497; x_wconf 89' lang='lat' dir='ltr'><strong>planxerunt.</strong></span> <span class='ocrx_word' id='word_1_90' title='bbox 1154 1425 1277 1481; x_wconf 88' lang='lat' dir='ltr'><strong>Fuit</strong></span> <span class='ocrx_word' id='word_1_91' title='bbox 1331 1426 1512 1481; x_wconf 83' lang='lat' dir='ltr'><strong>autem</strong></span> <span class='ocrx_word' id='word_1_92' title='bbox 1565 1427 1672 1480; x_wconf 86' lang='lat' dir='ltr'><strong>vita</strong></span> <span class='ocrx_word' id='word_1_93' title='bbox 1723 1425 2149 1478; x_wconf 81' lang='lat' dir='ltr'><strong>Mathusbalecbi</strong></span> 
     </span>
    </p>
   </div>
   <div class='ocr_carea' id='block_1_16' title="bbox 539 1515 2152 1590">
    <p class='ocr_par' dir='ltr' id='par_1_16' title="bbox 539 1515 2152 1590">
     <span class='ocr_line' id='line_1_16' title="bbox 539 1515 2152 1590; baseline -0.003 -17"><span class='ocrx_word' id='word_1_94' title='bbox 539 1570 541 1573; x_wconf 90' lang='lat'><strong>.</strong></span> <span class='ocrx_word' id='word_1_95' title='bbox 591 1536 856 1575; x_wconf 84' lang='lat' dir='ltr'><strong>annorum</strong></span> <span class='ocrx_word' id='word_1_96' title='bbox 924 1529 1318 1590; x_wconf 85' lang='lat' dir='ltr'><strong>nongentorum</strong></span> <span class='ocrx_word' id='word_1_97' title='bbox 1374 1520 1650 1586; x_wconf 83' lang='lat' dir='ltr'><strong>sexaginta</strong></span> <span class='ocrx_word' id='word_1_98' title='bbox 1695 1531 1906 1572; x_wconf 84' lang='lat' dir='ltr'><strong>novem.</strong></span> <span class='ocrx_word' id='word_1_99' title='bbox 1969 1515 2152 1583; x_wconf 83' lang='lat' dir='ltr'><strong>Neque</strong></span> 
     </span>
    </p>
   </div>
   <div class='ocr_carea' id='block_1_17' title="bbox 587 1607 2149 1682">
    <p class='ocr_par' dir='ltr' id='par_1_17' title="bbox 587 1607 2149 1682">
     <span class='ocr_line' id='line_1_17' title="bbox 587 1607 2149 1682; baseline -0.004 -16"><span class='ocrx_word' id='word_1_100' title='bbox 587 1614 696 1682; x_wconf 86' lang='lat' dir='ltr'><strong>jam</strong></span> <span class='ocrx_word' id='word_1_101' title='bbox 726 1613 848 1681; x_wconf 90' lang='lat' dir='ltr'><strong>quis</strong></span> <span class='ocrx_word' id='word_1_102' title='bbox 888 1611 1154 1682; x_wconf 77' lang='lat' dir='ltr'><strong>superfuit</strong></span> <span class='ocrx_word' id='word_1_103' title='bbox 1185 1619 1454 1665; x_wconf 86' lang='lat' dir='ltr'><strong>lnmoute</strong></span> <span class='ocrx_word' id='word_1_104' title='bbox 1501 1622 1688 1665; x_wconf 87' lang='lat' dir='ltr'><strong>sancto</strong></span> <span class='ocrx_word' id='word_1_105' title='bbox 1741 1617 1935 1679; x_wconf 63' lang='lat' dir='ltr'><strong>praeter</strong></span> <span class='ocrx_word' id='word_1_106' title='bbox 1974 1607 2149 1662; x_wconf 90' lang='lat' dir='ltr'><strong>solum</strong></span> 
     </span>
    </p>
   </div>
   <div class='ocr_carea' id='block_1_18' title="bbox 591 1699 2146 1774">
    <p class='ocr_par' dir='ltr' id='par_1_18' title="bbox 591 1699 2146 1774">
     <span class='ocr_line' id='line_1_18' title="bbox 591 1699 2146 1774; baseline -0.005 -16"><span class='ocrx_word' id='word_1_107' title='bbox 591 1704 837 1758; x_wconf 71' lang='lat' dir='ltr'><strong>Noalium</strong></span> <span class='ocrx_word' id='word_1_108' title='bbox 875 1708 1150 1774; x_wconf 70' lang='lat' dir='ltr'><strong>ipsiusque</strong></span> <span class='ocrx_word' id='word_1_109' title='bbox 1181 1719 1402 1760; x_wconf 90' lang='lat' dir='ltr'><strong>uxorem</strong></span> <span class='ocrx_word' id='word_1_110' title='bbox 1430 1705 1538 1772; x_wconf 87' lang='lat' dir='ltr'><strong>(cui</strong></span> <span class='ocrx_word' id='word_1_111' title='bbox 1571 1718 1764 1756; x_wconf 87' lang='lat' dir='ltr'><strong>nomen</strong></span> <span class='ocrx_word' id='word_1_112' title='bbox 1792 1711 1908 1756; x_wconf 89' lang='lat' dir='ltr'><strong>erat</strong></span> <span class='ocrx_word' id='word_1_113' title='bbox 1941 1699 2146 1768; x_wconf 87' lang='lat' dir='ltr'><strong>Ilaical)</strong></span> 
     </span>
    </p>
   </div>
   <div class='ocr_carea' id='block_1_19' title="bbox 2251 513 3762 584">
    <p class='ocr_par' dir='ltr' id='par_1_19' title="bbox 2251 513 3762 584">
     <span class='ocr_line' id='line_1_19' title="bbox 2251 513 3762 584; baseline 0.004 -16"><span class='ocrx_word' id='word_1_114' title='bbox 2251 529 2315 568; x_wconf 84' lang='lat' dir='ltr'><strong>ex</strong></span> <span class='ocrx_word' id='word_1_115' title='bbox 2376 514 2482 568; x_wconf 87' lang='lat' dir='ltr'><strong>illis</strong></span> <span class='ocrx_word' id='word_1_116' title='bbox 2532 513 2776 584; x_wconf 79' lang='lat'><strong>37-39</strong></span> <span class='ocrx_word' id='word_1_117' title='bbox 2811 533 2932 583; x_wconf 74' lang='lat' dir='ltr'><strong>qua:</strong></span> <span class='ocrx_word' id='word_1_118' title='bbox 2988 519 3128 570; x_wconf 82' lang='lat' dir='ltr'><strong>inter</strong></span> <span class='ocrx_word' id='word_1_119' title='bbox 3184 522 3295 574; x_wconf 62' lang='lat' dir='ltr'><strong>lucc</strong></span> <span class='ocrx_word' id='word_1_120' title='bbox 3355 518 3558 572; x_wconf 81' lang='lat' dir='ltr'><strong>munda</strong></span> <span class='ocrx_word' id='word_1_121' title='bbox 3615 519 3762 577; x_wconf 80' lang='lat' dir='ltr'><strong>fuerint</strong></span> 
     </span>
    </p>
   </div>
   <div class='ocr_carea' id='block_1_20' title="bbox 2216 611 3754 687">
    <p class='ocr_par' dir='ltr' id='par_1_20' title="bbox 2216 611 3754 687">
     <span class='ocr_line' id='line_1_20' title="bbox 2216 611 3754 687; baseline 0.004 -27"><span class='ocrx_word' id='word_1_122' title='bbox 2216 676 2231 687; x_wconf 43' lang='grc' dir='ltr'><strong>ο</strong></span> <span class='ocrx_word' id='word_1_123' title='bbox 2251 619 2456 678; x_wconf 85' lang='lat' dir='ltr'><strong>septem</strong></span> <span class='ocrx_word' id='word_1_124' title='bbox 2490 611 2661 678; x_wconf 85' lang='lat' dir='ltr'><strong>paria,</strong></span> <span class='ocrx_word' id='word_1_125' title='bbox 2694 626 2870 666; x_wconf 88' lang='lat' dir='ltr'><strong>mares</strong></span> <span class='ocrx_word' id='word_1_126' title='bbox 2901 621 3130 680; x_wconf 82' lang='lat' dir='ltr'><strong>septem,</strong></span> <span class='ocrx_word' id='word_1_127' title='bbox 3160 623 3214 666; x_wconf 87' lang='lat' dir='ltr'><strong>et</strong></span> <span class='ocrx_word' id='word_1_128' title='bbox 3246 614 3489 668; x_wconf 78' lang='lat' dir='ltr'><strong>femellas</strong></span> <span class='ocrx_word' id='word_1_129' title='bbox 3529 613 3754 677; x_wconf 81' lang='lat' dir='ltr'><strong>totidem:</strong></span> 
     </span>
    </p>
   </div>
   <div class='ocr_carea' id='block_1_21' title="bbox 2247 687 3765 759">
    <p class='ocr_par' dir='ltr' id='par_1_21' title="bbox 2247 687 3765 759">
     <span class='ocr_line' id='line_1_21' title="bbox 2247 687 3765 759; baseline 0.003 -11"><span class='ocrx_word' id='word_1_130' title='bbox 2247 709 2313 748; x_wconf 84' lang='lat' dir='ltr'><strong>ex</strong></span> <span class='ocrx_word' id='word_1_131' title='bbox 2361 695 2654 749; x_wconf 82' lang='lat' dir='ltr'><strong>immundis</strong></span> <span class='ocrx_word' id='word_1_132' title='bbox 2719 704 2897 750; x_wconf 89' lang='lat' dir='ltr'><strong>autem</strong></span> <span class='ocrx_word' id='word_1_133' title='bbox 2959 699 3125 759; x_wconf 83' lang='lat' dir='ltr'><strong>bina.</strong></span> <span class='ocrx_word' id='word_1_134' title='bbox 3201 715 3400 753; x_wconf 85' lang='lat' dir='ltr'><strong>marem</strong></span> <span class='ocrx_word' id='word_1_135' title='bbox 3446 687 3673 753; x_wconf 70' lang='lat' dir='ltr'><strong>&#39;seilic’et</strong></span> <span class='ocrx_word' id='word_1_136' title='bbox 3728 709 3765 755; x_wconf 85' lang='lat' dir='ltr'><strong>et</strong></span> 
     </span>
    </p>
   </div>
   <div class='ocr_carea' id='block_1_22' title="bbox 2250 783 3764 859">
    <p class='ocr_par' dir='ltr' id='par_1_22' title="bbox 2250 783 3764 859">
     <span class='ocr_line' id='line_1_22' title="bbox 2250 783 3764 859; baseline 0.005 -21"><span class='ocrx_word' id='word_1_137' title='bbox 2250 783 2526 841; x_wconf 82' lang='lat' dir='ltr'><strong>feminam.</strong></span> <span class='ocrx_word' id='word_1_138' title='bbox 2558 785 2842 856; x_wconf 85' lang='lat' dir='ltr'><strong>Ingressus</strong></span> <span class='ocrx_word' id='word_1_139' title='bbox 2875 803 3002 859; x_wconf 84' lang='lat' dir='ltr'><strong>ergo</strong></span> <span class='ocrx_word' id='word_1_140' title='bbox 3042 789 3192 843; x_wconf 80' lang='lat' dir='ltr'><strong>Noali</strong></span> <span class='ocrx_word' id='word_1_141' title='bbox 3243 790 3421 843; x_wconf 80' lang='lat' dir='ltr'><strong>navim</strong></span> <span class='ocrx_word' id='word_1_142' title='bbox 3455 807 3578 844; x_wconf 92' lang='lat' dir='ltr'><strong>cum</strong></span> <span class='ocrx_word' id='word_1_143' title='bbox 3623 807 3764 857; x_wconf 75' lang='lat' dir='ltr'><strong>uxore,</strong></span> 
     </span>
    </p>
   </div>
   <div class='ocr_carea' id='block_1_23' title="bbox 2250 875 3762 948">
    <p class='ocr_par' dir='ltr' id='par_1_23' title="bbox 2250 875 3762 948">
     <span class='ocr_line' id='line_1_23' title="bbox 2250 875 3762 948; baseline 0.004 -19"><span class='ocrx_word' id='word_1_144' title='bbox 2250 875 2394 940; x_wconf 88' lang='lat' dir='ltr'><strong>ﬁliis,</strong></span> <span class='ocrx_word' id='word_1_145' title='bbox 2429 876 2771 948; x_wconf 83' lang='lat' dir='ltr'><strong>filiorumque</strong></span> <span class='ocrx_word' id='word_1_146' title='bbox 2799 881 3081 940; x_wconf 85' lang='lat' dir='ltr'><strong>uxoribus.</strong></span> <span class='ocrx_word' id='word_1_147' title='bbox 3109 896 3308 948; x_wconf 89' lang='lat' dir='ltr'><strong>corpus</strong></span> <span class='ocrx_word' id='word_1_148' title='bbox 3331 881 3519 934; x_wconf 85' lang='lat' dir='ltr'><strong>Adami</strong></span> <span class='ocrx_word' id='word_1_149' title='bbox 3549 882 3604 934; x_wconf 89' lang='lat' dir='ltr'><strong>in</strong></span> <span class='ocrx_word' id='word_1_150' title='bbox 3630 883 3762 935; x_wconf 87' lang='lat' dir='ltr'><strong>navim</strong></span> 
     </span>
    </p>
   </div>
   <div class='ocr_carea' id='block_1_24' title="bbox 2249 969 3767 1047">
    <p class='ocr_par' dir='ltr' id='par_1_24' title="bbox 2249 969 3767 1047">
     <span class='ocr_line' id='line_1_24' title="bbox 2249 969 3767 1047; baseline 0.003 -27"><span class='ocrx_word' id='word_1_151' title='bbox 2249 969 2596 1047; x_wconf 82' lang='lat' dir='ltr'><strong>importatum</strong></span> <span class='ocrx_word' id='word_1_152' title='bbox 2630 970 2831 1040; x_wconf 86' lang='lat' dir='ltr'><strong>in-ejus</strong></span> <span class='ocrx_word' id='word_1_153' title='bbox 2862 972 3038 1026; x_wconf 85' lang='lat' dir='ltr'><strong>medio</strong></span> <span class='ocrx_word' id='word_1_154' title='bbox 3064 973 3372 1033; x_wconf 75' lang='lat' dir='ltr'><strong>collocavit.</strong></span> <span class='ocrx_word' id='word_1_155' title='bbox 3408 973 3672 1040; x_wconf 81' lang='lat' dir='ltr'><strong>impositis</strong></span> <span class='ocrx_word' id='word_1_156' title='bbox 3695 975 3767 1042; x_wconf 73' lang='lat' dir='ltr'><strong>ipsi</strong></span> 
     </span>
    </p>
   </div>
   <div class='ocr_carea' id='block_1_25' title="bbox 2248 1059 3772 1134">
    <p class='ocr_par' dir='ltr' id='par_1_25' title="bbox 2248 1059 3772 1134">
     <span class='ocr_line' id='line_1_25' title="bbox 2248 1059 3772 1134; baseline 0.004 -23"><span class='ocrx_word' id='word_1_157' title='bbox 2248 1059 2644 1116; x_wconf 86' lang='lat' dir='ltr'><strong>oblationibus.</strong></span> <span class='ocrx_word' id='word_1_158' title='bbox 2679 1059 3024 1132; x_wconf 84' lang='lat' dir='ltr'><strong>Fueruntque</strong></span> <span class='ocrx_word' id='word_1_159' title='bbox 3054 1059 3208 1117; x_wconf 75' lang='lat' dir='ltr'><strong>Noali</strong></span> <span class='ocrx_word' id='word_1_160' title='bbox 3241 1072 3297 1118; x_wconf 85' lang='lat' dir='ltr'><strong>‘et</strong></span> <span class='ocrx_word' id='word_1_161' title='bbox 3330 1064 3417 1116; x_wconf 84' lang='lat' dir='ltr'><strong>filii</strong></span> <span class='ocrx_word' id='word_1_162' title='bbox 3457 1064 3573 1129; x_wconf 84' lang='lat' dir='ltr'><strong>ejus</strong></span> <span class='ocrx_word' id='word_1_163' title='bbox 3602 1067 3658 1117; x_wconf 85' lang='lat' dir='ltr'><strong>ad</strong></span> <span class='ocrx_word' id='word_1_164' title='bbox 3681 1081 3772 1134; x_wconf 75' lang='lat' dir='ltr'><strong>par-</strong></span> 
     </span>
    </p>
   </div>
   <div class='ocr_carea' id='block_1_26' title="bbox 2250 1153 3770 1223">
    <p class='ocr_par' dir='ltr' id='par_1_26' title="bbox 2250 1153 3770 1223">
     <span class='ocr_line' id='line_1_26' title="bbox 2250 1153 3770 1223; baseline 0.004 -21"><span class='ocrx_word' id='word_1_165' title='bbox 2250 1160 2356 1206; x_wconf 88' lang='lat' dir='ltr'><strong>tem</strong></span> <span class='ocrx_word' id='word_1_166' title='bbox 2393 1153 2546 1208; x_wconf 83' lang='lat' dir='ltr'><strong>navis</strong></span> <span class='ocrx_word' id='word_1_167' title='bbox 2579 1154 2935 1220; x_wconf 78' lang='lat' dir='ltr'><strong>orientalem;</strong></span> <span class='ocrx_word' id='word_1_168' title='bbox 2967 1170 3103 1208; x_wconf 90' lang='lat' dir='ltr'><strong>uxor</strong></span> <span class='ocrx_word' id='word_1_169' title='bbox 3131 1170 3255 1207; x_wconf 91' lang='lat' dir='ltr'><strong>vero</strong></span> <span class='ocrx_word' id='word_1_170' title='bbox 3285 1157 3458 1223; x_wconf 84' lang='lat' dir='ltr'><strong>ipsius</strong></span> <span class='ocrx_word' id='word_1_171' title='bbox 3488 1164 3536 1206; x_wconf 83' lang='lat' dir='ltr'><strong>et</strong></span> <span class='ocrx_word' id='word_1_172' title='bbox 3577 1156 3770 1208; x_wconf 85' lang='lat' dir='ltr'><strong>ﬁliorum</strong></span> 
     </span>
    </p>
   </div>
   <div class='ocr_carea' id='block_1_27' title="bbox 2253 1238 3773 1307">
    <p class='ocr_par' dir='ltr' id='par_1_27' title="bbox 2253 1238 3773 1307">
     <span class='ocr_line' id='line_1_27' title="bbox 2253 1238 3773 1307; baseline 0.002 -11"><span class='ocrx_word' id='word_1_173' title='bbox 2253 1238 2546 1298; x_wconf 39' lang='lat' dir='ltr'><strong>uxores‘ad</strong></span> <span class='ocrx_word' id='word_1_174' title='bbox 2583 1245 2994 1307; x_wconf 84' lang='lat' dir='ltr'><strong>occidentalem,</strong></span> <span class='ocrx_word' id='word_1_175' title='bbox 3061 1262 3125 1299; x_wconf 91' lang='lat' dir='ltr'><strong>ne</strong></span> <span class='ocrx_word' id='word_1_176' title='bbox 3173 1247 3272 1298; x_wconf 90' lang='lat' dir='ltr'><strong>viri</strong></span> <span class='ocrx_word' id='word_1_177' title='bbox 3317 1247 3382 1298; x_wconf 87' lang='lat' dir='ltr'><strong>ad</strong></span> <span class='ocrx_word' id='word_1_178' title='bbox 3410 1246 3662 1307; x_wconf 78' lang='lat' dir='ltr'><strong>feminas,</strong></span> <span class='ocrx_word' id='word_1_179' title='bbox 3704 1259 3773 1299; x_wconf 82' lang='lat' dir='ltr'><strong>aut</strong></span> 
     </span>
    </p>
   </div>
   <div class='ocr_carea' id='block_1_28' title="bbox 2253 1337 3774 1408">
    <p class='ocr_par' dir='ltr' id='par_1_28' title="bbox 2253 1337 3774 1408">
     <span class='ocr_line' id='line_1_28' title="bbox 2253 1337 3774 1408; baseline 0.006 -19"><span class='ocrx_word' id='word_1_180' title='bbox 2253 1337 2465 1391; x_wconf 76' lang='lat' dir='ltr'><strong>femina:</strong></span> <span class='ocrx_word' id='word_1_181' title='bbox 2509 1338 2575 1392; x_wconf 86' lang='lat' dir='ltr'><strong>ad</strong></span> <span class='ocrx_word' id='word_1_182' title='bbox 2607 1339 2754 1393; x_wconf 88' lang='lat' dir='ltr'><strong>viros</strong></span> <span class='ocrx_word' id='word_1_183' title='bbox 2786 1341 3129 1393; x_wconf 79' lang='lat' dir='ltr'><strong>accederent.</strong></span> <span class='ocrx_word' id='word_1_184' title='bbox 3160 1338 3404 1408; x_wconf 85' lang='lat' dir='ltr'><strong>Cumque</strong></span> <span class='ocrx_word' id='word_1_185' title='bbox 3464 1339 3643 1392; x_wconf 81' lang='lat' dir='ltr'><strong>omnia</strong></span> <span class='ocrx_word' id='word_1_186' title='bbox 3681 1354 3774 1406; x_wconf 53' lang='lat' dir='ltr'><strong>qua</strong></span> 
     </span>
    </p>
   </div>
   <div class='ocr_carea' id='block_1_29' title="bbox 2251 1430 3771 1499">
    <p class='ocr_par' dir='ltr' id='par_1_29' title="bbox 2251 1430 3771 1499">
     <span class='ocr_line' id='line_1_29' title="bbox 2251 1430 3771 1499; baseline 0 -17"><span class='ocrx_word' id='word_1_187' title='bbox 2251 1431 2438 1485; x_wconf 83' lang='lat' dir='ltr'><strong>inferri</strong></span> <span class='ocrx_word' id='word_1_188' title='bbox 2483 1431 2722 1499; x_wconf 84' lang='lat' dir='ltr'><strong>jusserat</strong></span> <span class='ocrx_word' id='word_1_189' title='bbox 2768 1432 2908 1485; x_wconf 89' lang='lat' dir='ltr'><strong>Deus</strong></span> <span class='ocrx_word' id='word_1_190' title='bbox 2963 1446 3147 1485; x_wconf 90' lang='lat' dir='ltr'><strong>secum</strong></span> <span class='ocrx_word' id='word_1_191' title='bbox 3190 1430 3500 1490; x_wconf 84' lang='lat' dir='ltr'><strong>intulisset,</strong></span> <span class='ocrx_word' id='word_1_192' title='bbox 3532 1431 3771 1495; x_wconf 80' lang='lat' dir='ltr'><strong>aperiente</strong></span> 
     </span>
    </p>
   </div>
   <div class='ocr_carea' id='block_1_30' title="bbox 2254 1515 3778 1591">
    <p class='ocr_par' dir='ltr' id='par_1_30' title="bbox 2254 1515 3778 1591">
     <span class='ocr_line' id='line_1_30' title="bbox 2254 1515 3778 1591; baseline 0.001 -17"><span class='ocrx_word' id='word_1_193' title='bbox 2254 1522 2479 1574; x_wconf 89' lang='lat' dir='ltr'><strong>Domino</strong></span> <span class='ocrx_word' id='word_1_194' title='bbox 2531 1537 2790 1591; x_wconf 90' lang='lat' dir='ltr'><strong>aquarum</strong></span> <span class='ocrx_word' id='word_1_195' title='bbox 2832 1515 3046 1586; x_wconf 84' lang='lat' dir='ltr'><strong>&#39;fontes,</strong></span> <span class='ocrx_word' id='word_1_196' title='bbox 3091 1523 3378 1577; x_wconf 85' lang='lat' dir='ltr'><strong>scaturivit</strong></span> <span class='ocrx_word' id='word_1_197' title='bbox 3429 1532 3611 1583; x_wconf 86' lang='lat' dir='ltr'><strong>terra,</strong></span> <span class='ocrx_word' id='word_1_198' title='bbox 3657 1535 3778 1576; x_wconf 73' lang='lat' dir='ltr'><strong>com:</strong></span> 
     </span>
    </p>
   </div>
   <div class='ocr_carea' id='block_1_31' title="bbox 2253 1613 3782 1686">
    <p class='ocr_par' dir='ltr' id='par_1_31' title="bbox 2253 1613 3782 1686">
     <span class='ocr_line' id='line_1_31' title="bbox 2253 1613 3782 1686; baseline -0.002 -20"><span class='ocrx_word' id='word_1_199' title='bbox 2253 1614 2405 1667; x_wconf 85' lang='lat' dir='ltr'><strong>mista</strong></span> <span class='ocrx_word' id='word_1_200' title='bbox 2445 1613 2572 1667; x_wconf 82' lang='lat' dir='ltr'><strong>sunt</strong></span> <span class='ocrx_word' id='word_1_201' title='bbox 2604 1616 2792 1678; x_wconf 87' lang='lat' dir='ltr'><strong>maria,</strong></span> <span class='ocrx_word' id='word_1_202' title='bbox 2833 1616 3183 1686; x_wconf 80' lang='lat' dir='ltr'><strong>pluviamque</strong></span> <span class='ocrx_word' id='word_1_203' title='bbox 3230 1614 3368 1670; x_wconf 86' lang='lat' dir='ltr'><strong>Dens</strong></span> <span class='ocrx_word' id='word_1_204' title='bbox 3412 1629 3442 1668; x_wconf 91' lang='lat' dir='ltr'><strong>e</strong></span> <span class='ocrx_word' id='word_1_205' title='bbox 3475 1614 3615 1668; x_wconf 78' lang='lat' dir='ltr'><strong>cmlo</strong></span> <span class='ocrx_word' id='word_1_206' title='bbox 3643 1613 3782 1666; x_wconf 85' lang='lat' dir='ltr'><strong>demi-</strong></span> 
     </span>
    </p>
   </div>
   <div class='ocr_carea' id='block_1_32' title="bbox 2253 1703 3784 1786">
    <p class='ocr_par' dir='ltr' id='par_1_32' title="bbox 2253 1703 3784 1786">
     <span class='ocr_line' id='line_1_32' title="bbox 2253 1703 3784 1786; baseline -0.002 -30"><span class='ocrx_word' id='word_1_207' title='bbox 2253 1705 2346 1757; x_wconf 88' lang='lat' dir='ltr'><strong>sit.</strong></span> <span class='ocrx_word' id='word_1_208' title='bbox 2393 1703 2620 1772; x_wconf 87' lang='lat' dir='ltr'><strong>Fuitque</strong></span> <span class='ocrx_word' id='word_1_209' title='bbox 2663 1705 2926 1759; x_wconf 88' lang='lat' dir='ltr'><strong>diluvium</strong></span> <span class='ocrx_word' id='word_1_210' title='bbox 2982 1721 3106 1759; x_wconf 87' lang='lat' dir='ltr'><strong>cum</strong></span> <span class='ocrx_word' id='word_1_211' title='bbox 3143 1705 3292 1786; x_wconf 75' lang='lat' dir='ltr'><strong>Noali</strong></span> <span class='ocrx_word' id='word_1_212' title='bbox 3346 1717 3614 1758; x_wconf 81' lang='lat' dir='ltr'><strong>annorum</strong></span> <span class='ocrx_word' id='word_1_213' title='bbox 3664 1710 3784 1757; x_wconf 78' lang='lat' dir='ltr'><strong>esset</strong></span> 
     </span>
    </p>
   </div>
   <div class='ocr_carea' id='block_1_33' title="bbox 597 1781 3780 1870">
    <p class='ocr_par' dir='ltr' id='par_1_33' title="bbox 597 1781 3780 1870">
     <span class='ocr_line' id='line_1_33' title="bbox 597 1781 3780 1870; baseline -0 -22"><span class='ocrx_word' id='word_1_214' title='bbox 597 1798 758 1849; x_wconf 84' lang='lat' dir='ltr'><strong>tiliam</strong></span> <span class='ocrx_word' id='word_1_215' title='bbox 811 1797 1057 1849; x_wconf 74' lang='lat' dir='ltr'><strong>Namusai</strong></span> <span class='ocrx_word' id='word_1_216' title='bbox 1111 1797 1203 1849; x_wconf 87' lang='lat' dir='ltr'><strong>lilii</strong></span> <span class='ocrx_word' id='word_1_217' title='bbox 1255 1796 1484 1860; x_wconf 82' lang='lat' dir='ltr'><strong>Enoclii,</strong></span> <span class='ocrx_word' id='word_1_218' title='bbox 1538 1811 1658 1848; x_wconf 91' lang='lat' dir='ltr'><strong>cum</strong></span> <span class='ocrx_word' id='word_1_219' title='bbox 1706 1796 1884 1849; x_wconf 86' lang='lat' dir='ltr'><strong>tribus</strong></span> <span class='ocrx_word' id='word_1_220' title='bbox 1910 1781 2148 1862; x_wconf 83' lang='lat' dir='ltr'><strong>ipsorum</strong></span> <span class='ocrx_word' id='word_1_221' title='bbox 2185 1803 2222 1856; x_wconf 80' lang='grc' dir='ltr'><strong>Β</strong></span> <span class='ocrx_word' id='word_1_222' title='bbox 2252 1806 2655 1860; x_wconf 82' lang='lat' dir='ltr'><strong>sexcentarum,</strong></span> <span class='ocrx_word' id='word_1_223' title='bbox 2689 1796 2832 1850; x_wconf 85' lang='lat' dir='ltr'><strong>ﬁlius</strong></span> <span class='ocrx_word' id='word_1_224' title='bbox 2865 1811 2989 1851; x_wconf 88' lang='lat' dir='ltr'><strong>vero</strong></span> <span class='ocrx_word' id='word_1_225' title='bbox 3021 1781 3196 1865; x_wconf 88' lang='lat' dir='ltr'><strong>ipsius</strong></span> <span class='ocrx_word' id='word_1_226' title='bbox 3226 1796 3353 1850; x_wconf 57' lang='lat' dir='ltr'><strong>Sam</strong></span> <span class='ocrx_word' id='word_1_227' title='bbox 3385 1808 3625 1870; x_wconf 77' lang='lat' dir='ltr'><strong>centum.</strong></span> <span class='ocrx_word' id='word_1_228' title='bbox 3671 1793 3780 1847; x_wconf 52' lang='lat' dir='ltr'><strong>Pro.</strong></span> 
     </span>
    </p>
   </div>
   <div class='ocr_carea' id='block_1_34' title="bbox 593 1882 2150 1952">
    <p class='ocr_par' dir='ltr' id='par_1_34' title="bbox 593 1882 2150 1952">
     <span class='ocr_line' id='line_1_34' title="bbox 593 1882 2150 1952; baseline -0.004 -14"><span class='ocrx_word' id='word_1_229' title='bbox 593 1885 718 1938; x_wconf 84' lang='lat' dir='ltr'><strong>filiis</strong></span> <span class='ocrx_word' id='word_1_230' title='bbox 766 1884 948 1949; x_wconf 89' lang='lat' dir='ltr'><strong>Semo,</strong></span> <span class='ocrx_word' id='word_1_231' title='bbox 1001 1883 1193 1947; x_wconf 86' lang='lat' dir='ltr'><strong>Hamo,</strong></span> <span class='ocrx_word' id='word_1_232' title='bbox 1241 1894 1292 1952; x_wconf 77' lang='lat' dir='ltr'><strong>et</strong></span> <span class='ocrx_word' id='word_1_233' title='bbox 1335 1882 1583 1952; x_wconf 82' lang='lat' dir='ltr'><strong>Japlieto,</strong></span> <span class='ocrx_word' id='word_1_234' title='bbox 1637 1885 1920 1950; x_wconf 74' lang='lat' dir='ltr'><strong>tribusque</strong></span> <span class='ocrx_word' id='word_1_235' title='bbox 1963 1894 2150 1933; x_wconf 88' lang='lat' dir='ltr'><strong>eorum</strong></span> 
     </span>
    </p>
   </div>
   <div class='ocr_carea' id='block_1_35' title="bbox 591 1971 2148 2052">
    <p class='ocr_par' dir='ltr' id='par_1_35' title="bbox 591 1971 2148 2052">
     <span class='ocr_line' id='line_1_35' title="bbox 591 1971 2148 2052; baseline -0.006 -22"><span class='ocrx_word' id='word_1_236' title='bbox 591 1977 918 2044; x_wconf 79' lang='lat' dir='ltr'><strong>cenjugibus</strong></span> <span class='ocrx_word' id='word_1_237' title='bbox 951 1991 1069 2052; x_wconf 71' lang='grc' dir='ltr'>ιιιιίιξ</span> <span class='ocrx_word' id='word_1_238' title='bbox 1116 1992 1146 2029; x_wconf 91' lang='lat' dir='ltr'><strong>e</strong></span> <span class='ocrx_word' id='word_1_239' title='bbox 1193 1976 1411 2029; x_wconf 84' lang='lat' dir='ltr'><strong>filiabus</strong></span> <span class='ocrx_word' id='word_1_240' title='bbox 1469 1973 1905 2029; x_wconf 83' lang='lat' dir='ltr'><strong>Mathuslialechi</strong></span> <span class='ocrx_word' id='word_1_241' title='bbox 1954 1971 2148 2026; x_wconf 71' lang='lat' dir='ltr'><strong>fuere‘.</strong></span> 
     </span>
    </p>
   </div>
   <div class='ocr_carea' id='block_1_36' title="bbox 593 2064 2150 2134">
    <p class='ocr_par' dir='ltr' id='par_1_36' title="bbox 593 2064 2150 2134">
     <span class='ocr_line' id='line_1_36' title="bbox 593 2064 2150 2134; baseline -0.001 -16"><span class='ocrx_word' id='word_1_242' title='bbox 593 2069 746 2121; x_wconf 68' lang='lat' dir='ltr'><strong>uxori</strong></span> <span class='ocrx_word' id='word_1_243' title='bbox 778 2066 920 2121; x_wconf 85' lang='lat' dir='ltr'><strong>Semi</strong></span> <span class='ocrx_word' id='word_1_244' title='bbox 957 2083 1151 2122; x_wconf 89' lang='lat' dir='ltr'><strong>nomen</strong></span> <span class='ocrx_word' id='word_1_245' title='bbox 1179 2064 1372 2126; x_wconf 70' lang='lat' dir='ltr'><strong>‘S&#39;alit:</strong></span> <span class='ocrx_word' id='word_1_246' title='bbox 1419 2065 1596 2130; x_wconf 85' lang='lat' dir='ltr'><strong>Hami,</strong></span> <span class='ocrx_word' id='word_1_247' title='bbox 1643 2067 1882 2129; x_wconf 78' lang='lat' dir='ltr'><strong>Nalilat;</strong></span> <span class='ocrx_word' id='word_1_248' title='bbox 1918 2064 2150 2134; x_wconf 79' lang='lat' dir='ltr'><strong>Japheti,</strong></span> 
     </span>
    </p>
   </div>
   <div class='ocr_carea' id='block_1_37' title="bbox 592 2159 860 2212">
    <p class='ocr_par' dir='ltr' id='par_1_37' title="bbox 592 2159 860 2212">
     <span class='ocr_line' id='line_1_37' title="bbox 592 2159 860 2212; baseline 0 0"><span class='ocrx_word' id='word_1_249' title='bbox 592 2159 860 2212; x_wconf 72' lang='lat' dir='ltr'><strong>Arisisalt.</strong></span> 
     </span>
    </p>
   </div>
   <div class='ocr_carea' id='block_1_38' title="bbox 666 2243 2151 2318">
    <p class='ocr_par' dir='ltr' id='par_1_38' title="bbox 666 2243 2151 2318">
     <span class='ocr_line' id='line_1_38' title="bbox 666 2243 2151 2318; baseline -0.001 -19"><span class='ocrx_word' id='word_1_250' title='bbox 666 2243 1077 2317; x_wconf 77' lang='lat' dir='ltr'><strong>Ingravescente</strong></span> <span class='ocrx_word' id='word_1_251' title='bbox 1121 2258 1300 2305; x_wconf 86' lang='lat' dir='ltr'><strong>autem</strong></span> <span class='ocrx_word' id='word_1_252' title='bbox 1355 2251 1410 2304; x_wconf 90' lang='lat' dir='ltr'><strong>in</strong></span> <span class='ocrx_word' id='word_1_253' title='bbox 1459 2259 1605 2304; x_wconf 89' lang='lat' dir='ltr'><strong>terra</strong></span> <span class='ocrx_word' id='word_1_254' title='bbox 1659 2249 1982 2318; x_wconf 85' lang='lat' dir='ltr'><strong>iniquitate.</strong></span> <span class='ocrx_word' id='word_1_255' title='bbox 2026 2259 2151 2300; x_wconf 87' lang='lat' dir='ltr'><strong>cum</strong></span> 
     </span>
    </p>
   </div>
   <div class='ocr_carea' id='block_1_39' title="bbox 593 2335 2150 2409">
    <p class='ocr_par' dir='ltr' id='par_1_39' title="bbox 593 2335 2150 2409">
     <span class='ocr_line' id='line_1_39' title="bbox 593 2335 2150 2409; baseline -0.003 -15"><span class='ocrx_word' id='word_1_256' title='bbox 593 2335 753 2394; x_wconf 55' lang='lat' dir='ltr'><strong>Setlii&#39;</strong></span> <span class='ocrx_word' id='word_1_257' title='bbox 789 2339 1010 2408; x_wconf 80' lang='lat' dir='ltr'><strong>posteri.</strong></span> <span class='ocrx_word' id='word_1_258' title='bbox 1061 2339 1218 2394; x_wconf 64' lang='grc' dir='ltr'><strong>Κεῖηί</strong></span> <span class='ocrx_word' id='word_1_259' title='bbox 1265 2340 1541 2396; x_wconf 85' lang='lat' dir='ltr'><strong>maledicti</strong></span> <span class='ocrx_word' id='word_1_260' title='bbox 1588 2339 1828 2409; x_wconf 84' lang='lat' dir='ltr'><strong>posteris</strong></span> <span class='ocrx_word' id='word_1_261' title='bbox 1877 2337 2150 2408; x_wconf 87' lang='lat' dir='ltr'><strong>permisti,</strong></span> 
     </span>
    </p>
   </div>
   <div class='ocr_carea' id='block_1_40' title="bbox 593 2428 2154 2503">
    <p class='ocr_par' dir='ltr' id='par_1_40' title="bbox 593 2428 2154 2503">
     <span class='ocr_line' id='line_1_40' title="bbox 593 2428 2154 2503; baseline -0.004 -18"><span class='ocrx_word' id='word_1_262' title='bbox 593 2431 797 2485; x_wconf 68' lang='lat' dir='ltr'><strong>scelera</strong></span> <span class='ocrx_word' id='word_1_263' title='bbox 847 2433 1268 2494; x_wconf 89' lang='lat' dir='ltr'><strong>committerent,</strong></span> <span class='ocrx_word' id='word_1_264' title='bbox 1322 2432 1498 2501; x_wconf 84' lang='lat' dir='ltr'><strong>turpia</strong></span> <span class='ocrx_word' id='word_1_265' title='bbox 1538 2439 1836 2503; x_wconf 84' lang='lat' dir='ltr'><strong>patrantes,</strong></span> <span class='ocrx_word' id='word_1_266' title='bbox 1871 2437 1923 2483; x_wconf 90' lang='lat' dir='ltr'><strong>et</strong></span> <span class='ocrx_word' id='word_1_267' title='bbox 1969 2428 2034 2481; x_wconf 88' lang='lat' dir='ltr'><strong>ad</strong></span> <span class='ocrx_word' id='word_1_268' title='bbox 2071 2428 2154 2480; x_wconf 87' lang='lat' dir='ltr'><strong>lu-</strong></span> 
     </span>
    </p>
   </div>
   <div class='ocr_carea' id='block_1_41' title="bbox 593 2507 2150 2591">
    <p class='ocr_par' dir='ltr' id='par_1_41' title="bbox 593 2507 2150 2591">
     <span class='ocr_line' id='line_1_41' title="bbox 593 2507 2150 2591; baseline -0.002 -16"><span class='ocrx_word' id='word_1_269' title='bbox 593 2523 744 2576; x_wconf 91' lang='lat' dir='ltr'><strong>dicra</strong></span> <span class='ocrx_word' id='word_1_270' title='bbox 781 2507 1066 2587; x_wconf 84' lang='lat' dir='ltr'><strong>conversi,</strong></span> <span class='ocrx_word' id='word_1_271' title='bbox 1116 2525 1376 2578; x_wconf 79' lang='lat' dir='ltr'><strong>indicavit</strong></span> <span class='ocrx_word' id='word_1_272' title='bbox 1429 2524 1572 2579; x_wconf 84' lang='lat' dir='ltr'><strong>Deus</strong></span> <span class='ocrx_word' id='word_1_273' title='bbox 1624 2538 1717 2591; x_wconf 89' lang='lat' dir='ltr'><strong>per</strong></span> <span class='ocrx_word' id='word_1_274' title='bbox 1767 2521 2150 2574; x_wconf 84' lang='lat' dir='ltr'><strong>revelationem</strong></span> 
     </span>
    </p>
   </div>
   <div class='ocr_carea' id='block_1_42' title="bbox 593 2613 2154 2676">
    <p class='ocr_par' dir='ltr' id='par_1_42' title="bbox 593 2613 2154 2676">
     <span class='ocr_line' id='line_1_42' title="bbox 593 2613 2154 2676; baseline -0.003 -9"><span class='ocrx_word' id='word_1_275' title='bbox 593 2613 781 2668; x_wconf 79' lang='lat' dir='ltr'><strong>Noalio</strong></span> <span class='ocrx_word' id='word_1_276' title='bbox 815 2634 828 2669; x_wconf 93' lang='lat'><strong>:</strong></span> <span class='ocrx_word' id='word_1_277' title='bbox 871 2615 1137 2672; x_wconf 83' lang='lat' dir='ltr'><strong>Missurus</strong></span> <span class='ocrx_word' id='word_1_278' title='bbox 1164 2632 1281 2671; x_wconf 91' lang='lat' dir='ltr'><strong>sum</strong></span> <span class='ocrx_word' id='word_1_279' title='bbox 1316 2617 1366 2670; x_wconf 92' lang='lat' dir='ltr'><strong>in</strong></span> <span class='ocrx_word' id='word_1_280' title='bbox 1398 2625 1598 2669; x_wconf 85' lang='lat' dir='ltr'><strong>terrain</strong></span> <span class='ocrx_word' id='word_1_281' title='bbox 1627 2615 1913 2676; x_wconf 87' lang='lat' dir='ltr'><strong>diluvium,</strong></span> <span class='ocrx_word' id='word_1_282' title='bbox 1951 2621 2005 2666; x_wconf 91' lang='lat' dir='ltr'><strong>et</strong></span> <span class='ocrx_word' id='word_1_283' title='bbox 2036 2627 2154 2664; x_wconf 90' lang='lat' dir='ltr'><strong>om-</strong></span> 
     </span>
    </p>
   </div>
   <div class='ocr_carea' id='block_1_43' title="bbox 594 2688 2153 2780">
    <p class='ocr_par' dir='ltr' id='par_1_43' title="bbox 594 2688 2153 2780">
     <span class='ocr_line' id='line_1_43' title="bbox 594 2688 2153 2780; baseline -0.002 -24"><span class='ocrx_word' id='word_1_284' title='bbox 594 2705 684 2757; x_wconf 85' lang='lat' dir='ltr'><strong>nia</strong></span> <span class='ocrx_word' id='word_1_285' title='bbox 723 2720 844 2772; x_wconf 74' lang='lat' dir='ltr'><strong>quze</strong></span> <span class='ocrx_word' id='word_1_286' title='bbox 873 2721 1037 2773; x_wconf 85' lang='lat' dir='ltr'><strong>super</strong></span> <span class='ocrx_word' id='word_1_287' title='bbox 1064 2722 1124 2759; x_wconf 90' lang='lat' dir='ltr'><strong>ea</strong></span> <span class='ocrx_word' id='word_1_288' title='bbox 1174 2688 1511 2776; x_wconf 75' lang='lat' dir='ltr'><strong>reperientur</strong></span> <span class='ocrx_word' id='word_1_289' title='bbox 1546 2706 1882 2780; x_wconf 65' lang='lat' dir='ltr'><strong>perditurus,</strong></span> <span class='ocrx_word' id='word_1_290' title='bbox 1934 2700 2153 2769; x_wconf 82' lang='lat' dir='ltr'><strong>Ipsique</strong></span> 
     </span>
    </p>
   </div>
   <div class='ocr_carea' id='block_1_44' title="bbox 593 2791 2153 2862">
    <p class='ocr_par' dir='ltr' id='par_1_44' title="bbox 593 2791 2153 2862">
     <span class='ocr_line' id='line_1_44' title="bbox 593 2791 2153 2862; baseline -0.003 -15"><span class='ocrx_word' id='word_1_291' title='bbox 593 2795 660 2849; x_wconf 92' lang='lat' dir='ltr'><strong>de</strong></span> <span class='ocrx_word' id='word_1_292' title='bbox 708 2812 738 2846; x_wconf 87' lang='grc' dir='ltr'><strong>ιι</strong></span> <span class='ocrx_word' id='word_1_293' title='bbox 761 2806 886 2851; x_wconf 89' lang='lat' dir='ltr'><strong>onte</strong></span> <span class='ocrx_word' id='word_1_294' title='bbox 918 2806 1128 2862; x_wconf 88' lang='lat' dir='ltr'><strong>sancto,</strong></span> <span class='ocrx_word' id='word_1_295' title='bbox 1186 2813 1294 2850; x_wconf 91' lang='lat' dir='ltr'><strong>una</strong></span> <span class='ocrx_word' id='word_1_296' title='bbox 1331 2814 1453 2852; x_wconf 87' lang='lat' dir='ltr'><strong>eum</strong></span> <span class='ocrx_word' id='word_1_297' title='bbox 1503 2797 1627 2850; x_wconf 85' lang='lat' dir='ltr'><strong>ﬁliis</strong></span> <span class='ocrx_word' id='word_1_298' title='bbox 1667 2803 1718 2849; x_wconf 90' lang='lat' dir='ltr'><strong>et</strong></span> <span class='ocrx_word' id='word_1_299' title='bbox 1769 2807 1957 2855; x_wconf 88' lang='lat' dir='ltr'><strong>uxore,</strong></span> <span class='ocrx_word' id='word_1_300' title='bbox 2012 2791 2153 2844; x_wconf 85' lang='lat' dir='ltr'><strong>lilio-</strong></span> 
     </span>
    </p>
   </div>
   <div class='ocr_carea' id='block_1_45' title="bbox 595 2885 2151 2956">
    <p class='ocr_par' dir='ltr' id='par_1_45' title="bbox 595 2885 2151 2956">
     <span class='ocr_line' id='line_1_45' title="bbox 595 2885 2151 2956; baseline -0.003 -16"><span class='ocrx_word' id='word_1_301' title='bbox 595 2895 823 2956; x_wconf 83' lang='lat' dir='ltr'><strong>rumque</strong></span> <span class='ocrx_word' id='word_1_302' title='bbox 853 2890 1138 2950; x_wconf 84' lang='lat' dir='ltr'><strong>uxoribus,</strong></span> <span class='ocrx_word' id='word_1_303' title='bbox 1164 2888 1495 2944; x_wconf 84' lang='lat' dir='ltr'><strong>descendere</strong></span> <span class='ocrx_word' id='word_1_304' title='bbox 1528 2888 1706 2953; x_wconf 82' lang='lat' dir='ltr'><strong>iusso,</strong></span> <span class='ocrx_word' id='word_1_305' title='bbox 1744 2885 1998 2956; x_wconf 60' lang='lat' dir='ltr'><strong>&quot;praecepit</strong></span> <span class='ocrx_word' id='word_1_306' title='bbox 2029 2891 2090 2937; x_wconf 94' lang='lat' dir='ltr'><strong>ut</strong></span> <span class='ocrx_word' id='word_1_307' title='bbox 2122 2897 2151 2936; x_wconf 88' lang='lat' dir='ltr'><strong>e</strong></span> 
     </span>
    </p>
   </div>
   <div class='ocr_carea' id='block_1_46' title="bbox 595 2973 2152 3047">
    <p class='ocr_par' dir='ltr' id='par_1_46' title="bbox 595 2973 2152 3047">
     <span class='ocr_line' id='line_1_46' title="bbox 595 2973 2152 3047; baseline -0.001 -18"><span class='ocrx_word' id='word_1_308' title='bbox 595 2978 754 3046; x_wconf 77' lang='lat' dir='ltr'><strong>lignis</strong></span> <span class='ocrx_word' id='word_1_309' title='bbox 788 2979 1070 3047; x_wconf 73' lang='lat' dir='ltr'><strong>quadratis</strong></span> <span class='ocrx_word' id='word_1_310' title='bbox 1099 2978 1278 3032; x_wconf 85' lang='lat' dir='ltr'><strong>navim</strong></span> <span class='ocrx_word' id='word_1_311' title='bbox 1306 2986 1610 3033; x_wconf 77' lang='lat' dir='ltr'><strong>exstrueret</strong></span> <span class='ocrx_word' id='word_1_312' title='bbox 1642 2977 1816 3046; x_wconf 82' lang='lat' dir='ltr'><strong>(juxta</strong></span> <span class='ocrx_word' id='word_1_313' title='bbox 1855 2973 2152 3028; x_wconf 88' lang='lat' dir='ltr'><strong>nonnullos</strong></span> 
     </span>
    </p>
   </div>
   <div class='ocr_carea' id='block_1_47' title="bbox 591 3064 2154 3138">
    <p class='ocr_par' dir='ltr' id='par_1_47' title="bbox 591 3064 2154 3138">
     <span class='ocr_line' id='line_1_47' title="bbox 591 3064 2154 3138; baseline -0.003 -18"><span class='ocrx_word' id='word_1_314' title='bbox 591 3080 624 3120; x_wconf 84' lang='lat' dir='ltr'><strong>e</strong></span> <span class='ocrx_word' id='word_1_315' title='bbox 656 3069 818 3138; x_wconf 89' lang='lat' dir='ltr'><strong>lignis</strong></span> <span class='ocrx_word' id='word_1_316' title='bbox 839 3072 1036 3137; x_wconf 88' lang='lat' dir='ltr'><strong>platani</strong></span> <span class='ocrx_word' id='word_1_317' title='bbox 1069 3065 1286 3136; x_wconf 65' lang='lat' dir='ltr'><strong>Iudicat)</strong></span> <span class='ocrx_word' id='word_1_318' title='bbox 1329 3069 1486 3137; x_wconf 89' lang='lat' dir='ltr'><strong>cujus</strong></span> <span class='ocrx_word' id='word_1_319' title='bbox 1520 3068 1802 3135; x_wconf 70' lang='lat' dir='ltr'><strong>longitudo</strong></span> <span class='ocrx_word' id='word_1_320' title='bbox 1827 3075 1973 3121; x_wconf 83' lang='lat' dir='ltr'><strong>esset</strong></span> <span class='ocrx_word' id='word_1_321' title='bbox 2006 3064 2154 3118; x_wconf 92' lang='lat' dir='ltr'><strong>cubi-</strong></span> 
     </span>
    </p>
   </div>
   <div class='ocr_carea' id='block_1_48' title="bbox 595 3133 2223 3230">
    <p class='ocr_par' dir='ltr' id='par_1_48' title="bbox 595 3133 2223 3230">
     <span class='ocr_line' id='line_1_48' title="bbox 595 3133 2223 3230; baseline -0.001 -19"><span class='ocrx_word' id='word_1_322' title='bbox 595 3133 776 3214; x_wconf 72' lang='lat' dir='ltr'><strong>torum</strong></span> <span class='ocrx_word' id='word_1_323' title='bbox 811 3133 893 3214; x_wconf 78' lang='lat' dir='ltr'><strong>ter</strong></span> <span class='ocrx_word' id='word_1_324' title='bbox 921 3166 1162 3224; x_wconf 82' lang='lat' dir='ltr'><strong>centum,</strong></span> <span class='ocrx_word' id='word_1_325' title='bbox 1199 3133 1429 3214; x_wconf 81' lang='lat' dir='ltr'><strong>latitudo</strong></span> <span class='ocrx_word' id='word_1_326' title='bbox 1463 3133 1877 3230; x_wconf 81' lang='lat' dir='ltr'><strong>quinquaginta,</strong></span> <span class='ocrx_word' id='word_1_327' title='bbox 1921 3157 2152 3211; x_wconf 89' lang='lat' dir='ltr'><strong>altitudo</strong></span> <span class='ocrx_word' id='word_1_328' title='bbox 2178 3133 2223 3193; x_wconf 67' lang='grc' dir='ltr'><strong>θ</strong></span> 
     </span>
    </p>
   </div>
   <div class='ocr_carea' id='block_1_49' title="bbox 594 3253 2156 3324">
    <p class='ocr_par' dir='ltr' id='par_1_49' title="bbox 594 3253 2156 3324">
     <span class='ocr_line' id='line_1_49' title="bbox 594 3253 2156 3324; baseline -0.001 -17"><span class='ocrx_word' id='word_1_329' title='bbox 594 3255 852 3322; x_wconf 86' lang='lat' dir='ltr'><strong>triglnta;</strong></span> <span class='ocrx_word' id='word_1_330' title='bbox 884 3270 1112 3324; x_wconf 89' lang='lat' dir='ltr'><strong>eamque</strong></span> <span class='ocrx_word' id='word_1_331' title='bbox 1146 3255 1377 3310; x_wconf 88' lang='lat' dir='ltr'><strong>interius</strong></span> <span class='ocrx_word' id='word_1_332' title='bbox 1408 3263 1462 3308; x_wconf 90' lang='lat' dir='ltr'><strong>et</strong></span> <span class='ocrx_word' id='word_1_333' title='bbox 1498 3256 1739 3310; x_wconf 89' lang='lat' dir='ltr'><strong>exterius</strong></span> <span class='ocrx_word' id='word_1_334' title='bbox 1772 3255 1888 3324; x_wconf 90' lang='lat' dir='ltr'><strong>pice</strong></span> <span class='ocrx_word' id='word_1_335' title='bbox 1914 3267 1976 3308; x_wconf 87' lang='lat' dir='ltr'><strong>ac</strong></span> <span class='ocrx_word' id='word_1_336' title='bbox 2011 3253 2156 3307; x_wconf 89' lang='lat' dir='ltr'><strong>bitu-</strong></span> 
     </span>
    </p>
   </div>
   <div class='ocr_carea' id='block_1_50' title="bbox 596 3347 2154 3418">
    <p class='ocr_par' dir='ltr' id='par_1_50' title="bbox 596 3347 2154 3418">
     <span class='ocr_line' id='line_1_50' title="bbox 596 3347 2154 3418; baseline -0.001 -16"><span class='ocrx_word' id='word_1_337' title='bbox 596 3348 744 3403; x_wconf 88' lang='lat' dir='ltr'><strong>mine</strong></span> <span class='ocrx_word' id='word_1_338' title='bbox 787 3348 1014 3401; x_wconf 85' lang='lat' dir='ltr'><strong>oblitam</strong></span> <span class='ocrx_word' id='word_1_339' title='bbox 1059 3349 1112 3401; x_wconf 94' lang='lat' dir='ltr'><strong>in</strong></span> <span class='ocrx_word' id='word_1_340' title='bbox 1163 3358 1273 3403; x_wconf 89' lang='lat' dir='ltr'><strong>tres</strong></span> <span class='ocrx_word' id='word_1_341' title='bbox 1321 3349 1760 3418; x_wconf 82' lang='lat' dir='ltr'><strong>contignationes</strong></span> <span class='ocrx_word' id='word_1_342' title='bbox 1809 3347 1918 3416; x_wconf 80' lang='lat'><strong><em>36</em></strong></span> <span class='ocrx_word' id='word_1_343' title='bbox 1957 3347 2154 3401; x_wconf 85' lang='lat' dir='ltr'><strong>distin-</strong></span> 
     </span>
    </p>
   </div>
   <div class='ocr_carea' id='block_1_51' title="bbox 596 3429 2153 3516">
    <p class='ocr_par' dir='ltr' id='par_1_51' title="bbox 596 3429 2153 3516">
     <span class='ocr_line' id='line_1_51' title="bbox 596 3429 2153 3516; baseline -0.001 -22"><span class='ocrx_word' id='word_1_344' title='bbox 596 3429 807 3511; x_wconf 80' lang='lat' dir='ltr'><strong>gneret,</strong></span> <span class='ocrx_word' id='word_1_345' title='bbox 855 3453 1083 3508; x_wconf 86' lang='lat' dir='ltr'><strong>quarum</strong></span> <span class='ocrx_word' id='word_1_346' title='bbox 1127 3441 1349 3516; x_wconf 52' lang='grc' dir='ltr'><strong>ὶιιῐίιιιιι,Ν</strong></span> <span class='ocrx_word' id='word_1_347' title='bbox 1392 3436 1520 3497; x_wconf 84' lang='lat' dir='ltr'><strong>feris</strong></span> <span class='ocrx_word' id='word_1_348' title='bbox 1570 3451 1718 3497; x_wconf 87' lang='lat' dir='ltr'><strong>esset</strong></span> <span class='ocrx_word' id='word_1_349' title='bbox 1759 3448 1816 3495; x_wconf 89' lang='lat' dir='ltr'><strong>et</strong></span> <span class='ocrx_word' id='word_1_350' title='bbox 1855 3440 2153 3507; x_wconf 77' lang='lat' dir='ltr'><strong>iumentis;</strong></span> 
     </span>
    </p>
   </div>
   <div class='ocr_carea' id='block_1_52' title="bbox 596 3528 2154 3600">
    <p class='ocr_par' dir='ltr' id='par_1_52' title="bbox 596 3528 2154 3600">
     <span class='ocr_line' id='line_1_52' title="bbox 596 3528 2154 3600; baseline 0.002 -18"><span class='ocrx_word' id='word_1_351' title='bbox 596 3528 794 3596; x_wconf 84' lang='lat' dir='ltr'><strong>media,</strong></span> <span class='ocrx_word' id='word_1_352' title='bbox 840 3530 1188 3594; x_wconf 86' lang='lat' dir='ltr'><strong>volucribus;</strong></span> <span class='ocrx_word' id='word_1_353' title='bbox 1242 3545 1518 3600; x_wconf 88' lang='lat' dir='ltr'><strong>suprema,</strong></span> <span class='ocrx_word' id='word_1_354' title='bbox 1569 3531 1670 3600; x_wconf 89' lang='lat' dir='ltr'><strong>ipsi</strong></span> <span class='ocrx_word' id='word_1_355' title='bbox 1728 3539 1781 3584; x_wconf 90' lang='lat' dir='ltr'><strong>et</strong></span> <span class='ocrx_word' id='word_1_356' title='bbox 1827 3530 1953 3584; x_wconf 85' lang='lat' dir='ltr'><strong>ﬁliis</strong></span> <span class='ocrx_word' id='word_1_357' title='bbox 2001 3532 2154 3597; x_wconf 83' lang='lat' dir='ltr'><strong>suis;</strong></span> 
     </span>
    </p>
   </div>
   <div class='ocr_carea' id='block_1_53' title="bbox 595 3603 2155 3690">
    <p class='ocr_par' dir='ltr' id='par_1_53' title="bbox 595 3603 2155 3690">
     <span class='ocr_line' id='line_1_53' title="bbox 595 3603 2155 3690; baseline 0.001 -18"><span class='ocrx_word' id='word_1_358' title='bbox 595 3603 852 3687; x_wconf 74' lang='lat' dir='ltr'><strong>essetque</strong></span> <span class='ocrx_word' id='word_1_359' title='bbox 901 3632 1058 3688; x_wconf 87' lang='lat' dir='ltr'><strong>porta</strong></span> <span class='ocrx_word' id='word_1_360' title='bbox 1100 3620 1254 3676; x_wconf 88' lang='lat' dir='ltr'><strong>navis</strong></span> <span class='ocrx_word' id='word_1_361' title='bbox 1308 3621 1362 3674; x_wconf 92' lang='lat' dir='ltr'><strong>in</strong></span> <span class='ocrx_word' id='word_1_362' title='bbox 1413 3621 1580 3675; x_wconf 89' lang='lat' dir='ltr'><strong>latere</strong></span> <span class='ocrx_word' id='word_1_363' title='bbox 1630 3621 1801 3690; x_wconf 83' lang='lat' dir='ltr'><strong>ipsius</strong></span> <span class='ocrx_word' id='word_1_364' title='bbox 1843 3621 1909 3674; x_wconf 87' lang='lat' dir='ltr'><strong>ad</strong></span> <span class='ocrx_word' id='word_1_365' title='bbox 1947 3628 2155 3689; x_wconf 87' lang='lat' dir='ltr'><strong>partem</strong></span> 
     </span>
    </p>
   </div>
   <div class='ocr_carea' id='block_1_54' title="bbox 595 3709 2153 3782">
    <p class='ocr_par' dir='ltr' id='par_1_54' title="bbox 595 3709 2153 3782">
     <span class='ocr_line' id='line_1_54' title="bbox 595 3709 2153 3782; baseline 0.002 -19"><span class='ocrx_word' id='word_1_366' title='bbox 595 3709 939 3775; x_wconf 79' lang='lat' dir='ltr'><strong>orientalem,</strong></span> <span class='ocrx_word' id='word_1_367' title='bbox 962 3711 1261 3781; x_wconf 88' lang='lat' dir='ltr'><strong>ﬁerentque</strong></span> <span class='ocrx_word' id='word_1_368' title='bbox 1283 3710 1334 3766; x_wconf 74' lang='lat' dir='ltr'><strong>in</strong></span> <span class='ocrx_word' id='word_1_369' title='bbox 1359 3713 1473 3782; x_wconf 88' lang='lat' dir='ltr'><strong>ipsa</strong></span> <span class='ocrx_word' id='word_1_370' title='bbox 1504 3713 1608 3766; x_wconf 78' lang='lat' dir='ltr'><strong>laci</strong></span> <span class='ocrx_word' id='word_1_371' title='bbox 1630 3727 1786 3782; x_wconf 59' lang='lat' dir='ltr'><strong>aqua</strong></span> <span class='ocrx_word' id='word_1_372' title='bbox 1811 3712 2153 3780; x_wconf 64' lang='lat' dir='ltr'><strong>recipiendae,</strong></span> 
     </span>
    </p>
   </div>
   <div class='ocr_carea' id='block_1_55' title="bbox 596 3801 2168 3874">
    <p class='ocr_par' dir='ltr' id='par_1_55' title="bbox 596 3801 2168 3874">
     <span class='ocr_line' id='line_1_55' title="bbox 596 3801 2168 3874; baseline 0.003 -20"><span class='ocrx_word' id='word_1_373' title='bbox 596 3813 661 3855; x_wconf 90' lang='lat' dir='ltr'><strong>ac</strong></span> <span class='ocrx_word' id='word_1_374' title='bbox 696 3801 850 3856; x_wconf 86' lang='lat' dir='ltr'><strong>locus</strong></span> <span class='ocrx_word' id='word_1_375' title='bbox 877 3803 1022 3856; x_wconf 91' lang='lat' dir='ltr'><strong>cibo.</strong></span> <span class='ocrx_word' id='word_1_376' title='bbox 1059 3804 1345 3872; x_wconf 78' lang='lat' dir='ltr'><strong>Ingressus</strong></span> <span class='ocrx_word' id='word_1_377' title='bbox 1371 3819 1502 3872; x_wconf 81' lang='lat' dir='ltr'><strong>ergo</strong></span> <span class='ocrx_word' id='word_1_378' title='bbox 1544 3803 1692 3859; x_wconf 86' lang='lat' dir='ltr'><strong>Noah</strong></span> <span class='ocrx_word' id='word_1_379' title='bbox 1723 3805 2035 3874; x_wconf 86' lang='lat' dir='ltr'><strong>speluncam</strong></span> <span class='ocrx_word' id='word_1_380' title='bbox 2062 3805 2168 3859; x_wconf 66' lang='lat' dir='ltr'><strong>Al-&#39;</strong></span> 
     </span>
    </p>
   </div>
   <div class='ocr_carea' id='block_1_56' title="bbox 595 3885 2154 3972">
    <p class='ocr_par' dir='ltr' id='par_1_56' title="bbox 595 3885 2154 3972">
     <span class='ocr_line' id='line_1_56' title="bbox 595 3885 2154 3972; baseline 0.001 -27"><span class='ocrx_word' id='word_1_381' title='bbox 595 3907 789 3972; x_wconf 75' lang='lat' dir='ltr'><strong>eanuz,</strong></span> <span class='ocrx_word' id='word_1_382' title='bbox 846 3904 901 3947; x_wconf 91' lang='lat' dir='ltr'><strong>et</strong></span> <span class='ocrx_word' id='word_1_383' title='bbox 961 3893 1147 3957; x_wconf 84' lang='lat' dir='ltr'><strong>Setlii,</strong></span> <span class='ocrx_word' id='word_1_384' title='bbox 1202 3894 1433 3959; x_wconf 85' lang='lat' dir='ltr'><strong>Enoclii,</strong></span> <span class='ocrx_word' id='word_1_385' title='bbox 1491 3885 1761 3959; x_wconf 81' lang='lat' dir='ltr'><strong>Kainani,</strong></span> <span class='ocrx_word' id='word_1_386' title='bbox 1809 3892 2154 3959; x_wconf 81' lang='lat' dir='ltr'><strong>Malilalielis,</strong></span> 
     </span>
    </p>
   </div>
   <div class='ocr_carea' id='block_1_57' title="bbox 594 3984 2155 4057">
    <p class='ocr_par' dir='ltr' id='par_1_57' title="bbox 594 3984 2155 4057">
     <span class='ocr_line' id='line_1_57' title="bbox 594 3984 2155 4057; baseline 0.001 -18"><span class='ocrx_word' id='word_1_387' title='bbox 594 3984 1271 4050; x_wconf 79' lang='lat' dir='ltr'><strong>Jaredi,Mathuslialechi,</strong></span> <span class='ocrx_word' id='word_1_388' title='bbox 1295 3996 1347 4040; x_wconf 91' lang='lat' dir='ltr'><strong>et</strong></span> <span class='ocrx_word' id='word_1_389' title='bbox 1369 3986 1621 4041; x_wconf 83' lang='lat' dir='ltr'><strong>Lameclii</strong></span> <span class='ocrx_word' id='word_1_390' title='bbox 1648 4002 1877 4057; x_wconf 88' lang='lat' dir='ltr'><strong>corpora</strong></span> <span class='ocrx_word' id='word_1_391' title='bbox 1925 3986 2155 4042; x_wconf 86' lang='lat' dir='ltr'><strong>deoscu-</strong></span> 
     </span>
    </p>
   </div>
   <div class='ocr_carea' id='block_1_58' title="bbox 599 4077 2156 4146">
    <p class='ocr_par' dir='ltr' id='par_1_58' title="bbox 599 4077 2156 4146">
     <span class='ocr_line' id='line_1_58' title="bbox 599 4077 2156 4146; baseline 0.002 -18"><span class='ocrx_word' id='word_1_392' title='bbox 599 4079 764 4139; x_wconf 89' lang='lat' dir='ltr'><strong>latus,</strong></span> <span class='ocrx_word' id='word_1_393' title='bbox 798 4092 1001 4146; x_wconf 91' lang='lat' dir='ltr'><strong>corpus</strong></span> <span class='ocrx_word' id='word_1_394' title='bbox 1056 4077 1247 4131; x_wconf 86' lang='lat' dir='ltr'><strong>Adanii</strong></span> <span class='ocrx_word' id='word_1_395' title='bbox 1300 4094 1514 4146; x_wconf 89' lang='lat' dir='ltr'><strong>unaque</strong></span> <span class='ocrx_word' id='word_1_396' title='bbox 1559 4079 1862 4134; x_wconf 79' lang='lat' dir='ltr'><strong>oblationes</strong></span> <span class='ocrx_word' id='word_1_397' title='bbox 1911 4079 2156 4145; x_wconf 87' lang='lat' dir='ltr'><strong>sustulit,</strong></span> 
     </span>
    </p>
   </div>
   <div class='ocr_carea' id='block_1_59' title="bbox 599 4167 2156 4245">
    <p class='ocr_par' dir='ltr' id='par_1_59' title="bbox 599 4167 2156 4245">
     <span class='ocr_line' id='line_1_59' title="bbox 599 4167 2156 4245; baseline 0.004 -25"><span class='ocrx_word' id='word_1_398' title='bbox 599 4168 804 4222; x_wconf 85' lang='lat' dir='ltr'><strong>ferente</strong></span> <span class='ocrx_word' id='word_1_399' title='bbox 851 4168 1012 4222; x_wconf 87' lang='lat' dir='ltr'><strong>Semo</strong></span> <span class='ocrx_word' id='word_1_400' title='bbox 1050 4185 1277 4232; x_wconf 88' lang='lat' dir='ltr'><strong>aurum,</strong></span> <span class='ocrx_word' id='word_1_401' title='bbox 1325 4167 1496 4245; x_wconf 78' lang='lat' dir='ltr'><strong>Domo</strong></span> <span class='ocrx_word' id='word_1_402' title='bbox 1551 4173 1860 4242; x_wconf 85' lang='lat' dir='ltr'><strong>myrrham,</strong></span> <span class='ocrx_word' id='word_1_403' title='bbox 1926 4170 2156 4240; x_wconf 83' lang='lat' dir='ltr'><strong>.Iapheto</strong></span> 
     </span>
    </p>
   </div>
   <div class='ocr_carea' id='block_1_60' title="bbox 598 4258 2157 4330">
    <p class='ocr_par' dir='ltr' id='par_1_60' title="bbox 598 4258 2157 4330">
     <span class='ocr_line' id='line_1_60' title="bbox 598 4258 2157 4330; baseline 0.001 -15"><span class='ocrx_word' id='word_1_404' title='bbox 598 4262 743 4315; x_wconf 85' lang='lat' dir='ltr'><strong>thus.</strong></span> <span class='ocrx_word' id='word_1_405' title='bbox 777 4258 992 4329; x_wconf 80' lang='lat' dir='ltr'><strong>Egressi</strong></span> <span class='ocrx_word' id='word_1_406' title='bbox 1030 4262 1193 4330; x_wconf 82' lang='lat' dir='ltr'><strong>igitur</strong></span> <span class='ocrx_word' id='word_1_407' title='bbox 1229 4269 1285 4314; x_wconf 93' lang='lat' dir='ltr'><strong>ut</strong></span> <span class='ocrx_word' id='word_1_408' title='bbox 1335 4278 1365 4315; x_wconf 92' lang='lat' dir='ltr'><strong>e</strong></span> <span class='ocrx_word' id='word_1_409' title='bbox 1403 4270 1582 4317; x_wconf 88' lang='lat' dir='ltr'><strong>monte</strong></span> <span class='ocrx_word' id='word_1_410' title='bbox 1621 4274 1812 4318; x_wconf 89' lang='lat' dir='ltr'><strong>sancto</strong></span> <span class='ocrx_word' id='word_1_411' title='bbox 1861 4263 2157 4317; x_wconf 86' lang='lat' dir='ltr'><strong>descende-</strong></span> 
     </span>
    </p>
   </div>
   <div class='ocr_carea' id='block_1_61' title="bbox 596 4353 2157 4437">
    <p class='ocr_par' dir='ltr' id='par_1_61' title="bbox 596 4353 2157 4437">
     <span class='ocr_line' id='line_1_61' title="bbox 596 4353 2157 4437; baseline 0.001 -33"><span class='ocrx_word' id='word_1_412' title='bbox 596 4361 738 4415; x_wconf 89' lang='lat' dir='ltr'><strong>rent,</strong></span> <span class='ocrx_word' id='word_1_413' title='bbox 771 4354 1003 4407; x_wconf 88' lang='lat' dir='ltr'><strong>sublatis</strong></span> <span class='ocrx_word' id='word_1_414' title='bbox 1035 4354 1099 4406; x_wconf 89' lang='lat' dir='ltr'><strong>ad</strong></span> <span class='ocrx_word' id='word_1_415' title='bbox 1133 4355 1447 4421; x_wconf 88' lang='lat' dir='ltr'><strong>paradisum</strong></span> <span class='ocrx_word' id='word_1_416' title='bbox 1489 4354 1688 4420; x_wconf 72' lang='lat' dir='ltr'><strong>oculis,</strong></span> <span class='ocrx_word' id='word_1_417' title='bbox 1733 4353 1926 4437; x_wconf 71' lang='lat' dir='ltr'><strong>flevere</strong></span> <span class='ocrx_word' id='word_1_418' title='bbox 1970 4355 2157 4408; x_wconf 87' lang='lat' dir='ltr'><strong>dicen-</strong></span> 
     </span>
    </p>
   </div>
   <div class='ocr_carea' id='block_1_62' title="bbox 2257 1874 3784 1954">
    <p class='ocr_par' dir='ltr' id='par_1_62' title="bbox 2257 1874 3784 1954">
     <span class='ocr_line' id='line_1_62' title="bbox 2257 1874 3784 1954; baseline -0.001 -18"><span class='ocrx_word' id='word_1_419' title='bbox 2257 1893 2537 1951; x_wconf 89' lang='lat' dir='ltr'><strong>rumpente</strong></span> <span class='ocrx_word' id='word_1_420' title='bbox 2567 1893 2741 1938; x_wconf 80' lang='lat' dir='ltr'><strong>autem</strong></span> <span class='ocrx_word' id='word_1_421' title='bbox 2782 1899 2810 1937; x_wconf 88' lang='lat' dir='ltr'><strong>e</strong></span> <span class='ocrx_word' id='word_1_422' title='bbox 2839 1895 2979 1938; x_wconf 86' lang='lat' dir='ltr'><strong>terra</strong></span> <span class='ocrx_word' id='word_1_423' title='bbox 3021 1899 3182 1954; x_wconf 89' lang='lat' dir='ltr'><strong>aqua,</strong></span> <span class='ocrx_word' id='word_1_424' title='bbox 3213 1874 3503 1954; x_wconf 86' lang='lat' dir='ltr'><strong>pluviaque</strong></span> <span class='ocrx_word' id='word_1_425' title='bbox 3549 1883 3615 1937; x_wconf 90' lang='lat' dir='ltr'><strong>de</strong></span> <span class='ocrx_word' id='word_1_426' title='bbox 3649 1886 3784 1942; x_wconf 67' lang='lat' dir='ltr'><strong>caelo.</strong></span> 
     </span>
    </p>
   </div>
   <div class='ocr_carea' id='block_1_63' title="bbox 2255 1965 3786 2046">
    <p class='ocr_par' dir='ltr' id='par_1_63' title="bbox 2255 1965 3786 2046">
     <span class='ocr_line' id='line_1_63' title="bbox 2255 1965 3786 2046; baseline -0.001 -17"><span class='ocrx_word' id='word_1_427' title='bbox 2255 1977 2608 2046; x_wconf 79' lang='lat' dir='ltr'><strong>quadraginta</strong></span> <span class='ocrx_word' id='word_1_428' title='bbox 2641 1976 2758 2031; x_wconf 84' lang='lat' dir='ltr'><strong>dies</strong></span> <span class='ocrx_word' id='word_1_429' title='bbox 2790 1965 3086 2044; x_wconf 74' lang='lat' dir='ltr'><strong>noctc&#39;sqne</strong></span> <span class='ocrx_word' id='word_1_430' title='bbox 3119 1978 3412 2031; x_wconf 84' lang='lat' dir='ltr'><strong>centinuos</strong></span> <span class='ocrx_word' id='word_1_431' title='bbox 3460 1993 3632 2044; x_wconf 88' lang='lat' dir='ltr'><strong>usque</strong></span> <span class='ocrx_word' id='word_1_432' title='bbox 3674 1977 3786 2029; x_wconf 81' lang='lat' dir='ltr'><strong>adeo</strong></span> 
     </span>
    </p>
   </div>
   <div class='ocr_carea' id='block_1_64' title="bbox 2242 2070 3784 2139">
    <p class='ocr_par' dir='ltr' id='par_1_64' title="bbox 2242 2070 3784 2139">
     <span class='ocr_line' id='line_1_64' title="bbox 2242 2070 3784 2139; baseline -0.001 -14"><span class='ocrx_word' id='word_1_433' title='bbox 2242 2070 2484 2125; x_wconf 84' lang='lat' dir='ltr'><strong>invaluit</strong></span> <span class='ocrx_word' id='word_1_434' title='bbox 2530 2085 2667 2139; x_wconf 91' lang='lat' dir='ltr'><strong>aqua</strong></span> <span class='ocrx_word' id='word_1_435' title='bbox 2722 2086 2883 2138; x_wconf 88' lang='lat' dir='ltr'><strong>super</strong></span> <span class='ocrx_word' id='word_1_436' title='bbox 2919 2081 3144 2135; x_wconf 88' lang='lat' dir='ltr'><strong>terram,</strong></span> <span class='ocrx_word' id='word_1_437' title='bbox 3175 2079 3232 2124; x_wconf 92' lang='lat' dir='ltr'><strong>ut</strong></span> <span class='ocrx_word' id='word_1_438' title='bbox 3274 2073 3602 2126; x_wconf 88' lang='lat' dir='ltr'><strong>altissimum</strong></span> <span class='ocrx_word' id='word_1_439' title='bbox 3629 2072 3712 2138; x_wconf 90' lang='lat' dir='ltr'><strong>qui</strong></span> <span class='ocrx_word' id='word_1_440' title='bbox 3739 2071 3784 2124; x_wconf 85' lang='lat' dir='ltr'><strong>iu</strong></span> 
     </span>
    </p>
   </div>
   <div class='ocr_carea' id='block_1_65' title="bbox 2256 2162 3788 2233">
    <p class='ocr_par' dir='ltr' id='par_1_65' title="bbox 2256 2162 3788 2233">
     <span class='ocr_line' id='line_1_65' title="bbox 2256 2162 3788 2233; baseline 0 -19"><span class='ocrx_word' id='word_1_441' title='bbox 2256 2170 2397 2216; x_wconf 82' lang='lat' dir='ltr'><strong>terra</strong></span> <span class='ocrx_word' id='word_1_442' title='bbox 2434 2163 2604 2233; x_wconf 80' lang='lat' dir='ltr'><strong>(sunt)</strong></span> <span class='ocrx_word' id='word_1_443' title='bbox 2635 2164 2894 2216; x_wconf 91' lang='lat' dir='ltr'><strong>montium</strong></span> <span class='ocrx_word' id='word_1_444' title='bbox 2934 2162 3241 2232; x_wconf 76' lang='lat' dir='ltr'><strong>quindecim</strong></span> <span class='ocrx_word' id='word_1_445' title='bbox 3269 2163 3470 2217; x_wconf 81' lang='lat' dir='ltr'><strong>cubitis</strong></span> <span class='ocrx_word' id='word_1_446' title='bbox 3507 2172 3788 2230; x_wconf 83' lang='lat' dir='ltr'><strong>superaret,</strong></span> 
     </span>
    </p>
   </div>
   <div class='ocr_carea' id='block_1_66' title="bbox 2255 2251 3785 2322">
    <p class='ocr_par' dir='ltr' id='par_1_66' title="bbox 2255 2251 3785 2322">
     <span class='ocr_line' id='line_1_66' title="bbox 2255 2251 3785 2322; baseline -0.002 -17"><span class='ocrx_word' id='word_1_447' title='bbox 2255 2261 2522 2321; x_wconf 65' lang='lat' dir='ltr'><strong>terraeque</strong></span> <span class='ocrx_word' id='word_1_448' title='bbox 2555 2251 2895 2320; x_wconf 84' lang='lat' dir='ltr'><strong>superﬁciem</strong></span> <span class='ocrx_word' id='word_1_449' title='bbox 2927 2260 3144 2306; x_wconf 81' lang='lat' dir='ltr'><strong>centum</strong></span> <span class='ocrx_word' id='word_1_450' title='bbox 3179 2259 3234 2305; x_wconf 90' lang='lat' dir='ltr'><strong>et</strong></span> <span class='ocrx_word' id='word_1_451' title='bbox 3265 2252 3657 2322; x_wconf 80' lang='lat' dir='ltr'><strong>quinquaginta</strong></span> <span class='ocrx_word' id='word_1_452' title='bbox 3688 2252 3785 2306; x_wconf 79' lang='lat' dir='ltr'><strong>dies</strong></span> 
     </span>
    </p>
   </div>
   <div class='ocr_carea' id='block_1_67' title="bbox 2255 2345 3789 2417">
    <p class='ocr_par' dir='ltr' id='par_1_67' title="bbox 2255 2345 3789 2417">
     <span class='ocr_line' id='line_1_67' title="bbox 2255 2345 3789 2417; baseline -0.003 -16"><span class='ocrx_word' id='word_1_453' title='bbox 2255 2349 2512 2411; x_wconf 80' lang='lat' dir='ltr'><strong>aperiret,</strong></span> <span class='ocrx_word' id='word_1_454' title='bbox 2546 2347 2719 2403; x_wconf 88' lang='lat' dir='ltr'><strong>donec</strong></span> <span class='ocrx_word' id='word_1_455' title='bbox 2749 2362 2857 2402; x_wconf 90' lang='lat' dir='ltr'><strong>non</strong></span> <span class='ocrx_word' id='word_1_456' title='bbox 2883 2356 3194 2417; x_wconf 80' lang='lat' dir='ltr'><strong>superesset</strong></span> <span class='ocrx_word' id='word_1_457' title='bbox 3223 2347 3278 2399; x_wconf 89' lang='lat' dir='ltr'><strong>in</strong></span> <span class='ocrx_word' id='word_1_458' title='bbox 3313 2356 3459 2401; x_wconf 85' lang='lat' dir='ltr'><strong>terra</strong></span> <span class='ocrx_word' id='word_1_459' title='bbox 3495 2346 3691 2399; x_wconf 85' lang='lat' dir='ltr'><strong>animal</strong></span> <span class='ocrx_word' id='word_1_460' title='bbox 3725 2345 3789 2398; x_wconf 89' lang='lat' dir='ltr'><strong>vel</strong></span> 
     </span>
    </p>
   </div>
   <div class='ocr_carea' id='block_1_68' title="bbox 2256 2438 3794 2508">
    <p class='ocr_par' dir='ltr' id='par_1_68' title="bbox 2256 2438 3794 2508">
     <span class='ocr_line' id='line_1_68' title="bbox 2256 2438 3794 2508; baseline -0.003 -15"><span class='ocrx_word' id='word_1_461' title='bbox 2256 2441 2436 2508; x_wconf 87' lang='lat' dir='ltr'><strong>planta</strong></span> <span class='ocrx_word' id='word_1_462' title='bbox 2470 2440 2598 2507; x_wconf 91' lang='lat' dir='ltr'><strong>quin</strong></span> <span class='ocrx_word' id='word_1_463' title='bbox 2650 2439 2986 2508; x_wconf 85' lang='lat' dir='ltr'><strong>perderetur.</strong></span> <span class='ocrx_word' id='word_1_464' title='bbox 3044 2438 3162 2494; x_wconf 84' lang='lat' dir='ltr'><strong>Jam</strong></span> <span class='ocrx_word' id='word_1_465' title='bbox 3215 2443 3284 2497; x_wconf 90' lang='lat' dir='ltr'><strong>ab</strong></span> <span class='ocrx_word' id='word_1_466' title='bbox 3314 2439 3523 2492; x_wconf 78' lang='lat' dir='ltr'><strong>Adamn</strong></span> <span class='ocrx_word' id='word_1_467' title='bbox 3573 2439 3637 2492; x_wconf 85' lang='lat' dir='ltr'><strong>ad</strong></span> <span class='ocrx_word' id='word_1_468' title='bbox 3677 2438 3794 2492; x_wconf 65' lang='lat' dir='ltr'><strong>dilu«</strong></span> 
     </span>
    </p>
   </div>
   <div class='ocr_carea' id='block_1_69' title="bbox 2257 2528 3794 2598">
    <p class='ocr_par' dir='ltr' id='par_1_69' title="bbox 2257 2528 3794 2598">
     <span class='ocr_line' id='line_1_69' title="bbox 2257 2528 3794 2598; baseline -0.002 -17"><span class='ocrx_word' id='word_1_469' title='bbox 2257 2531 2397 2582; x_wconf 85' lang='lat' dir='ltr'><strong>vium</strong></span> <span class='ocrx_word' id='word_1_470' title='bbox 2449 2530 2576 2582; x_wconf 91' lang='lat' dir='ltr'><strong>anni</strong></span> <span class='ocrx_word' id='word_1_471' title='bbox 2612 2538 2772 2583; x_wconf 85' lang='lat' dir='ltr'><strong>erant</strong></span> <span class='ocrx_word' id='word_1_472' title='bbox 2820 2528 2906 2582; x_wconf 90' lang='lat' dir='ltr'><strong>bis</strong></span> <span class='ocrx_word' id='word_1_473' title='bbox 2954 2530 3100 2582; x_wconf 89' lang='lat' dir='ltr'><strong>mille</strong></span> <span class='ocrx_word' id='word_1_474' title='bbox 3145 2529 3367 2584; x_wconf 86' lang='lat' dir='ltr'><strong>ducenti</strong></span> <span class='ocrx_word' id='word_1_475' title='bbox 3423 2529 3794 2598; x_wconf 73' lang='lat' dir='ltr'><strong>quinquaginta</strong></span> 
     </span>
    </p>
   </div>
   <div class='ocr_carea' id='block_1_70' title="bbox 2256 2615 3794 2704">
    <p class='ocr_par' dir='ltr' id='par_1_70' title="bbox 2256 2615 3794 2704">
     <span class='ocr_line' id='line_1_70' title="bbox 2256 2615 3794 2704; baseline -0.003 -31"><span class='ocrx_word' id='word_1_476' title='bbox 2256 2635 2371 2673; x_wconf 88' lang='lat' dir='ltr'><strong>sex.</strong></span> <span class='ocrx_word' id='word_1_477' title='bbox 2402 2617 2532 2672; x_wconf 82' lang='lat' dir='ltr'><strong>Post</strong></span> <span class='ocrx_word' id='word_1_478' title='bbox 2551 2615 2672 2672; x_wconf 84' lang='lat' dir='ltr'><strong>&#39;dies</strong></span> <span class='ocrx_word' id='word_1_479' title='bbox 2706 2628 2831 2671; x_wconf 75' lang='lat' dir='ltr'><strong>vero</strong></span> <span class='ocrx_word' id='word_1_480' title='bbox 2863 2634 2892 2672; x_wconf 87' lang='lat' dir='ltr'><strong>a</strong></span> <span class='ocrx_word' id='word_1_481' title='bbox 2933 2619 3141 2677; x_wconf 85' lang='lat' dir='ltr'><strong>diluvio</strong></span> <span class='ocrx_word' id='word_1_482' title='bbox 3170 2628 3386 2704; x_wconf 66' lang='lat' dir='ltr'><strong>centum</strong></span> <span class='ocrx_word' id='word_1_483' title='bbox 3442 2629 3496 2674; x_wconf 87' lang='lat' dir='ltr'><strong>et</strong></span> <span class='ocrx_word' id='word_1_484' title='bbox 3544 2621 3794 2687; x_wconf 79' lang='lat' dir='ltr'><strong>quinqua-</strong></span> 
     </span>
    </p>
   </div>
   <div class='ocr_carea' id='block_1_71' title="bbox 2255 2706 3798 2781">
    <p class='ocr_par' dir='ltr' id='par_1_71' title="bbox 2255 2706 3798 2781">
     <span class='ocr_line' id='line_1_71' title="bbox 2255 2706 3798 2781; baseline -0.001 -19"><span class='ocrx_word' id='word_1_485' title='bbox 2255 2711 2427 2781; x_wconf 86' lang='lat' dir='ltr'><strong>ginta.</strong></span> <span class='ocrx_word' id='word_1_486' title='bbox 2464 2711 2708 2768; x_wconf 86' lang='lat' dir='ltr'><strong>mittente</strong></span> <span class='ocrx_word' id='word_1_487' title='bbox 2743 2709 2854 2764; x_wconf 89' lang='lat' dir='ltr'><strong>Deo</strong></span> <span class='ocrx_word' id='word_1_488' title='bbox 2885 2718 3103 2764; x_wconf 87' lang='lat' dir='ltr'><strong>ventum</strong></span> <span class='ocrx_word' id='word_1_489' title='bbox 3137 2710 3228 2779; x_wconf 90' lang='lat' dir='ltr'><strong>qui</strong></span> <span class='ocrx_word' id='word_1_490' title='bbox 3266 2724 3432 2779; x_wconf 90' lang='lat' dir='ltr'><strong>super</strong></span> <span class='ocrx_word' id='word_1_491' title='bbox 3475 2719 3680 2764; x_wconf 86' lang='lat' dir='ltr'><strong>terram</strong></span> <span class='ocrx_word' id='word_1_492' title='bbox 3721 2706 3798 2760; x_wconf 80' lang='lat' dir='ltr'><strong>lla-</strong></span> 
     </span>
    </p>
   </div>
   <div class='ocr_carea' id='block_1_72' title="bbox 2256 2801 3797 2868">
    <p class='ocr_par' dir='ltr' id='par_1_72' title="bbox 2256 2801 3797 2868">
     <span class='ocr_line' id='line_1_72' title="bbox 2256 2801 3797 2868; baseline -0.003 -14"><span class='ocrx_word' id='word_1_493' title='bbox 2256 2810 2361 2866; x_wconf 89' lang='lat' dir='ltr'><strong>ret,</strong></span> <span class='ocrx_word' id='word_1_494' title='bbox 2388 2801 2525 2855; x_wconf 87' lang='lat' dir='ltr'><strong>adeo</strong></span> <span class='ocrx_word' id='word_1_495' title='bbox 2557 2809 2614 2854; x_wconf 86' lang='lat' dir='ltr'><strong>ut</strong></span> <span class='ocrx_word' id='word_1_496' title='bbox 2640 2801 2948 2868; x_wconf 87' lang='lat' dir='ltr'><strong>quiesceret</strong></span> <span class='ocrx_word' id='word_1_497' title='bbox 2999 2816 3155 2868; x_wconf 85' lang='lat' dir='ltr'><strong>aqua,</strong></span> <span class='ocrx_word' id='word_1_498' title='bbox 3203 2808 3482 2863; x_wconf 77' lang='lat' dir='ltr'><strong>cessarent</strong></span> <span class='ocrx_word' id='word_1_499' title='bbox 3533 2801 3725 2861; x_wconf 85' lang='lat' dir='ltr'><strong>fontes,</strong></span> <span class='ocrx_word' id='word_1_500' title='bbox 3754 2806 3797 2850; x_wconf 83' lang='lat' dir='ltr'><strong>et</strong></span> 
     </span>
    </p>
   </div>
   <div class='ocr_carea' id='block_1_73' title="bbox 2256 2889 3797 2962">
    <p class='ocr_par' dir='ltr' id='par_1_73' title="bbox 2256 2889 3797 2962">
     <span class='ocr_line' id='line_1_73' title="bbox 2256 2889 3797 2962; baseline -0.002 -15"><span class='ocrx_word' id='word_1_501' title='bbox 2256 2903 2604 2948; x_wconf 88' lang='lat' dir='ltr'><strong>coerceretur</strong></span> <span class='ocrx_word' id='word_1_502' title='bbox 2633 2893 2840 2961; x_wconf 91' lang='lat' dir='ltr'><strong>pluvia,</strong></span> <span class='ocrx_word' id='word_1_503' title='bbox 2873 2893 3038 2962; x_wconf 67' lang='lat' dir='ltr'><strong>coepit</strong></span> <span class='ocrx_word' id='word_1_504' title='bbox 3088 2908 3223 2961; x_wconf 87' lang='lat' dir='ltr'><strong>aqua</strong></span> <span class='ocrx_word' id='word_1_505' title='bbox 3261 2893 3522 2947; x_wconf 88' lang='lat' dir='ltr'><strong>continue</strong></span> <span class='ocrx_word' id='word_1_506' title='bbox 3548 2892 3658 2962; x_wconf 72' lang='grc' dir='ltr'>ω</span> <span class='ocrx_word' id='word_1_507' title='bbox 3685 2889 3797 2944; x_wconf 46' lang='lat' dir='ltr'><strong>sub‘</strong></span> 
     </span>
    </p>
   </div>
   <div class='ocr_carea' id='block_1_74' title="bbox 2256 2984 3795 3054">
    <p class='ocr_par' dir='ltr' id='par_1_74' title="bbox 2256 2984 3795 3054">
     <span class='ocr_line' id='line_1_74' title="bbox 2256 2984 3795 3054; baseline -0.007 -14"><span class='ocrx_word' id='word_1_508' title='bbox 2256 2987 2432 3041; x_wconf 82' lang='lat' dir='ltr'><strong>sidere</strong></span> <span class='ocrx_word' id='word_1_509' title='bbox 2469 2993 2523 3039; x_wconf 93' lang='lat' dir='ltr'><strong>et</strong></span> <span class='ocrx_word' id='word_1_510' title='bbox 2553 2984 2868 3040; x_wconf 87' lang='lat' dir='ltr'><strong>decrescere</strong></span> <span class='ocrx_word' id='word_1_511' title='bbox 2895 2999 3066 3054; x_wconf 87' lang='lat' dir='ltr'><strong>usque</strong></span> <span class='ocrx_word' id='word_1_512' title='bbox 3109 2984 3176 3037; x_wconf 88' lang='lat' dir='ltr'><strong>ad</strong></span> <span class='ocrx_word' id='word_1_513' title='bbox 3204 2999 3443 3039; x_wconf 85' lang='lat' dir='ltr'><strong>mensem</strong></span> <span class='ocrx_word' id='word_1_514' title='bbox 3492 2985 3795 3052; x_wconf 73' lang='lat' dir='ltr'><strong>septimum.</strong></span> 
     </span>
    </p>
   </div>
   <div class='ocr_carea' id='block_1_75' title="bbox 2262 3071 3801 3141">
    <p class='ocr_par' dir='ltr' id='par_1_75' title="bbox 2262 3071 3801 3141">
     <span class='ocr_line' id='line_1_75' title="bbox 2262 3071 3801 3141; baseline -0.003 -14"><span class='ocrx_word' id='word_1_515' title='bbox 2262 3073 2465 3128; x_wconf 75' lang='lat' dir='ltr'><strong>Mensis</strong></span> <span class='ocrx_word' id='word_1_516' title='bbox 2509 3081 2690 3127; x_wconf 90' lang='lat' dir='ltr'><strong>autem</strong></span> <span class='ocrx_word' id='word_1_517' title='bbox 2741 3073 2981 3141; x_wconf 88' lang='lat' dir='ltr'><strong>septimi,</strong></span> <span class='ocrx_word' id='word_1_518' title='bbox 3041 3073 3256 3127; x_wconf 87' lang='lat' dir='ltr'><strong>scilicet</strong></span> <span class='ocrx_word' id='word_1_519' title='bbox 3308 3074 3514 3128; x_wconf 89' lang='lat' dir='ltr'><strong>mensis</strong></span> <span class='ocrx_word' id='word_1_520' title='bbox 3555 3072 3659 3127; x_wconf 94' lang='lat' dir='ltr'><strong>Ilul</strong></span> <span class='ocrx_word' id='word_1_521' title='bbox 3698 3071 3801 3140; x_wconf 86' lang='lat' dir='ltr'><strong>(qui</strong></span> 
     </span>
    </p>
   </div>
   <div class='ocr_carea' id='block_1_76' title="bbox 2257 3163 3802 3234">
    <p class='ocr_par' dir='ltr' id='par_1_76' title="bbox 2257 3163 3802 3234">
     <span class='ocr_line' id='line_1_76' title="bbox 2257 3163 3802 3234; baseline -0.003 -15"><span class='ocrx_word' id='word_1_522' title='bbox 2257 3164 2397 3220; x_wconf 83' lang='lat' dir='ltr'><strong>idem</strong></span> <span class='ocrx_word' id='word_1_523' title='bbox 2446 3174 2532 3219; x_wconf 90' lang='lat' dir='ltr'><strong>est</strong></span> <span class='ocrx_word' id='word_1_524' title='bbox 2565 3163 2730 3234; x_wconf 86' lang='lat' dir='ltr'><strong>Tliut)</strong></span> <span class='ocrx_word' id='word_1_525' title='bbox 2785 3165 2872 3220; x_wconf 89' lang='lat' dir='ltr'><strong>die</strong></span> <span class='ocrx_word' id='word_1_526' title='bbox 2907 3165 3117 3219; x_wconf 81' lang='lat' dir='ltr'><strong>‘decimo</strong></span> <span class='ocrx_word' id='word_1_527' title='bbox 3147 3165 3376 3233; x_wconf 86' lang='lat' dir='ltr'><strong>septimo</strong></span> <span class='ocrx_word' id='word_1_528' title='bbox 3421 3164 3632 3219; x_wconf 87' lang='lat' dir='ltr'><strong>resedit</strong></span> <span class='ocrx_word' id='word_1_529' title='bbox 3671 3163 3802 3218; x_wconf 77' lang='lat' dir='ltr'><strong>naris</strong></span> 
     </span>
    </p>
   </div>
   <div class='ocr_carea' id='block_1_77' title="bbox 2258 3253 3804 3327">
    <p class='ocr_par' dir='ltr' id='par_1_77' title="bbox 2258 3253 3804 3327">
     <span class='ocr_line' id='line_1_77' title="bbox 2258 3253 3804 3327; baseline -0.008 -13"><span class='ocrx_word' id='word_1_530' title='bbox 2258 3273 2420 3327; x_wconf 88' lang='lat' dir='ltr'><strong>super</strong></span> <span class='ocrx_word' id='word_1_531' title='bbox 2448 3265 2632 3312; x_wconf 88' lang='lat' dir='ltr'><strong>monte</strong></span> <span class='ocrx_word' id='word_1_532' title='bbox 2675 3256 2822 3312; x_wconf 90' lang='lat' dir='ltr'><strong>dicto</strong></span> <span class='ocrx_word' id='word_1_533' title='bbox 2865 3253 3080 3314; x_wconf 82' lang='lat' dir='ltr'><strong>Ararat.</strong></span> <span class='ocrx_word' id='word_1_534' title='bbox 3118 3255 3210 3324; x_wconf 92' lang='lat' dir='ltr'><strong>qui</strong></span> <span class='ocrx_word' id='word_1_535' title='bbox 3237 3263 3322 3309; x_wconf 86' lang='lat' dir='ltr'><strong>est</strong></span> <span class='ocrx_word' id='word_1_536' title='bbox 3357 3270 3514 3310; x_wconf 90' lang='lat' dir='ltr'><strong>mons</strong></span> <span class='ocrx_word' id='word_1_537' title='bbox 3543 3253 3736 3308; x_wconf 81' lang='lat' dir='ltr'><strong>Alluda</strong></span> <span class='ocrx_word' id='word_1_538' title='bbox 3758 3253 3804 3303; x_wconf 90' lang='lat' dir='ltr'><strong>in</strong></span> 
     </span>
    </p>
   </div>
   <div class='ocr_carea' id='block_1_78' title="bbox 2256 3343 3805 3415">
    <p class='ocr_par' dir='ltr' id='par_1_78' title="bbox 2256 3343 3805 3415">
     <span class='ocr_line' id='line_1_78' title="bbox 2256 3343 3805 3415; baseline -0.004 -17"><span class='ocrx_word' id='word_1_539' title='bbox 2256 3346 2448 3410; x_wconf 80' lang='lat' dir='ltr'><strong>Musal,</strong></span> <span class='ocrx_word' id='word_1_540' title='bbox 2505 3345 2558 3400; x_wconf 94' lang='lat' dir='ltr'><strong>in</strong></span> <span class='ocrx_word' id='word_1_541' title='bbox 2584 3345 2802 3415; x_wconf 82' lang='lat' dir='ltr'><strong>regione</strong></span> <span class='ocrx_word' id='word_1_542' title='bbox 2863 3345 3194 3409; x_wconf 72' lang='lat' dir='ltr'><strong>Diarrabize,</strong></span> <span class='ocrx_word' id='word_1_543' title='bbox 3248 3345 3317 3407; x_wconf 81' lang='lat' dir='ltr'><strong>in,</strong></span> <span class='ocrx_word' id='word_1_544' title='bbox 3366 3344 3487 3398; x_wconf 78' lang='lat' dir='ltr'><strong>viro</strong></span> <span class='ocrx_word' id='word_1_545' title='bbox 3550 3343 3805 3415; x_wconf 83' lang='lat' dir='ltr'><strong>appellato</strong></span> 
     </span>
    </p>
   </div>
   <div class='ocr_carea' id='block_1_79' title="bbox 2258 3433 3806 3511">
    <p class='ocr_par' dir='ltr' id='par_1_79' title="bbox 2258 3433 3806 3511">
     <span class='ocr_line' id='line_1_79' title="bbox 2258 3433 3806 3511; baseline -0.004 -20"><span class='ocrx_word' id='word_1_546' title='bbox 2258 3436 2468 3511; x_wconf 80' lang='lat' dir='ltr'><strong>Korda;</strong></span> <span class='ocrx_word' id='word_1_547' title='bbox 2512 3443 2741 3490; x_wconf 88' lang='lat' dir='ltr'><strong>vocatur</strong></span> <span class='ocrx_word' id='word_1_548' title='bbox 2775 3442 2954 3511; x_wconf 86' lang='lat' dir='ltr'><strong>autem</strong></span> <span class='ocrx_word' id='word_1_549' title='bbox 2993 3436 3156 3490; x_wconf 85' lang='lat' dir='ltr'><strong>hodie</strong></span> <span class='ocrx_word' id='word_1_550' title='bbox 3198 3445 3342 3490; x_wconf 90' lang='lat' dir='ltr'><strong>terra</strong></span> <span class='ocrx_word' id='word_1_551' title='bbox 3393 3433 3727 3498; x_wconf 84' lang='lat' dir='ltr'><strong>Thamanin,</strong></span> <span class='ocrx_word' id='word_1_552' title='bbox 3761 3438 3806 3486; x_wconf 86' lang='lat' dir='ltr'><strong>et</strong></span> 
     </span>
    </p>
   </div>
   <div class='ocr_carea' id='block_1_80' title="bbox 2257 3509 3802 3599">
    <p class='ocr_par' dir='ltr' id='par_1_80' title="bbox 2257 3509 3802 3599">
     <span class='ocr_line' id='line_1_80' title="bbox 2257 3509 3802 3599; baseline -0.003 -17"><span class='ocrx_word' id='word_1_553' title='bbox 2257 3509 2435 3584; x_wconf 80' lang='lat' dir='ltr'><strong>insula</strong></span> <span class='ocrx_word' id='word_1_554' title='bbox 2464 3525 2593 3581; x_wconf 65' lang='grc' dir='ltr'><strong>Βαιιὶ</strong></span> <span class='ocrx_word' id='word_1_555' title='bbox 2631 3527 2814 3581; x_wconf 89' lang='lat' dir='ltr'><strong>Omar.</strong></span> <span class='ocrx_word' id='word_1_556' title='bbox 2843 3509 3091 3598; x_wconf 81' lang='lat' dir='ltr'><strong>Cumque</strong></span> <span class='ocrx_word' id='word_1_557' title='bbox 3123 3542 3231 3583; x_wconf 92' lang='lat' dir='ltr'><strong>non</strong></span> <span class='ocrx_word' id='word_1_558' title='bbox 3269 3536 3515 3583; x_wconf 85' lang='lat' dir='ltr'><strong>cessaret</strong></span> <span class='ocrx_word' id='word_1_559' title='bbox 3549 3542 3694 3599; x_wconf 88' lang='lat' dir='ltr'><strong>aqua</strong></span> <span class='ocrx_word' id='word_1_560' title='bbox 3727 3525 3802 3580; x_wconf 56' lang='lat' dir='ltr'><strong>de.</strong></span> 
     </span>
    </p>
   </div>
   <div class='ocr_carea' id='block_1_81' title="bbox 2256 3616 3803 3688">
    <p class='ocr_par' dir='ltr' id='par_1_81' title="bbox 2256 3616 3803 3688">
     <span class='ocr_line' id='line_1_81' title="bbox 2256 3616 3803 3688; baseline 0.003 -16"><span class='ocrx_word' id='word_1_561' title='bbox 2256 3633 2505 3673; x_wconf 86' lang='lat' dir='ltr'><strong>crescere</strong></span> <span class='ocrx_word' id='word_1_562' title='bbox 2530 3627 2581 3672; x_wconf 88' lang='lat' dir='ltr'><strong>et</strong></span> <span class='ocrx_word' id='word_1_563' title='bbox 2616 3616 2900 3672; x_wconf 77' lang='lat' dir='ltr'><strong>subsidere</strong></span> <span class='ocrx_word' id='word_1_564' title='bbox 2938 3633 3111 3688; x_wconf 89' lang='lat' dir='ltr'><strong>usque</strong></span> <span class='ocrx_word' id='word_1_565' title='bbox 3149 3617 3215 3672; x_wconf 89' lang='lat' dir='ltr'><strong>ad</strong></span> <span class='ocrx_word' id='word_1_566' title='bbox 3246 3634 3487 3674; x_wconf 86' lang='lat' dir='ltr'><strong>mensem</strong></span> <span class='ocrx_word' id='word_1_567' title='bbox 3517 3619 3803 3676; x_wconf 83' lang='lat' dir='ltr'><strong>decimum.</strong></span> 
     </span>
    </p>
   </div>
   <div class='ocr_carea' id='block_1_82' title="bbox 2261 3694 3801 3782">
    <p class='ocr_par' dir='ltr' id='par_1_82' title="bbox 2261 3694 3801 3782">
     <span class='ocr_line' id='line_1_82' title="bbox 2261 3694 3801 3782; baseline -0.002 -23"><span class='ocrx_word' id='word_1_568' title='bbox 2261 3711 2434 3782; x_wconf 80' lang='lat' dir='ltr'><strong>primo</strong></span> <span class='ocrx_word' id='word_1_569' title='bbox 2468 3711 2553 3762; x_wconf 89' lang='lat' dir='ltr'><strong>die</strong></span> <span class='ocrx_word' id='word_1_570' title='bbox 2585 3710 2786 3762; x_wconf 88' lang='lat' dir='ltr'><strong>mensis</strong></span> <span class='ocrx_word' id='word_1_571' title='bbox 2815 3707 3012 3762; x_wconf 87' lang='lat' dir='ltr'><strong>decimi</strong></span> <span class='ocrx_word' id='word_1_572' title='bbox 3044 3694 3343 3778; x_wconf 67' lang='lat' dir='ltr'><strong>apparuere</strong></span> <span class='ocrx_word' id='word_1_573' title='bbox 3375 3710 3647 3762; x_wconf 88' lang='lat' dir='ltr'><strong>montium</strong></span> <span class='ocrx_word' id='word_1_574' title='bbox 3670 3707 3801 3775; x_wconf 84' lang='lat' dir='ltr'><strong>juga,</strong></span> 
     </span>
    </p>
   </div>
   <div class='ocr_carea' id='block_1_83' title="bbox 2259 3791 3893 3869">
    <p class='ocr_par' dir='ltr' id='par_1_83' title="bbox 2259 3791 3893 3869">
     <span class='ocr_line' id='line_1_83' title="bbox 2259 3791 3893 3869; baseline -0.004 -16"><span class='ocrx_word' id='word_1_575' title='bbox 2259 3798 2453 3853; x_wconf 88' lang='lat' dir='ltr'><strong>deinde</strong></span> <span class='ocrx_word' id='word_1_576' title='bbox 2481 3807 2607 3867; x_wconf 89' lang='lat' dir='ltr'><strong>post</strong></span> <span class='ocrx_word' id='word_1_577' title='bbox 2645 3797 3004 3869; x_wconf 88' lang='lat' dir='ltr'><strong>quadraginta</strong></span> <span class='ocrx_word' id='word_1_578' title='bbox 3039 3791 3191 3863; x_wconf 78' lang='lat' dir='ltr'><strong>dies,</strong></span> <span class='ocrx_word' id='word_1_579' title='bbox 3235 3807 3422 3868; x_wconf 87' lang='lat' dir='ltr'><strong>aperta</strong></span> <span class='ocrx_word' id='word_1_580' title='bbox 3453 3800 3613 3852; x_wconf 88' lang='lat' dir='ltr'><strong>navis</strong></span> <span class='ocrx_word' id='word_1_581' title='bbox 3646 3808 3800 3868; x_wconf 83' lang='lat' dir='ltr'><strong>porta,</strong></span> <span class='ocrx_word' id='word_1_582' title='bbox 3892 3791 3893 3869; x_wconf 52' lang='grc' dir='ltr'><em>ξ</em></span> 
     </span>
    </p>
   </div>
   <div class='ocr_carea' id='block_1_84' title="bbox 2256 3889 3802 3960">
    <p class='ocr_par' dir='ltr' id='par_1_84' title="bbox 2256 3889 3802 3960">
     <span class='ocr_line' id='line_1_84' title="bbox 2256 3889 3802 3960; baseline -0.005 -13"><span class='ocrx_word' id='word_1_583' title='bbox 2256 3893 2432 3947; x_wconf 85' lang='lat' dir='ltr'><strong>emisit</strong></span> <span class='ocrx_word' id='word_1_584' title='bbox 2467 3890 2618 3945; x_wconf 79' lang='lat' dir='ltr'><strong>Noali</strong></span> <span class='ocrx_word' id='word_1_585' title='bbox 2659 3906 2884 3945; x_wconf 87' lang='lat' dir='ltr'><strong>corvum</strong></span> <span class='ocrx_word' id='word_1_586' title='bbox 2944 3891 3008 3944; x_wconf 85' lang='lat' dir='ltr'><strong>ad</strong></span> <span class='ocrx_word' id='word_1_587' title='bbox 3055 3889 3446 3960; x_wconf 88' lang='lat' dir='ltr'><strong>explorandum</strong></span> <span class='ocrx_word' id='word_1_588' title='bbox 3477 3906 3614 3945; x_wconf 88' lang='lat' dir='ltr'><strong>num</strong></span> <span class='ocrx_word' id='word_1_589' title='bbox 3651 3889 3802 3944; x_wconf 59' lang='lat' dir='ltr'><strong>exsie</strong></span> 
     </span>
    </p>
   </div>
   <div class='ocr_carea' id='block_1_85' title="bbox 2256 3968 3800 4051">
    <p class='ocr_par' dir='ltr' id='par_1_85' title="bbox 2256 3968 3800 4051">
     <span class='ocr_line' id='line_1_85' title="bbox 2256 3968 3800 4051; baseline -0.005 -14"><span class='ocrx_word' id='word_1_590' title='bbox 2256 3992 2376 4037; x_wconf 90' lang='lat' dir='ltr'><strong>cata</strong></span> <span class='ocrx_word' id='word_1_591' title='bbox 2420 3990 2564 4038; x_wconf 82' lang='lat' dir='ltr'><strong>esset</strong></span> <span class='ocrx_word' id='word_1_592' title='bbox 2609 3997 2746 4050; x_wconf 87' lang='lat' dir='ltr'><strong>aqua</strong></span> <span class='ocrx_word' id='word_1_593' title='bbox 2779 3997 2807 4033; x_wconf 89' lang='lat' dir='ltr'><strong>a</strong></span> <span class='ocrx_word' id='word_1_594' title='bbox 2836 3968 3124 4050; x_wconf 79' lang='lat' dir='ltr'><strong>superﬁcie</strong></span> <span class='ocrx_word' id='word_1_595' title='bbox 3161 3989 3340 4045; x_wconf 74' lang='lat' dir='ltr'><strong>terrae,</strong></span> <span class='ocrx_word' id='word_1_596' title='bbox 3374 3981 3469 4051; x_wconf 89' lang='lat' dir='ltr'><strong>qui</strong></span> <span class='ocrx_word' id='word_1_597' title='bbox 3513 3982 3709 4036; x_wconf 88' lang='lat' dir='ltr'><strong>abiens</strong></span> <span class='ocrx_word' id='word_1_598' title='bbox 3735 3994 3800 4031; x_wconf 83' lang='lat' dir='ltr'><strong>re-</strong></span> 
     </span>
    </p>
   </div>
   <div class='ocr_carea' id='block_1_86' title="bbox 2258 4057 3804 4144">
    <p class='ocr_par' dir='ltr' id='par_1_86' title="bbox 2258 4057 3804 4144">
     <span class='ocr_line' id='line_1_86' title="bbox 2258 4057 3804 4144; baseline -0.005 -15"><span class='ocrx_word' id='word_1_599' title='bbox 2258 4057 2450 4130; x_wconf 83' lang='lat' dir='ltr'><strong>versus</strong></span> <span class='ocrx_word' id='word_1_600' title='bbox 2505 4086 2612 4128; x_wconf 90' lang='lat' dir='ltr'><strong>non</strong></span> <span class='ocrx_word' id='word_1_601' title='bbox 2653 4084 2755 4128; x_wconf 87' lang='lat' dir='ltr'><strong>est.</strong></span> <span class='ocrx_word' id='word_1_602' title='bbox 2800 4073 2948 4128; x_wconf 80' lang='lat' dir='ltr'><strong>Misit</strong></span> <span class='ocrx_word' id='word_1_603' title='bbox 2991 4087 3121 4144; x_wconf 88' lang='lat' dir='ltr'><strong>ergo</strong></span> <span class='ocrx_word' id='word_1_604' title='bbox 3168 4073 3502 4136; x_wconf 88' lang='lat' dir='ltr'><strong>columbam,</strong></span> <span class='ocrx_word' id='word_1_605' title='bbox 3533 4089 3661 4142; x_wconf 76' lang='lat' dir='ltr'><strong>qua:</strong></span> <span class='ocrx_word' id='word_1_606' title='bbox 3705 4072 3804 4126; x_wconf 86' lang='lat' dir='ltr'><strong>sine</strong></span> 
     </span>
    </p>
   </div>
   <div class='ocr_carea' id='block_1_87' title="bbox 2261 4162 3804 4235">
    <p class='ocr_par' dir='ltr' id='par_1_87' title="bbox 2261 4162 3804 4235">
     <span class='ocr_line' id='line_1_87' title="bbox 2261 4162 3804 4235; baseline -0.002 -17"><span class='ocrx_word' id='word_1_607' title='bbox 2261 4182 2410 4219; x_wconf 87' lang='lat' dir='ltr'><strong>mora</strong></span> <span class='ocrx_word' id='word_1_608' title='bbox 2447 4180 2664 4220; x_wconf 87' lang='lat' dir='ltr'><strong>reversa</strong></span> <span class='ocrx_word' id='word_1_609' title='bbox 2703 4174 2787 4220; x_wconf 89' lang='lat' dir='ltr'><strong>est</strong></span> <span class='ocrx_word' id='word_1_610' title='bbox 2816 4165 3047 4234; x_wconf 87' lang='lat' dir='ltr'><strong>pedibus</strong></span> <span class='ocrx_word' id='word_1_611' title='bbox 3083 4179 3222 4235; x_wconf 86' lang='lat' dir='ltr'><strong>aqua</strong></span> <span class='ocrx_word' id='word_1_612' title='bbox 3255 4163 3633 4229; x_wconf 86' lang='lat' dir='ltr'><strong>madentibus,</strong></span> <span class='ocrx_word' id='word_1_613' title='bbox 3684 4162 3804 4218; x_wconf 70' lang='lat' dir='ltr'><strong>unde</strong></span> 
     </span>
    </p>
   </div>
   <div class='ocr_carea' id='block_1_88' title="bbox 2257 4251 3893 4328">
    <p class='ocr_par' dir='ltr' id='par_1_88' title="bbox 2257 4251 3893 4328">
     <span class='ocr_line' id='line_1_88' title="bbox 2257 4251 3893 4328; baseline -0.004 -16"><span class='ocrx_word' id='word_1_614' title='bbox 2257 4260 2509 4328; x_wconf 81' lang='lat' dir='ltr'><strong>cognovit</strong></span> <span class='ocrx_word' id='word_1_615' title='bbox 2530 4257 2678 4313; x_wconf 82' lang='lat' dir='ltr'><strong>Noah</strong></span> <span class='ocrx_word' id='word_1_616' title='bbox 2710 4257 2886 4321; x_wconf 88' lang='lat' dir='ltr'><strong>adhuc</strong></span> <span class='ocrx_word' id='word_1_617' title='bbox 2921 4272 3042 4313; x_wconf 88' lang='lat' dir='ltr'><strong>esse</strong></span> <span class='ocrx_word' id='word_1_618' title='bbox 3083 4273 3276 4328; x_wconf 88' lang='lat' dir='ltr'><strong>aquam</strong></span> <span class='ocrx_word' id='word_1_619' title='bbox 3306 4272 3473 4327; x_wconf 87' lang='lat' dir='ltr'><strong>super</strong></span> <span class='ocrx_word' id='word_1_620' title='bbox 3502 4267 3726 4312; x_wconf 88' lang='lat' dir='ltr'><strong>terram.</strong></span> <span class='ocrx_word' id='word_1_621' title='bbox 3751 4257 3806 4307; x_wconf 69' lang='lat' dir='ltr'><strong>At</strong></span> <span class='ocrx_word' id='word_1_622' title='bbox 3892 4251 3893 4328; x_wconf 44' lang='grc' dir='ltr'><strong>ᾖ</strong></span> 
     </span>
    </p>
   </div>
   <div class='ocr_carea' id='block_1_89' title="bbox 2259 4349 3798 4419">
    <p class='ocr_par' dir='ltr' id='par_1_89' title="bbox 2259 4349 3798 4419">
     <span class='ocr_line' id='line_1_89' title="bbox 2259 4349 3798 4419; baseline 0.003 -16"><span class='ocrx_word' id='word_1_623' title='bbox 2259 4360 2379 4419; x_wconf 89' lang='lat' dir='ltr'><strong>post</strong></span> <span class='ocrx_word' id='word_1_624' title='bbox 2401 4360 2601 4419; x_wconf 88' lang='lat' dir='ltr'><strong>septem</strong></span> <span class='ocrx_word' id='word_1_625' title='bbox 2635 4349 2753 4404; x_wconf 90' lang='lat' dir='ltr'><strong>dies</strong></span> <span class='ocrx_word' id='word_1_626' title='bbox 2784 4364 2907 4402; x_wconf 91' lang='lat' dir='ltr'><strong>cum</strong></span> <span class='ocrx_word' id='word_1_627' title='bbox 2952 4350 3189 4402; x_wconf 88' lang='lat' dir='ltr'><strong>mitteret</strong></span> <span class='ocrx_word' id='word_1_628' title='bbox 3230 4363 3424 4404; x_wconf 84' lang='lat' dir='ltr'><strong>rursus</strong></span> <span class='ocrx_word' id='word_1_629' title='bbox 3476 4349 3798 4406; x_wconf 75' lang='lat' dir='ltr'><strong>columbam.</strong></span> 
     </span>
    </p>
   </div>
   <div class='ocr_carea' id='block_1_90' title="bbox 595 4430 3798 4528">
    <p class='ocr_par' dir='ltr' id='par_1_90' title="bbox 595 4430 3798 4528">
     <span class='ocr_line' id='line_1_90' title="bbox 595 4430 3798 4528; baseline -0.002 -32"><span class='ocrx_word' id='word_1_630' title='bbox 595 4452 678 4497; x_wconf 87' lang='lat' dir='ltr'><strong>tes</strong></span> <span class='ocrx_word' id='word_1_631' title='bbox 699 4463 724 4497; x_wconf 72' lang='grc' dir='ltr'><strong>σε</strong></span> <span class='ocrx_word' id='word_1_632' title='bbox 761 4445 906 4505; x_wconf 88' lang='lat' dir='ltr'><strong>Vale,</strong></span> <span class='ocrx_word' id='word_1_633' title='bbox 938 4447 1183 4513; x_wconf 83' lang='lat' dir='ltr'><strong>paradise</strong></span> <span class='ocrx_word' id='word_1_634' title='bbox 1208 4458 1448 4501; x_wconf 76' lang='lat' dir='ltr'><strong>sancte:</strong></span> <span class='ocrx_word' id='word_1_635' title='bbox 1485 4430 1801 4516; x_wconf 80' lang='lat' dir='ltr'><strong>lapidesque</strong></span> <span class='ocrx_word' id='word_1_636' title='bbox 1832 4446 2152 4511; x_wconf 76' lang='lat' dir='ltr'><strong>deosculati,</strong></span> <span class='ocrx_word' id='word_1_637' title='bbox 2187 4473 2231 4528; x_wconf 64' lang='grc' dir='ltr'><strong>Β</strong></span> <span class='ocrx_word' id='word_1_638' title='bbox 2260 4454 2322 4493; x_wconf 86' lang='lat' dir='ltr'><strong>ea</strong></span> <span class='ocrx_word' id='word_1_639' title='bbox 2363 4439 2427 4492; x_wconf 88' lang='lat' dir='ltr'><strong>ad</strong></span> <span class='ocrx_word' id='word_1_640' title='bbox 2463 4441 2638 4509; x_wconf 86' lang='lat' dir='ltr'><strong>ipsum</strong></span> <span class='ocrx_word' id='word_1_641' title='bbox 2673 4438 2906 4507; x_wconf 82' lang='lat' dir='ltr'><strong>vesperi,</strong></span> <span class='ocrx_word' id='word_1_642' title='bbox 2959 4437 3012 4501; x_wconf 85' lang='lat' dir='ltr'><strong>in</strong></span> <span class='ocrx_word' id='word_1_643' title='bbox 3045 4451 3138 4489; x_wconf 90' lang='lat' dir='ltr'><strong>ore</strong></span> <span class='ocrx_word' id='word_1_644' title='bbox 3172 4430 3358 4490; x_wconf 89' lang='lat' dir='ltr'><strong>folium</strong></span> <span class='ocrx_word' id='word_1_645' title='bbox 3402 4436 3562 4492; x_wconf 66' lang='lat' dir='ltr'><strong>olivae</strong></span> <span class='ocrx_word' id='word_1_646' title='bbox 3607 4453 3798 4510; x_wconf 83' lang='lat' dir='ltr'><strong>gerens,</strong></span> 
     </span>
    </p>
   </div>
   <div class='ocr_carea' id='block_1_91' title="bbox 598 4537 2154 4606">
    <p class='ocr_par' dir='ltr' id='par_1_91' title="bbox 598 4537 2154 4606">
     <span class='ocr_line' id='line_1_91' title="bbox 598 4537 2154 4606; baseline 0 -17"><span class='ocrx_word' id='word_1_647' title='bbox 598 4550 660 4589; x_wconf 86' lang='lat' dir='ltr'><strong>ac</strong></span> <span class='ocrx_word' id='word_1_648' title='bbox 687 4537 906 4592; x_wconf 88' lang='lat' dir='ltr'><strong>arbores</strong></span> <span class='ocrx_word' id='word_1_649' title='bbox 937 4538 1165 4606; x_wconf 81' lang='lat' dir='ltr'><strong>amplexi</strong></span> <span class='ocrx_word' id='word_1_650' title='bbox 1193 4537 1258 4592; x_wconf 90' lang='lat' dir='ltr'><strong>de</strong></span> <span class='ocrx_word' id='word_1_651' title='bbox 1284 4542 1463 4593; x_wconf 85' lang='lat' dir='ltr'><strong>monte</strong></span> <span class='ocrx_word' id='word_1_652' title='bbox 1508 4545 1697 4593; x_wconf 88' lang='lat' dir='ltr'><strong>sancto</strong></span> <span class='ocrx_word' id='word_1_653' title='bbox 1722 4538 2154 4605; x_wconf 80' lang='lat' dir='ltr'><strong>descenderunt;</strong></span> 
     </span>
    </p>
   </div>
   <div class='ocr_carea' id='block_1_92' title="bbox 599 4620 2154 4698">
    <p class='ocr_par' dir='ltr' id='par_1_92' title="bbox 599 4620 2154 4698">
     <span class='ocr_line' id='line_1_92' title="bbox 599 4620 2154 4698; baseline 0.004 -20"><span class='ocrx_word' id='word_1_654' title='bbox 599 4627 1004 4698; x_wconf 85' lang='lat' dir='ltr'><strong>fabricatusque</strong></span> <span class='ocrx_word' id='word_1_655' title='bbox 1037 4638 1118 4682; x_wconf 88' lang='lat' dir='ltr'><strong>est</strong></span> <span class='ocrx_word' id='word_1_656' title='bbox 1159 4626 1307 4681; x_wconf 87' lang='lat' dir='ltr'><strong>Noah</strong></span> <span class='ocrx_word' id='word_1_657' title='bbox 1335 4629 1538 4683; x_wconf 89' lang='lat' dir='ltr'><strong>navim.</strong></span> <span class='ocrx_word' id='word_1_658' title='bbox 1569 4630 1666 4684; x_wconf 84' lang='lat' dir='ltr'><strong>Cui</strong></span> <span class='ocrx_word' id='word_1_659' title='bbox 1706 4620 2154 4684; x_wconf 20' lang='lat' dir='ltr'><strong>indicavithetiam</strong></span> 
     </span>
    </p>
   </div>
   <div class='ocr_carea' id='block_1_93' title="bbox 598 4718 2158 4793">
    <p class='ocr_par' dir='ltr' id='par_1_93' title="bbox 598 4718 2158 4793">
     <span class='ocr_line' id='line_1_93' title="bbox 598 4718 2158 4793; baseline 0.002 -24"><span class='ocrx_word' id='word_1_660' title='bbox 598 4718 861 4793; x_wconf 49' lang='lat' dir='ltr'><strong>Dominus</strong></span> <span class='ocrx_word' id='word_1_661' title='bbox 905 4728 961 4772; x_wconf 91' lang='lat' dir='ltr'><strong>ut</strong></span> <span class='ocrx_word' id='word_1_662' title='bbox 991 4734 1306 4789; x_wconf 84' lang='lat' dir='ltr'><strong>campanam</strong></span> <span class='ocrx_word' id='word_1_663' title='bbox 1341 4736 1371 4775; x_wconf 94' lang='lat' dir='ltr'><strong>e</strong></span> <span class='ocrx_word' id='word_1_664' title='bbox 1396 4720 1541 4790; x_wconf 89' lang='lat' dir='ltr'><strong>ligno</strong></span> <span class='ocrx_word' id='word_1_665' title='bbox 1571 4719 1771 4789; x_wconf 88' lang='lat' dir='ltr'><strong>platani</strong></span> <span class='ocrx_word' id='word_1_666' title='bbox 1805 4721 2000 4776; x_wconf 82' lang='lat' dir='ltr'><strong>Indicae</strong></span> <span class='ocrx_word' id='word_1_667' title='bbox 2035 4736 2158 4775; x_wconf 79' lang='lat' dir='ltr'><strong>coii-</strong></span> 
     </span>
    </p>
   </div>
   <div class='ocr_carea' id='block_1_94' title="bbox 513 4811 2154 4882">
    <p class='ocr_par' dir='ltr' id='par_1_94' title="bbox 513 4811 2154 4882">
     <span class='ocr_line' id='line_1_94' title="bbox 513 4811 2154 4882; baseline 0.003 -18"><span class='ocrx_word' id='word_1_668' title='bbox 513 4868 519 4874; x_wconf 61' lang='grc'><strong>,</strong></span> <span class='ocrx_word' id='word_1_669' title='bbox 599 4812 932 4869; x_wconf 61' lang='lat' dir='ltr'><strong>ﬁcereéutres</strong></span> <span class='ocrx_word' id='word_1_670' title='bbox 970 4813 1185 4866; x_wconf 86' lang='lat' dir='ltr'><strong>eubitos</strong></span> <span class='ocrx_word' id='word_1_671' title='bbox 1238 4811 1480 4882; x_wconf 86' lang='lat' dir='ltr'><strong>longam,</strong></span> <span class='ocrx_word' id='word_1_672' title='bbox 1531 4812 1815 4867; x_wconf 89' lang='lat' dir='ltr'><strong>latitudine</strong></span> <span class='ocrx_word' id='word_1_673' title='bbox 1866 4816 2154 4880; x_wconf 52' lang='lat' dir='ltr'><strong>sesquicue</strong></span> 
     </span>
    </p>
   </div>
   <div class='ocr_carea' id='block_1_95' title="bbox 597 4902 2156 4972">
    <p class='ocr_par' dir='ltr' id='par_1_95' title="bbox 597 4902 2156 4972">
     <span class='ocr_line' id='line_1_95' title="bbox 597 4902 2156 4972; baseline 0 -15"><span class='ocrx_word' id='word_1_674' title='bbox 597 4905 839 4964; x_wconf 80' lang='lat' dir='ltr'><strong>bitalem,</strong></span> <span class='ocrx_word' id='word_1_675' title='bbox 870 4905 1024 4972; x_wconf 85' lang='lat' dir='ltr'><strong>cujus</strong></span> <span class='ocrx_word' id='word_1_676' title='bbox 1059 4904 1219 4956; x_wconf 87' lang='lat' dir='ltr'><strong>etiam</strong></span> <span class='ocrx_word' id='word_1_677' title='bbox 1266 4902 1490 4957; x_wconf 88' lang='lat' dir='ltr'><strong>malleus</strong></span> <span class='ocrx_word' id='word_1_678' title='bbox 1518 4919 1580 4956; x_wconf 87' lang='lat' dir='ltr'><strong>ex</strong></span> <span class='ocrx_word' id='word_1_679' title='bbox 1627 4903 1813 4957; x_wconf 87' lang='lat' dir='ltr'><strong>eadem</strong></span> <span class='ocrx_word' id='word_1_680' title='bbox 1859 4912 2004 4958; x_wconf 89' lang='lat' dir='ltr'><strong>esset</strong></span> <span class='ocrx_word' id='word_1_681' title='bbox 2050 4920 2156 4957; x_wconf 87' lang='lat' dir='ltr'><strong>ma-</strong></span> 
     </span>
    </p>
   </div>
   <div class='ocr_carea' id='block_1_96' title="bbox 601 4993 2155 5063">
    <p class='ocr_par' dir='ltr' id='par_1_96' title="bbox 601 4993 2155 5063">
     <span class='ocr_line' id='line_1_96' title="bbox 601 4993 2155 5063; baseline -0.001 -16"><span class='ocrx_word' id='word_1_682' title='bbox 601 4995 731 5047; x_wconf 83' lang='lat' dir='ltr'><strong>teria</strong></span> <span class='ocrx_word' id='word_1_683' title='bbox 764 5013 777 5047; x_wconf 89' lang='lat'><strong>:</strong></span> <span class='ocrx_word' id='word_1_684' title='bbox 805 5009 966 5063; x_wconf 90' lang='lat' dir='ltr'><strong>quam</strong></span> <span class='ocrx_word' id='word_1_685' title='bbox 1007 5003 1088 5046; x_wconf 87' lang='lat' dir='ltr'><strong>ter</strong></span> <span class='ocrx_word' id='word_1_686' title='bbox 1129 4993 1371 5058; x_wconf 92' lang='lat' dir='ltr'><strong>quotidie</strong></span> <span class='ocrx_word' id='word_1_687' title='bbox 1422 4995 1702 5060; x_wconf 86' lang='lat' dir='ltr'><strong>pulsaret;</strong></span> <span class='ocrx_word' id='word_1_688' title='bbox 1741 5007 1920 5055; x_wconf 89' lang='lat' dir='ltr'><strong>mane,</strong></span> <span class='ocrx_word' id='word_1_689' title='bbox 1953 5009 2059 5060; x_wconf 90' lang='lat' dir='ltr'><strong>quo</strong></span> <span class='ocrx_word' id='word_1_690' title='bbox 2089 4993 2155 5045; x_wconf 88' lang='lat' dir='ltr'><strong>ad</strong></span> 
     </span>
    </p>
   </div>
   <div class='ocr_carea' id='block_1_97' title="bbox 599 5082 2154 5152">
    <p class='ocr_par' dir='ltr' id='par_1_97' title="bbox 599 5082 2154 5152">
     <span class='ocr_line' id='line_1_97' title="bbox 599 5082 2154 5152; baseline -0.001 -15"><span class='ocrx_word' id='word_1_691' title='bbox 599 5086 773 5150; x_wconf 91' lang='lat' dir='ltr'><strong>ipsum</strong></span> <span class='ocrx_word' id='word_1_692' title='bbox 806 5091 1497 5152; x_wconf 67' lang='lat' dir='ltr'><strong>congregarentur-operm,</strong></span> <span class='ocrx_word' id='word_1_693' title='bbox 1533 5082 1731 5137; x_wconf 87' lang='lat' dir='ltr'><strong>deinde</strong></span> <span class='ocrx_word' id='word_1_694' title='bbox 1763 5082 1828 5136; x_wconf 87' lang='lat' dir='ltr'><strong>ad</strong></span> <span class='ocrx_word' id='word_1_695' title='bbox 1854 5083 2154 5148; x_wconf 89' lang='lat' dir='ltr'><strong>meridiem,</strong></span> 
     </span>
    </p>
   </div>
   <div class='ocr_carea' id='block_1_98' title="bbox 599 5167 2156 5242">
    <p class='ocr_par' dir='ltr' id='par_1_98' title="bbox 599 5167 2156 5242">
     <span class='ocr_line' id='line_1_98' title="bbox 599 5167 2156 5242; baseline -0.001 -14"><span class='ocrx_word' id='word_1_696' title='bbox 599 5183 843 5242; x_wconf 84' lang='lat' dir='ltr'><strong>tempore</strong></span> <span class='ocrx_word' id='word_1_697' title='bbox 872 5167 1122 5242; x_wconf 86' lang='lat' dir='ltr'><strong>prandii;</strong></span> <span class='ocrx_word' id='word_1_698' title='bbox 1151 5189 1212 5228; x_wconf 86' lang='lat' dir='ltr'><strong>ac</strong></span> <span class='ocrx_word' id='word_1_699' title='bbox 1235 5189 1427 5228; x_wconf 89' lang='lat' dir='ltr'><strong>rursus</strong></span> <span class='ocrx_word' id='word_1_700' title='bbox 1459 5173 1832 5242; x_wconf 81' lang='lat' dir='ltr'><strong>vesperi,cum</strong></span> <span class='ocrx_word' id='word_1_701' title='bbox 1874 5173 2156 5227; x_wconf 85' lang='lat' dir='ltr'><strong>disceden-</strong></span> 
     </span>
    </p>
   </div>
   <div class='ocr_carea' id='block_1_99' title="bbox 598 5255 2158 5333">
    <p class='ocr_par' dir='ltr' id='par_1_99' title="bbox 598 5255 2158 5333">
     <span class='ocr_line' id='line_1_99' title="bbox 598 5255 2158 5333; baseline -0.003 -15"><span class='ocrx_word' id='word_1_702' title='bbox 598 5266 725 5318; x_wconf 87' lang='lat' dir='ltr'><strong>dum</strong></span> <span class='ocrx_word' id='word_1_703' title='bbox 755 5274 932 5329; x_wconf 82' lang='lat' dir='ltr'><strong>esset;</strong></span> <span class='ocrx_word' id='word_1_704' title='bbox 966 5255 1212 5333; x_wconf 77' lang='lat' dir='ltr'><strong>dixitque</strong></span> <span class='ocrx_word' id='word_1_705' title='bbox 1242 5265 1341 5333; x_wconf 84' lang='lat' dir='ltr'><strong>ipsi</strong></span> <span class='ocrx_word' id='word_1_706' title='bbox 1382 5282 1396 5317; x_wconf 88' lang='lat'><strong>:</strong></span> <span class='ocrx_word' id='word_1_707' title='bbox 1430 5263 1565 5318; x_wconf 88' lang='lat' dir='ltr'><strong>Cum</strong></span> <span class='ocrx_word' id='word_1_708' title='bbox 1600 5266 1881 5319; x_wconf 88' lang='lat' dir='ltr'><strong>audientes</strong></span> <span class='ocrx_word' id='word_1_709' title='bbox 1926 5275 1976 5318; x_wconf 88' lang='lat' dir='ltr'><strong>te</strong></span> <span class='ocrx_word' id='word_1_710' title='bbox 2009 5279 2158 5317; x_wconf 83' lang='lat' dir='ltr'><strong>cam-</strong></span> 
     </span>
    </p>
   </div>
   <div class='ocr_carea' id='block_1_100' title="bbox 599 5351 2160 5434">
    <p class='ocr_par' dir='ltr' id='par_1_100' title="bbox 599 5351 2160 5434">
     <span class='ocr_line' id='line_1_100' title="bbox 599 5351 2160 5434; baseline 0 -26"><span class='ocrx_word' id='word_1_711' title='bbox 599 5351 795 5426; x_wconf 84' lang='lat' dir='ltr'><strong>panam</strong></span> <span class='ocrx_word' id='word_1_712' title='bbox 837 5357 1163 5425; x_wconf 83' lang='lat' dir='ltr'><strong>pulsantem,</strong></span> <span class='ocrx_word' id='word_1_713' title='bbox 1193 5356 1428 5410; x_wconf 78' lang='lat' dir='ltr'><strong>dixerint</strong></span> <span class='ocrx_word' id='word_1_714' title='bbox 1462 5357 1558 5410; x_wconf 93' lang='lat' dir='ltr'><strong>tibi</strong></span> <span class='ocrx_word' id='word_1_715' title='bbox 1597 5374 1610 5408; x_wconf 87' lang='lat'><strong>:</strong></span> <span class='ocrx_word' id='word_1_716' title='bbox 1646 5355 1784 5421; x_wconf 85' lang='lat' dir='ltr'><strong>Quid</strong></span> <span class='ocrx_word' id='word_1_717' title='bbox 1824 5356 1919 5409; x_wconf 88' lang='lat' dir='ltr'><strong>hoc</strong></span> <span class='ocrx_word' id='word_1_718' title='bbox 1953 5355 2031 5434; x_wconf 83' lang='lat' dir='ltr'><strong>rei</strong></span> <span class='ocrx_word' id='word_1_719' title='bbox 2078 5364 2160 5409; x_wconf 84' lang='lat' dir='ltr'><strong>est</strong></span> 
     </span>
    </p>
   </div>
   <div class='ocr_carea' id='block_1_101' title="bbox 600 5446 2158 5518">
    <p class='ocr_par' dir='ltr' id='par_1_101' title="bbox 600 5446 2158 5518">
     <span class='ocr_line' id='line_1_101' title="bbox 600 5446 2158 5518; baseline 0.001 -18"><span class='ocrx_word' id='word_1_720' title='bbox 600 5450 744 5518; x_wconf 86' lang='lat' dir='ltr'><strong>quod</strong></span> <span class='ocrx_word' id='word_1_721' title='bbox 778 5449 1244 5518; x_wconf 75' lang='lat' dir='ltr'><strong>facis?.re5ponde</strong></span> <span class='ocrx_word' id='word_1_722' title='bbox 1296 5452 1471 5517; x_wconf 86' lang='lat' dir='ltr'><strong>ipsis:</strong></span> <span class='ocrx_word' id='word_1_723' title='bbox 1531 5449 1883 5503; x_wconf 89' lang='lat' dir='ltr'><strong>Immissurus</strong></span> <span class='ocrx_word' id='word_1_724' title='bbox 1926 5459 2009 5501; x_wconf 88' lang='lat' dir='ltr'><strong>est</strong></span> <span class='ocrx_word' id='word_1_725' title='bbox 2051 5446 2158 5502; x_wconf 92' lang='lat' dir='ltr'><strong>Do-</strong></span> 
     </span>
    </p>
   </div>
   <div class='ocr_carea' id='block_1_102' title="bbox 602 5537 2156 5609">
    <p class='ocr_par' dir='ltr' id='par_1_102' title="bbox 602 5537 2156 5609">
     <span class='ocr_line' id='line_1_102' title="bbox 602 5537 2156 5609; baseline -0.001 -16"><span class='ocrx_word' id='word_1_726' title='bbox 602 5541 785 5594; x_wconf 88' lang='lat' dir='ltr'><strong>minus</strong></span> <span class='ocrx_word' id='word_1_727' title='bbox 809 5539 1091 5593; x_wconf 88' lang='lat' dir='ltr'><strong>diluvium.</strong></span> <span class='ocrx_word' id='word_1_728' title='bbox 1119 5537 1269 5594; x_wconf 82' lang='lat' dir='ltr'><strong>Fecit</strong></span> <span class='ocrx_word' id='word_1_729' title='bbox 1300 5555 1428 5609; x_wconf 84' lang='lat' dir='ltr'><strong>ergo</strong></span> <span class='ocrx_word' id='word_1_730' title='bbox 1461 5538 1611 5592; x_wconf 83' lang='lat' dir='ltr'><strong>Noah</strong></span> <span class='ocrx_word' id='word_1_731' title='bbox 1641 5540 1820 5594; x_wconf 89' lang='lat' dir='ltr'><strong>omnia</strong></span> <span class='ocrx_word' id='word_1_732' title='bbox 1848 5555 1967 5608; x_wconf 63' lang='lat' dir='ltr'><strong>qua:</strong></span> <span class='ocrx_word' id='word_1_733' title='bbox 1993 5539 2156 5607; x_wconf 91' lang='lat' dir='ltr'><strong>jussit</strong></span> 
     </span>
    </p>
   </div>
   <div class='ocr_carea' id='block_1_103' title="bbox 603 5623 2155 5705">
    <p class='ocr_par' dir='ltr' id='par_1_103' title="bbox 603 5623 2155 5705">
     <span class='ocr_line' id='line_1_103' title="bbox 603 5623 2155 5705; baseline -0.001 -22"><span class='ocrx_word' id='word_1_734' title='bbox 603 5631 777 5698; x_wconf 91' lang='lat' dir='ltr'><strong>ipsum</strong></span> <span class='ocrx_word' id='word_1_735' title='bbox 834 5623 1110 5685; x_wconf 78' lang='lat' dir='ltr'><strong>Dominus.</strong></span> <span class='ocrx_word' id='word_1_736' title='bbox 1166 5629 1418 5701; x_wconf 79' lang='lat' dir='ltr'><strong>Misitque</strong></span> <span class='ocrx_word' id='word_1_737' title='bbox 1465 5632 1531 5684; x_wconf 91' lang='lat' dir='ltr'><strong>ad</strong></span> <span class='ocrx_word' id='word_1_738' title='bbox 1593 5647 1714 5684; x_wconf 92' lang='lat' dir='ltr'><strong>eum</strong></span> <span class='ocrx_word' id='word_1_739' title='bbox 1783 5630 2042 5705; x_wconf 86' lang='lat' dir='ltr'><strong>Dominus</strong></span> <span class='ocrx_word' id='word_1_740' title='bbox 2090 5647 2155 5682; x_wconf 81' lang='lat' dir='ltr'><strong>ex</strong></span> 
     </span>
    </p>
   </div>
   <div class='ocr_carea' id='block_1_104' title="bbox 606 5722 2155 5795">
    <p class='ocr_par' dir='ltr' id='par_1_104' title="bbox 606 5722 2155 5795">
     <span class='ocr_line' id='line_1_104' title="bbox 606 5722 2155 5795; baseline 0 -19"><span class='ocrx_word' id='word_1_741' title='bbox 606 5722 751 5776; x_wconf 90' lang='lat' dir='ltr'><strong>omni</strong></span> <span class='ocrx_word' id='word_1_742' title='bbox 782 5723 1137 5778; x_wconf 86' lang='lat' dir='ltr'><strong>animantium</strong></span> <span class='ocrx_word' id='word_1_743' title='bbox 1171 5739 1387 5795; x_wconf 85' lang='lat' dir='ltr'><strong>genere,</strong></span> <span class='ocrx_word' id='word_1_744' title='bbox 1417 5724 1628 5780; x_wconf 84' lang='lat' dir='ltr'><strong>scilicet</strong></span> <span class='ocrx_word' id='word_1_745' title='bbox 1653 5724 1970 5790; x_wconf 81' lang='lat' dir='ltr'><strong>pecudibus,</strong></span> <span class='ocrx_word' id='word_1_746' title='bbox 2005 5723 2155 5777; x_wconf 77' lang='lat' dir='ltr'><strong>velu-</strong></span> 
     </span>
    </p>
   </div>
   <div class='ocr_carea' id='block_1_105' title="bbox 2260 4527 3799 4599">
    <p class='ocr_par' dir='ltr' id='par_1_105' title="bbox 2260 4527 3799 4599">
     <span class='ocr_line' id='line_1_105' title="bbox 2260 4527 3799 4599; baseline 0.002 -18"><span class='ocrx_word' id='word_1_747' title='bbox 2260 4544 2472 4584; x_wconf 83' lang='lat' dir='ltr'><strong>reversa</strong></span> <span class='ocrx_word' id='word_1_748' title='bbox 2520 4536 2624 4584; x_wconf 87' lang='lat' dir='ltr'><strong>est.</strong></span> <span class='ocrx_word' id='word_1_749' title='bbox 2672 4527 2813 4582; x_wconf 60' lang='lat' dir='ltr'><strong>Tum‘</strong></span> <span class='ocrx_word' id='word_1_750' title='bbox 2844 4527 2934 4581; x_wconf 91' lang='lat' dir='ltr'><strong>ubi</strong></span> <span class='ocrx_word' id='word_1_751' title='bbox 2971 4537 3171 4595; x_wconf 87' lang='lat' dir='ltr'><strong>septem</strong></span> <span class='ocrx_word' id='word_1_752' title='bbox 3227 4527 3407 4583; x_wconf 89' lang='lat' dir='ltr'><strong>adhuc</strong></span> <span class='ocrx_word' id='word_1_753' title='bbox 3454 4529 3577 4584; x_wconf 85' lang='lat' dir='ltr'><strong>dies</strong></span> <span class='ocrx_word' id='word_1_754' title='bbox 3627 4543 3799 4599; x_wconf 84' lang='lat' dir='ltr'><strong>exspe-</strong></span> 
     </span>
    </p>
   </div>
   <div class='ocr_carea' id='block_1_106' title="bbox 2258 4619 3798 4702">
    <p class='ocr_par' dir='ltr' id='par_1_106' title="bbox 2258 4619 3798 4702">
     <span class='ocr_line' id='line_1_106' title="bbox 2258 4619 3798 4702; baseline 0.001 -30"><span class='ocrx_word' id='word_1_755' title='bbox 2258 4629 2480 4702; x_wconf 75' lang='lat' dir='ltr'><strong>ctasset,</strong></span> <span class='ocrx_word' id='word_1_756' title='bbox 2511 4620 2834 4702; x_wconf 47' lang='lat' dir='ltr'><strong>columbam‘</strong></span> <span class='ocrx_word' id='word_1_757' title='bbox 2860 4619 3052 4672; x_wconf 89' lang='lat' dir='ltr'><strong>iterum</strong></span> <span class='ocrx_word' id='word_1_758' title='bbox 3100 4619 3300 4683; x_wconf 87' lang='lat' dir='ltr'><strong>emisit.</strong></span> <span class='ocrx_word' id='word_1_759' title='bbox 3347 4634 3477 4691; x_wconf 54' lang='lat' dir='ltr'><strong>qua</strong></span> <span class='ocrx_word' id='word_1_760' title='bbox 3521 4623 3595 4678; x_wconf 88' lang='lat' dir='ltr'><strong>ad</strong></span> <span class='ocrx_word' id='word_1_761' title='bbox 3643 4625 3798 4694; x_wconf 85' lang='lat' dir='ltr'><strong>ipsum</strong></span> 
     </span>
    </p>
   </div>
   <div class='ocr_carea' id='block_1_107' title="bbox 2246 4697 3800 4785">
    <p class='ocr_par' dir='ltr' id='par_1_107' title="bbox 2246 4697 3800 4785">
     <span class='ocr_line' id='line_1_107' title="bbox 2246 4697 3800 4785; baseline 0 -19"><span class='ocrx_word' id='word_1_762' title='bbox 2246 4697 2364 4766; x_wconf 82' lang='lat' dir='ltr'><strong>non</strong></span> <span class='ocrx_word' id='word_1_763' title='bbox 2393 4697 2574 4766; x_wconf 82' lang='lat' dir='ltr'><strong>rediit.</strong></span> <span class='ocrx_word' id='word_1_764' title='bbox 2603 4712 2734 4767; x_wconf 85' lang='lat' dir='ltr'><strong>Cum</strong></span> <span class='ocrx_word' id='word_1_765' title='bbox 2783 4697 2912 4780; x_wconf 83' lang='lat' dir='ltr'><strong>ergo</strong></span> <span class='ocrx_word' id='word_1_766' title='bbox 2946 4719 3065 4776; x_wconf 88' lang='lat' dir='ltr'><strong>post</strong></span> <span class='ocrx_word' id='word_1_767' title='bbox 3104 4711 3216 4766; x_wconf 66' lang='lat' dir='ltr'><strong>haec</strong></span> <span class='ocrx_word' id='word_1_768' title='bbox 3246 4713 3448 4785; x_wconf 65' lang='lat' dir='ltr'><strong>septe&#39;tn</strong></span> <span class='ocrx_word' id='word_1_769' title='bbox 3490 4717 3616 4772; x_wconf 89' lang='lat' dir='ltr'><strong>dies</strong></span> <span class='ocrx_word' id='word_1_770' title='bbox 3646 4729 3800 4770; x_wconf 82' lang='lat' dir='ltr'><strong>mora-</strong></span> 
     </span>
    </p>
   </div>
   <div class='ocr_carea' id='block_1_108' title="bbox 2261 4807 3800 4877">
    <p class='ocr_par' dir='ltr' id='par_1_108' title="bbox 2261 4807 3800 4877">
     <span class='ocr_line' id='line_1_108' title="bbox 2261 4807 3800 4877; baseline 0.001 -19"><span class='ocrx_word' id='word_1_771' title='bbox 2261 4815 2369 4864; x_wconf 92' lang='lat' dir='ltr'><strong>tus.</strong></span> <span class='ocrx_word' id='word_1_772' title='bbox 2422 4807 2576 4867; x_wconf 88' lang='lat' dir='ltr'><strong>navis</strong></span> <span class='ocrx_word' id='word_1_773' title='bbox 2611 4815 2820 4875; x_wconf 87' lang='lat' dir='ltr'><strong>portam</strong></span> <span class='ocrx_word' id='word_1_774' title='bbox 2867 4808 3193 4875; x_wconf 85' lang='lat' dir='ltr'><strong>aperuisset,</strong></span> <span class='ocrx_word' id='word_1_775' title='bbox 3234 4808 3540 4877; x_wconf 84' lang='lat' dir='ltr'><strong>prospexit,</strong></span> <span class='ocrx_word' id='word_1_776' title='bbox 3584 4817 3641 4863; x_wconf 90' lang='lat' dir='ltr'><strong>et</strong></span> <span class='ocrx_word' id='word_1_777' title='bbox 3694 4818 3800 4863; x_wconf 67' lang='lat' dir='ltr'><strong>ecce</strong></span> 
     </span>
    </p>
   </div>
   <div class='ocr_carea' id='block_1_109' title="bbox 2258 4896 3801 4971">
    <p class='ocr_par' dir='ltr' id='par_1_109' title="bbox 2258 4896 3801 4971">
     <span class='ocr_line' id='line_1_109' title="bbox 2258 4896 3801 4971; baseline 0.001 -22"><span class='ocrx_word' id='word_1_778' title='bbox 2258 4906 2401 4950; x_wconf 52' lang='lat' dir='ltr'><strong>terra</strong></span> <span class='ocrx_word' id='word_1_779' title='bbox 2457 4898 2678 4952; x_wconf 87' lang='lat' dir='ltr'><strong>herbam</strong></span> <span class='ocrx_word' id='word_1_780' title='bbox 2718 4899 2940 4953; x_wconf 86' lang='lat' dir='ltr'><strong>viridem</strong></span> <span class='ocrx_word' id='word_1_781' title='bbox 2977 4901 3323 4968; x_wconf 83' lang='lat' dir='ltr'><strong>produxerat,</strong></span> <span class='ocrx_word' id='word_1_782' title='bbox 3377 4896 3548 4955; x_wconf 79' lang='lat' dir='ltr'><strong>etab</strong></span> <span class='ocrx_word' id='word_1_783' title='bbox 3589 4901 3707 4971; x_wconf 83' lang='lat' dir='ltr'><strong>ipsa</strong></span> <span class='ocrx_word' id='word_1_784' title='bbox 3734 4914 3801 4951; x_wconf 60' lang='lat' dir='ltr'><strong>reo</strong></span> 
     </span>
    </p>
   </div>
   <div class='ocr_carea' id='block_1_110' title="bbox 2258 4987 3800 5061">
    <p class='ocr_par' dir='ltr' id='par_1_110' title="bbox 2258 4987 3800 5061">
     <span class='ocr_line' id='line_1_110' title="bbox 2258 4987 3800 5061; baseline 0.003 -18"><span class='ocrx_word' id='word_1_785' title='bbox 2258 4998 2539 5043; x_wconf 80' lang='lat' dir='ltr'><strong>cesserant</strong></span> <span class='ocrx_word' id='word_1_786' title='bbox 2573 5003 2748 5058; x_wconf 79' lang='lat' dir='ltr'><strong>aquae.</strong></span> <span class='ocrx_word' id='word_1_787' title='bbox 2791 4987 3052 5059; x_wconf 84' lang='lat' dir='ltr'><strong>Egressus</strong></span> <span class='ocrx_word' id='word_1_788' title='bbox 3084 4999 3167 5046; x_wconf 88' lang='lat' dir='ltr'><strong>est</strong></span> <span class='ocrx_word' id='word_1_789' title='bbox 3217 5007 3345 5061; x_wconf 81' lang='lat' dir='ltr'><strong>ergo</strong></span> <span class='ocrx_word' id='word_1_790' title='bbox 3404 4992 3567 5049; x_wconf 84' lang='lat' dir='ltr'><strong>Noah</strong></span> <span class='ocrx_word' id='word_1_791' title='bbox 3621 5010 3653 5048; x_wconf 90' lang='lat' dir='ltr'><strong>e</strong></span> <span class='ocrx_word' id='word_1_792' title='bbox 3688 5005 3800 5048; x_wconf 70' lang='lat' dir='ltr'><strong>nare</strong></span> 
     </span>
    </p>
   </div>
   <div class='ocr_carea' id='block_1_111' title="bbox 2225 5075 3796 5153">
    <p class='ocr_par' dir='ltr' id='par_1_111' title="bbox 2225 5075 3796 5153">
     <span class='ocr_line' id='line_1_111' title="bbox 2225 5075 3796 5153; baseline 0.003 -19"><span class='ocrx_word' id='word_1_793' title='bbox 2225 5096 2382 5134; x_wconf 90' lang='lat' dir='ltr'><strong>-eum</strong></span> <span class='ocrx_word' id='word_1_794' title='bbox 2419 5081 2541 5135; x_wconf 85' lang='lat' dir='ltr'><strong>filiis</strong></span> <span class='ocrx_word' id='word_1_795' title='bbox 2573 5081 2706 5144; x_wconf 83' lang='lat' dir='ltr'><strong>suis,</strong></span> <span class='ocrx_word' id='word_1_796' title='bbox 2737 5082 2916 5146; x_wconf 67' lang='lat' dir='ltr'><strong>Samo,</strong></span> <span class='ocrx_word' id='word_1_797' title='bbox 2960 5081 3128 5135; x_wconf 85' lang='lat' dir='ltr'><strong>Hamo</strong></span> <span class='ocrx_word' id='word_1_798' title='bbox 3156 5090 3210 5138; x_wconf 87' lang='lat' dir='ltr'><strong>et</strong></span> <span class='ocrx_word' id='word_1_799' title='bbox 3239 5075 3492 5153; x_wconf 81' lang='lat' dir='ltr'><strong>Japheto,</strong></span> <span class='ocrx_word' id='word_1_800' title='bbox 3531 5083 3796 5153; x_wconf 75' lang='lat' dir='ltr'><strong>suaque‘ct</strong></span> 
     </span>
    </p>
   </div>
   <div class='ocr_carea' id='block_1_112' title="bbox 2261 5173 3797 5248">
    <p class='ocr_par' dir='ltr' id='par_1_112' title="bbox 2261 5173 3797 5248">
     <span class='ocr_line' id='line_1_112' title="bbox 2261 5173 3797 5248; baseline 0.002 -24"><span class='ocrx_word' id='word_1_801' title='bbox 2261 5173 2808 5248; x_wconf 35' lang='lat' dir='ltr'><strong>tiliorum‘uxoribus,</strong></span> <span class='ocrx_word' id='word_1_802' title='bbox 2854 5173 3218 5245; x_wconf 88' lang='lat' dir='ltr'><strong>omnibusque.</strong></span> <span class='ocrx_word' id='word_1_803' title='bbox 3250 5192 3369 5244; x_wconf 78' lang='lat' dir='ltr'><strong>qua:</strong></span> <span class='ocrx_word' id='word_1_804' title='bbox 3419 5177 3469 5230; x_wconf 90' lang='lat' dir='ltr'><strong>in</strong></span> <span class='ocrx_word' id='word_1_805' title='bbox 3520 5182 3652 5233; x_wconf 89' lang='lat' dir='ltr'><strong>navi</strong></span> <span class='ocrx_word' id='word_1_806' title='bbox 3698 5192 3797 5230; x_wconf 84' lang='lat' dir='ltr'><strong>cum</strong></span> 
     </span>
    </p>
   </div>
   <div class='ocr_carea' id='block_1_113' title="bbox 2261 5263 3795 5336">
    <p class='ocr_par' dir='ltr' id='par_1_113' title="bbox 2261 5263 3795 5336">
     <span class='ocr_line' id='line_1_113' title="bbox 2261 5263 3795 5336; baseline 0.004 -21"><span class='ocrx_word' id='word_1_807' title='bbox 2261 5266 2378 5332; x_wconf 88' lang='lat' dir='ltr'><strong>ipso</strong></span> <span class='ocrx_word' id='word_1_808' title='bbox 2418 5263 2567 5318; x_wconf 87' lang='lat' dir='ltr'><strong>fuere</strong></span> <span class='ocrx_word' id='word_1_809' title='bbox 2613 5266 2998 5328; x_wconf 87' lang='lat' dir='ltr'><strong>animantibus,</strong></span> <span class='ocrx_word' id='word_1_810' title='bbox 3051 5274 3176 5336; x_wconf 89' lang='lat' dir='ltr'><strong>post</strong></span> <span class='ocrx_word' id='word_1_811' title='bbox 3231 5267 3366 5322; x_wconf 86' lang='lat' dir='ltr'><strong>duos</strong></span> <span class='ocrx_word' id='word_1_812' title='bbox 3421 5268 3570 5322; x_wconf 90' lang='lat' dir='ltr'><strong>ultra</strong></span> <span class='ocrx_word' id='word_1_813' title='bbox 3622 5281 3795 5322; x_wconf 80' lang='lat' dir='ltr'><strong>annum</strong></span> 
     </span>
    </p>
   </div>
   <div class='ocr_carea' id='block_1_114' title="bbox 2260 5354 3798 5430">
    <p class='ocr_par' dir='ltr' id='par_1_114' title="bbox 2260 5354 3798 5430">
     <span class='ocr_line' id='line_1_114' title="bbox 2260 5354 3798 5430; baseline 0.003 -22"><span class='ocrx_word' id='word_1_814' title='bbox 2260 5371 2494 5419; x_wconf 87' lang='lat' dir='ltr'><strong>menses,</strong></span> <span class='ocrx_word' id='word_1_815' title='bbox 2533 5356 2615 5409; x_wconf 87' lang='lat' dir='ltr'><strong>die</strong></span> <span class='ocrx_word' id='word_1_816' title='bbox 2645 5357 2854 5411; x_wconf 89' lang='lat' dir='ltr'><strong>decimo</strong></span> <span class='ocrx_word' id='word_1_817' title='bbox 2907 5359 3133 5426; x_wconf 89' lang='lat' dir='ltr'><strong>septimo</strong></span> <span class='ocrx_word' id='word_1_818' title='bbox 3177 5354 3423 5430; x_wconf 54' lang='lat' dir='ltr'><strong>ﬁlo“</strong></span> <span class='ocrx_word' id='word_1_819' title='bbox 3476 5363 3690 5430; x_wconf 79' lang='lat' dir='ltr'><strong>mensis</strong></span> <span class='ocrx_word' id='word_1_820' title='bbox 3729 5375 3798 5414; x_wconf 79' lang='lat' dir='ltr'><strong>se-</strong></span> 
     </span>
    </p>
   </div>
   <div class='ocr_carea' id='block_1_115' title="bbox 2259 5445 3789 5516">
    <p class='ocr_par' dir='ltr' id='par_1_115' title="bbox 2259 5445 3789 5516">
     <span class='ocr_line' id='line_1_115' title="bbox 2259 5445 3789 5516; baseline -0.001 -14"><span class='ocrx_word' id='word_1_821' title='bbox 2259 5449 2443 5511; x_wconf 89' lang='lat' dir='ltr'><strong>cundi,</strong></span> <span class='ocrx_word' id='word_1_822' title='bbox 2474 5445 2658 5502; x_wconf 79' lang='lat' dir='ltr'><strong>Nisani</strong></span> <span class='ocrx_word' id='word_1_823' title='bbox 2686 5448 2893 5502; x_wconf 81' lang='lat' dir='ltr'><strong>scilicet</strong></span> <span class='ocrx_word' id='word_1_824' title='bbox 2918 5450 3008 5516; x_wconf 90' lang='lat' dir='ltr'><strong>qui</strong></span> <span class='ocrx_word' id='word_1_825' title='bbox 3038 5459 3090 5502; x_wconf 88' lang='lat' dir='ltr'><strong>et</strong></span> <span class='ocrx_word' id='word_1_826' title='bbox 3111 5449 3250 5504; x_wconf 77' lang='lat' dir='ltr'><strong>idem</strong></span> <span class='ocrx_word' id='word_1_827' title='bbox 3283 5448 3620 5505; x_wconf 84' lang='lat' dir='ltr'><strong>Barmndah.</strong></span> <span class='ocrx_word' id='word_1_828' title='bbox 3651 5452 3789 5506; x_wconf 85' lang='lat' dir='ltr'><strong>Cum-</strong></span> 
     </span>
    </p>
   </div>
   <div class='ocr_carea' id='block_1_116' title="bbox 2259 5533 3792 5612">
    <p class='ocr_par' dir='ltr' id='par_1_116' title="bbox 2259 5533 3792 5612">
     <span class='ocr_line' id='line_1_116' title="bbox 2259 5533 3792 5612; baseline 0 -19"><span class='ocrx_word' id='word_1_829' title='bbox 2259 5556 2364 5612; x_wconf 87' lang='lat' dir='ltr'><strong>que</strong></span> <span class='ocrx_word' id='word_1_830' title='bbox 2411 5540 2614 5609; x_wconf 86' lang='lat' dir='ltr'><strong>egressi</strong></span> <span class='ocrx_word' id='word_1_831' title='bbox 2670 5549 2852 5595; x_wconf 86' lang='lat' dir='ltr'><strong>essent</strong></span> <span class='ocrx_word' id='word_1_832' title='bbox 2921 5540 3108 5592; x_wconf 83' lang='lat' dir='ltr'><strong>urbem</strong></span> <span class='ocrx_word' id='word_1_833' title='bbox 3159 5549 3556 5595; x_wconf 85' lang='lat' dir='ltr'><strong>exstruxerunt</strong></span> <span class='ocrx_word' id='word_1_834' title='bbox 3587 5533 3631 5608; x_wconf 80' lang='grc'><strong>,’</strong></span> <span class='ocrx_word' id='word_1_835' title='bbox 3660 5556 3792 5612; x_wconf 82' lang='lat' dir='ltr'><strong>quam</strong></span> 
     </span>
    </p>
   </div>
   <div class='ocr_carea' id='block_1_117' title="bbox 2261 5609 3789 5699">
    <p class='ocr_par' dir='ltr' id='par_1_117' title="bbox 2261 5609 3789 5699">
     <span class='ocr_line' id='line_1_117' title="bbox 2261 5609 3789 5699; baseline -0.004 -16"><span class='ocrx_word' id='word_1_836' title='bbox 2261 5609 2562 5684; x_wconf 77' lang='lat' dir='ltr'><strong>Tliamanin</strong></span> <span class='ocrx_word' id='word_1_837' title='bbox 2627 5630 3004 5699; x_wconf 82' lang='lat' dir='ltr'><strong>appellarunt,</strong></span> <span class='ocrx_word' id='word_1_838' title='bbox 3076 5631 3230 5698; x_wconf 85' lang='lat' dir='ltr'><strong>juxta</strong></span> <span class='ocrx_word' id='word_1_839' title='bbox 3285 5645 3583 5684; x_wconf 88' lang='lat' dir='ltr'><strong>numerum</strong></span> <span class='ocrx_word' id='word_1_840' title='bbox 3665 5643 3789 5686; x_wconf 75' lang='lat' dir='ltr'><strong>suum</strong></span> 
     </span>
    </p>
   </div>
   <div class='ocr_carea' id='block_1_118' title="bbox 2260 5721 3785 5794">
    <p class='ocr_par' dir='ltr' id='par_1_118' title="bbox 2260 5721 3785 5794">
     <span class='ocr_line' id='line_1_118' title="bbox 2260 5721 3785 5794; baseline -0.003 -19"><span class='ocrx_word' id='word_1_841' title='bbox 2260 5724 2413 5794; x_wconf 79' lang='lat' dir='ltr'><strong>quasi</strong></span> <span class='ocrx_word' id='word_1_842' title='bbox 2445 5724 2587 5779; x_wconf 81' lang='lat' dir='ltr'><strong>dicat</strong></span> <span class='ocrx_word' id='word_1_843' title='bbox 2621 5742 2633 5778; x_wconf 91' lang='lat'><strong>:</strong></span> <span class='ocrx_word' id='word_1_844' title='bbox 2704 5721 2816 5777; x_wconf 73' lang='lat' dir='ltr'><strong>Nos</strong></span> <span class='ocrx_word' id='word_1_845' title='bbox 2863 5732 2983 5776; x_wconf 86' lang='lat' dir='ltr'><strong>octo</strong></span> <span class='ocrx_word' id='word_1_846' title='bbox 3021 5736 3231 5776; x_wconf 87' lang='lat' dir='ltr'><strong>sumus.</strong></span> <span class='ocrx_word' id='word_1_847' title='bbox 3254 5722 3506 5791; x_wconf 79' lang='lat' dir='ltr'><strong>Dixitque</strong></span> <span class='ocrx_word' id='word_1_848' title='bbox 3551 5722 3785 5778; x_wconf 79' lang='lat' dir='ltr'><strong>Dominus</strong></span> 
     </span>
    </p>
   </div>
  </div>
