3950 6348
183 259 281 322 911

1591 243 1958 305 ANNALES.

3284 250 3393 312 918

1126 325 1130 329 .
1143 320 1161 341 κ
1423 322 1437 331 .

184 380 384 444 potens,
414 368 702 438 glntirisus,
734 364 920 418 Noahn
958 377 970 411 :
1013 360 1128 412 Non
1162 359 1408 412 futurum
1459 366 1543 410 est
1575 362 1722 427 pest~
1749 352 1799 410 Α
1827 371 1939 415 tum
1967 356 2158 416 autem
2195 363 2315 415 vita:
2351 360 2584 437 iiaiuani
2635 362 2761 413 anni
2809 360 3182 429 qnznlriugerui
3218 368 3265 413 rt
3296 367 3392 416 fri-

184 465 277 518 liac
305 450 538 530 unquam
574 454 861 513 diluvium.
1467 504 1477 518 Ι

246 550 382 617 Quin
436 556 489 603 et
527 547 709 615 posuit
765 546 1023 599 Dominus
1058 540 1248 598 Noalio
1285 542 1483 607 fmdus,
1521 542 1729 597 scilicet

185 640 447 698 arcum‘in
488 637 723 691 nubibus
773 645 1153 706 apparentem,
1199 635 1388 690 dicens
1433 635 1535 704 ipsi
1572 654 1584 690 :
1622 633 1724 690 Ubi

179 730 517 801 conspexeris
548 743 730 783 areum
765 729 951 791 istum,
979 728 1082 782 erit
1121 728 1234 797 ipse
1253 728 1350 784 tibi
1379 729 1593 797 signum
1626 728 1726 785 foe-

177 827 338 880 deris.
372 821 801 889 Plantaruntque
837 821 930 885 filii
966 819 1090 875 Noae
1125 822 1360 887 vineam,
1406 836 1436 876 e
1465 830 1571 891 qua
1601 810 1722 876 cum

177 914 352 968 vinum
385 926 571 965 recens
608 925 921 978 expressum
947 912 1085 980 patri
1114 924 1217 967 suo
1245 912 1433 966 Noaiio
1458 913 1726 981 praebuis-

175 1013 312 1068 sent,
372 1003 565 1059 bibens
621 1003 737 1072 ipse
792 1004 1096 1058 inebriatus
1143 1012 1247 1067 est,
1284 986 1420 1066 adeo
1471 1014 1530 1057 ut
1582 1005 1725 1061 inter

175 1093 622 1150 olidormieudum
674 1078 1006 1163 retegeretur
1035 1096 1313 1164 turpitudo
1344 1083 1558 1163 ipsius;
1579 1095 1723 1170 quod

171 1187 362 1240 videns
408 1186 632 1248 Hamus,
676 1185 819 1249 risit,
853 1200 916 1240 ac
969 1184 1234 1240 fratribus
1272 1185 1388 1240 suis
1436 1184 1721 1241 indicavit.

172 1279 457 1346 Ac'ceptam
507 1291 638 1347 ergo
674 1284 877 1332 vestem
934 1276 1060 1332 Sem
1112 1284 1165 1330 et
1202 1276 1399 1345 Japliet
1452 1274 1553 1331 sibi
1602 1278 1726 1348 inji-

169 1368 397 1432 cieutes,
448 1369 738 1437 aversique
783 1375 1002 1434 euntes,
1051 1381 1118 1421 ne
1142 1368 1407 1438 pudorem
1437 1371 1610 1440 patris
1642 1371 1725 1426 sui

169 1461 573 1531 conspicerent,
626 1460 802 1529 patris
836 1460 1103 1529 pudorem
1134 1459 1478 1516 obtexcrunt.
1518 1461 1723 1530 Exper-

151 1564 352 1608 ‘rectus
404 1562 583 1608 autem
635 1567 665 1606 e
701 1565 894 1606 somno
928 1536 1049 1623 suo
1094 1549 1268 1615 Noali,
1313 1566 1572 1609 narrante
1617 1554 1721 1623 ipsi

1828 455 2020 525 ginta..
2060 450 2332 516 Sim-incito
2388 462 2512 522 post
2567 467 2743 509 annos
2792 462 3011 506 centum
3064 465 3116 507 et
3169 454 3390 522 triginta

1828 559 1993 602 natus
2050 558 2135 601 est
2193 545 2371 611 Ει›ρι’;
2430 556 2716 618 totumque
2772 544 2920 615 quod
2976 544 3108 598 vixit
3160 543 3389 599 Sitalccli

1828 641 2212 710 quadringenti
2241 649 2291 692 et
2324 638 2807 708 sexaginta,.Eber
2831 646 3013 692 autem
3048 637 3389 692 Hebraeorum

1828 743 1979 802 pater
2008 737 2112 793 cst,
2147 745 2308 797 quem
2329 731 2549 785 Arabes
2581 730 2709 784 llud‘
2729 730 3029 800 appellant.
3065 728 3242 780 Ebcro
3273 739 3393 795 post

1827 838 1999 880 artnos
2038 831 2268 878 centum.
2308 822 2527 892 triginta
2562 831 2796 888 quatuor
2833 832 2992 876 natus
3032 832 3115 873 est
3152 818 3390 882 Plialck;

1827 918 1922 984 qui
1959 917 2082 970 ideo
2118 916 2223 969 huc
2275 914 2497 969 nomine
2528 914 2847 994 appellatus
2885 922 2969 967 est
3020 912 3163 981 quod
3215 910 3392 979 ipsius

1828 1019 2080 1079 tempore
2104 1008 2281 1063 divisa
2309 1016 2462 1063 esset
2492 1015 2663 1061 terra.
2855 1052 2861 1060 .

1896 1097 2071 1153 Porro
2099 1080 2295 1162 Ebero,
2344 1104 2468 1168 post
2498 1095 2820 1158 Plialek‘um,
2852 1101 3015 1149 natus
3042 1101 3129 1149 est
3154 1093 3391 1158 Kalitan,

1825 1193 1918 1262 qui
1952 1190 2202 1247 .Arab‘um
2245 1198 2417 1260 pater.
2453 1189 2584 1257 Ejus
2616 1199 2858 1257 tempore
2886 1188 3131 1258 cujusvis
3164 1186 3244 1242 vel
3279 1186 3391 1242 for-

1827 1283 2084 1344 titudine,
2125 1281 2233 1335 vel
2257 1280 2446 1335 formae
2485 1271 2799 1349 prm'stantia
2833 1277 3087 1348 insignis,
3137 1278 3224 1333 vel
3255 1293 3389 1333 cun-

1829 1373 1955 1428 silio
1987 1373 2315 1441 priestsntls,
2358 1371 2610 1427 velfama
2643 1370 2868 1425 illustris
2910 1371 3202 1440 imaginem
3237 1370 3392 1437 depi-

1776 1450 1783 1457 ’
1824 1470 1970 1517 'ctam
1998 1462 2250 1517 colebant
2277 1461 2549 1519 homines.
2580 1461 2758 1516 Causa
2803 1462 2948 1516 enim
2984 1456 3169 1516 cultus
3201 1461 3393 1529 imagi-

1776 1564 1791 1621 f
1825 1553 1986 1608 nibus
2019 1546 2244 1620 praestiti
2274 1552 2390 1607 haec
2422 1552 2543 1611 fuit.
2573 1552 2715 1620 quod
2746 1552 2877 1606 olim
2906 1568 3027 1606 cum
3080 1557 3393 1607 mo‘rcretur

170 1645 298 1713 quid
349 1652 562 1711 gestum
601 1643 798 1705 fuerat,
846 1658 1036 1705 uxore,
1067 1644 1241 1711 Hamo
1266 1644 1520 1713 suolilio
1548 1646 1721 1702 iratus
1752 1682 1795 1737 Β
1824 1659 1889 1700 ex
1930 1644 2063 1712 ipsis
2095 1645 2179 1699 vir
2215 1644 2413 1716 aliquis
2447 1642 2739 1714 prudentia
2769 1652 2823 1697 et
2849 1644 3080 1697 consilio
3127 1646 3243 1700 sive
3282 1644 3394 1697 for-

164 1733 465 1797 maledixit,
496 1733 1066 1789 dicens:Maledictus
1117 1735 1189 1790 sit
1230 1735 1477 1800 Ham,.et
1528 1752 1722 1793 servus

167 1824 432 1878 fratribus
476 1825 610 1879 suis.
647 1825 777 1879 Post
812 1826 946 1889 haec,
976 1841 1096 1881 cum
1126 1826 1424 1889 accepisset
1452 1827 1553 1881 sibi
1586 1826 1718 1881 Ham

161 1916 347 1969 omnia
400 1914 762 1969 instrumenta
808 1914 1046 1978 ludicra,
1094 1914 1409 1971 hac'etlam
1458 1932 1522 1972 ex
1570 1927 1757 1986 parte.

163 2007 515 2062 maledictum
543 2017 628 2061 est
656 2006 784 2076 ipsi,
815 2006 1432 2077 factusque-est'servus
1462 2008 1721 2067 fratribus

163 2100 319 2161 suis;
386 2099 501 2166 ipse
559 2088 769 2161 scilicet
820 2111 884 2152 ac
941 2098 1143 2167 posteri
1198 2100 1393 2168 ipsius,
1444 2090 1721 2171 quisunt

160 2186 432 2259 Αἰςγῃιίί,
484 2185 1064 2259 Nigritm,1Etliiopes,
1092 2198 1147 2244 et
1191 2189 1288 2259 (ut
1321 2190 1555 2257 dicitur)
1587 2190 1720 2246 Bar-

157 2276 300 2330 bari.
348 2276 567 2331 Duobus
625 2288 809 2332 autem
857 2285 981 2347 post
1030 2278 1309 2333 diluvium
1350 2281 1510 2336 annis
1558 2290 1721 2339 natus

158 2376 246 2423 est
267 2364 439 2423 Semo
481 2368 902 2435 Arpbaeitshad:
923 2356 1099 2426 Semo
1118 2370 1230 2439 jam
1243 2379 1470 2429 centum
1502 2372 1723 2431 etduos

151 2474 340 2521 annos
382 2466 538 2515 nato.
571 2458 825 2528 Vixitque
848 2456 1002 2514 Nosti
1032 2456 1144 2533 η
1170 2464 1294 2532 post
1330 2460 1593 2517 diluvium
1620 2478 1722 2518 an-

148 2565 259 2607 nos
304 2552 610 2625 tercentum
644 2560 698 2607 et
730 2551 1146 2623 quinquaginta.
1347 2534 1351 2539 ’
1557 2578 1561 2583 ν
1640 2594 1644 2601 .

224 2640 391 2696 Morti
418 2652 599 2697 autem
635 2641 745 2711 jam
780 2642 991 2699 vicinus
1015 2642 1273 2713 prccepit
1294 2642 1442 2700 Nuah
1467 2644 1632 2701 Semo
1662 2646 1723 2701 ii-

148 2734 228 2788 iio
253 2747 381 2795 suo.
406 2734 547 2789 clam
583 2734 688 2805 ipsi
728 2734 914 2790 dicens
937 2732 1081 2791 :-Fac
1106 2744 1165 2815 ut
1204 2751 1436 2808 corpore
1474 2734 1722 2819 Adamie

150 2825 303 2891 navi,
334 2824 556 2880 nemine
576 2825 823 2887 conscio.
862 2825 1102 2893 sublato,
1153 2829 1503 2900 acceptisque
1544 2839 1721 2886 tecum

146 2917 208 2971 in
246 2914 514 2971 viaticum
538 2930 678 2985 pane
717 2928 780 2972 ac
819 2917 969 2983 vino,
1007 2920 1061 2974 et
1086 2919 1258 2975 ascito
1293 2916 1723 2978 Melehisedeelto

1829 1736 2067 1791 titudine
2108 1746 2399 1801 praestans,
2446 1735 2679 1805 effigiem
2716 1734 2892 1804 ipsius
2936 1734 2992 1787 in
3037 1735 3389 1789 conccssibus
3448 1760 3453 1765 ~

1829 1827 2226 1897 dcpingerent;
2258 1826 2456 1882 deinde
2496 1842 2620 1880 cum
2655 1825 2787 1894 quid
2823 1826 2960 1895 grati
2996 1826 3134 1895 ipsis
3178 1826 3387 1881 accide-

1830 1925 1913 1971 ret
1943 1919 2011 1974 de
2038 1932 2150 1995 quo
2175 1917 2502 1995 captandum
2533 1926 2681 1973 esset
2724 1917 3043 1980 consilium,
3078 1919 3217 1985 apud
3251 1916 3393 1970 ima-

1830 2010 2010 2078 ginem
2042 1994 2202 2064 istam
2243 1994 2633 2064 convenientes
2662 2005 2774 2078 48
2805 2007 3203 2072 consultarent,
3236 2008 3391 2077 quasi

1830 2102 2048 2157 adesset
2093 2102 2224 2169 ipsis
2278 2101 2423 2157 inter
2465 2090 2893 2156 consultandum
2935 2101 3115 2169 imago
3164 2100 3290 2174 ista,
3326 2114 3393 2154 ne

1828 2193 2045 2248 deesset
2096 2193 2234 2261 ipsis
2288 2193 2342 2246 in
2394 2192 2630 2256 consilio
2686 2191 2921 2258 alicujus
2976 2200 3388 2245 antecesserunt

1829 2283 2014 2355 imago,
2044 2300 2060 2339 :
2092 2284 2236 2353 quod
2271 2298 2395 2340 cum
2431 2274 2612 2338 facere
2639 2291 3073 2354 perseverarent,
3101 2284 3166 2339 ad
3199 2284 3392 2353 imagi-

1780 2394 1787 2399 ·
1828 2391 1960 2431 num
1995 2375 2201 2431 cultum
2251 2374 2460 2444 delapsi
2494 2383 2646 2432 sunt.
2687 2376 2733 2430 A
2761 2384 3009 2444 tempore
3039 2385 3219 2429 autem
3252 2375 3393 2428 dilu-

1798 2468 1902 2523 ~vii
1946 2467 2014 2523 ad
2050 2464 2390 2522 nativitatem
2425 2464 2646 2521 Pbaleki

2720 2465 3211 2537 (intercesserunt)
3264 2467 3389 2520 anui

1828 2558 2108 2627 q‘uingenti
2137 2557 2362 2627 triginta
2381 2565 2446 2612 ἐι
2474 2572 2640 2612 unus.
2669 2557 2749 2611 Ab
2772 2557 2983 2611 Adamn
3001 2557 3066 2611 ad
3097 2554 3391 2611 Phalekum

1831 2656 2023 2719 natum
2055 2648 2182 2704 anni
2207 2649 2293 2704 bis
2323 2648 2469 2721 mille
2495 2647 2820 2717 septingenti
2848 2649 3123 2717 octoginta
3157 2657 3389 2716 septem.

1829 2739 2002 2798 Natus
2031 2745 2127 2796 est
2176 2729 2361 2795 autem
2412 2724 2657 2794 Plialeko’
2695 2738 3062 2794 ivlelchisedrk
3111 2738 3390 2816 sacerdos.

1828 2832 1982 2888 Fecit
2026 2847 2158 2902 ergo
2189 2831 2320 2910 §em
2353 2831 2495 2886 sicut
2547 2838 2879 2900 przeceperat
2920 2831 3021 2898 ipsi
3054 2840 3208 2900 pater
3245 2831 3387 2896 ejus,

1829 2922 2025 2989 Noab;
2081 2931 2150 2978 et'
2193 2925 2373 2977 navim
2432 2930 2597 3008 noctu
2658 2921 2940 2991 ingressus
3002 2920 3127 2976 inde
3183 2936 3384 2990 corpus

148 3006 1462 3093 Phaleitifllio,proﬂciscaminijdonecibiipsum
1480 2996 1799 3093 deponaa'c
1830 3015 2043 3077 Admni,
2117 3015 2336 3070 nemine
2391 2996 2824 3075 facti'conscio,
2884 3012 3138 3078 sustulit;
3193 3012 3390 3067 deinde

146 3103 226 3160 tis
269 3102 367 3157 ubi
398 3092 743 3168 indicaturus
771 3112 857 3159 est
881 3104 1109 3173 angelus
1137 3090 1378 3161 Domini.
1398 3102 1469 3161 Et
1493 3090 1720 3163 Melchi-

145 3194 396 3252 sedecim
422 3179 738 3266 praecipiens
757 3196 956 3285 jubeas
994 3196 1174 3285 ipsum.
1220 3212 1287 3254 eo
1324 3197 1431 3256 loci
1453 3191 1614 3259 sedes
1661 3204 1751 3285 ῆς(

145 3298 303 3353 gere,
354 3282 593 3342 uxbretrr
625 3302 736 3342 non
784 3283 1129 3353 ducere,sed
1169 3280 1367 3358 pietati
1411 3297 1509 3364 per
1552 3298 1723 3349 totam

143 3378 319 3445 vitam
347 3390 409 3434 se
435 3375 721 3446 addicere;
744 3382 997 3449 quoniam
1038 3376 1421 3451 ipsum'elegit
1456 3380 1724 3442 Dominus

145 3481 211 3525 ut
234 3468 414 3525 cultui
455 3470 576 3540 ejus
602 3471 894 3527 inserviat.
919 3461 1029 3526 Nec
1062 3479 1197 3539 ergo
1233 3468 1456 3529 domum
1497 3474 1601 3530 sibi
1628 3492 1725 3532 ex-

142 3565 337 3616 struat
355 3575 373 3625 ;
396 3572 499 3615 nec
514 3561 832 3631 sanguinem
855 3558 926 3615 ibi
954 3545 1057 3615 loci
1072 3558 1128 3615 fu
1138 3560 1288 3625 nda‘t,
1306 3560 1394 3616 vel
1411 3561 1617 3629 bestiae,
1640 3563 1726 3618 vel

138 3651 423 3715 volucris.
458 3651 542 3706 vel
586 3649 1159 3719 animalis'cujusvis;
1218 3666 1399 3724 neque
1424 3652 1592 3708 aliam
1642 3636 1724 3709 ibi

142 3742 354 3808 oderat
411 3741 746 3797 oblationem
800 3734 963 3813 quam
1006 3756 1201 3813 panem
1250 3751 1307 3797 et
1347 3742 1556 3809 vinum,
1603 3759 1726 3815 quae

144 3834 398 3891 Doiiﬁno
430 3832 646 3897 offeret,
694 3834 875 3903 sitque
921 3850 953 3889 e
1003 3833 1234 3904 pellibus
1284 3834 1518 3891 leoninis
1564 3836 1728 3891 indu-

146 3937 409 3985 mentum
460 3928 667 3998 ipsius;
715 3943 818 3984 nec
855 3929 1041 3984 crines
1089 3926 1329 3992 tondeat,
1368 3942 1472 3984 nec
1514 3938 1725 4002 ungues

144 4019 446 4091 praecidat,
506 4020 765 4090 solusque
817 4029 1157 4090 permaneat,
1218 4022 1421 4091 quippe
1479 4022 1570 4092 qui
1632 4023 1723 4078 Dei
1765 4049 1778 4061 -

145 4112 420 4167 altissimi
468 4112 731 4168 sacerdos
762 4106 1341 4192 est..‘Pra:ibit.autem
1367 4114 1527 4170 vobis
1559 4128 1725 4183 ange-

143 4204 240 4259 lus
292 4201 514 4257 Domini
569 4203 743 4258 donec
794 4204 862 4259 ad
918 4202 1096 4259 locum
1132 4202 1222 4259 ubi
1274 4205 1544 4276 sepulturi
1590 4204 1726 4260 estis

144 4289 365 4350 Adami
427 4306 627 4362 corpus
683 4294 1052 4363 pervenistis;
1105 4295 1250 4350 scias
1306 4303 1489 4349 autem
1542 4293 1720 4350 locum

1822 3106 2135 3163 convocatis
2174 3102 2466 3171 fratribus,
2507 3103 2688 3159 dixit:
2716 3103 2778 3159 In
2806 3102 3080 3159 mandatis
3125 3102 3259 3156 mihi
3289 3103 3393 3157 sub

1824 3208 2000 3254 morte
2046 3214 2144 3253 sua
2200 3197 2351 3253 dedit
2399 3203 2575 3265 pater,
2612 3204 2674 3250 ut
2729 3194 2783 3250 in
2837 3203 2985 3249 terra
3037 3192 3394 3265 progredercr

1776 3350 1787 3357 _
1824 3304 1997 3359 usque
2042 3277 2276 3345 dumad
2297 3286 2840 3356 marepertingerem,
2873 3284 3227 3352 videremqnc
3255 3298 3394 3352 quio-

1824 3380 1986 3455 modo
2027 3393 2097 3449 se~
2135 3379 2361 3436 haberet
2404 3386 2549 3433 terra
2596 3376 2827 3445 ejusque
2869 3370 3021 3430 lluvii
3085 3391 3149 3430 ac
3204 3376 3393 3438 valles,

1825 3483 1939 3529 tum
1975 3470 2045 3526 ad
2101 3486 2202 3527 vos
2248 3478 2579 3526 reverterer.
2613 3465 2852 3523 Uxorem
2901 3482 3034 3538 ergo
3080 3483 3145 3522 ac
3194 3468 3395 3521 liberos

1828 3580 1977 3621 meos
2035 3563 2194 3631 apud
2230 3578 2329 3618 vos
2386 3560 2657 3632 relinquo.
2715 3575 2856 3631 quos
2914 3559 3146 3615 servetis
3227 3560 3390 3612 velim

1824 3653 1999 3727 usque
2045 3656 2175 3710 dum
2221 3657 2287 3710 ad
2322 3670 2421 3711 vos
2464 3661 2749 3719 revertar;
2787 3651 3025 3707 Phaleito
3078 3658 3256 3704 animm
3293 3651 3393 3703 di—

1825 3750 1954 3806 xit:
1996 3747 2140 3805 Cede
2181 3747 2314 3802 milii
2366 3746 2533 3800 filium
2577 3754 2727 3811 tuum
2779 3741 3241 3798 Itlelcbisedcknm
3296 3742 3390 3808 qui

1826 3841 1961 3897 mihi
2008 3840 2211 3897 auxilio
2245 3840 2322 3896 sit
2360 3841 2415 3892 in
2462 3838 2578 3893 via.
2607 3834 2745 3892 Cum
2778 3849 2934 3904 ergo,
2980 3834 3278 3901 assumptis
3311 3848 3398 3886 se-

1827 3949 1947 3989 cum
1998 3932 2192 3988 Adami
2233 3946 2465 4001 corpore
2498 3936 2553 3984 et
2611 3928 3074 3989 Melchisedecho,
3119 3929 3395 3997 proiectus

1826 4032 1973 4081 esset
2022 4022 2173 4087 Sem,
2199 4022 2446 4078 occurrit
2486 4007 2622 4091 ipsis
2640 4011 2879 4091 'angelus
2913 4020 3157 4083 Domini,
3194 4035 3294 4072 nec
3328 4020 3397 4072 ab

1826 4115 1964 4185 ipsis
2013 4108 2286 4178 discessit,
2338 4113 2511 4168 donec
2559 4112 2642 4167 eis
2677 4112 2745 4166 ad
2792 4112 3030 4165 medium
3077 4119 3234 4165 terrae
3268 4126 3392 4177 pcr-

1829 4209 2005 4264 ductis
2058 4208 2239 4264 locum
2271 4206 2641 4272 ostendisset;
2681 4205 2769 4260 cui
2792 4219 2922 4265 cum
2968 4219 3175 4273 corpus
3206 4205 3393 4257 Adami

1828 4300 2241 4369 imposuissent,
2309 4304 2502 4367 sponte
2570 4311 2671 4351 sua
2738 4294 3059 4351 dehiscebat
3124 4312 3139 4349 :
3202 4296 3396 4348 deinde

146 4388 332 4442 istum
389 4388 547 4439 terrm
601 4384 838 4439 medium
885 4398 1027 4442 esse.
1060 4376 1187 4440 Hac
1215 4401 1339 4440 cum
1391 4380 1554 4441 Semo
1582 4401 1725 4456 pm-
1755 4370 1801 4428 θ
1830 4391 2081 4462 deposito
2110 4383 2186 4444 'in
2232 4390 2354 4459 ipso
2399 4388 2652 4457 corpore,
2711 4401 2934 4442 rursum
2986 4386 3240 4441 occlusus
3287 4397 3391 4440 est.

145 4479 425 4548 cepisset,
476 4486 723 4531 mortuus
761 4466 845 4532 eat
894 4476 1069 4538 Noah.
1122 4477 1211 4533 die
1260 4472 1537 4541 Mercurii,
1590 4477 1723 4532 liora

144 4569 265 4624 diei
321 4567 589 4631 Secunda,
624 4567 869 4623 secundo
911 4568 1118 4623 mensis
1145 4568 1311 4640 Ayar,
1345 4569 1438 4637 qni
1468 4569 1610 4623 idem
1645 4581 1730 4625 est

152 4673 225 4713 ac
294 4642 581 4729 Bashlnes;
620 4657 832 4727 fuitque
882 4659 994 4722 vita
1042 4656 1216 4713 Noabi
1267 4673 1531 4713 annorum
1582 4674 1771 4715 non--

142 4758 454 4822 gentorum
492 4750 904 4819 quinquaginta.
936 4749 1177 4819 Contigit
1219 4760 1398 4804 autem
1434 4750 1540 4806 hoc
1582 4765 1729 4804 anno

144 4840 347 4896 aetatis
371 4838 519 4895 Seiui
545 4838 1087 4910 quadringentesimo
1111 4839 1580 4909 quinquagesimo.
1605 4839 1730 4895 Pol-

142 4935 397 5003 linctum
424 4948 556 5003 ergo
582 4934 759 5004 ipsum
789 4932 1117 5007 sepelierunt
1160 4932 1402 5005 5.5-5.7
1436 4934 1529 4989 filii
1553 4935 1728 5005 ipsius

149 5028 317 5099 Sent,
355 5023 511 5090 liam,
563 5034 618 5080 et
651 5023 865 5096 Japhet;
899 5039 963 5079 ac
1002 5025 1364 5095 quadraginta
1418 5025 1535 5081 dies
1571 5027 1729 5097 plan-

144 5124 394 5173 xerunt.
425 5111 620 5171 Tottim
648 5126 847 5195 lautem
902 5119 1048 5187 quod
1100 5116 1238 5171 vixit
1270 5115 1416 5181 Sem,
1460 5131 1728 5172 annorum

144 5214 276 5263 erat
311 5214 741 5274 sexcentorum;
771 5216 1001 5277 quarum
1032 5217 1249 5262 centum
1280 5216 1410 5261 ante
1444 5207 1732 5274 diluvium,

152 5306 294 5371 post
345 5298 611 5387 diluvipm
647 5299 951 5369 quingenti.
985 5298 1435 5375 Arphachsliado,
1480 5296 1606 5368 post
1634 5313 1734 5352 an-

151 5406 264 5448 nos
318 5397 556 5445 centum.
601 5390 827 5459 triginta.
872 5391 1134 5460 quinque,
1171 5400 1330 5445 natus
1373 5398 1455 5445 est
1487 5388 1732 5466 Kainan;

145 5489 339 5538 totum
370 5493 550 5536 autem
577 5482 723 5551 quod
747 5481 883 5536 vixit-
907 5480 1293 5549 Arphacbsliad
1315 5475 1431 5536 erat
1462 5495 1725 5559 annorum

148 5572 693 5645 quadringentorum
723 5574 999 5643 sexaginta
1028 5574 1287 5642 quinque.
1325 5571 1572 5626 Kainaao
1606 5580 1728 5641 post

153 5671 363 5745 annos
370 5673 381 5679 ‘
403 5673 621 5722 centum
649 5672 704 5723 et
751 5666 970 5736 triginta
1018 5673 1178 5722 natus
1209 5674 1290 5726 est
1322 5664 1595 5732 Slialech;
1646 5674 1728 5721 ιο-

1826 4478 2032 4536 Nomen
2077 4490 2253 4534 autem
2293 4477 2399 4536 loci
2440 4478 2598 4534 istius
2634 4486 2719 4534 est
2753 4476 3006 4546 Jaljalali,
3039 4477 3277 4549 49-51
3339 4478 3389 4531 id

1826 4577 1931 4637 est,
1969 4568 2239 4624 cranium.
2852 4582 2853 4585 η

1899 4660 2038 4716 Tum
2067 4660 2324 4731 praecepit
2349 4659 2471 4714 Sem
2498 4656 2893 4712 Melcliisedeko
2926 4658 3109 4711 omnia
3140 4673 3260 4725 qua?
3280 4657 3391 4723 jus-

1830 4737 1976 4810 serat
2005 4753 2180 4822 ipsum
2215 4749 2388 4815 Noah,
2420 4750 2607 4805 dicens
2638 4748 2712 4804 illi
2746 4764 2761 4802 :
2789 4745 2889 4802 Hic
2915 4762 3142 4801 manens
3174 4748 3251 4800 sis
3286 4746 3393 4799 Do-

1830 4842 1981 4898 mino
2010 4840 2288 4905 sacerdos,
2316 4839 2575 4909 quoniam
2608 4838 2774 4909 elegit
2805 4844 2859 4894 te
2883 4836 3146 4890 Dominus
3178 4837 3243 4888 ad
3278 4838 3398 4890 cul-

1833 4942 1949 4987 tum
1977 4933 2082 4987 sibi
2116 4931 2523 5001 praestandum;
2555 4938 2721 5001 atque
2767 4930 2993 4999 angelus
3041 4929 3142 4982 iste
3185 4928 3395 4981 Domini

1834 5024 1904 5081 ad
1932 5032 1986 5079 te
2015 5024 2277 5080 continue
2305 5022 2621 5079 descendet.
2665 5022 2869 5077 Deinde
2907 5021 2972 5074 ad
3023 5022 3221 5075 fratres
3274 5036 3399 5072 suos

1833 5131 2108 5180 reversus,
2149 5116 2505 5185 interroganti
2546 5112 2800 5179 Plialeko,
2835 5113 3056 5167 ubinam
3086 5122 3232 5166 esset
3264 5110 3398 5162 Mel-

1836 5198 2093 5262 chisedek
2117 5206 2289 5277 puer?
2315 5204 2615 5275 respondit,
2640 5219 2700 5259 se
2732 5203 2908 5273 ipsum
2938 5207 2992 5258 in
3016 5206 3095 5256 via
3125 5213 3397 5256 Iliorlittttll

1838 5297 2154 5367 sepeliisse;
2191 5312 2383 5368 magna
2415 5310 2540 5364 ergo
2595 5294 2664 5347 ob
2718 5294 2895 5365 ipsum
2948 5292 3170 5346 tristitia
3224 5293 3397 5347 affecti

1839 5401 1988 5448 sunt.
2022 5389 2179 5445 Anno
2213 5399 2390 5443 autem
2423 5388 2546 5441 vitae
2578 5386 2740 5441 Eberi
2804 5385 3204 5453 septuagesimo
3253 5399 3400 5436 mor-

1840 5490 1966 5536 tuus
1999 5490 2085 5535 est
2104 5477 2520 5549 Arpliachshad.
2552 5492 2738 5532 mense
2770 5476 2935 5529 Nis‘an
2966 5474 3079 5543 (qui
3132 5482 3215 5526 est
3264 5473 3397 5525 llar-

1840 5564 2096 5643 mudab);
2133 5571 2344 5639 fuitque
2378 5570 2489 5623 vita
2523 5568 2696 5638 ipsius
2731 5582 2999 5620 annorum
3032 5564 3398 5632 quadringen-

1841 5672 2019 5721 torum
2063 5662 2345 5732 scxagiuta
2398 5659 2658 5730 quinque.
2703 5656 2861 5711 Anno
2905 5669 3032 5709 vero
3065 5655 3184 5707 vita:
3240 5652 3396 5706 liberi
