3950 6348
600 309 704 372 915

1644 309 2009 375 EUTYCIIII
2054 313 2575 410 MIEXANDRINI
2615 311 2832 376 PA'I‘R.

3691 319 3760 384 9ίῦ

593 423 907 476 smierhum.
954 423 1086 478 Cum
1134 439 1261 492 ergo
1312 426 1658 496 praecepisset
1688 424 1863 493 (ista)
1921 423 2150 478 Lameeh
2185 455 2225 508 Α
2255 425 2463 490 cribus,
2499 426 2649 482 feris.
2685 428 2992 490 reptiiibus,
3038 431 3259 486 tiicI'nst
3290 433 3762 490 Iulrmlucastccum

598 514 710 568 filio
735 529 835 567 suo
865 513 1077 577 Nohna,
1110 523 1359 570 mortuus
1388 526 1491 578 est,
1511 516 1596 568 die
1629 508 1908 568 Dominico
1931 514 2032 568 sub
2061 529 2155 567 oc-

596 619 782 659 casum
833 605 996 668 solis;
1049 605 1208 658 Adari
1267 606 1379 673 (qui
1434 617 1519 660 est
1574 605 1884 673 Bormahat)
1939 603 2154 659 decimo

593 712 774 762 nono;
829 698 1114 764 ipsumque
1161 698 1480 765 pollinctum
1513 698 1723 766 sepeliit
1766 695 1913 750 Noah
1948 696 1998 748 iu
2031 711 2154 764 spe-

595 791 754 842 lunca
783 789 1042 851 Alcanuz,
1076 789 1506 864 planxeruntque
1529 792 1705 859 ipsum
1758 790 1874 844 dies
1916 789 2152 856 quadra—

595 883 763 948 ginta.
801 879 904 949 33
934 873 1040 949 35
1063 877 1190 932 Fuit
1224 889 1406 933 autem
1435 881 1545 933 vita
1588 877 1838 932 Lameuhi
1881 891 2150 931 annorum

594 973 1062 1041 septingentorum
1102 964 1445 1042 septuaginta
1498 984 1726 1038 septem.
1777 971 1943 1022 Porro
2006 984 2150 1024 anno

593 1047 720 1120 vitae
749 1063 873 1119 Noae
903 1067 1298 1121 sexcentesimo
1341 1075 1584 1119 mortuus
1614 1075 1692 1119 est
1727 1062 2152 1127 Matlmshalech,

593 1157 683 1211 die
726 1156 950 1213 Veneris
981 1152 1123 1213 circa
1145 1158 1451 1225 meridiem,
1500 1157 1758 1210 vicesimo
1806 1156 1979 1224 printo
2028 1153 2150 1214 Ilul,

593 1251 685 1318 qui
721 1259 803 1304 est
830 1249 1018 1304 'l‘hut:
1058 1266 1216 1318 quem
1258 1250 1576 1316 poliincmm
1628 1248 1960 1322 sepelierunt
2000 1242 2151 1300 Noah

593 1352 646 1394 et
679 1341 799 1394 Sem
834 1341 887 1393 in
917 1341 1170 1410 spelunca
1197 1342 1453 1399 Alcanuz,
1485 1340 1772 1408 ipsumque
1795 1337 2152 1407 quadraginta

593 1430 710 1484 dies
761 1429 1107 1496 planxerunt.
1159 1419 1281 1480 Fuit
1333 1426 1516 1482 autem
1568 1426 1675 1480 vita
1725 1423 2153 1478 Mathushaiechi

595 1535 860 1574 annorum
927 1528 1322 1589 nongentorum
1377 1519 1653 1585 sexaginta
1698 1531 1909 1571 novem.
1973 1514 2155 1582 Neque

590 1612 700 1680 jam
729 1612 852 1679 quis
891 1610 1156 1680 superfuit
1188 1617 1239 1664 tn
1277 1621 1457 1664 monte
1504 1621 1691 1664 sancto
1744 1616 1939 1678 prater
1977 1607 2152 1661 solum

593 1685 840 1756 Noahnm
878 1706 1154 1773 irsittsque
1184 1719 1405 1758 uxorem
1433 1703 1542 1771 (cui
1574 1717 1767 1756 nomen
1795 1710 1911 1755 erat
1944 1698 2149 1768 llaical)

2255 528 2319 567 ex
2381 513 2487 569 illis
2536 513 2780 585 37-39
2815 533 2936 584 qua:
2992 518 3132 570 inter
3187 523 3298 574 lucc
3359 519 3561 574 munda
3619 519 3767 578 fuerint

2255 618 2460 678 septem
2494 610 2666 678 paria,
2697 626 2874 667 mares
2905 622 3133 679 septem,
3164 624 3217 667 et
3250 614 3492 669 femellas
3532 614 3757 678 totidem:

2251 709 2316 748 ex
2365 694 2658 749 immundis
2724 705 2900 751 autem
2963 699 3128 759 bina.
3205 716 3403 754 marem
3449 687 3676 754 'scilic‘ct
3731 711 3769 756 et

2254 783 2531 840 feminam.
2563 785 2846 856 Ingressus
2879 803 3006 859 ergo
3046 789 3195 843 Noah
3247 791 3425 843 navim
3458 807 3582 844 cum
3626 808 3767 859 uxore,

2253 875 2398 940 filiis,
2433 876 2775 948 filiorumque
2803 881 3084 941 uxoribus.
3113 896 3311 949 corpus
3334 882 3523 934 Adami
3552 883 3607 936 in
3633 883 3766 936 navim

2252 968 2600 1047 importatum
2635 970 2835 1040 in-ejus
2865 972 3042 1026 medio
3068 974 3376 1034 collocarit,
3411 974 3676 1040 impositis
3698 976 3771 1043 ipsi

2252 1059 2648 1116 oblationibus.
2683 1059 3027 1132 Fueruntque
3059 1061 3212 1118 Noah
3244 1073 3300 1118 ‘et
3333 1064 3420 1117 filii
3461 1065 3577 1129 ejus
3605 1068 3660 1118 ad
3684 1082 3775 1134 par-

2255 1160 2360 1205 tem
2396 1153 2550 1208 navis
2583 1154 2938 1219 orientalem;
2970 1170 3106 1208 uxor
3135 1171 3258 1208 vero
3289 1157 3461 1223 ipsius
3491 1165 3540 1207 et
3581 1157 3773 1210 filiorum

2257 1257 2453 1297 uxores
2485 1243 2550 1297 ad
2586 1245 2998 1307 occidentalem,
3065 1263 3128 1299 ne
3177 1247 3275 1299 viri
3321 1248 3386 1298 ad
3423 1246 3664 1307 fetninas.
3707 1260 3776 1300 aut

2257 1337 2469 1391 feminte
2513 1338 2578 1392 ad
2610 1339 2757 1393 viros
2791 1340 3132 1394 accederent.
3164 1338 3407 1408 Cumque
3467 1339 3645 1392 omnia
3683 1355 3777 1406 qu;e

2255 1431 2441 1485 inferri
2487 1431 2726 1499 jusserat
2771 1432 2912 1485 Deus
2966 1446 3151 1488 secum
3193 1431 3503 1491 intulisset,
3535 1432 3774 1496 aperiente

2257 1521 2483 1574 Domino
2534 1537 2794 1591 aquarum
2835 1514 3048 1586 ‘Iontes,
3095 1523 3381 1577 scaturirit
3432 1532 3614 1583 terra,
3659 1536 3781 1581 com:

2256 1613 2408 1667 mista
2449 1614 2575 1666 sunt
2607 1616 2796 1678 maria,
2836 1615 3186 1686 pluviamque
3233 1614 3371 1670 Deus
3415 1629 3445 1668 e
3478 1614 3618 1668 cmlo
3646 1614 3785 1666 demi-

2256 1705 2349 1756 sit.
2397 1703 2624 1772 Fuitque
2667 1705 2929 1759 diluvium
2985 1721 3109 1760 cum
3147 1705 3296 1786 Noah
3349 1717 3616 1758 annorum
3667 1710 3787 1758 esset

600 1796 761 1848 filiam
813 1795 1061 1847 Nautusat
1114 1795 1206 1848 filii
1259 1795 1487 1859 Enoclti,
1541 1810 1660 1848 cum
1709 1795 1887 1848 tribus
1913 1793 2151 1861 ipsorum
2187 1802 2226 1856 Β
2255 1806 2658 1860 sexcentarum,
2692 1796 2834 1850 ﬁlius
2868 1810 2992 1851 vero
3024 1797 3199 1865 ipsius
3229 1795 3355 1850 Sem
3388 1809 3628 1870 centum.
3674 1794 3783 1847 Pro-

594 1883 722 1936 filiis
769 1883 952 1948 Semo,
1004 1882 1196 1946 Hauto,
1244 1892 1296 1950 et
1338 1881 1585 1951 Japheto,
1640 1885 1923 1950 tribusque
1965 1894 2153 1933 eorum

594 1976 921 2042 conjugibus
955 1990 1072 2052 qua!
1119 1991 1148 2028 e
1195 1974 1414 2028 filiabus
1470 1972 1908 2028 Mathushaiechi
1957 1971 2151 2026 fuere‘:

597 2067 749 2120 uxori
781 2065 923 2120 Serui
960 2083 1154 2121 nomen
1207 2063 1393 2125 Salit:
1423 2064 1599 2128 Hami,
1645 2066 1884 2128 Nahlat;
1921 2063 2154 2133 .Iapheti,

595 2158 862 2211 Arisisah.

671 2243 1080 2315 Ingravescente
1124 2257 1302 2303 autem
1357 2251 1412 2303 in
1462 2258 1607 2303 terra
1662 2248 1985 2317 iniquitate,
2029 2258 2154 2299 cum

596 2332 756 2392 Setini
791 2335 1013 2407 posteri.
1063 2338 1222 2392 Kaini
1268 2339 1544 2394 maledicti
1590 2338 1831 2408 posteris
1880 2336 2153 2406 permisti,

596 2430 800 2483 scelera
850 2431 1271 2493 committerent,
1325 2430 1500 2500 turpia
1542 2438 1839 2502 patrantes,
1874 2437 1926 2483 et
1971 2427 2037 2480 ad
2074 2427 2157 2480 lu-

596 2519 748 2574 dicra
784 2506 1068 2585 conversi,
1119 2523 1378 2577 indicavit
1433 2523 1575 2578 Deus
1626 2537 1720 2590 per
1770 2520 2153 2574 revelationem

595 2611 784 2667 Noaho
818 2632 831 2667 :
873 2613 1139 2670 Missurus
1166 2630 1284 2670 sum
1319 2615 1369 2668 in
1400 2623 1601 2669 terram
1630 2615 1915 2675 diluvium,
1953 2621 2007 2665 et
2038 2625 2156 2664 om—

596 2702 686 2755 nia
725 2717 847 2771 quae
875 2719 1040 2771 super
1066 2720 1126 2758 ea
1176 2687 1513 2774 reperientur
1549 2705 1885 2779 perditurus.
1936 2699 2156 2768 Ipsique

596 2792 663 2847 de
711 2804 889 2848 nonte
921 2805 1131 2860 sancto,
1188 2811 1297 2850 una
1334 2812 1456 2851 cum
1505 2797 1630 2848 filiis
1670 2802 1721 2848 et
1771 2807 1959 2854 uxore,
2015 2791 2156 2843 filio-

597 2892 826 2954 rumque
857 2889 1140 2949 uxoribus,
1167 2887 1498 2943 descendere
1531 2887 1708 2952 iusso.
1747 2881 2001 2955 praecepit
2031 2891 2092 2936 ut
2124 2897 2153 2935 e

597 2976 758 3044 lignis
791 2978 1073 3045 quadratis
1102 2977 1281 3031 navim
1309 2985 1612 3031 exstrueret
1644 2977 1818 3044 (juxta
1857 2973 2153 3028 nonnullos

594 3077 626 3118 e
658 3067 820 3135 lignis
841 3070 1039 3136 platani
1071 3063 1289 3135 Indicae)
1331 3068 1488 3136 cujus
1522 3067 1804 3134 longitudo
1829 3075 1974 3120 esset
2008 3064 2156 3117 cubi-

597 3133 778 3212 torum
813 3133 896 3212 ter
923 3166 1166 3223 Centum,
1202 3133 1431 3212 latitudo
1465 3159 1879 3228 quinquaginta,
1923 3156 2154 3210 altitudo
2181 3133 2225 3192 (ἶ

597 3253 854 3321 triginta;
887 3267 1114 3322 eamque
1147 3254 1380 3308 interius
1410 3261 1464 3307 et
1500 3255 1741 3308 exterius
1775 3254 1891 3322 pice
1916 3268 1979 3307 ac
2013 3253 2158 3306 bitu-

599 3346 746 3401 mine
789 3329 1016 3400 oblitam
1062 3347 1114 3399 in
1165 3356 1276 3402 tres
1323 3347 1762 3418 contignationes
1811 3346 1920 3414 36
1959 3346 2156 3400 distin-

599 3427 810 3509 gueret,
857 3453 1086 3506 quarum
1129 3438 1350 3514 infima,‘
1394 3435 1522 3496 feris
1572 3449 1720 3496 esset
1761 3447 1817 3494 et
1857 3440 2155 3507 iumentis;

598 3526 797 3594 media,
842 3529 1190 3592 volucribus;
1244 3544 1520 3598 suprema,
1570 3529 1672 3598 ipsi
1730 3538 1784 3583 et
1828 3529 1955 3583 filiis
2003 3531 2156 3596 suis;

597 3602 854 3684 essetque
905 3630 1061 3685 porta
1103 3619 1256 3674 navis
1310 3619 1363 3672 in
1414 3619 1582 3674 latere
1631 3620 1803 3689 ipsius
1845 3620 1910 3673 ad
1948 3627 2157 3688 partem

597 3707 941 3784 orientalmn,
963 3709 1263 3779 ﬂoremque
1285 3708 1336 3764 in
1361 3711 1474 3781 ipsa
1506 3712 1610 3766 loci
1632 3725 1788 3781 aqua;
1813 3711 2155 3779 recipiendre,

598 3812 664 3853 ac
698 3799 853 3854 locus
880 3801 1024 3854 cibo.
1061 3803 1346 3871 Ingressus
1372 3819 1503 3872 ergo
1546 3801 1695 3858 Noah
1725 3804 2036 3874 speluncam
2064 3805 2171 3858 Al-'

598 3904 791 3970 cannz,
848 3902 904 3945 et
963 3891 1149 3955 Setini,
1203 3893 1434 3958 Enochi,
1493 3884 1762 3958 Kainani,
1811 3891 2156 3958 Mahlalielis,

596 3981 1273 4049 Jaredi,Matlmshaiechi,
1296 3995 1348 4040 et
1371 3985 1623 4040 Lamechi
1649 4001 1878 4056 corpora
1926 3986 2157 4040 deoscu-

602 4077 766 4138 latus,
801 4090 1003 4144 corpus
1058 4075 1249 4130 Adami
1301 4093 1515 4146 unaque
1560 4078 1864 4134 oblationes
1912 4079 2164 4144 sustulit,

600 4166 806 4220 ferente
853 4166 1014 4221 Semo
1052 4182 1279 4232 aurum,
1327 4165 1497 4245 Damo
1553 4172 1861 4241 myrrham,
1927 4169 2157 4240 .Iapbeto

600 4260 744 4313 thus.
779 4255 994 4327 Egressi
1032 4260 1195 4329 igitur
1230 4269 1286 4313 ut
1337 4277 1366 4314 e
1404 4269 1584 4316 monte
1623 4273 1813 4316 sancto
1863 4263 2159 4316 descende-

599 4359 740 4414 rent,
772 4352 1005 4405 sublatis
1036 4353 1100 4405 ad
1136 4354 1448 4420 paradisum
1491 4354 1688 4418 oculis,
1734 4353 1928 4436 flevere
1972 4355 2158 4408 dicen-

2260 1893 2541 1951 rumpente
2570 1893 2744 1938 autem
2785 1899 2813 1936 e
2842 1894 2982 1938 terra
3025 1899 3185 1954 aqua,
3216 1885 3506 1954 pluviaque
3551 1884 3618 1938 de
3652 1886 3788 1942 coelo.

2258 1977 2611 2046 quadraginta
2643 1976 2761 2031 dies
2793 1965 3090 2044 noctesque
3122 1978 3414 2032 ccutinuos
3462 1993 3635 2045 usque
3677 1977 3788 2030 adeo

2246 2070 2487 2124 invaluit
2533 2085 2670 2138 aqua
2725 2085 2886 2137 super
2921 2081 3146 2135 terram,
3177 2080 3236 2124 ut
3277 2073 3605 2126 altissimum
3633 2073 3716 2138 qui
3741 2072 3787 2125 in

2258 2169 2400 2216 terra
2437 2162 2607 2233 (sunt)
2637 2164 2896 2216 montium
2937 2162 3244 2232 quindecim
3272 2164 3472 2217 cubitis
3509 2163 3790 2230 superaret.

2258 2261 2525 2321 terraique
2558 2251 2898 2320 superficiem
2930 2260 3146 2306 centum
3181 2260 3236 2306 et
3267 2253 3661 2322 quinquaginta
3691 2252 3789 2307 dies

2257 2348 2514 2411 operiret,
2549 2347 2721 2403 donec
2751 2362 2859 2402 non
2885 2357 3197 2416 superesset
3226 2347 3280 2399 in
3315 2356 3461 2401 terra
3497 2347 3694 2400 animal
3727 2346 3792 2398 vel

2259 2440 2438 2508 planta
2473 2440 2601 2507 quin
2652 2439 2988 2508 perderetur.
3047 2438 3165 2493 Jam
3218 2443 3286 2497 ab
3317 2439 3525 2493 Adamo
3575 2439 3639 2492 ad
3679 2439 3798 2492 dilu‘

2260 2531 2400 2582 vium
2451 2530 2578 2582 anni
2614 2538 2774 2582 erant
2822 2528 2909 2582 bis
2956 2530 3102 2582 mille
3148 2530 3370 2584 ducenti
3425 2530 3796 2599 quinquaginta

2259 2635 2374 2673 sex.
2404 2617 2534 2672 Post
2553 2615 2674 2672 'dies
2709 2628 2834 2671 vero
2865 2634 2894 2672 a
2935 2619 3143 2680 diluvio
3173 2627 3389 2703 centum
3444 2629 3498 2675 et
3546 2621 3797 2688 quinqua-

2257 2711 2429 2780 ginta.
2466 2711 2710 2766 mittente
2747 2709 2856 2763 Deo
2888 2718 3105 2763 ventum
3139 2711 3231 2779 qui
3269 2724 3434 2779 super
3477 2719 3683 2764 terram
3724 2706 3801 2761 ίιλ-

2258 2810 2363 2866 ret,
2390 2801 2528 2855 adeo
2559 2809 2616 2854 ut
2642 2800 2950 2868 quiesceret
3001 2816 3157 2868 aqua,
3205 2809 3483 2863 cessarent
3535 2801 3728 2862 fontes,
3757 2807 3800 2851 et

2259 2903 2606 2948 coerceretur
2635 2893 2842 2961 pluvia,
2875 2893 3041 2962 coepit
3090 2907 3225 2961 aqua
3263 2893 3525 2948 continue
3551 2892 3660 2963 ω
3687 2890 3800 2945 ειώο

2258 2987 2434 3041 sidere
2471 2992 2525 3038 et
2555 2984 2870 3040 decrescere
2897 2999 3068 3054 usque
3110 2984 3178 3037 ad
3206 2999 3445 3039 mensem
3495 2986 3797 3052 septimum.

2264 3073 2466 3128 Mensis
2511 3081 2691 3127 autem
2743 3073 2983 3141 septimi,
3043 3074 3258 3127 scilicet
3309 3074 3515 3128 mensis
3557 3073 3661 3127 Ilul
3701 3071 3803 3141 (qui

2259 3163 2399 3220 idem
2448 3173 2534 3219 est
2567 3163 2732 3234 Thut)
2787 3165 2874 3220 die
2909 3165 3118 3219 ‘decimo
3149 3165 3378 3234 septimo
3422 3165 3634 3220 resedit
3673 3164 3805 3219 naris

2260 3273 2422 3326 super
2450 3265 2634 3312 monte
2677 3256 2824 3312 dicto
2867 3254 3082 3314 Ararat.
3120 3255 3212 3324 qui
3239 3263 3324 3310 est
3359 3271 3516 3310 mons
3545 3253 3738 3308 Aliud:
3762 3254 3805 3304 in

2258 3346 2450 3410 Musal,
2507 3344 2560 3400 in
2586 3345 2804 3415 regione
2864 3345 3195 3409 Diarrabix,
3250 3346 3318 3408 in,
3368 3344 3488 3399 vico
3552 3344 3807 3416 appellato

2260 3436 2470 3511 Korda;
2514 3444 2743 3490 vocatur
2777 3442 2956 3516 autem
2995 3436 3157 3490 hodie
3199 3445 3344 3490 terra
3395 3435 3729 3499 Thamanin,
3764 3439 3808 3486 et
3894 3433 3895 3502 ξ

2260 3529 2435 3583 insula
2466 3524 2595 3581 Βωιὶ
2633 3528 2815 3580 Omar.
2845 3527 3092 3598 Cumque
3125 3543 3233 3583 non
3270 3537 3516 3583 cessaret
3551 3543 3697 3599 aqua
3729 3525 3806 3580 de-

2258 3632 2506 3673 crescere
2531 3627 2582 3672 et
2618 3615 2901 3672 subsidere
2940 3633 3112 3688 usque
3150 3618 3216 3672 ad
3247 3634 3488 3674 mensem
3519 3620 3806 3677 decimum.
3894 3629 3895 3632 ‘

2262 3710 2435 3782 primo
2469 3711 2554 3762 die
2587 3710 2787 3762 mensis
2817 3707 3013 3762 decimi
3045 3694 3345 3779 apparuere
3376 3710 3648 3763 montium
3672 3709 3803 3776 juga.

2260 3798 2454 3853 deinde
2483 3807 2608 3867 post
2647 3797 3005 3869 quadraginta
3053 3791 3193 3863 dies,
3236 3807 3423 3868 aperta
3453 3800 3615 3853 navis
3648 3809 3803 3869 porta,
3894 3867 3895 3870 η

2258 3892 2433 3946 emisit
2468 3890 2619 3944 Noah
2661 3906 2886 3944 corvum
2945 3891 3009 3945 ad
3057 3889 3447 3960 explorandum
3478 3907 3615 3946 num
3653 3890 3804 3945 exsica

2258 3992 2378 4066 cata
2421 3990 2565 4038 esset
2610 3997 2747 4050 aqua
2780 3996 2808 4033 a
2837 3968 3125 4051 superficie
3162 3989 3341 4045 terrae,
3376 3981 3470 4051 qui
3513 3983 3712 4036 abiens
3737 3994 3803 4032 re-

2259 4090 2451 4129 versus
2506 4085 2613 4128 non
2655 4083 2756 4128 est.
2801 4073 2949 4128 Misit
2992 4088 3123 4144 ergo
3170 4073 3503 4137 columbam,
3535 4089 3662 4142 qum
3707 4073 3806 4127 sine

2261 4182 2411 4219 mora
2448 4179 2665 4219 reversa
2704 4173 2788 4219 est
2817 4165 3048 4234 pedibus
3083 4179 3223 4236 aqua
3255 4163 3636 4230 madentibus,
3686 4163 3807 4219 υιιιε

2258 4260 2510 4328 cognovit
2531 4257 2679 4312 Noah
2711 4257 2888 4320 adhuc
2922 4273 3044 4313 esse
3084 4273 3276 4328 aquam
3307 4272 3473 4328 super
3503 4267 3727 4313 terram.
3752 4256 3808 4307 At
3894 4297 3895 4340 3

2260 4359 2380 4418 post
2402 4359 2602 4418 septem
2635 4349 2754 4404 dies
2785 4364 2909 4402 cum
2953 4350 3189 4402 mitteret
3231 4364 3424 4405 rursus
3477 4351 3800 4408 columbam.

597 4450 680 4496 tes
701 4461 727 4496 ':
763 4442 907 4503 Vale,
940 4446 1184 4511 paradise
1209 4458 1449 4500 sancte:
1486 4430 1802 4514 lapidesque
1834 4445 2153 4511 deosculati,
2188 4473 2232 4527 υ
2261 4453 2323 4492 ea
2363 4438 2428 4491 ad
2465 4440 2638 4508 ipsum
2674 4438 2908 4507 vesperi.
2959 4437 3012 4502 in
3045 4451 3139 4489 ore
3173 4430 3359 4490 folium
3403 4436 3562 4492 Oliva:
3608 4453 3800 4510 gerens,

599 4547 662 4587 ac
688 4535 908 4590 arbores
938 4536 1166 4605 amplexi
1195 4536 1259 4590 de
1285 4541 1464 4592 monte
1509 4544 1698 4592 sancto
1723 4537 2155 4604 descenderunt;

601 4625 1006 4697 fabricatusque
1038 4636 1121 4681 est
1160 4625 1308 4680 Noah
1337 4629 1539 4682 navim.
1570 4629 1667 4683 Cui
1707 4620 2155 4683 indicavit-etiam

600 4716 862 4791 Donyigus
907 4726 962 4771 ut
993 4733 1307 4787 campanam
1343 4735 1372 4774 e
1397 4718 1542 4788 ligno
1572 4719 1773 4788 platani
1806 4721 2001 4775 Indicae
2035 4735 2159 4775 ccu-

515 4865 521 4873 ,
601 4810 934 4868 ηοετδιμξτθε
971 4811 1186 4864 cubitos
1241 4810 1481 4880 longam,
1532 4811 1815 4866 latitudine
1867 4815 2156 4880 sesquicuo

599 4903 841 4962 bitalem.
872 4903 1026 4970 cujus
1061 4903 1221 4954 etiam
1267 4900 1492 4955 malleus
1519 4918 1581 4955 ex
1628 4902 1814 4956 eadem
1860 4912 2004 4957 esset
2050 4919 2157 4956 ma-

536 4999 538 5002 ’
602 4993 732 5045 teria
765 5012 778 5045 :
808 5008 968 5060 quam
1009 5001 1090 5044 ter
1130 4992 1372 5056 quotidie
1423 4993 1702 5059 pulsaret;
1742 5006 1920 5055 mane,
1953 5008 2060 5059 quo
2090 4992 2156 5045 ad

600 5084 775 5149 ipsum
807 5090 1498 5150 congregarentur-operte,
1534 5081 1731 5136 deinde
1763 5081 1829 5135 ad
1855 5083 2155 5148 meridiem,

600 5181 844 5241 tempore
873 5166 1123 5240 prandii;
1153 5187 1214 5226 ac
1236 5187 1428 5226 rursus
1460 5173 1833 5240 vesperi,cum
1875 5172 2156 5226 disceden-

600 5265 727 5316 dum
757 5272 933 5327 esset;
967 5252 1212 5331 dixitque
1243 5264 1342 5332 ipsi
1383 5281 1397 5315 :
1431 5262 1566 5317 Cum
1601 5264 1881 5318 audientes
1927 5274 1976 5317 te
2009 5279 2157 5316 cam-

601 5351 796 5425 panam
839 5355 1165 5424 pulsantem,
1194 5354 1430 5408 dixerint
1463 5355 1559 5408 tibi
1598 5373 1610 5406 :
1647 5354 1784 5420 Quid
1824 5355 1920 5408 hoc
1954 5355 2031 5432 rei
2078 5363 2160 5408 est

602 5448 745 5516 quod
779 5447 1246 5516 fecisti-responde
1297 5450 1472 5515 ipsis:
1532 5447 1884 5501 Immissurus
1926 5458 2009 5500 est
2052 5446 2158 5501 Do-

603 5539 786 5592 minus
810 5538 1093 5592 diluvium.
1119 5536 1270 5592 Fecit
1301 5553 1428 5608 crgo
1461 5536 1612 5591 Noah
1641 5540 1820 5593 omnia
1849 5554 1968 5608 qme
1993 5539 2156 5606 jussit

604 5629 778 5696 ipsum
835 5622 1112 5683 Dominus.
1167 5628 1418 5699 Misitque
1465 5631 1532 5683 ad
1593 5645 1714 5683 eum
1783 5628 2042 5704 Dominus
2090 5647 2154 5681 ex

607 5721 752 5774 omni
783 5722 1137 5776 animantium
1171 5737 1387 5793 genere,
1417 5722 1628 5779 scilicet
1653 5723 1970 5790 pecudibus,
2005 5722 2155 5776 relu-

2261 4544 2472 4584 reversa
2521 4536 2624 4583 est.
2673 4525 2814 4581 Tum
2845 4527 2934 4580 ubi
2971 4537 3172 4595 septem
3227 4528 3408 4584 adhuc
3455 4530 3577 4585 dies
3627 4544 3799 4600 exspe-

2258 4628 2480 4702 ctasset,
2511 4619 2834 4702 columbam‘
2861 4619 3053 4673 iterum
3101 4619 3300 4684 emisit,
3347 4635 3478 4692 quas
3520 4625 3595 4678 ad
3642 4626 3798 4695 ipsum

2259 4727 2365 4766 non
2393 4697 2574 4766 rediit.
2603 4711 2735 4766 Cum
2783 4697 2912 4781 ergo
2946 4719 3066 4776 post
3105 4711 3216 4766 haec
3247 4714 3450 4785 septe'rn
3490 4719 3616 4773 dies
3647 4729 3800 4771 morso

2261 4815 2369 4864 tus.
2422 4807 2576 4868 navis
2612 4815 2821 4875 portam
2867 4809 3194 4875 aperuisset,
3234 4809 3540 4877 prospexit,
3583 4819 3640 4864 et
3694 4819 3801 4864 ecce

2259 4906 2402 4950 terra
2457 4885 2678 4952 herbam
2718 4899 2941 4953 viridem
2977 4901 3324 4968 produxerat,
3377 4909 3433 4955 et
3475 4901 3548 4955 ab
3589 4902 3706 4972 ipsa
3735 4915 3801 4952 red

2259 4998 2540 5043 cesserant
2574 5003 2748 5058 aquae.
2791 4987 3052 5059 Egressus
3084 4999 3168 5046 est
3217 5007 3346 5061 ergo
3405 4993 3567 5049 Noah
3621 5011 3652 5049 e
3689 5006 3800 5048 nare

2226 5111 2238 5122 -
2259 5096 2382 5134 cum
2419 5081 2541 5135 ﬁliis
2573 5081 2707 5144 suis,
2737 5081 2917 5146 Samo,
2961 5082 3128 5135 Hamo
3156 5091 3209 5138 et
3240 5082 3491 5153 Japbeto,
3530 5084 3797 5154 suaqne'ct

2262 5173 2808 5248 filiorum‘uxoribus,
2854 5173 3219 5245 omnibusque
3251 5192 3369 5244 qua:
3419 5178 3469 5231 in
3519 5182 3652 5233 navi
3698 5192 3799 5231 cum

2261 5265 2378 5332 ipso
2418 5263 2567 5318 fuere
2613 5266 2998 5328 animantibus,
3050 5275 3176 5336 post
3231 5268 3366 5322 duos
3421 5268 3570 5322 ultra
3621 5282 3796 5323 annum

2261 5371 2494 5419 nienses,
2532 5356 2615 5410 die
2645 5357 2854 5411 decimo
2907 5359 3132 5426 septimo
3177 5355 3423 5430 ﬁlo“
3476 5363 3690 5432 mensis
3729 5376 3798 5415 se-

2259 5449 2442 5511 Cundi,
2473 5445 2658 5502 Nisani
2686 5448 2893 5502 scilicet
2918 5450 3008 5516 qui
3038 5460 3090 5502 et
3111 5449 3251 5504 idem
3283 5449 3620 5506 Barmudah.
3649 5452 3791 5506 Cum-

2260 5556 2364 5613 que
2411 5540 2615 5608 cgressi
2670 5549 2852 5595 essent
2920 5541 3108 5593 urbem
3159 5550 3555 5596 exstruxerunt
3587 5535 3793 5613 [quam

2261 5611 2562 5684 Thamanin
2627 5630 3004 5699 appellarunt,
3075 5631 3229 5698 juxta
3285 5646 3582 5685 numerum
3664 5611 3790 5687 suum

2260 5723 2413 5793 quasi
2446 5724 2587 5778 dicat
2621 5743 2633 5778 :
2704 5721 2816 5777 Nos
2863 5732 2983 5776 octo
3021 5737 3230 5777 sumus.
3253 5722 3506 5792 Dixitque
3550 5724 3786 5778 Dominus
