3950 6348
180 258 275 320 911

1586 241 1951 302 ANNALES.

3278 245 3386 307 918

1121 324 1123 326 .
1137 318 1154 338 κ
1417 319 1430 327 .

181 378 376 441 putt-ns,
408 366 694 436 glutiosus,
728 362 913 415 Noaho
952 375 964 408 :
1008 357 1121 409 Non
1157 357 1401 409 futurum
1453 364 1536 408 est
1569 361 1716 423 pesl-
1744 349 1792 406 Α
1821 369 1932 411 tum
1961 353 2150 411 autem
2188 359 2308 411 vita:
2345 357 2578 411 Kaiuani
2629 358 2754 409 anni
2803 357 3176 424 quadringenti
3212 364 3256 407 τί
3290 362 3385 410 tri-

181 463 271 516 hac
299 451 530 528 unquam
567 455 854 510 diluvium.
1461 501 1472 513 I

241 549 374 615 Quin
429 555 481 600 et
521 545 702 613 posuit
760 544 1016 596 Detninus
1057 539 1242 595 Noaho
1279 540 1476 603 foedus,
1516 539 1722 593 scilicet

183 655 354 695 arcum
387 639 440 692 in
482 636 716 689 nubibus
767 643 1146 703 apparentem,
1194 633 1382 687 dicens
1427 633 1529 700 ipsi
1567 651 1577 686 :
1617 630 1717 686 Ubi

177 729 510 799 conspexeris
541 742 722 780 arcum
758 727 944 787 istum,
973 727 1076 778 erit
1115 727 1227 794 ipse
1248 726 1343 780 tibi
1373 727 1586 793 signum
1621 725 1720 780 foe-

174 825 330 878 deris.
366 820 794 886 Plantaruntque
831 819 922 882 ﬁlii
961 817 1084 873 Nos:
1119 820 1354 883 vineam,
1400 833 1430 873 e
1459 831 1565 887 qua
1595 807 1716 872 cum

174 912 346 965 vinum
380 924 564 963 recens
602 923 915 976 expressum
941 910 1078 976 patri
1109 922 1211 963 suo
1240 909 1427 963 Noaho
1452 910 1719 978 praebuis-

172 1012 306 1065 sent,
367 1002 558 1056 bibens
615 1001 730 1068 ipse
786 1001 1090 1055 inebriatus
1138 1010 1241 1064 est,
1278 989 1413 1062 adeo
1465 1012 1523 1054 ut
1577 1003 1718 1057 inter

173 1091 615 1148 obdormiendum
669 1101 999 1160 retegeretur
1030 1093 1306 1160 turpitudo
1339 1081 1551 1160 ipsius,
1573 1093 1717 1166 quod

169 1185 356 1237 videns
402 1184 626 1245 Hamus,
671 1183 813 1247 risit,
847 1198 909 1238 ac
963 1183 1228 1237 fratribus
1267 1183 1382 1236 suis
1430 1181 1715 1237 indicavit.

170 1277 450 1342 Arceptant
501 1289 632 1343 ergo
669 1282 871 1328 vestem
928 1274 1054 1328 Sem
1107 1282 1159 1327 et
1196 1274 1393 1342 Iaphet
1446 1273 1546 1329 sibi
1596 1275 1720 1344 inji-

167 1366 391 1429 cientes,
443 1367 732 1434 aversique
777 1374 996 1431 euntes,
1045 1379 1112 1417 ne
1138 1367 1400 1435 pudorem
1432 1369 1603 1436 patris
1636 1369 1718 1422 sui

167 1459 567 1528 conspicerent,
621 1457 796 1526 patris
838 1457 1096 1526 pudorem
1129 1457 1471 1512 obtexcrunt.
1513 1459 1716 1527 Exper-

149 1563 346 1605 ‘rectus
399 1560 577 1604 autem
630 1565 658 1603 e
695 1564 888 1602 somno
923 1534 1042 1620 suo
1089 1547 1262 1612 Noah,
1308 1563 1566 1606 narrante
1612 1552 1715 1620 ipsi

168 1643 293 1710 quid
344 1651 556 1708 gestum
597 1641 792 1702 fuerat,
841 1656 1030 1702 uxore,
1065 1641 1235 1706 Hamo
1261 1657 1365 1696 suo
1401 1642 1513 1696 lilio
1543 1643 1715 1698 iratus
1747 1679 1788 1734 Β

161 1732 460 1794 maledixit,
491 1733 678 1786 dicens
705 1749 718 1785 :
744 1730 1060 1786 Maledictus
1113 1732 1184 1786 sit
1226 1732 1471 1796 Bam,.et
1522 1749 1714 1789 servus

165 1823 426 1875 fratribus
471 1824 604 1876 suis.
642 1823 770 1876 Post
807 1823 941 1885 haec,
971 1839 1091 1876 cum
1121 1824 1418 1886 accepisset
1446 1825 1547 1877 sibi
1580 1823 1712 1877 Ham

159 1913 341 1966 omnia
395 1913 757 1967 instrumenta
809 1912 1040 1974 ludicra,
1089 1912 1189 1966 hac
1235 1914 1404 1966 etiam
1453 1929 1516 1968 ex
1565 1925 1751 1982 parte.

160 2006 509 2059 maledictum
538 2015 621 2058 est
652 2004 778 2072 ipsi,
810 2004 1094 2073 factusque
1109 2015 1426 2061 est‘servus
1456 2005 1716 2063 fratribus

161 2099 312 2159 Suis;
380 2096 496 2163 ipse
554 2085 762 2156 scilicet
815 2109 878 2148 ac
936 2095 1137 2163 posteri
1192 2097 1387 2164 ipsius,
1439 2089 1715 2166 quisunt

157 2185 426 2256 Egyptii,
480 2183 719 2256 Nigritae,
751 2184 1059 2255 Ethiopes,
1087 2195 1142 2240 et
1187 2186 1282 2255 (ut
1317 2187 1549 2254 dicitur)
1583 2187 1715 2242 Bar—

155 2274 294 2327 bari.
342 2274 561 2328 Duobus
620 2286 803 2328 autem
852 2282 975 2343 post
1025 2275 1290 2330 diluvium
1345 2277 1505 2332 annis
1553 2287 1716 2334 natus

156 2373 240 2421 est
263 2363 432 2420 Semo
477 2365 897 2433 Arphaehshad;
919 2353 1092 2422 Semo
1114 2368 1464 2435 jam‘ceutum
1498 2377 1552 2423 et
1570 2369 1718 2426 .duos

148 2472 334 2513 annos
377 2464 532 2513 nato.
566 2455 820 2525 Vixitqne
843 2455 996 2511 Noah
1027 2453 1139 2529 ιι
1165 2467 1288 2529 post
1326 2457 1588 2514 diluvium
1615 2474 1715 2514 an-

146 2563 254 2604 nos
298 2550 604 2619 tercentum
639 2559 692 2604 et
725 2549 1141 2620 quinquaginta.
1342 2530 1345 2535 ’
1553 2576 1555 2579 τ
1635 2593 1639 2598 .

220 2637 385 2693 Morti
413 2650 594 2694 autem
631 2639 740 2708 jam
775 2640 986 2695 vicinus
1011 2639 1268 2710 prtecepit
1290 2639 1437 2696 Noah
1463 2641 1627 2697 Semo
1658 2644 1717 2697 fl-

146 2733 223 2785 lio
249 2745 375 2791 suo.
401 2731 541 2785 clam
578 2731 682 2801 ipsi
723 2732 908 2787 dicens
933 2729 1076 2788 :Fac
1102 2742 1160 2789 ut
1199 2748 1432 2804 corpore
1471 2731 1717 2815 Adamip

147 2823 296 2887 navi,
328 2821 550 2876 nemine
571 2823 818 2884 conscio,
858 2823 1097 2890 sublato,
1148 2827 1498 2896 acceptisque
1539 2837 1716 2883 tecum

144 2914 204 2968 in
242 2912 509 2968 viaticum
533 2927 672 2982 pane
712 2925 775 2969 ac
815 2914 964 2980 vino,
1003 2918 1056 2970 e't
1082 2917 1253 2972 ascito
1289 2915 1718 2974 Melchisedecho

1822 452 2013 521 ginta-
2054 448 2325 512 Sha'lechq
2382 460 2505 518 post
2561 463 2736 504 annos
2785 458 3004 501 centum
3059 461 3109 501 et
3163 450 3384 518 triginta

1823 556 1986 597 natus
2044 554 2128 597 est
2187 543 2364 607 Ει›ρι’;
2424 553 2710 613 totumque
2766 541 2914 610 quod
2971 540 3102 593 vixit
3154 539 3383 594 Shaicclt

1821 638 2204 706 quadringenti
2235 647 2284 688 et
2318 637 2626 704 sexaginta,
2647 635 2800 689 .Eber
2825 643 3006 687 autem
3042 633 3383 686 llehrmorum

1821 740 1972 798 pater
2003 735 2106 788 cst,
2142 742 2301 794 quem
2340 728 2542 781 Arabes
2575 727 2701 780 llud'
2723 726 3022 795 appellant.
3059 724 3236 776 Ebt'ro
3267 735 3386 791 post

1821 835 1992 876 annos
2032 827 2250 874 centum
2301 820 2520 888 triginta
2556 828 2790 883 quatuor
2827 828 2985 872 natus
3027 829 3108 869 est
3146 814 3383 878 Phalek;

1822 915 1916 980 qui
1953 914 2076 966 ideo
2112 913 2216 964 hoc
2269 911 2489 964 nomine
2522 911 2840 988 appellatus
2879 918 2963 963 est
3014 908 3156 977 quod
3210 906 3386 974 ipsius

1822 1016 2073 1075 tempore
2098 1005 2274 1059 divisa
2305 1012 2455 1058 esset
2485 1011 2656 1056 terra.
2850 1048 2854 1054 .

1890 1094 2064 1148 Porro
2093 1077 2288 1157 E‘bero,
2338 1100 2460 1164 post
2492 1091 2813 1154 Phalekum,
2849 1097 3008 1144 natus
3037 1098 3123 1144 est
3149 1089 3385 1153 Kahtan,

1819 1190 1911 1258 qui
1961 1186 2196 1243 Arabum
2239 1195 2410 1256 pater.
2447 1185 2577 1252 Ejus
2610 1196 2851 1253 tempore
2881 1185 3125 1253 cujusvis
3158 1183 3238 1236 vel
3275 1181 3385 1237 for-

1822 1279 2078 1339 titudine.
2120 1278 2226 1330 vel
2252 1277 2440 1331 forma:
2480 1268 2792 1345 praestantia
2828 1273 3081 1343 insignis,
3132 1274 3218 1328 vel
3250 1289 3383 1328 con—

1823 1370 1948 1424 silio
1981 1369 2308 1437 prtestantis,
2352 1369 2429 1422 vel
2463 1367 2603 1421 fama
2638 1365 2862 1420 illustris
2905 1367 3196 1435 imaginem
3231 1366 3386 1432 (lepi-

1769 1447 1776 1453 ’
1819 1468 1964 1513 ctam
1993 1459 2244 1512 colebant
2272 1457 2543 1512 homines.
2575 1457 2752 1511 Causa
2798 1457 2942 1512 enim
2979 1457 3164 1510 cultus
3196 1457 3387 1524 imagi-

1820 1551 1980 1604 nibus
2013 1541 2238 1616 prtestiti
2269 1549 2383 1602 hac
2417 1548 2536 1606 fuit.
2568 1549 2708 1616 quod
2741 1547 2870 1601 olim
2901 1564 3022 1601 cum
3075 1553 3387 1601 moi-eretur

1819 1657 1882 1696 es
1925 1641 2056 1709 ipsis
2090 1641 2173 1695 vir
2210 1640 2408 1712 aliquis
2441 1639 2732 1710 prudentia
2763 1649 2816 1692 et
2844 1639 3074 1693 consilio
3123 1642 3237 1694 sive
3277 1639 3388 1692 for-

1824 1733 2061 1787 titudine
2103 1743 2393 1798 praestans,
2441 1731 2672 1800 efﬁgiem
2711 1730 2886 1799 ipsius
2931 1731 2986 1782 in
3032 1731 3383 1784 concessinm
3442 1756 3448 1758 -

1823 1825 2220 1893 depingerent;
2252 1822 2450 1878 deinde
2491 1838 2614 1875 eum
2650 1821 2780 1890 quid
2818 1822 2954 1890 grati
2991 1822 3128 1890 ipsis
3173 1821 3381 1875 accide—

1825 1924 1907 1968 ret
1938 1917 2006 1970 de
2032 1929 2143 1984 quo
2170 1914 2496 1983 captandum
2528 1922 2674 1968 esset
2719 1913 3037 1976 consilium,
3072 1915 3211 1980 apud
3247 1911 3387 1965 ima—

1825 2008 2003 2074 ginem
2037 1992 2196 2061 istam
2237 2004 2627 2060 convenientes
2657 2002 2768 2074 48
2800 2003 3197 2067 consultarent,
3231 2005 3385 2072 quasi

1825 2100 2042 2152 adesset
2088 2099 2218 2166 ipsis
2273 2098 2417 2152 inter
2460 2097 2887 2151 consultandum
2929 2097 3110 2164 imago
3159 2096 3284 2169 ista,
3321 2111 3387 2148 ne

1823 2190 2039 2244 deesset
2091 2190 2228 2258 ipsis
2282 2189 2335 2242 in
2389 2188 2624 2251 consilio
2681 2187 2915 2253 alicujus
2971 2197 3382 2241 antecessorum

1824 2280 2008 2350 imago
2039 2296 2055 2334 :
2087 2280 2230 2349 quod
2265 2295 2389 2336 cum
2426 2270 2606 2334 facere
2634 2290 3068 2349 perseverarent,
3097 2280 3160 2334 ad
3195 2281 3387 2348 imagi-

1777 2390 1780 2394 '
1823 2387 1954 2426 nmn
1990 2371 2196 2426 cultum
2246 2370 2454 2440 delapsi
2489 2380 2640 2426 sunt.
2682 2373 2727 2426 A
2756 2380 3003 2440 tempore
3035 2382 3213 2425 autem
3247 2371 3388 2424 dilu-

1794 2465 1897 2519 -vii
1942 2464 2008 2519 ad
2045 2461 2385 2518 nativitatem
2420 2461 2640 2518 Phaleki

2715 2461 3206 2533 (intercesserunt)
3259 2463 3384 2516 anni

1824 2555 2102 2624 quingenti
2133 2554 2356 2622 triginta
2376 2562 2440 2607 et
2469 2569 2634 2608 unus.
2664 2553 2743 2607 Ab
2767 2554 2976 2607 Adamo
2996 2553 3061 2607 ad
3092 2552 3386 2606 Phalekum

1827 2653 2017 2702 natum
2050 2645 2176 2700 anni
2202 2646 2287 2700 bis
2319 2645 2464 2699 mille
2491 2644 2814 2713 septingenti
2843 2646 3117 2713 octoginta
3152 2653 3384 2712 septem.

1825 2737 1997 2794 Natus
2027 2742 2122 2793 est
2171 2726 2355 2791 autent
2407 2734 2642 2790 Phalcko
2690 2735 3056 2790 ltlelchisedek
3106 2735 3385 2788 sacerdos.

1824 2829 1976 2884 Fecit
2021 2843 2153 2898 ergo
2184 2828 2315 2902 _Sem
2349 2828 2489 2882 sicut
2543 2836 2874 2896 przeceperat
2915 2828 3015 2894 ipsi
3050 2837 3203 2896 pater
3241 2827 3382 2891 ejus,

1825 2919 2020 2984 Noah;
2077 2927 2145 2973 et
2189 2903 2367 2973 navim
2428 2926 2592 3004 noctu
2654 2917 2934 2987 ingressus
2997 2917 3121 2971 inde
3179 2933 3380 2985 corpus

146 2993 1795 3082 Phaiekifllio,proficiscaminimonecibiipsumdeponaa'c
1825 3012 2038 3073 Adami,
2113 3011 2330 3066 nemine
2387 2993 2819 3071 facti-conscio,
2879 3009 3132 3074 susmlit;
3189 3008 3384 3062 deinde

143 3101 220 3156 tis
264 3099 361 3154 ubi
394 3099 738 3181 indicaturus
767 3110 852 3155 est
877 3101 1104 3170 angelus
1134 3089 1373 3157 Domini.
1394 3100 1464 3158 Et
1489 3100 1715 3160 Melchi-

143 3192 390 3248 sedecho
417 3192 951 3263 praecipiensjubeas
990 3193 1165 3264 ipsum
1217 3209 1284 3251 eo
1321 3195 1426 3254 loci
1449 3189 1610 3256 sedes
1657 3201 1721 3256 fi-

142 3296 296 3350 gere,
348 3278 586 3338 uxOrem
621 3299 730 3338 non
781 3280 1126 3349 ducere,‘sed
1167 3279 1362 3355 pietati
1408 3302 1504 3360 per
1548 3296 1717 3346 totam

140 3376 312 3442 vitam
341 3391 404 3431 se
431 3373 715 3443 addice‘re;
740 3380 993 3446 quoniam
1034 3373 1416 3447 ipsum'elegit
1453 3379 1719 3439 Dominus

142 3479 206 3522 nt
229 3467 409 3522 cultui
451 3468 571 3537 ejus
598 3469 890 3524 inserviat.
915 3459 1025 3523 Nec
1059 3477 1194 3535 ergo
1231 3466 1452 3525 domum
1493 3472 1597 3527 sibi
1624 3489 1720 3528 ex-

139 3563 367 3623 struat;
392 3571 494 3612 nec
509 3559 828 3628 sanguinem
853 3557 922 3612 ibi
951 3542 1053 3612 loci
1069 3556 1284 3621 fundat,
1304 3557 1390 3612 vel
1408 3558 1612 3625 bestiae,
1636 3561 1722 3614 vel

135 3649 418 3712 volucris,
454 3649 538 3703 vel
582 3647 1155 3716 animalisvcujusvis;
1215 3663 1396 3720 neque
1422 3649 1588 3704 aliam
1640 3633 1720 3706 ibi

139 3740 346 3805 offerat
407 3739 741 3794 oblationem
797 3733 959 3810 quam
1003 3754 1197 3809 panem
1247 3748 1303 3794 et
1345 3739 1552 3806 vinum,
1600 3757 1721 3811 qute

143 3832 393 3888 Domino
426 3830 641 3894 oneret,
690 3831 870 3900 sitque
917 3847 948 3886 e
1000 3831 1230 3900 pellibus
1282 3830 1514 3888 leoninis
1561 3833 1723 3887 indu-

142 3935 404 3982 mentum
456 3926 663 3994 ipsius;
711 3941 814 3981 nec
851 3926 1036 3980 crines
1086 3923 1326 3988 tondeat,
1367 3939 1469 3981 nec.
1511 3937 1721 3998 ungues

141 4017 442 4088 praecidat,
502 4017 761 4086 solusque
813 4025 1153 4086 permaneat,
1215 4019 1418 4087 quippe
1477 4019 1566 4088 qui
1629 4019 1718 4074 Dei
1762 4046 1774 4057 -

141 4109 416 4164 altissimi
464 4110 727 4164 sacerdos
759 4118 864 4164 est.
899 4109 1338 4168 Praeibitautem
1365 4111 1524 4166 vobis
1556 4126 1721 4178 ange-

138 4201 233 4256 lus
285 4199 510 4253 Domini
566 4200 739 4255 donec
791 4179 882 4255 ad.
914 4201 1092 4256 locum
1130 4202 1219 4255 ubi
1273 4202 1541 4272 sepulturi
1587 4201 1722 4256 estis

140 4289 356 4347 Adami
424 4303 623 4359 corpus
681 4291 1048 4359 perveniatis;
1103 4292 1247 4347 scias
1304 4299 1486 4345 autem
1539 4290 1716 4346 locum

1818 3103 2130 3159 convocatis
2170 3099 2461 3166 fratribus,
2503 3100 2683 3154 dixit:
2712 3099 2772 3154 In
2802 3098 3074 3154 mandatis
3120 3098 3254 3152 mihi
3285 3099 3388 3152 sub

1820 3205 1995 3250 morte
2042 3211 2139 3249 sua
2195 3194 2346 3249 dedit
2395 3199 2570 3261 pater,
2607 3200 2668 3245 ut
2725 3191 2778 3245 in
2833 3199 2979 3245 terra
3033 3188 3389 3260 progrederet-

1773 3348 1780 3354 η
1820 3302 1992 3355 usque
2039 3276 2271 3341 dumad
2293 3283 2836 3352 marepertingerem,
2868 3280 3222 3348 Videretitqttc
3251 3295 3389 3347 quo-

1819 3377 1981 3433 modo
2023 3391 2090 3445 se.
2131 3376 2356 3432 haberet
2400 3383 2544 3429 terra
2591 3373 2822 3441 ejusque
2865 3366 3016 3426 fluvii
3081 3387 3144 3426 ac
3200 3373 3388 3433 valles,

1821 3481 1934 3526 tum
1971 3467 2039 3523 ad
2097 3483 2197 3523 vos
2245 3475 2574 3522 reverterer.
2609 3462 2846 3519 Uxorem
2897 3479 3028 3534 ergo
3076 3479 3139 3517 ac
3190 3465 3390 3516 liberos

1824 3577 1972 3617 meos
2031 3560 2189 3628 apud
2227 3575 2324 3614 vos
2383 3558 2652 3628 relinquo,
2711 3572 2850 3626 quos
2910 3555 3141 3610 servetis
3222 3556 3385 3607 velim

1820 3651 1993 3723 usque
2041 3653 2170 3706 dum
2217 3654 2282 3706 ad
2318 3667 2416 3707 vos
2458 3658 2744 3714 revertar;
2783 3647 3020 3703 Phaleko
3073 3655 3252 3700 autem
3289 3647 3388 3698 di—

1821 3747 1901 3802 xit
1936 3767 1949 3800 :
1991 3744 2135 3801 Cede
2177 3744 2309 3798 mihi
2362 3742 2529 3795 filium
2573 3751 2722 3794 tuum
2775 3737 3235 3794 Itlelehisrdekum
3295 3738 3386 3803 qui

1822 3838 1955 3893 mihi
2004 3837 2206 3892 auxilio
2241 3837 2317 3892 sit
2356 3837 2410 3888 in
2459 3835 2573 3889 via.
2604 3831 2740 3887 Cum
2773 3845 2930 3900 ergo,
2977 3831 3273 3896 assumptis
3307 3845 3393 3881 se-

1823 3946 1943 3985 cum
1993 3929 2186 3984 Adami
2229 3943 2461 3996 corpore
2494 3933 2548 3980 et
2607 3925 3070 3984 Melchisedecho,
3115 3925 3391 3993 profectus

1823 4029 1969 4077 esset
2018 4019 2168 4083 Sem,
2195 4019 2440 4074 occurrit
2482 4004 2874 4087 i'psis'angelus
2909 4016 3152 4078 Domini,
3190 4032 3290 4068 nec
3324 4017 3392 4067 ab

1823 4112 1959 4182 ipsis
2009 4106 2282 4174 discessit,
2334 4109 2507 4164 donec
2555 4109 2637 4163 eis
2673 4108 2740 4161 ad
2789 4107 3025 4161 medimn
3073 4115 3229 4160 terrae
3265 4122 3387 4172 per-

1825 4205 2001 4260 ductis
2054 4205 2234 4260 locum
2267 4203 2636 4268 ostendisset;
2677 4201 2764 4255 cui
2787 4216 2918 4261 «cum
2965 4215 3170 4269 corpus
3203 4201 3389 4251 Adami

1825 4297 2237 4365 imposuissent,
2305 4301 2497 4363 sponte
2567 4307 2667 4346 sua
2735 4291 3055 4346 dehiscebat
3120 4308 3134 4344 :
3198 4292 3391 4342 deinde

142 4385 324 4438 istum
385 4385 543 4436 terrae
599 4381 833 4436 taedium
881 4396 1023 4439 esse.
1057 4374 1184 4437 Haec
1213 4398 1336 4436 cum
1388 4379 1551 4436 Semo
1580 4398 1722 4452 prte-
1753 4367 1798 4424 Ῑ)
1827 4387 2076 4458 deposito
2106 4380 2181 4440 in
2229 4386 2349 4455 ipso
2395 4385 2648 4452 corpore,
2707 4397 2930 4436 rursum
2983 4383 3235 4435 oceiusns
3284 4393 3386 4435 est.

141 4477 421 4544 cepisset,
473 4483 719 4528 mortuus
758 4464 841 4529 eSt
891 4474 1065 4535 Noah.
1119 4475 1208 4530 die
1257 4470 1534 4537 Mercurii,
1588 4474 1720 4528 hora

140 4566 257 4621 diei
315 4565 586 4627 secunda,
622 4565 866 4620 secundo
908 4566 1114 4620 mensis
1142 4565 1308 4636 Ayar,
1344 4566 1434 4634 qui
1466 4566 1608 4620 idem
1642 4578 1726 4621 est

148 4671 218 4710 ac
287 4641 578 4726 Bash'nes;
617 4655 828 4723 fuitque
879 4657 990 4719 vita
1039 4653 1214 4709 Noahi
1265 4671 1528 4709 annorum
1581 4671 1768 4711 non--

142 4757 451 4819 gentorum
490 4747 900 4815 quinquaginta.
933 4746 1173 4815 Contigit
1216 4757 1394 4800 autem
1432 4747 1537 4802 hoc
1580 4762 1726 4800 anno

140 4838 338 4893 atatis
365 4835 517 4891 Semi
543 4836 1083 4907 quadringentesimo
1109 4837 1578 4906 quinquagesimo.
1604 4836 1727 4892 Pol-

138 4933 394 5000 linctum
422 4945 553 4999 ergo
579 4931 756 5000 ipsum
787 4930 1114 5003 sepelierunt
1158 4929 1400 5002 45-47
1433 4931 1526 4986 filii
1551 4932 1725 5002 ipsius

144 5026 308 5095 Sent,
347 5021 508 5085 Haut,
561 5031 615 5076 et
649 5020 862 5092 Japhet;
897 5037 960 5076 ac
1000 5022 1361 5092 quadraginta
1416 5023 1532 5077 dies
1569 5024 1726 5094 plan-

140 5122 390 5169 xerunt.
423 5108 616 5167 Tottim
647 5123 844 5192 (autem
900 5117 1045 5184 quod
1098 5113 1235 5167 vixit
1267 5113 1412 5177 Sem,
1458 5130 1725 5169 annorum

139 5211 268 5260 erat
302 5212 738 5270 sescentorum;
769 5217 998 5274 quorum
1029 5215 1246 5258 centum
1278 5214 1407 5258 ante
1442 5204 1730 5270 diluvium,

148 5305 286 5368 post
336 5296 608 5380 diluvipm
644 5296 948 5366 quingenti.
984 5296 1432 5371 Arphachshado,
1478 5294 1603 5365 pust
1633 5311 1731 5349 an-

147 5405 256 5445 nos
309 5395 552 5442 centum.
599 5389 824 5456 triginta.
870 5389 1131 5456 quinque,
1169 5397 1328 5442 natus
1371 5395 1452 5441 est
1486 5386 1729 5462 Kainan;

141 5491 330 5535 totum
363 5491 548 5533 autem
575 5479 720 5548 quod
745 5479 879 5532 vixit
906 5478 1290 5545 A-rphachshad
1313 5473 1429 5532 erat
1461 5493 1721 5532 annorum

144 5571 690 5642 quadringentorum
721 5571 996 5640 sexaginta
1027 5571 1285 5639 quinque.
1323 5569 1569 5623 Kainaao
1603 5577 1724 5638 post

149 5670 373 5742 annos"
402 5670 619 5719 centum
647 5670 701 5720 et
748 5663 968 5732 triginta
1017 5671 1176 5718 natus
1207 5671 1288 5718 est
1321 5661 1591 5728 Shalech;
1643 5671 1724 5716 to—

1823 4474 2027 4532 Nomen
2073 4487 2248 4530 autem
2290 4474 2393 4531 loci
2437 4474 2594 4529 istius
2631 4483 2715 4529 est
2750 4472 3001 4541 Jaljalah,
3036 4473 3273 4543 49—51
3335 4473 3385 4525 id

1823 4574 1928 4633 est,
1966 4565 2234 4620 cranium.

1896 4657 2034 4712 Tum
2065 4657 2318 4727 praecepit
2345 4655 2466 4710 Sem
2495 4652 2889 4707 Melcliisedeko
2923 4653 3105 4706 omnia
3137 4669 3256 4720 qum
3277 4653 3386 4718 jus-

1827 4735 1972 4806 serat
2002 4749 2175 4818 ipsum
2211 4746 2383 4811 Noah,
2417 4746 2603 4801 dicens
2635 4744 2708 4799 illi
2744 4760 2758 4797 :
2786 4741 2885 4796 Hic
2912 4758 3138 4796 manens
3171 4743 3246 4794 sis
3282 4742 3389 4794 Do-

1828 4839 1977 4894 mino
2007 4837 2283 4899 sacerdos,
2312 4835 2570 4904 quoniam
2605 4834 2770 4904 elegit
2802 4840 2855 4889 te
2880 4832 3142 4886 Dominus
3175 4833 3238 4883 ad
3275 4833 3394 4884 cal-

1831 4939 1945 4984 tum
1975 4930 2078 4983 sibi
2112 4928 2518 4996 praestandum;
2551 4935 2717 4996 atque
2764 4925 2989 4994 angelus
3038 4925 3138 4978 istc
3183 4923 3392 4975 Domini

1832 5022 1900 5076 ad
1930 5029 1983 5075 te
2013 5020 2272 5075 continue
2301 5019 2617 5074 descendet.
2662 5018 2864 5072 Deinde
2904 5017 2969 5069 ad
3021 5017 3216 5069 fratres
3272 5032 3395 5067 suos

1831 5127 2104 5176 reversus,
2145 5112 2501 5180 interroganti
2544 5107 2796 5174 Phaleko,
2832 5108 3052 5162 ubinam
3083 5117 3228 5161 esset
3262 5105 3394 5156 Mel-

1833 5202 2089 5257 chisedek
2114 5202 2285 5272 puer?
2311 5200 2612 5270 respondit,
2637 5215 2696 5254 se
2729 5199 2904 5267 ipsmu
2935 5203 2988 5253 in
3013 5201 3091 5251 via
3122 5209 3394 5250 mortuum

1835 5293 2150 5362 sepeliisse;
2188 5307 2379 5364 magna
2412 5307 2537 5359 ergo
2591 5290 2660 5342 ob
2714 5289 2891 5359 ipsmn
2946 5288 3166 5341 tristitia
3221 5288 3394 5341 affecti

1836 5397 1985 5443 sunt.
2019 5385 2175 5440 Anno
2211 5395 2386 5438 autem
2420 5384 2541 5436 vita:
2575 5382 2736 5436 Eberi
2801 5381 3200 5448 septuagesimo
3251 5395 3396 5430 mor-

1837 5487 1962 5532 tuus
1997 5486 2081 5530 est
2102 5473 2515 5545 Arphachshad.
2549 5488 2734 5527 mense
2767 5472 2931 5524 Nis‘an
2963 5471 3076 5538 (qui
3129 5479 3212 5521 est
3262 5469 3394 5520 llar-

1838 5561 2093 5638 mtnlali)‘;
2131 5567 2340 5634 fuitque
2375 5567 2484 5617 vita
2520 5565 2693 5633 ipsius
2729 5578 2996 5615 annorum
3029 5561 3396 5628 quadringen-

1838 5669 2016 5716 torum
2061 5657 2341 5727 scxaginta
2395 5655 2653 5725 quinque.
2701 5652 2857 5707 Anno
2903 5666 3030 5703 vero
3063 5651 3181 5703 vita:
3237 5647 3394 5701 liberi
