3950 6348
538 255 640 311 919

1589 238 1948 317 EU'I‘YCHII
2000 258 2526 320 ALEXANDRINI
2574 262 2787 320 PA'l‘R.

3648 268 3733 337 93

539 365 839 417 nclitrsium
870 369 1028 421 tertio
1046 379 1289 425 mortuus
1313 379 1396 426 est
1427 371 1549 424 Seni
1578 413 1592 434 ,
1628 370 1794 426 Noahi
1828 372 1990 433 (ilius.
2023 373 2111 426 die
2138 375 2184 431 Α
2216 373 2509 443 Τυςιιιςατ,
2538 374 2799 437 Al-‘l‘oht,
2835 371 2987 443 Yajui
3018 385 3071 429 et
3097 373 3282 443 Majui,
3311 372 3633 441 Al-Chozar',
3664 381 3735 437 ΑΙ.

542 453 786 534 Veneris.
818 472 1002 512 mense
1040 458 1134 513 Ilnl
1171 464 1279 529 (qui
1310 470 1393 515 est
1423 461 1591 527 Thut)
1625 477 1747 516 cum
1775 478 1951 517 annos
1974 479 2101 517 sex-

536 551 726 597 centos
762 547 1009 603 vixisset.
1051 550 1355 621 Totnmque
1393 553 1537 621 quod
1574 553 1704 607 vixit
1745 552 1885 608 Eber
1921 570 2097 608 anno-

536 648 655 687 rum
684 646 800 689 erat
827 640 1351 711 quadringentorum
1380 653 1661 713 sexaginta
1689 656 1943 715 quatuor.
1977 644 2107 700 Fuit

538 734 671 781 tunc
708 730 971 797 temporis
1000 731 1179 801 lingua
1213 734 1493 788 hominum
1516 751 1641 796 una.
1677 749 1859 789 sermo
1897 752 2042 790 unus
2083 750 2099 788 :

535 818 719 888 lingua
778 821 987 876 scilicet
1011 815 1165 892 juxta
1201 827 1496 880 nonnullos
1523 825 1768 898 Syriaca.
1790 826 1946 896 juxta
1970 827 2106 882 alios

535 910 829 977 liebraica,
881 914 1036 981 juxta
1098 916 1235 972 alios
1277 915 1495 984 Graeca;
1547 934 1779 988 quorum
1833 918 2107 974 sententia

536 1004 665 1058 mihi
703 1006 1013 1060 verisimilis
1052 1008 1271 1064 videtur
1302 1050 1319 1075 ,
1352 1013 1495 1081 quod
1528 1012 1711 1083 lingua
1749 1013 1959 1080 Graeca,
2004 1011 2108 1085 Sy-

537 1099 682 1151 riaca
716 1108 770 1154 et
815 1097 1078 1155 Hebraica
1125 1102 1337 1157 ﬁrmius
1370 1103 1619 1166 fundata.
1653 1105 1923 1172 latiorque
1947 1106 2018 1160 sit
2048 1118 2113 1160 ac

537 1189 787 1258 amplior.
822 1190 1149 1261 Congregati
1181 1207 1314 1264 ergo
1348 1208 1411 1247 ex
1444 1193 1579 1263 ipsis
1624 1196 1724 1248 viri
1771 1196 2112 1266 septuaginta

536 1284 645 1330 «tuo
692 1277 950 1333 dixerunt
1004 1297 1019 1333 :
1066 1278 1384 1336 Condamus
1418 1280 1608 1336 urbem
1639 1321 1655 1348 ,
1708 1295 1942 1351 eamque
1989 1296 2114 1338 arce

537 1370 848 1426 muniamus
883 1370 936 1426 in
974 1386 1080 1442 qua
1111 1372 1301 1426 turrim
1332 1382 1683 1429 exstruamns
1720 1390 1840 1443 qua:
1877 1374 1942 1428 ad
1990 1388 2109 1431 cm-

536 1462 650 1516 lum
688 1465 985 1533 pertingat.
1018 1474 1079 1519 ut
1115 1470 1163 1520 si
1196 1464 1339 1519 forte
1380 1467 1665 1536 contingat
1699 1467 1992 1535 aliquando
2028 1465 2115 1520 di-

536 1554 765 1619 luvium,
795 1554 865 1609 ab
887 1560 952 1609 eo
972 1554 1291 1613 liberemur.
1316 1554 1453 1611 Tres
1478 1570 1607 1624 ergo
1641 1570 1816 1609 annos
1846 1555 2116 1611 lateribus

537 1640 895 1696 conficiendis
911 1650 966 1695 et
982 1641 1286 1711 coquendis
1307 1641 1738 1711 insumpserunt;
1756 1642 1862 1713 52
1885 1657 2114 1713 quorum
2160 1662 2167 1671 ι

2207 465 2340 521 Lnn.
2383 464 2724 535 AL—Auchaz.
2757 464 2816 516 Al
2851 462 3164 517 Sanarcbah
3188 506 3202 529 .
3235 464 3432 519 .larzan
3457 506 3472 527 .
3510 464 3731 523 Arineuia

2208 556 2381 621 major
2417 563 2471 609 et
2500 558 2701 617 minor,
2739 554 2978 620 llauran,
3020 554 3330 621 Antiochia,
3357 554 3737 621 Al-Chaledlah,

2208 647 2609 717 Aphlaguniah,
2634 644 3001 715 Cappadocia.
3030 631 3408 713 Charshenah,
3440 645 3631 711 Grreci,
3658 646 3742 703 Ro-

2212 737 2355 791 mani
2382 778 2397 802 ,
2432 736 2750 807 Byzantium
2780 778 2795 801 ,
2841 736 3076 792 Rutheni
3105 777 3120 802 ,
3155 736 3418 792 Al-Dilam
3446 778 3461 802 ,
3516 738 3741 809 Bolgari.

2214 828 2421 891 Sclavi,
2450 827 2841 893 Al—Ancirdah,
2890 826 3109 894 Franci,
3139 826 3492 891 Al-lalfatini.
3524 828 3742 900 Hispani.

2210 919 2456 987 Suntque
2485 917 2622 999 ipsis
2653 920 2848 974 insulae
2881 919 3193 987 duodecim,
3219 933 3250 975 e
3280 921 3482 989 quibus
3514 923 3741 991 Rhodus,

2214 1009 2424 1073 Sicilia,
2461 1010 2695 1081 Cyprus.
2732 1009 2946 1073 Samos.
2980 1018 3112 1073 etc.;
3146 1022 3200 1066 et
3224 1012 3505 1081 scriptura:
3532 1014 3748 1085 (genera)

2213 1118 2331 1169 sex,
2361 1103 2579 1158 scilicet
2604 1102 2793 1158 Greca
2817 1139 2833 1167 ,
2862 1101 3145 1165 Romana.
3177 1103 3501 1159 Armeniaca
3528 1145 3545 1169 ,
3580 1102 3753 1176 Hispa.

2212 1196 2357 1261 nica,
2376 1193 2653 1259 Francica,
2673 1192 2975 1250 Darbanica
3002 1211 3020 1261 ;
3064 1200 3117 1248 et
3141 1193 3368 1267 Japheto
3398 1208 3430 1250 e
3461 1193 3641 1250 ﬂuviis
3666 1194 3755 1267 se

2214 1283 2596 1355 grandioribus
2646 1281 2881 1353 Tigris.
2935 1281 3106 1345 Porro
3163 1296 3192 1336 a
3238 1282 3445 1338 diluvio
3495 1297 3661 1353 usque
3698 1284 3756 1354 ad

2214 1374 2627 1449 aedificationem
2680 1373 2847 1429 turris
2925 1383 2980 1430 et
3033 1372 3343 1444 linguarum
3397 1374 3755 1431 confusionem

2216 1467 2343 1521 anni
2388 1455 2518 1521 sunt
2564 1466 2841 1535 quingenti
2880 1460 3151 1531 octoginta
3201 1475 3429 1534 septem;
3460 1467 3530 1520 ah
3574 1464 3759 1523 Adams

2217 1565 2396 1611 autem
2443 1555 2511 1610 ad
2567 1556 2762 1611 turrim
2793 1555 3067 1611 conditam
3103 1556 3233 1610 anni
3280 1556 3365 1611 bis
3413 1556 3564 1610 mille
3606 1556 3761 1611 octin-

2217 1648 2362 1716 genti
2406 1648 2627 1716 triginta
2652 1658 2908 1717 quatuor.
2936 1646 3173 1704 Phaleko
3210 1658 3332 1717 post
3359 1661 3535 1702 annos
3562 1652 3759 1701 centum

538 1728 735 1800 singuli
767 1730 1029 1785 tredecim
1056 1732 1270 1787 cubitos
1303 1732 1475 1804 longi,
1508 1732 1929 1797 decem‘lati,ac
1958 1732 2118 1802 quin-
2149 1725 2188 1780 Β
2220 1738 2441 1807 triginta”
2476 1748 2635 1792 natus
2670 1746 2756 1792 est
2785 1735 2937 1806 Ragu
2965 1753 2981 1802 ;
3009 1751 3155 1791 anno
3189 1746 3369 1791 autem
3421 1739 3543 1793 vitae
3566 1734 3767 1792 Phalekl

538 1840 646 1894 que
666 1826 760 1879 alti
784 1838 1006 1891 essent;
1038 1826 1342 1895 urbemque
1383 1828 1525 1880 inter
1546 1826 1751 1895 Tyrum
1779 1833 1834 1881 et
1859 1824 2112 1880 Babelem

538 1924 929 1972 exstruxerunt
948 1930 1147 1988 orgyas
1172 1917 1386 1987 longam
1414 1927 1713 1973 tercentum
1748 1926 1802 1970 et
1832 1914 2114 1975 tredecim.

541 2010 704 2063 latam
736 2018 954 2065 centum
990 2010 1384 2080 quinquaginta
1414 2025 1577 2067 unam
1613 2027 1626 2064 :
1662 2008 1825 2076 cuius
1848 2007 1992 2062 muri
2014 2008 2112 2061 alti

541 2115 742 2171 ogyras
793 2100 1090 2171 quinquies
1141 2101 1290 2158 mille
1336 2102 1666 2172 quingentas
1708 2100 1931 2170 triginta
1958 2108 2115 2163 tres;

544 2192 640 2247 lati
677 2193 898 2262 triginta
933 2203 1081 2259 tres;
1106 2195 1276 2249 turris
1316 2176 1495 2249 autem
1532 2208 1735 2264 orgyas
1760 2190 1945 2247 decies
1968 2190 2117 2244 mille

534 2286 651 2347 alta
679 2274 926 2354 :‘quibus
951 2285 1296 2341 exstruendis
1313 2285 1674 2355 quadraginta
1701 2298 1873 2339 annos
1906 2283 2119 2338 insum-

541 2384 791 2442 pserunt.
850 2375 1044 2431 Adhuc
1111 2386 1292 2432 autem
1348 2376 1750 2431 aedificantibus
1800 2373 1934 2445 ipsis
1990 2386 2119 2428 ecce

544 2468 772 2523 immisit
806 2469 945 2525 Deus
978 2468 1231 2539 angelum
1267 2483 1298 2523 e
1331 2468 1472 2524 calo
1496 2467 1589 2535 qui
1623 2466 1838 2536 linguas
1870 2462 2115 2534 ipsdrum

543 2558 941 2624 confunderet,
973 2569 1027 2615 et
1064 2558 1324 2614 dialectos
1371 2568 1608 2613 mutaret
1637 2599 1653 2621 .
1704 2557 1841 2612 adeo
1886 2562 1944 2610 ut
1993 2569 2116 2609 cum

542 2650 666 2719 quis
696 2650 1011 2717 loqueretur
1050 2666 1157 2704 non
1195 2646 1521 2718 intelligeret
1549 2650 1693 2703 alius
1725 2648 1855 2719 quid
1889 2648 2117 2701 diceret.

546 2739 673 2793 inde
702 2740 1004 2808 appellatus
1046 2751 1131 2796 est
1159 2742 1310 2797 locus
1347 2740 1449 2795 iste
1477 2740 1663 2801 Babel.
1698 2737 1845 2808 quod
1880 2736 1950 2789 ihi
1984 2744 2116 2788 con-

549 2833 682 2886 fuse
712 2840 896 2886 essent
930 2832 1128 2905 linguae
1172 2846 1186 2887 :
1228 2842 1395 2898 atque
1434 2834 1508 2887 ita
1540 2830 1774 2899 dispersi
1809 2829 2031 2882 fuerunt
2061 2826 2117 2879 in

545 2932 732 2989 terra;
766 2922 925 2990 idque
958 2938 1102 2976 anno
1152 2939 1181 2977 a
1228 2922 1465 2978 Phaieko
1516 2931 1644 2979 nato
1694 2918 2121 2991 quadragesimo

548 3022 721 3067 sexto.
758 3012 829 3065 Ex
864 3012 973 3067 illis
1005 3025 1188 3067 autem
1221 3013 1564 3083 septuaginta
1620 3020 1673 3065 et
1717 3005 2118 3069 duobusviris,

546 3112 703 3157 erant
736 3118 766 3157 e
802 3103 925 3157 filiis
977 3102 1125 3158 Semi
1173 3102 1363 3173 viginti
1419 3103 1706 3173 quinque.
1760 3098 1964 3169 qui'ab
2014 3096 2123 3151 Ευσ

549 3197 742 3263 phratc
768 3194 1010 3248 etMusal
1042 3192 1109 3249 ad
1138 3202 1446 3249 extremum
1473 3208 1645 3263 usque
1666 3190 1943 3247 Orientem
1975 3186 2127 3241 habi-

548 3296 735 3340 tarunt
773 3303 785 3339 ε
829 3301 859 3340 e
895 3286 1094 3351 quibus
1124 3293 1252 3340 sunt
1286 3284 1411 3357 Syri
1442 3325 1456 3347 .
1510 3284 1705 3339 incola:
1738 3282 1904 3350 Diyar
1939 3278 2125 3333 Rabia‘.

546 3391 601 3431 «τι
636 3377 1059 3445 Μρεοροιειηιῑω,
1092 3375 1430 3440 Jarmakani,
1467 3373 1952 3455 Chaldaziiincolm
2016 3369 2126 3425 sci-

552 3470 676 3521 licet
705 3468 937 3536 Bahelis)
966 3477 1019 3522 et
1051 3467 1309 3539 (populi),
1338 3468 1537 3522 Persia:
1560 3509 1575 3533 .
1608 3476 1661 3521 et
1684 3466 1972 3519 Chorasan
2001 3502 2015 3526 ,
2062 3470 2120 3517 et

552 3559 872 3629 Pharganah
900 3598 915 3624 ,
944 3565 997 3613 et
1022 3559 1226 3613 Sindiaa
1246 3598 1260 3622 .
1290 3567 1345 3614 et
1372 3557 1560 3623 Indire,
1592 3565 1646 3611 et
1680 3554 1875 3610 insulas
1902 3553 1999 3608 Sin
2030 3590 2046 3615 .
2075 3559 2131 3607 et

555 3650 785 3713 llehrzei,
822 3648 875 3705 et
907 3650 1146 3721 (incolae)
1176 3648 1409 3712 Yaman.
1436 3659 1490 3705 et
1518 3645 1806 3719 AloPayel‘.
1839 3657 1894 3701 et
1921 3643 2128 3698 Al-Ya-

554 3741 794 3806 mamah,
825 3748 879 3795 et
901 3739 1257 3803 Al-Bahrain.
1282 3746 1335 3794 et
1360 3741 1578 3794 diversa
1617 3736 1856 3791 Arabum
1889 3749 2085 3804 genera
2112 3750 2126 3801 ;

555 3839 789 3899 suntque
820 3831 950 3899 ipsis
1003 3830 1290 3899 scripturae
1320 3844 1518 3899 genera
1555 3838 1718 3891 octo;
1772 3826 1984 3882 scilicet
2013 3812 2127 3879 lle-

555 3921 766 3985 hraica,
802 3919 1051 3990 Syriaca,
1088 3918 1327 3980 Persica.
1353 3916 1559 3980 Indica.
1587 3915 1839 3972 Chaldzea
1882 3914 2026 3981 (qua:
2068 3920 2124 3967 et

557 4012 909 4085 Babylonica)
946 4010 1216 4074 Sinensis,
1249 4008 1669 4079 llamyarensis;
1704 4004 1949 4077 53-55
1996 4005 2134 4059 Ara-

560 4107 679 4159 hica
716 4122 729 4158 :
763 4113 1000 4173 suntque
1031 4103 1194 4159 Semo
1246 4100 1401 4157 ﬂuvii
1444 4100 1680 4171 majores
1727 4098 2032 4170 Euphrates
2078 4103 2133 4152 et

560 4198 756 4249 ﬂuvius
790 4195 981 4249 Balcb.

632 4286 672 4338 Ε
704 4286 829 4346 ﬁliis
876 4294 1059 4339 autem
1108 4282 1266 4338 Hami
1293 4282 1398 4337 'viri
1434 4276 1657 4350 triginta
1687 4280 1818 4344 dno,
1848 4279 1941 4349 qui
1974 4278 2130 4332 inco-

2220 1827 2497 1901 tricesimo
2528 1835 2684 1884 sexto
2736 1826 2872 1883 obiit
2914 1826 3128 1882 Kainan
3153 1866 3171 1893 ,
3227 1841 3412 1882 mense
3461 1827 3545 1881 Ab
3580 1827 3763 1896 (quiet

2218 1919 2416 1975 illeshri
2462 1920 2571 1988 est)
2614 1920 2824 1989 fuitque
2859 1920 2966 1973 vita
3007 1918 3180 1987 ipsius
3208 1932 3475 1972 annorum
3510 1916 3760 1987 quadrin-

2218 2020 2503 2081 gentorum
2540 2018 2595 2067 et
2625 2008 2867 2079 triginta.
2900 2007 3209 2078 Totumque
3238 2010 3383 2075 quod
3418 2008 3553 2066 visit
3587 2006 3766 2062 Phalek

2218 2102 2344 2156 anni
2385 2108 2686 2155 tercentum
2722 2100 2946 2170 triginta
2972 2112 3200 2154 novem.
3228 2098 3404 2168 Ragu,
3439 2106 3562 2167 post
3596 2113 3759 2153 annos

2219 2200 2436 2245 centum
2468 2188 2688 2260 triginta
2711 2190 2873 2254 duos.
2902 2197 3061 2243 natus
3088 2195 3173 2243 est
3198 2186 3430 2251 Sharna.
3456 2172 3619 2258 cujus
3648 2196 3770 2243 tem-

2220 2281 2441 2351 poribus
2472 2272 2764 2335 col'uerunt
2797 2278 3049 2334 homines
3080 2276 3243 2340 idola.
3277 2291 3611 2347 unoquoque
3635 2275 3769 2347 quod
3810 2324 3813 2327 ,

2221 2372 2322 2426 sibi
2354 2369 2604 2427 alliberet
2633 2369 2849 2425 colente
2872 2380 2938 2443 bet
2969 2367 3255 2427 adorante.
3289 2364 3536 2421 Fuerunt
3565 2380 3691 2435 ergo
3713 2353 3772 2421 ex

2222 2461 2360 2528 ipsis
2384 2460 2473 2515 alii
2503 2459 2598 2529 qui
2630 2455 2862 2523 emtum,
2882 2458 2975 2513 alii
3002 2458 3095 2528 qui
3118 2457 3315 2519 solem.
3346 2456 3436 2511 alii
3459 2457 3552 2525 qui
3578 2456 3774 2521 lunam.

2220 2552 2310 2605 alii
2350 2550 2443 2621 qui
2476 2549 2665 2605 stellas
2690 2589 2706 2616 ,
2740 2548 2830 2604 alii
2861 2548 2954 2619 qui
2987 2547 3262 2610 volucres.
3290 2541 3381 2600 alii
3412 2546 3505 2614 qui
3548 2555 3773 2609 terram.

2222 2641 2315 2696 alii
2350 2641 2441 2711 qui
2477 2639 2643 2705 feras.
2674 2639 2766 2695 alii
2804 2639 2896 2710 qui
2945 2638 3140 2695 fluvios
3176 2678 3193 2704 ,
3238 2637 3330 2693 alii
3382 2637 3474 2707 qui
3509 2636 3771 2701 arbores.

2222 2732 2311 2787 alii
2345 2732 2438 2801 qui
2467 2739 2681 2787 montes
2708 2730 2985 2798 colerent;
3021 2728 3110 2783 alii
3140 2728 3233 2800 qui
3265 2728 3332 2791 ad
3362 2726 3773 2785 similitudinem

2222 2823 2393 2894 patris
2427 2831 2523 2877 aut
2556 2822 2749 2877 matris
2777 2822 2885 2888 sui,
2920 2831 3015 2876 aut
3040 2821 3159 2891 ejus
3185 2836 3347 2891 quem
3377 2836 3443 2875 es
3475 2818 3581 2874 sibi
3610 2815 3781 2873 charis

2223 2914 2430 2971 honore
2464 2922 2945 2984 prosequerentur,
2981 2927 3104 2967 cum
3154 2918 3405 2966 mortuus
3452 2916 3625 2972 esset.
3661 2909 3784 2964 ima.

2183 3010 2195 3080 ;
2231 3009 2412 3077 ginem
2444 3004 2746 3060 conﬂarem
2774 3018 2937 3074 quam
2972 3003 3248 3083 colerent.
3289 3017 3353 3057 ac
3385 3000 3488 3057 sibi
3531 3001 3586 3055 in
3626 2998 3781 3053 Deum
3820 3070 3824 3081 _

2229 3104 2614 3161 assumerent;
2658 3096 2751 3150 alii
2786 3095 2878 3165 qui
2928 3094 3218 3163 imaginem
3254 3107 3319 3148 ex
3352 3087 3510 3156 auro,
3544 3098 3781 3158 argento.

2228 3184 2429 3254 lapide,
2471 3193 2563 3236 aut
2594 3183 2742 3254 ligno
2783 3182 3140 3238 conﬁcerent.
3165 3180 3329 3235 Primi
3358 3190 3540 3255 autem
3575 3181 3679 3235 hoc
3710 3178 3783 3233 fe-

2230 3281 2425 3329 cerunt
2475 3272 2749 3345 Egyptii,
2793 3271 3100 3343 Babylonii.
3150 3268 3484 3335 Franci,.et
3544 3271 3784 3324 iocorum

2234 3363 2638 3418 maritimorum
2686 3362 2904 3419 incolat.
2936 3360 3146 3416 Dicitur
3190 3362 3354 3416 etiam
3388 3360 3575 3416 cultus
3617 3360 3784 3417 idolo.

2231 3472 2351 3511 rum
2384 3455 2649 3525 originem
2702 3454 2841 3509 hanc
2883 3451 3078 3513 fuisse.
3120 3452 3265 3522 quod
3313 3466 3437 3508 cum
3488 3463 3788 3515 moreretur

2232 3548 2375 3617 apud
2405 3547 2527 3601 illos
2562 3544 2834 3615 quispiam
2870 3530 3161 3614 imaginem
3191 3544 3274 3599 'ad
3323 3544 3444 3613 ejus
3478 3544 3786 3601 similitudi-

2233 3655 2356 3694 nem
2388 3638 2632 3710 57-59
2659 3637 2949 3693 conflatam
2980 3638 3193 3693 tumulo
3222 3637 3393 3709 ipsius
3425 3639 3784 3708 imponerent.

2231 3748 2339 3802 quo
2384 3733 2565 3787 minus
2607 3730 2866 3787 oblivioni
2918 3730 3229 3786 traderetur
3271 3730 3534 3785 memoria
3585 3728 3787 3799 ipsius,

2234 3825 2362 3895 (qua
2391 3824 2625 3891 ratione)
2656 3822 2874 3894 impleta
2902 3831 2987 3879 est
3018 3832 3161 3878 terra
3190 3822 3385 3879 idolis:
3412 3822 3662 3878 virorum
3691 3821 3789 3879 scio

2234 3920 2382 3982 licet,
2423 3914 2751 3971 feminarum
2776 3922 2833 3969 et
2860 3928 3150 3984 puerorum
3186 3912 3519 3969 simulacris.

2304 4007 2504 4062 Eodem
2534 4017 2774 4078 tempore
2806 4022 2929 4062 cum
2960 4014 3212 4062 mortuus
3261 4012 3408 4060 esset
3454 4006 3540 4059 vir
3577 4002 3789 4076 quidam

2235 4099 2408 4163 dives,
2444 4098 2589 4153 Illius
2621 4098 2811 4189 ipsius
2834 4107 3067 4153 statuam
3104 4098 3244 4164 sibi.
3293 4097 3367 4189 ad
3390 4097 3683 4189 patris/sui
3720 4097 3793 4189 si-

2237 4188 2597 4245 militudinem
2655 4188 2982 4255 confectam,
3026 4189 3237 4244 tumulo
3274 4188 3447 4259 ipsius
3494 4188 3790 4259 imposuit.

2236 4283 2505 4338 collocato
2527 4281 2687 4338 etiam
2717 4281 2787 4336 ibi
2814 4296 2973 4337 servo
2992 4281 3087 4353 qui
3116 4280 3293 4350 ipsam
3316 4279 3647 4337 custodiret.
3670 4279 3790 4337 Cum

487 4419 495 4429 .
561 4378 779 4433 luerunt
808 4374 1043 4444 Syriam.
1078 4388 1197 4442 quas
1226 4380 1282 4425 et
1310 4371 1833 4455 terraChanaantea
1879 4368 2023 4423 dicta
2050 4379 2133 4420 cst
2166 4379 2208 4433 ι)
2237 4373 2589 4427 advenientes
2636 4370 2833 4427 deinde
2868 4361 3311 4442 fures'quidquid
3350 4370 3477 4440 lilio,
3496 4369 3650 4427 domi
3694 4382 3792 4425 sua

563 4470 724 4536 (quod
758 4476 903 4521 esset
933 4465 1103 4517 Ilamo
1128 4462 1269 4517 filius
1298 4462 1385 4516 cui
1425 4476 1622 4516 nomen
1645 4459 1924 4525 Chanaan)
1957 4471 2131 4527 usque

562 4562 625 4613 :ul
656 4568 932 4613 extremos
969 4555 1281 4609 Occidentis
1306 4554 1607 4607 terminos:
1634 4560 1870 4619 suutqne
1901 4565 1967 4604 ex
1999 4548 2133 4616 ipsis

561 4651 883 4707 tilianaanmi
908 4690 921 4711 .
960 4648 1217 4701 Philistrei
1246 4685 1260 4708 .
1296 4646 1487 4699 incola:
1515 4644 1729 4714 λευμιί
1754 4683 1769 4707 ,
1798 4642 2071 4711 Kophtitze
2101 4682 2117 4705 ,

565 4743 789 4801 MJl'lSli,
810 4742 1025 4794 diversa
1058 4738 1392 4807 Nigritarnm
1425 4751 1646 4806 genera,
1680 4734 1992 4804 Ethiopes.
2023 4731 2135 4787 Nu-

565 4835 801 4907 llltl‘llSL‘S,
851 4830 1187 4895 Al-Bajaitm,
1238 4828 1512 4894 Al-Zenii,
1557 4826 1822 4889 Al'ZUlli,
1856 4822 2085 4879 Karrani
2117 4862 2132 4885 ,

568 4925 871 4985 Samaritae.
906 4920 1215 4982 Al-Zaheii.
1248 4920 1661 4990 Al-Mogrebini.
1698 4916 1944 4972 Barbari.
1972 4915 2139 4971 Sunt-

566 5030 671 5081 que.
726 5014 831 5066 illis
883 5012 1075 5066 insula
1122 5010 1311 5078 viginti
1358 5026 1478 5073 sex.
1514 5026 1544 5064 e
1583 5009 1781 5079 quibus
1834 5006 2087 5062 Sardinia
2118 5047 2132 5069 ,

567 5106 725 5159 Multa
750 5148 762 5167 .
793 5105 991 5163 Creta.
1034 5114 1088 5157 ct
1121 5118 1246 5173 pars
1295 5103 1490 5157 insula:
1540 5102 1701 5173 Gypri
1726 5143 1739 5161 .
1792 5115 1915 5154 cum
1971 5099 2138 5163 aliis;

571 5198 851 5265 scriptura:
877 5205 1057 5251 autem
1092 5198 1334 5266 (genera)
1369 5212 1463 5271 sex
1491 5212 1504 5248 :
1538 5194 1767 5250 scilicet
1792 5186 2137 5263 Egyptiaca.

578 5289 899 5353 Nuhiensis,
927 5289 1263 5359 iEtiiiopica.
1298 5287 1561 5344 Francica
1598 5328 1613 5350 .
1653 5286 1879 5349 Punica,
1923 5284 2143 5339 Kanke-

2239 4463 2340 4517 fuit
2368 4463 2797 4533 subripuissent.
2817 4461 3095 4532 profectus
3119 4461 3297 4533 illelad
3319 4461 3490 4531 patris
3516 4460 3607 4516 sui
3629 4462 3793 4517 ιιι-ἀφ

2235 4536 2347 4609 lum
2390 4555 2515 4609 tlerc
2543 4564 2596 4609 et
2633 4555 2896 4624 conqueri
2923 4553 3065 4624 apud
3098 4562 3335 4609 statuam
3360 4553 3521 4608 istam
3562 4564 3791 4614 auream.

2238 4646 2395 4713 quasi
2442 4644 2584 4715 apud
2630 4654 2853 4714 patrcm-
2890 4658 3076 4699 suum.
3113 4644 3396 4700 Allocutus
3444 4658 3581 4715 ergo
3635 4644 3793 4713 ipsum

2240 4737 2488 4793 diabolus
2519 4750 2548 4791 c
2575 4744 2763 4790 ventre
2798 4744 2990 4790 statuae
3015 4750 3032 4789 :
3058 4732 3135 4790 Ne
3160 4733 3310 4799 fleas.
3344 4734 3544 4807 inquit.
3573 4734 3661 4789 abi
3693 4744 3797 4788 tan-

2244 4834 2377 4888 tum'.
2410 4834 2463 4881 et
2492 4826 2652 4880 allato
2677 4824 2784 4881 tilio
2810 4834 2906 4879 tuo
2937 4832 3068 4879 natu
3102 4824 3326 4879 minimo
3356 4826 3537 4893 ipsum
3566 4824 3700 4879 mihi
3741 4822 3786 4875 ia

2209 4971 2215 4981 ,
2244 4917 2570 4973 sacriﬁcium
2596 4926 2842 4971 mactans
2865 4906 3264 4986 sanguineejns
3289 4913 3486 4969 calenti
3516 4924 3573 4970 te
3598 4915 3792 4971 abluas.

2245 5010 2318 5063 ita
2380 5009 2494 5075 (ﬁet
2536 5009 2612 5077 ut)
2643 5023 2743 5075 ego
2780 5005 2964 5062 omnia
3008 5006 3107 5061 tibi
3142 5021 3265 5076 quae
3304 5005 3616 5077 perdideris
3663 5004 3797 5060 resti-

2246 5109 2416 5154 tuam.
2466 5097 2602 5153 Cum
2632 5112 2763 5166 ergo
2808 5096 2898 5151 ille
2943 5090 3116 5151 lilium
3152 5109 3311 5151 suum
3357 5094 3585 5149 allatum
3634 5106 3793 5151 coram

2248 5190 2391 5245 idolo
2440 5195 2753 5252 mactasset,
2805 5188 3037 5257 ejusque
3088 5186 3361 5263 sanguine
3403 5201 3465 5241 se
3517 5187 3791 5263 ablu‘isset.

2248 5296 2500 5352 egressus
2532 5296 2595 5334 ex
2630 5278 2776 5334 idolo
2792 5279 3078 5342 “diabolus.
3113 5260 3504 5345 hominemque
3541 5260 3696 5332 illum
3722 5277 3794 5330 in-

582 5383 707 5436 lira.
749 5382 914 5434 I'urro
944 5356 1174 5435 ilamo—e
1202 5381 1381 5435 fluviis
1410 5379 1791 5456 grandiorihus
1820 5376 2017 5449 Nilus._
2041 5376 2147 5431 Eo-
2251 5387 2498 5443 gressus.
2520 5370 3030 5441 ipsnmlprzestigias
3052 5377 3105 5424 et
3126 5369 3530 5423 incantamenta
3556 5356 3788 5423 edocuit:

578 5491 700 5529 rum
748 5476 983 5543 denique
1018 5490 1047 5527 e
1083 5474 1209 5528 tiliis
1256 5472 1453 5542 Japhet
1511 5471 1609 5558 viri
1661 5468 1999 5539 quindecim,
2051 5469 2144 5538 qui

579 5566 887 5619 hahitarunt
920 5581 947 5617 a
971 5564 1119 5633 Tigri
1141 5580 1314 5633 usque
1334 5564 1401 5617 ad
1426 5572 1699 5620 extremas
1724 5561 1763 5615 S
1783 5559 2144 5629 cptentriouis

581 5667 794 5725 partes;
839 5664 1076 5725 suntque
1111 5670 1173 5711 cx
1233 5655 1366 5725 ipsis
1417 5655 1610 5712 Turca:
1638 5696 1652 5721 ,
1706 5650 2011 5720 Al-Baitac,
2050 5651 2144 5707 Al-

2254 5475 2417 5533 atque
2445 5462 2571 5517 hinc
2622 5471 2909 5532 coeperunt
2955 5459 3203 5515 homines
3236 5458 3377 5514 filios
3408 5474 3559 5515 suos
3586 5453 3791 5512 diabolis

2257 5566 2515 5617 mactare,
2544 5568 2599 5610 et
2630 5554 2918 5624 praestigiis
2943 5553 3069 5624 (uti)
3099 5551 3425 5607 didicerunt.

2325 5648 2495 5704 Porro
2520 5646 2710 5704 diebus
2736 5638 2887 5719 Ragu
2910 5644 3112 5704 multos
3140 5656 3315 5701 annos
3360 5643 3606 5714 regnavit
3632 5636 3789 5709 regias
