3950 6348
116 299 202 363 921
1505 309 1877 377 ANNALES.

3198 323 3306 385 9‘23

119 417 291 475 Salue.
320 427 379 466 ea
414 426 532 501 quae
559 411 744 465 urbem
775 408 972 465 Saham
1008 414 1271 470 condidit.
1307 414 1437 471 Post
1474 428 1638 486 quam
1669 439 1715 493 Α
1743 421 2030 489 accedens,
2066 426 2242 495 ipsum
2280 426 2590 483 adoraverit
2618 446 2631 483 :
2664 430 2843 500 ibique
2877 434 3162 501 quemdam
3194 443 3307 488 sta-

113 508 217 562 urbi
246 505 409 568 Sabe,
430 498 616 572 usque
651 502 716 555 ad
749 516 973 572 regnum
1001 502 1313 561 Salomonis
1341 504 1436 560 lilii
1480 506 1641 561 Davi-

109 601 204 666 dis,
228 599 474 654 continue
499 599 831 666 imperarunt
856 599 966 670 60
995 598 1228 655 feminae.
1254 600 1452 658 Diebus
1475 604 1639 657 et'am

110 691 245 761 Ragu
282 688 524 759 regnavit
561 690 747 743 Karo‘n
779 691 870 760 qui
914 691 1103 747 urbem
1134 690 1639 767 Ukinincondidit.

106 783 282 837 Fertur
320 786 497 833 autem
528 780 702 849 ipsum
730 779 990 840 lateribus
1020 798 1085 839 ex
1116 789 1251 839 auro
1288 787 1409 841 fuso
1433 786 1641 844 conﬂa-

106 876 170 929 tis
211 873 391 926 urbem
443 867 643 951 Ultinin
698 876 1062 931 exstruxlsse.
1119 875 1280 932 Anno
1322 879 1441 939 vitae
1493 880 1640 951 Ragu

103 964 426 1033 sexagesimo
483 972 638 1019 sexto
699 974 948 1022 mortuus
1004 974 1087 1023 est
1152 968 1407 1035 Shalech,
1456 986 1643 1027 mense

104 1053 362 1123 Λύδι’(ηυί
394 1061 478 1109 est
504 1055 843 1128 Bormabut,)
882 1072 1005 1113 eum
1038 1059 1265 1121 vixisset
1294 1056 1470 1117 annos
1502 1078 1631 1131 qna-

104 1143 404 1214 drlngentos
430 1154 485 1199 et
530 1146 831 1215 sexaginta.
863 1145 1063 1223 Totum
1095 1160 1274 1204 autem
1319 1150 1466 1221 quod
1511 1150 1675 1206 vixit'

103 1236 238 1306 llagu
269 1249 532 1291 annorum
559 1246 675 1292 erat
713 1246 1013 1295 tercentum
1049 1240 1267 1308 triginta
1293 1257 1507 1296 novem.
1542 1242 1643 1296 Sa-

101 1343 245 1407 rugo,
274 1340 393 1399 post
418 1328 593 1385 annos
619 1340 837 1385 centum
866 1339 922 1385 et
955 1331 1201 1403 t‘riginta,
1226 1341 1387 1388 natus
1422 1343 1507 1389 est
1535 1333 1645 1389 Na-

101 1421 250 1487 ehor;
277 1410 418 1477 anno
448 1430 628 1484 autem
660 1422 787 1477 vitae
820 1420 1013 1492 Sarugi
1067 1424 1404 1492 sexagesimo
1443 1435 1639 1480 octavo

97 1510 219 1566 obiit
260 1509 399 1567 Eber
442 1526 627 1568 mense
675 1511 870 1567 Canun
905 1512 1173 1582 secundo,
1210 1514 1325 1585 (qui
1365 1521 1419 1570 et
1457 1512 1642 1570 Tubah

98 1603 252 1675 audit)
284 1618 408 1660 cum
443 1604 669 1660 vixisset
694 1618 867 1659 annos
896 1604 1335 1675 quadringentos
1362 1606 1644 1678 sexaginta
1685 1660 1691 1677 ,

94 1705 331 1768 quatuor.
366 1696 635 1766 Antioque
679 1695 803 1751 vita:
832 1694 1027 1767 Saru’gi
1064 1697 1470 1769 septuagesimo
1504 1712 1637 1767 sep-

1748 511 1913 565 tuerit
1943 514 2036 581 qui
2070 515 2178 585 igni
2209 517 2513 584 inserviret,
2549 520 2706 589 eique
2740 519 2866 576 thus
2897 522 3141 598 injiceret
3171 542 3183 578 :
3214 533 3305 579 at-

1747 617 1853 671 que
1892 616 1956 657 ex
1986 618 2051 658 eo
2084 614 2321 675 tempore
2365 609 2649 677 coeperunt
2702 611 2846 681 magi
2888 612 3063 681 ignem
3104 615 3303 683 colere,

1741 707 1979 771 eumque
2025 696 2273 754 adorare.
2312 697 2445 755 Fuit
2478 710 2659 757 autem
2693 702 2827 769 viri,
2868 719 3028 774 quem
3079 706 3145 759 ad
3196 708 3305 776 igni

1744 784 2115 842 famulandum
2146 792 2428 847 constituit
2456 792 2699 859 Nimrod,
2729 811 2926 851 nomen
2965 795 3255 854 Andeshan
3286 817 3304 867 ;

1743 877 1852 942 cui,
1879 891 1909 932 e
1943 878 2120 933 medio
2160 880 2307 950 ignis
2342 882 2519 952 ipsum
2552 885 2845 951 allocutus,
2870 888 3123 944 diabolus
3148 889 3306 945 dixit:

1744 964 1887 1023 Non.
1927 978 2110 1037 potest
2161 970 2284 1040 quis
2334 971 2442 1041 igni
2494 959 2783 1047 inservire,
2838 985 2931 1031 aut
2994 979 3309 1047 religionem

1746 1072 1923 1113 meam
1954 1060 2257 1125 addiscere,
2291 1063 2394 1117 nisi
2431 1064 2583 1134 prius
2609 1044 2754 1119 cum‘
2782 1076 2958 1123 matre
3002 1044 3123 1135 sua,
3154 1086 3311 1126 soro-

1745 1163 1912 1235 reque
1939 1159 1994 1207 et
2028 1152 2135 1208 lilia
2185 1169 2299 1209 rem
2352 1155 2625 1211 habuerit.
2656 1154 2811 1215 Fecit
2841 1174 2972 1229 ergo
3021 1162 3312 1217 Andeshan

1745 1244 1891 1299 sicut
1915 1245 2055 1301 dixit
2080 1246 2186 1316 ipsi
2219 1246 2468 1304 diabolus
2490 1252 2519 1315 ;‘
2540 1258 2705 1320 atque
2734 1251 2931 1307 exinde
2962 1252 3132 1317 (soliti
3161 1253 3309 1318 sunt)

1748 1349 2027 1403 magorum
2066 1338 2374 1393 sacerdotes
2403 1353 2525 1393 cum
2583 1342 2871 1407 matribus,
2905 1344 3224 1407 sororibus,
3258 1350 3314 1397 et

1732 1409 1961 1477 'liliabus
1997 1424 2119 1497 suis
2142 1440 2249 1477 rem
2280 1427 2497 1482 habere.
2525 1428 2739 1513 Primus
2768 1438 2951 1486 autem
2990 1430 3153 1502 hujus
3186 1447 3308 1488 sen-
3394 1495 3399 1504 .

1750 1512 2153 1587 lentiae'anctor
2187 1513 2289 1567 fuit
2321 1508 2789 1575 Andeshanuiste.
2824 1521 2996 1578 Porro
3045 1523 3314 1578 exstrui-xit

1747 1600 1995 1667 Nimrol,
2022 1604 2333 1674 Aderbijan,
2366 1605 2639 1669 Babelem,
2674 1606 2914 1669 Nineven
2936 1648 2952 1671 .
2991 1610 3189 1676 Rnsen,
3221 1628 3313 1666 ur-

1750 1694 1953 1765 besque
2000 1709 2160 1764 quam
2212 1696 2504 1765 plurimas.
2539 1695 2738 1759 Totum
2766 1707 2966 1772 ‘autem
3002 1701 3145 1770 quod
3178 1701 3312 1757 vixit

96 1788 232 1852 timo,
266 1786 405 1843 obiit
428 1785 692 1853 Phalecb,
725 1803 914 1846 mense
946 1788 1049 1844 llul
1080 1790 1194 1859 (qui
1225 1800 1277 1845 et
1322 1788 1489 1856 Thut)
1514 1802 1640 1843 cum
1676 1784 1719 1841 Β
1747 1784 1993 1839 'l‘harech
2049 1786 2179 1839 anni
2232 1798 2384 1841 sunt-
2413 1788 2629 1843 ducenti
2694 1789 2980 1861 sexaginta
3032 1793 3270 1861 quinque
3294 1832 3311 1858 ,

62 1876 302 1934 vixisset
344 1893 520 1934 annos
575 1886 847 1934 trecentos
896 1878 1119 1948 triginta
1177 1894 1395 1936 novem.
1449 1879 1646 1945 Totum

96 1976 258 2024 autem
287 1968 433 2037 quod
452 1967 602 2022 wixit
643 1966 819 2038 Sarug
853 1969 981 2029 anni
1028 1972 1159 2024 sun‘t
1200 1970 1427 2024 trecenti
1463 1976 1518 2025 et
1548 1968 1648 2024 tri-

88 2060 246 2131 ginta.
284 2058 537 2114 Nachoro
567 2066 688 2128 post
732 2074 910 2115 annos
928 2054 1280 2131 Septuaginta
1317 2076 1511 2117 novem
1542 2076 1649 2117 na-

88 2162 165 2207 tus
194 2161 276 2206 est
304 2150 558 2207 Tharecb
585 2167 601 2218 ;
630 2151 859 2221 ejusque
900 2150 1093 2208 diebus
1126 2152 1481 2223 multiplicati
1514 2161 1647 2209 sunt

87 2244 342 2313 gigantes.
398 2228 779 2314 Fuitque‘Aad
830 2244 973 2301 illius
1012 2245 1223 2315 Arami,
1274 2245 1417 2301 illius
1457 2245 1643 2314 Semi,

86 2332 218 2388 illius
254 2331 385 2389 Nom
420 2351 435 2388 :
478 2333 580 2388 sub
604 2333 793 2389 eodem
828 2333 1093 2390 institutae
1118 2343 1250 2390 sunt
1292 2346 1568 2392 mensura!
1589 2342 1648 2391 et

84 2425 336 2495 pondera.
385 2424 523 2496 Ejus
562 2426 727 2483 etiam
768 2433 1014 2497 tempore
1045 2427 1251 2484 accidit
1303 2436 1645 2493 terrsmotus

61 2516 327 2588 insignis,
355 2516 678 2582 vehemens,
708 2532 833 2585 cum
883 2518 1066 2574 nullus
1096 2500 1255 2575 antea
1303 2526 1645 2574 terrmmotus

80 2608 289 2672 fuisset,
317 2608 483 2678 idque
508 2607 654 2676 quod
678 2607 784 2688 ubi
802 2596 1151 2677 multiplicati
1179 2606 1673 2667 essentidololatra:

79 2702 164 2769 qui
194 2700 335 2756 lllios
363 2714 496 2761 suos
544 2711 598 2756 et
640 2697 789 2784 lllias'
823 2691 1511 2767 daamoniis'lmmolarent,
1538 2703 1641 2757 im-

76 2794 391 2871 mitteret-in
446 2795 595 2864 ipsos
646 2803 869 2851 ventum
927 2795 1288 2866 procellosum
1318 2834 1334 2858 ,
1383 2802 1640 2873 essetque

57 2884 227 2940 turbo
251 2885 345 2954 qui
382 2884 522 2941 idola
567 2888 752 2941 omnia
784 2888 1170 2957 contingeret,
1205 2898 1509 2954 eorumque
1539 2883 1637 2937 de-

74 2975 224 3045 luhra
256 2977 537 3045 dirueret;
568 2976 816 3051 61~63
840 2978 978 3034 adeo
1023 2986 1085 3033 ut
1128 2975 1372 3047 pulveris
1419 2974 1642 3031 tumulis

70 3067 458 3132 obruerentur;
489 3068 581 3139 qui
610 3070 905 3123 etiamnum
935 3069 1232 3124 exsistunt.
1480 3082 1483 3085 '

136 3160 292 3213 Anno
318 3160 654 3214 autem-vitae
676 3159 914 3214 Nacbori
945 3162 1347 3231 septuagesimo
1382 3162 1625 3231 septimo

72 3258 319 3306 mortuus
357 3261 447 3306 est
467 3250 643 3322 Ragu,
677 3267 863 3308 mense
891 3251 1059 3309 Nisan
1089 3255 1205 3324 (qui
1236 3251 1377 3309 idem
1405 3260 1488 3309 est
1514 3253 1644 3308 Bar-

70 3341 292 3411 mudah)
322 3354 453 3398 cum
486 3358 659 3399 annos
689 3353 966 3403 trecentos
1002 3346 1224 3416 triginta
1254 3360 1448 3418 novem
1471 3345 1643 3401 vixis-
1668 3382 1671 3383 ν

68 3438 163 3485 set.
201 3429 463 3503 Ejusdem
511 3442 755 3504 tempore
800 3433 982 3490 lloruit
1013 3436 1096 3491 vir
1132 3436 1352 3504 quidam
1384 3426 1638 3506 (origine)

66 3521 249 3587 Persa,
284 3526 509 3581 nomine
537 3525 841 3582 Zorodasht
865 3566 882 3589 ,
910 3526 1004 3595 qui
1038 3525 1316 3596 religionis
1348 3524 1637 3581 Sabiorum

73 3623 265 3671 auctor
305 3617 455 3681 fuit,
512 3626 771 3687 regnante
826 3619 881 3673 in
930 3617 1112 3682 Persia
1167 3634 1291 3690 rege
1343 3617 1643 3673 Tachmurt

64 3700 359 3769 appellato.
425 3704 725 3761 Autumant
761 3719 890 3761 vero
938 3707 1182 3761 nonnulli
1232 3709 1464 3776 primum
1498 3706 1640 3763 reli-

64 3793 246 3863 gionls
282 3796 573 3853 Sabiorum
607 3807 885 3853 auctorem
925 3798 1097 3853 fuisse
1144 3798 1402 3855 Gracunr
1441 3780 1641 3870 quem-

62 3882 187 3955 dam
218 3888 447 3943 nomine
475 3886 679 3951 Junan,
713 3885 1036 3945 Jearakliusi
1072 3888 1266 3952 lilium,
1298 3890 1457 3960 cujus
1479 3891 1643 3948 sedes

62 3966 167 4032 fuit
191 3980 362 4051 Alyas
393 3996 409 4035 :
437 3988 493 4036 at
515 3979 668 4049 juxta
690 3980 827 4047 alios
859 3979 959 4035 fuit
986 3996 1050 4035 es
1082 3980 1216 4035 urbe
1238 3980 1636 4047 Al-Zaitunah,
1672 3994 1677 4004 ‘

56 4077 183 4134 qua
203 4071 429 4127 condita
457 4080 539 4126 est
569 4070 623 4124 in
649 4070 983 4125 Athenarum
1017 4071 1308 4141 (regione.)
1334 4070 1505 4128 Graeci
1535 4090 1639 4129 au~

86 4178 173 4219 em
212 4164 381 4233 primi
432 4162 576 4218 hanc
626 4163 953 4218 sententiam
991 4163 1223 4232 amplexi
1260 4171 1431 4231 sunt,
1465 4164 1641 4236 deque

62 4264 343 4311 astrorum
405 4253 665 4318 scientia,
717 4268 781 4308 ac
837 4255 1057 4315 orbium
1128 4254 1432 4312 caelestium
1485 4265 1638 4313 motu

64 4342 231 4401 llhros
264 4344 467 4398 multos
502 4345 970 4413 conscripserunt.
1011 4344 1210 4401 Fertur
1260 4347 1426 4404 etiam
1480 4349 1631 4404 illum

1748 1874 1943 1947 deinde
1973 1874 2129 1931 obiit.
2158 1874 2279 1931 lam
2312 1892 2342 1931 a
2370 1879 2608 1935 Phaleko
2653 1880 2719 1934 ad
2770 1880 3137 1937 Abrahamnm
3186 1884 3312 1937 anei

1749 1976 1878 2021 sunt
1922 1966 2207 2037 quingenti
2238 1969 2596 2041 quadraginta
2631 1980 2686 2027 et
2718 1986 2893 2037 unus;
2930 1988 2959 2026 a
3005 1970 3211 2028 diluvio
3244 1975 3313 2029 ad

1747 2054 2111 2129 Abrahamum
2143 2057 2291 2114 mille
2332 2060 2674 2129 semuagiuta
2704 2060 2854 2127 duo;
2890 2061 2959 2116 ab
3003 2062 3209 2117 Adamo
3240 2063 3311 2117 ad

1745 2147 2116 2205 Abrahamum
2171 2159 2254 2205 ter
2308 2151 2456 2206 mille
2506 2160 2591 2229 ter
2634 2161 2852 2213 centum
2913 2151 3106 2223 viginti
3162 2162 3309 2209 octo.

1745 2239 2080 2307 Abrahatno,
2108 2255 2233 2296 cum
2268 2257 2534 2298 annorum
2580 2254 2725 2301 esset
2764 2230 3107 2315 septuaginta
3144 2246 3309 2315 quit}-

1746 2328 1872 2400 que,
1908 2331 2164 2403 praecepit
2199 2330 2342 2387 Deus
2373 2341 2432 2389 ut
2456 2348 2486 2389 e
2516 2342 2659 2389 terra
2684 2336 2857 2405 patria
2890 2335 3098 2392 Harran
3120 2352 3312 2408 egres-

1746 2437 1844 2479 sus
1877 2422 1930 2478 in
1964 2430 2109 2479 terra
2140 2420 2445 2478 Cbananaea
2478 2423 2622 2495 (qua;
2646 2424 2866 2480 Alsham
2890 2424 2996 2493 est)
3020 2426 3310 2482 habitaret.

1744 2515 1969 2585 Accepit
1995 2529 2125 2587 ergo
2152 2514 2427 2571 Abraham
2472 2530 2695 2572 uxorem
2737 2515 2982 2588 οτι-6⁸1
3025 2530 3181 2573 suam
3210 2515 3312 2572 Sa-

1745 2622 1886 2674 ram,
1911 2608 2031 2678 q’ua-
2059 2618 2113 2664 et
2137 2608 2241 2678 ipsi
2273 2623 2339 2663 ex
2372 2616 2530 2678 patre
2548 2624 2706 2664 soror
2736 2603 3146 2673 erat;Thareeb
3163 2608 3308 2665 enim

1743 2697 2036 2753 Abrahami
2063 2705 2235 2767 pater,
2271 2706 2481 2753 mortua
2520 2695 2736 2761 Yuana,
2773 2698 3069 2752 Abrahami
3100 2706 3305 2765 matre,

1716 2789 1904 2855 aliam
1935 2787 2091 2843 duxit
2124 2804 2344 2844 uxorem
2376 2789 2591 2845 nomine
2620 2788 2888 2853 'l‘ohwait,
2922 2804 2991 2844 ex
3040 2804 3148 2859 qua
3182 2799 3310 2845 nata

1742 2890 1825 2939 est
1863 2884 1962 2953 ipsi
1995 2883 2191 2946 Sarah,
2222 2898 2384 2952 quam
2414 2882 2568 2938 duxit
2597 2883 2913 2950 Abraham;
2945 2890 3113 2961 atque
3164 2884 3306 2939 hanc

1741 2976 1812 3031 ob
1842 2990 2062 3031 causam
2094 2974 2231 3029 dixit
2270 2974 2543 3029 Abraham
2574 2991 2588 3029 :
2621 2972 2785 3030 Soror
2830 2991 2945 3030 mea
2984 2974 3106 3037 est,
3139 2975 3309 3044 patris

1742 3068 1845 3121 mei
1872 3107 1888 3131 ,
1928 3077 1983 3120 at
2022 3083 2125 3121 non
2171 3060 2355 3121 matris
2390 3082 2520 3121 mea
2570 3066 2687 3136 [ilia
2717 3066 2760 3120 ⁸.
2792 3065 3103 3135 Assumpsit
3147 3067 3311 3121 etiam

1754 3153 2024 3223 Lot'hum,
2060 3158 2245 3213 fratris
2276 3157 2550 3229 suililium
2575 3197 2590 3222 ,
2627 3165 2683 3212 et
2714 3157 2767 3210 in
2800 3165 2999 3213 terram
3031 3152 3314 3211 ,ΑΙ-Μετιεά

1745 3249 2008 3305 rieusium
2065 3248 2465 3312 Amorraeorum
2526 3247 2802 3316 profectus
2858 3231 2996 3309 est,
3048 3244 3137 3300 ubi
3187 3259 3311 3300 cum

1744 3340 1948 3410 egressi
1973 3348 2159 3395 contra
2181 3340 2355 3408 ipsum
2384 3338 2631 3394 nonnulli
2660 3338 2891 3393 Lolhum
2913 3337 3183 3411 captivum
3215 3337 3311 3391 ah-

1724 3476 1734 3483 .
1755 3429 2060 3495 duxissent,
2092 3429 2373 3485 insecutus
2400 3429 2547 3499 ipsos
2571 3427 2869 3493 Abraham,
2898 3426 3134 3482 Lollium
3153 3441 3184 3482 e
3201 3440 3316 3503 mag-

1745 3523 1905 3579 nibus
1940 3523 2184 3604 ipsorum
2214 3521 2485 3582 liberavit.
2520 3519 2761 3577 Reverso
2787 3526 2967 3574 autem
2994 3518 3062 3573 ad
3094 3524 3311 3572 montes

1742 3609 2113 3679 Jebusaeorum
2148 3615 2389 3681 occurrit
2426 3612 2809 3678 Melchisedek,
2842 3612 2947 3681 'qui
2974 3608 3125 3695 pacis
3157 3625 3250 3666 rex
3280 3648 3298 3675 ,

1746 3709 1838 3765 Dei
1870 3709 2169 3767 ‘celsissimi
2220 3710 2480 3781 sacerdos
2501 3750 2518 3775 ,
2547 3709 2720 3765 audit.
2757 3706 2930 3775 Quem
2958 3720 2991 3762 e
3015 3704 3313 3776 longinquo

1744 3810 2098 3872 conspectum
2131 3801 2376 3856 adoravit
2399 3800 2695 3864 Abraham,
2723 3795 2921 3855 deinde
2952 3799 3130 3868 ipsum
3164 3794 3313 3851 eonf-

1745 3893 1943 3963 plexus‘
1986 3901 2152 3964 atque
2195 3894 2572 3955 deosculatus.
2620 3891 3055 3948 benedictionem
3090 3889 3158 3945 ab
3190 3890 3311 3958 ipso

1741 3986 1915 4056 petiit.
1949 3985 2236 4041 Benedixit
2260 3988 2389 4054 ergo
2422 3986 2525 4056 ipsi
2552 3982 2919 4041 Melchisedek
2948 4022 2965 4048 ,
3001 3995 3311 4059 panemque

1740 4067 1796 4132 et
1822 4078 2003 4132 vinum
2038 4076 2140 4147 ipsi
2189 4078 2427 4145 obtulit;
2478 4072 2627 4133 dedit
2657 4083 2836 4132 autem
2866 4074 3141 4131 Abraham
3176 4074 3311 4135 Mel-

1740 4168 2034 4226 chisedeko
2066 4162 2310 4225 omnium
2340 4185 2460 4239 qua:
2514 4169 2702 4225 habuit
2749 4166 3013 4223 decimas.
3042 4165 3181 4223 Tum
3214 4182 3312 4239 per

1740 4259 2127 4315 revelationem
2173 4260 2310 4315 dixit
2362 4260 2504 4315 Deus
2536 4259 2845 4316 Abraha'mo
2883 4278 2898 4317 :
2936 4260 3011 4315 Ab
3046 4260 3143 4313 hoc
3170 4267 3309 4314 tm-

1742 4366 1866 4420 pore
1903 4366 2123 4421 magnus
2145 4350 2351 4415 evades,
2390 4350 2690 4405 benedicens
2732 4335 2869 4405 enim
2902 4349 3027 4414 tibi,
3059 4358 3107 4405 et
3137 4363 3310 4403 semen

63 4436 151 4503 qui
180 4436 396 4507 primus
417 4434 706 4490 Sabiorum
742 4435 1056 4505 religionem
1088 4437 1326 4502 instituit
1348 4454 1414 4495 ex
1439 4454 1629 4496 eorum
1666 4450 1708 4505 ι)
1737 4446 1885 4492 tuum
1908 4437 2283 4505 multiplicabo.
2320 4434 2561 4507 cumque
2582 4437 2694 4508 jam
2729 4430 3065 4506 lnnotuisset'
3088 4436 3309 4493 ﬂelchi-

65 4540 292 4587 numero
327 4525 499 4583 fuisse
529 4526 621 4596 qui
663 4527 804 4581 turri
836 4526 1050 4582 Babelis
1079 4529 1421 4599 exstruendae
1444 4529 1637 4587 adfue-
1676 4526 1677 4529 “

1736 4528 1922 4594 sedek,
1954 4530 2048 4599 qui
2079 4530 2146 4584 de
2182 4542 2247 4583 eo
2282 4527 2633 4583 audivissent
2656 4541 2831 4598 reges,
2860 4526 2928 4582 ad
2952 4528 3131 4598 ipsum
3175 4518 3316 4581 cena

62 4628 207 4675 runt.
256 4619 458 4699 Totum
490 4627 669 4675 autem
705 4614 848 4690 quod
886 4619 1020 4674 vixit
1044 4694 1047 4695 7
1070 4619 1307 4688 Nachor,
1356 4636 1625 4677 annorum
1730 4624 1947 4697 gregati
1977 4631 2140 4687 sunt;
2179 4637 2209 4677 e
2237 4621 2437 4691 quibus
2479 4628 2599 4676 erat
2641 4619 2954 4676 Abimelech
2984 4634 3079 4674 rex
3110 4617 3305 4681 Gerar,

60 4710 159 4765 luit
188 4711 553 4783 ducentorum
591 4722 645 4767 et
670 4722 816 4769 octo.
850 4710 1135 4769 Tharecbo
1168 4724 1291 4784 post
1322 4728 1498 4771 annos
1538 4728 1627 4773 se-
1742 4712 1944 4770 Markal
1973 4719 2065 4769 rex
2096 4714 2257 4777 Zoar,
2288 4712 2487 4769 Ariush
2517 4727 2609 4768 rex
2634 4710 2847 4777 Destar,
2876 4710 3193 4789 .lardsomer
3212 4725 3307 4765 rex

61 4804 341 4876 ptuaginta
384 4810 542 4860 natus
569 4814 656 4862 est
706 4806 1006 4863 Abraham.
1056 4805 1233 4877 Hujus
1262 4816 1504 4875 tempore
1534 4806 1639 4863 fuit

60 4892 285 4951 Nimrod
344 4897 517 4966 gigas,
565 4911 660 4952 rex
712 4896 945 4966 Babelis,
995 4895 1087 4952 ubi
1133 4897 1343 4968 primus
1391 4896 1633 4951 omnium

52 4982 321 5056 regnasse
354 4986 559 5054 fertur;
602 4993 837 5059 cum‘que
867 4988 922 5043 in
961 4988 1104 5050 ctelo
1150 5002 1367 5044 coronae
1400 4987 1630 5043 formam

26 5128 31 5131 _
58 5089 87 5128 e
115 5076 262 5132 nube
296 5076 543 5138 vidisset,
586 5079 851 5134 accersito
881 5077 1272 5150 [metallorum]
1303 5076 1493 5133 fusore
1522 5090 1620 5129 co-

58 5152 265 5240 ranam:
282 5166 389 5220 sibi
421 5165 710 5231 conﬂasse,
738 5182 903 5237 quam
935 5166 1102 5238 capiti
1128 5167 1455 5237 imponeret,
1488 5162 1632 5217 unde

58 5256 261 5332 factum
290 5270 355 5314 ut
378 5257 620 5316 dicerent
648 5260 899 5317 homines
944 5275 1205 5318 coronam
1261 5260 1365 5331 ipsi
1411 5274 1441 5315 e
1485 5259 1628 5315 celo

58 5347 345 5418 delapsam
373 5365 520 5406 esse.
553 5350 761 5406 Dicitur
787 5350 897 5424 65.
928 5362 981 5407 et
1011 5352 1157 5407 hunc
1182 5351 1415 5421 primum
1446 5350 1624 5419 ignem

58 5440 315 5507 coluisse,
352 5443 499 5510 quod
531 5441 744 5498 scilicet
789 5441 857 5497 ad
896 5444 1093 5514 ignem,
1136 5457 1298 5513 quem
1347 5442 1533 5511 procul
1556 5440 1621 5492 in

1740 4806 1854 4862 llan
1881 4812 1897 4870 ς
1930 4805 2146 4875 Targali
2177 4821 2269 4861 rex
2319 4804 2503 4876 Za‘glai
2528 4843 2543 4867 .
2574 4803 2714 4859 Baaz
2749 4795 3090 4878 rexﬁailath
3115 4839 3132 4866 ,
3165 4807 3306 4866 Yaez

1742 4915 1836 4955 rex
1865 4897 2109 4962 Sodomi,
2153 4896 2355 4952 Barsha
2401 4912 2494 4951 rex
2533 4894 2852 4953 Gomorrhaz
2876 4933 2893 4957 ,
2922 4883 3155 4949 Sebaath
3186 4894 3300 4964 68

1741 5005 1835 5045 rex
1865 4986 2057 5054 EdOm,
2086 4988 2272 5043 Banbu
2306 5001 2400 5043 rex
2430 4984 2703 5050 Damasci,
2738 4983 2937 5039 Balttar
2970 4998 3064 5039 rex
3094 4982 3303 5066 Al-Ba-

1739 5081 1869 5139 bah.
1900 5080 2134 5136 Samaan
2166 5094 2259 5134 rex
2293 5077 2709 5134 Amorhteorum
2753 5092 2766 5129 :
2800 5090 2954 5143 reges
2984 5074 3073 5131 isti
3100 5074 3305 5130 duode-

1742 5175 1848 5230 cim
1876 5173 1942 5228 ad
1966 5169 2443 5236 Melchisedeltum,
2462 5171 2553 5241 qui
2578 5179 2736 5225 etrex
2771 5168 2920 5239 pacis
2950 5166 3121 5230 audit,
3145 5179 3302 5221 acce-

1739 5266 1947 5327 dentes,
1986 5263 2079 5318 ubi
2124 5263 2298 5331 ipsum
2334 5260 2772 5331 conspexissent,
2806 5264 2864 5314 'et
2894 5258 3065 5327 ipsius
3090 5267 3301 5311 sermo-

1736 5371 1835 5410 nes
1869 5354 2195 5419 audiissent,
2221 5354 2288 5410 ab
2338 5354 2432 5409 illo
2489 5361 2546 5406 ut
2572 5365 2676 5406 una
2694 5366 2817 5406 cum
2846 5348 3172 5420 lpsisfabiret
3205 5362 3300 5403 ro-

1732 5456 1929 5517 garunt
1957 5487 1970 5510 ,
2024 5448 2117 5516 qui
2180 5445 2500 5515 respondit:
2534 5441 2653 5499 Non
2689 5456 2908 5515 possum
2942 5454 3041 5511 ego
3070 5440 3140 5494 ab
3190 5438 3291 5492 hoc

56 5526 276 5588 Oriente
297 5548 328 5588 e
354 5543 494 5588 terra
518 5524 875 5604 prodeuntem
902 5536 1299 5607 conspexisset,
1325 5535 1617 5592 videndum
1727 5537 1845 5593 loco
1865 5536 2469 5593 discudcre.Consilium
2493 5535 2778 5607 crgojintet
2798 5530 2945 5591 sedc
2966 5526 3292 5589 exstrucnda

22 5707 28 5711 ’
130 5704 315 5767 ⁸ϐεη.
353 5727 441 5781 xx,
478 5712 559 5766 l2.
