3950 6348
702 201 805 264 993
1720 216 2079 276 EU't‘mtu
2118 219 2654 288 AI.E.\'.\NDBINI
2686 232 2901 291 emt.
3110 240 3117 243 '
3378 209 3382 212 ⁴
3762 268 3819 330 924

701 312 801 380 ipsi
858 316 989 366 urbe
1040 329 1341 385 ceperunt,
1381 319 1625 376 dicentes
1662 341 1674 376 :
1715 324 1921 381 Revera
1974 331 2059 382 hic
2087 331 2255 385 totius
2287 335 2327 385 A
2360 336 2474 396 bib,
2510 355 2642 393 uxor
2673 342 2789 397 Sini
2823 348 3119 403 sacerdotis
3174 356 3396 419 montis,
3444 372 3564 424 qua:

699 414 853 457 teme
880 422 967 458 rex
1001 420 1101 469 est,
1136 428 1429 480 regumque
1454 418 1695 471 omnium
1762 433 1934 490 pater.
1972 424 2256 481 Exstructa

697 512 825 563 ergo
864 498 967 565 ipsi
1009 501 1162 563 urbe,
1202 519 1375 571 regem
1431 508 1483 559 in
1515 524 1574 561 ea
1608 510 1781 578 ipsum
1832 518 2250 573 constituerunt.

696 590 997 657 Appellavit
1025 603 1204 647 autent
1245 595 1609 655 Melchisedek
1652 619 1853 664 nomen
1901 609 2049 664 urbis
2096 609 2256 667 istius

690 678 1017 738 Jerusalem.
1049 683 1215 741 Porro
1250 690 1371 742 enm
1406 696 1471 744 de
1504 709 1668 762 regno
1710 697 2086 755 Melchisedeki
2124 720 2251 772 pcr-

692 774 931 826 venisset
968 774 1107 828 fama
1161 778 1226 831 ad
1285 779 1595 837 Machulum
1649 785 1985 843 Al-Taiuzaui
2030 809 2250 862 regem.

693 864 960 921 accedens
992 869 1079 923 ille
1105 870 1171 925 ad
1214 872 1389 940 ipsum
1420 879 1868 946 conspiciendum
1908 893 2071 952 atque
2108 888 2247 941 allo-

689 958 1000 1023 querulum,
1021 976 1266 1029 magnam
1301 965 1403 1033 ipsi
1448 984 1610 1038 opum
1645 972 1869 1040 copiam
1892 974 2058 1031 dedit.
2095 974 2248 1033 Fuit-

687 1060 792 1111 que
821 1047 1175 1124 Melchisedek
1211 1056 1354 1122 apud
1386 1072 1576 1111 omnes
1609 1076 1762 1131 reges
1798 1064 1849 1116 in
1879 1065 2084 1121 honore
2114 1067 2245 1121 dum

687 1135 862 1204 ipsum
894 1156 1077 1208 regum
1123 1153 1326 1213 patrem
1358 1150 1708 1218 appellarent.
1748 1152 1865 1208 Jam
1916 1160 2005 1226 qui
2058 1160 2245 1215 dicunt

684 1228 1084 1289 Melchisedeko
1112 1252 1212 1290 nec
1248 1239 1702 1298 initium-dierqu
1729 1286 1743 1308 ,
1777 1263 1875 1303 nec
1916 1251 2038 1305 vitae.
2082 1255 2240 1306 linem

685 1319 855 1375 fuisse
882 1364 896 1386 ,
934 1326 1172 1382 adducto
1201 1328 1266 1382 ad
1300 1324 1401 1386 lio'c
1434 1334 1864 1393 conﬁrmandum
1914 1338 2063 1393 Pauli
2113 1359 2242 1412 apo-

681 1413 804 1466 stoli
834 1415 1001 1480 dicto,
1032 1418 1119 1472 ubi
1154 1422 1227 1474 ait
1270 1438 1283 1475 :
1319 1421 1484 1492 Cujus
1517 1427 1697 1500 diebus
1720 1446 1812 1483 nec
1856 1431 2063 1488 initium
2094 1436 2199 1505 fuit
2223 1476 2238 1501 ,

680 1522 770 1558 nec
802 1509 918 1560 vita:
942 1510 1107 1577 ipsius
1144 1514 1393 1579 termjnns
1415 1517 1460 1581 ⁵,
1488 1517 1666 1572 locum
1693 1520 1842 1575 Pauli
1869 1528 2096 1590 apostoli
2133 1544 2237 1583 non

676 1596 996 1667 inteiiigunt.
1036 1600 1167 1655 Nam
1194 1620 1315 1659 cum
1341 1606 1488 1671 8cm,
1514 1609 1685 1665 Noahi
1710 1611 1869 1679 (iliud,
1891 1615 2242 1674 Melchisede-

677 1686 803 1741 ltum
842 1683 1180 1755 assumptum
1216 1710 1246 1748 a
1283 1696 1599 1765 parentibus
1635 1705 1748 1759 suis
1775 1705 2083 1775 abduxerit,
2124 1725 2232 1765 non

3610 356 3767 421 Nisibin
3792 390 3822 430 ει

2363 426 2569 483 llohatu
2613 438 2880 489 e\struxit
2934 455 3195 507 tltttl'tt.|Ilc
3242 446 3411 499 cinxit
3450 464 3463 499 :
3500 450 3630 518 quin
3671 467 3708 507 et
3745 470 3823 516 lem.

2357 518 2500 588 plum
2555 537 2804 589 niaguum
2862 524 2911 576 itt
2972 528 3219 585 llarrauo
3250 537 3523 602 condidit,
3563 541 3753 599 conﬂato
3788 568 3824 607 ex

2355 622 2487 664 auro
2521 611 2666 666 idolo
2704 616 2791 668 cui
2847 633 3045 674 nomen
3097 622 3190 676 Sin
3246 624 3435 680 indidit
3463 669 3477 691 ,
3520 630 3762 704 ipsumque
3795 642 3824 695 in

2355 699 2534 754 medio
2572 706 2754 774 templi
2804 709 3034 775 positum
3068 726 3256 769 omnes
3300 713 3525 772 liarrani
3563 721 3716 778 inrola
3748 731 3828 783 ado-

2354 804 2475 844 rare
2501 794 2681 862 jussit.
2730 796 2843 850 Non
2892 799 3173 856 desierunt
3225 820 3352 875 ergo
3400 807 3739 870 llarraneuses
3769 837 3828 888 per

2352 893 2526 935 annos
2575 884 2966 954 quinquaginta
3024 891 3227 945 idolum
3292 896 3502 951 colere.
3536 899 3708 958 Postea
3750 884 3828 965 tero

2350 970 2475 1026 Baal
2521 974 2734 1039 Samio,
2775 978 3010 1034 Al-lraki
3061 994 3207 1051 rege.
3238 983 3454 1051 Talbiu,
3489 988 3751 1063 Thamura:
3777 1017 3831 1052 re-

2347 1064 2436 1143 gis
2462 1060 2888 1123 Illusal'uxorem
2916 1112 2930 1136 ,
2964 1073 3309 1142 depereunte,
3353 1076 3566 1147 fugiens
3614 1098 3714 1136 eum
3753 1088 3827 1157 ipsa

2350 1152 2592 1235 llarrano
2618 1159 2791 1227 ignem
2829 1161 3015 1230 injecit
3058 1180 3165 1232 quo
3205 1168 3379 1233 arsit,
3435 1186 3649 1241 unaque
3675 1186 3718 1228 et
3741 1187 3831 1232 tein-

2346 1232 2575 1317 pltllllDl
2605 1250 2829 1305 idolum.
2865 1254 3023 1309 Anno
3077 1256 3200 1310 vitae
3235 1232 3527 1313 Abrahami
3564 1232 3830 1336 quinquage-

2344 1340 2484 1395 simo
2538 1357 2701 1408 nono,
2734 1353 2982 1399 mortuus
3024 1355 3108 1399 est
3157 1345 3374 1404 Nachor
3422 1368 3611 1407 tuense
3640 1352 3833 1413 Tammuz

2345 1432 2457 1499 (qui
2503 1442 2586 1487 est
2628 1434 2789 1504 Abih)
2828 1449 2952 1488 cum
3011 1452 3183 1492 annos
3220 1440 3484 1495 ducentos
3520 1454 3575 1497 et
3615 1455 3721 1500 octo
3758 1452 3834 1501 vii-

2344 1520 2493 1573 isset.
2542 1524 2698 1577 Anno
2743 1525 2905 1577 etiam
2951 1527 3073 1580 vita:
3124 1528 3358 1600 73-75
3399 1534 3667 1586 Abraham
3707 1548 3836 1591 cente-

2341 1611 2478 1667 simo
2510 1613 2787 1667 tricesimo
2822 1616 3056 1685 septimo
3086 1619 3247 1690 jussit
3300 1624 3477 1690 ipsum
3534 1626 3666 1679 Deus
3706 1627 3827 1681 lilium

2342 1659 2474 1667 ,,-,-ν
2511 1659 2544 1666 -.
2564 1659 2784 1667 -η-..,-ν--ν
2822 1659 3055 1685 υυγσιιην
3086 1659 3247 1690 lucos.
3300 1659 3477 1690 1.1:!qu
3534 1659 3666 1679 I'CUJ
3706 1659 3827 1681 ιιιιιιιυ

2273 1659 2310 1711 Β
2344 1701 2589 1756 lsaacum
2625 1715 2921 1759 mactatum
2954 1708 3007 1762 in
3045 1709 3421 1766 holocaustum
3456 1716 3581 1783 igne
3611 1717 3836 1773 assumen-

674 1780 993 1850 inscriptum
1020 1793 1101 1838 est
1128 1786 1267 1839 libro
1296 1786 1498 1860 [sacro]
1524 1803 1656 1860 quot
1685 1808 1858 1851 annos
1883 1806 2042 1853 natus
2067 1812 2232 1865 esset,

673 1873 891 1938 quando
921 1890 983 1927 ex
1018 1872 1248 1932 Oriente
1277 1880 1735 1949 proficisceretur,
1767 1901 1863 1941 nec
1898 1899 2032 1957 quot
2059 1907 2235 1949 annos

671 1975 830 2017 natus
861 1964 1002 2018 diem
1046 1969 1262 2023 obierit.
1307 1970 1550 2039 Cumque
1590 1974 1945 2035 Melcliiscdek

674 2056 813 2107 tilius
844 2068 988 2111 esset
1021 2058 1259 2125 Phaleki,
1290 2062 1382 2117 lilii
1415 2065 1573 2120 Eberi
1601 2107 1615 2129 ,
1653 2069 1747 2123 ﬁlii
1802 2070 2057 2128 Sitaleehi
2082 2114 2097 2137 .
2132 2078 2227 2130 tllii

673 2144 919 2209 lizzimni,
957 2150 1050 2202 lilii
1091 2152 1641 2223 Arpliacbshadi,'lilii
1687 2159 1856 2225 Semi,
1908 2165 1999 2218 lilii
2030 2166 2228 2232 Nualii,

668 2241 852 2295 nullus
880 2240 1077 2297 borum
1106 2254 1342 2314 patrum,
1384 2250 1557 2318 ipsius
1599 2263 1754 2321 pater
1798 2266 2045 2314 vocatu.
2093 2261 2229 2316 Dicit

664 2332 805 2383 enim
841 2330 1039 2390 Paulus
1072 2352 1087 2390 :
1123 2336 1291 2392 Nemo
1318 2322 1384 2393 de
1411 2343 1575 2408 ipsius
1621 2362 1805 2413 genere
1851 2354 2038 2417 templo
2064 2355 2228 2409 servi-

662 2418 733 2468 vit
764 2419 823 2483 ';
859 2436 1033 2490 neque
1068 2436 1273 2492 patrem
1314 2430 1417 2497 ipsi
1456 2432 1591 2486 inter
1620 2437 1795 2491 tribus
1828 2428 2223 2509 ascripseiunt.

665 2506 949 2565 Mattheus
993 2515 1138 2569 enim
1193 2524 1249 2573 et
1303 2517 1481 2577 Lucas
1539 2527 1902 2596 evangelista.
1954 2535 2225 2603 principes

661 2607 871 2681 tantum
904 2603 1147 2659 tribuum
1180 2609 1630 2681 descripserunt;
1659 2616 1890 2687 ideoque
1925 2639 2024 2678 nec
2053 2627 2224 2693 patris

658 2678 761 2743 nco
808 2695 997 2748 matris
1032 2698 1205 2766 ipsius
1237 2717 1436 2758 nomen
1470 2708 1722 2776 ascripsit
1770 2710 1967 2771 Paulus
2000 2728 2221 2784 aposto~

656 2778 761 2837 Ινεε.
790 2783 904 2838 Non
933 2796 1111 2843 autem
1140 2792 1273 2847 dicit
1299 2792 1499 2849 Paulus
1528 2812 1634 2852 non
1664 2797 1833 2855 fuisse
1860 2804 1960 2872 ipsi
1988 2818 2217 2875 patrem;

652 2890 880 2941 verum,
916 2893 1019 2933 non
1054 2883 1350 2952 ascriptum
1389 2886 1557 2943 fuisse
1604 2889 1782 2956 ipsum
1820 2895 1966 2949 inter
2012 2900 2213 2955 tribus.

2339 1794 2468 1847 dum
2511 1796 2744 1859 tradere,
2777 1815 2955 1854 annos
3004 1812 3115 1855 tum
3166 1803 3386 1871 triginta
3440 1817 3645 1875 septem
3677 1819 3833 1865 natum.

2408 1885 2562 1952 Quod
2591 1888 2635 1940 si
2670 1888 2867 1941 dixerit
2915 1891 3072 1960 quis:
3120 1891 3404 1958 Quomodo
3438 1897 3690 1965 probatur
3730 1900 3837 1955 lsaa-

2336 1990 2459 2030 cum
2508 1992 2682 2030 annos
2729 1980 2953 2047 triginta
2992 1991 3197 2051 septem
3243 1985 3500 2042 habuisse
3548 2004 3666 2043 cum
3707 1991 3835 2056 ipsum

2335 2057 2575 2119 mactare
2616 2070 2667 2120 iu
2715 2069 2899 2124 animo
2947 2072 3133 2125 habuit
3185 2086 3333 2145 pater
3368 2075 3564 2146 ipsrus?
3611 2092 3837 2151 regeretur

2334 2156 2435 2221 illi,
2470 2159 2745 2227 peperisse
2772 2161 2945 2231 ipsum
2976 2173 3202 2220 matrem
3226 2165 3550 2243 Saratn‘jam
3587 2187 3838 2243 nonagena.

2332 2251 2492 2314 riam,
2545 2250 2716 2320 ipsum
2749 2263 2927 2308 autem
2986 2255 3175 2317 audito
3213 2242 3582 2336 Abrahamqu
3647 2263 3838 2326 lsaacum

2331 2342 2500 2395 lilium
2531 2359 2688 2398 suum
2735 2356 3074 2416 assumptum
3110 2347 3165 2402 in
3201 2359 3438 2408 mntem
3466 2354 3773 2417 sustulisse.
3803 2365 3841 2408 t

2289 2453 2293 2457 ν
2328 2447 2452 2485 cum
2495 2425 2825 2500 iuunolaret,
2858 2452 3052 2508 magna
3094 2438 3341 2494 affectam
3385 2444 3611 2498 tristitia
3639 2484 3654 2508 .
3688 2454 3737 2500 et
3763 2460 3839 2514 pre

2327 2520 2534 2576 doloris
2585 2539 2743 2593 quem
2774 2529 3027 2597 concepit
3057 2528 3395 2599 vehementia
3429 2530 3485 2586 in
3524 2534 3759 2588 morbum
3782 2534 3842 2588 ἱι·

2330 2612 2559 2679 cidisse,
2589 2631 2653 2669 ex
2710 2632 2821 2685 quo
2872 2629 3089 2681 mortua
3124 2628 3229 2685 est,
3296 2636 3471 2677 annos
3504 2632 3633 2678 nata
3650 2608 3839 2678 centum

2323 2706 2510 2775 viginti
2548 2716 2792 2776 septem;
2824 2725 3047 2766 necesse
3086 2693 3172 2766 est
3209 2714 3339 2783 ergo
3379 2713 3551 2771 fuisse
3588 2709 3713 2771 tunc
3740 2725 3846 2772 tern-

2331 2796 2479 2863 poris
2521 2796 2708 2853 lsaaco
2759 2814 2934 2856 annos
2980 2801 3197 2873 triginta
3254 2812 3482 2875 septem.
3531 2800 3842 2877 Assunipuu‘n

2319 2900 2447 2954 ergo
2485 2887 2728 2943 lsaacum
2759 2892 2926 2972 tilium
2972 2907 3132 2966 suum
3190 2909 3314 2961 cum
3357 2897 3407 2950 in
3444 2898 3843 2953 montem‘addn-

653 2964 844 3031 l'orro,
890 2985 1033 3024 anno
1073 2973 1195 3027 vita:
1227 2976 1513 3032 Aill'illlaflli
1544 2981 1992 3054 quinquagesimo
2047 2993 2217 3058 primo

2323 2980 2495 3034 xisset
2525 2964 2821 3048 Abraham,
2846 2984 3008 3053 lignis
3026 2964 3084 3039 et
3107 2985 3233 3056 igne
3261 2987 3360 3057 ipsi
3382 2987 3675 3058 impositis.
3698 3004 3758 3043 ac
3783 2988 3845 3041 ln-

626 3058 898 3115 ‘tuortnus
923 3070 1007 3117 est
1027 3062 1221 3136 Sarug,
1244 3071 1602 3126 menseiAdar
1626 3076 1742 3144 (qui
1774 3092 1855 3133 est
1889 3079 2210 3157 Bormahat)

2331 3088 2398 3125 nc
2421 3073 2737 3151 colligatum
2764 3083 2821 3128 et
2856 3091 3019 3146 super
3052 3076 3195 3145 ligna
3234 3080 3588 3147 collocatum,
3624 3097 3846 3152 precium

648 3166 771 3206 cum
806 3169 981 3210 annos
1011 3166 1285 3214 trecentos
1306 3169 1362 3214 et
1382 3165 1601 3233 triginta
1632 3169 1874 3223 vixisset.
1909 3172 2203 3229 Abrahami

647 3244 811 3297 etiam
862 3251 1105 3321 tempore
1151 3251 1355 3306 scelera
1411 3265 1693 3323 patrarunt
1714 3261 1808 3328 qui
1857 3279 1979 3317 cum
2032 3265 2211 3321 Lotho

643 3332 809 3387 Arani
847 3334 956 3389 lilio
982 3350 1156 3412 erant,
1178 3342 1396 3397 urbium
1426 3347 1635 3403 scilicet
1665 3350 1883 3407 Sodomi
1909 3366 1962 3410 et
1985 3360 2212 3415 Gomor-

646 3427 993 3508 rhae'incola'.
1035 3429 1276 3490 Perdidit
1321 3434 1452 3508 ergo
1503 3439 1652 3508 ipsos
1686 3442 1945 3505 Dominus
1988 3463 2207 3506 servato

649 3516 849 3575 Letho.
883 3521 1020 3577 Cum
1055 3535 1233 3581 autem
1282 3531 1482 3588 sterilis
1521 3543 1664 3588 esset
1690 3534 1862 3610 Sarah
1912 3541 2206 3599 Abrahami

645 3627 783 3670 uxor
810 3615 881 3671 ita
912 3627 970 3671 ut
999 3634 1104 3672 non
1157 3622 1493 3691 conciperet,
1539 3626 1814 3681 Abraham
1867 3648 1999 3688 vero
2039 3651 2202 3704 opum

643 3700 814 3771 dives,
855 3709 1074 3763 tradidit
1107 3709 1278 3766 Sarah
1332 3715 1645 3772 Abrahamo‘
1690 3723 1942 3777 ancillam
1978 3732 2199 3783 nomine

642 3797 857 3869 llagar,
890 3817 1012 3870 qua:
1050 3805 1271 3872 gravida
1308 3822 1373 3860 ex
1421 3809 1734 3867 Ahrahamo
1799 3817 1942 3870 facta
1991 3822 2202 3887 peperit

640 3890 744 3957 ipsi
784 3891 976 3954 liliu’m,
1005 3906 1165 3962 quem
1208 3892 1489 3973 laruaelem
1537 3901 1860 3969 nominavit,
1909 3916 2036 3960 nato
2088 3912 2221 3963 tnm'

638 3982 949 4047 Abrahaiuo
977 3998 1152 4039 annos
1214 3989 1487 4057 octoginta
1520 4004 1635 4043 sex.
1665 3993 1797 4046 Cum
1815 4008 1920 4062 que
1962 3998 2073 4063 jam
2105 4016 2202 4051 au-

639 4086 739 4125 nos
768 4073 1061 4141 nonaginta
1095 4091 1290 4143 novem
1332 4079 1621 4146 attingeret
1656 4081 1927 4138 Abraham
1963 4088 2200 4142 circum--

637 4165 787 4219 cisns
816 4174 920 4230 est,
954 4168 1232 4238 liliumque
1261 4185 1419 4224 suum
1456 4170 1759 4237 lsmaelem,
1794 4192 2059 4232 annorum
2085 4181 2196 4250 jam

637 4256 922 4320 tredecim,
949 4259 1308 4315 circumcidit.
1339 4261 1476 4315 Cum
1512 4274 1690 4317 autem
1722 4254 1899 4333 .plene
1925 4268 2036 4338 jam
2077 4288 2201 4326 cen-

2313 3161 2679 3219 berefeeisset
2703 3172 2761 3219 ut
2799 3166 2973 3235 ipsum
3016 3170 3314 3232 mactaret‘,
3342 3170 3660 3228 inclamavit
3688 3187 3719 3228 e
3755 3186 3842 3227 ce-

2311 3254 2364 3307 lo
2387 3254 2645 3324 angelus:
2682 3254 2831 3311 llens
2863 3257 3158 3324 Abraham,
3193 3260 3359 3316 tilium
3393 3271 3546 3321 tuum
3564 3262 3843 3340 nejugules:

2313 3346 2630 3414 patientiam
2660 3348 2803 3426 enim
2827 3357 2883 3403 et
2910 3348 3272 3405 obedientiam
3311 3362 3459 3407 tuam
3486 3356 3722 3424 experti,
3752 3354 3845 3405 inti.

2310 3454 2538 3507 mosque
2557 3440 2730 3494 animi
2757 3440 2982 3496 aﬂ‘ectus
3002 3439 3303 3512 explorati,
3333 3445 3535 3514 ipsum,
3566 3448 3648 3501 tul
3674 3442 3845 3501 miselli

2308 3529 2656 3584 rodemimus.
2701 3532 2885 3586 Ariete
2942 3548 3071 3602 ergo
3118 3549 3314 3604 magno
3348 3534 3598 3592 lsaacum
3648 3535 3842 3591 redemit

2302 3616 2587 3674 Dominus.
2620 3620 2754 3676 Sara
2806 3634 3023 3688 autem,
3055 3624 3243 3679 audito
3280 3621 3689 3692 Abrahamum,
3730 3625 3846 3679 lsaa-

2308 3726 2432 3767 cum
2462 3724 2800 3781 assumptum
2831 3714 2890 3767 iu'
2914 3725 3151 3771 montem
3178 3719 3525 3775 mactandum
3553 3721 3839 3782 abduxisse.

2306 3803 2621 3858 exclamans
2648 3843 2664 3868 ,
2690 3813 2851 3872 atque
2875 3804 3249 3876 ejulatis,~pm
3282 3821 3514 3879 summa,
3545 3826 3662 3881 qua
3687 3809 3839 3866 auecta

2304 3879 2404 3961 est,
2425 3895 2643 3951 tristitia
2664 3897 2850 3959 morbo
2869 3899 2978 3969 76
2996 3902 3469 3969 correpta,codem
3486 3879 3852 3989 annotnorttn‘

2303 3997 2406 4051 est,
2447 4004 2567 4042 cum
2614 4003 2790 4044 annos
2838 3998 3060 4045 centum
3117 3993 3306 4061 vigintl
3359 4005 3571 4063 septem
3620 3995 3838 4050 vixisset.

2305 4078 2575 4146 Duxitque
2610 4079 2902 4145 Abraham,
2942 4090 3065 4150 post
3102 4092 3328 4137 mortem
3363 4083 3538 4150 Sarze,
3576 4088 3831 4141 mulierem

2312 4164 2533 4225 nomine
2568 4169 2831 4235 Ketnrah,
2858 4170 3075 4226 Bactari
3122 4175 3266 4244 regis
3304 4174 3509 4231 Bebba
3536 4178 3726 4244 tiliam;
3748 4192 3839 4248 qua

2307 4264 2405 4332 ipsi
2451 4266 2589 4318 ﬂlios
2623 4265 2808 4335 plures
2836 4269 3062 4335 peperit,
3080 4282 3219 4335 quos
3247 4267 3447 4322 viatico
3473 4271 3772 4325 instructos
3789 4268 3837 4322 ab

638 4315 1059 4403 ιριηιιίιιε-ἐςςει
1088 4350 1385 4416 Abraham,
1425 4358 1629 4421 peperit
1653 4315 1760 4425 ipsi
1793 4315 2063 4431 "xm-‘72
2095 4366 2198 4419 sa-
2229 4315 2276 4374 Β
2308 4355 2470 4409 lsaaci
2509 4358 2795 4425 praesentia
2838 4357 3037 4425 abegit.
3083 4356 3278 4412 Totum
3313 4370 3493 4415 autem
3544 4361 3700 4431 quod
3733 4354 3837 4435 vidit

636 4441 732 4493 rah
777 4458 1004 4509 puerum
1034 4441 1194 4510 quem
1242 4445 1487 4501 lsaacum
1525 4452 1833 4519 appellavit,
1863 4453 2033 4509 Sara'n
2080 4466 2193 4513 tum

635 4537 1017 4602 nonagenaria.
1060 4536 1125 4590 Et
1163 4537 1537 4596 circumcisus
1563 4552 1647 4597 est
1684 4542 1832 4600 Isaac
1862 4549 1948 4601 die
1974 4564 2002 4603 a
2037 4562 2191 4619 partu

630 4635 846 4680 octavo.
877 4628 1049 4681 Sarah
1090 4639 1271 4683 autem
1308 4647 1432 4685 cum
1456 4632 1565 4702 jam
1598 4624 1842 4691 lsaacum
1874 4625 2194 4709 peperisset,

630 4718 765 4771 dixit
810 4715 1192 4774 Abrahamo’:
1230 4720 1375 4790 Ejice
1425 4739 1456 4778 e
1501 4737 1793 4796 conspectu
1846 4745 1967 4785 meo
2019 4731 2197 4802 Hagar

626 4824 749 4862 cum
794 4811 903 4864 lilio
936 4811 1198 4903 lsmaele.\
1225 4813 1496 4870 Abraham
1543 4835 1676 4890 ergo
1719 4821 1885 4875 ﬁlium
1925 4838 2084 4878 suum
2117 4806 2195 4880 ts’.

627 4900 854 4955 maelem
881 4903 1074 4970 Opibus
1101 4913 1153 4957 et
1181 4900 1381 4960 viatico
1415 4909 1741 4964 instructum
1776 4928 1882 4967 una
1914 4929 2037 4968 cum
2073 4930 2192 4968 ma-

624 4996 712 5045 tre
735 4994 848 5045 'sua
878 4993 1088 5061 expulit
1119 4994 1172 5047 in
1201 5003 1399 5050 terram
1450 4995 1683 5053 Yathreb
1713 5011 1765 5055 et
1792 5001 1995 5057 Yaman
2022 5046 2037 5068 ,
2074 5004 2165 5058 ubi

625 5084 890 5139 habitavit
916 5096 990 5152 et,
1014 5103 1182 5143 uxore
1203 5089 1391 5156 ducta,
1409 5091 1544 5145 lilios
1557 5094 1759 5161 genuit.
1782 5093 1976 5148 Totum
2006 5107 2186 5150 autem

624 5176 765 5244 quod
795 5177 928 5229 vixit
960 5178 1154 5233 Ismael
1207 5196 1475 5255 annorum
1524 5193 1641 5236 erat
1689 5192 1903 5238 centum
1960 5185 2179 5254 triginta

621 5278 852 5336 septem.
896 5270 1082 5335 Porro,
1122 5281 1364 5343 tempore
1394 5276 1707 5331 vAlirahami
1739 5278 1840 5331 fuit
1873 5278 1925 5332 in
1958 5277 2180 5333 Oriente

626 5370 716 5408 rex
755 5360 975 5413 nomine
1004 5360 1199 5429 Cyrus,
1240 5364 1314 5417 illi
1352 5364 1442 5430 qui
1491 5364 1784 5429 Somaisat,
1819 5366 2096 5423 Claudiano
2130 5376 2184 5421 et

623 5450 833 5503 [xl-irak
867 5454 1108 5508 condidit
1140 5469 1153 5507 :
1183 5454 1302 5525 ejus
1331 5457 1494 5513 etiam
1530 5458 1722 5515 diebus
1753 5459 2000 5531 regnavit
2035 5459 2181 5515 Cha-

692 5627 904 5682 !llebr.
942 5644 1034 5700 vn,
1197 5634 1214 5662 δ
1249 5631 1381 5687 ibid.
1414 5636 1465 5689 6.

2305 4446 2600 4511 Abraham,
2639 4448 2763 4500 anui
2795 4456 2923 4502 sunt
2951 4457 3168 4503 centum
3222 4453 3571 4519 septuaginta
3608 4454 3834 4521 quinque.

2302 4533 2472 4589 Porro
2517 4553 2660 4592 anno
2692 4539 2811 4593 vita
2838 4539 3003 4594 lsaaci
3052 4527 3331 4595 tricesimo
3371 4542 3571 4610 quinto
3621 4553 3835 4596 mortuus

2299 4627 2792 4685 cst'l‘arabmeusc
2840 4627 2974 4691 llul.
3014 4629 3141 4699 (qui
3172 4638 3255 4684 est
3302 4629 3471 4701 Tot.)
3517 4647 3652 4687 cum
3700 4643 3837 4686 annos

2298 4718 2567 4773 ducentos
2590 4727 2641 4771 et
2671 4718 2912 4788 quinque
2946 4718 3193 4779 vixisset.
3227 4729 3281 4773 et
3329 4721 3381 4773 in
3425 4720 3651 4776 narrari
3678 4720 3828 4790 sequ

2297 4818 2408 4865 tus.
2460 4808 2614 4863 lsaac
2664 4820 2847 4863 antem
2891 4813 3356 4881 quadragenarius
3407 4828 3644 4867 uxorem
3689 4812 3829 4875 duxit,

2295 4899 2381 4952 cui
2412 4914 2604 4976 pomeri
2628 4897 2893 4965 Rebecca,
2920 4899 3085 4954 ﬁliam
3106 4900 3412 4960 Bathnelis.
3445 4901 3548 4956 lilii
3571 4902 3831 4958 Nachorit.

2293 4985 2480 5047 fratris
2508 4993 2828 5048 Abrahami.
2881 4994 3039 5049 Anno
3066 4996 3191 5047 vero
3220 4996 3341 5057 vitae
3376 4995 3555 5050 lsaaci
3591 4994 3833 5066 sexagesi‘

2294 5099 2383 5139 mo
2420 5085 2702 5153 gravidata
2736 5079 2873 5138 uxor
2899 5085 3069 5152 ipsius
3101 5082 3363 5155 Rebecca,
3393 5089 3771 5155 angustiisque
3793 5088 3829 5136 el

2293 5178 2482 5232 dolore
2510 5192 2696 5245 pressa
2733 5193 2855 5231 eum
2888 5174 3375 5231 Melchisedechum
3430 5178 3830 5246 adiisset,com-

2294 5278 2548 5339 precatus
2573 5268 2698 5338 ipsi,
2724 5268 2861 5322 dixit
2885 5268 3009 5324 ille:
3041 5268 3155 5322 Duo
3203 5276 3330 5324 sunt
3362 5268 3416 5322 in
3449 5279 3621 5326 utero
3646 5280 3734 5323 tuo
3755 5280 3826 5334 po.

2292 5364 2428 5432 puli,
2471 5362 2716 5432 duasque
2742 5364 2981 5431 paritura
3006 5378 3065 5417 es
3098 5365 3295 5425 tribus.
3349 5364 3528 5434 tna‘jor
3554 5360 3826 5421 autemau-

2292 5456 2413 5512 nori
2460 5456 2801 5527 subjicietur.
2838 5457 3051 5528 Peperit
3092 5473 3219 5528 ergo
3265 5455 3517 5515 Rebecca
3564 5472 3680 5514 uno
3705 5460 3823 5527 partu
