4086 6344
355 485 456 546 237

357 593 482 656 τοῦς
532 589 948 660 περιεάλλοντες
982 604 996 617 ·

355 681 423 756 τῇ
485 681 722 754 δοκούσῃ
771 683 828 734 ὲν
883 681 1066 743 αὐτοῖς
1125 679 1449 750 πιθανότητι
1503 679 1931 750 ὑποσυρὸμενοι,

359 774 807 844 συγκατάθοιντο.
887 774 1097 834 Ὄντως
1164 770 1391 842 θολεράν
1453 771 1772 843 ἀνατροπὴν
1841 771 1935 826 τὸν

357 868 585 938 πλησίον
635 866 934 930 ποτίζουσι,
966 864 1036 917 τὰ
1076 864 1182 918 ἀπ’)
1216 863 1442 932 καρδίας
1492 861 1807 928 λαλοῦντες,
1841 862 1936 916 καὶ

358 961 456 1020 οὐκ
511 957 620 1011 ἀπὸ
659 954 925 1026 στόματος
985 955 1192 1026 Κυρίου
1225 951 1616 1023 φθεγγόμενοι.
1669 952 1934 1007 ’Λλώσοω

357 1068 449 1105 ται
503 1047 559 1102 δὲ
609 1044 888 1101 κάνταῦθα
937 1048 1050 1110 τοῖς
1101 1045 1311 1099 ἑαυτῶν
1358 1044 1617 1110 δικτύοις,
1670 1046 1735 1100 ὲκ
1781 1062 1938 1116 περι-

356 1139 569 1210 τροπῆς
626 1138 749 1199 τοὺς
813 1135 1071 1206 ἐλέγχους
1149 1133 1560 1206 ὑποδεχόμενοι.
1624 1134 1935 1206 ’Υπεράγα-

359 1232 482 1288 σθαι
512 1231 568 1284 δὲ
601 1229 781 1285 αὐτῶν
819 1230 970 1296 ἄξιον
998 1229 1096 1300 τῆς
1128 1229 1490 1292 ἀπαιδευσίας
1521 1229 1614 1282 καὶ
1658 1229 1841 1292 ἀνοίας
1878 1229 1938 1282 τὸ

359 1323 583 1394 ἀδρανὲς
645 1323 739 1375 καὶ
805 1320 1268 1394 κατερῤιμμένον,
1359 1321 1494 1382 οἵοις
1555 1320 1631 1383 ὡς
1695 1313 1940 1392 ἰσχυροῖς

360 1415 455 1468 καὶ
514 1413 826 1466 εὑσθενέσιν
886 1413 1360 1484 ἐπιθρασύνονται.
1433 1411 1824 1484 Ἐπιτηρητέον
1884 1411 1940 1466 δὲ

361 1507 543 1562 αὑτῶν
583 1507 847 1579 πρότερον
880 1507 940 1560 τὸ
983 1505 1264 1572 ἀσύνετον,
1311 1509 1460 1570 ὅπως
1496 1509 1940 1579 παρασυγχέουσι

361 1597 460 1659 τὰς
509 1597 712 1666 φωνὰς,
774 1597 864 1650 τοῦ
897 1597 1144 1668 γραπτοῦ
1179 1596 1322 1666 λέγω
1379 1599 1473 1652 καὶ
1518 1599 1896 1671 περιγραπτοῦ
1924 1616 1938 1630 ·

363 1689 499 1761 ὅπερ
532 1691 639 1762 γὰρ
669 1692 726 1742 ὲν
767 1693 880 1754 τοῖς
911 1690 1105 1744 ἀνὸπιν
1133 1685 1466 1760 ’γράφεσθαι
1490 1693 1518 1744 ὁ
1548 1692 1758 1762 ἄμαχος
1787 1687 1942 1758 οὗτος

365 1773 644 1844 καὶδεινδς
667 1780 1012 1854 λογογράφος
1051 1783 1294 1853 εἴρηκεν,
1319 1782 1554 1837 ἐνταῦθα
1595 1785 1944 1854 περιηπάφε-

363 1876 503 1926 σθαι
560 1871 730 1943 ἔφησε
761 1888 774 1902 ο
820 1873 1094 1943 μηδεμίαν
1121 1875 1177 1924 ὲν
1230 1873 1416 1937 αὑτοῖς
1449 1875 1585 1946 μήτε
1623 1875 1777 1940 εἰδὼς
1805 1876 1942 1949 μήτε

1086 481 1716 542 ΑιΝΤίΒΗῐῘΕΤΙΟΗΞ
1757 481 1783 540 Ι
1823 481 1991 539 ADV.
2032 477 2626 538 CONSTANTINUM
2670 477 2882 537 COPR.

1043 591 1116 653 ὡς
1155 589 1219 659 δὴ
1258 588 1376 652 καὶ,
1429 590 1476 641 εἰ
1515 588 1591 660 μὴ
1635 587 1929 659 βούλοιντο,

2047 585 2267 641 vinculis
2316 585 2598 654 implicant
2633 585 3046 651 insolubilibus,
3085 585 3160 641 ita
3209 595 3266 642 ιιι
3297 588 3378 643 νει
3417 590 3608 648 nolen-

3501 477 3610 548 23B

2039 687 2140 743 tes,
2172 677 2519 747 persuasione
2547 686 2604 733 ut
2633 678 2853 748 ipslmet
2914 686 3108 748 putant
3151 679 3386 750 abrepti,
3417 693 3611 737 assert.

2037 769 2261 842 tiantur.
2307 769 2377 822 At
2443 771 2591 823 enim
2655 782 2782 825 vere
2863 769 3131 824 turbidam
3201 773 3608 830 subversionem

2037 862 2286 929 proximo
2316 875 2415 916 suo
2449 861 2745 933 propitiant
2776 863 2842 926 ",
2874 862 3000 916 dum
3025 878 3090 918 ex
3131 865 3310 920 cordis
3336 866 3421 921 sui
3447 882 3609 926 sensu

2038 952 2331 1021 hiaterant,
2367 968 2473 1008 non
2514 963 2698 1009 autem
2729 971 2792 1009 cx
2823 969 2923 1010 ore
2960 956 3175 1014 Domini
3209 957 3506 1029 loquuntur
3543 960 3608 1016 “.

2040 1042 2146 1100 Sed
2171 1060 2316 1100 nunc
2351 1045 2515 1100 etiam
2565 1045 2769 1100 retibus
2803 1047 2921 1101 suis
2957 1049 3273 1118 capientur,
3306 1063 3374 1105 ex
3405 1061 3612 1106 retorto

2041 1144 2360 1204 argumento
2384 1131 2766 1190 refutationem
2789 1138 3154 1206 espericntes.
3207 1141 3388 1196 Mirari
3427 1153 3611 1197 autem

2039 1235 2138 1291 par
2167 1232 2248 1276 est
2289 1223 2545 1277 ruditatis
2571 1224 2786 1277 illorum
2823 1238 2885 1278 ac
2911 1226 3157 1282 stultitiae
3183 1228 3613 1288 imbecillitatem

2040 1321 2092 1366 et
2120 1311 2498 1380 abjectionem,
2543 1318 2633 1384 qui
2686 1317 2770 1371 his
2799 1317 3130 1373 dictionibus
3181 1325 3440 1391 tanquam
3481 1322 3615 1376 Vali-

2041 1401 2123 1459 dis
2158 1419 2221 1460 ac
2259 1405 2394 1466 bene
2423 1405 2595 1461 armis
2615 1423 2676 1463 se
2705 1409 2936 1478 jactant.
2963 1410 3138 1479 Atque
3205 1413 3258 1466 in
3297 1414 3488 1483 primis
3525 1417 3618 1470 oh-

2042 1497 2308 1552 servanda
2335 1505 2420 1552 est
2445 1499 2759 1552 corumdcm
2800 1501 3113 1567 stnpiditas,
3154 1501 3427 1569 quomodo
3457 1519 3619 1560 νοω-ν

2042 1587 2166 1642 bula
2211 1588 2570 1652 confundant,
2605 1589 2995 1659 indescriptum
3035 1591 3158 1646 dico
3184 1603 3236 1646 et
3267 1594 3616 1649 οῑτςιιιιιιριιίο

2045 1689 2217 1748 ptum.
2255 1678 2387 1733 Nam
2407 1681 2545 1748 quod
2579 1690 2727 1733 retro
2769 1683 3003 1736 invictus
3034 1683 3123 1738 hic
3155 1693 3208 1736 et
3257 1683 3618 1746 forn-idahilia

2046 1778 2235 1824 auctor
2257 1768 2481 1823 describi
2509 1770 2707 1835 aiebat,
2747 1786 2888 1824 nunc
2919 1771 3050 1825 dicit
3075 1773 3465 1835 circumscribi,
3495 1774 3618 1828 nul-

2047 1860 2152 1915 lam
2175 1861 2366 1915 horum
2389 1862 2677 1916 verborum
2698 1877 2872 1926 neque
2887 1878 3186 1932 agnoscens
3204 1880 3379 1935 neque
3404 1866 3621 1921 tradens

362 1961 537 2026 διδοὺς
595 1939 1062 2038 διαφορὰ-νίκαθά
1094 1966 1190 2018 καὶ
1241 1939 1475 2036 «946053;
1527 1968 1767 2040 εἴρηται.
1806 1939 1940 2022 Ἰέαὶ

2047 1951 2433 2015 diﬂ'ercntiam,
2455 1956 2594 2007 sicut
2615 1952 2724 2021 jam
2755 1963 2914 2008 antea
2941 1955 3143 2009 dictum
3164 1965 3268 2010 est.
3292 1955 3398 2009 Nec.
3423 1957 3618 2012 mirum

365 2045 675 2117 θαυμαστόν
727 2065 790 2116 γε
823 2034 998 2112 οὐδὲν,
1031 2051 1080 2101 εἰ
1133 2051 1224 2102 καὶ
1253 2034 1416 2104 τοῦτο
1442 2034 1649 2117 αὑτοίς⁷
1676 2057 1940 2125 ἠγνόηται

365 2141 456 2192 καὶ
499 2140 953 2210 διαμαρτάνεται.
1006 2140 1134 2203 Τοῖς
1165 2136 1257 2193 οῦν
1314 2141 1494 2214 σοφῶς
1524 2144 1665 2212 ἄγαν
1703 2147 1799 2200 καὶ
1848 2147 1940 2200 εὑ-

363 2230 569 2300 τέχνως
614 2230 953 2300 εἰρημένοις,
1019 2228 1193 2294 οῦτως
1276 2233 1442 2301 ἡμεῖς
1491 2234 1935 2304 ἀπαντησόμεθα.

377 2321 540 2374 Ἀλλὰ
576 2323 708 2390 περὶ⁹
741 2320 851 2390 μὲν
887 2321 947 2376 τὸ
980 2321 1275 2392 πρόσωπον
1325 2322 1420 2376 κα⁹ι
1467 2322 1566 2396 τὴν
1617 2325 1940 2390 ὑπόστασιν,

365 2412 432 2482 ἡν
461 2413 552 2464 καὶ
580 2413 734 2465 αὑτοὶ
761 2413 1044 2482 ὁμολογεῖν
1074 2405 1442 2481 δοκοῦσινξῶς
1476 2411 1591 2470 οἷον
1621 2417 1942 2490 ὑποσάθραν

366 2505 586 2575 θέμενοι
616 2505 710 2558 τοῦ
745 2506 1016 2576 δόγματος
1060 2506 1157 2560 τοῦ
1193 2508 1425 2575 ἑαυτῶν,
1483 2511 1578 2568 καὶ
1633 2510 1824 2583 ὥσπερ
1855 2511 1943 2566 ἐπ’

366 2597 648 2668 ἀκλονήτῳ
676 2591 977 2668 ἐδράσματι
999 2601 1505 2672 ἐπιστηριζόμενοι,
1537 2597 1685 2674 ἐφνῇ
1716 2603 1778 2654 τὸ
1811 2603 1945 2676 θαρ-

369 2691 556 2744 σαλέον
587 2690 822 2759 ἔχοντες,
846 2690 937 2743 ἐπὶ
959 2689 1023 2742 τὸ
1049 2691 1402 2761 δογματίζειν
1439 2691 1515 2755 ὡς
1550 2693 1941 2764 προθυμότατα

369 2783 558 2848 ἵενται,
595 2782 874 2852 σύμφωνοι
905 2785 998 2837 καὶ
1019 2784 1407 2855 ὁμογνώμονες
1453 2785 1587 2856 ημῖν
1631 2787 1762 2842 εἰσι.
1806 2783 1942 2857 Περί

367 2870 421 2923 δὲ
450 2870 559 2923 τῶν
595 2871 812 2940 φύσεων
843 2871 982 2925 ἔστω
1011 2875 1044 2943 ἡ
1077 2872 1561 2944 διαμφισϐήτησις,
1593 2875 1657 2938 ἃς
1708 2875 1771 2948 δὴ
1800 2876 1943 2948 λόγῳ

371 2963 468 3038 μὲν
498 2963 760 3025 τίθενται,
803 2963 1090 3036 ἀναιροῦσι
1143 2965 1198 3017 δὲ
1247 2967 1367 3026 ταῖς
1411 2967 1692 3036 ἀληθείαις
1744 2969 1933 3038 σαφῶς

368 3054 462 3106 καὶ
499 3053 613 3117 τοῖς
638 3054 952 3126 πραγμασι.
985 3055 1067 3107 Τὰ
1094 3055 1200 3127 γὰρ
1235 3058 1506 3127 προσόντα
1547 3061 1739 3123 αὑταῖς
1775 3079 1942 3129 φυσι-

372 3141 443 3194 κά
475 3142 760 3212 ἰδιώματα,
795 3143 889 3196 καὶ
945 3142 1044 3208 τὰς
1075 3144 1336 3213 διαφορὰς
1370 3144 1491 3197 καθ’
1539 3145 1604 3208 ἃς
1635 3138 1798 3200 αὗται
1845 3166 1944 3218 χα-

373 3233 792 3305 ρακτηρέζονται
819 3237 912 3287 καὶ
933 3236 1315 3306 γνωρίζονται,
1341 3240 1504 3310 εἰπερ
1531 3240 1626 3310 τῆς
1651 3239 1940 3310 ἀνθρώπου

374 3327 577 3396 σαρκὸς
593 3325 687 3378 καὶ
719 3325 934 3394 φύσεως
953 3327 1013 3380 τὸ
1041 3329 1418 3400 περιγραπτδν
1441 3330 1549 3383 τῶν
1570 3331 1746 3388 ἄλλων
1772 3331 1946 3389 ἀπάντ

372 3434 478 3470 των
505 3417 836 3488 οἰκειότερον
871 3418 1068 3490 ἰδίωμα
1091 3422 1476 3492 ἀφαιροῦντες,
1524 3425 1619 3479 καὶ
1649 3417 1818 3489 αὑτὰς
1844 3426 1946 3497 ἥδη

374 3524 490 3570 πως
518 3509 1058 3579 συνεξαφανίζουσιν.

442 3593 545 3652 Ὧν
597 3604 1151 3673 παρακεκινημένων,
1184 3608 1410 3659 σκοπεῖν
1443 3607 1619 3674 ἔξεστι
1664 3607 1868 3675 λοιπὸν,
1899 3613 1946 3666 εἰ

373 3691 467 3744 καὶ
502 3691 534 3760 ἠ
564 3691 866 3754 ὑπόστασις
917 3694 1057 3766 αὑτὴ
1089 3694 1258 3764 ὑγιῶς
1305 3698 1572 3767 νοουμένη
1615 3701 1942 3771 προειτενή-

374 3795 585 3846 νεκται.
621 3783 807 3854 Φαμὲν
834 3785 1038 3852 τοίνυν,
1063 3787 1146 3844 ὅτι
1197 3789 1243 3840 εξ
1283 3789 1382 3858 μὲν
1417 3788 1621 3844 ἁπλοῦν
1670 3807 1723 3844 τι
1755 3791 1948 3861 χρῆμα

373 3868 440 3946 ἦν
470 3875 563 3928 καὶ
613 3874 907 3929 ἀσύνθετον
945 3862 1167 3948 ἡ-κατά
1216 3879 1454 3950 Χριστὸν
1509 3880 1824 3947 ὑπόστασις,
1873 3883 1950 3945 ὡς

377 3964 727 4016 παντάπασιν
756 3966 1107 4036 ἀηρνῆσθαι
1129 3967 1229 4038 τὴν
1269 3968 1542 4034 σύνθεσιν,
1567 3970 1693 4042 ὲξῆν
1715 3971 1780 4025 ἂν
1820 3972 1950 4042 ὑμῖν

375 4056 437 4110 τὸ
462 4057 882 4128 ἀπερίγραπτον
919 4059 1275 4130 ἐπιφημίζειν
1329 4061 1480 4131 αὑτῷ
1514 4077 1528 4093 ο
1563 4061 1784 4135 τοιαύτη
1841 4065 1950 4136 γὰρ

375 4149 484 4202 τῶν
515 4149 702 4203 ἁπλῶν
730 4153 762 4220 ἡ
791 4149 952 4220 φύσις
972 4168 985 4181 ·
1021 4151 1400 4224 συνῃνέσαμεν
1427 4153 1471 4206 δ’
1507 4153 1575 4207 ἂν
1616 4154 1710 4206 καὶ
1761 4157 1946 4226 ἡμεῖς,

378 4241 471 4294 καὶ
502 4239 733 4312 φροῦδον
765 4229 1042 4294 ἐδείκνυτο
1067 4241 1128 4294 τὸ
1153 4243 1520 4314 ἀμφήριστον.
1556 4241 1618 4297 Εἰ
1648 4244 1704 4298 δὲ
1727 4244 1950 4299 διπλοῦν

376 4331 471 4384 καὶ
532 4329 784 4384 σύνθετόν
844 4332 1009 4391 ἐστιν,
1046 4329 1106 4396 ἐξ
1138 4332 1450 4402 ἐτεροφυῶν
1498 4329 1618 4406 τὴν
1644 4337 1949 4408 συνδρομὴν

377 4423 734 4491 κεκτημένον,
765 4423 840 4486 ὡς
874 4422 968 4476 καὶ
1004 4423 1154 4494 αὑτῷ
1177 4425 1411 4495 εἴρηται,
1435 4427 1488 4480 τί
1527 4427 1762 4500 ἐροῦμεν
1813 4431 1950 4501 πρὸς

376 4513 502 4575 τοὺς
535 4513 1066 4582 ἀντιδιατιθεμένους
1093 4518 1158 4587 τῇ
1213 4515 1481 4588 ἀληθείᾳ;
1531 4519 1662 4572 Ἔτι
1708 4521 1757 4572 εἰ
1807 4521 1949 4576 κατὰ

2050 2043 2195 2113 ipsos
2228 2045 2281 2098 in
2315 2045 2416 2099 hoc
2443 2057 2659 2113 quoque
2726 2046 2896 2097 videri
2925 2044 3146 2113 ignaros
3175 2058 3338 2116 atque
3368 2061 3619 2114 peccare.

2048 2134 2166 2190 Jam
2187 2149 2313 2188 vero
2353 2135 2438 2188 his
2459 2136 2596 2189 adeo
2628 2134 2908 2203 sapienter
2937 2135 3324 2204 ingenioseque
3351 2137 3620 2201 dictis,lta

2050 2239 2148 2282 n‘os
2182 2241 2552 2282 occurremus.
2582 2227 2758 2296 Atque
2781 2225 2846 2280 ad
2882 2239 3171 2298 personam
3225 2229 3440 2298 quidem
3479 2229 3623 2300 quod

2053 2319 2249 2373 at’tinct
2278 2329 2332 2373 et
2370 2318 2902 2389 hypostasim.quam
2937 2321 3039 2391 ipsi
3071 2321 3313 2375 conliteri
3350 2321 3622 2393 ridentur,

2053 2411 2178 2479 quia
2216 2409 2383 2465 veluti
2409 2409 2583 2463 basim
2619 2411 2759 2464 hanc
2785 2421 2988 2480 ponunt
3017 2412 3287 2478 dogmatis
3310 2410 3414 2480 sui,
3445 2423 3622 2483 eoque

2051 2502 2279 2555 immoto
2331 2502 2477 2557 velut
2506 2501 2866 2558 fundamento
2893 2502 3222 2574 innituntur,
3267 2505 3411 2558 unde
3456 2507 3626 2560 auda-

2051 2596 2189 2648 ciam
2238 2606 2535 2658 sumentes,
2566 2595 2630 2647 ad
2678 2595 3156 2663 dogmatizandum
3218 2597 3627 2665 promptissime

2049 2695 2367 2749 excurrunt,
2419 2686 2641 2741 consoni
2709 2686 2866 2742 nobis
2921 2687 3328 2758 concordesque
3381 2698 3527 2744 sunt.
3565 2689 3622 2745 In

2051 2775 2260 2830 naturis
2321 2776 2500 2845 itaque
2555 2776 2792 2830 vertitur
2848 2778 3243 2842 controtersi‘a,
3301 2793 3438 2848 quas
3518 2780 3622 2848 ipsi

2051 2867 2218 2921 verbo
2243 2867 2460 2935 quidem
2525 2866 2818 2931 aﬂlrmant,
2853 2882 3041 2923 revera
3104 2878 3284 2923 autem
3338 2868 3625 2927 manifeste

2051 2957 2321 3028 factisque
2351 2959 2484 3028 ipsis
2513 2959 2580 3013 de
2605 2958 2784 3013 medio
2841 2959 3056 3015 tollunt.
3097 2957 3316 3016 Etenim
3354 2961 3479 3015 dum
3515 2961 3626 3017 hm-

2052 3061 2234 3105 rentes
2267 3049 2375 3104 illis
2406 3050 2684 3104 naturales
2745 3049 3116 3120 proprietates
3174 3047 3623 3121 differentiasque

2052 3143 2248 3211 quibus
2271 3143 2684 3213 distinguuntur
2724 3152 2888 3212 atque
2937 3151 3327 3214 agnoscuntur,
3357 3144 3509 3211 dum,
3541 3143 3625 3198 in.

2052 3251 2248 3306 quam,
2311 3235 2559 3292 humanae
2613 3237 2763 3294 carni
2813 3248 2978 3306 atque
3018 3247 3226 3292 natura:
3281 3237 3628 3294 circumscrl.

2052 3334 2312 3400 ptiouem,
2365 3329 2756 3400 proprietatem
2792 3345 2902 3398 pra:
2944 3331 3157 3385 caeteris
3193 3330 3464 3398 intimam,
3516 3331 3628 3387 eri—

2050 3424 2224 3493 piunt,
2256 3432 2476 3477 naturas
2511 3435 2726 3492 quoque
2755 3421 2959 3492 pariter
2987 3423 3366 3492 exstinguunt.

2119 3595 2237 3652 1am
2262 3612 2392 3652 vero
2420 3597 2508 3652 his
2541 3598 2760 3661 amotis,
2787 3595 3074 3652 videndum
3104 3610 3376 3667 superest,
3414 3617 3542 3654 num
3571 3611 3626 3656 ct

2051 3689 2165 3759 ipsa
2199 3690 2507 3760 hypostasis
2561 3703 2695 3745 sano
2745 3703 2910 3744 sensu
2953 3689 3225 3743 intellecta
3256 3690 3323 3744 ab
3353 3692 3436 3745 his
3499 3705 3627 3760 pro.

2051 3779 2298 3834 ducatur.
2330 3779 2572 3834 Dicimus
2609 3792 2759 3848 ergo,
2796 3777 2937 3848 quod
2966 3777 3009 3831 si
3043 3793 3129 3833 res
3171 3779 3404 3847 simplex
3443 3791 3499 3834 et
3546 3783 3627 3836 in.

2052 3871 2348 3940 composita
2380 3880 2526 3925 esset
2550 3869 2753 3924 Christi
2803 3871 3136 3940 hypostasis,
3188 3871 3259 3924 ita
3295 3882 3354 3926 ut
3407 3887 3628 3942 compo-

2051 3963 2180 4018 sitio
2205 3977 2426 4032 prorsns
2453 3970 2762 4032 negaretur,
2808 3961 2997 4016 liceret
3026 3951 3180 4018 vobis
3222 3963 3628 4022 incircumscri-

2051 4049 2286 4125 ptionem
2323 4054 2387 4108 de
2433 4053 2649 4107 Christo
2693 4052 2990 4122 praedicare
3044 4071 3059 4108 :
3115 4055 3422 4121 huiusmodi
3477 4057 3623 4118 enim

2051 4162 2174 4203 esse
2201 4146 2532 4218 simplicium
2563 4155 2834 4213 naturam,
2869 4159 2969 4202 nos
2999 4161 3217 4217 quoque
3277 4150 3624 4218 assentimur,

2050 4253 2296 4309 vanaque
2323 4247 2402 4294 est
2431 4239 2498 4293 de
2521 4238 2627 4294 hac
2646 4252 2703 4294 re
2726 4238 3017 4295 dubitatio.
3044 4237 3139 4302 Sin
3166 4254 3292 4296 vero
3321 4255 3406 4297 res
3433 4241 3625 4312 duplex

2051 4341 2098 4387 et
2120 4331 2415 4402 composita
2447 4330 2699 4386 Christus
2730 4340 2809 4386 est
2845 4330 2977 4404 (22),
3009 4347 3074 4388 ex
3099 4333 3471 4404 heterogeneis
3495 4350 3625 4389 con-

2051 4437 2296 4488 currens,
2329 4420 2679 4477 utMamonas
2699 4437 2913 4494 quoque
2939 4419 3194 4489 amrmat,
3217 4424 3344 4492 quid
3380 4424 3626 4480 dicemus

2051 4515 2136 4568 his
2159 4515 2250 4585 qui
2281 4514 2490 4570 veritati
2519 4511 2915 4570 adversantur?
2942 4515 3207 4570 Praeterea
3233 4516 3300 4579 si,
3319 4513 3474 4586 juxta
3505 4531 3626 4571 ser-

376 4606 465 4660 τὸν
498 4607 766 4676 ὑμέτερον
793 4607 971 4675 λόγον,
1003 4609 1102 4686 τῆς
1141 4609 1335 4680 ἐτέρας
1373 4609 1483 4664 τῶν
1517 4611 1660 4664 κατὰ
1713 4614 1942 4683 Χριστὸν

2057 4621 2266 4660 monem
2293 4617 2556 4669 vestrum,
2575 4622 2732 4660 unam
2758 4621 2823 4660 ex
2861 4607 3062 4663 Christi
3091 4608 3301 4663 naturis
3331 4609 3626 4664 incircumo.

376 4695 590 4761 φύσεων
644 4696 1061 4767 ἁπεριγράπτου
1129 4696 1589 4773 ὁμολογουμένης,
1641 4702 1739 4770 τῆς
1770 4701 1944 4768 θείας,

377 4783 544 4856 φημί’
573 4786 788 4857 ἀνάγκη
821 4787 908 4840 διὰ
939 4787 997 4841 τὸ
1023 4787 1082 4842 ἓν
1111 4787 1402 4859 πρόσωπον
1441 4793 1533 4844 καὶ
1583 4791 1680 4863 τὴν
1706 4794 1785 4856 είς
1818 4794 1948 4863 μίαν

377 4878 678 4939 ὑπόστασιν
701 4877 812 4930 τῶν
841 4879 1060 4946 φύσεων
1097 4879 1313 4942 ἕνωσιν,
1344 4881 1440 4932 καὶ
1465 4881 1564 4951 τὴν
1601 4881 1797 4954 ἑτέραν
1817 4882 1947 4936 rmi-

375 4986 502 5028 των.
529 4969 698 5039 ἤγουν
716 4968 815 5040 τὴν
847 4969 970 5022 καθ’
999 4970 1169 5039 ἡμᾶς,
1223 4966 1363 5024 εἶναι
1389 4971 1813 5044 ἀπερίγραπτον
1835 4991 1848 5004 ο
1883 4975 1946 5027 οὑ

373 5061 482 5132 γὰρ
517 5059 662 5114 οὕτω
713 5061 995 5132 μανείητε,
1018 5061 1085 5115 δι’
1119 5062 1320 5134 ἑαυτὴν
1363 5063 1511 5134 ἔχειν
1541 5065 1603 5118 τὸ
1637 5066 1948 5137 ἀπερίγρα-

375 5169 508 5205 πτον
537 5152 718 5220 λέγειν
746 5169 760 5182 ο
785 5152 840 5206 τί
871 5155 930 5206 τὺ
951 5152 1206 5224 ἐμποδὼν
1241 5156 1526 5226 στήσεται,
1558 5156 1645 5210 ἴνα
1677 5158 1772 5211 καὶ
1791 5159 1948 5212 αὐτοὶ

373 5241 450 5314 τῷ
484 5242 655 5316 ὁμοίῳ
689 5243 798 5296 τῶν
846 5243 1022 5313 λόγων
1070 5245 1225 5316 ὑμῶν
1257 5248 1498 5318 σχήματι
1555 5249 1942 5321 προαγόμενοι,

375 5333 542 5401 ὑγιῶς
572 5335 640 5403 τῇ
686 5332 894 5387 τούτων
939 5333 1270 5406 ἀντιστροφῇ
1336 5337 1698 5407 χρησώμεθα,
1734 5340 1945 5394 ἀνθυπο

375 5427 619 5492 ενεγκεῐν
647 5441 705 5478 τε
737 5424 832 5478 καὶ
863 5423 1050 5493 φάναι.
1072 5428 1150 5478 ὅτι
1179 5426 1366 5496 ἐπειδὴ
1395 5427 1596 5498 θατέρα
1625 5430 1830 5486 τούτων
1882 5433 1946 5504 δὴ

446 5598 489 5629 ¹⁰
515 5598 716 5653 Babae.
746 5615 806 5664 tt,
845 5599 931 5659 15,
1009 5600 1047 5629 ¹¹
1079 5597 1280 5652 Jerem.
1319 5613 1472 5659 mit,
1507 5599 1594 5652 ισ.

447 5752 562 5823 (22)
606 5751 969 5820 Compositam
1021 5767 1142 5806 esse
1188 5751 1389 5806 Christi
1449 5767 1769 5820 personam.
1811 5753 1944 5809 dicit

372 5839 495 5876 cum
560 5828 769 5876 cam-ris
822 5825 1083 5890 theologis
1119 5825 1282 5874 etiam
1338 5835 1561 5876 sanctus
1609 5823 1942 5891 Augustinus

373 5895 536 5961 epist.
578 5893 692 5957 I37,
730 5910 780 5961 p.
812 5894 900 5956 ιι,
935 5895 995 5946 ad
1032 5891 1374 5947 Voiusiannnt
1405 5910 1416 5945 :
1452 5909 1468 5944 t
1507 5891 1738 5949 Persona
1766 5893 1941 5957 homi-

2051 4698 2307 4765 scriptam
2354 4711 2474 4751 esse
2516 4697 2566 4749 in
2613 4697 2864 4751 confesso
2911 4706 3030 4762 est,
3079 4701 3316 4754 divinam
3367 4700 3489 4756 dico
3517 4743 3532 4767 ,
3569 4711 3626 4755 et

2050 4799 2272 4842 necesse
2305 4795 2389 4841 est
2426 4795 2647 4855 pr0pter
2701 4788 2916 4842 unicam
2962 4801 3247 4858 persanam
3269 4832 3285 4857 ,
3319 4801 3372 4846 et
3406 4802 3625 4863 propter

2048 4884 2361 4930 naturarum
2380 4877 2431 4930 in
2454 4891 2555 4931 una
2577 4875 2846 4947 hypostasi
2871 4879 3146 4945 unionem,
3168 4879 3391 4937 alteram
3411 4894 3626 4951 quoque

2050 4977 2362 5022 naturarum
2390 4969 2605 5034 harum,
2625 4981 2742 5024 eam
2765 4968 2970 5025 scilicet
2989 4986 3107 5041 quae
3136 4983 3334 5028 nostra:
3351 4983 3434 5029 est
3464 4973 3622 5029 simi-

2047 5056 2137 5125 lis,
2170 5073 2288 5115 esse
2313 5059 2837 5132 incircumscriptam
2866 5062 3080 5132 (neque
3113 5063 3256 5118 enim
3289 5065 3358 5118 ita
3394 5063 3627 5118 insaniev

2045 5153 2138 5218 tis,
2169 5162 2228 5210 ut
2259 5151 2400 5209 hanc
2430 5165 2526 5221 per
2553 5167 2612 5208 se
2653 5153 2822 5224 ipsam
2855 5155 3012 5223 potiri
3063 5153 3625 5220 incircumscriptione

2047 5243 2299 5313 dicatis):
2334 5245 2460 5313 quid
2495 5259 2657 5315 porro
2679 5247 2938 5315 obstabit,
2963 5248 3252 5316 quominus
3279 5261 3376 5301 nos
3405 5259 3623 5314 quoque

2043 5336 2205 5392 simili
2259 5347 2565 5394 vestrorum
2599 5353 2911 5394 sermonum
2965 5348 3150 5396 tenore
3203 5346 3438 5402 utentes.
3476 5347 3626 5397 recto

2046 5443 2210 5484 sensu
2260 5433 2630 5501 antistrophen
2681 5447 3003 5502 usurpamus
3031 5473 3046 5496 ,
3087 5431 3436 5500 vicissimque
3478 5432 3627 5484 dica~

2055 5758 2139 5835 nis
2166 5758 2398 5835 _mi_stu‘ra
2438 5771 2520 5815 est
2566 5761 2760 5817 animm
2794 5773 2847 5818 et
2870 5765 3150 5834 corporis;
3181 5779 3411 5835 persona
3447 5775 3627 5835 autem

2050 5829 2248 5884 Christi
2281 5832 2504 5885 tnistura
2532 5843 2616 5887 est
2646 5835 2738 5887 Dei
2772 5843 2825 5888 et
2863 5829 3169 5897 hominis.)
