3950 6348
162 245 256 307 925

1556 248 1917 309 ΛΝΝΛΙΑΕΞ.

3239 256 3347 321 99.6

164 358 427 429 gemellos;
463 372 689 424 quorum
724 355 953 424 primum
977 355 1263 425 appellavit
1292 354 1437 409 Isaac
1470 354 1687 420 Esaum;
1719 362 1763 419 Α
1790 360 1898 429 83
1944 360 2098 415 Mane
2120 376 2261 441 ergo
2294 361 2434 417 dixit
2456 361 2626 417 Iacob
2650 361 2914 419 avunculo
2951 381 3051 419 suo
3079 386 3085 391 ο
3128 367 3347 435 Septem

157 447 463 510 scentulum,
489 444 772 508 Iacobum,
791 445 878 496 cui
913 444 1034 526 ideo
1058 443 1243 498 Jacobi
1280 459 1472 497 nomen
1498 445 1691 499 indidit

159 539 291 608 quod
318 554 436 593 cum
464 554 527 590 ex
571 546 722 589 utero
775 545 1015 591 materno
1047 538 1306 606 prodiret,
1331 552 1490 590 manu
1527 535 1688 591 Esaui

154 629 451 681 (-alcaneum
498 628 727 677 teneret.
787 623 953 677 Porro
1005 623 1155 679 Isaac
1208 625 1404 679 Esantn
1468 624 1689 690 amavit,

154 720 385 773 Rebecca
426 729 554 769 vero
584 714 869 770 Iacobum.
917 716 1037 770 Fuit
1095 725 1271 772 autem
1321 717 1477 772 Esau'
1513 718 1693 792 hirsu‘

152 825 254 878 tus.
281 810 507 880 Pilosus,
564 806 872 865 subolidu‘s.
900 809 1083 863 [litate
1112 824 1238 862 vero
1262 811 1369 879 i-‘m
1400 820 1690 888 Ρτθνίέθίυδ

150 905 287 958 Isaac
318 902 425 954 lilio
480 916 582 956 suo
633 901 812 957 Esauo
860 904 1124 958 accersito
1156 902 1324 957 dixit:
1372 903 1555 957 Armis
1580 904 1689 958 tuis

148 995 460 1061 assumptis,
505 993 561 1046 in
593 991 841 1064 campum
866 1009 1186 1064 progressus
1221 995 1467 1067 77-79
1497 1009 1693 1050 venare

147 1086 269 1137 mihi
292 1086 524 1152 praedam
561 1100 591 1140 e
615 1074 932 1155 quacibum
966 1086 1096 1138 mihi
1124 1102 1282 1155 pares
1314 1100 1472 1154 quem
1498 1099 1689 1144 come-

144 1177 291 1233 dens.
323 1176 420 1229 tibi
452 1184 735 1247 antequam
764 1179 966 1231 moriar
1011 1176 1353 1231 benedicam.
1382 1174 1532 1239 Quod
1562 1190 1685 1229 cum

144 1266 429 1321 audivisset
472 1266 741 1331 Rebecca,
786 1276 1065 1336 acceptum
1093 1266 1355 1347 Iacobum
1389 1266 1552 1320 Esaui
1598 1282 1689 1320 ve-

142 1361 310 1415 stibus
336 1358 552 1428 iitduit,‘
572 1362 820 1431 haedique
859 1361 992 1431 pelle
1022 1362 1287 1430 prehensa
1338 1368 1542 1426 partem
1573 1360 1694 1426 ejus

144 1454 365 1519 pectori,
406 1444 677 1515 humefis,
713 1462 767 1506 et
799 1422 1037 1506 bradhiis
1063 1453 1236 1521 ipsius
1268 1451 1698 1520 superimposuit

139 1555 432 1615 paratoque
461 1545 585 1600 cibo
610 1545 745 1599 dixit
770 1545 904 1614 ipsi:
932 1547 1005 1598 Ad
1034 1552 1239 1614 patrem
1271 1554 1418 1598 tuum
1444 1544 1689 1599 lsaacum

140 1637 415 1707 ingressus
458 1636 641 1690 diras:
689 1635 796 1705 Ego
841 1651 961 1691 sum
1012 1635 1153 1690 Esau
1202 1633 1353 1703 filius
1385 1644 1533 1703 tuus,
1584 1651 1692 1706 quo
1720 1677 1768 1736 Β

139 1728 227 1782 tibi
263 1736 392 1784 ante
427 1738 654 1782 mortem
691 1742 845 1785 suam
876 1727 1183 1780 benedicat.

200 1821 447 1889 Ingresso
471 1815 599 1889 c'rgo
631 1822 694 1876 ad
721 1820 960 1873 isaicum
981 1818 1206 1883 Iacobo,
1230 1819 1365 1872 dixit
1395 1819 1496 1887 ipsi
1517 1819 1690 1874 Isaac:

136 1912 373 1967 Accedas
402 1912 468 1966 ad
505 1927 612 1965 me.
648 1910 1113 1978 Accedentémque
1139 1924 1260 1965 cum
1298 1919 1692 1966 contrectasset

136 2005 301 2061 dixit:
349 2004 544 2058 Seruio
579 2011 724 2057 certe
756 2000 944 2055 Jacobi
981 2016 1160 2082 sermo
1193 2011 1298 2065 est,
1331 2014 1383 2056 at
1410 2014 1690 2057 contactus

136 2093 291 2149 Esaui
320 2100 626 2148 contactus.
649 2090 949 2147 Comedens
970 2107 1102 2160 ergo
1127 2091 1275 2147 isaae
1302 2086 1507 2146 Iacobo
1529 2094 1694 2149 bonr-

134 2186 541 2252 ditit,eumque
578 2182 731 2237 fratri
768 2198 868 2238 stto
900 2185 1197 2253 principem
1225 2182 1688 2239 constituit.‘l‘unt

133 2292 382 2333 reversus
414 2274 555 2329 Esau
593 2277 853 2331 avenatu
889 2276 1098 2344 paravit
1131 2276 1292 2330 etiam
1319 2276 1499 2330 cibum
1528 2291 1688 2351 quem

135 2368 419 2437 patrisuo
456 2368 643 2423 lsaaco
685 2366 904 2421 obtulit.
949 2362 1051 2421 Cui
1110 2366 1246 2421 dixit
1288 2374 1441 2437 pater
1474 2367 1687 2437 ipsius:

133 2457 263 2524 Quis
311 2445 397 2513 est
442 2473 536 2526 qut
583 2469 634 2512 te
665 2449 921 2529 praevenit
969 2464 1029 2511 ut
1073 2456 1503 2512 benedictionem
1550 2457 1691 2536 acci-

133 2550 313 2620 peret?
339 2549 502 2606 Flens
521 2564 650 2618 ergo
676 2548 852 2606 Esau:
883 2547 928 2604 0
947 2549 1015 2603 mi
1049 2560 1220 2618 pater,
1244 2602 1249 2618 ,
1269 2549 1462 2616 inquit,
1508 2563 1688 2602 annon

130 2650 213 2696 est
236 2641 332 2696 tibi
370 2648 567 2711 praeter
596 2655 758 2694 unam
791 2637 1265 2694 benedictionem?
1314 2637 1458 2705 Dixit
1501 2635 1686 2692 Isaac:

132 2724 262 2786 Eum
286 2732 385 2786 tibi
412 2731 709 2804 principem
740 2729 1043 2799 constituit
1073 2739 1127 2784 et
1155 2729 1295 2797 quid.
1319 2730 1415 2783 tibi
1455 2728 1691 2784 faciam?

130 2822 444 2879 Aeeedente
489 2830 672 2877 autem
715 2822 921 2885 Esauo,
958 2821 1234 2875 benedixit
1271 2820 1374 2891 ipsi
1425 2819 1599 2887 Isaae,
1634 2825 1689 2875 at

127 2906 387 2971 Iacobum
416 2915 516 2983 ipsi
568 2912 864 2983 principem
900 2913 1224 2978 constituit;
1279 2908 1450 2984 quare
1507 2900 1690 2967 animo

1795 466 1966 505 annos
1991 452 2083 505 tibi
2108 455 2272 507 sevivi
2289 464 2343 508 ut
2368 455 2499 509 mihi
2525 454 2812 511 Rachelcm
2833 456 2885 509 in
2913 474 3127 511 uxorem
3153 461 3343 521 dares;

1794 542 2063 608 quomodo
2086 544 2305 611 ergoad
2335 560 2420 598 me
2460 530 2702 600 sororem
2757 546 2875 610 ejus
2910 544 3068 600 Leam
3100 549 3348 601 intromi-

1798 631 1958 686 sisti?
1993 628 2288 699 Respondit
2315 635 2402 688 illi
2421 633 2640 691 Labau:
2695 635 2748 689 Si
2779 630 2906 688 mihi
2937 652 3108 690 annos
3142 648 3344 707 septem

1792 719 1932 773 alios
1964 720 2337 785 iuserviveris,
2376 725 2537 777 etiam
2566 724 2857 780 Rachelem
2884 727 2976 780 tibi
3013 725 3174 780 dabo.
3223 727 3349 792 Sep.

1793 822 1902 865 tem
1923 827 2053 880 ergo
2083 827 2255 867 annos
2286 815 2425 870 alios
2456 831 2579 868 rnm
2607 817 2702 882 ipsi
2733 818 3035 881 serviissct,
3058 818 3346 871 Rachclem

1795 904 1895 974 ipsi
1935 920 2156 959 uxorem
2199 904 2366 969 dedit,
2394 914 2551 976 atque
2581 907 2651 959 ita
2685 908 2818 980 duas
2854 910 3007 962 duxit
3037 924 3272 963 sorores.

1864 997 2077 1067 Peperit
2109 1007 2289 1065 autem
2319 992 2423 1053 Lea
2449 998 2671 1062 Iacobo,
2696 997 2991 1063 Rubeuem,
3013 1001 3345 1064 Simeonem,
3382 1073 3387 1077 ο

1796 1091 2002 1157 Levim,
2034 1090 2251 1155 Iudam,
2279 1093 2646 1157 lssacharum,
2684 1093 3037 1155 Zabulonem,
3061 1109 3182 1149 cum
3207 1108 3347 1147 non-

1792 1182 1919 1236 dttm
1953 1182 2500 1251 peperissettRachci.
2548 1182 2690 1237 Dixit
2718 1198 2845 1252 ergo
2877 1181 3073 1237 Rachel
3111 1179 3343 1239 Iacobo:

1795 1273 2043 1340 Accipias
2073 1275 2321 1351 ancillam
2354 1289 2528 1329 meam
2562 1276 2794 1347 Bilham,
2836 1284 2916 1341 ut,
2942 1276 3033 1330 illa
3057 1290 3120 1328 ex
3150 1284 3200 1330 te
3228 1289 3349 1343 gra‘

1798 1362 1918 1414 vida
1960 1362 2129 1427 facta,
2164 1366 2235 1418 sit
2262 1365 2392 1418 mihi
2427 1365 2623 1434 proles.
2654 1366 2868 1435 Peperit
2904 1366 3065 1436 igitur
3090 1366 3217 1419 llilla
3243 1364 3348 1418 Ra—

1798 1455 1971 1511 cheiis
2011 1456 2207 1511 ancilla
2251 1455 2453 1511 Iacobo
2494 1473 2690 1527 pueros
2740 1460 2899 1523 duos,
2939 1442 3051 1512 Dan
3083 1464 3137 1512 et
3166 1456 3347 1524 Naph-

1800 1546 1972 1611 talim;
2009 1557 2118 1599 tum
2147 1546 2287 1601 dixit
2313 1546 2418 1602 Dea
2442 1547 2665 1603 Iacobo:
2697 1549 2839 1617 Cape
2873 1550 3035 1602 etiam
3089 1546 3346 1601 ancillam

1795 1650 1968 1689 meam
1996 1634 2171 1701 utilia
2203 1652 2268 1690 ex
2325 1646 2377 1692 te
2399 1638 2739 1709 concipiente
2770 1640 2878 1694 sint
2910 1638 3043 1691 mihi
3079 1638 3220 1692 ultra
3253 1652 3349 1691 na-

1750 1725 1881 1779 Ttos
1914 1742 2063 1781 meos
2090 1728 2225 1790 tiati,
2270 1725 2489 1796 Peperit
2532 1745 2661 1797 ergo
2708 1730 2871 1783 etiam
2919 1727 3349 1796 Zilpba‘ancilia

1794 1816 1916 1871 Leae
1949 1817 2084 1871 duos
2106 1814 2307 1873 Iacobo
2332 1818 2490 1881 ﬁlios,
2522 1818 2636 1873 Gad
2657 1826 2712 1874 et
2737 1818 2935 1875 Asber.
2958 1817 3205 1872 Posthaec
3232 1831 3353 1886 gra—

1794 1909 1972 1961 vidata
2020 1905 2217 1962 Rachel
2266 1912 2475 1977 peperit
2521 1907 2816 1979 Iosephunt
2859 1919 2912 1964 et
2954 1908 3349 1979 Benjaminum,

1795 1996 2039 2065 Suntque
2062 1998 2149 2053 isti
2174 2001 2453 2055 duodecim
2473 1999 2655 2054 Jacobi
2674 2000 2789 2064 lilii,
2817 2016 2846 2054 e
2866 1992 3063 2069 quibus
3104 2000 3208 2053 orti
3229 2007 3355 2053 sunt

1758 2091 1761 2094 ⁴
1793 2104 1982 2144 omnes
2009 2086 2099 2143 lilii
2127 2086 2361 2146 lsra'elis.
2389 2089 2524 2144 Tum
2565 2105 2814 2145 reversus
2845 2097 2928 2145 est
2959 2088 3128 2145 Iacob
3163 2089 3220 2145 in
3246 2098 3354 2144 ter-

1795 2198 1904 2236 ram
1919 2182 2207 2249 Chanaan;
2223 2182 2473 2251 lsraelem
2501 2195 2675 2237 autem
2695 2184 2866 2253 ipsum
2880 2183 3165 2254 appellavit
3188 2183 3351 2236 Deus.

1794 2276 1948 2328 Anno
1968 2275 2152 2330 Jacobi
2183 2276 2515 2345 octogesimo
2534 2280 2761 2345 septimo
2786 2277 2989 2345 peperit
3013 2275 3116 2330 Lea
3142 2275 3350 2338 Levim,

1782 2348 2010 2427 \tertium
2072 2366 2245 2433 ipsius
2285 2366 2477 2421 illium.
2530 2366 2702 2422 Porro
2752 2369 3085 2438 descriptum
3110 2378 3192 2422 est
3220 2376 3356 2421 tem-

1792 2473 1893 2526 pus
1926 2459 2035 2512 nati
2066 2456 2191 2511 Levi
2231 2472 2344 2527 prae
2395 2452 2944 2524 caeteris’fratribus,
2996 2476 3060 2514 eo
3104 2459 3248 2530 quod
3286 2474 3359 2518 ex

1794 2547 1969 2615 ipsius
2006 2547 2384 2615 stirpe‘fuerit
2434 2550 2630 2605 Moses.
2678 2548 3009 2607 Prosecutus
3060 2560 3143 2607 est
3171 2558 3353 2606 autem

1791 2637 1958 2699 Iacob
2009 2640 2307 2709 Iosephum
2363 2656 2546 2697 amore
2597 2641 2924 2706 vehementi,
2969 2641 3083 2715 84
3119 2655 3352 2712 eumque

1795 2731 2054 2802 fratribus
2093 2732 2207 2788 suis
2236 2732 2495 2802 praetulit,
2548 2734 2692 2789 unde
2732 2733 2809 2787 illi
2840 2733 3133 2810 invidiagin
3162 2736 3344 2802 ipsum

1792 2824 2048 2901 epmtnoti
2084 2824 2149 2878 de
2181 2824 2350 2894 lpsoe
2371 2825 2546 2880 medio
2578 2825 2814 2880 tollendo
2856 2826 3184 2894 cogitarunt.
3211 2826 3349 2879 Dum

1794 2916 1959 2984 igitur
1993 2916 2093 2986 ipsi
2133 2912 2264 2971 o‘ves
2295 2932 2423 2973 suas
2460 2923 2517 2972 et
2558 2919 2809 2979 camelos
2843 2928 3152 2988 pascerent,
3216 2918 3345 2973 ecc’e

130 3006 319 3060 statuit
365 3004 507 3058 Esau
546 3002 812 3058 Iacobum
844 3001 1166 3059 interficere.
1197 3002 1419 3073 Aufugit
1448 3016 1576 3073 ergo
1601 2998 1687 3058 Ia-
1717 3008 1759 3066 c
1796 3005 2010 3060 transiit
2061 3004 2216 3075 juxta
2263 3006 2410 3074 ipsos
2464 3018 2829 3061 mercatorum
2875 3005 3351 3078 Madayenitarum

129 3096 298 3153 cobus
325 3112 356 3151 a
388 3096 552 3151 fratre
578 3111 681 3151 suo
699 3095 877 3152 Esauo
904 3095 1233 3164 Harranum,
1266 3096 1331 3151 ad
1362 3094 1688 3150 avunculum

131 3204 283 3245 suum
312 3188 619 3244 Labauum.
646 3186 825 3244 Porro
853 3177 1095 3257 tempore
1121 3184 1287 3241 lsaaci
1307 3226 1321 3251 ,
1362 3186 1577 3240 condita
1612 3193 1693 3239 est

131 3279 375 3343 Iericho,
410 3278 820 3335 exstruentibus
850 3279 1023 3346 ipsam
1065 3284 1270 3345 septem
1307 3275 1529 3343 regibus
1556 3286 1694 3343 quos

131 3389 248 3429 rum
275 3372 649 3442 musquisque
687 3370 798 3441 εί)
824 3383 1051 3423 murum.
1077 3367 1154 3422 illi
1196 3367 1516 3434 exstruxit.“
1537 3349 1693 3420 Knno

131 3474 309 3522 autem
339 3461 658 3533 vitae‘lsaaci
683 3460 1084 3531 septuagesimo
1120 3459 1311 3527 quinto
1342 3464 1588 3512 mortuus
1610 3462 1693 3511 est

128 3538 401 3613 Abraham
419 3536 604 3609 mense
634 3551 798 3607 Nisan
824 3536 1384 3619 (quiestBar'niudah)
1409 3543 1489 3617 [at
1514 3544 1694 3600 in‘alio

129 3647 426 3721 exemplari
455 3632 670 3715 legitur,
730 3657 914 3721 mense
962 3642 1149 3703 Adar,
1208 3640 1301 3721 qui
1343 3649 1430 3721 est
1474 3636 1693 3691 Borma-

131 3715 222 3795 ltat
236 3738 256 3811 J
293 3728 417 3793 cum
458 3723 699 3791 vixisset~
719 3718 1141 3789 antios'ccntu'm
1167 3713 1511 3800 sept‘uaginta
1533 3727 1695 3799 quin-

133 3846 258 3909 que.
306 3832 465 3886 Anno
501 3828 628 3881 vitae
661 3825 846 3882 .lsaaci
891 3822 1191 3880 centesimo
1237 3821 1501 3878 vicesimo
1534 3820 1694 3874 tertio

134 3931 382 3991 mortuus
414 3930 501 3977 est
522 3919 736 3985 lsmael,
757 3932 955 3973 mense
984 3916 1151 3978 Nisan
1192 3915 1324 3985 (qui
1354 3921 1441 3968 eat
1466 3912 1695 3965 Barmu-

119 4016 269 4088 dab)
315 4030 439 4070 cum
486 4013 712 4068 vixisset
750 4025 925 4066 annos
963 4012 1178 4064 centum
1220 4007 1431 4077 triginta
1460 4013 1693 4073 septem.

134 4100 328 4163 Totum
356 4109 544 4160 autem
560 4104 722 4174 ‘quod
744 4104 884 4157 vixit
910 4103 1061 4157 isaae
1089 4098 1216 4155 anni
1243 4105 1385 4153 sunt.
1402 4106 1617 4151 centum
1641 4098 1696 4149 et

133 4199 430 4270 octoginta.
498 4197 641 4254 Esau
681 4194 854 4250 annos
921 4202 1082 4249 natus
1144 4189 1501 4262 quadraginta
1560 4199 1696 4241 uxo-

133 4306 245 4347 rem
295 4278 449 4346 duxit
489 4305 520 4345 e
557 4288 780 4367 filiabus.
799 4288 974 4358 patrui
1024 4286 1109 4342 sui
1151 4284 1419 4346 lsmaelis,
1475 4280 1696 4336 nomine

1795 3096 1919 3167 (qui
1973 3095 2253 3152 lsmaelitae
2302 3108 2449 3164 sunt,
2477 3105 2531 3153 et
2567 3097 2852 3169 Arabes),
2880 3113 3113 3168 quorum
3147 3112 3354 3152 merces

1794 3196 1948 3243 erant
1970 3204 2135 3244 nuces
2162 3188 2353 3258 pineae,
2376 3189 2774 3253 terebinthinze,
2799 3199 2854 3244 et
2880 3172 3081 3251 oleum,
3107 3189 3158 3242 in
3187 3185 3354 3259 Egya

1794 3290 1945 3351 ptum
1978 3279 2314 3338 tendentium
2347 3290 2593 3346 caterva,
2630 3282 2829 3350 quibus
2857 3277 3354 3352 prehensumIose—

1795 3374 1959 3442 phum
1990 3370 2359 3427 vendiderunt
2408 3370 2605 3426 fratres
2655 3371 2827 3441 ipsius
2856 3370 3046 3440 viginti
3092 3368 3351 3433 nummis,

1795 3478 1968 3517 annos
2013 3468 2198 3517 natum
2240 3460 2805 3532 septentderim.'l‘uni
2866 3469 3086 3531 accepto
3129 3456 3353 3528 Iosephi

1795 3554 2013 3609 indusio
2040 3553 2378 3624 manicisque
2417 3555 2541 3626 ejus
2603 3552 2866 3623 sanguine
2892 3551 3158 3624 impletis,
3199 3551 3356 3605 dixeé
3388 3578 3391 3579 ν

1795 3632 2192 3705 runtJacobo:
2240 3642 2826 3714 llevoravitJosepbum
2843 3642 3025 3721 lupus.
3059 3640 3356 3712 Joscpbum

1796 3745 1974 3791 autem
2003 3736 2056 3789 in
2087 3730 2381 3807 Egyplum
2425 3742 2461 3791 a‘
2504 3736 2899 3792 mercatoribus
2948 3736 3239 3790 abductum
3288 3735 3356 3788 ab

1798 3826 1903 3883 illis
1944 3827 2076 3881 emit
2105 3826 2408 3889 Pharaonis
2454 3839 2687 3891 servus,
2737 3826 3033 3883 satellitum
3076 3826 3355 3897 princeps:

1795 3918 1953 3989 cujus
1981 3922 2121 3974 uxor
2144 3933 2267 3974 cum
2293 3919 2444 3974 illum
2477 3917 2767 3988 deperiret,
2793 3921 2861 3975 ab
2893 3934 2954 3974 ea
2993 3918 3051 3973 sb
3085 3917 3355 3983 cohibuit;

1797 4026 1966 4082 quare
1991 4011 2082 4066 illa
2108 4010 2175 4067 de
2202 4011 2321 4081 ipso
2338 4011 2476 4079 apud
2502 4013 2755 4066 maritum
2790 4024 2948 4079 suum
2976 4001 3200 4066 mentifa
3229 3995 3367 4064 cum.

1807 4104 2042 4158 diceret:
2076 4101 2221 4157 Puer
2244 4103 2346 4157 iste
2382 4101 2640 4158 Hebraeus
2670 4118 2761 4156 me
2793 4103 2965 4173 petiit,
2995 4101 3229 4172 conjecit
3268 4101 3358 4155 ille

1798 4196 1973 4266 ipsum
2012 4195 2066 4248 in
2102 4208 2399 4249 carcerem.
2445 4198 2602 4249 Attno
2642 4186 2828 4250 Jacobi
2872 4194 3175 4248 centesimo
3212 4193 3357 4247 vice-

1800 4283 1945 4340 simo
1993 4284 2127 4339 obiit
2168 4284 2320 4338 isaac
2367 4284 2749 4363 meuseAiyar
2786 4282 2913 4353 (qui
2963 4294 3044 4339 est
3076 4283 3357 4351 Bashnes)

133 4383 398 4450 Nahalat,
435 4397 556 4451 quae
591 4382 729 4436 filios
762 4381 868 4451 ipsi,
896 4379 1241 4449 quamplures
1265 4376 1491 4447 peperit.
1528 4372 1691 4429 Duxit
1725 4371 1770 4427 D
1800 4391 1922 4430 cum
1958 4382 2372 4430 annostcentum
2404 4382 2457 4429 et
2488 4374 2765 4444 octoginta
2797 4373 3044 4429 vixisset.
3078 4375 3235 4428 Anno
3261 4390 3361 4427 auo

134 4479 297 4533 etiam
350 4493 381 4531 e
442 4474 656 4548 ﬁliabus
709 4473 931 4529 Canaan
983 4472 1238 4527 feminam
1291 4469 1512 4524 nomine
1557 4466 1693 4531 Atla,

134 4554 298 4625 filiam
344 4570 476 4625 Elon
512 4566 729 4627 llittmi:
780 4579 882 4621 nec
917 4581 1021 4620 non
1062 4582 1092 4619 e
1132 4562 1344 4617 filiabus
1379 4559 1694 4615 Graecorum

136 4666 279 4719 unde
310 4663 385 4718 illi
416 4663 557 4724 inter
582 4661 732 4730 ipsos
758 4659 1067 4728 progenies.
1099 4655 1390 4724 Rrogenies
1419 4663 1597 4707 autem
1612 4656 1696 4705 est

138 4756 214 4813 illi
240 4756 685 4823 ceplosiorquam
720 4762 777 4807 ut
800 4749 1071 4811 numerari
1106 4748 1296 4818 possit.
1334 4730 1533 4801 Sunte
1557 4742 1694 4798 stir-

140 4865 203 4919 pe
228 4848 351 4917 ejus
387 4844 700 4901 Amalekitae
728 4857 782 4899 et
818 4842 1016 4897 Kormi.
1067 4838 1375 4908 Totumque
1416 4835 1562 4906 quod
1607 4834 1691 4897 vie

141 4939 379 4997 xitEsau
400 4953 665 4994 annorum
693 4945 812 4994 erat
827 4938 1047 4991 centu'm
1070 4932 1260 5003 viginti
1289 4945 1505 4986 novem.
1528 4927 1695 4983 Iacob

77 5086 85 5094 ,
137 5046 267 5086 vero
314 5030 380 5103 ad
407 5029 735 5101 avunculum
777 5042 936 5082 suum
960 5024 1143 5079 Laban
1172 5022 1472 5077 Harranum
1503 5034 1695 5089 perve-

142 5124 261 5189 nit,
289 5123 377 5178 cui
410 5102 559 5177 binae.
585 5128 741 5176 erant
789 5119 1190 5187 filiae,.quarmn
1222 5123 1349 5167 natu
1376 5111 1567 5183 majori
1595 5125 1696 5164 no-

141 5223 293 5281 men,
312 5214 566 5268 fuitLeah
598 5212 801 5282 (eaque
817 5210 993 5265 oculis
1020 5206 1218 5278 lippa),
1240 5205 1435 5260 minori
1471 5202 1693 5256 Rachel.

141 5304 355 5360 Amavit
388 5311 572 5359 autem
592 5302 760 5356 Iacob
778 5300 1090 5361 Rachelem,
1121 5311 1349 5365 eamque
1366 5294 1437 5349 ab
1457 5308 1697 5347 avuncu-

145 5399 195 5453 lo
223 5413 324 5453 suo
354 5396 408 5450 in
440 5409 666 5450 uxorem
701 5393 879 5463 petiit;
931 5392 1017 5446 cui
1055 5390 1270 5444 illez'Si
1306 5387 1462 5449 mihi,
1495 5387 1693 5454 inquit,

144 5500 343 5557 septem
387 5503 558 5543 annos
586 5487 962 5551 inserviveris,
1004 5483 1300 5540 Rachelem
1335 5483 1428 5535 tibi
1451 5496 1692 5549 ,uxorem

146 5578 304 5643 dabo;
328 5586 382 5632 at
406 5591 527 5633 cum
550 5586 755 5647 septem
788 5590 961 5630 annos
992 5575 1091 5645 ipsi
1125 5572 1406 5629 scrviisset
1434 5578 1594 5625 noctu
1624 5570 1692 5623 ad

147 5668 322 5743 ipsum
374 5666 561 5737 Leam,
607 5667 859 5725 Rachelis
897 5682 1139 5725 sororem
1186 5661 1509 5720 introduxit.
1554 5661 1694 5731 81-

1801 4476 1906 4523 tetn
1945 4468 2067 4531 vita:
2103 4466 2288 4521 Jacobi
2316 4467 2613 4520 centesimo
2642 4464 3076 4551 vicesimo‘nono
3106 4474 3356 4518 mortuus

1799 4568 1885 4613 est
1924 4558 2091 4624 Esau,
2133 4568 2320 4613 tuense
2349 4557 2565 4614 Tishrin
2608 4558 2786 4626 primo
2838 4548 2968 4626 (qui
3012 4569 3068 4614 et
3118 4548 3356 4621 Babab),

1798 4661 1969 4704 annos
1994 4657 2151 4703 natus
2173 4659 2384 4704 centum
2415 4647 2599 4719 viginti
2621 4665 2838 4705 novem.
2885 4648 3055 4716 Porro
3085 4650 3138 4703 in
3167 4663 3357 4703 corcea-

1797 4756 1910 4795 rem
1942 4756 2048 4796 una
2074 4756 2208 4796 eum
2229 4734 2486 4810 Iosepbo,
2513 4742 2749 4812 conjecit
2782 4736 3034 4796 Phar'aoh
3087 4742 3356 4811 pistorum

1796 4843 1847 4890 et
1882 4835 2260 4903 pocillatorum
2295 4834 2594 4905 principes,
2630 4835 2721 4895 ubi
2753 4834 3137 4890 dormientium
3184 4847 3355 4896 more,

1796 4925 1931 4983 vidit
1953 4926 2102 4997 quia
2130 4926 2341 4996 poculis
2373 4935 2492 4982 erat
2527 4943 2586 4982 se
2605 4928 2764 4996 quasi
2798 4927 3048 4982 manibus
3078 4933 3356 4979 tenentem

1798 5032 2019 5075 uvarum
2044 5032 2345 5082 racemum,
2367 5034 2397 5074 e
2420 5008 2528 5090 quo
2542 5019 2650 5089 85
2678 5012 2787 5089 87
2810 5032 3031 5072 succum
3050 5018 3355 5087 exprimens

1798 5109 2065 5167 Pharaoni
2105 5111 2396 5166 bibendum
2443 5112 2722 5181 praeberet;
2778 5111 2865 5164 cui
2920 5107 3222 5178 Iosephus:
3276 5106 3355 5159 ita

1797 5204 2047 5274 (inquit)
2078 5205 2182 5259 erit
2213 5204 2360 5259 sieut
2391 5201 2594 5265 vidisti;
2625 5202 2723 5255 mei
2770 5213 2950 5255 autem
2993 5199 3130 5267 apud
3179 5197 3355 5253 domi.

1798 5312 1923 5349 unm
1961 5305 2111 5350 tuum
2141 5293 2452 5361 memoriam
2471 5291 2811 5369 facias.Vidit
2838 5294 2994 5347 etiam
3026 5290 3196 5360 pistor
3218 5304 3354 5357 qna-

1795 5389 1840 5443 si
1860 5389 2153 5443 canistrum
2189 5388 2341 5457 panis
2359 5401 2523 5456 super
2545 5385 2723 5454 capite
2754 5397 2878 5457 suo,»
2909 5398 2939 5437 e
2973 5397 3081 5451 quo
3103 5379 3355 5435 comede-

1799 5488 1922 5535 rent
1948 5480 2244 5535 volucres:
2278 5478 2366 5534 cui
2394 5477 2696 5549 Iosephus:
2728 5474 2911 5541 Cruci,
2949 5472 3144 5542 inquit,
3178 5470 3354 5536 allige-

1798 5574 1896 5637 νίς.
1931 5557 2326 5642 comedentqtic
2358 5585 2575 5627 carnem
2609 5577 2759 5625 tuam
2795 5567 3081 5623 volucres:
3114 5562 3256 5631 quo»!
3298 5567 3350 5611 ct

1800 5664 1998 5720 factum
2038 5672 2141 5719 cst.
