3950 6348
612 288 711 349 927

1625 303 1995 369 EUTYLHII
2036 311 2570 381 ALEXANDRINI
2617 323 2836 387 PATR.

3702 342 3783 407 928

700 399 897 516 Deinde
927 416 1047 455 cum
1082 404 1305 463 vidisset
1335 408 1496 465 etiam
1530 412 1776 471 Pitaraoh
1814 420 2164 490 insomnium,
2203 430 2241 485 Α
2275 435 2451 489 uixit:
2492 434 2545 489 Si
2573 452 2792 498 veraces
2806 438 3043 497 sitis'ncc
3063 441 3454 509 exploratores,
3485 445 3666 500 relicto
3680 455 3791 516 apud

704 492 737 516 Is
789 492 987 516 £12-“:
1041 511 1062 516 -
1125 500 1297 516 Δ,μισ
1377 502 1389 515 ο
1464 505 1474 516 1
1867 514 1876 516 ,
2072 515 2076 516 ,

606 491 743 543 dixit
788 492 863 545 i‘ili
898 494 988 562 qui
1038 511 1068 555 a
1120 500 1331 567 poculis
1376 502 1475 573 ipsi
1507 520 1645 574 erat,
1693 524 1815 566 esse
1863 514 1917 568 in
1952 515 2172 573 carc‘ere

609 596 836 649 puerum
873 586 1154 645 liebrteum
1189 592 1281 662 qui
1313 596 1525 653 somnia
1575 590 2049 675 interpretaretur;
2081 612 2168 665 cui

605 688 740 744 ergo
767 675 963 732 adduci
987 680 1145 751 jusso
1170 679 1304 738 dixit
1336 683 1614 761 f'haraoh,
1643 693 1847 755 vidisse
1868 711 1928 752 se
1959 709 2165 769 septem

602 779 799 820 vaccas
822 810 836 832 ,
870 770 1097 839 pingues
1129 778 1328 857 emari
1363 780 1710 853 prodeuntes,
1738 794 1793 841 et
1826 799 1948 858 post
1970 804 2065 846 eas
2084 807 2170 849 se-

608 866 750 927 ptem
768 860 1229 936 macilentas.qu2
1247 870 1472 940 pingues
1495 874 1847 935 devorarent:
1872 892 1984 936 tum
2002 886 2165 941 etiam

605 949 807 1004 vidisse
838 965 898 1007 se
926 963 1132 1025 septem
1164 960 1343 1027 spicas
1368 976 1581 1021 crassas
1610 982 1641 1023 e
1671 979 1811 1025 terra
1836 974 2166 1041 prodeuntes

603 1039 801 1096 deinde
836 1054 1043 1115 septem
1074 1050 1328 1119 graciles,
1361 1053 1561 1120 aridas,
1614 1072 1734 1127 qua:
1781 1039 1997 1120 crassas
2044 1067 2167 1124 illas

603 1130 968 1201 deglutirent;
1003 1138 1143 1194 dixit
1177 1156 1307 1212 ergo
1350 1144 1427 1200 illi
1462 1143 1694 1219 Ieseph:
1735 1150 1925 1210 Futuri
1956 1171 2083 1213 sunt
2109 1160 2164 1216 in

602 1236 767 1292 regno
796 1234 887 1280 tuo
914 1236 1119 1298 septem
1153 1234 1280 1288 anni
1306 1235 1515 1295 feraces
1536 1279 1554 1304 ,
1579 1241 1774 1300 deinde
1793 1254 1920 1316 post
1937 1264 2033 1307 eos
2053 1237 2056 1241 ’
2073 1265 2164 1307 se-

600 1404 856 1502 itisignis.
887 1410 1023 1464 Tum
1055 1412 1313 1484 imposuit
1348 1418 1595 1491 Pbaraon
1626 1421 1867 1499 Iosepho
1898 1433 2048 1502 regni
2075 1436 2162 1490 sui

598 1493 1021 1585 administrandi
1053 1519 1265 1573 curam,
1305 1512 1508 1568 tradito
1526 1510 1627 1585 ipsi
1647 1493 1851 1575 annulo
1871 1493 1995 1579 suo.
2014 1524 2160 1582 Con-

595 1584 732 1639 didit
764 1603 893 1660 ergo
922 1588 1193 1665 Iosephus
1218 1608 1422 1668 septem
1454 1584 1611 1662 annis
1637 1607 1897 1667 uberibus
1922 1611 2163 1672 frumen-r

593 1684 708 1731 tum
750 1679 803 1735 in
838 1682 1005 1750 spicis
1034 1687 1186 1752 Suis,
1219 1690 1395 1747 donec
1422 1693 1779 1766 implereutur
1802 1718 1922 1772 quae
1968 1722 2157 1763 nume-

594 1781 718 1871 rum
754 1783 1017 1842 superant
1070 1782 1344 1869 granaria.
1382 1784 1525 1842 Anni
1569 1798 1698 1846 tunc
1724 1802 1879 1850 erant
1917 1795 2156 1871 Iosepho

595 1859 815 1949 triginta
841 1900 857 1925 ,
908 1867 1002 1935 qui
1032 1882 1253 1931 uxorem
1281 1866 1438 1930 duxit
1464 1880 1684 1938 nomine
1728 1884 1954 1943 Asinatb
2002 1859 2156 1949 urbis

594 1948 914 2054 Einshemes
933 1958 1235 2019 sacerdotis
1253 1965 1442 2041 filiam,
1473 1986 1595 2041 quae
1627 1973 1784 2032 binos
1814 1980 1915 2049 ipsi
1946 1986 2153 2054 peperit

592 2042 753 2109 filios,
785 2062 1012 2138 quorum
1035 2054 1318 2126 majorem,
1344 2060 1763 2138 primogenitum
1786 2042 2157 2138 stvilicet,'lta-

588 2137 936 2207 nassen'ss
958 2144 1270 2226 appellavit,
1299 2148 1529 2207 alterum
1562 2137 1949 2237 Ephraimum.‘
1975 2137 2151 2221 Porro

586 2230 862 2307 exstruxit
894 2232 1168 2302 Iosephus
1214 2240 1498 2300 columnas
1550 2250 1873 2318 mensorias,
1934 2230 2150 2323 quibus

586 2329 761 2420 aquae,
790 2334 1070 2399 crescente
1100 2325 1241 2397 Nilo,
1268 2346 1523 2391 mensura
1560 2341 1775 2411 capitur
1798 2343 1851 2398 in
1888 2344 2148 2420 £gypto,

593 2408 893 2517 loco-quem
928 2417 1196 2490 Memphin
1231 2434 1446 2483 vocant.
1475 2446 1483 2461 ε
1508 2408 1696 2489 Sinum
1748 2436 1910 2517 etiam
1942 2408 2151 2517 ejﬂv'odit;

591 2502 684 2566 qui
711 2501 901 2559 Meuba
932 2508 1128 2573 audit;
1182 2513 1313 2582 quin
1349 2527 1403 2571 et
1438 2517 1655 2596 lapides'
1684 2509 1892 2580 viarum
1943 2501 2155 2600 indices

586 2594 779 2691 erexit.
805 2594 972 2652 Natus
993 2609 1078 2656 est
1100 2612 1281 2659 autem
1309 2605 1460 2674 Levi,
1490 2594 1675 2668 Jacobi
1700 2615 1832 2680 filio.
1866 2628 1986 2689 post
2007 2594 2154 2691 quae

583 2680 831 2762 draginta
869 2703 1043 2746 annos
1077 2693 1279 2774 Kabat,
1312 2698 1363 2752 in
1391 2709 1531 2755 terra
1550 2680 1933 2774 Cbananitica,
1976 2680 2151 2768 tribus

582 2782 877 2872 antequam
909 2781 1206 2855 Egyptum
1230 2788 1861 2872 ingrederentur‘annis.
1893 2799 2001 2857 Illis
2034 2804 2150 2860 die-

584 2866 690 2922 bus
716 2869 915 2926 accldit
945 2873 997 2927 in
1039 2874 1274 2947 Egypto
1299 2891 1353 2935 et
1380 2884 1533 2953 Syria
1557 2866 1726 2943 fames
1756 2888 2003 2960 insignis;
2029 2908 2152 2951 coe-

585 2970 803 3015 merunt
836 2978 964 3035 ergo
986 2981 1017 3020 a
1051 2964 1288 3041 Iosepho
1318 2970 1558 3045 Egyptii
1595 2975 1950 3049 frumentum,
1976 2982 2150 3041 donec

2274 540 2360 577 me
2396 535 2630 581 vestrum
2664 543 2791 594 uno,
2825 530 2891 583 ad
2928 542 3131 600 patrem
3170 544 3409 588 vestrum
3447 537 3756 594 revertimini
3779 584 3792 606 ,

2272 629 2334 669 ac
2365 617 2582 671 fratrem
2616 626 2857 674 vestrum
2892 621 3197 689 minimum,
3236 625 3397 694 cujus
3420 624 3644 680 fratrem
3670 630 3796 682 devo-

2275 707 2413 759 ravit
2443 707 2627 779 lupus,
2659 710 3066 781 adduciteﬁquo
3091 712 3359 770 dictorum
3392 724 3691 772 vestrorum
3722 732 3793 773 ve-

2272 796 2483 852 ritatem
2516 810 2849 871 perspectam
2888 804 3136 863 habeam.

2376 887 2511 945 Cum
2559 894 2701 961 ergo
2758 891 2977 949 fratrem
3033 894 3273 962 ipsorum
3300 895 3612 954 Simeonem
3679 899 3796 970 apud

2235 981 2450 1050 _ipsum
2516 983 2903 1054 reliquissent,
2932 987 3076 1042 sacci
3124 989 3367 1058 ipsorum
3405 988 3627 1060 Iosephi
3664 995 3797 1061 jussu

2270 1069 2543 1127 frumento
2591 1072 2799 1144 impleti
2831 1084 2989 1137 sunt,
3029 1074 3465 1146 uniuscujusque
3515 1079 3731 1147 pecunia
3758 1080 3800 1131 iu

2268 1174 2429 1217 sacco
2474 1175 2577 1216 suo
2624 1163 2886 1231 reposita.
2922 1164 3056 1235 cum
3088 1164 3255 1234 igitur
3285 1164 3363 1220 'ad
3410 1176 3620 1235 patrem
3666 1183 3799 1223 suurn

2264 1250 2528 1307 Iacobum
2579 1236 2986 1321 pervenientes,
3029 1269 3093 1309 ac
3135 1256 3266 1325 quid
3310 1254 3650 1328 [accidisset]
3696 1272 3804 1324 nar:

2269 1352 2451 1399 rantes
2489 1343 2780 1413 pecuniam
2833 1361 2987 1400 suam
3036 1347 3090 1401 in
3132 1349 3311 1403 saccis
3345 1349 3714 1418 reperissent,
3749 1355 3802 1405 ad

2268 1432 2595 1517 frumentum
2640 1450 2706 1493 ex
2739 1434 2975 1517 Egymo
3008 1441 3363 1495 coemendum
3398 1442 3627 1502 reversi.
3661 1457 3802 1511 pecu-

2262 1525 2408 1601 niam
2441 1512 2626 1591 lstam.
2681 1542 2749 1583 ac
2780 1514 3023 1591 summas
3056 1530 3192 1595 istas
3235 1541 3585 1601 acceperunt,
3610 1546 3806 1601 unaque

2260 1599 2676 1686 Benjaminum.
2726 1620 2834 1693 93
2871 1618 3089 1690 Iosephi
3130 1599 3695 1689 fratremiuterinum,
3720 1599 3803 1677 ad-

2262 1708 2566 1765 duxerun‘t.‘
2591 1709 2712 1777 Quo
2754 1713 2870 1767 viso
2905 1712 3211 1768 honorifice
3239 1713 3387 1783 ipsos
3408 1716 3633 1770 tractari
3660 1714 3807 1783 jussit

2260 1798 2460 1871 Ioseph
2490 1800 2875 1874 misericordia
2906 1817 3032 1872 erga
3065 1802 3217 1872 ipsos
3246 1812 3573 1860 commotus.
3594 1805 3805 1874 impleta

2262 1869 2404 1947 sunt
2437 1869 2596 1962 ergo’
2620 1907 2748 1947 vasa
2784 1893 3026 1962 ipsorum
3058 1892 3370 1958 frumento.
3419 1903 3476 1950 et
3560 1895 3809 1950 uniuscu-

2252 1985 2456 2054 jusque
2487 1983 2601 2038 vasi
2635 1986 2860 2055 pecunia
2886 1985 3062 2055 ipsius
3090 1985 3389 2061 imposita_;
3412 1993 3467 2040 at
3489 1988 3607 2042 vasi
3639 1986 3809 2043 fratris

2259 2073 2343 2130 sui
2374 2071 2671 2143 Benjamini
2724 2072 2978 2143 poculum
3031 2084 3283 2136 aureum,
3332 2075 3477 2143 quod
3518 2070 3808 2129 Pharaonis

2261 2164 2459 2227 fuerat.
2513 2162 2795 2233 imposuit.
2846 2154 3091 2233 cumque
3126 2177 3158 2219 a
3195 2163 3434 2234 Iosepho
3471 2166 3679 2235 egressi
3727 2180 3806 2221 es-

2258 2264 2403 2320 sent,
2428 2256 2640 2328 Syriam
2674 2271 2863 2311 versus
2890 2254 3194 2319 tendentes,
3226 2255 3457 2318 insecuti
3486 2254 3640 2325 ipsos
3666 2254 3809 2312 Iose-

2259 2348 2352 2421 phi
2411 2346 2553 2404 servi
2599 2338 2859 2421 dixerunt
2918 2346 3092 2418 ipsis:
3121 2344 3451 2402 Omnimode
3496 2346 3807 2431 bennxvobis

2258 2436 2385 2494 fecit
2438 2430 2692 2494 dotnlnus
2743 2445 2947 2504 noster,
2983 2431 3096 2493 vos
3126 2450 3261 2491 vero
3290 2435 3607 2492 omnimodo
3660 2438 3804 2497 male.

2256 2529 2517 2601 poculum
2540 2528 2687 2605 regis
2734 2525 3622 2608 aureum'furatiaBesponderupt
3652 2527 3806 2597 ipsis:

2256 2620 2413 2690 Apud
2436 2632 2819 2697 quemcunque
2843 2618 3017 2689 ipsum
3032 2618 3366 2687 repereritis,
3389 2617 3645 2675 abducite
3669 2618 3806 2690 illam

2260 2721 2318 2766 ut
2337 2712 2409 2768 sit
2446 2711 2672 2767 domino
2700 2716 2885 2765 vestro
2922 2725 3133 2766 servus.
3400 2723 3532 2780 ergo
3555 2709 3805 2780 ipsorum

2257 2800 2610 2872 perscrutati.
2663 2803 2920 2873 poculum
2953 2802 3008 2868 in
3043 2800 3347 2872 Benjamini
3391 2814 3553 2857 sacco
3586 2801 3806 2859 invene-

2256 2901 2425 2948 runt:
2481 2902 2657 2963 quem.
2691 2907 2822 2963 ergo
2866 2892 3197 2964 prehensum
3243 2892 3309 2946 ad
3363 2892 3668 2975 Iosepbum
3727 2907 3807 2948 re-

2257 2986 2552 3049 duxerunt,
2587 2985 2947 3041 redeuntibus
2994 3000 3104 3039 una
3151 2983 3414 3049 fratribus
3451 2986 3668 3054 ipsius,
3722 2984 3804 3055 qui

574 3050 721 3118 ipsis
752 3063 857 3109 non
887 3069 1194 3127 superesset
1218 3078 1472 3120 nummus
1498 3082 1699 3124 aureus
1729 3070 1814 3126 vel
1837 3082 2148 3143 argenteus.
2180 3107 2223 3165 θ
2254 3075 2490 3146 Iosepho
2541 3074 2799 3130 dixerunt
2828 3090 2844 3129 :
2907 3072 3154 3165 Domine,
3198 3083 3350 3144 pater
3405 3050 3593 3131 noster
3647 3089 3805 3131 senex

588 3142 733 3209 quod
762 3144 955 3203 deinde
977 3151 1122 3221 agris
1146 3152 1457 3221 ..jumeutis
1483 3166 1538 3213 et
1587 3159 1795 3218 aedibus
1839 3142 1954 3220 suis
1998 3180 2149 3222 eme-
2181 3142 2223 3165 υ
2255 3175 2339 3221 est
2379 3142 2537 3219 aetate
2569 3173 2878 3235 provectus,
2913 3164 3077 3235 hujus
3115 3142 3293 3220 autem
3331 3165 3553 3222 fratrem
3594 3183 3627 3219 a
3665 3168 3802 3235 lupo,

588 3240 745 3298 runt;
770 3249 833 3291 ac
872 3250 1093 3327 postea,
1140 3258 1259 3299 cum
1302 3248 1435 3301 nihil
1481 3248 1615 3320 ipsis
1644 3252 1913 3323 reliquum
1959 3269 2145 3327 esset,

585 3325 837 3381 dixerunt
862 3326 1099 3401 Iosepho
1139 3332 1293 3391 :Nos
1351 3339 1497 3408 ipsos
1549 3338 1816 3413 Pharaoni
1857 3346 1909 3401 in
1962 3325 2150 3407 servos

582 3415 903 3483 vendemus,
930 3422 1089 3477 modo
1112 3426 1272 3482 nobis
1304 3427 1637 3487 frumentum
1671 3436 1737 3488 ad
1759 3437 2146 3506 comedendum

470 3534 473 3537 ‹
578 3513 635 3555 et
664 3506 950 3562 serendum
988 3511 1267 3583 largiatur.
1334 3518 1479 3575 Emit
1523 3536 1652 3592 ergo
1702 3524 1975 3597 Iosephus
2010 3530 2148 3587 Pha-

582 3598 735 3693 raoni
770 3612 798 3651 a
831 3602 1021 3672 seipsis
1058 3604 1360 3678 Egyptios,
1395 3611 1519 3668 dato
1538 3614 1642 3669 illis
1679 3616 2136 3693 frumento,quod

580 3688 809 3745 ederunt
833 3702 886 3748 et
908 3705 1062 3753 teme
1082 3699 1431 3768 mandarunt,
1464 3706 1765 3775 accipiente
1798 3710 1867 3765 ab
1897 3688 2031 3783 ipsis
2052 3712 2143 3769 Io-

584 3783 753 3851 St‘pllO
784 3783 1048 3841 decimam
1093 3797 1321 3858 partem,
1352 3794 1496 3863 quod
1528 3796 1595 3849 ad
1618 3796 1719 3851 hoc
1740 3813 1909 3868 usque
1939 3810 2148 3873 tempus

584 3874 636 3925 in
671 3878 840 3943 lugent
872 3876 1025 3943 abiit,
1057 3878 1294 3951 faetique
1318 3892 1444 3938 sunt
1469 3883 1706 3962 Egyptii
1732 3888 2008 3962 Pharaoni
2028 3909 2144 3949 ser-

582 3968 655 4021 ιε.
695 3966 823 4035 Ejus
848 3968 1042 4026 diebus
1090 3970 1275 4028 ﬂoruit
1302 3960 1514 4032 Iobilie
1551 3979 1758 4048 justus,
1805 3960 2010 4041 scilicet
2040 3985 2144 4043 Ioh

584 4060 723 4137 filius
769 4062 954 4123 Auiosi
987 4104 1002 4129 ,
1066 4063 1160 4119 lilii
1226 4066 1494 4135 Zarachi,
1549 4073 1640 4127 filii
1692 4071 1988 4144 Ragnelis,
2048 4078 2142 4135 filii

584 4151 769 4215 lisaui,
794 4152 884 4207 filii
911 4154 1106 4221 lsaaki,
1124 4157 1541 4225 filiiAbrahami,
1565 4178 1727 4230 opum
1746 4164 1919 4230 dives,
1943 4169 2146 4237 quique

579 4238 849 4306 nilligeute
874 4243 1047 4310 ipsum
1079 4245 1323 4311 Domino,
1356 4250 1559 4318 gratias
1581 4252 1689 4320 egit
1710 4262 1763 4306 et
1784 4255 2053 4321 patienter
2087 4273 2146 4313 se

580 4329 769 4395 gessit,
799 4345 967 4398 quare
1001 4344 1177 4389 amota
1206 4336 1273 4389 ab
1297 4338 1413 4407 ipso
1455 4338 1747 4397 afllictione
1776 4344 2011 4399 restituit
2040 4346 2141 4411 ipsi

582 4419 722 4475 Deus
761 4436 891 4491 Opes
918 4440 1069 4480 suas.
1108 4470 1113 4474 .

654 4513 865 4565 Accidit
881 4498 1041 4567 etiam
1063 4516 1115 4569 in
1136 4518 1353 4586 regione
1375 4518 1544 4589 Syriae
1561 4520 1728 4577 fames
1749 4524 1991 4595 89-91
2014 4543 2141 4595 gra-

585 4603 688 4668 vis,
717 4604 851 4658 adeo
892 4614 949 4659 ut
980 4606 1183 4661 diceret
1211 4607 1443 4675 Iacobus
1476 4612 1600 4668 filiis
1629 4629 1691 4669 su
1717 4630 1742 4669 s
1778 4632 1795 4673 :
1822 4616 2054 4674 Profecti
2087 4622 2142 4675 in

582 4694 872 4765 Ᾱέκϊριυηι
896 4697 1057 4751 emite
1086 4698 1241 4752 nobis
1269 4699 1619 4757 frumentum:
1647 4702 1922 4760 Venerunt
1946 4710 2140 4775 ergoin

580 4781 869 4853 Egyptum
893 4782 1109 4855 Iosephi
1160 4787 1372 4854 fratres,
1396 4805 1529 4860 quos
1579 4793 1721 4848 visos
1744 4795 1923 4849 statim
1945 4812 2145 4868 cogno-

578 4877 655 4929 vit
680 4874 969 4945 Iosephus,
1000 4880 1115 4948 ipse
1137 4880 1205 4936 ab
1227 4880 1330 4936 illis
1360 4882 1687 4952 incognitus,
1710 4902 1814 4940 non
1836 4897 2012 4944 autem
2041 4892 2141 4947 fuit

579 4981 700 5023 Ctt'tt
737 4970 865 5040 ipsis
885 4969 1051 5026 frater
1081 4973 1198 5044 ejus
1231 4974 1476 5031 utcriuus
1504 4976 1818 5045 Benjamin:
1851 4981 1985 5036 dixit
2013 4998 2141 5054 ergo

582 5059 714 5127 ipsis
760 5059 1027 5131 Iosephus
1085 5081 1098 5116 :
1149 5064 1403 5132 Quinam.
1434 5069 1568 5123 estis
1612 5069 1757 5126 vos?
1793 5072 1937 5128 unde
1986 5076 2139 5129 veni-

582 5150 707 5204 stis?
738 5159 788 5206 et
823 5154 950 5221 quid
974 5155 1291 5212 vultis?Cui
1327 5158 1403 5213 illi
1432 5158 1675 5216 :‘Sumus
1698 5175 1797 5215 nos
1814 5161 2137 5231 IacobiLfilii;

582 5244 870 5298 duodecim
905 5245 1010 5315 ipsi
1040 5263 1164 5302 cum
1200 5250 1311 5303 nati
1359 5265 1631 5316 essemus,
1682 5268 1851 5335 unum
1906 5256 2141 5313 comedit

585 5336 763 5404 lupus,
796 5337 955 5416 cujus
1003 5339 1166 5394 etiam
1210 5342 1378 5396 frater
1436 5344 1685 5399 uterinus
1736 5345 1875 5415 apud
1930 5354 2135 5417 patrem

584 5442 742 5481 suum
776 5437 896 5493 est;
926 5412 1076 5497 pater
1096 5440 1241 5485 entm
1266 5441 1472 5497 noster,
1506 5448 1628 5488 cum
1658 5449 1822 5492 senex
1851 5436 2138 5493 admodum

586 5520 680 5582 sit,
709 5530 869 5575 noctu
899 5525 1314 5593 atquciutcrdiu
1363 5526 1532 5580 filium
1570 5542 1727 5583 suum
1753 5542 1781 5579 a
1815 5528 1944 5597 lupo
1970 5528 2138 5583 devo-

592 5618 767 5663 ratum
811 5613 978 5678 luget.
1049 5614 1343 5685 Respondit
1408 5616 1513 5670 illis
1561 5615 1798 5686 Iosepb:
1842 5615 1958 5672 Non
2006 5619 2140 5677 estis

594 5716 689 5755 vos
718 5702 802 5755 alii
835 5719 993 5773 quam
1021 5708 1409 5777 exploratores.
1440 5709 1501 5762 Et
1528 5709 1839 5781 jurantibus
1872 5708 1972 5781 ipsi
2004 5710 2136 5779 illis,

2253 3259 2332 3312 uti
2368 3257 2468 3312 tibi
2506 3256 2870 3323 narravimus,
2911 3248 3245 3327 deveratum
3268 3257 3369 3312 hoc
3392 3273 3565 3328 usque
3598 3268 3806 3340 tempus

2250 3348 2445 3415 deflet;
2506 3348 2554 3405 si
2600 3363 2730 3421 ergo
2775 3350 2921 3403 hunc
2966 3364 2997 3403 a
3031 3350 3203 3404 uobis
3250 3347 3561 3415 abstuleris,
3610 3364 3806 3419 nequa-

2249 3458 2413 3512 quam
2444 3432 2601 3498 nobis
2641 3440 2816 3497 estad
2852 3449 3058 3511 patrem
3089 3440 3673 3510 redettmlum,'utpnte
3693 3442 3800 3512 qui.

2249 3533 2354 3588 nisi
2415 3532 2699 3588 nobiscum
2753 3530 2988 3587 adfuerit
3048 3547 3207 3601 puer,
3253 3530 3441 3587 dolore
3508 3535 3802 3601 moriturus

2244 3632 2360 3676 est:
2385 3617 2613 3673 dimisso
2636 3618 2775 3685 ergo
2805 3616 3009 3685 ipsoiut
3038 3615 3104 3670 ad
3134 3625 3340 3685 patrem
3367 3617 3570 3681 redeat,
3596 3635 3631 3673 e
3654 3622 3799 3673 nobis

2248 3722 2627 3781 quemcunque
2660 3704 2898 3760 volueris
2940 3704 3037 3759 tibi
3086 3706 3138 3760 in
3177 3720 3394 3760 servum
3437 3706 3662 3762 trabeas.
3701 3708 3797 3762 Re.

2248 3802 2465 3871 spondit
2482 3800 2680 3869 Ioseph
2706 3798 2889 3854 :Absit
2905 3808 2961 3851 ut
2979 3798 3145 3851 alium
3168 3811 3327 3866 quam
3346 3810 3471 3850 eum
3487 3799 3632 3867 apud
3646 3812 3797 3866 quem

2252 3909 2340 3948 res
2371 3901 2586 3947 nostras
2610 3888 2979 3961 invenerimus
3009 3888 3365 3951 detineamus.
3392 3884 3530 3942 Tum
3559 3887 3795 3979 ipsorum

2252 3990 2512 4044 misertus
2548 4004 2563 4039 :
2599 3984 2731 4054 Ego,
2775 3968 3236 4051 inquit,'93-95
3266 3978 3433 4063 frater
3469 3997 3588 4037 sum
3625 3970 3797 4037 vester

2253 4079 2476 4145 Ioseph,
2512 4092 2580 4131 ne
2621 4074 2760 4130 male
2791 4089 2897 4128 vos
2915 4074 3127 4137 habeat,
3157 4087 3332 4142 neque
3372 4072 3630 4128 timentis.

2315 4162 2494 4225 Missis
2535 4183 2667 4237 ergo
2718 4166 2782 4219 ad
2825 4163 3093 4220 Iacobum
3129 4165 3380 4219 tentoriis
3431 4174 3485 4218 et
3515 4166 3795 4235 plaustris,

2247 4259 2419 4325 ipsum
2475 4274 2599 4313 cum
2662 4263 2772 4310 tota
2821 4255 3074 4323 progenie
3111 4270 3209 4310 sua
3260 4269 3300 4308 a.
3337 4250 3481 4310 terra
3541 4257 3792 4312 Chanaan

2248 4350 2302 4402 in
2356 4346 2644 4417 Egyptum
2696 4346 2957 4399 traduxit.
3000 4343 3409 4413 ingressusque
3472 4354 3558 4399 est
3635 4344 3795 4403 Iacob

2178 4434 2220 4489 Ι)
2250 4437 2541 4515 AEgyptum
2598 4450 2741 4491 anno
2800 4436 2960 4491 famis
3009 4433 3248 4489 secundo
3306 4432 3608 4507 [vel‘juxta
3657 4436 3791 4491 aliud

2244 4528 2538 4598 exemplar,
2569 4524 2772 4598 tertio],
2831 4542 3045 4594 unaque
3073 4542 3197 4581 cum
3218 4527 3337 4596 ipso
3381 4529 3494 4582 nati
3530 4526 3794 4598 ipsius,“

2241 4618 2465 4687 nepotes
2494 4632 2558 4672 ex
2592 4618 2766 4687 ipsius
2807 4617 3006 4671 lumbis
3034 4617 3304 4688 prognati,
3338 4622 3534 4686 praeter
3563 4619 3789 4674 filiorum

2243 4725 2439 4763 uxores
2482 4710 2550 4763 ab
2600 4710 2720 4778 ipso
2770 4724 2875 4763 non
2926 4719 3244 4779 prognatae.
3288 4724 3408 4763 cum
3452 4706 3691 4779 Iosepho
3735 4710 3809 4762 ac‘

2242 4798 2643 4867 duobusipsius
2693 4798 2817 4854 filiis
2873 4790 3121 4854 hominés
3169 4800 3511 4869 septuaginta
3541 4841 3557 4865 ,
3609 4798 3795 4854 Iacobo

2246 4902 2375 4947 tunc
2412 4893 2672 4961 temporis
2703 4905 2879 4944 annos
2907 4898 3121 4945 centum
3144 4899 3199 4944 ct
3229 4891 3450 4958 triginta
3476 4900 3623 4946 nato.
3656 4891 3787 4947 Suti-

2241 4982 2376 5038 stitit
2406 4990 2583 5036 autem
2610 4979 2777 5035 Iacob
2812 4982 2864 5032 in
2885 4978 3116 5049 Egypto
3161 4993 3334 5035 annos
3369 4980 3781 5048 septemdecim;

2242 5075 2330 5130 ubi
2393 5090 2535 5137 anno
2564 5074 2686 5127 vitae
2722 5071 2847 5127 Levi
2878 5069 3212 5136 octogesimo
3253 5072 3397 5129 diem,
3435 5072 3607 5127 obiit:
3651 5072 3781 5126 unde

2240 5168 2293 5222 in
2329 5162 2530 5221 terram
2576 5162 3191 5233 Chanaan-reportatum
3223 5163 3554 5232 sepelierunt
3583 5164 3771 5232 Ioseph

2240 5256 2528 5324 caeterique
2582 5272 2597 5307 ‹
2611 5255 2700 5324 jus
2737 5253 2827 5307 filii
2874 5252 3025 5322 juxta
3064 5251 3299 5307 lsaacum
3346 5261 3551 5323 patrem
3598 5270 3767 5309 suum.

2239 5350 2434 5402 Totum
2464 5356 2640 5401 autem
2680 5346 2823 5415 quod
2864 5346 2995 5397 vixit
3036 5342 3207 5399 Iacob
3230 5343 3355 5399 anni
3392 5354 3521 5400 sunt
3560 5355 3763 5401 centum

2240 5440 2593 5511 quadraginta
2632 5440 2860 5505 septem.
2894 5436 3104 5490 Kahato
3141 5444 3261 5505 post
3283 5435 3569 5505 sexaginta
3601 5451 3762 5491 annos

2243 5541 2405 5586 natus
2449 5540 2531 5584 cst
2577 5528 2652 5581 in-
2684 5527 2916 5598 Egypto
2958 5526 3200 5581 Amrani.
3240 5528 3397 5582 Anno
3437 5534 3617 5582 autem
3660 5528 3769 5581 vita

2244 5618 2433 5674 liahati
2479 5618 2692 5672 decimo
2722 5619 2931 5685 quinto,
2976 5615 3112 5670 obiit
3156 5614 3393 5685 Ioseph,
3439 5631 3600 5685 quem
3647 5632 3770 5671 ειηε

2246 5709 2559 5784 impositum
2592 5689 2924 5777 sepelierunt
2992 5707 3185 5763 fratres
3234 5704 3405 5791 ipsjus
3447 5706 3500 5763 in
3530 5704 3765 5780 Egyptn,
