3950 6348
151 311 248 374 929

1554 307 1591 363 Λ
1606 304 1752 365 ΝΝΛ
1767 308 1915 368 LES.

3234 317 3339 379 930

147 443 257 481 cum
286 404 452 479 annos
491 433 709 478 centum
745 430 796 475 ct
832 423 1014 476 decem
1060 418 1302 474 vixisset.
1350 417 1549 473 Ferunt
1592 420 1678 473 alii
1712 422 1754 479 Α
1785 421 1995 488 gionent
2029 419 2210 490 llcjztzi
2250 420 2457 492 aufugit
2483 464 2496 487 ,
2532 421 2622 493 ubi
2669 423 2722 477 in
2766 423 2898 481 urbe
2928 425 3149 497 Madyan
3188 430 3340 484 habi—

144 514 345 584 Joscphi
377 528 577 583 corpus
624 526 765 565 arcte
810 522 1124 563 marmorea:
1154 506 1461 575 impositum
1497 504 1551 573 in
1587 505 1677 557 Ni-
1721 535 1728 543 '

146 612 243 663 lunt
276 607 601 678 proiecturus
631 602 819 657 fuisse.
862 600 1030 655 Porro
1068 600 1305 652 Amrano
1338 606 1461 664 post
1500 608 1679 671 annos

142 677 472 769 septuaginta
516 677 630 748 ti'es
676 700 840 749 natus
876 699 960 747 est
996 690 1244 755 Miriam;
1297 693 1419 755 post
1459 692 1677 755 septnav

140 793 276 862 ginta
326 796 529 857 septem
568 784 803 839 Ahron:
858 790 981 852 post
1020 781 1297 850 octoginta
1340 774 1537 843 Moses,
1586 778 1673 831 cui

138 897 252 951 pax.
287 877 427 932 Vixit
459 884 640 929 autem
674 874 729 928 in
760 880 934 927 totum
981 869 1189 924 Amran‘
1238 882 1410 922 annos
1454 878 1673 922 centum

138 968 342 1041 triginta
390 972 508 1021 sex.
545 966 702 1019 Anno
729 963 852 1017 vitae
880 960 1101 1016 Amrani
1150 960 1423 1015 tricesimo
1446 958 1677 1027 septimo

137 1071 378 1117 mortuus
406 1044 491 1111 est
518 1056 629 1127 96
656 1050 811 1119 Levi,
843 1068 969 1108 cum
1002 1058 1421 1107 annos‘centum
1458 1049 1676 1118 triginta

137 1158 349 1221 septem
376 1147 624 1202 vixisset.
671 1146 830 1201 Anno
868 1145 993 1199 vitae
1045 1128 1678 1212 ejusdcm'sexa'gesimo

137 1240 357 1308 septimo
386 1238 523 1291 obiit
562 1235 764 1303 Kahat,
815 1247 988 1289 annos
1016 1242 1179 1286 natus
1225 1238 1446 1285 centum
1487 1224 1675 1295 viginti

135 1341 353 1396 septem.
410 1311 635 1383 Mortuis
662 1335 839 1383 autem
867 1323 1104 1393 Josepho
1133 1330 1188 1377 et
1218 1318 1483 1376 fratribus
1504 1316 1678 1386 ipsius

135 1418 451 1485 exterisque
501 1417 618 1487 ejus
652 1415 839 1472 muli
866 1413 1141 1475 omnibus,
1177 1424 1304 1465 cum
1339 1403 1676 1477 multiplicati

132 1518 305 1562 essent
358 1506 457 1581 tilii
506 1505 722 1562 lsraells
789 1503 1039 1573 ﬁliosque
1113 1501 1431 1571 genuissent
1480 1498 1680 1565 quibus

132 1580 439 1666 impleretur
486 1607 631 1653 terra
677 1581 920 1665 Egypti,
969 1592 1258 1662 praefectus
1305 1588 1540 1662 Egypto
1586 1580 1700 1646 rexi

131 1691 217 1756 qui
262 1688 561 1759 Josephttm
614 1702 723 1742 non
756 1693 940 1748 uorat,
981 1684 1121 1738 dixit
1158 1682 1497 1739 consiliariis
1528 1684 1676 1739 suis:

1788 514 1966 579 tavit,
2026 513 2206 582 ibique
2248 529 2473 569 uxorem
2516 513 2707 579 duxit,
2772 518 2997 579 nomine
3044 519 3337 589 Sipburant
3388 525 3392 529 ’

1784 601 1951 657 ﬁliam
2001 602 2191 659 .lethro
2253 610 2434 677 (quem
2482 606 2687 661 Arabes
2737 605 2949 663 Shoatb
3001 596 3337 680 appellant),

1783 691 2034 756 lsmacle,
2080 693 2371 748 Abrahatni
2425 693 2554 758 lilio,
2602 693 2844 760 oriundi,
2879 698 3061 766 templi
3094 699 3147 753 in
3204 700 3340 754 urbe

1784 783 2024 855 lladyan
2094 786 2410 842 sacerdotis.
2466 786 2794 858 Peperitque
2849 785 3121 859 Siphnrah
3178 791 3339 848 Mosis

1783 875 1919 930 duos
1950 874 2112 938 tillos,
2143 874 2365 931 Gersom
2417 886 2470 933 et
2509 876 2752 949 Elyazer.
2783 876 2917 932 Dum
2939 889 3128 945 autem
3152 895 3341 949 pasee-

1782 974 1864 1021 ret
1899 965 2056 1035 100
2086 964 2259 1021 Moses
2295 981 2425 1021 oves
2463 969 2639 1024 soceri
2679 971 2762 1025 sui
2800 968 3012 1040 Jetbro,
3049 984 3176 1025 ecce
3209 984 3341 1026 con-

1783 1057 1962 1127 spexit
1996 1058 2049 1110 in
2084 1065 2267 1111 monte
2292 1056 2662 1128 rub'umigne,
2694 1059 2872 1114 medio
2902 1059 3013 1122 die,
3049 1058 3343 1114 ﬂamman-

1782 1159 1911 1213 tem,
1944 1147 2143 1202 arbore
2188 1146 2311 1217 igne
2342 1162 2449 1202 non
2484 1142 2826 1218 consumpta.
2857 1148 3011 1215 Quod
3042 1159 3099 1204 nt
3133 1152 3342 1207 videret

1782 1238 2462 1308 accedentemiinclamavit
2485 1236 2747 1293 Dominus
2769 1240 2989 1308 exrabo:
3017 1238 3092 1294 Ne
3117 1242 3339 1305 timeas,

1782 1329 1976 1396 Moses,
2023 1346 2124 1401 ego
2176 1329 2445 1401 siquidem
2489 1330 2747 1385 Dominus
2778 1346 2921 1385 sum.
2961 1330 3042 1384 Ad
3094 1331 3339 1385 Pharao-
3420 1384 3423 1385 ν

1784 1410 1905 1475 nem
1951 1421 2142 1476 abiens
2175 1421 2371 1493 jnbeas
2404 1421 2577 1491 ipsum
2620 1420 2760 1475 tilios
2813 1419 3044 1477 lsraelis'
3066 1420 3342 1507 dimittere

1783 1527 1895 1583 quo
1941 1512 2082 1566 mihi
2130 1513 2391 1568 serviant.
2426 1513 2571 1567 Abiit
2611 1517 2742 1582 ergo
2776 1510 2953 1568 Moses
2996 1513 3063 1568 ad
3099 1510 3340 1567 Pharao-

1786 1614 1930 1667 nem,
1962 1616 2156 1669 annos,
2187 1616 2296 1672 quo
2328 1612 2565 1671 tempore
2607 1602 2877 1658 allocutus
2907 1612 2991 1658 est
3018 1596 3195 1672 ipsum
3241 1602 3342 1655 Do-

1725 1745 1750 1763 ,_
1786 1694 2007 1759 minus,
2071 1700 2230 1760 natus
2282 1683 2583 1763 octoginta,
2622 1691 2840 1745 Ahrone
2891 1692 3162 1762 octoginta
3225 1700 3340 1747 tres

134 1780 278 1834 lulti
302 1786 598 1835 evaserunt
625 1776 904 1841 Israelita,
936 1791 1114 1846 neque
1134 1776 1307 1831 securi
1339 1788 1462 1829 esse
1487 1780 1681 1843 ναίειν-
1718 1759 1760 1814 Β
1786 1794 1935 1850 nam,
1971 1759 2220 1839 κίε-ἰδυίῃ
2267 1759 2456 1837 βοτοτξ
2500 1782 2741 1853 ipsorum
2780 1759 3052 1851 octoginta
3104 1793 3334 1852 septem.

132 1887 269 1949 mus,
294 1869 513 1951 qninsi
535 1869 759 1939 prodeat
790 1868 846 1924 in
878 1882 979 1923 nos
1018 1866 1238 1923 rebellis
1282 1865 1483 1934 aliquis
1520 1879 1679 1934 apem

131 1959 225 2031 ipsi
257 1960 563 2015 laturi‘sint
589 1960 654 2015 ad
689 1974 788 2015 nos
828 1973 895 2015 ex
922 1958 1158 2030 Egypto
1182 1956 1485 2027 pellendos.
1534 1956 1683 2009 Prte-
1721 2008 1726 2014 .

130 2053 255 2108 fecit
277 2068 409 2124 ergo
444 2052 580 2122 ipsis
623 2051 909 2122 Egyptios
946 2050 1038 2119 qui
1072 2048 1219 2117 ipsos
1252 2046 1308 2101 in
1358 2045 1679 2101 servitutem

129 2142 448 2213 redigentes,
486 2142 622 2197 dure
665 2140 873 2196 servire
917 2146 1212 2209 coegerunt
1270 2136 1416 2191 circa
1473 2135 1680 2202 lutum,

131 2233 346 2292 lateres.
380 2239 437 2286 et
479 2231 685 2301 lapides
725 2238 1048 2303 montesque
1085 2226 1452 2297 excavandos,
1499 2234 1687 2281 caver-

133 2340 226 2381 nas
278 2320 668 2394 [eﬂodiendas]
718 2330 773 2377 et
810 2330 1011 2377 terram
1061 2319 1386 2376 colendam:
1458 2320 1597 2390 quin
1628 2327 1683 2374 et

132 2407 445 2469 mandatum
471 2410 868 2468 obstetricibus
897 2409 1045 2466 dedit
1069 2421 1260 2479 omnes
1288 2408 1379 2477 qui
1415 2406 1681 2463 lsraelitis

132 2512 488 2561 nascerentur
517 2516 696 2577 mares
726 2516 759 2557 e
788 2499 971 2556 medio
994 2498 1267 2565 tollendi,
1294 2498 1459 2568 atque
1487 2499 1551 2585 in
1581 2496 1683 2551 ilu-

130 2598 271 2653 vium
333 2594 658 2667 projicieudi
713 2614 727 2651 :
792 2591 929 2647 adeo
976 2600 1033 2645 ιιι
1088 2590 1254 2646 occisi
1303 2598 1359 2646 et
1421 2590 1476 2644 in
1516 2587 1683 2643 ﬂuvie

132 2685 401 2741 submersi
461 2683 665 2766 fuerint
726 2682 961 2738 infantes
1008 2681 1101 2751 qui
1164 2694 1451 2741 numerum
1490 2692 1680 2737 sexce-

130 2775 277 2832 dant.
327 2818 341 2829 ν
475 2776 490 2793 ⁸
707 2817 709 2821 ⁴
1186 2821 1190 2824 .

196 2867 333 2923 Cum
386 2881 518 2939 ergo
569 2873 732 2921 natus
781 2871 927 2931 esset
965 2862 1162 2931 Moses.
1209 2860 1458 2919 metuens
1506 2871 1681 2918 mater

118 2957 301 3031 ipsius
329 2974 399 3015 ne
427 2974 459 3015 e
496 2957 675 3013 medio
713 2955 1022 3025 tolleretur,
1050 2953 1440 3023 ipsumtribus
1480 2954 1684 3030 mensi-

132 3048 231 3105 ltus
273 3040 606 3106 abscondit:
655 3046 850 3119 deinde
882 3045 987 3101 sibi
1034 3052 1281 3101 metuens
1312 3042 1532 3116 (nomen
1575 3045 1683 3116 ipsi

128 3139 245 3201 erat
272 3139 579 3222 Joehabad)
626 3144 864 3197 arcam‘e
884 3136 1067 3209 iuncis
1091 3135 1331 3193 confecit
1374 3136 1453 3207 (in
1489 3138 1625 3207 lege,
1653 3153 1684 3193 e

131 3231 299 3304 limis
325 3231 502 3302 pineis
529 3228 775 3285 coniecta
806 3226 1031 3298 dicitur)
1079 3242 1145 3283 ac
1168 3227 1289 3297 pice
1319 3226 1486 3293 intus,
1519 3237 1685 3300 atque

130 3332 281 3381 extra
303 3322 532 3384 oblevit.
571 3320 660 3377 cui
689 3334 914 3392 puerum
948 3318 1262 3390 impositum
1298 3320 1353 3373 in
1400 3318 1684 3377 breviatad

128 3412 234 3470 Nili
264 3413 424 3469 littus
455 3410 707 3482 proiecit,
740 3412 795 3479 in
826 3411 961 3467 urbe
994 3408 1146 3464 Dhan
1174 3410 1437 3480 appellata
1463 3452 1479 3476 ,
1520 3413 1684 3467 ditio—
1741 3484 1745 3487 _

131 3505 215 3563 uls
260 3503 613 3574 Egyptiacte,
650 3515 764 3570 quo
800 3498 1045 3554 sublatus
1072 3497 1361 3561 ﬂuctibus.
1414 3500 1529 3570 ipsa
1566 3504 1685 3559 "non

124 3593 347 3661 sidente
376 3594 843 3664 submergeretur.
879 3587 1131 3660 97.99
1182 3589 1331 3646 Sedit
1363 3602 1549 3645 autem
1594 3590 1686 3645 Mi-

130 3686 265 3739 riam
308 3697 472 3741 soror
520 3681 690 3737 Hosis
721 3695 754 3737 ο
787 3681 1085 3752 longinquo
1133 3691 1191 3734 ut
1226 3677 1373 3751 quid
1420 3680 1486 3737 de
1517 3697 1685 3751 puero

130 3766 283 3829 tieret
323 3772 559 3828 videret.
614 3769 958 3827 Descendens
996 3785 1130 3840 ergo
1171 3768 1477 3839 Pharaonis
1538 3772 1642 3825 tilia
1666 3810 1682 3837 ,

98 3864 347 3920 nomine
379 3852 577 3934 Siyun,
606 3869 665 3916 ut
691 3875 750 3916 se
777 3860 831 3916 ln
853 3859 975 3914 Nilo
1015 3848 1277 3925 ablueret,
1309 3862 1495 3917 audito
1528 3862 1681 3931 pueri

90 4029 95 4035 '
129 3956 183 4010 in
213 3969 343 4014 arca
376 3955 582 4024 vagitu,
614 3962 671 4008 et
699 3952 1095 4019 misericordia,
1147 3942 1445 4025 teneroque
1481 3953 1683 4009 aﬂ‘ectu

128 4036 257 4116 erga
288 4046 469 4116 ipsum
498 4052 796 4109 commota,
831 4044 1009 4114 ipsum
1033 4042 1099 4098 ad
1128 4058 1188 4100 se
1214 4045 1440 4114 recepit,
1465 4044 1685 4115 jubens

129 4137 299 4208 quaeri
346 4136 613 4190 nutricem
658 4149 781 4205 qua:
824 4134 1001 4204 ipsum
1035 4126 1264 4191 lactaret
1291 4142 1458 4207 atque
1485 4137 1682 4193 educa-

130 4232 237 4281 ret.’
268 4227 581 4281 Accurrens
625 4238 756 4294 ergo
784 4223 851 4278 ad
895 4224 1074 4294 ipsum
1106 4226 1347 4291 Miriam,
1396 4226 1562 4283 Ilosis
1587 4242 1682 4282 so-

121 4308 243 4381 ror,
295 4315 458 4381 dixit,
496 4315 857 4385 quesituram
902 4329 964 4369 se
1014 4316 1281 4372 nutricem
1315 4331 1381 4372 ex
1415 4315 1681 4373 lsraelitis

1784 1873 1954 1929 Porro
1986 1886 2132 1928 anno
2158 1872 2284 1939 vitae
2312 1870 2479 1928 Mosis
2513 1865 2966 1942 quinquagesimo
2996 1882 3152 1929 sexto
3194 1888 3339 1927 mor-

1782 1960 1911 2021 tuus
1932 1974 2018 2020 est
2046 1971 2210 2033 pater
2232 1963 2404 2033 ipsius
2438 1966 2661 2026 Amran,
2692 1963 2852 2034 cujus
2876 1966 2985 2019 vita
3022 1973 3139 2019 erat
3169 1978 3341 2019 anno-

1784 2066 1900 2109 rnm
1928 2063 2146 2111 centum
2188 2054 2409 2125 triginta
2452 2068 2570 2109 sex.
2618 2052 3018 2124 Prophetarum
3058 2063 3236 2109 autem
3267 2056 3338 2108 'in
3406 2112 3415 2117 ,ν

1780 2142 2016 2214 Egypto
2054 2143 2109 2197 in
2134 2143 2397 2199 lsraelitis
2423 2132 2657 2207 ZaraCh,
2692 2158 2722 2198 e
2760 2143 2880 2199 tiliis
2908 2142 3290 2210 Judze,'Zamri
3316 2170 3351 2203 ,τ

1781 2232 2062 2299 Abiathar,
2102 2231 2353 2298 Haiman,
2402 2230 2625 2298 Hateuc,
2671 2232 2869 2298 Darda,
2904 2241 2960 2289 et
2994 2232 3189 2287 deinde
3223 2233 3339 2288 Mo-

1782 2338 1893 2379 ses.
1935 2321 2367 2385 Fnit-numerus'
2391 2321 2627 2377 ﬁliorum
2677 2321 2846 2395 Israel
2883 2320 3004 2378 cum
3034 2322 3335 2395 Egyptum

1781 2415 2191 2485 ingrederentur
2212 2412 2492 2470 hominum
2506 2412 2880 2483 septuaginta,
2916 2409 3366 2483 habitaruntque-

1780 2504 1840 2561 in
1860 2502 2298 2577 Egypto‘annos
2319 2503 2585 2559 ducentos
2614 2513 2671 2558 et
2691 2502 3100 2573 septemdecim,
3137 2519 3166 2557 a
3202 2502 3339 2559 Pha-

1771 2597 2179 2656 -raonib‘us.sibi
2211 2585 2443 2651 invicem
2477 2587 2901 2673 succedentibus
2936 2596 2990 2650 in
3017 2596 3336 2650 servitutem

1780 2686 2010 2750 redacti.
2031 2683 2186 2752 Quod
2214 2681 2265 2744 si
2289 2682 2490 2738 dixerit
2508 2682 2654 2753 quis,
2676 2683 2942 2753 scriptum
2969 2697 3088 2739 esse
3108 2683 3162 2738 in
3196 2683 3337 2753 lege,

1781 2760 1920 2825 illius
1971 2759 2267 2825 δικ-³1ηωί
2302 2768 2372 2823 νίη
2406 2767 2690 2825 servitute
2734 2770 3013 2825 detentum
3059 2770 3124 2825 iri
3165 2785 3339 2826 annos

1780 2858 2230 2929 quadringentos,
2280 2856 2357 2929 [in
2409 2857 2519 2913 alio
2569 2860 3056 2935 exemplari,-tllios
3102 2860 3337 2935 lsraelis]

1782 2945 2061 3015 quomodo
2083 2957 2215 3023 ergo
2242 2943 2393 3015 dicas
2418 2944 2572 3016 ipsos
2602 2946 2859 3003 serviisse
2876 2942 3051 3005 annoi
3069 2951 3336 3012 ducentos

1784 3044 1839 3091 et
1871 3032 2295 3105 septemdecim?
2329 3022 2733 3107 respondemus.
2759 3030 2900 3108 ipsi,~
2919 3043 3132 3097 nescire
3157 3046 3333 3117 ipsum

1783 3140 1814 3180 a
1843 3138 1954 3195 quo
1977 3134 2217 3194 tempore
2248 3131 2546 3195 supputare
2584 3123 2778 3181 debeat
2812 3124 2873 3182 ut
2901 3143 3172 3205 annorum.
3200 3152 3336 3207 qua-

1783 3218 2193 3286 dringentorum
2233 3217 2466 3286 spatium
2505 3214 2799 3285 conﬁciat.
2832 3219 2988 3276 Scias
3019 3224 3335 3298 libro'legis

1784 3310 1959 3382 primo
2008 3308 2349 3397 101-103
2400 3308 2564 3363 Deum
2617 3310 2952 3379 (cujusvlaus
2990 3315 3333 3391 celebranda)

1783 3402 1989 3457 dixisse
2016 3401 2328 3456 Abrahamo
2356 3419 2371 3456 :
2399 3400 2587 3473 Aspice
2613 3402 2799 3457 uelum
2839 3414 2887 3457 et
2929 3407 3214 3483 stellatus}
3243 3427 3338 3478 ρο..

1785 3495 1930 3555 teris,
1959 3506 2251 3559 sustinens,
2294 3494 2370 3546 ita
2412 3488 2565 3559 chim
2592 3509 2647 3548 se
2696 3494 2901 3549 habebit
2946 3513 3116 3553 semen
3143 3476 3335 3567 ληίην,

1788 3584 1932 3640 Dixit
1962 3584 2129 3639 etiam
2162 3582 2265 3653 ipsi
2299 3580 2561 3636 Dominus
2586 3598 2600 3636 :
2630 3568 2751 3652 Ego
2798 3567 2917 3636 erant
2968 3582 3217 3638 Dominus
3250 3588 3339 3655 qui

1785 3691 1834 3733 te
1859 3676 2019 3751 eduxi
2048 3690 2077 3729 e
2106 3673 2284 3731 Karra
2304 3660 2672 3729 Chaldaorum
2720 3674 2775 3727 in
2802 3670 2955 3737 hanc,
2976 3691 3132 3744 quant
3161 3676 3255 3739 tibi
3284 3678 3338 3730 in

1784 3760 2138 3835 hereditatem
2189 3752 2310 3817 dedi
2356 3772 2572 3828 terram.
2644 3762 2703 3817 Et
2752 3750 2978 3818 dicenti.
3013 3765 3334 3831 Abrahamo,

1784 3840 2005 3910 Domine
2042 3857 2134 3919 mi,
2178 3852 2436 3924 quomodo
2494 3855 2659 3908 sciam
2704 3871 2783 3908 nte
2822 3872 2939 3910 eant
2992 3855 3337 3929 Itan-editam-

1768 3934 1900 4001 iram
1925 3947 1950 4000 2
1997 3946 2136 4000 dixit
2166 3935 2425 3999 Dominus
2454 3963 2468 3999 :
2500 3944 2762 4013 Acceptis,
2781 3946 3026 4015 jttsenco,
3059 3930 3243 4015 ariete,
3289 3958 3340 4001 et

1784 4037 1943 4107 capra
1973 4036 2279 4103 triennibtt‘s.
2328 4050 2533 4105 unaque
2559 4045 2763 4089 turture
2789 4037 3135 4105 etcolttmba,
3177 4039 3340 4107 ipsis.

1782 4147 1879 4202 que
1901 4129 2173 4200 aequaliter
2198 4128 2401 4193 divisis,
2436 4129 2619 4182 omnia
2643 4128 2877 4196 ipsorum
2902 4132 3135 4184 membra
3177 4147 3214 4190 e.
3248 4147 3334 4185 re-

1782 4224 1930 4292 gione
1970 4222 2183 4290 pariunt
2230 4236 2446 4274 suorum
2478 4224 2708 4285 stdtuas,
2754 4221 2937 4276 avibus
2990 4231 3194 4277 tantum
3236 4239 3339 4277 nn

1782 4314 1963 4379 divisis
1986 4318 2029 4367 ⁸.
2091 4313 2243 4379 Quod
2321 4326 2441 4366 cum
2509 4309 2767 4386 fecisset:
2814 4300 3112 4379 Abraham,
3170 4329 3338 4384 prope

128 4407 387 4481 quc‘lpsi
410 4407 577 4462 ubera
605 4405 871 4475 praeberet
893 4416 948 4459 et
975 4404 1201 4461 foveret.
1236 4407 1679 4477 Abiensquema-
1713 4396 1968 4462 Deberat
2015 4413 2075 4461 ut
2128 4403 2431 4481 involarent
2466 4399 2594 4460 aves
2658 4403 2712 4458 in
2757 4411 2938 4473 partes
2974 4404 3063 4476 ita
3108 4405 3333 4472 divisas,

131 4510 267 4555 trem
300 4512 458 4553 suam
496 4499 638 4566 (qua:
667 4494 839 4550 Mosls
867 4495 1027 4550 etiam
1066 4498 1258 4566 mater)
1281 4486 1551 4563 adduxit,
1582 4514 1677 4553 ne-

130 4592 338 4648 sciente
375 4587 673 4645 Pharaonis
700 4584 811 4641 ﬁlia
840 4587 1013 4658 ipsam
1049 4598 1283 4646 matrem
1316 4588 1434 4657 ejus
1466 4588 1636 4644 fuisse
1661 4630 1677 4655 ,

128 4683 251 4753 qua:
314 4697 539 4754 puerum
603 4682 724 4751 ipsi-
754 4681 1063 4737 lactandum
1114 4688 1280 4750 atque
1332 4679 1672 4735 educandum

134 4776 379 4831 tradidit.
828 4794 831 4799 ν

199 4868 336 4924 Cum
386 4850 567 4922 autem
609 4865 914 4931 ad-tetatem
944 4864 1054 4933 jam
1091 4861 1305 4943 virilem
1344 4862 1677 4943 pervenisset

138 4958 336 5026 Moses,
365 4970 656 5031 conspecto
698 4947 941 5012 Israelita
978 4953 1214 5024 quodam
1241 4953 1332 5021 qui
1367 4942 1489 5006 eum
1517 4951 1681 5023 Egy-

136 5052 247 5121 ptio
275 5049 649 5111 contenderet,
683 5048 800 5116 ipse
828 5044 1144 5123 Egyptium
1177 5041 1382 5096 inﬂicto
1427 5042 1535 5096 ictu
1584 5057 1679 5096 oc-

136 5142 287 5205 cidit,
315 5140 558 5211 atquein
596 5153 762 5193 arena
791 5136 1077 5207 sepelivit;
1105 5142 1271 5203 atque
1309 5127 1516 5201 aliquot
1550 5124 1683 5201 post

137 5236 350 5298 diebus,
401 5248 521 5287 cum
553 5232 696 5291 inter
727 5246 787 5285 se
810 5228 1149 5284 certantibus
1175 5225 1437 5282 lsraelitis
1465 5225 1680 5278 duobus

138 5338 479 5395 sequestrum
507 5338 566 5377 se
592 5324 877 5391 ingereret,
922 5321 1178 5375 dixerunt
1212 5319 1284 5372 llli
1323 5335 1338 5370 :
1387 5317 1591 5372 Forsan
1628 5325 1680 5371 et

140 5398 384 5475 nostrum
410 5418 639 5470 alterum
691 5413 1075 5469 interfecturus
1131 5428 1191 5466 es
1238 5412 1312 5469 uti
1368 5409 1481 5473 beri
1515 5408 1680 5479 IEgy-

142 5512 310 5591 ptium
330 5505 665 5562 interfecisti.
693 5502 871 5568 Quare
898 5516 1144 5559 metuens
1176 5503 1275 5557 sibi
1309 5500 1484 5557 Moses
1510 5502 1564 5554 in
1600 5516 1676 5555 rc-

213 5683 476 5752 ‘Gen.xv,
499 5683 615 5737 5~9.
694 5682 867 5741 'ibid.
902 5682 987 5744 l5,
1022 5682 1107 5736 15.

1752 4522 1753 4525 η
1785 4511 2074 4569 quascum
2106 4501 2356 4568 vocasset
2402 4492 2702 4560 Abraham,
2737 4494 2839 4549 illa:
2865 4497 2930 4548 ad
2963 4494 3139 4565 ipsum
3174 4510 3336 4550 vene-

1730 4584 1732 4587 ’
1788 4599 1933 4645 runt.
1967 4587 2194 4644 Factum
2217 4597 2305 4642 est
2335 4586 2440 4640 hoc
2461 4589 2525 4639 ad
2555 4599 2811 4663 occasum
2838 4584 3011 4652 solis;
3055 4592 3339 4655 occupavit

1784 4687 1962 4733 auten
2006 4677 2375 4735 Abrahamum
2430 4675 2608 4745 quies,
2651 4682 2704 4729 et
2728 4673 2890 4738 timor
2914 4689 3161 4744 magnus,
3210 4691 3340 4742 ope-

1782 4756 2255 4843 rientibuslpsum
2292 4765 2533 4823 tenebris
2584 4764 2800 4835 spissis.
2847 4760 3098 4843 Dixitque
3158 4762 3346 4819 Domi-'

1784 4875 1884 4913 nus
1895 4840 2206 4912 ‘Abrahamo
2231 4872 2247 4909 :
2276 4854 2438 4910 Certo
2456 4853 2598 4909 scias
2614 4868 2785 4908 semen
2799 4861 2960 4906 suum
2975 4840 3335 4921 habitaturum

1778 4951 1833 5004 in
1887 4960 2024 5032 terra
2068 4948 2370 5031 peregrina,
2404 4948 2459 5000 in
2478 4962 2583 5017 qna
2613 4943 2932 5000 {adorabunt
2960 4938 3333 5019 insanitatem

1782 5039 1980 5093 redacti
2024 5039 2176 5091 annis
2218 5034 2644 5106 quadringentis.
2669 5036 2779 5104 Ego
2822 5046 2941 5088 vero
2984 5033 3329 5101 judicatnrus

1780 5145 1895 5185 sum
1916 5137 2118 5198 gentem
2134 5143 2254 5197 qua
2276 5143 2363 5181 eos
2393 5128 2446 5181 in
2466 5127 2766 5182 servitutem
2790 5123 2987 5195 rediget
3024 5126 3336 5195 exibuntque

1787 5218 1992 5273 tandem
2038 5221 2090 5272 in
2130 5219 2266 5273 Itun'c
2288 5222 2460 5295 locum
2489 5238 2605 5275 cum
2641 5222 2822 5291 opibus
2860 5222 3088 5291 magnis.
3129 5223 3203 5276 Tu
3231 5240 3330 5274 art-

1738 5334 1741 5335 '
1789 5325 1889 5366 tem
1935 5312 2001 5363 ad
2022 5322 2214 5380 patres
2262 5307 2389 5366 tuos
2434 5314 2486 5366 in
2533 5328 2665 5381 pace
2712 5312 3032 5379 translatus,
3073 5326 3334 5368 senectute

1755 5430 1759 5433 ·
1788 5407 1910 5458 bene
1934 5415 2054 5456 acta
2085 5405 2342 5470 sepelieris
2366 5406 2404 5457 '.
2438 5402 2553 5457 Jam
2577 5407 2643 5458 ab
2666 5405 2773 5459 isto
2797 5416 3035 5475 tempore
3061 5422 3168 5474 quo
3196 5410 3332 5461 dixit

1790 5496 2041 5549 Dominus
2101 5494 2424 5559 Abrabatno,
2450 5494 2633 5561 Semen
2658 5505 2805 5553 tuum
2833 5497 3019 5551 servire
3048 5497 3236 5565 [acirnt
3260 5514 3327 5550 att
