3950 6348
583 594 811 646 puerum
847 583 1129 643 Hebraeum
1164 589 1257 660 qui
1288 595 1500 650 somnia
1550 588 2024 675 interpretaretur;
2050 612 2142 677 cui

579 686 714 741 ergo
741 672 937 731 adduci
961 678 1119 748 jusso
1145 677 1279 737 dixit
1311 682 1588 760 i‘haraoh,
1617 692 1822 754 vidisse
1843 710 1903 751 se
1934 672 2140 769 septem

576 777 773 818 vaccas
796 807 810 830 ,
845 768 1072 837 pingues
1103 777 1303 854 e'mari
1337 779 1685 851 prodeuntes,
1713 793 1767 840 et
1801 798 1922 857 post
1947 768 2039 845 eas
2059 806 2145 849 se-

581 864 724 924 ptem
742 859 1203 934 macilentas,que
1221 868 1447 938 pingues
1470 872 1822 934 devorarent:
1847 890 1959 936 tum
1978 885 2140 940 etiam

578 947 781 1002 vidisse
812 963 873 1005 se
900 961 1105 1022 septem
1138 958 1318 1025 spicas
1342 975 1556 1019 crassas
1585 980 1615 1022 e
1646 978 1786 1023 terra
1811 973 2141 1041 prodeuntes

577 1036 775 1094 deinde
811 1052 1018 1113 septem
1048 1048 1302 1117 graciles,
1335 1052 1536 1118 aridas,
1588 1072 1709 1126 quas
1756 1036 1971 1119 crassas
2019 1066 2141 1123 illas

577 1128 942 1199 deglutirent;
976 1136 1116 1192 dixit
1151 1154 1281 1210 ergo
1324 1143 1402 1198 illi
1437 1142 1668 1218 Ioseph:
1709 1148 1900 1209 Futuri
1930 1169 2058 1212 sunt
2083 1159 2138 1215 in

576 1235 741 1289 regno
770 1232 860 1279 tuo
887 1234 1093 1295 septem
1127 1233 1253 1286 anni
1280 1233 1489 1293 feraces
1510 1277 1528 1303 ,
1553 1240 1748 1298 deinde
1766 1253 1895 1315 post
1912 1262 2007 1306 eos
2047 1264 2138 1306 se-

571 1321 716 1379 ptent
769 1317 896 1370 anni
951 1320 1151 1387 quibus
1178 1325 1280 1378 erit
1314 1340 1545 1385 annona:
1592 1334 1820 1402 penuria
1876 1349 1931 1392 et
1969 1339 2138 1399 fames

573 1402 829 1501 insignis.
861 1408 996 1501 Tum
1029 1411 1287 1482 imposuit
1322 1416 1570 1489 Pharaon
1600 1420 1841 1497 Jo'sepbo
1871 1432 2022 1501 regni
2049 1435 2136 1490 sui

572 1491 995 1583 administrandi
1027 1517 1238 1572 curam,
1279 1510 1482 1567 tradito
1500 1509 1600 1583 ipsi
1621 1491 1825 1574 annulo
1845 1491 1970 1578 sud.
1988 1523 2134 1581 Con-

568 1582 706 1638 didit
737 1601 867 1658 ergo
896 1586 1167 1663 Iosephus
1191 1607 1396 1667 septem
1428 1582 1586 1661 annis
1611 1606 1870 1665 uberibus
1895 1609 2137 1671 frontem

567 1682 682 1729 tum
724 1676 777 1732 in
811 1680 979 1748 spicis
1008 1686 1160 1750 Suis,
1192 1689 1369 1746 donec
1396 1692 1752 1765 implereutur
1775 1716 1896 1771 quae
1942 1720 2132 1762 nume-

568 1778 691 1869 runt
727 1781 991 1840 superant
1044 1780 1317 1860 granaria.
1354 1782 1498 1840 Anni
1543 1796 1671 1845 tunc
1698 1802 1853 1849 erant
1891 1794 2130 1870 Insepho

568 1858 789 1949 triginta
814 1898 830 1923 ,
881 1865 976 1932 qui
1005 1858 1226 1924 uxorem
1254 1871 1411 1928 duxit
1438 1878 1657 1936 nomine
1702 1882 1928 1942 Asinatb
1976 1858 2129 1949 urbis

568 1945 887 2053 Einshemes
906 1956 1208 2017 sacerdotis
1226 1962 1415 2039 filiam,
1447 1984 1568 2039 quae
1600 1972 1758 2031 binos
1788 1980 1889 2048 ipsi
1920 1945 2127 2053 peperit

565 2039 726 2107 ﬁlios,
758 2059 985 2137 quorum
1008 2052 1291 2125 majorem,
1317 2058 1736 2137 primogenitum
1759 2039 2131 2137 si'ilicet,-|ia-

562 2135 908 2205 nassen'ss
931 2142 1243 2224 appellavit,
1272 2147 1502 2205 alterum
1535 2136 1921 2234 Ephr'aimum.‘
1949 2135 2125 2221 Porro

558 2228 836 2305 exstruxit
866 2230 1141 2300 Joscpbus
1186 2238 1471 2299 columnas
1523 2249 1847 2317 mensorias,
1906 2228 2124 2322 quibus

558 2327 734 2419 aqum,
762 2332 1043 2397 crescente
1074 2324 1214 2395 Nilo,
1241 2345 1496 2399 mensura
1533 2340 1748 2410 capitur
1770 2341 1825 2397 in
1862 2342 2122 2419 Egypto,

565 2406 866 2516 loculi-luem
901 2415 1169 2516 Memphin
1204 2433 1419 2481 vocant.
1448 2445 1456 2459 ‘
1481 2406 1669 2488 Sinum
1721 2435 1883 2516 etiam
1915 2406 2125 2516 eﬁodit;

564 2499 657 2564 qui
683 2499 874 2599 hicn-ba
905 2506 1101 2572 audit;
1155 2512 1285 2580 quin
1322 2525 1376 2570 et
1411 2516 1628 2594 lapides
1656 2508 1865 2579 viarum
1916 2499 2129 2599 indices

558 2591 751 2691 erexit.
777 2592 945 2650 Natus
965 2607 1051 2654 est
1072 2610 1253 2657 autem
1282 2603 1433 2673 Levi,
1463 2591 1648 2667 Jacobi
1673 2614 1805 2679 ﬁlio,
1839 2627 1959 2687 post
1980 2591 2127 2691 quae

555 2678 803 2760 draginta
841 2702 1016 2743 annos
1050 2691 1252 2758 Kahat,
1284 2697 1336 2751 in
1364 2708 1503 2754 terra
1523 2678 1910 2773 Cbauanitica,‘
1949 2678 2125 2767 tribus

554 2780 849 2870 antequam
882 2779 1178 2853 Egyptum
1202 2786 1833 2870 iugredereuturannis.
1865 2798 1974 2855 Illis
2007 2803 2123 2858 die-

556 2864 663 2920 bus
689 2867 888 2924 accidit
917 2871 970 2925 in
1011 2872 1246 2945 Egypto
1272 2889 1326 2934 et
1353 2882 1505 2951 Syria
1530 2864 1698 2941 fames
1729 2886 1976 2958 insignis;
2002 2880 2125 2950 coe-

558 2968 774 3013 merunt
808 2976 937 3045 ergo
959 2979 989 3018 a
1023 2963 1260 3039 Josepho
1290 2969 1531 3044 Egyptii
1568 2973 1923 3046 frumentum,
1950 2981 2123 3039 donec

2566 494 2571 499 .
2651 489 2654 490 ν
2691 489 2760 491 νν-
2784 489 2894 493 νενν-
2922 489 3016 499 «vv
3044 489 3336 507 "'l"'--"'
3353 489 3428 509 *τι
3461 489 3646 501 --υ--ν-ιυ
3668 489 3802 516 -ιινκ

762 489 837 543 mi
873 492 963 560 (Ιηί
1013 509 1042 555 λ
1094 499 1306 565 [locum
1351 501 1451 571 ipsi
1482 519 1621 573 eral.
1668 523 1790 591 esse
1838 513 1893 567 itt
1927 514 2147 573 carc‘ere
2250 540 2335 577 tne
2372 535 2605 587 vestrum
2639 543 2767 594 uno,
2800 530 2866 583 ad
2902 542 3107 600 patrem
3144 545 3383 589 vestrum
3420 536 3758 592 revertimini
3785 582 3803 606 ,

762 597 809 606 ...
847 583 1124 606 11-ι.....---ν-
1175 602 1196 606 __
1244 589 1256 606 ς
1451 595 1463 606 ο
1552 597 1563 606 .

2246 628 2308 668 ac
2339 617 2557 671 fratrem
2590 626 2831 674 vestrum
2867 621 3172 690 minimum,
3210 625 3371 695 cujus
3394 625 3623 680 fratrem
3650 630 3808 682 devo-

2249 707 2388 759 ravit
2417 706 2602 779 lupus,
2634 710 3040 780 adducitefquo
3065 712 3333 770 dictorum
3365 726 3674 774 vestrorum
3714 732 3803 773 re-

2247 795 2458 852 ritatem
2491 811 2824 871 perspectam
2863 804 3110 863 habeam.

2351 886 2486 945 Cum
2533 894 2675 960 ergo
2732 890 2952 948 fratrem
3008 894 3247 963 ipsorum
3274 896 3587 955 Simeonem
3657 899 3805 970 apud

2210 980 2423 1050 _ipsum
2490 980 2877 1053 reliquissent,
2906 987 3050 1042 sacci
3098 989 3341 1059 ipsorum
3378 988 3602 1061 Iosephi
3639 996 3807 1062 jussu

2245 1069 2518 1126 frumento
2565 1072 2773 1143 impleti
2805 1083 2964 1137 sunt,
3004 1074 3437 1147 uniuscujusque
3488 1080 3722 1148 pecunia
3756 1080 3810 1132 in

2242 1174 2404 1215 sacco
2449 1175 2551 1215 suo
2598 1163 2860 1231 reposita.
2896 1164 3029 1235 Cum
3062 1163 3228 1234 igitur
3259 1166 3337 1220 .ad
3384 1176 3593 1236 patrem
3638 1183 3809 1223 suum

2240 1249 2502 1306 Iacobum
2553 1236 2961 1321 pervenientes,
3003 1269 3068 1309 ac
3110 1256 3239 1325 quid
3283 1255 3622 1329 [accidisset]
3673 1272 3814 1325 nas-

2243 1351 2425 1398 rantes
2463 1342 2754 1412 pecuniam
2807 1360 2961 1420 suam
3010 1347 3063 1401 in
3106 1350 3285 1403 saccis
3318 1349 3651 1419 reperissent
3678 1390 3696 1415 .
3742 1355 3813 1407 ad

2242 1432 2569 1513 frumentum
2614 1449 2680 1493 ex
2713 1434 2949 1508 Egypto
2982 1441 3337 1495 coemendum
3372 1442 3598 1503 reversi.
3632 1458 3812 1513 pecu-

2237 1525 2382 1603 ttiam
2416 1512 2600 1591 istam,
2655 1542 2723 1583 ac
2754 1543 2998 1591 summas
3030 1530 3165 1594 istas
3208 1536 3557 1601 acceperunt,
3581 1512 3815 1603 unaque

2235 1599 2650 1686 Benjaminum,
2698 1619 2808 1694 93
2845 1618 3063 1691 Joscphi
3104 1599 3669 1690 fratrenruterinnm,
3702 1599 3812 1678 ad-

2236 1707 2541 1765 duxerunt;
2564 1708 2686 1777 Quo
2728 1713 2844 1767 viso
2879 1712 3185 1768 honoriﬁce
3212 1713 3360 1784 ipsos
3381 1716 3603 1771 tractari
3629 1715 3813 1784 jussit

2234 1797 2433 1870 Joseph
2464 1796 2849 1875 misericordia
2880 1818 3005 1872 erga
3039 1802 3190 1872 ipsos
3219 1805 3811 1875 commotus.1mpleta

2236 1869 2376 1946 sunt,
2410 1869 2569 1961 ergo,
2593 1907 2722 1947 vasa
2758 1892 2999 1961 ipsorum
3030 1892 3343 1958 frumento.
3392 1904 3448 1951 et
3532 1896 3813 1951 uniuscu-

2229 1984 2429 2053 jusque
2459 1982 2575 2038 vasi
2609 1986 2833 2054 pecunia
2860 1985 3035 2056 ipsius
3063 1985 3362 2062 imposita;
3385 1993 3440 2041 at
3461 1988 3577 2043 vasi
3608 1987 3812 2045 fratris

2233 2072 2317 2129 sui
2348 2071 2645 2143 Benjamiui
2698 2072 2951 2142 poculum
3005 2085 3256 2137 aureum,
3304 2075 3450 2144 quod
3491 2071 3809 2130 Pharaonis

2235 2163 2432 2227 fuerat,
2486 2162 2769 2233 imposuit.
2819 2154 3064 2234 Cumque
3098 2178 3131 2219 a
3167 2163 3407 2234 Josepho
3444 2167 3647 2236 egressi
3706 2181 3806 2223 ea-

2232 2264 2377 2319 sent,
2402 2255 2613 2328 Syriam
2647 2270 2836 2311 versus
2862 2254 3167 2320 tendentes,
3200 2255 3430 2318 insecuti
3458 2255 3608 2326 ipsos
3633 2256 3806 2314 lose-

2232 2347 2325 2420 pbi
2384 2345 2525 2405 servi
2572 2338 2833 2402 dixerunt
2891 2344 3424 2418 ipsis:0mnimode
3468 2347 3803 2431 benaxvohis

2218 2424 2359 2493 iecit
2411 2429 2665 2493 dominus
2716 2445 2920 2503 uoster,
2956 2431 3069 2493 ’γοα
3099 2450 3235 2492 vero
3263 2424 3577 2493 omnimodo
3626 2424 3795 2500 male,

2230 2528 2489 2599 poculum
2514 2527 2659 2604 r‘egls
2707 2525 3590 2607 aureum'furati...Responderunt
3617 2528 3795 2598 ipsis:

2230 2618 2385 2689 Apud
2409 2632 2791 2697 quemcunque
2816 2618 2990 2688 ipsum
3004 2617 3339 2688 repereritls,
3362 2618 3611 2675 abducite
3635 2618 3794 2691 illum

2233 2719 2291 2765 ut
2310 2710 2382 2767 sit
2419 2710 2645 2765 domino
2672 2716 2858 2765 vestro
2895 2725 3106 2766 servus.
3139 2708 3341 2785 saccos
3373 2710 3790 2781 ergoipaorum

2231 2800 2582 2871 perscrutati.
2636 2803 2893 2873 poculum
2926 2802 2981 2869 in
3016 2800 3319 2872 Benjamini
3363 2815 3525 2857 sacco
3557 2802 3788 2860 invene-

2229 2900 2398 2947 runt:
2454 2901 2630 2962 quem.
2664 2906 2794 2963 ergo
2839 2893 3170 2963 prehensum
3215 2892 3281 2946 ad
3336 2892 3633 2977 .losepbum
3698 2909 3788 2949 re-

2229 2985 2525 3048 duxerunt,
2560 2985 2920 3041 redeuntibus
2967 3000 3076 3040 una
3124 2983 3387 3050 fratribus
3423 2986 3633 3055 ipsius,
3691 2986 3781 3057 qui

442 3532 445 3536 -
549 3511 606 3553 et
636 3504 922 3560 serendum
959 3509 1239 3581 largiatur.
1306 3516 1451 3573 Emit
1494 3534 1624 3590 ergo
1675 3522 1947 3595 Josepbus
1982 3529 2121 3585 Pha-

544 3047 693 3116 ripsis
725 3062 830 3107 non
859 3068 1167 3125 superesset
1190 3076 1444 3118 nummus
1470 3080 1672 3122 aureus
1702 3069 1787 3124 vel
1810 3080 2121 3141 argenteus.
2153 3106 2196 3164 ο
2228 3073 2463 3145 Josepho
2514 3047 2771 3130 dixerunt
2801 3090 2817 3129 :
2879 3072 3126 3138 Domine,
3170 3084 3322 3144 pater
3378 3086 3563 3131 uoster
3613 3091 3781 3132 senex

562 3140 704 3164 mm,
737 3142 920 3164 LL,
957 3163 1000 3164 ρ
1051 3149 1063 3162 .
1172 3150 1185 3164 .
1385 3154 1398 3164 .

560 3140 705 3207 quod
733 3142 927 3201 deinde
949 3149 1094 3218 agris
1118 3150 1429 3219 ,.jumeutis
1456 3164 1510 3212 et
1559 3158 1767 3217 aedibus
1811 3140 1927 3218 suis
1971 3179 2122 3220 eme-
2154 3140 2196 3164 ν
2228 3174 2311 3219 est
2352 3140 2509 3218 mtate
2541 3173 2850 3233 provectus,
2885 3164 3049 3235 hujus
3087 3140 3265 3220 autein
3303 3165 3524 3222 fratrem
3566 3184 3594 3219 a
3630 3168 3778 3236 lupo,

560 3238 717 3296 runt;
742 3247 805 3289 ac
855 3246 1065 3307 postea,
1111 3256 1232 3297 cum
1274 3246 1407 3300 nihil
1454 3246 1587 3319 ipsis
1616 3250 1885 3322 reliquum
1932 3267 2118 3325 esset,
2226 3257 2305 3310 uti
2340 3255 2440 3311 tibi
2478 3256 2843 3323 narravimus,
2883 3248 3199 3315 deveratum
3240 3258 3536 3329 hocusque
3569 3268 3781 3340 tempus

556 3322 809 3379 dixerunt
834 3324 1071 3399 Josepho
1111 3330 1264 3389 :Nos
1322 3337 1470 3406 ipsos
1522 3337 1789 3413 Pharaoni
1829 3344 1881 3399 in
1935 3322 2123 3405 servos
2222 3347 2417 3413 deﬁet;
2479 3348 2526 3404 si
2572 3362 2703 3420 ergo
2747 3322 2893 3403 hunc
2938 3364 2969 3403 a
3003 3349 3175 3404 nobis
3204 3322 3532 3415 abstuleris,
3578 3322 3780 3420 nequa.

554 3413 874 3483 sendemus,
901 3420 1061 3475 modo
1084 3424 1244 3480 nobis
1277 3425 1609 3485 frumentum
1642 3434 1709 3486 ad
1730 3436 2119 3499 eomedendum
2222 3456 2385 3511 quam
2417 3431 2573 3497 nobis
2612 3413 2699 3497 est
2723 3440 2788 3493 ad
2824 3449 3029 3511 patrem
3061 3440 3638 3511 redeundunt,‘utpote
3657 3443 3773 3513 qui.

2221 3532 2326 3587 nisi
2387 3531 2671 3587 nobiseum
2724 3529 2961 3587 adfuerit
3020 3546 3179 3601 ptter,
3225 3531 3412 3586 dolore
3480 3534 3775 3603 moriturus

554 3596 707 3649 raoni
742 3610 769 3649 a
803 3600 993 3671 seipsis
1030 3602 1333 3677 Egyptios,
1367 3610 1614 3667 datoillis
1651 3614 1943 3685 frumento,
1963 3624 2108 3691 quod
2216 3631 2331 3675 est:
2357 3616 2584 3673 dimisso
2616 3630 2747 3685 ergo
2777 3615 2981 3685 ipsout
3009 3596 3076 3669 ad
3106 3596 3311 3685 patrem
3339 3617 3541 3681 redeat,
3566 3635 3597 3673 e
3620 3598 3771 3675 nobis

552 3686 779 3744 ﬁdem"!
803 3700 1033 3751 cllum:
1054 3697 1403 3765 mandarunt,
1436 3704 1737 3774 accipiente
1770 3708 1839 3762 ab
1869 3686 2003 3781 ipsis
2024 3711 2115 3768 Jo-
2220 3722 2598 3779 quemcuuque
2632 3704 2870 3760 volueris
2912 3704 3009 3760 tibi
3057 3706 3109 3759 in
3149 3721 3365 3760 servum
3408 3707 3626 3762 habeas.
3664 3708 3768 3763 Re.

554 3781 724 3848 sopito
756 3781 1020 3839 decimam
1064 3795 1293 3855 partem,
1324 3792 1468 3860 quod
1499 3794 1567 3848 ad
1589 3794 1690 3849 hoc
1712 3812 1881 3867 usque
1911 3809 2120 3872 tempus
2220 3799 2652 3870 sponditloseph
2677 3797 3116 3853 :Absitutalium
3139 3812 3299 3867 quam
3318 3798 3600 3867 eumapud
3614 3814 3769 3866 quem

555 3873 607 3923 in
643 3876 811 3941 legem
843 3874 997 3940 abiit,
1028 3876 1266 3948 factique
1290 3890 1416 3936 sunt
1440 3881 1677 3962 λεωριῆ
1705 3885 1980 3960 Pharaoni
2000 3908 2116 3947 ser-
2223 3908 2311 3947 res
2343 3900 2557 3946 nostras
2582 3888 2962 3979 invenerimus
2980 3888 3336 3951 detineamus.
3362 3885 3501 3942 Tum
3530 3887 3767 3979 ipsorum

552 3966 626 4018 \i.
664 3963 794 4033 Ejus
818 3966 1014 4024 diebus
1061 3968 1247 4026 ﬂoruit
1274 3971 1375 4028 Job
1400 3957 1486 4030 me
1522 3977 1730 4045 justus,
1776 3957 1981 4039 scilicet
2011 3983 2115 4042 Job
2224 3988 2484 4042 misertus
2520 4002 2535 4037 :
2571 3957 2703 4053 Ego.
2746 3968 3208 4051 intimabit-95
3237 3979 3404 4064 frater
3440 3998 3559 4037 sum
3593 3970 3768 4038 vester

554 4057 694 4135 ﬁlius
740 4060 924 4122 Ληιοεί
958 4102 973 4127 ,
1036 4061 1132 4116 ﬁlii
1198 4063 1422 4121 Zarachi
1451 4108 1466 4133 ,
1520 4071 1611 4125 filii
1663 4069 1918 4142 llaguelis
1943 4118 1959 4142 ,
2019 4076 2114 4133 ﬁlii
2184 4124 2185 4127 η
2225 4078 2448 4145 Joseph,
2484 4091 2552 4131 ne
2593 4074 2731 4129 tuale
2762 4089 2867 4127 vos
2887 4074 3097 4138 habeat,
3128 4057 3303 4142 neque
3343 4072 3598 4128 timentis.

555 4132 855 4213 lis:tui,ﬁlii
881 4132 1512 4223 lsaaki,ﬁliiAbrahami,
1537 4176 1698 4228 opum
1718 4132 1891 4228 dives,
1914 4132 2117 4236 q'uiquo
2227 4132 2465 4224 "mea;
2507 4181 2638 4236 ergo
2689 4165 2753 4219 ad
2796 4163 3064 4219 Jacobunt
3100 4166 3354 4255 tentoriis
3402 4174 3456 4219 et
3486 4167 3767 4235 plaustris,

550 4236 1019 4308 ailligeuteipsutn
1050 4242 1295 4309 Domino,
1328 4248 1530 4315 gratias
1553 4250 1734 4318 egitet
1756 4254 2024 4319 patienter
2058 4272 2117 4312 se
2218 4258 2391 4324 ipSum
2447 4273 2571 4313 cum
2634 4263 2743 4309 tota
2792 4256 3045 4323 progenie
3082 4270 3179 4310 sua
3231 4269 3271 4309 a~
3308 4250 3451 4311 terra
3511 4258 3763 4313 Chanaan

550 4327 740 4393 gessit,
770 4342 938 4396 quare
972 4341 1149 4386 amota
1178 4333 1245 4387 ab
1269 4335 1385 4404 ipso
1427 4336 1718 4395 aﬁlictione
1747 4343 1982 4399 restituit
2011 4345 2112 4410 ipsi
2220 4349 2272 4401 in
2327 4345 2615 4415 Egyptum
2666 4345 2927 4399 traduxit.
2970 4343 3380 4413 ingressusque
3442 4355 3528 4399 est
3603 4344 3766 4403 Jaeob

553 4416 693 4472 Deus
732 4433 862 4488 Opes
889 4437 1040 4497 suas.
1078 4467 1086 4471 η
2150 4433 2191 4488 D
2221 4436 2513 4508 Egyptutn
2568 4446 2712 4489 anno
2771 4436 2931 4490 famis
2980 4433 3218 4489 secundo
3276 4433 3578 4507 [vel‘jnxta
3624 4438 3762 4491 aliud

624 4496 1013 4564 Acciditetiam
1034 4513 1087 4567 iu
1108 4515 1324 4583 regione
1346 4516 1515 4587 Syriae
1532 4518 1699 4576 fames
1720 4522 1961 4594 89-91
1985 4542 2113 4594 gra-
2215 4496 2509 4597 exemplar,
2540 4523 2743 4598 tertio],
2801 4541 3015 4593 unaque
3044 4542 3167 4580 cum
3188 4526 3308 4596 ipso
3352 4529 3465 4583 nati
3500 4525 3693 4599 ipsius",
3714 4540 3765 4585 et

555 4601 659 4666 vis,
688 4600 822 4655 adeo
863 4611 920 4656 ut
951 4603 1154 4658 diceret
1183 4603 1414 4673 Jacobus
1446 4610 1571 4666 ﬁliis
1600 4628 1661 4667 su
1688 4628 1713 4667 s
1748 4631 1766 4671 :
1792 4614 2025 4673 Profecti
2058 4621 2113 4674 in

552 4691 844 4763 Egyptum
866 4694 1027 4748 emite
1058 4694 1211 4749 nobis
1240 4696 1590 4755 frumentum:
1618 4700 1893 4759 Venerunt
1916 4709 2110 4774 ergoin

549 4779 839 4851 Egyptum
864 4780 1081 4853 Josephi
1131 4784 1343 4851 fratres,
1367 4803 1500 4858 quos
1550 4791 1691 4846 visos
1715 4794 1894 4848 statim
1915 4811 2115 4867 cogno-

549 4875 625 4927 vit
650 4872 940 4943 Joscphus,
971 4878 1085 4945 ipse
1108 4877 1176 4933 ab
1198 4878 1301 4933 illis
1330 4880 1657 4950 incognitus,
1680 4900 1784 4939 non
1806 4895 1983 4943 autem
2011 4891 2112 4947 fuit

548 4979 670 5020 Ctt'n
706 4968 836 5037 ipsis
856 4967 1022 5024 frater
1052 4970 1168 5041 ejus
1202 4972 1447 5029 utcriuus
1473 4975 1788 5045 Benjamin:
1821 4980 1956 5035 dixit
1983 4997 2112 5053 ergo

552 5057 684 5126 ipsis
730 5057 997 5129 Josephus
1055 5078 1069 5114 :
1119 5062 1374 5129 Quinam.
1404 5067 1538 5121 estis
1582 5068 1727 5125 vos?
1764 5071 1907 5127 unde
1956 5075 2109 5127 veni-

551 5148 677 5202 stis?
708 5157 759 5203 et
793 5151 921 5219 quid
945 5152 1261 5210 vultis?Cui
1297 5156 1373 5211 illi
1402 5157 1645 5215 :‘Sumus
1668 5174 1767 5213 nos
1784 5160 2108 5231 Jacobiiﬁlii;

552 5241 841 5296 duodecim
876 5242 981 5312 ipsi
1011 5260 1134 5299 cum
1171 5248 1281 5301 nati
1329 5264 1600 5314 essemus,
1653 5266 1821 5333 unum
1876 5255 2111 5311 comedit

554 5334 734 5401 lupus,
766 5334 925 5413 cujus
973 5336 1136 5392 etiam
1180 5339 1348 5394 frater
1406 5342 1655 5397 uterinus
1705 5344 1845 5414 apud
1900 5354 2104 5414 patrem

554 5439 712 5479 suum
746 5434 866 5490 est;
897 5409 1046 5495 pater
1066 5438 1211 5483 entm
1236 5439 1442 5495 noster,
1476 5447 1597 5486 cum
1628 5447 1791 5490 senex
1820 5434 2107 5491 admodum

556 5517 650 5579 sit.
679 5526 839 5572 noctu
869 5522 1283 5589 atqueinterdiu
1333 5522 1501 5578 ﬁlium
1539 5540 1697 5580 suum
1722 5540 1751 5578 a
1785 5526 1913 5595 lupo
1939 5526 2107 5582 devo-

561 5616 737 5661 ratum
781 5610 948 5675 luget.
1019 5611 1313 5682 Respondit
1378 5614 1483 5668 illis
1531 5612 1768 5684 Josepb:
1811 5614 1927 5671 Non
1974 5618 2109 5675 estis

562 5714 658 5753 vos
688 5700 773 5752 alii
805 5716 963 5770 quam
991 5706 1379 5775 capior-atores.
1409 5706 1471 5761 Et
1497 5707 1809 5779 jurautibus
1841 5707 1941 5779 ipsi
1973 5698 2133 5778 illis,

2212 4614 2436 4686 nepotes
2464 4631 2529 4671 ex
2563 4617 2736 4685 ipsius
2777 4616 2977 4671 lumbis
3004 4616 3274 4688 prognati,
3308 4622 3505 4687 praeter
3532 4620 3759 4674 ﬁliorum

2214 4724 2409 4763 uxores
2453 4709 2521 4763 ab
2571 4708 2691 4777 ipse
2740 4724 2845 4762 non
2896 4718 3214 4778 prognatae.
3259 4724 3379 4763 cum
3422 4707 3657 4779 Joscpho
3702 4714 3781 4764 ae‘

2212 4798 2614 4867 duobusipsius
2664 4798 2788 4853 ﬁliis
2844 4790 3091 4853 homines
3140 4800 3481 4870 septuaginta
3512 4842 3527 4866 ,
3580 4799 3767 4855 Jacobs

2216 4902 2345 4947 tunc
2382 4891 2642 4960 temporis
2674 4904 2849 4944 annos
2878 4899 3091 4945 centum
3114 4899 3170 4943 et
3199 4891 3420 4959 triginta
3446 4901 3593 4947 nato.
3625 4893 3759 4948 Sub-

2211 4981 2345 5037 stitit
2375 4989 2553 5035 autem
2580 4979 2748 5034 Jarob
2782 4982 2834 5032 in
2855 4977 3085 5049 Egypto
3131 4994 3305 5035 annos
3338 4980 3753 5049 septemdecim;

2211 5074 2300 5129 ubi
2364 5089 2505 5137 anno
2534 5074 2656 5127 vita:
2691 5070 2817 5127 Levi
2848 5068 3182 5136 octttgeSittto
3223 5072 3363 5126 diem
3405 5072 3539 5128 obiit
3563 5092 3597 5127 :<
3621 5075 3753 5129 unde

2209 5167 2263 5221 in
2298 5162 2500 5221 terram
2546 5161 3160 5233 Cbanaatrreportatum
3192 5164 3524 5233 sepelierunt
3551 5165 3743 5235 Josepb

2210 5256 2497 5323 cauet-ique
2552 5254 2670 5323 (jus
2706 5253 2797 5307 ﬁlii
2844 5252 2995 5322 juxta
3034 5250 3269 5307 Isaacum
3316 5262 3521 5323 patrem
3568 5270 3740 5309 suum.

2208 5349 2404 5401 Totum
2434 5356 2609 5401 autem
2650 5345 2793 5415 quod
2834 5345 2965 5397 vixit
3006 5342 3177 5399 Jacob
3199 5344 3324 5399 anni
3362 5356 3492 5400 sunt
3530 5357 3737 5401 centum

2209 5439 2563 5510 quadraginta
2602 5440 2830 5505 septem.
2864 5436 3073 5489 liaban
3111 5445 3230 5505 post
3252 5437 3539 5505 sexaginta
3571 5453 3737 5492 annos

2212 5540 2374 5585 natus
2418 5540 2500 5583 cst
2546 5528 2623 5581 in~
2653 5526 2885 5597 Egypto
2926 5526 3169 5581 Amram.
3210 5529 3367 5582 Anno
3407 5536 3588 5582 autem
3619 5530 3746 5583 vita

2214 5618 2403 5674 liahati
2449 5617 2661 5672 decimo
2691 5618 2899 5685 quinto,
2946 5615 3081 5670 obiit
3125 5614 3362 5685 Joseph,‘
3409 5632 3570 5686 quem
3618 5634 3748 5673 are:

2215 5709 2528 5782 impositum
2561 5688 2893 5777 sepelierunt
2961 5707 3154 5763 fratres
3203 5705 3374 5791 ipsius
3416 5708 3470 5764 in
3500 5705 3745 5782 Egypto,
