3950 6348
155 309 252 372 929

1557 306 1593 362 Α
1608 302 1754 365 ΝΧΔ
1770 306 1918 367 LE3.

3236 315 3341 377 930

151 442 260 479 cum
289 438 454 477 annos
494 432 711 478 centum
748 430 799 475 ct
835 422 1017 475 decem
1064 417 1305 473 vixisset.
1353 416 1552 471 Ferunt
1595 419 1681 471 alii
1715 420 1757 477 Α
1788 420 1998 487 gionem
2032 418 2213 489 licjazi
2253 418 2500 491 aufugit,
2536 420 2625 491 tibi
2672 421 2725 476 in
2769 422 2900 480 urbe
2930 424 3151 496 Madyan
3191 429 3342 483 habi-

149 513 348 583 Juscpbi
379 527 580 583 corpus
626 524 767 564 arcae
813 520 1127 562 marmorea:
1157 504 1463 574 impositum
1500 502 1554 570 in
1590 504 1680 556 Ni-
1724 534 1731 541 ι

150 612 246 662 Ιιιιιι
278 606 602 676 projectum.~
633 601 821 656 fuisse.
864 599 1034 654 Porro
1070 599 1308 651 Amrano
1341 604 1464 663 post
1502 606 1681 670 annos

146 697 475 768 septuaginta
519 676 632 747 ties
679 698 843 748 natus
879 698 963 746 est
998 688 1248 754 Miriam;
1300 692 1422 754 post
1463 691 1680 753 septuav

144 792 278 861 ginta
326 796 532 856 septem
570 782 806 837 Ahron:
860 789 983 851 post
1024 780 1300 849 octoginta
1342 774 1540 841 Moses,
1589 776 1677 830 cui

142 896 255 950 pax.
290 876 431 931 Vixit
462 883 643 928 autem
677 872 731 927 in
763 880 937 926 totum
984 867 1193 923 Amran’
1241 881 1412 922 annos
1457 876 1676 921 centum

140 968 345 1040 triginta
393 971 511 1020 sex.
548 964 705 1018 Anno
732 962 855 1016 vitat
882 959 1104 1015 Amrani
1153 960 1426 1014 tricesimo
1449 957 1680 1027 septimo

141 1070 380 1115 mortuus
409 1044 494 1111 est
521 1054 633 1126 96
659 1049 814 1117 Levi,
846 1066 972 1107 cum
1005 1056 1424 1105 annosicentttm
1461 1048 1680 1116 triginta

140 1157 350 1219 septem,
378 1146 627 1201 vixisset.
673 1144 833 1200 Anno
872 1144 997 1197 vitai
1048 1126 1681 1210 ejusdcm'sexa‘gesimo

140 1238 360 1307 septimo
389 1237 526 1290 obiit
566 1233 767 1302 Kabat,
819 1246 991 1287 annos
1020 1240 1182 1285 natus
1228 1237 1448 1284 centum
1491 1223 1678 1293 viginti

138 1339 356 1395 septeni.
413 1310 638 1382 Mo‘rtuis
664 1335 842 1382 autem
870 1322 1107 1393 Joseplto
1136 1329 1191 1375 et
1221 1317 1485 1375 fratribus
1508 1316 1681 1385 ipsius

138 1417 455 1485 cteterisque
504 1417 621 1486 ejus
656 1415 842 1471 seculi
869 1412 1144 1474 omnibus,
1180 1423 1307 1464 eum
1342 1403 1679 1477 multiplicati

135 1516 308 1561 essem
361 1505 459 1581 filii
510 1505 725 1561 lsraells
793 1502 1042 1572 ﬁliosque
1116 1500 1434 1569 genuissent
1484 1497 1683 1564 quibus

135 1578 443 1665 impleretur
490 1607 634 1652 terra
681 1581 923 1664 Egypti,
972 1590 1261 1661 praefectus
1308 1587 1543 1661 Egypto
1590 1578 1699 1645 rex

133 1689 219 1754 qui
265 1687 564 1758 Josepbnm
618 1701 726 1742 non
760 1692 942 1747 norat,
984 1682 1124 1737 dixit
1162 1680 1499 1738 consiliariis
1531 1683 1678 1738 suis:

1791 513 1969 577 tavit,
2028 512 2209 581 ibique
2250 528 2476 568 uxorem
2518 511 2710 577 duxit,
2775 517 3000 578 nomine
3046 517 3339 588 Sipburatu
3392 524 3393 527 “

1787 600 1955 655 filiam
2004 600 2194 659 Jetltro
2256 609 2437 676 (quem
2486 604 2690 659 Arabes
2740 603 2952 662 Sltoatb
3003 609 3339 679 appellant),

1785 689 2037 755 lsmaelc,
2083 691 2373 746 Abrabatni
2428 692 2557 757 filio,
2605 692 2846 758 oriundi,
2882 696 3063 764 templi
3096 697 3150 751 in
3206 698 3343 753 urbe

1788 782 2028 853 liadyan
2097 785 2413 841 sacerdotis.
2469 784 2798 857 Peperitque
2852 784 3123 858 Sipltttrab
3182 790 3341 847 Mosis

1786 873 1923 929 duos
1954 872 2115 937 filios,
2147 873 2369 930 Gersom
2419 885 2473 931 et
2512 876 2755 947 Elyazer.
2786 874 2920 931 Dum
2941 886 3130 943 autem
3155 893 3343 948 pasce-

1785 973 1867 1020 ret
1902 963 2059 1034 100
2089 962 2262 1019 Moses
2298 979 2428 1020 oves
2466 967 2643 1022 soceri
2682 969 2765 1023 sui
2803 966 3014 1039 Jethro,
3051 983 3179 1024 ecce
3212 982 3344 1024 con-

1786 1056 1965 1126 spexit
1999 1056 2052 1109 in
2087 1041 2271 1110 monte
2296 1054 2664 1126 rub'umigne.
2696 1057 2874 1112 medio
2904 1057 3015 1120 die,
3052 1055 3345 1112 flamman-

1786 1158 1914 1212 tem,
1946 1146 2146 1201 arbore
2191 1145 2313 1215 igne
2344 1161 2452 1200 non
2487 1140 2828 1216 consumpta.
2859 1147 3013 1213 Quod
3044 1157 3101 1202 ut
3135 1150 3344 1205 videret

1785 1236 2465 1307 accedentemiinclamavit
2488 1235 2750 1291 Dominus
2772 1238 2992 1306 eirubo:
3020 1236 3094 1292 Ne
3119 1241 3341 1303 timeas,

1785 1328 1979 1395 Moses,
2026 1344 2128 1399 ego
2179 1328 2447 1399 siquidem
2488 1328 2750 1384 Dominus
2781 1344 2923 1383 sum.
2964 1328 3045 1382 Ad
3096 1329 3341 1383 Pbarao-
3422 1382 3425 1385 .

1787 1434 1908 1474 nem
1954 1420 2145 1475 abiens
2178 1420 2374 1491 jubeas
2407 1420 2579 1490 ipsum
2623 1419 2762 1474 filios
2816 1418 3046 1475 lsraelis‘
3069 1418 3344 1474 dimittere

1786 1526 1898 1581 quo
1944 1510 2085 1564 mihi
2134 1512 2394 1567 serviant.
2429 1512 2575 1566 Abiit
2614 1525 2745 1581 ergo
2778 1509 2956 1567 Moses
2999 1511 3065 1566 ad
3102 1508 3343 1565 Pharao-

1789 1612 1933 1666 nem,
1965 1615 2160 1667 annos,
2190 1615 2299 1671 quo
2331 1611 2568 1670 tempore
2610 1600 2880 1657 allocutus
2910 1611 2993 1656 est
3020 1594 3197 1670 ipsum
3243 1600 3345 1653 Do-

1729 1744 1752 1761 ;
1788 1693 2010 1757 minus,
2074 1699 2233 1758 natus
2285 1682 2586 1761 octoginta,
2625 1689 2843 1743 Abrone
2894 1690 3164 1760 octoginta
3229 1698 3343 1745 tres

136 1778 281 1833 lulti
304 1784 601 1834 evaserunt
629 1775 907 1840 Israelita,
939 1789 1116 1845 neque
1138 1774 1311 1829 securi
1343 1787 1466 1827 esse
1491 1778 1683 1841 possu-

1790 1793 1938 1849 nato,
1974 1779 2223 1837 Miriama
2269 1784 2459 1835 sorore
2503 1780 2744 1851 ipsorum
2782 1758 3055 1849 octoginta
3106 1791 3338 1851 septem.

133 1886 271 1949 mus‘,
296 1868 515 1949 quinsi
539 1868 763 1938 prodeat
793 1867 849 1923 in
881 1881 981 1921 nos
1020 1865 1242 1921 rebellis
1286 1864 1486 1933 aliquis
1524 1877 1681 1932 opem

132 1959 227 2030 ipsi
260 1960 441 2014 taturi‘
455 1959 566 2013 sint
593 1959 657 2014 ad
692 1973 791 2014 nos
831 1972 897 2014 ex
924 1956 1162 2028 Egypto
1185 1955 1488 2026 pellendus.
1538 1954 1686 2007 Prae-
1724 2006 1731 2013 κ

133 2052 257 2107 fecit
280 2067 414 2123 ergo
448 2050 583 2121 ipsis
626 2049 911 2121 Egyptios
950 2049 1043 2117 qui
1074 2047 1223 2116 ipsos
1256 2044 1312 2099 in
1361 2043 1683 2099 servitutem

132 2140 452 2212 redigentes,
490 2136 625 2195 dure
668 2139 875 2195 servire
920 2145 1216 2207 coegerunt
1273 2135 1420 2203 circa
1477 2133 1683 2200 lutum,

133 2232 350 2291 lateres.
383 2237 440 2285 et
484 2230 688 2300 lapides
728 2236 1051 2302 montesque
1088 2225 1456 2291 excavandos,
1502 2220 1690 2280 caver-

134 2339 228 2379 nas
281 2319 671 2393 [effodiendas]
721 2329 776 2375 et
812 2329 1014 2376 terram
1064 2317 1390 2394 colendam;
1462 2319 1601 2388 quin
1631 2326 1686 2372 et

134 2406 448 2468 mandatum
475 2410 871 2466 obstetricibus
900 2408 1049 2464 dedit
1071 2420 1265 2477 omnes
1292 2406 1383 2476 qui
1419 2404 1684 2469 lsraelitis

133 2510 491 2560 nascerentur
521 2515 699 2576 mares
728 2515 763 2555 e
790 2498 973 2555 medio
998 2497 1271 2563 tollendi,
1298 2498 1463 2567 atque
1491 2497 1554 2583 in
1586 2494 1687 2549 flu-

132 2597 274 2652 vium
336 2593 662 2665 projiciendi
716 2613 730 2650 :
795 2590 931 2646 adeo
978 2598 1036 2644 ut
1092 2589 1258 2645 Occisi
1306 2596 1363 2645 et
1425 2588 1480 2643 in
1520 2586 1686 2641 ﬂuvie

132 2684 405 2739 submersi
464 2681 669 2738 fuerint
729 2681 963 2737 infantes
1010 2680 1104 2750 qui
1168 2693 1455 2739 numerum
1493 2693 1684 2736 sexce-

131 2774 281 2831 dant.
330 2817 345 2828 ι
479 2776 493 2793 '
547 2756 561 2764 ’
709 2817 712 2821 .

198 2866 337 2923 Cum
390 2880 522 2938 ergo
572 2871 735 2920 natus
784 2870 930 2930 esset
968 2861 1166 2930 Moses.
1212 2859 1462 2917 metuens
1511 2870 1717 2929 mater,

118 2956 304 3030 ipsius
332 2973 403 3014 ne
430 2973 463 3013 e
499 2955 678 3012 medio
716 2954 1024 3025 tolleretur,
1053 2952 1444 3022 ipsumtribus
1484 2953 1688 3007 mensi-

132 3047 234 3105 bus
276 3042 609 3105 abscondit:
658 3045 852 3119 deinde
885 3044 990 3138 sibi
1027 3041 1537 3138 metuens-(nomen
1579 3043 1688 3115 ipsi
1715 3075 1760 3138 ο

128 3140 247 3197 erat
275 3138 582 3220 chbabad)
630 3144 867 3196 arcam‘e
887 3136 1070 3209 iuncis
1094 3134 1334 3192 confecit
1377 3136 1456 3206 (in
1492 3136 1629 3206 lege,
1657 3152 1688 3192 e

132 3230 293 3303 ii'tis
328 3230 506 3301 pineis
532 3227 779 3285 confecta
809 3226 1035 3297 dicitur)
1068 3241 1148 3291 ac
1171 3227 1293 3298 pice
1322 3226 1490 3293 intus,
1523 3236 1689 3299 atque

131 3331 283 3381 extra
306 3321 536 3384 oblevit,
574 3320 663 3376 cui
692 3334 917 3391 puerum
950 3318 1266 3389 impositum
1302 3319 1357 3373 in
1404 3319 1599 3375 breviat
1621 3317 1688 3374 ad

129 3412 236 3469 Nili
267 3412 427 3469 littus
459 3409 711 3482 proiecit,
744 3411 798 3477 in
829 3410 963 3465 urbe
997 3407 1150 3464 Dltan
1178 3409 1440 3480 appellata
1466 3451 1483 3475 ,
1524 3412 1688 3479 ditio-
1744 3482 1750 3487 ἱ

131 3504 216 3563 nis
262 3502 617 3574 Egyptiacz.
654 3494 768 3569 quo
804 3497 1049 3553 sublatus
1075 3496 1365 3561 ﬂuctibus.
1417 3499 1533 3569 ipsa
1569 3499 1689 3558 non

125 3592 351 3660 ﬁdente
380 3592 847 3663 submergeretur.
882 3587 1134 3659 97.99
1186 3588 1335 3645 Sedit
1367 3601 1552 3644 autem
1598 3589 1689 3644 Mi-

130 3685 267 3739 riam
311 3696 475 3740 soror
524 3680 693 3736 Hosis
724 3694 758 3736 e
791 3679 1108 3753 langinquo
1137 3690 1194 3733 ut
1243 3676 1376 3749 quid
1423 3680 1489 3736 de
1520 3696 1689 3750 puero

130 3765 286 3828 tieret
326 3771 563 3828 videret.
618 3767 961 3825 Descendens
1000 3784 1134 3839 ergo
1158 3760 1482 3838 Pharaonis
1541 3771 1685 3837 filia,

98 3863 351 3920 'nomine
383 3861 580 3933 Siyun,
609 3868 669 3916 ut
694 3874 754 3915 se
782 3860 836 3917 in
856 3858 979 3913 Nilo
1018 3847 1280 3925 ablueret,
1313 3861 1499 3916 audito
1532 3860 1685 3930 pueri

130 3956 184 4010 in
214 3968 346 4013 arca
380 3954 586 4023 vagitu,
618 3962 674 4008 et
703 3951 1099 4017 misericordia,
1151 3941 1449 4023 teneroque
1484 3952 1686 4008 an‘ectu

90 4029 95 4035 ’
128 4036 259 4115 erga
290 4046 473 4115 ipsum
501 4051 800 4107 commota,
836 4042 1013 4113 ipsum
1037 4041 1103 4096 ad
1132 4056 1192 4099 se
1217 4043 1444 4113 recepit.
1468 4044 1689 4113 jubens

129 4136 302 4207 quasi
350 4136 617 4210 nutricem
662 4148 784 4204 quae
828 4132 1005 4202 ipsum
1038 4124 1268 4190 iactaret
1295 4140 1462 4205 atque
1488 4136 1685 4191 educa-

130 4232 238 4281 ret.‘
270 4225 586 4280 Accurrens
628 4237 760 4293 ergo
787 4222 855 4277 ad
898 4223 1082 4293 ipsum
1110 4225 1351 4297 Miriam,
1399 4224 1566 4281 Hosis
1591 4240 1686 4281 so-

120 4306 245 4380 ror,
298 4314 464 4379 dixit,
500 4314 862 4384 iqumsituram
906 4328 967 4368 se
1018 4316 1285 4371 nutricem
1318 4329 1385 4371 ex
1419 4313 1685 4372 lsraelitis

1787 1872 1957 1927 Porro
1989 1885 2134 1926 anno
2160 1870 2287 1937 vita,
2314 1868 2482 1926 Musis
2516 1865 2969 1941 quinquagesinio
2998 1881 3155 1926 sexto
3197 1886 3343 1926 mor-

1785 1960 1914 2021 tuus
1935 1971 2021 2018 est
2049 1970 2213 2041 pater
2235 1961 2408 2031 ipsius
2441 1964 2665 2025 Amran,
2695 1962 2855 2032 cujus
2878 1964 2988 2035 vita
3025 1971 3142 2017 erat
3173 1977 3345 2018 anno-

1788 2065 1903 2108 rum
1930 2062 2150 2109 centum
2191 2052 2412 2123 triginta
2442 2061 2573 2107 sex.
2622 2050 3022 2122 Pmpbetarunt
3062 2061 3240 2108 autem
3271 2054 3342 2108 'in
3410 2110 3415 2115 ,

1784 2141 2019 2213 Egypto
2058 2142 2119 2213 in
2138 2140 2400 2197 israelitis
2426 2138 2661 2205 Zarach,
2695 2156 2725 2197 e
2763 2141 2884 2197 filiis
2911 2141 3084 2208 Judae,
3114 2141 3293 2195 Zamri
3320 2179 3335 2202 ,

1784 2230 2065 2298 Abiatltar,
2105 2230 2356 2296 Haiman,
2406 2229 2629 2297 Halcuc,
2675 2230 2873 2296 Darda,
2908 2240 2963 2288 et
2997 2231 3193 2287 deinde
3226 2232 3342 2287 Mo-

1785 2336 1897 2378 ses.
1938 2320 2370 2383 Fuit-numerus'
2394 2320 2630 2375 ﬁliorum
2680 2320 2849 2394 Israel
2886 2318 3007 2377 cum
3037 2321 3338 2394 Egyptum

1785 2414 2194 2483 ingrederentur
2215 2411 2883 2481 ltontinum'septuaginta,
2920 2408 3369 2482 itabltarnntqne-

1783 2500 2301 2575 in‘Egypto‘annos
2320 2502 2589 2558 ducentos
2618 2512 2675 2557 et
2694 2501 3103 2572 septemdecim,
3141 2517 3170 2556 a
3206 2502 3342 2557 Plia-

1775 2596 2183 2655 raonib‘ussibi
2214 2584 2447 2649 invicem
2480 2592 2904 2672 succedentibus
2939 2595 2995 2649 in
3020 2595 3340 2648 servitutum

1784 2685 2013 2766 redacti.
2035 2682 2190 2750 Quod
2217 2681 2269 2743 si
2293 2681 2494 2737 dixerit
2512 2681 2658 2751 quis,
2681 2682 2946 2752 scriptum
2972 2696 3091 2738 esse
3112 2681 3165 2736 in
3200 2681 3341 2751 iege,
3392 2684 3393 2687 “

1786 2766 1924 2824 ﬁlios
1974 2767 2271 2824 Abrahami
2304 2766 2376 2822 in
2410 2767 2694 2823 servitute
2738 2768 3016 2824 detentum
3063 2769 3128 2823 iri
3168 2784 3341 2825 annos

1765 2857 2233 2928 quadringentos,
2283 2855 2361 2929 [in
2413 2856 2522 2912 alio
2573 2858 3060 2935 exemplari,.filios
3106 2859 3340 2933 lsraelis]

1786 2944 2065 3014 quomodo
2087 2956 2218 3023 ergo
2246 2942 2397 2999 dicas
2421 2943 2575 3014 ipsos
2605 2944 2863 3024 serviisse
2880 2940 3055 3003 anno‘s
3072 2949 3339 3010 ducentos

1787 3043 1843 3089 et
1875 3031 2299 3104 septemdecim?
2332 3035 2721 3107 respondemus
2762 3029 2889 3106 ipsi,
2923 3042 3135 3096 neseire
3160 3044 3337 3115 ipsum

1787 3140 1818 3180 a
1847 3138 1958 3194 quo
1980 3133 2221 3193 tempore
2252 3130 2550 3193 supputare
2589 3122 2781 3180 debeat
2815 3124 2876 3180 ut
2904 3141 3169 3204 annorum
3204 3150 3340 3205 qua-

1786 3217 2197 3285 dringentorum
2236 3215 2469 3285 spatium
2509 3212 2802 3285 conﬁciat.
2836 3216 2990 3275 Scias
3023 3221 3338 3297 libroJegis

1788 3311 1963 3380 primo
2012 3306 2353 3378 101-103
2394 3306 2569 3362 Deum
2621 3309 2956 3377 (cujus'laus
2993 3314 3336 3389 celebranda)

1787 3400 1992 3456 dixisse
2019 3400 2331 3454 Abrahamo
2361 3418 2375 3455 :
2404 3398 2591 3473 Aspice
2618 3400 2803 3455 mlum
2843 3412 2890 3456 et
2933 3405 3218 3487 stellnshs‘i
3238 3426 3341 3477 po-

1788 3493 1933 3553 teris.
1962 3504 2255 3558 enumeres,
2299 3493 2374 3545 ita
2416 3487 2573 3559 sitim
2596 3507 2656 3569 se
2701 3493 2905 3569 habebit
2950 3512 3120 3552 semen
3169 3508 3339 3566 latum,

1791 3582 1936 3639 Dixit
1966 3582 2133 3638 etiam
2166 3581 2269 3652 ipsi
2304 3578 2566 3635 Domitius
2591 3598 2605 3635 :
2634 3566 2755 3650 Ego
2802 3565 2920 3634 arum
2971 3582 3220 3636 Dominus
3253 3565 3343 3653 qui

1788 3689 1837 3732 te
1862 3675 2022 3751 eduxi
2052 3689 2080 3727 e
2110 3672 2288 3729 Κατ-να
2308 3660 2676 3727 Chaldteorum
2724 3673 2778 3726 in
2806 3674 2959 3735 Itane.-
2977 3690 3136 3751 quam
3165 3675 3259 3739 tibi
3288 3677 3342 3729 in

1788 3749 2142 3833 hereditatem
2194 3751 2315 3816 dedi
2361 3770 2577 3826 terram.
2648 3760 2708 3816 Et
2756 3749 2981 3816 dicenti.
3016 3764 3338 3828 Abrahamo,

1787 3854 2009 3909 Domine
2046 3856 2139 3919 mi,
2182 3852 2441 3923 qu‘omodo
2498 3854 2663 3907 sciam
2708 3869 2786 3906 me
2825 3870 2943 3908 eam
2996 3853 3340 3910 ha'reditnttt-

1772 3930 1904 4000 Vrum
1928 3946 1954 3999 7
2002 3945 2140 4000 dixit
2162 3943 2429 3999 Dominus
2459 3962 2473 3997 :
2504 3943 2765 4011 Acceptis,
2784 3944 3030 4014 juaenco,
3063 3928 3247 4013 ariete,
3293 3957 3343 3999 et

1788 4038 1947 4107 capra
1977 4036 2283 4097 triennibu‘s,
2332 4050 2537 4105 unaque
2563 4035 3139 4103 turtureetcalumba,
3181 4037 3344 4105 ipsis-

1786 4147 1882 4201 que
1905 4128 2177 4200 atqualiter‘
2202 4127 2406 4192 divisis,
2440 4126 2624 4181 omnia
2647 4127 2881 4195 ipsorum
2906 4130 3140 4183 membra
3180 4145 3219 4188 e.
3252 4146 3338 4184 reo

1786 4224 1934 4291 gione
1974 4222 2187 4290 parium
2235 4235 2450 4273 suorum
2482 4224 2712 4284 statuas,
2758 4219 2941 4274 avibus
2995 4230 3198 4275 tantum
3240 4238 3285 4275 η.
3310 4238 3343 4276 tt

1787 4313 1967 4368 diuisis
1991 4318 2033 4367 ⁸.
2096 4312 2247 4378 Quod
2325 4325 2446 4366 cum
2512 4308 2771 4385 fecisset:
2818 4298 3116 4377 Abraham,
3174 4328 3342 4382 prope

128 4407 580 4481 quat‘lpsiubera
609 4404 874 4474 praeberet
896 4414 951 4459 et
979 4403 1205 4460 foveret.
1239 4398 1683 4475 Abiensquema-
1716 4395 1973 4461 Deberat
2019 4412 2079 4460 ut
2133 4403 2435 4481 involarent
2471 4398 2598 4459 ares
2662 4402 2716 4457 in
2762 4410 2943 4472 partes
2979 4403 3067 4475 ita
3112 4403 3337 4470 divisas,

131 4509 268 4554 treat
304 4511 462 4553 suam
500 4498 643 4565 (quas
670 4493 842 4549 Musis
870 4494 1031 4549 etiam
1070 4496 1262 4565 mater)
1285 4485 1555 4561 adduxit,
1586 4512 1681 4551 ne-

129 4592 341 4647 sciente
380 4586 677 4644 Pharaonis
704 4584 815 4640 tilia
843 4586 1016 4657 ipsam
1052 4596 1287 4644 matrem
1319 4587 1439 4656 ejus
1470 4586 1640 4643 fuisse
1665 4629 1681 4654 ,

128 4682 253 4753 qua:
318 4696 543 4753 puerum
607 4681 728 4751 ipsi-
758 4681 1066 4736 lactandum
1118 4687 1283 4749 atque
1335 4678 1677 4733 educandum

134 4775 383 4830 tradidit.
694 4798 696 4802 λ
832 4794 835 4798 ‘

200 4867 340 4923 Cum
390 4876 571 4921 autem
612 4864 918 4931 aditetatem
948 4863 1058 4932 jam
1094 4860 1309 4939 virilem
1347 4860 1681 4929 pervenisset

137 4958 340 5025 Moses,
369 4969 660 5029 conspecto
702 4946 945 5011 israelita
982 4953 1218 5023 quodam
1244 4952 1336 5020 qui
1371 4942 1493 5005 eum
1520 4950 1685 5025 IEgy-

135 5052 249 5121 ptio
277 5048 653 5109 contenderet,
687 5047 804 5115 ipse
832 5044 1147 5123 Egyptium
1180 5040 1385 5095 inflicto
1432 5042 1539 5095 ictu
1588 5056 1683 5095 oc-

135 5142 290 5205 cidit,
318 5149 481 5210 atque
508 5140 561 5192 in
600 5152 766 5192 arena
795 5136 1080 5205 sepelivit;
1109 5142 1274 5203 atque
1313 5126 1519 5200 aliquot
1554 5124 1687 5200 post

136 5235 354 5297 diebus,
405 5247 525 5285 cum
557 5231 700 5289 inter
731 5244 791 5283 se
814 5227 1153 5283 certantibus
1178 5212 1441 5281 Israelitis
1468 5224 1683 5277 duobus

136 5336 483 5395 sequestrum
510 5337 570 5376 se
597 5323 881 5389 ingereret,
925 5320 1182 5374 dixerunt
1215 5319 1288 5371 illi
1327 5335 1341 5370 :
1390 5316 1595 5371 Forsan
1631 5325 1683 5371 et

139 5398 389 5475 nostrum
415 5417 643 5469 alterum
695 5412 1080 5467 interfecturus
1134 5427 1194 5465 es
1242 5412 1315 5464 uti
1372 5408 1484 5473 lteri
1518 5407 1684 5478 Egy-

141 5512 313 5590 ptium
333 5504 670 5561 interfecisti.
697 5501 874 5568 Quare
901 5515 1148 5557 metuens
1179 5502 1278 5556 sibi
1312 5499 1487 5557 Moses
1513 5501 1567 5553 in
1603 5514 1679 5554 rc-

212 5682 480 5750 'Gen.xv,
503 5682 619 5750 5-9.
698 5680 871 5740 'ibid.
905 5681 991 5743 ιδ,
1026 5681 1112 5735 l5.

1789 4510 2080 4568 quaecum
2110 4501 2361 4551 vocasset
2406 4492 2707 4559 Abraham,
2741 4494 2843 4548 illa:
2869 4495 2935 4547 ad
2967 4493 3143 4563 ipsum
3177 4508 3340 4549 vene-

1792 4597 1938 4643 runt.
1972 4586 2199 4645 Factum
2222 4596 2309 4641 est
2340 4586 2444 4639 hoc
2465 4588 2529 4638 ad
2559 4598 2815 4663 occasum
2842 4583 3015 4651 solis;
3059 4590 3343 4654 occupavit

1788 4685 1979 4739 auten
2011 4676 2379 4733 Abrahamum
2434 4674 2612 4743 quies,
2654 4681 2709 4728 et
2732 4672 2894 4737 tiptor
2918 4688 3165 4742 magnus,
3214 4690 3344 4741 ope-

1786 4769 2260 4840 rieutibuslpsum
2297 4764 2537 4821 tenebris
2588 4762 2804 4833 spissis.
2851 4758 3103 4833 Dixitque
3162 4761 3351 4818 Domi-'

1788 4873 1889 4912 nus
1900 4840 2211 4910 ‘Abrahatno
2236 4870 2252 4907 :
2281 4852 2442 4907 Certa
2460 4850 2601 4907 scias
2618 4866 2789 4906 semen
2804 4860 2964 4904 .tuum
2979 4840 3339 4919 Itabitaturmu

1782 4950 1837 5002 in
1890 4957 2028 5031 terra
2073 4946 2374 5028 peregrina,
2409 4946 2463 4997 in
2483 4960 2587 5015 qua
2618 4941 2935 4999 {aborabunt
2964 4939 3018 5018 in
3042 4945 3337 4997 servitutem

1785 5037 1984 5091 redacti
2028 5038 2181 5090 armis
2222 5032 2649 5105 quadringentis.
2674 5034 2784 5102 Ego
2826 5045 2945 5087 vero
2988 5031 3334 5099 judicaturus

1784 5144 1899 5183 sum
1920 5135 2123 5196 gentem
2140 5141 2258 5195 gum
2281 5142 2367 5180 eos
2398 5126 2451 5180 in
2471 5125 2771 5180 servitutem
2795 5121 2992 5194 rediget
3028 5124 3341 5193 exibuntquc

1791 5216 1995 5273 tandem
2042 5220 2095 5271 in
2135 5218 2271 5272 Italic
2293 5220 2465 5293 locum
2494 5236 2610 5273 cum
2646 5221 2827 5290 opibus
2865 5220 3091 5290 magnis.
3133 5221 3207 5274 Tu
3234 5238 3335 5273 au-

1792 5324 1893 5365 tem
1939 5311 2219 5379 ad‘patrcs
2268 5306 2393 5365 tuos
2438 5313 2490 5365 in
2539 5327 2669 5380 pace
2717 5310 3036 5377 translatus,
3077 5324 3338 5367 senectute

1792 5405 1913 5456 bene
1938 5414 2058 5455 acta
2090 5404 2347 5470 sepelieris
2371 5405 2409 5456 ⁸.
2444 5401 2557 5456 Jam
2582 5404 2648 5457 ab
2672 5404 2778 5458 isto
2802 5413 3039 5473 tempore
3065 5419 3172 5472 quo
3201 5408 3337 5459 dixit

1794 5495 2046 5548 Dominus
2106 5493 2429 5558 Abrabatno,
2454 5493 2638 5559 Semen
2663 5504 2809 5551 tuum
2837 5495 3023 5549 servire
3052 5494 3240 5563 facient
3265 5513 3332 5548 au
