3950 6348
581 244 680 308 931

1595 250 1960 308 EUTYCIIll
1989 247 2516 307 AlEXANDlilNl
2552 246 2768 306 PATR.

3689 253 3788 314 939.

579 361 659 411 ni:
699 359 1116 430 quadringentis,
1145 360 1547 428 snpputandum
1575 371 1654 414 est
1686 362 1752 415 ad
1791 355 2001 429 tempus
2020 360 2132 410 exi-
2165 368 2202 419 Α
2237 358 2416 428 fregit,
2463 359 2656 416 deinde
2711 361 2902 412 iterum
2951 359 3204 414 collectas
3252 361 3302 414 in
3351 375 3479 415 arca
3541 367 3788 428 reposuit.

577 465 665 508 tus
709 454 1071 507 lsraelitarutu
1107 469 1169 505 ex
1205 453 1461 524 Egypto,
1489 455 1630 522 quod
1657 454 1921 521 intelligas
1947 454 2125 506 velim.

578 546 865 599 Ditnittens
890 546 1049 616 igitur
1070 544 1281 601 Pharao
1301 543 1457 614 104
1479 544 1923 610 lsraelitas,dixit
1952 543 2084 611 ipsis
2115 561 2126 595 :

575 639 709 692 Cum
768 637 915 693 Mose
961 637 1190 706 profecti
1223 653 1346 691 cum
1378 635 1609 691 Domino
1638 644 1822 690 vestro
1860 635 1912 687 in
1953 644 2133 688 monte

575 740 766 787 sancto
801 731 1119 791 servieritis.
1151 738 1271 799 post
1301 729 1542 784 triduum
1600 728 1652 781 in
1687 729 1865 781 locum
1895 739 2131 781 vestrum

576 823 934 877 revertimini.
965 821 1137 897 Jusstt
1163 831 1345 878 autem
1386 820 1561 875 Moses
1606 819 1833 874 feminas
1879 817 2132 872 Israeliti-

575 929 669 969 cas
708 924 886 968 vestes
918 897 971 966 et
1017 912 1336 967 ornamenta
1390 911 1458 965 ab
1506 909 1778 980 zEgyptiis
1824 914 2015 961 mutuo
2045 919 2136 958 aco

577 1014 734 1074 cepta
784 1005 1030 1065 induere.
1075 1005 1219 1074 quod
1265 1013 1317 1058 et
1369 1003 1638 1059 fecerunt.
1685 1001 1836 1070 Ipsos
1866 999 2032 1070 igitur
2067 1011 2132 1051 ex

578 1097 814 1166 Egypto
865 1097 1050 1150 eduxit
1102 1095 1296 1159 Moses,
1349 1108 1575 1148 numero
1623 1091 1933 1160 sexcenties
1967 1089 2130 1142 mille.

577 1190 715 1251 Quin
763 1197 816 1239 et
861 1186 1014 1253 jussu
1045 1185 1207 1238 Mosis
1231 1184 1466 1238 divisum
1499 1191 1584 1237 est
1614 1181 1747 1252 ipsis
1788 1180 2126 1247 mare,[adeo

577 1279 1092 1343 utmediumipsum
1122 1277 1540 1345 pertransirent.
1587 1273 1914 1328 l‘mnitentia‘
1952 1281 2133 1324 autem

577 1380 756 1426 motus
788 1371 999 1422 Pharao
1034 1369 1180 1436 quod
1217 1369 1492 1422 lsraelitas
1533 1358 1830 1420 dimisisset
1868 1363 1997 1433 (fuit
2036 1378 2134 1416 au-

578 1472 684 1514 tem
739 1461 1009 1514 Pharaoni
1072 1460 1138 1512 de
1188 1474 1298 1526 quo
1342 1457 1585 1526 loquitur
1653 1456 1869 1518 Hoses,
1940 1470 2134 1509 nomen

576 1550 790 1618 Antius)
826 1565 946 1603 cmn
991 1550 1260 1603 sexcentis
1303 1563 1526 1601 suorum
1561 1545 1801 1601 millibus
1841 1561 2097 1618 egressus
2121 1585 2135 1606 ,

578 1644 858 1697 insecutus
884 1652 966 1696 est
993 1642 1184 1709 ipsos;
1220 1648 1269 1693 at
1317 1627 1675 1695 refluentibus
1713 1642 1767 1694 in
1804 1641 1950 1706 ipsos
1982 1644 2137 1709 aquis

576 1733 896 1788 submersu's
939 1743 1022 1786 est
1069 1747 1192 1786 cum
1237 1731 1390 1798 suis,
1436 1731 1572 1784 adeo
1617 1739 1674 1784 ut
1726 1735 1826 1784 nec
1884 1721 2024 1784 unus
2074 1748 2136 1784 ex

578 1825 713 1892 ipsis
743 1825 925 1878 salvus
952 1823 1225 1878 evaderet.
1258 1822 1376 1878 .lam
1405 1825 1473 1877 ab
1489 1825 1801 1879 Abraltamo
1830 1825 1894 1878 ad
1923 1825 2140 1880 Israeli-

582 1926 756 1970 larmn
795 1932 859 1968 ex
910 1914 1143 1984 Egypto
1188 1916 1395 1969 exitum
1431 1917 1556 1969 anni
1605 1925 1730 1969 sunt
1771 1916 2047 1985 quingenti
2090 1924 2143 1970 et

578 2020 804 2076 septem.
840 2005 882 2059 Α
914 2005 1151 2060 Phaleko
1173 2005 1241 2060 ad
1279 2007 1526 2074 ipsorum
1553 2006 1758 2059 exitum
1783 2044 1797 2067 ,
1838 2006 1965 2059 anni
1999 2006 2143 2059 mille

580 2098 939 2166 quadraginta
983 2106 1125 2149 octo.
1168 2096 1212 2148 A
1277 2097 1480 2150 diluvio
1532 2096 1677 2150 mille
1712 2096 1990 2165 quingenti
2054 2110 2141 2147 se-

582 2192 860 2260 ptuaginta
894 2205 1090 2242 novent
1147 2207 1160 2242 :
1211 2188 1279 2241 ab
1315 2187 1523 2242 Adamn
1553 2200 1632 2243 ter
1673 2189 1816 2248 mille
1847 2188 2142 2256 octingenti

581 2281 801 2350 triginta
848 2281 1109 2348 quinque.
1148 2278 1603 2334 Permanentibus
1650 2288 1831 2330 autem
1876 2275 2142 2331 lsraelitis

581 2375 634 2426 in
667 2373 884 2427 deserto
907 2357 1464 2440 quadraginta-annis
1504 2370 1716 2438 deplnit
1749 2368 1816 2422 ad
1864 2369 2012 2438 ipsos
2035 2367 2143 2421 Do-

583 2467 763 2518 minus
794 2477 1046 2515 mannam
1080 2471 1130 2518 et
1163 2465 1489 2518 coturnices.
1529 2460 1696 2515 Porro
1731 2463 1785 2516 in
1809 2462 2023 2516 deserto
2045 2467 2141 2529 dp-

582 2563 888 2623 pngnarunt
924 2555 1049 2607 illos
1077 2552 1392 2606 Annali-hine
1421 2563 1474 2606 et
1514 2552 1779 2613 PJtilisttei
1801 2595 1813 2614 ,
1851 2554 1986 2605 adeo
2015 2559 2071 2605 ut
2100 2552 2142 2604 si

583 2647 800 2716 quando
844 2643 1174 2697 Palestinam
1240 2652 1503 2712 peterent,
1560 2643 1651 2705 ab,
1682 2661 1743 2698 ea
1787 2651 2142 2705 arcerentur;

585 2740 741 2792 antsi
781 2737 1206 2791 Amalekitarunt
1242 2741 1453 2805 plagam
1478 2780 1490 2800 ,
1526 2737 1666 2789 bello
1696 2738 1766 2790 ab
1796 2737 1928 2804 ipsis
1974 2737 2146 2788 laces-

592 2831 704 2889 siti.
761 2841 923 2897 atque
973 2810 1216 2898 impediti
1252 2828 1489 2891 fuerint;
1525 2828 1667 2895 quod
1707 2828 1751 2880 si
1818 2827 2048 2879 reditum
2093 2826 2143 2878 in

580 2921 874 2991 [Egyptum
930 2921 1350 2980 meditarentur,
1421 2919 1489 2971 ab
1558 2918 1680 2984 ejus
1711 2918 1907 2971 incolis
1947 2911 2152 2970 titnueJ

2231 452 2487 506 Confecto
2508 452 2664 504 etiam
2685 454 3032 526 tabernaculo
3059 454 3338 522 Temporis
3352 471 3418 509 ex
3446 455 3794 524 lsi-aelitulnat

2234 554 2386 608 neto,
2423 543 2602 611 posuit
2635 543 2688 595 in
2727 542 2842 610 ipso
2864 542 3042 598 Moses
3082 548 3379 600 sacrarium
3415 585 3432 609 ,
3469 547 3526 598 in
3572 561 3680 614 qllu
3720 563 3800 600 sa-

2235 635 2472 690 cerdotis
2503 649 2699 687 munus
2733 635 2899 688 obivit
2941 634 3106 690 frater
3139 639 3304 706 ipsius
3360 639 3574 706 Altroy.
3639 635 3802 691 Cuiu-

2235 743 2341 796 qne
2373 743 2400 779 a
2434 726 2802 795 serpentibus,
2830 742 3070 796 quorum
3101 745 3296 798 magna
3323 731 3424 784 fuit
3473 732 3530 784 itt
3587 732 3806 783 deserto

2234 820 2414 888 copia,
2447 820 2536 873 icti
2566 828 2727 888 atque
2782 819 3051 874 interfecti
3102 819 3360 875 Israelita:
3401 837 3560 891 opem
3585 835 3617 873 a
3667 819 3810 873 Ili-se

2239 911 2611 980 implorarent,
2651 913 2815 981 jussit
2863 914 3036 982 ipsum
3096 900 3355 967 Dominus
3397 915 3701 968 conflatum
3747 928 3809 964 ex

2226 1018 2339 1056 aere
2365 1015 2668 1073 serpentem
2699 1006 2915 1069 vexillo,
2946 1006 3089 1073 quod
3122 1005 3175 1058 in
3204 1005 3396 1059 mediis
3431 1006 3810 1060 lsraelitarnm

2238 1095 2436 1149 castris
2461 1097 2709 1163 erigeret,
2741 1105 3106 1150 transversum
3140 1097 3396 1164 infigere;
3425 1113 3537 1164 quo
3563 1137 3577 1158 ,
3603 1097 3654 1151 si
3693 1097 3816 1163 quis

2236 1203 2302 1242 ex
2339 1189 2472 1258 ipsis
2504 1204 2531 1241 a
2562 1196 2815 1257 serpente
2853 1203 3070 1242 morsus
3115 1172 3420 1256 serpentem
3471 1205 3686 1242 aereum
3739 1206 3820 1240 te-

2240 1275 2491 1350 spiCeret,
2525 1282 2729 1333 nullam
2762 1296 2790 1332 a
2826 1296 3035 1333 veneno
3063 1296 3257 1333 noxam
3306 1283 3555 1336 sentiret.
3610 1281 3814 1332 Mortui

2240 1381 2367 1448 sunt
2393 1383 2568 1425 autem
2603 1370 2803 1434 Moses,
2837 1372 3019 1425 Alit-on
3053 1381 3105 1426 et
3134 1372 3341 1425 Miriam
3375 1387 3533 1426 soror
3562 1374 3816 1439 ipsorum

2241 1464 2430 1517 eodem
2463 1451 2950 1527 annoindeserto,
2990 1476 3108 1532 post
3159 1480 3334 1518 annos
3385 1465 3439 1516 in
3490 1463 3616 1530 ipso
3688 1477 3822 1530 qua-

2241 1557 2487 1624 draginta
2546 1556 2856 1624 insuntplos
2908 1557 3181 1609 :obeunte
3242 1543 3415 1624 primo
3463 1553 3689 1606 Iliriam
3739 1553 3824 1604 die

2242 1657 2399 1698 sexto
2438 1645 2602 1699 Nisan
2633 1646 2762 1716 (qui
2798 1655 2882 1700 est
2914 1645 3256 1715 Barmudalt)
3309 1660 3480 1699 annos
3528 1643 3660 1696 nata
3700 1659 3827 1696 ca:-

2243 1746 2356 1789 tutn
2391 1738 2576 1803 viginti
2619 1754 2676 1791 se
2691 1747 2833 1812 ptem
2865 1757 2879 1802 ;
2911 1738 3105 1791 deinde
3131 1738 3366 1797 Altrone,
3393 1738 3574 1803 primo
3613 1736 3825 1786 mensis

2243 1830 2324 1882 Ab
2353 1829 2462 1898 (qui
2490 1839 2573 1883 est
2597 1829 2856 1894 Mesltra),
2895 1830 2986 1898 qtti
3014 1839 3070 1882 et
3098 1829 3346 1896 sepultus
3405 1838 3487 1881 est
3538 1830 3590 1878 in
3637 1835 3827 1877 uti-tite

2244 1923 2356 1976 llor
2380 1965 2394 1986 ,
2428 1938 2599 1976 annos
2646 1932 2805 1976 natus
2854 1931 3068 1976 centum
3099 1920 3284 1990 viginti
3329 1932 3472 1982 tres;
3534 1915 3827 1988 [ultimo]

2242 2015 2387 2068 lllose
2414 2015 2485 2081 (ο.
2519 2015 2599 2082 p.)
2636 2015 2722 2067 die
2752 2014 2982 2082 septimo
3023 2014 3185 2065 Adari
3220 2011 3333 2079 (qui
3383 2021 3464 2063 est
3496 2005 3827 2074 Bormabat]

2242 2109 2297 2161 in
2326 2110 2539 2176 regione
2571 2106 2746 2169 Moab,
2781 2105 2868 2160 ubi
2901 2114 2953 2159 et
2980 2106 3033 2158 in
3091 2104 3229 2158 valle
3277 2103 3512 2171 quodam
3566 2101 3830 2167 sepultus

2242 2208 2347 2260 est,
2383 2214 2504 2251 eum
2561 2212 2828 2250 annorum
2883 2204 3028 2250 esset
3070 2206 3286 2250 centum
3349 2195 3560 2262 viginti.
3603 2191 3831 2244 Mortuo

2242 2292 2408 2350 Mose,
2444 2290 2643 2357 populo
2679 2289 2909 2358 regendo
2958 2286 3246 2356 praefectus
3289 2294 3374 2340 est
3415 2283 3628 2346 Josua,
3683 2280 3828 2335 Noui

2245 2379 2409 2443 filius,
2442 2395 2616 2433 annos
2646 2382 2862 2446 triginta
2891 2388 2940 2434 et
2977 2393 3144 2431 unum
3179 2393 3195 2430 :
3223 2377 3313 2446 qui
3342 2391 3465 2430 cum
3516 2373 3829 2428 Iordane-tn

2245 2471 2570 2531 tramiisset.
2612 2479 2813 2538 septem
2879 2471 2996 2522 dies
3054 2469 3120 2522 ad
3172 2467 3526 2522 obsidendam
3596 2464 3832 2518 Iericho
3902 2523 3903 2536 χ

2247 2561 2604 2630 109-11]
2644 2551 2907 2615 substitit.
2939 2559 3031 2613 Die
3060 2561 3453 2628 septitno,cnm
3477 2558 3628 2611 tubis
3680 2557 3832 2608 circa
3901 2545 3903 2630 1

2246 2655 2429 2707 urbem
2461 2653 2834 2721 clangentibus
2867 2692 2882 2711 .
2907 2661 3072 2720 atque
3121 2650 3550 2705 vociferantibus
3600 2649 3837 2702 Israeli-

2247 2748 2340 2808 tis,
2384 2760 2490 2812 pra:
2519 2744 2777 2798 clamoris
2810 2753 2862 2796 et
2892 2745 3167 2813 clangoris
3197 2743 3542 2797 vehementia
3578 2741 3830 2795 cecidis-

2246 2846 2327 2891 set
2356 2819 2506 2891 urbis
2538 2826 2841 2899 munimen,
2868 2844 3132 2905 quotquot
3168 2835 3221 2888 in
3249 2835 3380 2887 urbe
3402 2835 3622 2889 fuerant
3647 2833 3832 2896 viros,

2246 2943 2468 2998 pueros,
2503 2927 2756 2991 feminas,
2788 2929 2903 2981 neci
2935 2926 3103 2981 dedit.

583 2985 826 3088 tune-Et
863 3013 1252 3080 prophetat-unt
1310 3007 1655 3081 105-107
1700 3009 1749 3058 itt
1792 3007 2014 3059 deserto
2048 3004 2140 3058 filii

2247 2985 2261 2998 ⁸
2318 2985 2487 3089 Capta
2520 2985 2836 3074 Jericbnnte
2881 3021 2933 3072 in
2987 3018 3107 3088 ejus
3154 3017 3554 3088 campestribus
3605 3018 3834 3075 Pascha

583 3103 783 3157 Knralti
815 3117 976 3170 quem
1006 3101 1275 3167 absorpsit
1301 3110 1464 3162 terra,
1489 3096 1745 3150 videlicet
1778 3095 1959 3160 Asltir,
1986 3093 2144 3146 Elka-

583 3196 716 3258 nali,
739 3194 1074 3262 etg'tnisaplt.
1099 3194 1401 3259 Absorptus
1423 3202 1600 3240 autem
1619 3200 1700 3241 cst
1724 3187 1898 3240 Koralt
1919 3185 2060 3254 quod
2087 3202 2144 3240 se

584 3302 748 3354 supra
801 3283 983 3336 Mosen
1037 3282 1323 3336 extolleret
1377 3282 1536 3348 eique
1581 3279 1909 3331 convitiatus
1976 3286 2140 3340 esset,

584 3396 703 3447 qtae
736 3387 787 3431 et
812 3378 1133 3445 (imperante
1183 3385 1342 3426 terrm
1396 3372 1559 3436 Mose)
1589 3371 1763 3438 ipsum
1798 3384 1920 3421 cum
1963 3371 2144 3422 ta‘ber-

588 3473 779 3524 naculo
826 3485 947 3532 suo,
995 3483 1222 3536 qumque
1270 3467 1371 3535 ipsi
1420 3475 1574 3517 erant
1630 3465 1882 3518 omnibus
1914 3466 2141 3516 devora-

586 3567 682 3616 \‘it.

658 3658 821 3710 l’nrro
854 3652 1263 3706 nutnerantibus
1308 3650 1452 3704 Mose
1495 3660 1549 3703 et
1597 3652 1814 3705 Altrone
1873 3650 2143 3705 lsraelitas

585 3765 705 3809 cum
733 3748 784 3799 in
813 3747 1028 3799 deserto
1060 3753 1265 3807 essent,
1302 3758 1490 3796 omnes
1519 3745 1687 3796 armis
1725 3744 1999 3811 gestandis
2032 3742 2145 3795 ido-

590 3854 739 3899 neos,
767 3838 951 3904 viginti
994 3847 1047 3890 et
1078 3837 1220 3904 quod
1249 3835 1491 3889 excurrit
1524 3849 1695 3888 annos
1725 3842 1897 3898 natos,
1923 3849 2086 3903 excep
2118 3850 2144 3886 a

596 3932 736 3982 tribu
772 3929 921 3990 Levi,
964 3929 1181 3997 fuerunt
1212 3928 1488 3980 hominum
1513 3926 1649 3980 ultra
1684 3927 1982 3979 sexcenties
2004 3926 2146 3978 mille

593 4023 694 4074 tria
739 4021 902 4072 millia
936 4020 1216 4089 quingenti
1253 4031 1302 4072 et
1358 4020 1770 4088 quinquaginta.
1815 4018 2011 4070 Levita:
2056 4035 2148 4069 att-

588 4122 715 4174 tem,
745 4128 865 4162 eum
898 4112 1157 4179 ipsorum,
1183 4093 1448 4178 quotquot
1473 4125 1705 4161 mensem
1736 4125 1901 4162 unum
1927 4117 1977 4162 et
2003 4110 2144 4176 quod

589 4207 726 4256 ultra
762 4216 842 4258 est
867 4208 973 4257 nati
1006 4216 1206 4268 essent,
1234 4220 1512 4256 numerum
1549 4204 1844 4270 cepissent,
1879 4205 2041 4257 vicies
2066 4203 2147 4257 bis

590 4297 735 4349 tnille
770 4297 987 4348 ducenti
1019 4298 1359 4364 septuaginta
1392 4305 1501 4348 tres
1541 4295 1777 4348 fuerunt.
1808 4296 1878 4348 Ita
1930 4296 2148 4348 fuerunt

2249 3111 2562 3168 celebravit.
2594 3109 2802 3163 Deinde
2835 3111 3134 3164 exercitum
3164 3109 3229 3164 ad
3269 3112 3457 3166 urbem
3504 3111 3606 3164 Ani
3630 3121 3694 3166 et
3731 3112 3834 3166 Be-

2253 3203 2360 3256 tltel
2396 3203 2677 3271 praemisit,
2710 3203 2800 3270 qui
2836 3201 2986 3256 urbis
3011 3210 3212 3256 statum
3237 3187 3603 3270 explorarent.
3648 3202 3832 3258 Cum-

2251 3311 2356 3364 que
2385 3296 2660 3363 congressi
2706 3295 2805 3346 Ani
2886 3293 3075 3346 incola:
3126 3308 3156 3348 e
3208 3291 3391 3347 Josuaa
3445 3287 3609 3366 sociis
3673 3295 3829 3348 viros

2254 3383 2471 3450 triginta
2511 3397 2604 3435 sex
2647 3381 3066 3446 interfecissent,
3104 3381 3270 3436 Josua
3306 3391 3497 3437 contra
3541 3399 3665 3437 eam
3721 3387 3825 3436 tri-

2254 3473 2366 3527 cies
2399 3475 2542 3528 mille
2569 3476 2768 3538 emisit,
2815 3489 2950 3542 quos
2983 3485 3201 3528 secutus
3244 3485 3327 3528 est
3379 3473 3489 3541 ipse
3518 3489 3644 3527 cum
3686 3475 3826 3529 insi-

2254 3566 2376 3619 diis.
2413 3566 2709 3634 Progresso
2733 3581 2860 3634 ergo
2903 3580 3026 3635 rege
3054 3566 3152 3619 Ani
3185 3564 3249 3620 ad
3275 3580 3432 3619 exere
3460 3574 3570 3618 t-tnt
3610 3563 3654 3616 ι.
3682 3581 3711 3621 s
3752 3584 3822 3630 ar,
3902 3563 3907 3614 i.

2252 3669 2531 3711 cesserunt
2561 3657 2692 3724 ipsis
2723 3656 2977 3710 lsraeliue
3010 3657 3180 3725 donec
3208 3654 3274 3708 ab
3303 3655 3435 3708 urbe
3487 3655 3707 3722 longius
3733 3655 3815 3705 di-
3902 3657 3907 3686 ¹

2253 3749 2597 3812 scessissent,
2627 3763 2787 3817 quant
2817 3749 3094 3816 ingressus
3131 3744 3297 3800 Josua
3351 3761 3473 3799 cum
3525 3745 3819 3800 insidiato-

2255 3840 2404 3893 ribus
2436 3840 2609 3907 ipsam
2646 3847 2908 3891 rastatatn
2956 3838 3077 3907 igne
3139 3836 3464 3903 absumpsit,
3513 3834 3818 3888 interfectis

2254 3928 2344 3996 qui
2374 3930 2512 3982 inea
2548 3928 2762 3981 fuerant
2793 3936 2900 3980 tam
2946 3927 3075 3980 vit-is
3110 3941 3271 3995 quant
3322 3926 3561 3998 feminis.
3613 3924 3815 3996 Regem

2255 4020 2451 4074 deinde
2476 4020 2593 4087 ejus
2619 4020 2918 4083 insecutus,
2948 4018 3126 4072 socios
3160 4018 3334 4086 ipsius
3356 4017 3578 4080 ociidit,
3614 4017 3817 4084 ipsum,

2254 4112 2346 4177 Qui
2385 4110 2540 4161 vivus
2584 4117 2776 4175 captus
2827 4118 2943 4172 est,
3002 4107 3160 4160 morti
3209 4106 3463 4176 traditum
3508 4110 3816 4173 suspendit.

2257 4204 2622 4267 Ascenditque
2705 4198 2872 4252 Josua
2957 4213 3076 4250 cum
3141 4197 3399 4252 lsraelitis
3457 4200 3509 4250 in
3576 4209 3810 4265 montem

2257 4292 2461 4363 [terrai]
2488 4293 2909 4346 Cltanaaniticaa.
2939 4289 3109 4343 Porro
3135 4306 3255 4343 cum
3285 4289 3539 4343 Israelita:
3567 4289 3814 4358 quadra—

589 4404 946 4456 omnes,quns
979 4398 1335 4441 numerarunt
1368 4387 1543 4450 Moses
1576 4397 1628 4442 et
1660 4389 1865 4451 Ahron,
1891 4387 2142 4441 Israelita:
2182 4392 2222 4445 ι)
2253 4388 2419 4453 ginta,
2449 4384 2648 4453 quibus
2683 4386 2733 4436 in
2783 4384 3003 4437 deserto
3062 4391 3237 4446 erant,
3291 4383 3449 4436 annis
3504 4383 3812 4436 circumciSt

591 4497 817 4536 numero
849 4483 987 4533 ultra
1013 4483 1315 4533 sexcenties
1335 4482 1479 4532 mille
1505 4482 1670 4535 vicies
1692 4481 1978 4549 quinquies
2006 4482 2149 4534 mille

588 4573 881 4643 octingenti
919 4572 1101 4640 viginti
1140 4583 1265 4626 tres.
1301 4571 1468 4624 Porro
1507 4573 1778 4627 interfecit
1819 4575 1991 4627 Moses
2023 4577 2145 4628 dum

590 4669 639 4720 in
673 4669 888 4720 deserto
916 4675 1082 4726 esset,
1121 4664 1378 4717 Sinonem
1415 4681 1589 4734 regem
1621 4665 1913 4728 lli-sltboni,
1939 4677 1989 4719 et
2019 4669 2148 4722 viris

587 4759 803 4819 occisis,
843 4756 1170 4824 feminisque
1199 4757 1424 4823 captivis
1460 4757 1615 4809 lactis
1655 4796 1666 4818 ,
1721 4751 2148 4826 ipsorum-pagos

590 4849 841 4901 vastavit.
873 4850 1034 4901 Caeso
1063 4846 1223 4900 etiam
1257 4863 1375 4913 rege
1415 4847 1608 4899 Midian
1642 4889 1653 4906 ,
1683 4857 1842 4916 atque
1872 4850 2001 4902 urbe
2046 4865 2150 4900 ex-

588 4941 703 4993 cisa
741 4940 887 4991 viros
923 4952 1230 5004 puerosque
1266 4937 1379 4987 neci
1421 4936 1566 4987 dedit
1598 4975 1610 4994 ,
1651 4936 1876 4990 feminas
1904 4937 2148 5004 captivas

590 5031 833 5083 abduxit.
874 5030 1180 5096 Eodemque
1214 5027 1371 5080 modo
1398 5041 1573 5094 regem
1594 5026 1671 5095 0g
1697 5042 1725 5078 e
1757 5028 1933 5081 medio
1963 5037 2148 5080 sustu-

589 5123 671 5185 lit,
715 5125 846 5174 urbe
884 5121 1056 5188 ipsius
1097 5121 1362 5182 desolata,
1405 5118 1706 5171 interfectis
1741 5119 1872 5172 viris
1923 5134 1983 5172 ac
2018 5136 2150 5188 pue-

587 5216 684 5275 ris,
724 5213 936 5265 feminis
961 5211 1157 5281 captis.
1182 5210 1591 5264 Conscendente
1619 5219 1798 5262 autem
1826 5209 1968 5264 Mose
1997 5227 2147 5264 mon-

589 5319 691 5360 tem
725 5307 865 5359 Sinte
889 5304 1112 5358 tradidit
1147 5305 1248 5373 ipsi
1300 5304 1560 5356 Dominus
1600 5303 1765 5372 legem
1819 5304 2011 5357 tabulis
2065 5306 2146 5356 in-

585 5400 838 5464 scriptam
874 5416 885 5447 :
921 5406 971 5446 at
1009 5411 1128 5449 cum
1166 5395 1229 5447 dc
1291 5402 1470 5445 tuente
1517 5394 1887 5446 descendisset
1943 5395 2145 5447 invenit

586 5490 876 5549 Israi-iitas,
906 5488 1047 5554 quod
1079 5503 1139 5539 ex
1181 5485 1337 5554 108
1386 5486 1521 5538 fusis
1577 5486 1863 5537 mulierum
1920 5500 2143 5540 suarum

585 5582 915 5634 nrnanetttis
946 5581 1258 5647 prodierat,
1288 5578 1435 5629 vituli
1488 5586 1653 5646 caput
1712 5577 1972 5632 colentes.
2016 5577 2142 5641 Qui-

587 5678 684 5728 bus
717 5672 1024 5740 conspectis
1052 5673 1265 5728 tabulas
1295 5686 1322 5723 e
1353 5687 1512 5723 tuanu
1554 5687 1648 5726 sua
1714 5671 1950 5746 abjeetas
2007 5685 2132 5723 con-

2254 4492 2360 4529 n.tn
2398 4475 2648 4538 fuissent,
2681 4478 2791 4535 ubi,
2819 4474 3053 4528 Jordaue
3087 4456 3288 4542 efqttte
3341 4475 3730 4541 eireumjacent
3762 4491 3810 4526 ιιι

2255 4579 2572 4636 potestatein
2609 4569 2859 4630 redactis,
2891 4582 3011 4619 cum
3051 4567 3300 4633 gentibus
3332 4568 3806 4634 pertnisrercntnr,

2248 4660 2411 4728 jussit
2439 4660 2693 4711 Dominus
2722 4659 2970 4720 Josuatn,
3011 4659 3202 4711 eultris
3237 4673 3265 4710 e
3300 4658 3476 4728 lapide
3515 4659 3650 4710 duro
3687 4675 3810 4711 cnn-

2255 4753 2409 4803 fcetis
2441 4754 2585 4818 ipsos
2613 4753 3028 4812 circumcidere,
3063 4750 3204 4817 quod
3230 4761 3281 4803 et
3310 4752 3452 4804 fecit.
3483 4749 3596 4818 (Est
3630 4761 3800 4804 autem

2254 4845 2571 4913 A'Itltinputn
2606 4861 2736 4913 gens
2762 4850 3003 4913 quaedam
3038 4843 3296 4912 Al-Najab
3345 4845 3486 4898 dicta
3520 4861 3636 4915 «λικε
3672 4848 3802 4899 idem

2261 4939 2434 4990 adlme
2466 4937 2655 5004 facit.)
2685 4938 2852 5004 112‘
2878 4937 3170 5005 Descripsit
3191 4940 3347 4990 etiam
3385 4937 3642 4992 Israelitis
3663 4938 3802 4991 Deu-

2255 5027 2646 5087 tcrnnomiutn,
2683 5040 2909 5093 qumque
2943 5027 2991 5077 itt
3024 5040 3085 5078 ea
3115 5027 3461 5079 continentur
3484 5028 3728 5079 bened-ct
3750 5047 3804 5080 o-

2258 5135 2351 5170 nes
2376 5128 2429 5171 et
2471 5118 2901 5171 maledic-tiones.

2327 5210 2424 5264 Ubi
2455 5219 2631 5263 autem
2671 5212 2734 5260 ad
2769 5225 2944 5277 regem
2973 5209 3231 5264 Gibeonis
3260 5212 3596 5280 pervenisset
3635 5211 3799 5264 Josua'

2252 5302 2411 5364 fama,
2447 5302 2532 5354 ille
2558 5318 2650 5367 per
2696 5303 2900 5356 litteras
2965 5303 3204 5371 alnipso
3260 5305 3608 5358 securitatem
3659 5304 3800 5372 petiit

2251 5393 2434 5444 multis
2466 5391 2559 5458 ipsi
2594 5391 2773 5445 missis
2801 5395 3144 5460 muneribus;
3176 5408 3345 5462 quare
3370 5395 3547 5464 ipsum
3579 5397 3629 5448 in
3650 5398 3794 5449 fidem

2231 5494 2522 5550 'recteptum
2572 5484 2690 5538 loco
2743 5501 2842 5537 suo
2907 5501 3219 5554 permanere
3270 5490 3542 5556 permisit.
3604 5475 3666 5542 At
3719 5504 3796 5541 rex

2248 5576 2574 5644 Jerusalem,
2610 5578 2697 5630 cui
2734 5593 2926 5631 noxnen
2957 5578 3186 5633 Nisedek
3213 5621 3228 5644 ,
3269 5594 3366 5634 rex
3418 5580 3636 5636 Ueltron
3659 5626 3676 5646 ,
3716 5596 3797 5634 rex

2246 5669 2529 5734 Yarmutlt,
2563 5684 2653 5724 rex
2690 5667 2922 5725 Lacbisb
2970 5680 3020 5724 ct
3057 5683 3144 5723 rex
3183 5668 3420 5727 Askclon
3447 5711 3465 5738 ,
3502 5673 3682 5727 audito
3723 5685 3798 5726 re-
