3950 6348
131 341 222 405 933

1527 316 1896 392 AXNALES.

3215 332 3320 394 934

113 473 215 524 ψη
241 452 484 509 Gibeonis
517 468 572 506 se
605 454 655 504 in
693 450 869 503 Josuzu
895 449 986 503 ﬁlii
1037 447 1155 502 Nuu
1195 448 1350 515 tidem
1398 449 1649 511 dedisse,
1683 456 1725 509 Α
1756 451 1856 506 cim
1886 466 2058 504 annos
2095 449 2383 518 insumpsit
2419 447 2614 518 [tuin]
2650 440 2902 518 populum
2957 451 3008 502 in
3052 452 3318 517 tranquil-

113 547 332 599 collectis
355 545 550 612 copiis,
592 543 776 594 urbem
802 539 970 594 Giben
1005 541 1243 609 aggressi
1267 552 1384 593 eam
1427 540 1651 594 obsede-

110 647 241 701 runt,
264 637 415 704 cujus
469 636 542 688 rei
593 614 810 686 J'osuam
875 633 1096 700 scriptis
1130 631 1195 684 ad
1234 631 1408 700 ipsum
1458 631 1652 686 litteris

103 733 369 783 certiorem
403 727 524 780 fecit
557 739 645 779 rex
678 722 911 777 Gibeon.
949 724 1116 781 Josua
1169 731 1466 776 convocato
1497 737 1653 777 exer-

102 820 201 873 citu
228 818 289 872 ad
320 819 464 886 ipsos
512 813 907 883 oppugnandos
958 813 1247 884 profectus
1301 813 1526 881 victoria
1585 815 1638 867 in

99 913 232 980 ipsos
258 910 486 962 donatus
514 914 614 965 est.
651 895 1120 973 fugientibussillis
1145 920 1329 960 coram
1392 907 1510 976 ipso
1553 921 1644 959 us-

96 996 192 1068 que
217 999 372 1050 urbes
397 995 574 1049 Azeka
600 1005 652 1049 et
679 987 897 1049 Slakeda
924 1036 938 1060 ,
1014 997 1144 1066 quin
1203 1005 1257 1051 et
1329 998 1645 1067 grandinem

96 1090 345 1158 lapideum
373 1101 537 1155 super
573 1089 717 1156 ipsos
749 1089 882 1155 pluit
926 1087 1214 1153 Dominus,
1245 1089 1443 1158 quibus
1479 1089 1647 1158 occisi

94 1188 207 1233 sunt
243 1196 254 1230 :
283 1178 615 1233 subsistente
650 1180 813 1233 etiam
856 1179 908 1233 in
943 1177 1130 1234 Josua:
1162 1181 1393 1248 gratiam
1425 1179 1538 1232 sole
1573 1179 1646 1231 ita

95 1280 142 1323 Ill
175 1285 266 1324 HEC
296 1273 567 1360 \orieutcm
632 1287 732 1326 nec
787 1288 1040 1327 occasum
1092 1288 1284 1327 vet-sus
1344 1282 1648 1324 ιιιονρτριιιτ

91 1363 244 1413 donec
275 1363 554 1435 victoriam
581 1363 633 1417 in
671 1364 792 1417 illos
815 1365 917 1433 ipsi
959 1366 1332 1418 concessisset
1365 1363 1643 1417 Dominus.

91 1453 364 1521 Fugientes
394 1462 571 1509 autem
597 1444 845 1524 quinque
877 1471 1031 1524 reges
1079 1456 1170 1509 isti
1201 1457 1455 1524 spelunca
1481 1470 1639 1507 mou-

91 1543 150 1594 tis
181 1557 338 1609 quam
371 1542 612 1612 ingressi
643 1555 773 1598 sunt
809 1560 868 1598 se
895 1545 1228 1598 abdiderunt
1259 1562 1270 1596 :
1301 1543 1442 1596 unde
1469 1549 1648 1595 extra-

91 1638 194 1683 ctos
220 1638 270 1682 et
302 1639 473 1685 morte
511 1622 745 1686 affectos
767 1632 1058 1700 suspendit
1085 1630 1276 1684 Josua.
1332 1629 1533 1684 Deinde
1579 1629 1648 1683 ab

90 1722 207 1774 urbe
233 1720 476 1776 Makkida
515 1725 579 1774 ad
609 1724 795 1776 urbem
836 1721 1004 1777 Libuit
1036 1722 1316 1790 proiectus
1347 1730 1452 1784 est,
1479 1737 1640 1796 quam

86 1814 344 1868 obsessam
368 1812 534 1882 cepit,
563 1829 686 1884 rege
710 1815 938 1884 aliisque
958 1816 1046 1884 qui
1071 1815 1123 1867 in
1143 1829 1204 1868 ea
1221 1824 1374 1881 erant
1393 1815 1645 1871 omnibus

85 1903 384 1958 interfectis.
410 1906 491 1959 Ab
531 1907 664 1960 urbe
689 1905 860 1959 Libna
891 1905 959 1959 ad
987 1906 1178 1961 urbem
1208 1903 1440 1958 Lachisb
1469 1902 1644 1974 profe-

84 2005 188 2062 ctus
210 2004 310 2056 est,
333 1995 492 2062 cujus
511 1997 671 2049 etiam
694 2006 863 2062 capts:
883 2009 1055 2065 regem
1077 2009 1372 2064 omnesque
1393 1995 1646 2062 incolase

85 2085 245 2138 medio
285 2085 638 2154 113-115
664 2087 897 2141 sustulit;
939 2085 1058 2151 Quo
1108 2085 1294 2155 audito
1322 2085 1532 2140 scilicet
1559 2084 1644 2138 Jo-

83 2179 422 2242 Saarnmrbem
448 2177 1341 2248 Lachislrlobsedisse,egressusest
1360 2193 1449 2232 rex
1465 2177 1641 2243 (ἔπερ,

82 2268 451 2322 omniexercitu
492 2283 593 2324 suo
631 2272 739 2338 regi
773 2270 1005 2324 La‘clrislt
1027 2279 1216 2322 contra
1236 2267 1641 2328 Josn:nn,Nuni

81 2355 256 2424 ﬁlium,
284 2374 446 2428 opem
499 2361 706 2416 laturus
734 2401 752 2425 ,
791 2362 860 2415 ‘in
915 2377 1074 2430 quem
1100 2362 1263 2414 etiam
1288 2363 1515 2414 victoria
1544 2376 1642 2430 po-

82 2451 204 2510 titus
221 2447 406 2517 Josua,
433 2453 606 2521 ipsum
630 2469 752 2507 cum
781 2453 1108 2522 sequacibus
1128 2453 1245 2507 suis
1276 2439 1574 2508 interfecit.

141 2544 183 2597 Δ
208 2545 440 2600 Laclrisb
466 2545 531 2598 ad
558 2547 744 2600 urbem
769 2545 1002 2604 Askelon
1030 2543 1311 2614 profectus
1336 2561 1454 2598 eam
1479 2546 1639 2598 etiam

81 2647 195 2685 cum
226 2635 513 2690 obsidione
537 2635 796 2706 cepisset,
830 2621 1014 2706 regem
1049 2651 1170 2689 cum
1201 2635 1417 2689 caeteris
1469 2636 1640 2704 ipsius

81 2724 262 2780 incolis
291 2727 518 2781 occidit.
555 2726 758 2781 Deinde
777 2727 842 2780 ad
877 2728 1065 2782 urbem
1099 2709 1314 2782 llebrott
1340 2728 1637 2795 profectus,

83 2814 192 2883 ejus
221 2816 384 2870 etiam
410 2805 648 2872 obsessa:
663 2833 723 2870 ac
755 2828 924 2884 capta:
949 2833 1127 2888 regem
1153 2827 1205 2872 et
1229 2818 1433 2872 incolas
1452 2834 1640 2874 omnes

83 2905 331 2972 perdidit.
356 2906 493 2960 'lnde
519 2907 582 2960 ad
617 2908 804 2961 urbem
833 2907 992 2961 chir
1015 2909 1312 2977 profectus,
1333 2922 1455 2981 eam
1475 2909 1637 2962 etiam

82 2995 358 3051 obsidione
390 2999 552 3064 cepit,
593 3012 882 3068 regemque
915 3013 977 3052 ac
1007 3007 1231 3054 caeteros
1271 2999 1389 3069 ejus
1435 3000 1639 3053 incolas

79 3087 362 3159 interfecit.
401 3087 493 3143 llis
526 3089 729 3142 auditis
753 3091 906 3164 irrisit
941 3089 1104 3143 Gabir
1147 3089 1336 3146 llasuri
1388 3107 1476 3143 rex
1507 3132 1521 3154 ,
1572 3093 1636 3145 ad

81 3181 246 3248 regem
273 3181 482 3242 Maron,
520 3197 698 3252 regem
730 3182 987 3237 Sliimron
1019 3226 1034 3249 ,
1070 3199 1250 3258 regem
1302 3181 1593 3251 Achshaplr
1624 3227 1636 3248 ,

80 3285 249 3334 regem
282 3270 527 3346 Sido—nis,
555 3288 734 3342 regem
773 3272 980 3337 Rarum,
1014 3289 1111 3326 nec
1141 3274 1336 3327 nonad
1357 3273 1640 3336 Moabitas,

81 3359 415 3425 llarranitas,
458 3362 755 3427 Awabitas,
788 3362 1077 3418 Kararaeos
1107 3407 1122 3428 ,
1155 3365 1437 3420 Jebusazos
1460 3407 1475 3431 ,
1505 3365 1641 3420 Sha-

80 3454 285 3508 nabteos
309 3493 324 3518 ,
361 3462 417 3507 et
444 3454 755 3522 quicunque
803 3469 930 3508 oras
967 3455 1268 3508 maritimas
1303 3455 1637 3517 incolerent,

81 3560 181 3613 quo
214 3547 266 3600 in
301 3561 468 3599 unum
503 3548 882 3602 convenirent.
930 3546 1257 3615 Congrcgati
1308 3538 1472 3616 igitur
1514 3562 1639 3601 cum

79 3639 240 3703 coniis
273 3639 390 3693 suis
423 3652 592 3706 reges,
629 3638 762 3692 adeo
807 3647 865 3690 ut
887 3653 1112 3692 numero
1140 3639 1314 3691 instar
1344 3653 1523 3692 arena:
1553 3654 1641 3692 es-

80 3741 214 3792 seut,
255 3728 322 3783 ad
357 3727 606 3793 Josuam,
643 3728 777 3781 Num
814 3717 1005 3791 lilium,
1038 3730 1459 3797 oppugnandum
1510 3745 1637 3798 pro-

79 3822 193 3874 fecti
232 3831 380 3876 sunt.
410 3807 622 3885 Quibus
662 3834 960 3873 occurrens
988 3817 1153 3873 Josua
1192 3829 1245 3873 et
1287 3820 1515 3891 victoria
1545 3836 1640 3890 po-

80 3914 223 3976 titus,
247 3914 386 3982 ipsis
433 3914 613 3975 caesis,
647 3913 878 3966 tentoria
905 3913 1143 3977 ipsorum
1174 3913 1293 3980 igne
1318 3912 1639 3978 combussit,

79 4015 125 4057 et
150 4003 412 4072 jmnentis
464 4004 789 4073 suﬂragines
843 4002 1060 4056 incidit.
1131 4000 1241 4056 Nec
1291 3999 1498 4057 destitit
1548 4018 1642 4057 eos

82 4098 322 4166 persequi
352 4095 563 4164 gladius
591 4112 762 4164 usque
788 4095 858 4148 ad
885 4094 1050 4147 urbes
1075 4091 1260 4147 Maron
1287 4104 1340 4147 et
1363 4091 1638 4159 Sidonem,

81 4185 208 4238 adeo
236 4195 294 4239 ut
318 4201 426 4238 non
455 4186 710 4242 evaderet
742 4200 804 4242 ex
841 4185 976 4254 ipsis
1024 4185 1337 4252 quispiam;
1394 4183 1522 4252 quin
1588 4192 1639 4238 et

82 4292 229 4346 reges
279 4289 467 4345 captos
521 4278 738 4332 occidit.
795 4268 963 4331 Porro
1034 4290 1222 4330 omnes
1269 4291 1404 4344 quos
1441 4274 1641 4328 occidit

81 4366 258 4429 iosua,
284 4366 422 4420 Nuni
458 4368 618 4437 116
647 4369 808 4429 ﬁlius,
856 4380 1029 4436 reges,
1058 4381 1360 4434 eorumque
1389 4369 1640 4435 regiones

1759 543 1908 596 litate
1964 559 2025 597 ac
2087 557 2215 610 pace
2283 541 2442 593 annis
2499 539 2755 594 undecim
2810 543 2969 596 rexit.
3004 542 3323 610 l‘roplrctit-o

1759 649 1982 687 munere
2025 634 2196 702 ipsius
2223 633 2431 686 dicbus-
2455 632 2630 686 functi
2665 640 2796 686 sunt
2824 633 3043 685 Eleazar
3090 633 3321 686 Altronis

1756 725 1946 786 ﬁlius,
1993 734 2044 777 et
2099 723 2330 777 Pbineas
2381 725 2522 778 filius
2579 724 2859 788 Eleazari,
2913 725 3006 777 filii
3061 724 3317 778 Altronis.

1756 815 2002 868 Mortuus
2025 822 2204 864 autem
2237 812 2396 866 Josua
2427 814 2568 868 Nuni
2605 813 2749 869 ﬁlius
2803 829 2928 867 cum
2985 829 3155 868 annos
3197 830 3324 867 cen-

1755 913 1866 956 tum
1900 902 2086 955 decem
2122 909 2282 957 natus
2315 914 2480 969 esset,
2514 907 2762 974 sepultus
2797 918 2881 958 est
2916 905 2972 980 iq
3003 917 3182 957 tnontc
3231 903 3323 955 Gi-

1762 995 1901 1056 leail,
1932 1008 2149 1061 unaque
2187 1007 2306 1046 cum
2337 994 2454 1061 ipso
2485 995 2642 1046 cultri
2685 994 2885 1063 quibus
2945 995 3216 1047 Israeliter
3267 994 3324 1045 in

1751 1082 1925 1151 Gilgal
1950 1081 2414 1137 circumcidisset.
2460 1082 2697 1136 Mortuo‘
2724 1082 2886 1137 Josua
2913 1126 2925 1146 ,
2982 1083 3122 1137 Nuni
3172 1085 3279 1136 ﬁlio
3305 1122 3320 1144 ,

1753 1175 1950 1242 populo
1979 1167 2196 1244 praefuit
2226 1173 2458 1244 Phineas
2491 1173 2782 1229 sacerdos:
2820 1165 3319 1227 vidcl‘icctf’ninms

1753 1268 1892 1319 ﬁlius
1932 1266 2168 1320 Eleazari
2205 1266 2297 1320 lilii
2327 1267 2591 1326 Abrouis;
2657 1265 2813 1334 117
2854 1266 3012 1334 119
3041 1266 3322 1333 quiannos

1752 1358 1935 1425 viginti
1968 1360 2209 1426 quinque
2242 1358 2556 1411 sacerdotio
2590 1357 2808 1410 functus
2866 1365 2983 1414 est;
3040 1348 3322 1416 autumant

1750 1463 1878 1500 vero
1910 1447 2082 1502 Judaei
2111 1451 2437 1502 Pliineasum
2471 1452 2802 1502 sacerdotem
2825 1487 2840 1507 ,
2889 1448 3137 1500 eunnlcm
3199 1463 3324 1501 esse

1729 1541 2061 1610 ,proiiltetam
2091 1541 2256 1592 liliam
2284 1556 2442 1608 quem
2475 1552 2668 1594 vocant
2689 1541 2896 1594 Arabes
2925 1539 3226 1592 Al-Cltatlr.

1820 1633 1956 1685 Tum
2001 1632 2091 1685 ubi
2133 1632 2387 1700 permisti
2439 1647 2560 1685 cum
2609 1627 2860 1699 gentibus
2916 1629 3321 1684 eircumvicinis

1749 1724 2024 1788 Israelitze,
2063 1723 2413 1776 matrimonia
2452 1739 2574 1776 cum
2604 1723 2739 1790 ipsis
2785 1723 3168 1800 contrahentes
3201 1760 3216 1783 ,
3255 1719 3317 1772 fi-

1753 1815 1964 1883 liasque
1992 1831 2121 1869 suas
2152 1815 2288 1882 ipsis
2319 1815 2570 1884 nuptum'
2600 1813 2797 1867 dantes
2822 1851 2838 1877 ,
2890 1810 3028 1866 idola
3076 1816 3315 1883 ipsorum

1751 1907 2055 1960 coluissent
2089 1905 2326 1975 (quibus
2357 1906 2574 1959 nomina
2609 1903 2840 1967 Baalim,
2887 1913 2940 1958 et
2984 1905 3237 1956 Aibtarut
3267 1912 3319 1955 et

1752 1998 1920 2066 Baal)
1973 1999 2271 2066 praevalens
2329 1998 2458 2065 ipsis
2504 1997 2724 2050 Cushan
2769 1994 3130 2065 Risbyatliain
3162 2035 3176 2056 ,
3228 2009 3319 2046 rex

1751 2091 1940 2155 Aram,
1982 2090 2072 2158 qui
2105 2099 2159 2141 et
2186 2087 2337 2159 Tyri,
2378 2080 2430 2142 et
2470 2087 2688 2140 Sidonis
2740 2102 2831 2141 rex
2859 2126 2875 2150 ,
2906 2086 3204 2156 appellatus
3237 2093 3318 2138 est

1752 2195 1844 2234 rex
1906 2181 2143 2234 Batti-ain
2193 2178 2292 2250 [id
2331 2189 2414 2232 est
2458 2180 2687 2232 duorum
2741 2177 3011 2248 marium]
3060 2178 3316 2247 papulum

1749 2281 1872 2328 octo
1903 2288 2075 2325 annos
2107 2271 2238 2324 dure
2278 2280 2330 2324 et
2364 2271 2658 2350 crudeliter
2692 2272 2851 2325 rexit.
2885 2271 2953 2322 At
2999 2286 3122 2323 cum
3159 2310 3173 2334 ,
3207 2282 3318 2338 pra:

1748 2364 1998 2433 angustia
2029 2364 2151 2431 ejus
2183 2378 2346 2432 quam
2380 2363 2528 2431 passi
2565 2375 2688 2416 sunt
2720 2361 3027 2416 aﬂlictionis
3048 2401 3062 2425 ,
3094 2361 3159 2414 ad
3219 2363 3317 2413 Do-

1749 2456 1879 2510 mini
1911 2455 2116 2508 cultum
2155 2454 2360 2508 reversi
2387 2461 2572 2508 essent
2605 2453 2810 2506 relictis
2833 2452 3014 2518 idolis,
3039 2452 3315 2520 profectus

1746 2546 1993 2602 Othaniel
2027 2547 2170 2599 ﬁlius
2197 2546 2432 2610 Kenani,
2461 2545 2628 2598 frater
2649 2544 2856 2608 Calebi,
2879 2544 3095 2612 juvenis
3117 2560 3146 2599 e
3171 2545 3313 2597 tribu

1743 2640 1948 2700 Judalt,
1986 2649 2039 2692 et
2068 2638 2285 2693 Cuslran
2317 2635 2643 2690 Risliatbain
2698 2635 2837 2689 beilo
2867 2651 3154 2704 aggressus
3180 2677 3194 2697 ,
3231 2637 3313 2704 ip.

1747 2745 1867 2784 sum
1900 2728 2201 2791 interfecit,
2236 2741 2297 2780 ac
2329 2727 2586 2794 pepulutu
2620 2741 2794 2782 annos
2841 2727 3200 2795 quadraginta
3235 2742 3318 2779 re-

1749 2822 1844 2874 xit.
1880 2801 2095 2873 Mortuo
2137 2829 2316 2873 autem
2353 2817 2674 2880 Otlraniele,
2729 2833 2853 2872 eum
2911 2820 2976 2873 ad
3044 2818 3312 2871 idolorum

1721 2903 1950 2968 cultum
1994 2913 2196 2966 reversi
2253 2918 2437 2965 essent
2486 2910 2780 2974 Israelita,
2833 2907 3117 2977 prazvaluit
3181 2911 3313 2972 ipsi:

1747 3004 1915 3058 Eklon
1948 3020 2036 3057 rex
2077 3003 2254 3064 Moab,
2299 3004 2386 3070 qui
2420 3001 2685 3066 collectis,
2713 3011 2979 3072 quotquot
3000 2991 3311 3054 erantAm-

1746 3095 1965 3149 monitis
1985 3104 2038 3148 et
2069 3094 2410 3156 Amaleltitis,
2430 3109 2706 3162 egressus,
2736 3094 3110 3162 superatisque
3133 3095 3303 3147 Israe—

1743 3189 1852 3240 litis
1883 3190 2066 3239 urbem
2102 3184 2233 3238 Pliik
2263 3199 2292 3239 e
2326 3200 2486 3237 manu
2539 3184 2782 3253 ip~orutn
2836 3183 3054 3252 eripuit.
3107 3183 3316 3237 Servie-

1745 3288 1870 3332 runt
1908 3293 2035 3348 ergo
2062 3277 2140 3331 illi
2178 3277 2631 3356 Israelitae;quos
2666 3289 2840 3327 annos
2860 3275 3154 3329 octodecim
3182 3272 3314 3327 dure

1743 3379 1797 3421 et
1856 3368 2159 3422 crudeliter
2217 3367 2379 3420 rexit.
2439 3357 2724 3434 Eligentes.
2783 3373 2959 3419 autem
2996 3365 3315 3417 Israelitico

1743 3462 1857 3515 suis
1888 3453 2174 3528 queiudam
2215 3458 2435 3512 nomine
2469 3455 2619 3510 Eliud
2657 3456 3012 3511 ﬁliumGera:
3039 3499 3057 3525 ,
3085 3473 3114 3510 e
3171 3457 3330 3510 tribu.

1743 3550 2026 3620 Eplrraim,
2067 3550 2240 3602 vitum
2269 3563 2536 3613 scaevum,
2568 3547 2859 3601 robore'et
2906 3549 3128 3601 audacia
3181 3549 3316 3602 insi-

1741 3657 1922 3709 gnem,
1948 3640 2123 3705 ipsum
2151 3638 2216 3690 ad
2249 3639 2503 3707 Eglouerit
2539 3637 2894 3692 Moabitarum
2925 3654 3105 3707 regem
3140 3654 3292 3692 'cuur

1746 3725 1903 3800 120
1926 3731 2238 3782 muneribus
2273 3731 2556 3782 miserunt.
2592 3729 2691 3794 Qui
2724 3731 2788 3781 a-l
2830 3742 3006 3798 regem
3033 3724 3156 3782 cum
3181 3745 3307 3800 tnu-

1744 3825 1964 3876 neribus
1995 3824 2302 3893 ingressus,
2356 3822 2536 3874 dixit:
2588 3822 2678 3872 Ιῦδι
2733 3821 2861 3871 mihi
2907 3821 3050 3887 quod
3093 3799 3306 3872 secreto

1742 3929 1867 3968 cum
1895 3929 2018 3982 rege
2060 3928 2333 3982 peragam,
2375 3927 2504 3980 rogo
2543 3913 2707 3979 igitur
2736 3920 2944 3964 ut'eum
2994 3912 3113 3979 ipso
3159 3925 3308 3963 soere-

1742 4007 1863 4061 dam
1889 4023 1902 4071 ;
1940 4006 2030 4058 ubi
2063 4005 2241 4057 autem
2267 4018 2388 4057 cum
2420 4017 2548 4071 rege
2579 4004 2903 4058 secessisset
2932 4002 3106 4071 ipsum
3134 4005 3311 4062 cultro

1743 4097 2061 4152 transﬁxum
2093 4097 2400 4168 interiecit;
2439 4105 2550 4148 tum
2595 4096 2783 4148 clauso
2837 4096 3104 4149 (miraculi
3166 4098 3307 4164 regis

1743 4193 1887 4245 ostio
1921 4196 2179 4257 egressus
2215 4187 2442 4242 asseclis
2472 4188 2590 4256 ejus
2617 4189 2782 4241 dixit
2816 4204 2829 4242 :
2862 4187 3033 4241 .iussit
3086 4203 3175 4241 rex
3244 4204 3311 4242 ne

1741 4280 1865 4348 quis
1888 4279 1952 4332 ad
1977 4279 2151 4346 ipsum
2171 4278 2510 4347 ingrediatur
2530 4294 2543 4342 ;
2567 4276 2883 4345 fugiensque
2901 4278 3073 4332 donec
3095 4280 3154 4328 :nl
3179 4294 3309 4333 suos

1742 4371 2097 4440 pervenisset,
2131 4371 2320 4451 copias
2350 4370 2594 4448 collegit,
2639 4370 2962 4436 quibuscum
3013 4369 3079 4422 ad
3119 4373 3303 4425 urbem

82 4461 336 4523 possedit,
366 4475 594 4512 numero
640 4467 768 4512 sunt
809 4459 1029 4524 triginta
1065 4461 1306 4528 quinque
1339 4476 1350 4510 :
1385 4473 1414 4510 c
1444 4459 1638 4524 quibus
1670 4454 1714 4509 Ι)
1744 4462 1900 4516 Moab
1931 4464 2202 4528 profectus
2224 4463 2398 4529 ipsam
2429 4471 2665 4526 captam.
2695 4463 2852 4514 ca-sis
2882 4465 2971 4528 qui
2993 4461 3042 4513 in
3073 4478 3131 4512 ea
3156 4473 3310 4514 erant

85 4567 166 4602 rex
198 4549 605 4610 Sauabzeorum,
631 4537 716 4602 rex
740 4549 1117 4611 Moabitarutu,
1152 4565 1244 4603 rex
1266 4548 1634 4604 Chanaanita-

85 4658 216 4704 rum,
250 4659 342 4696 rex
383 4642 788 4704 Kararmorum,
810 4657 904 4695 rex
927 4641 1322 4703 Jebusaeorum,
1348 4656 1436 4692 rex
1468 4639 1637 4693 Eveo-

86 4750 218 4794 t‘tlnt,
245 4749 336 4787 rex
372 4731 781 4800 Gergestenrum
812 4771 828 4793 ,
862 4746 956 4784 rex
989 4730 1326 4792 Jerusalem,
1370 4745 1459 4783 rex
1491 4730 1589 4782 Ani
1619 4769 1634 4791 ,

87 4841 169 4876 rex
201 4827 375 4882 Saba}.
401 4839 522 4890 quae
555 4839 714 4892 prope
747 4823 949 4885 Betltel,
987 4838 1077 4875 rex
1104 4821 1345 4884 Hebrou,
1390 4837 1476 4874 rex
1513 4819 1635 4873 Jar-

87 4928 193 4968 mut
218 4956 232 4980 ,
269 4932 359 4970 rex
403 4917 635 4970 Laeliish
668 4957 683 4980 ,
728 4932 819 4969 rex
851 4917 1099 4968 Adullam
1126 4954 1140 4976 ,
1181 4930 1271 4966 rex
1302 4913 1476 4965 Geder
1499 4951 1512 4968 .
1545 4928 1636 4965 rex

88 5006 264 5071 Debir,
299 5025 387 5064 rex
421 5007 600 5067 llasir,
637 5023 725 5059 rex
763 5005 994 5067 llorma,
1017 5022 1107 5059 rex
1130 5005 1294 5067 Arad,
1324 5021 1412 5056 rex
1432 5003 1634 5066 chna,

90 5112 175 5149 rex
203 5098 406 5162 Lalam,
450 5113 542 5150 rex
581 5097 795 5159 Abdad,
836 5112 924 5149 rex
963 5094 1203 5164 llaplier,
1243 5109 1332 5146 rex
1365 5081 1634 5152 l’bik,rex

90 5189 322 5249 Sidam,
359 5205 454 5242 rex
485 5191 758 5240 Sitatnrun
785 5190 923 5248 ,‘rcx
961 5185 1214 5248 Banuut,
1265 5199 1352 5237 rex
1390 5182 1592 5252 llapliir
1621 5222 1636 5248 ,

93 5293 174 5330 rex
199 5277 395 5345 Kades,
441 5296 531 5333 rex
565 5280 771 5340 llalteb,
801 5295 892 5332 rex
928 5279 1157 5341 Mardut,
1192 5293 1281 5330 rex
1312 5275 1517 5337 Szkom,
1547 5293 1636 5330 rex

93 5369 388 5435 Batendun,
419 5388 508 5424 rex
541 5374 740 5425 montis
765 5371 991 5433 Galilari,
1019 5385 1107 5422 rex
1142 5370 1322 5421 Carsre
1348 5409 1360 5432 ,
1395 5367 1485 5436 qui
1513 5376 1638 5421 sunt

95 5476 236 5529 rcges
265 5465 481 5533 triginta
518 5466 777 5532 quinque.

147 5537 466 5623 'Occupatus
499 5571 626 5624 ergo
654 5556 748 5607 fuit
782 5552 946 5606 Josua
992 5568 1081 5606 sex
1124 5552 1278 5603 annis
1319 5555 1371 5603 in
1424 5552 1637 5618 regibus

97 5659 144 5695 et
169 5649 414 5714 gentibus
449 5648 804 5717 dein-llandis,
837 5646 1005 5697 tluttcc
1062 5645 1304 5712 regiones
1353 5647 1584 5713 cep'sset
1623 5661 1634 5696 :

102 5739 288 5793 deinde
319 5740 607 5809 partiendis
639 5740 766 5791 inter
820 5737 1086 5792 lsraelitas
1127 5738 1283 5788 terris
1306 5735 1636 5804 quatuordc-

1718 4551 2012 4629 omnibus,
2041 4551 2264 4610 delevit,
2330 4542 2638 4617 pepulo'que
2690 4567 2866 4602 annos
2916 4554 3305 4620 quinquaginta

1737 4645 1979 4713 quinque
2021 4644 2255 4710 przeluit.
2301 4643 2427 4695 Post
2455 4644 2627 4710 ipsum
2659 4683 2671 4703 ,
2726 4644 2977 4711 pupulum
3027 4651 3163 4695 rexit
3206 4647 3305 4696 Sa-

1740 4735 2140 4788 Inaan.Anatlti
2182 4734 2362 4795 filius,
2421 4751 2590 4786 annos
2647 4735 2829 4802 viginti
2883 4738 3162 4801 quinque,
3210 4737 3300 4802 qui

1739 4824 2163 4887 Pltilistatorum,
2203 4827 2292 4891 qui
2330 4828 2504 4893 ipsum
2536 4837 2938 4892 oppugnarunt,
2987 4829 3132 4876 viros
3180 4842 3304 4877 si-x-

1739 4927 1925 4970 ceutos
1997 4916 2289 4969 interfecit.
2350 4915 2561 4967 Mortuo
2622 4915 2892 4966 Samaano
2941 4930 3183 4966 reversos
3237 4916 3302 4966 at!

1741 5007 2103 5060 idololatriam
2134 5004 2410 5092 lsraelitas
2441 5003 2654 5072 subegit
2683 5002 2844 5054 Jabiu
2883 5018 2974 5053 rex
3012 5001 3297 5064 Chanaan,

1741 5098 1875 5152 urbe
1908 5097 2088 5149 Ilazur
2129 5096 2271 5148 dicta
2307 5092 2644 5166 [oriundus]
2677 5093 2831 5160 cujus
2861 5095 3130 5145 exercitus
3163 5110 3300 5155 pra--

1744 5183 1917 5241 fcclus
1948 5189 2030 5239 vir
2058 5195 2175 5239 erat
2204 5189 2418 5238 nomine
2450 5186 2651 5247 Sisera,
2681 5185 2769 5253 qui
2805 5185 3058 5251 populqu
3113 5183 3300 5247 viginti

1741 5295 1914 5335 annos
1949 5293 2069 5332 cum
2104 5277 2355 5346 angustia
2387 5289 2440 5331 et
2469 5278 2688 5329 tristitia
2727 5278 2884 5327 rexit.
2925 5273 3054 5342 Ejus
3085 5275 3298 5336 itit-bus,

1743 5372 2083 5439 propltetavit
2105 5369 2352 5423 Deboralt
2381 5383 2516 5419 uxor
2543 5365 2813 5419 Alltindun
2834 5365 3015 5416 etribu
3041 5364 3294 5431 Epliruim

1741 5478 1858 5528 qua:
1913 5462 2050 5512 inter
2083 5459 2284 5511 ltatnali
2327 5469 2380 5511 et
2409 5457 2594 5508 Bctltcl
2635 5457 2909 5510 habitans.
2945 5457 3082 5506 inter
3128 5456 3300 5507 lsratu

1743 5555 1864 5606 litas
1889 5552 2153 5617 judicium
2186 5549 2454 5603 exercuit.
2487 5549 2639 5615 Apud
2668 5549 2838 5617 ipsum
2887 5561 3013 5612 ergo
3071 5559 3293 5610 congre-

1740 5646 1870 5714 gati,
1905 5657 2096 5710 magno
2128 5656 2353 5694 numero
2395 5640 2648 5693 Israelita:
2677 5640 2932 5691 dixerunt
2955 5655 2966 5691 :
2993 5623 3291 5700 Virlcsmrid

1743 5738 2010 5804 patiamur
2038 5729 2299 5803 angustia:
2330 5741 2381 5788 ct
2408 5731 2739 5792 aﬂlictiouis,
2790 5745 2994 5797 nosque
3039 5730 3084 5781 in
3131 5727 3298 5778 servi-
