3950 6348
564 325 672 388 935
1434 368 1437 369 ν
1582 314 1947 383 EUTYClIll
1987 305 2519 381 ALEXANDRINI
2568 306 2788 369 l’ATR.
2836 310 2837 313 “
3254 338 3257 341 -
3692 308 3780 374 εκ

560 444 729 488 tutem
761 432 1037 500 redegisse
1062 430 1317 485 Jabinnni
1354 429 1634 485 Gitanaaui
1668 444 1847 497 regem
1876 444 1890 485 :
1943 424 2132 493 praesis
2166 432 2207 477 It
2238 423 2445 489 peperit
2486 422 2588 493 ipsi
2623 423 2813 486 lilium,
2846 436 3003 492 quem
3040 420 3441 478 Abimctecltttm
3493 418 3782 491 appellarit.

563 540 694 593 ergo
728 524 992 579 lsraelitis
1029 538 1291 597 eosquee
1325 539 1487 577 manu
1538 522 1711 591 ipsius
1762 518 1983 587 eripias.
2033 516 2136 569 De-
2241 513 2535 582 Postquam
2577 529 2707 584 ergo
2734 515 2991 584 populum
3045 515 3399 585 quadraginta
3438 513 3599 567 annis
3629 516 3789 570 rexis-

564 616 733 670 burali
821 630 953 685 ergo
1028 608 1367 683 assumptum
1447 612 1733 695 Bai-altum,
1800 604 2152 695 VAhi-Nnami.
2241 615 2322 661 set
2355 606 2605 671 Gideon,
2645 616 2895 662 mortuus
2930 606 3311 674 est,'acjuxta
3346 605 3661 675 sepulcrum
3705 622 3791 677 pa-

564 707 924 777 121-123
976 705 1146 760 lilium
1177 744 1193 769 ,
1261 719 1292 761 e
1332 704 1476 759 tribtt
1526 694 1833 773 Nephtalim
1858 743 1872 765 ,
1942 694 2147 769 populo
2242 698 2344 753 tris
2370 698 2454 752 sui
2477 696 2644 753 Joasb
2672 699 2727 753 in
2768 697 2949 768 Ophra
2978 697 3186 753 Azarite
3210 698 3477 770 sepultus.

563 800 750 872 [juxta
798 799 947 863 aliud
999 799 1296 869 exemplar,
1367 793 1658 867 exercitui]
1718 792 1957 863 regendo
2000 804 2139 859 prae-
2314 790 2524 845 Mortuo
2548 800 2727 844 autem
2758 789 3001 845 Gideone
3028 803 3150 845 cum
3180 791 3383 846 reversi
3421 796 3604 846 essent
3641 789 3805 846 lsrae-

562 889 719 947 fecit.
773 889 951 945 Barak‘
1024 904 1156 960 ergo
1222 886 1410 943 accitis
1509 884 1614 940 sibi
1702 882 1885 938 decies
1994 877 2143 934 mille
2244 884 2354 939 litat
2396 882 2464 937 ad
2497 882 2706 937 cultum
2739 880 3013 936 idolorum
3066 880 3275 935 Baalim
3321 890 3379 936 et-
3422 881 3719 937 Ashtaroth
3755 891 3809 937 et

565 983 848 1050 lsraelitis,
872 998 907 1042 e
937 982 1062 1038 liliis
1091 975 1403 1051 Nepbtalim
1434 988 1490 1038 et
1519 976 1764 1049 Zabttlon
1784 1012 1802 1039 ,
1846 972 2144 1029 comitante

566 1073 817 1130 Deboralt
852 1082 1095 1154 tuentem
1128 1071 1312 1128 Tabor
1346 1067 1706 1141 conscendit,
1746 1079 1983 1136 quorum
2014 1075 2140 1119 cum

567 1164 636 1220 ad
690 1165 931 1220 Siseram
965 1162 1148 1218 labini
1172 1163 1432 1222 vicarium
1462 1159 1806 1231 pervenisset
1832 1156 1973 1210 fama
2004 1192 2020 1217 ,
2054 1153 2146 1207 ille

565 1256 634 1309 ad
670 1257 818 1327 ipsos
852 1256 1071 1324 movit;
1116 1255 1185 1311 ad
1243 1259 1405 1327 quem
1448 1270 1479 1309 e
1529 1262 1715 1307 monte
1753 1245 2144 1321 descendentes

527 1420 533 1426 _
567 1346 794 1407 victoria
824 1349 876 1401 in
908 1348 1087 1417 ipsum
1115 1348 1306 1402 donati
1360 1355 1486 1401 suttt
1515 1385 1532 1410 ,
1560 1357 1565 1361 ·
1596 1343 1732 1397 adeo
1768 1348 1827 1395 ut
1883 1340 1975 1410 qui
2020 1352 2143 1393 cum

526 1490 532 1497 .
569 1438 754 1496 Sisera
783 1438 965 1495 labini
994 1438 1204 1495 vicario.
1228 1448 1413 1494 essent
1441 1451 1657 1499 omnes,
1684 1432 1970 1511 opcidione
1996 1430 2148 1503 dele-

2243 976 2395 1038 Bavl,
2444 972 2727 1045 profectus
2768 972 3090 1043 Abimelech‘
3130 969 3594 1044 Nabelesumtad
3638 987 3807 1027 arun-

2245 1070 2402 1137 culos
2440 1082 2596 1135 suos,
2644 1067 2781 1123 dixit
2831 1066 3002 1139 ipsis:
3034 1065 3253 1120 Fratres
3310 1068 3412 1122 mei
3465 1070 3809 1136 septuaginta

2247 1161 2450 1231 populo
2482 1163 2751 1229 imperare
2776 1158 3024 1228 cupiunt,
3058 1171 3154 1229 vps
3174 1164 3355 1211 autem
3383 1166 3629 1212 vestrum
3663 1158 3814 1211 auxi.

2248 1254 2379 1309 lium
2416 1252 2546 1306 mihi
2586 1252 2843 1321 praebete,
2871 1264 2981 1321 quo
3014 1241 3166 1305 solus
3200 1249 3305 1303 illis
3347 1249 3638 1316 imperent,
3684 1262 3820 1301 unus

2248 1345 2392 1400 enim
2418 1344 2615 1398 melius
2638 1354 2797 1413 quam
2827 1343 3172 1413 septuaginta
3198 1340 3456 1410 populum
3484 1349 3658 1408 reget.
3684 1338 3817 1393 Cum

2247 1450 2379 1507 ergo
2413 1435 2754 1505 septuaginta
2794 1434 3004 1511 talenta
3047 1431 3258 1502 argenti
3290 1431 3392 1501 ipsi
3424 1435 3469 1486 e'
3489 1430 3658 1484 domo
3689 1430 3819 1483 idoli

526 1544 531 1549 '
568 1544 801 1593 renuit":
833 1531 949 1611 ipse
976 1540 1108 1587 vero
1141 1530 1357 1616 fugiens
1411 1528 1797 1599 ingrederetur
1840 1523 2180 1599 tentorium,
2250 1525 2378 1581 Bael
2415 1524 2803 1589 tradidissent,
2834 1513 3075 1593 acceptis
3111 1524 3200 1578 ille
3228 1536 3414 1579 secum
3463 1521 3621 1582 viris,
3676 1528 3731 1573 et
3758 1520 3823 1571 ad

566 1622 733 1679 Jaelis
767 1610 955 1679 uxoris
976 1611 1512 1704 ileberi‘lienzifid
1541 1626 1623 1674 est
1653 1617 1921 1686 eposteris
1960 1613 2145 1680 Kalni,
2238 1618 2470 1672 domum
2523 1614 2697 1684 patris
2738 1613 2823 1668 sui
2873 1611 3056 1683 Opbra
3104 1610 3409 1680 profectus,
3471 1609 3826 1676 septuaginta

568 1715 661 1786 qtti
681 1712 848 1792 socer
880 1699 986 1769 fuit
1014 1713 1205 1779 Hosis,
1258 1712 1393 1769 alias
1421 1710 1610 1767 Jetltre
1634 1705 1987 1779 appellatus)
2016 1719 2139 1774 qna!
2184 1742 2230 1792 Β
2256 1708 2457 1777 fratres
2488 1721 2620 1762 suos
2665 1704 2963 1769 interfecit,
2995 1715 3103 1759 uno
3154 1709 3367 1757 tantum
3398 1714 3463 1755 ex
3516 1698 3654 1767 ipsis
3706 1710 3803 1749 eva

569 1787 937 1876 ῑρςιηιιςίιριιὰ
971 1819 1032 1861 ω
1058 1798 1485 1882 abscoudiium,
1512 1797 1658 1869 quod
1715 1798 1922 1851 biberet
1960 1804 2147 1864 petettc
2185 1787 2230 1803 “’
2257 1798 2447 1862 dente,
2486 1798 2740 1851 omnium
2788 1793 3033 1858 minimo,
3079 1793 3168 1848 cui
3208 1806 3401 1846 nomen
3451 1787 3707 1848 Jotham,
3738 1788 3828 1854 qui

571 1906 702 1960 tem,
735 1896 873 1950 lacte
898 1894 1141 1964 potavit,
1194 1892 1279 1947 ad“
1310 1893 1484 1963 ipsum
1533 1888 1874 1960 probandum
1912 1925 1927 1950 ,
1982 1894 2153 1954 utque
2256 1888 2485 1944 Beeram
2548 1883 2883 1957 fugiens'ibi
2944 1884 3267 1953 permansit.
3312 1881 3449 1935 Cum
3498 1881 3830 1948 imperasset

574 1986 915 2057 perspiceret
954 1998 1084 2040 num
1130 1977 1279 2058 'sano
1340 1990 1484 2037 esset
1538 1980 1860 2041 intellectu,
1929 1992 2101 2032 necne
2137 1990 2171 2029 ε⁴

572 2078 719 2150 quod
775 2077 867 2133 ille
912 2082 1145 2153 epotum
1205 2088 1401 2143 aquam
1443 2064 1566 2127 esse
1615 2070 1969 2126 existimavit.
2018 2068 2154 2123 Cum

556 2183 705 2240 ergo
732 2164 1272 2238 lpsunrdecumbere
1291 2162 1533 2227 fecisset,
1558 2170 1803 2230 tempora
1834 2159 1934 2230 ipsi
1954 2159 2156 2228 paxillo

579 2257 1113 2326 tentoriitranstixit
1147 2256 1283 2313 adeo
1314 2263 1373 2309 ut
1400 2253 1642 2324 paxillus
1679 2263 1838 2306 terrte
1879 2253 2154 2319 llgeretnr,

575 2351 798 2431 ipseque
828 2356 1130 2403 moreretur
1154 2360 1170 2413 ;
1194 2345 1358 2402 illum
1383 2358 1513 2413 ergo
1558 2350 1834 2396 mortuum
1877 2354 2001 2394 cutn
2032 2352 2147 2392 *re-

579 2429 809 2514 perisset
848 2440 1122 2505 Deborah,
1158 2441 1275 2511 ipsa
1305 2453 1368 2498 ac
1403 2438 1575 2491 Barac
1626 2436 1692 2488 ad
1715 2433 1981 2490 ’Jabinum
2014 2429 2159 2486 Cha-

580 2533 750 2588 naaui
784 2545 963 2603 regem
997 2530 1225 2602 profecti
1254 2570 1269 2595 ,
1298 2529 1450 2583 illum
1501 2534 1815 2595 superatum
1868 2538 1974 2598 una
2034 2536 2158 2576 cum

579 2625 809 2681 assecils
844 2623 1021 2693 ipsius
1056 2622 1312 2676 omnibus
1337 2618 1750 2674 interfecerunt.
1785 2614 2009 2669 Praefuit
2060 2627 2159 2665 au-

580 2727 690 2773 tem
715 2716 917 2786 popqu
956 2713 1206 2768 Dehorab
1232 2725 1419 2765 anuos
1454 2708 1841 2780 quadraginta.

653 2806 767 2881 Qua
796 2811 1019 2879 mottua/
1041 2809 1293 2858 reversos
1324 2801 1391 2855 ad
1417 2798 1780 2854 ldoloiatriam
1836 2795 2115 2851 lsraelitas
2144 2833 2159 2855 .

541 2962 545 2966 ,
582 2901 638 2956 in
672 2901 1000 2971 potestatein
1031 2908 1185 2949 suam
1214 2893 1543 2961 redegerunt
1572 2887 1879 2954 Madianitm
1938 2885 2079 2940 Oreb
2111 2892 2165 2937 et

583 2991 721 3058 Zeb,
756 2990 850 3061 qui
884 2989 1011 3044 illos
1046 2994 1255 3056 septem
1282 2984 1440 3037 annis
1467 2980 1603 3036 dure
1634 2988 1691 3034 et
1726 2978 2021 3033 crudeliter
2078 2991 2164 3029 re-

2258 1987 2440 2036 autem
2465 1976 2778 2032 Abimeieclt
2800 1974 2974 2029 tribus
2996 1972 3175 2035 annis,
3195 1972 3542 2038 insurgentes
3568 1971 3625 2020 in
3653 1971 3830 2037 ipsum

2260 2071 2457 2129 incola
2490 2066 2725 2123 Nabeles
2760 2065 2937 2134 ipsum
2971 2060 3173 2130 pellere
3216 2060 3530 2114 voluerunt.
3573 2057 3673 2109 ille
3697 2071 3831 2125 ergo

2260 2163 2506 2220 collectis
2534 2158 2709 2234 sociis
2740 2142 2865 2211 suis.
2889 2166 3084 2223 magna
3133 2152 3283 2226 ipsos
3312 2159 3491 2217 strage
3529 2148 3834 2207 interemit,

2260 2266 2626 2325 egressusque
2671 2263 2739 2304 ex
2791 2246 2930 2301 urbe
2989 2241 3263 2313 congestis
3310 2239 3454 2295 circa
3506 2250 3629 2295 eam
3679 2234 3839 2303 lignis

2262 2350 2439 2420 ignem
2472 2346 2581 2417 ipsi
2614 2342 2825 2412 injecit,
2858 2337 2994 2391 adeo
3021 2346 3101 2399 ut,
3146 2347 3251 2387 una
3285 2347 3408 2387 eum
3449 2328 3718 2384 omnibus
3744 2325 3840 2395 qui

2264 2417 2318 2495 in
2361 2439 2477 2507 ipsa
2507 2442 2711 2497 essent,
2740 2428 3122 2496 conﬂagraret.
3153 2421 3291 2477 Tum
3324 2424 3393 2477 ad
3436 2427 3684 2475 montem
3730 2417 3843 2471 Ne-

2264 2530 2421 2585 belesi
2453 2540 2713 2597 egressus
2750 2522 2925 2593 ipsum
2957 2519 3249 2575 obsidione
3291 2514 3484 2577 cinxit,
3522 2511 3690 2579 cujus
3737 2523 3837 2563 an

2262 2621 2486 2695 grandis
2517 2616 2679 2687 128
2705 2614 3000 2669 admodum
3038 2612 3157 2674 fuit,
3206 2623 3236 2664 a
3264 2608 3427 2692 cuius
3458 2604 3682 2673 fastigio
3722 2617 3847 2654 run-

2264 2680 2366 2769 lier
2402 2680 2670 2782 (μιαιδῖπῖ
2698 2705 2932 2776 lspldem
2983 2702 3215 2773 deiecit,
3250 2680 3353 2771 qui
3398 2698 3455 2751 in
3491 2693 3843 2776 abimeieehi

2266 2779 2435 2876 caput
2456 2802 2681 2859 decidit.
2709 2798 2806 2855 Ille
2830 2805 3014 2852 autem
3048 2792 3140 2848 ubi
3186 2799 3415 2876 mortem
3445 2779 3848 2876 [ingruentem]

2266 2873 2462 2962 sensit,
2490 2906 2658 2964 puero
2684 2890 2775 2962 qui
2814 2888 2916 2959 ipsi
2936 2899 3112 2957 prope
3147 2880 3319 2936 astitit
3366 2874 3503 2933 dixit
3530 2892 3547 2931 :
3580 2873 3848 2945 Jugulum

2268 2990 2402 3047 mliti
2415 2987 2593 3061 gladio
2610 2983 2776 3039 ferito
2791 2994 2901 3051 quo
2918 2978 3142 3039 moriar,
3169 2990 3237 3028 ne
3247 2972 3464 3027 dicatur
3476 2967 3855 3022 occidissem

590 3059 813 3146 xerunt,
837 3081 907 3136 ab
931 3080 1063 3147 ipsis
1090 3091 1282 3150 pecora
1308 3113 1325 3141 ,
1360 3073 1518 3145 125
1544 3075 1707 3128 boves
1750 3078 1805 3125 et
1849 3085 1980 3140 opes
2024 3068 2165 3123 acci-

2274 3059 2683 3147 mttiierem;qui
2705 3074 2880 3144 ipsum
2895 3068 3072 3155 gladio
3090 3078 3405 3138 percussum
3426 3059 3731 3115 interfecit.

570 3176 829 3247 .pientes.
869 3173 1074 3227 Contra
1104 3185 1244 3239 quos
1275 3182 1534 3237 egressus
1562 3163 1771 3219 Gideon
1816 3160 1965 3217 Joasi
1997 3159 2163 3221 illius,

584 3283 617 3322 e
651 3266 794 3321 tribu
827 3263 1116 3327 Manassis,
1145 3259 1445 3328 assumptis
1479 3270 1666 3313 secum
1699 3262 1863 3310 noctu
1920 3267 1950 3308 e
1982 3251 2158 3325 servis

596 3357 715 3413 suis
751 3357 942 3411 decem
974 3352 1131 3417 viris,
1167 3350 1343 3405 Baetis
1374 3348 1503 3404 idoli
1531 3345 1790 3417 templum
1812 3344 2001 3408 diruit,
2020 3341 2165 3413 quod

592 3462 721 3503 cum
750 3443 1062 3500 Madianitis
1103 3442 1338 3497 innotuit
1370 3475 1389 3506 ,
1423 3438 1498 3492 ab
1534 3437 1669 3507 ipsis
1693 3434 1839 3505 fugai
1878 3448 1937 3489 se
1998 3433 2169 3502 prori-

597 3538 757 3609 puit;
795 3536 991 3592 deinde
1015 3532 1361 3604 congregatis
1392 3546 1453 3584 ex
1485 3526 1749 3582 lsraeiitis
1786 3524 1920 3581 viris
1954 3532 2165 3578 trecen-

588 3630 662 3684 tis
685 3628 807 3684 illos
833 3614 997 3691 noctu
1022 3623 1312 3683 accedens,
1344 3619 1431 3673 ubi
1466 3618 1531 3671 ad
1559 3616 1972 3689 Hadianitarum
2000 3626 2165 3668 exer-

589 3720 759 3775 citum
813 3719 1164 3789 pervenisset,
1218 3714 1350 3769 viris
1416 3710 1532 3765 suis
1596 3709 1819 3763 circtttu‘
1868 3706 2168 3771 exercitum

592 3810 874 3880 dispersis,
913 3817 1169 3879 tympana
1200 3803 1464 3876 pulsavit,
1500 3799 1759 3869 tubisque
1792 3797 1997 3851 clanxit
2019 3797 2039 3866 (
2064 3811 2172 3864 quo

594 3898 796 3971 pacto)
830 3892 985 3954 fracti
1021 3897 1369 3971 Madianitae,
1433 3892 1665 3961 aliisque
1724 3889 1860 3943 alios
1905 3887 2173 3942 cadentes

593 4008 775 4049 coram
804 3990 1071 4047 lsraeiitis
1132 3990 1414 4063 fugerunt.
1456 3982 1691 4052 Scripsit
1748 3990 1930 4034 autem
1966 3975 2171 4030 Gideuu

596 4084 662 4138 ad
691 4080 970 4136 lsraelitas
998 4093 1031 4133 e
1062 4078 1209 4132 tribu
1236 4072 1531 4144 Epitraitn,
1568 4072 1661 4140 qui
1691 4070 1745 4123 iu
1772 4066 2028 4137 partibus
2047 4064 2175 4119 Jor-

597 4176 723 4229 daui
754 4171 1134 4242 adiacentibus
1162 4167 1446 4237 degerent,
1479 4170 1539 4239 ut
1568 4160 1772 4232 egrestii
1821 4158 2133 4213 Hadiauitis
2159 4196 2173 4221 ,

600 4254 785 4333 utpote
818 4266 870 4316 in
897 4262 1081 4331 fugam
1104 4256 1407 4321 conversis,
1438 4244 1832 4309 occurrerent:
1858 4250 1951 4319 qui
1974 4248 2177 4317 egressi

601 4371 797 4425 magna
826 4354 946 4407 illos
977 4358 1159 4422 strage
1204 4352 1594 4419 peremerunt,
1656 4343 1943 4413 captisque
1997 4338 2177 4393 Orebo

2336 3176 2460 3248 ipso
2499 3146 2714 3226 mortuo
2750 3162 2948 3236 populo
2972 3146 3267 3230 imperavit
3302 3152 3431 3210 Joas
3453 3152 3596 3207 ﬁlius
3615 3149 3850 3211 Pharia,

2274 3241 2379 3326 lilii.
2394 3264 2554 3321 Halat
2573 3259 2765 3316 etribu
2784 3253 3217 3321 lsacbar,.anttos
3234 3246 3420 3316 viginti
3438 3254 3571 3310 tres;
3586 3241 3683 3312 qui
3697 3241 3856 3303 deira-

2268 3361 2337 3416 de
2357 3366 2608 3414 mortuus
2627 3356 2680 3408 in
2716 3348 2895 3406 Santir
2913 3344 3157 3416 sepultus
3180 3348 3283 3397 est.
3320 3338 3644 3403 Postipsum
3679 3348 3855 3405 popo-

2256 3464 2259 3473 “
2271 3451 2322 3507 lo
2350 3448 2564 3521 praefuit
2582 3444 2698 3505 Jair
2732 3441 2919 3511 Algadi
2941 3438 3085 3521 illius
3099 3452 3128 3491 e
3145 3434 3286 3489 tribu
3301 3430 3564 3486 Manassis
3581 3443 3759 3482 annos
3779 3428 3855 3479 vi-

2278 3515 2419 3615 ,asu
2444 3540 2613 3605 duos;
2633 3534 2721 3611 cui
2739 3532 2833 3589 lilii
2852 3517 3007 3586 erant
3025 3525 3242 3597 triginta
3266 3523 3372 3577 duo
3385 3520 3476 3591 qui
3493 3521 3674 3615 ipsuitt
3696 3515 3853 3587 equis

2273 3606 2413 3690 vecti
2479 3608 2883 3699 sequebantur;
2941 3618 3138 3675 deinde
3197 3622 3444 3703 Ill/Ortini!
3500 3612 3553 3664 in
3611 3606 3849 3661 Kamara

2273 3722 2530 3793 sepultus‘
2554 3698 2660 3774 est.
2695 3716 2791 3771 illo
2817 3719 3033 3767 mortuo
3058 3722 3181 3763 eum
3218 3698 3423 3761 reversi
3454 3710 3639 3757 essent
3672 3698 3849 3753 lsrae-

2273 3792 2384 3870 litat
2411 3812 2481 3867 ad
2518 3810 2731 3865 cultum
2781 3805 3048 3859 idolorum
3087 3798 3313 3858 Baalim,
3353 3803 3406 3849 et
3453 3792 3753 3847 Aslitarotb
3796 3798 3851 3844 et

2279 3904 2434 3969 Bael,
2487 3914 2588 3956 nec
2637 3912 2747 3953 non
2800 3897 3040 3962 deorum,
3074 3888 3280 3960 Syrias,
3329 3882 3593 3944 Sidonis,
3657 3879 3843 3938 Moab.

2277 3997 2535 4059 Ammon,
2562 4000 2617 4047 et
2642 3986 2973 4049 Palaestinae,
3000 3980 3357 4050 pmvalentes
3391 3974 3587 4044 populo
3617 3972 3847 4026 Amineo

2279 4090 2427 4151 uita,
2444 4084 2591 4151 ipsis
2617 4092 2741 4136 cum
2775 4076 3021 4140 tristitia,
3047 4071 3247 4126 duritie
3270 4078 3323 4123 et
3344 4065 3667 4123 crudelitate
3696 4064 3851 4118 annis

2278 4174 2579 4233 octodecim
2633 4170 3023 4238 imperarunt:
3072 4162 3205 4231 quin
3259 4165 3313 4213 et
3358 4154 3652 4210 Jordanem
3706 4162 3852 4205 tran-

2280 4270 2493 4324 sierunt
2521 4261 2591 4317 od
2614 4254 3011 4329 oppugnandos
3056 4250 3354 4309 lsraelitas,
3384 4244 3539 4300 Judre
3574 4258 3767 4313 nempe
3798 4252 3849 4294 et

2281 4346 2620 4425 Benjami‘nis
2670 4350 2830 4411 illius,
2867 4345 2958 4416 qui
2995 4342 3259 4411 ob‘ipsos
3294 4351 3490 4409 magno
3535 4346 3689 4389 metu
3720 4350 3846 4387 cou-

600 4456 657 4500 et
688 4446 878 4508 Zeibo,
910 4441 1329 4495 Madiauitarum
1355 4437 1595 4504 regibus,
1622 4434 1764 4487 Oreb
1791 4434 1842 4486 in
1873 4432 1987 4499 ripa
2012 4431 2173 4492 Oreb,
2205 4427 2253 4487 D
2288 4446 2517 4504 memmi
2550 4450 2703 4497 sum.
2729 4437 2869 4494 cum
2911 4449 3041 4504 ergo
3066 4446 3237 4501 usque
3265 4428 3476 4483 uilem“
3515 4427 3707 4480 urbem
3736 4440 3849 4493 ρετ.

604 4535 736 4591 Zeib
772 4535 825 4588 in
862 4547 987 4587 area
1022 4527 1516 4585 Zeibiocciso‘rum
1562 4524 1746 4593 capita
1778 4522 1847 4577 ad
1872 4519 2168 4575 Gideonetn

606 4629 674 4684 ad
706 4627 895 4682 urbem
930 4624 1177 4678 Sbuccut
1223 4619 1537 4683 miserunt';
1592 4615 1749 4685 cujus
1802 4612 2080 4686 [incolas]
2123 4621 2179 4664 ut

608 4719 870 4777 exercitui
906 4731 1012 4773 suo
1044 4714 1226 4769 cibum
1260 4712 1564 4783 praeberent
1590 4720 1793 4779 eosque
1820 4708 2057 4777 hospitio
2088 4722 2182 4759 ex-

610 4815 1008 4883 cipercutcutu
1042 4814 1283 4877 rogaret,
1344 4803 1746 4873 responderunt
1800 4800 1923 4854 illi:
1972 4799 2085 4851 luto
2135 4797 2181 4851 si

612 4888 800 4962 essent
840 4914 1022 4961 tecum
1048 4902 1230 4972 capita
1265 4897 1429 4953 Zabai
1462 4906 1518 4952 et
1551 4896 2033 4967 Salmanaiwegum
2068 4892 2185 4946 Mn-

620 4999 979 5061 diauitarum,
1005 5004 1119 5048 tum
1144 4993 1444 5048 exercitum
1472 5002 1623 5043 tuum
1650 4989 1849 5044 cibo'et
1878 4999 2187 5041 commeatu

618 5092 986 5145 reﬁceremus.
1022 5086 1243 5141 Relictis
1274 5099 1405 5156 ergo
1434 5084 1543 5138 illis
1582 5090 1772 5137 contra
1833 5080 2070 5134 Zabaum
2130 5089 2190 5133 et

621 5186 1009 5247 Salmanaum,
1048 5178 1463 5234 Madianitarum
1564 5190 1715 5246 reges
1750 5173 2027 5243 profectus
2051 5188 2065 5225 :
2089 5172 2181 5241 qui

622 5295 748 5335 cum
787 5277 1076 5346 quinquies
1114 5274 1261 5327 mille
1288 5272 1432 5325 bello
1478 5269 1687 5323 idoneis
1727 5267 1981 5328 fuerunt,
2026 5276 2083 5319 ct
2130 5265 2183 5317 in

628 5370 775 5435 ipsos
805 5366 1032 5419 victoria
1072 5364 1300 5429 potitus,
1326 5361 1474 5428 ipsos
1509 5374 1629 5412 eum
1678 5356 1909 5411 asseclis
1955 5355 2069 5409 seis
2101 5355 2187 5407 in-

626 5460 858 5512 teremit.
890 5456 1092 5509 Deinde
1123 5454 1188 5505 ad
1221 5453 1463 5506 Sbuccut
1489 5464 1741 5503 reversus
1760 5463 1899 5511 eam,
1934 5447 2186 5499 omnibus

626 5552 715 5619 qui
754 5546 1100 5617 125-127
1138 5546 1189 5597 iu
1225 5545 1339 5610 ipsa
1367 5556 1525 5595 erant
1590 5557 1620 5596 e
1685 5540 1863 5595 medio
1912 5539 2140 5593 sublatis
2174 5577 2187 5597 .

627 5641 840 5695 delevit.
876 5637 1118 5693 Fuerunt
1155 5648 1329 5689 autem
1357 5634 1588 5687 Gideoni
1643 5633 1735 5685 lilii
1805 5632 2141 5701 septuaginta
2172 5648 2185 5693 ;

632 5736 729 5790 fuit
760 5738 918 5788 etiam
958 5733 1056 5802 ipsi
1091 5732 1389 5785 concubina
1425 5746 1481 5784 et
1523 5728 1738 5798 [urbe]
1796 5727 2020 5782 Nabeles
2068 5742 2184 5797 qua:

2284 4539 2565 4594 venissent
2590 4529 2936 4591 Ammonius,
2970 4522 3286 4592 congregati
3338 4519 3614 4588 principes
3644 4518 3844 4585 populi,

2289 4630 2545 4685 dixerunt
2581 4643 2596 4681 :
2631 4623 2685 4679 Si
2736 4622 2862 4691 quis
2913 4616 3268 4671 Amtnonitas
3304 4626 3478 4682 pugna
3514 4610 3849 4679 aggredietur

2287 4723 2393 4776 erit
2435 4718 2593 4772 nobis
2638 4716 2691 4767 iu
2730 4712 3050 4781 principem.
3087 4706 3208 4760 Fuit
3271 4714 3448 4759 autem
3496 4700 3728 4770 Jepbtab
3758 4699 3843 4753 Gi-

2293 4812 2433 4868 leadi
2470 4810 2637 4871 illius,
2680 4822 2711 4861 e
2740 4806 2885 4859 tribu
2930 4801 3217 4859 Manassis,
3262 4797 3345 4851 vir
3386 4795 3551 4850 fortis
3577 4803 3627 4848 et
3663 4794 3844 4846 robore

2294 4912 2597 4972 praestans;
2626 4909 2900 4966 quemque
2922 4906 3047 4946 cum
3086 4890 3230 4943 illius
3258 4896 3403 4942 esset
3428 4886 3678 4939 mulieris
3712 4883 3844 4937 fera.

2294 4994 2397 5059 cis,
2429 4992 2748 5061 repulerunt
2796 4988 2994 5039 fratres
3027 4979 3369 5051 129—131
3414 4978 3588 5051 ipsius
3634 4974 3841 5028 abdica-

2295 5097 2521 5163 tumque
2568 5081 2634 5135 ad
2668 5077 3037 5133 hareditatetu
3081 5088 3185 5128 non
3217 5072 3561 5125 admiserunt
3582 5106 3597 5129 ,
3632 5066 3766 5119 adeo
3790 5072 3842 5115 ut

2295 5178 2351 5232 in
2388 5159 2590 5228 terram
2624 5168 2735 5224 Tob
2772 5168 2838 5222 ab
2882 5165 3015 5237 ipsis
3047 5165 3272 5233 fugeret.
3309 5159 3391 5213 Ad
3435 5159 3585 5213 illum
3628 5168 3841 5225 congrr

2296 5266 2406 5337 gati
2433 5264 2534 5318 viri
2570 5275 2836 5332 pauperes
2876 5257 3215 5311 Antmonitas
3250 5257 3649 5321 oppugnarunt.

2375 5360 2559 5425 Quare
2591 5354 2796 5424 egressi
2843 5352 2905 5405 ad
2934 5349 3259 5419 Jeplttahum
3291 5346 3555 5416 primores
3586 5340 3733 5396 urbis
3755 5338 3837 5393 Gi-

2302 5451 2460 5511 leati,
2495 5449 2673 5516 ipsum
2725 5449 2984 5512 rogarunt
3028 5449 3087 5493 ut
3126 5453 3284 5491 manu
3332 5430 3432 5489 sua
3479 5435 3689 5487 iirmata
3734 5443 3835 5484 est!

2302 5537 2632 5595 Ammouitis
2682 5541 2970 5605 pugnaret,
3033 5531 3273 5601 ipsisque
3324 5527 3577 5596 princeps
3638 5538 3699 5576 ac
3749 5530 3833 5572 aut

2305 5640 2470 5686 esset.
2508 5626 2722 5693 Quibus
2766 5638 3012 5677 annuens
3051 5622 3160 5683 ille,
3184 5617 3429 5671 collectis
3464 5615 3637 5685 copiis
3691 5606 3837 5680 prole-

2311 5735 2433 5780 ειυς
2462 5732 2541 5777 est
2570 5718 2637 5775 ad
2666 5717 2865 5773 bellum
2889 5729 3008 5770 cum
3042 5709 3361 5766 Ammonitis
3396 5707 3708 5777 gerendum,
3736 5706 3834 5756 vote
