  <div class='ocr_page' id='page_1' title='image "/cluster/home/n/w/nwhite01/storage/ocr_20150623/100/hvd.32044010574994/1389.png"; bbox 0 0 3950 6348; ppageno 0'>
   <div class='ocr_carea' id='block_1_1' title="bbox 681 257 778 312">
    <p class='ocr_par' dir='ltr' id='par_1_1' title="bbox 681 257 778 312">
     <span class='ocr_line' id='line_1_1' title="bbox 681 257 778 312; baseline 0 -1"><span class='ocrx_word' id='word_1_1' title='bbox 681 257 778 312; x_wconf 84' lang='grc'><strong>939</strong></span> 
     </span>
    </p>
   </div>
   <div class='ocr_carea' id='block_1_2' title="bbox 1648 259 3776 328">
    <p class='ocr_par' dir='ltr' id='par_1_2' title="bbox 1648 259 3776 328">
     <span class='ocr_line' id='line_1_2' title="bbox 1648 259 3776 328; baseline 0.004 -13"><span class='ocrx_word' id='word_1_2' title='bbox 1648 259 2005 318; x_wconf 79' lang='lat' dir='ltr'><strong>EUTYCIlll</strong></span> <span class='ocrx_word' id='word_1_3' title='bbox 2056 259 2576 316; x_wconf 72' lang='lat' dir='ltr'><strong>ALEXANDHINI</strong></span> <span class='ocrx_word' id='word_1_4' title='bbox 2617 259 2830 317; x_wconf 78' lang='lat' dir='ltr'><strong>PATR.</strong></span> <span class='ocrx_word' id='word_1_5' title='bbox 3457 267 3464 270; x_wconf 76' lang='grc'><strong>’</strong></span> <span class='ocrx_word' id='word_1_6' title='bbox 3713 273 3776 328; x_wconf 76' lang='lat' dir='ltr'><strong>lilii</strong></span> 
     </span>
    </p>
   </div>
   <div class='ocr_carea' id='block_1_3' title="bbox 682 364 3778 437">
    <p class='ocr_par' dir='ltr' id='par_1_3' title="bbox 682 364 3778 437">
     <span class='ocr_line' id='line_1_3' title="bbox 682 364 3778 437; baseline 0.002 -23"><span class='ocrx_word' id='word_1_7' title='bbox 682 364 841 415; x_wconf 85' lang='lat' dir='ltr'><strong>menti</strong></span> <span class='ocrx_word' id='word_1_8' title='bbox 911 380 1009 414; x_wconf 86' lang='lat' dir='ltr'><strong>met</strong></span> <span class='ocrx_word' id='word_1_9' title='bbox 1071 367 1347 418; x_wconf 79' lang='lat' dir='ltr'><strong>eincmnos</strong></span> <span class='ocrx_word' id='word_1_10' title='bbox 1409 368 1687 432; x_wconf 69' lang='lat' dir='ltr'><strong>Spithama&#39;</strong></span> <span class='ocrx_word' id='word_1_11' title='bbox 1724 369 2048 434; x_wconf 75' lang='lat' dir='ltr'><strong>longitudine</strong></span> <span class='ocrx_word' id='word_1_12' title='bbox 2086 368 2205 418; x_wconf 78' lang='lat' dir='ltr'><strong>licio</strong></span> <span class='ocrx_word' id='word_1_13' title='bbox 2231 393 2276 435; x_wconf 62' lang='grc' dir='ltr'><strong>Α</strong></span> <span class='ocrx_word' id='word_1_14' title='bbox 2307 377 2448 425; x_wconf 85' lang='lat' dir='ltr'><strong>runt,</strong></span> <span class='ocrx_word' id='word_1_15' title='bbox 2482 367 3042 431; x_wconf 83' lang='lat' dir='ltr'><strong>quamcomitatisunt</strong></span> <span class='ocrx_word' id='word_1_16' title='bbox 3068 368 3140 420; x_wconf 48' lang='lat' dir='ltr'><strong>ltili</strong></span> <span class='ocrx_word' id='word_1_17' title='bbox 3166 370 3462 421; x_wconf 82' lang='lat' dir='ltr'><strong>sacerdotis</strong></span> <span class='ocrx_word' id='word_1_18' title='bbox 3486 370 3598 429; x_wconf 87' lang='lat' dir='ltr'><strong>lilii,</strong></span> <span class='ocrx_word' id='word_1_19' title='bbox 3623 370 3778 437; x_wconf 73' lang='lat' dir='ltr'><strong>lioplui</strong></span> 
     </span>
    </p>
   </div>
   <div class='ocr_carea' id='block_1_4' title="bbox 679 451 2202 520">
    <p class='ocr_par' dir='ltr' id='par_1_4' title="bbox 679 451 2202 520">
     <span class='ocr_line' id='line_1_4' title="bbox 679 451 2202 520; baseline 0.001 -18"><span class='ocrx_word' id='word_1_20' title='bbox 679 451 930 511; x_wconf 63' lang='lat' dir='ltr'><strong>tenueris,</strong></span> <span class='ocrx_word' id='word_1_21' title='bbox 971 451 1216 505; x_wconf 83' lang='lat' dir='ltr'><strong>infirmus</strong></span> <span class='ocrx_word' id='word_1_22' title='bbox 1241 453 1384 505; x_wconf 86' lang='lat' dir='ltr'><strong>fiant.</strong></span> <span class='ocrx_word' id='word_1_23' title='bbox 1408 452 1560 517; x_wconf 84' lang='lat' dir='ltr'><strong>Quod</strong></span> <span class='ocrx_word' id='word_1_24' title='bbox 1595 465 1770 506; x_wconf 92' lang='lat' dir='ltr'><strong>tamen</strong></span> <span class='ocrx_word' id='word_1_25' title='bbox 1811 471 1930 506; x_wconf 89' lang='lat' dir='ltr'><strong>cum</strong></span> <span class='ocrx_word' id='word_1_26' title='bbox 1981 456 2094 520; x_wconf 82' lang='lat' dir='ltr'><strong>ipsa</strong></span> <span class='ocrx_word' id='word_1_27' title='bbox 2129 455 2202 505; x_wconf 91' lang='lat' dir='ltr'><strong>illi</strong></span> 
     </span>
    </p>
   </div>
   <div class='ocr_carea' id='block_1_5' title="bbox 677 539 2200 610">
    <p class='ocr_par' dir='ltr' id='par_1_5' title="bbox 677 539 2200 610">
     <span class='ocr_line' id='line_1_5' title="bbox 677 539 2200 610; baseline 0.001 -19"><span class='ocrx_word' id='word_1_28' title='bbox 677 541 913 603; x_wconf 84' lang='lat' dir='ltr'><strong>fecisset,</strong></span> <span class='ocrx_word' id='word_1_29' title='bbox 951 539 1149 610; x_wconf 83' lang='lat' dir='ltr'><strong>[facile]</strong></span> <span class='ocrx_word' id='word_1_30' title='bbox 1187 542 1443 596; x_wconf 76' lang='lat' dir='ltr'><strong>excussit.</strong></span> <span class='ocrx_word' id='word_1_31' title='bbox 1476 545 1651 606; x_wconf 67' lang='lat' dir='ltr'><strong>Quare</strong></span> <span class='ocrx_word' id='word_1_32' title='bbox 1694 545 1780 594; x_wconf 88' lang='lat' dir='ltr'><strong>illa</strong></span> <span class='ocrx_word' id='word_1_33' title='bbox 1814 562 1825 594; x_wconf 85' lang='lat'><strong>:</strong></span> <span class='ocrx_word' id='word_1_34' title='bbox 1859 543 2200 609; x_wconf 73' lang='lat' dir='ltr'><strong>Nequaquam</strong></span> 
     </span>
    </p>
   </div>
   <div class='ocr_carea' id='block_1_6' title="bbox 677 628 2203 696">
    <p class='ocr_par' dir='ltr' id='par_1_6' title="bbox 677 628 2203 696">
     <span class='ocr_line' id='line_1_6' title="bbox 677 628 2203 696; baseline 0.001 -16"><span class='ocrx_word' id='word_1_35' title='bbox 677 628 891 696; x_wconf 83' lang='lat' dir='ltr'><strong>(inquit)</strong></span> <span class='ocrx_word' id='word_1_36' title='bbox 926 645 1008 681; x_wconf 89' lang='lat' dir='ltr'><strong>nte</strong></span> <span class='ocrx_word' id='word_1_37' title='bbox 1038 645 1209 693; x_wconf 86' lang='lat' dir='ltr'><strong>amas,</strong></span> <span class='ocrx_word' id='word_1_38' title='bbox 1236 630 1280 682; x_wconf 89' lang='lat' dir='ltr'><strong>si</strong></span> <span class='ocrx_word' id='word_1_39' title='bbox 1311 631 1452 683; x_wconf 89' lang='lat' dir='ltr'><strong>enim</strong></span> <span class='ocrx_word' id='word_1_40' title='bbox 1487 648 1745 694; x_wconf 74' lang='lat' dir='ltr'><strong>antasSes,</strong></span> <span class='ocrx_word' id='word_1_41' title='bbox 1789 642 1932 684; x_wconf 86' lang='lat' dir='ltr'><strong>certe</strong></span> <span class='ocrx_word' id='word_1_42' title='bbox 1965 631 2092 683; x_wconf 87' lang='lat' dir='ltr'><strong>mihi</strong></span> <span class='ocrx_word' id='word_1_43' title='bbox 2126 631 2203 682; x_wconf 90' lang='lat' dir='ltr'><strong>in-</strong></span> 
     </span>
    </p>
   </div>
   <div class='ocr_carea' id='block_1_7' title="bbox 673 716 2198 785">
    <p class='ocr_par' dir='ltr' id='par_1_7' title="bbox 673 716 2198 785">
     <span class='ocr_line' id='line_1_7' title="bbox 673 716 2198 785; baseline 0.001 -19"><span class='ocrx_word' id='word_1_44' title='bbox 673 716 905 767; x_wconf 87' lang='lat' dir='ltr'><strong>dicasses</strong></span> <span class='ocrx_word' id='word_1_45' title='bbox 935 731 1039 782; x_wconf 88' lang='lat' dir='ltr'><strong>qua</strong></span> <span class='ocrx_word' id='word_1_46' title='bbox 1089 717 1142 768; x_wconf 95' lang='lat' dir='ltr'><strong>in</strong></span> <span class='ocrx_word' id='word_1_47' title='bbox 1195 728 1342 785; x_wconf 88' lang='lat' dir='ltr'><strong>parte</strong></span> <span class='ocrx_word' id='word_1_48' title='bbox 1387 719 1624 784; x_wconf 69' lang='lat' dir='ltr'><strong>c0rpotis</strong></span> <span class='ocrx_word' id='word_1_49' title='bbox 1658 718 1919 770; x_wconf 89' lang='lat' dir='ltr'><strong>fortitudo</strong></span> <span class='ocrx_word' id='word_1_50' title='bbox 1948 727 2035 768; x_wconf 92' lang='lat' dir='ltr'><strong>tua</strong></span> <span class='ocrx_word' id='word_1_51' title='bbox 2069 733 2198 769; x_wconf 92' lang='lat' dir='ltr'><strong>con-</strong></span> 
     </span>
    </p>
   </div>
   <div class='ocr_carea' id='block_1_8' title="bbox 672 800 2199 870">
    <p class='ocr_par' dir='ltr' id='par_1_8' title="bbox 672 800 2199 870">
     <span class='ocr_line' id='line_1_8' title="bbox 672 800 2199 870; baseline 0.001 -18"><span class='ocrx_word' id='word_1_52' title='bbox 672 802 906 855; x_wconf 88' lang='lat' dir='ltr'><strong>sisteret:</strong></span> <span class='ocrx_word' id='word_1_53' title='bbox 931 800 1063 855; x_wconf 83' lang='lat' dir='ltr'><strong>Tum</strong></span> <span class='ocrx_word' id='word_1_54' title='bbox 1095 804 1179 857; x_wconf 90' lang='lat' dir='ltr'><strong>ille</strong></span> <span class='ocrx_word' id='word_1_55' title='bbox 1216 805 1373 858; x_wconf 74' lang='lat' dir='ltr'><strong>ttedio</strong></span> <span class='ocrx_word' id='word_1_56' title='bbox 1419 807 1678 862; x_wconf 65' lang='lat' dir='ltr'><strong>adactus:</strong></span> <span class='ocrx_word' id='word_1_57' title='bbox 1710 805 1858 864; x_wconf 82' lang='lat' dir='ltr'><strong>Mihi,</strong></span> <span class='ocrx_word' id='word_1_58' title='bbox 1901 803 2096 870; x_wconf 87' lang='lat' dir='ltr'><strong>ittquit,</strong></span> <span class='ocrx_word' id='word_1_59' title='bbox 2134 804 2199 854; x_wconf 88' lang='lat' dir='ltr'><strong>ab</strong></span> 
     </span>
    </p>
   </div>
   <div class='ocr_carea' id='block_1_9' title="bbox 675 893 2199 966">
    <p class='ocr_par' dir='ltr' id='par_1_9' title="bbox 675 893 2199 966">
     <span class='ocr_line' id='line_1_9' title="bbox 675 893 2199 966; baseline 0.001 -24"><span class='ocrx_word' id='word_1_60' title='bbox 675 899 826 942; x_wconf 87' lang='lat' dir='ltr'><strong>utero</strong></span> <span class='ocrx_word' id='word_1_61' title='bbox 846 893 1028 966; x_wconf 81' lang='lat' dir='ltr'><strong>matris</strong></span> <span class='ocrx_word' id='word_1_62' title='bbox 1052 895 1422 946; x_wconf 89' lang='lat' dir='ltr'><strong>annttntiatum</strong></span> <span class='ocrx_word' id='word_1_63' title='bbox 1445 901 1526 948; x_wconf 87' lang='lat' dir='ltr'><strong>est</strong></span> <span class='ocrx_word' id='word_1_64' title='bbox 1554 907 1616 945; x_wconf 86' lang='lat' dir='ltr'><strong>ne</strong></span> <span class='ocrx_word' id='word_1_65' title='bbox 1635 900 1948 960; x_wconf 84' lang='lat' dir='ltr'><strong>potestatem</strong></span> <span class='ocrx_word' id='word_1_66' title='bbox 1969 895 2021 943; x_wconf 86' lang='lat' dir='ltr'><strong>in</strong></span> <span class='ocrx_word' id='word_1_67' title='bbox 2043 901 2199 957; x_wconf 84' lang='lat' dir='ltr'><strong>caput</strong></span> 
     </span>
    </p>
   </div>
   <div class='ocr_carea' id='block_1_10' title="bbox 673 980 2194 1048">
    <p class='ocr_par' dir='ltr' id='par_1_10' title="bbox 673 980 2194 1048">
     <span class='ocr_line' id='line_1_10' title="bbox 673 980 2194 1048; baseline 0.003 -18"><span class='ocrx_word' id='word_1_68' title='bbox 673 995 841 1031; x_wconf 87' lang='lat' dir='ltr'><strong>meum</strong></span> <span class='ocrx_word' id='word_1_69' title='bbox 874 981 1090 1035; x_wconf 85' lang='lat' dir='ltr'><strong>haberet</strong></span> <span class='ocrx_word' id='word_1_70' title='bbox 1119 980 1350 1046; x_wconf 83' lang='lat' dir='ltr'><strong>ferrum;</strong></span> <span class='ocrx_word' id='word_1_71' title='bbox 1380 983 1424 1035; x_wconf 92' lang='lat' dir='ltr'><strong>si</strong></span> <span class='ocrx_word' id='word_1_72' title='bbox 1467 996 1589 1047; x_wconf 77' lang='lat' dir='ltr'><strong>ergo</strong></span> <span class='ocrx_word' id='word_1_73' title='bbox 1617 982 1833 1033; x_wconf 91' lang='lat' dir='ltr'><strong>radatur</strong></span> <span class='ocrx_word' id='word_1_74' title='bbox 1861 981 1987 1032; x_wconf 91' lang='lat' dir='ltr'><strong>mihi</strong></span> <span class='ocrx_word' id='word_1_75' title='bbox 2017 991 2194 1048; x_wconf 89' lang='lat' dir='ltr'><strong>caput,</strong></span> 
     </span>
    </p>
   </div>
   <div class='ocr_carea' id='block_1_11' title="bbox 667 1069 2198 1142">
    <p class='ocr_par' dir='ltr' id='par_1_11' title="bbox 667 1069 2198 1142">
     <span class='ocr_line' id='line_1_11' title="bbox 667 1069 2198 1142; baseline 0.003 -23"><span class='ocrx_word' id='word_1_76' title='bbox 667 1069 1080 1124; x_wconf 88' lang='lat' dir='ltr'><strong>intirmabtmtttr</strong></span> <span class='ocrx_word' id='word_1_77' title='bbox 1111 1071 1252 1125; x_wconf 85' lang='lat' dir='ltr'><strong>vires</strong></span> <span class='ocrx_word' id='word_1_78' title='bbox 1286 1070 1441 1142; x_wconf 54' lang='lat'><strong>1&amp;0</strong></span> <span class='ocrx_word' id='word_1_79' title='bbox 1474 1086 1602 1124; x_wconf 72' lang='lat' dir='ltr'><strong>mea:</strong></span> <span class='ocrx_word' id='word_1_80' title='bbox 1641 1088 1654 1126; x_wconf 92' lang='lat'>:</span> <span class='ocrx_word' id='word_1_81' title='bbox 1687 1072 1880 1124; x_wconf 89' lang='lat' dir='ltr'><strong>deinde</strong></span> <span class='ocrx_word' id='word_1_82' title='bbox 1913 1072 1963 1123; x_wconf 92' lang='lat' dir='ltr'><strong>in</strong></span> <span class='ocrx_word' id='word_1_83' title='bbox 1993 1071 2198 1140; x_wconf 77' lang='lat' dir='ltr'><strong>gremio</strong></span> 
     </span>
    </p>
   </div>
   <div class='ocr_carea' id='block_1_12' title="bbox 663 1158 2196 1227">
    <p class='ocr_par' dir='ltr' id='par_1_12' title="bbox 663 1158 2196 1227">
     <span class='ocr_line' id='line_1_12' title="bbox 663 1158 2196 1227; baseline 0.001 -18"><span class='ocrx_word' id='word_1_84' title='bbox 663 1160 778 1224; x_wconf 91' lang='lat' dir='ltr'><strong>ejus</strong></span> <span class='ocrx_word' id='word_1_85' title='bbox 809 1158 1149 1212; x_wconf 70' lang='lat' dir='ltr'><strong>obdormivit.</strong></span> <span class='ocrx_word' id='word_1_86' title='bbox 1186 1160 1276 1212; x_wconf 92' lang='lat' dir='ltr'><strong>Illa</strong></span> <span class='ocrx_word' id='word_1_87' title='bbox 1305 1175 1428 1213; x_wconf 85' lang='lat' dir='ltr'><strong>vero</strong></span> <span class='ocrx_word' id='word_1_88' title='bbox 1456 1161 1510 1213; x_wconf 92' lang='lat' dir='ltr'><strong>in</strong></span> <span class='ocrx_word' id='word_1_89' title='bbox 1537 1160 1741 1227; x_wconf 78' lang='lat' dir='ltr'><strong>gremio</strong></span> <span class='ocrx_word' id='word_1_90' title='bbox 1770 1174 1870 1215; x_wconf 86' lang='lat' dir='ltr'><strong>suo</strong></span> <span class='ocrx_word' id='word_1_91' title='bbox 1890 1161 2196 1222; x_wconf 84' lang='lat' dir='ltr'><strong>dormienti,</strong></span> 
     </span>
    </p>
   </div>
   <div class='ocr_carea' id='block_1_13' title="bbox 662 1249 2195 1318">
    <p class='ocr_par' dir='ltr' id='par_1_13' title="bbox 662 1249 2195 1318">
     <span class='ocr_line' id='line_1_13' title="bbox 662 1249 2195 1318; baseline 0.003 -19"><span class='ocrx_word' id='word_1_92' title='bbox 662 1258 861 1315; x_wconf 83' lang='lat' dir='ltr'><strong>septem</strong></span> <span class='ocrx_word' id='word_1_93' title='bbox 893 1249 1120 1300; x_wconf 89' lang='lat' dir='ltr'><strong>crittium</strong></span> <span class='ocrx_word' id='word_1_94' title='bbox 1143 1250 1424 1302; x_wconf 86' lang='lat' dir='ltr'><strong>cincinnos</strong></span> <span class='ocrx_word' id='word_1_95' title='bbox 1447 1251 1598 1304; x_wconf 87' lang='lat' dir='ltr'><strong>rasit.</strong></span> <span class='ocrx_word' id='word_1_96' title='bbox 1629 1249 1760 1302; x_wconf 81' lang='lat' dir='ltr'><strong>Cum</strong></span> <span class='ocrx_word' id='word_1_97' title='bbox 1792 1265 1920 1318; x_wconf 77' lang='lat' dir='ltr'><strong>ergo</strong></span> <span class='ocrx_word' id='word_1_98' title='bbox 1947 1265 1976 1302; x_wconf 91' lang='lat' dir='ltr'><strong>e</strong></span> <span class='ocrx_word' id='word_1_99' title='bbox 2008 1265 2195 1303; x_wconf 83' lang='lat' dir='ltr'><strong>somno</strong></span> 
     </span>
    </p>
   </div>
   <div class='ocr_carea' id='block_1_14' title="bbox 660 1339 2193 1402">
    <p class='ocr_par' dir='ltr' id='par_1_14' title="bbox 660 1339 2193 1402">
     <span class='ocr_line' id='line_1_14' title="bbox 660 1339 2193 1402; baseline 0.001 -14"><span class='ocrx_word' id='word_1_100' title='bbox 660 1347 1003 1402; x_wconf 68' lang='lat' dir='ltr'><strong>experrectus</strong></span> <span class='ocrx_word' id='word_1_101' title='bbox 1037 1350 1220 1402; x_wconf 88' lang='lat' dir='ltr'><strong>esset,</strong></span> <span class='ocrx_word' id='word_1_102' title='bbox 1254 1339 1457 1392; x_wconf 89' lang='lat' dir='ltr'><strong>viribus</strong></span> <span class='ocrx_word' id='word_1_103' title='bbox 1501 1339 1786 1392; x_wconf 82' lang='lat' dir='ltr'><strong>imbecillis</strong></span> <span class='ocrx_word' id='word_1_104' title='bbox 1819 1340 1939 1392; x_wconf 85' lang='lat' dir='ltr'><strong>fuit.</strong></span> <span class='ocrx_word' id='word_1_105' title='bbox 1971 1339 2062 1392; x_wconf 89' lang='lat' dir='ltr'><strong>Illa</strong></span> <span class='ocrx_word' id='word_1_106' title='bbox 2096 1355 2193 1392; x_wconf 88' lang='lat' dir='ltr'><strong>au-</strong></span> 
     </span>
    </p>
   </div>
   <div class='ocr_carea' id='block_1_15' title="bbox 661 1423 2196 1498">
    <p class='ocr_par' dir='ltr' id='par_1_15' title="bbox 661 1423 2196 1498">
     <span class='ocr_line' id='line_1_15' title="bbox 661 1423 2196 1498; baseline 0.004 -22"><span class='ocrx_word' id='word_1_107' title='bbox 661 1436 761 1478; x_wconf 91' lang='lat' dir='ltr'><strong>tem</strong></span> <span class='ocrx_word' id='word_1_108' title='bbox 797 1425 860 1478; x_wconf 92' lang='lat' dir='ltr'><strong>ad</strong></span> <span class='ocrx_word' id='word_1_109' title='bbox 891 1426 1124 1479; x_wconf 89' lang='lat' dir='ltr'><strong>tribuum</strong></span> <span class='ocrx_word' id='word_1_110' title='bbox 1158 1423 1427 1495; x_wconf 80' lang='lat' dir='ltr'><strong>principes</strong></span> <span class='ocrx_word' id='word_1_111' title='bbox 1454 1428 1615 1491; x_wconf 84' lang='lat' dir='ltr'><strong>misit,</strong></span> <span class='ocrx_word' id='word_1_112' title='bbox 1645 1429 1733 1494; x_wconf 90' lang='lat' dir='ltr'><strong>qui</strong></span> <span class='ocrx_word' id='word_1_113' title='bbox 1760 1426 2006 1482; x_wconf 82' lang='lat' dir='ltr'><strong>Samsoni</strong></span> <span class='ocrx_word' id='word_1_114' title='bbox 2041 1441 2196 1498; x_wconf 86' lang='lat' dir='ltr'><strong>capto</strong></span> 
     </span>
    </p>
   </div>
   <div class='ocr_carea' id='block_1_16' title="bbox 658 1516 2190 1587">
    <p class='ocr_par' dir='ltr' id='par_1_16' title="bbox 658 1516 2190 1587">
     <span class='ocr_line' id='line_1_16' title="bbox 658 1516 2190 1587; baseline 0.002 -20"><span class='ocrx_word' id='word_1_115' title='bbox 658 1516 842 1568; x_wconf 84' lang='lat' dir='ltr'><strong>oculos</strong></span> <span class='ocrx_word' id='word_1_116' title='bbox 899 1528 1174 1581; x_wconf 87' lang='lat' dir='ltr'><strong>eruerunt,</strong></span> <span class='ocrx_word' id='word_1_117' title='bbox 1211 1518 1495 1587; x_wconf 88' lang='lat' dir='ltr'><strong>ipsumque</strong></span> <span class='ocrx_word' id='word_1_118' title='bbox 1523 1527 1714 1571; x_wconf 87' lang='lat' dir='ltr'><strong>eatena</strong></span> <span class='ocrx_word' id='word_1_119' title='bbox 1760 1534 1896 1571; x_wconf 68' lang='lat' dir='ltr'><strong>terea</strong></span> <span class='ocrx_word' id='word_1_120' title='bbox 1933 1519 2190 1581; x_wconf 90' lang='lat' dir='ltr'><strong>vinctum,</strong></span> 
     </span>
    </p>
   </div>
   <div class='ocr_carea' id='block_1_17' title="bbox 655 1604 2191 1673">
    <p class='ocr_par' dir='ltr' id='par_1_17' title="bbox 655 1604 2191 1673">
     <span class='ocr_line' id='line_1_17' title="bbox 655 1604 2191 1673; baseline 0.002 -17"><span class='ocrx_word' id='word_1_121' title='bbox 655 1615 707 1657; x_wconf 89' lang='lat' dir='ltr'><strong>et</strong></span> <span class='ocrx_word' id='word_1_122' title='bbox 759 1604 952 1656; x_wconf 84' lang='lat' dir='ltr'><strong>Gazam</strong></span> <span class='ocrx_word' id='word_1_123' title='bbox 999 1615 1368 1673; x_wconf 77' lang='lat' dir='ltr'><strong>asportatum,</strong></span> <span class='ocrx_word' id='word_1_124' title='bbox 1427 1607 1631 1660; x_wconf 80' lang='lat' dir='ltr'><strong>carceri</strong></span> <span class='ocrx_word' id='word_1_125' title='bbox 1685 1607 2050 1671; x_wconf 84' lang='lat' dir='ltr'><strong>incluserunt,</strong></span> <span class='ocrx_word' id='word_1_126' title='bbox 2102 1609 2191 1660; x_wconf 81' lang='lat' dir='ltr'><strong>tibi</strong></span> 
     </span>
    </p>
   </div>
   <div class='ocr_carea' id='block_1_18' title="bbox 2305 453 3780 526">
    <p class='ocr_par' dir='ltr' id='par_1_18' title="bbox 2305 453 3780 526">
     <span class='ocr_line' id='line_1_18' title="bbox 2305 453 3780 526; baseline 0.001 -19"><span class='ocrx_word' id='word_1_127' title='bbox 2305 463 2357 507; x_wconf 92' lang='lat' dir='ltr'><strong>et</strong></span> <span class='ocrx_word' id='word_1_128' title='bbox 2385 453 2632 507; x_wconf 81' lang='lat' dir='ltr'><strong>Phineas.</strong></span> <span class='ocrx_word' id='word_1_129' title='bbox 2669 456 2904 522; x_wconf 76' lang='lat' dir='ltr'><strong>Egressze</strong></span> <span class='ocrx_word' id='word_1_130' title='bbox 2944 466 3116 509; x_wconf 87' lang='lat' dir='ltr'><strong>autem</strong></span> <span class='ocrx_word' id='word_1_131' title='bbox 3161 467 3346 510; x_wconf 88' lang='lat' dir='ltr'><strong>contra</strong></span> <span class='ocrx_word' id='word_1_132' title='bbox 3399 458 3543 522; x_wconf 91' lang='lat' dir='ltr'><strong>ipsos</strong></span> <span class='ocrx_word' id='word_1_133' title='bbox 3580 459 3780 526; x_wconf 63' lang='lat' dir='ltr'><strong>alienige-</strong></span> 
     </span>
    </p>
   </div>
   <div class='ocr_carea' id='block_1_19' title="bbox 2307 543 3782 614">
    <p class='ocr_par' dir='ltr' id='par_1_19' title="bbox 2307 543 3782 614">
     <span class='ocr_line' id='line_1_19' title="bbox 2307 543 3782 614; baseline 0.005 -21"><span class='ocrx_word' id='word_1_134' title='bbox 2307 559 2492 595; x_wconf 86' lang='lat' dir='ltr'><strong>narum</strong></span> <span class='ocrx_word' id='word_1_135' title='bbox 2529 543 2696 597; x_wconf 88' lang='lat' dir='ltr'><strong>tribus</strong></span> <span class='ocrx_word' id='word_1_136' title='bbox 2732 544 2886 613; x_wconf 60' lang='lat' dir='ltr'><strong>1M</strong></span> <span class='ocrx_word' id='word_1_137' title='bbox 2913 545 3055 611; x_wconf 57' lang='lat' dir='ltr'><strong>ipsos</strong></span> <span class='ocrx_word' id='word_1_138' title='bbox 3090 547 3139 596; x_wconf 91' lang='lat' dir='ltr'><strong>in</strong></span> <span class='ocrx_word' id='word_1_139' title='bbox 3187 547 3360 614; x_wconf 78' lang='lat' dir='ltr'><strong>fugam</strong></span> <span class='ocrx_word' id='word_1_140' title='bbox 3391 546 3650 598; x_wconf 81' lang='lat' dir='ltr'><strong>dederunt</strong></span> <span class='ocrx_word' id='word_1_141' title='bbox 3682 564 3782 600; x_wconf 76' lang='lat' dir='ltr'><strong>:tzr-</strong></span> 
     </span>
    </p>
   </div>
   <div class='ocr_carea' id='block_1_20' title="bbox 2302 633 3782 699">
    <p class='ocr_par' dir='ltr' id='par_1_20' title="bbox 2302 633 3782 699">
     <span class='ocr_line' id='line_1_20' title="bbox 2302 633 3782 699; baseline 0.001 -14"><span class='ocrx_word' id='word_1_142' title='bbox 2302 633 2456 699; x_wconf 84' lang='lat' dir='ltr'><strong>sique</strong></span> <span class='ocrx_word' id='word_1_143' title='bbox 2481 644 2604 686; x_wconf 86' lang='lat' dir='ltr'><strong>sunt</strong></span> <span class='ocrx_word' id='word_1_144' title='bbox 2639 648 2702 684; x_wconf 81' lang='lat' dir='ltr'><strong>cx</strong></span> <span class='ocrx_word' id='word_1_145' title='bbox 2753 634 3011 686; x_wconf 87' lang='lat' dir='ltr'><strong>lsraelitis</strong></span> <span class='ocrx_word' id='word_1_146' title='bbox 3036 634 3215 685; x_wconf 80' lang='lat' dir='ltr'><strong>tricies</strong></span> <span class='ocrx_word' id='word_1_147' title='bbox 3271 636 3432 696; x_wconf 89' lang='lat' dir='ltr'><strong>mille,</strong></span> <span class='ocrx_word' id='word_1_148' title='bbox 3500 634 3782 699; x_wconf 70' lang='lat' dir='ltr'><strong>fugientibus</strong></span> 
     </span>
    </p>
   </div>
   <div class='ocr_carea' id='block_1_21' title="bbox 2301 719 3783 788">
    <p class='ocr_par' dir='ltr' id='par_1_21' title="bbox 2301 719 3783 788">
     <span class='ocr_line' id='line_1_21' title="bbox 2301 719 3783 788; baseline 0.003 -20"><span class='ocrx_word' id='word_1_149' title='bbox 2301 721 2392 787; x_wconf 87' lang='lat' dir='ltr'><strong>qui</strong></span> <span class='ocrx_word' id='word_1_150' title='bbox 2427 719 2677 785; x_wconf 71' lang='lat' dir='ltr'><strong>fugerunt</strong></span> <span class='ocrx_word' id='word_1_151' title='bbox 2711 735 2814 787; x_wconf 90' lang='lat' dir='ltr'><strong>qua</strong></span> <span class='ocrx_word' id='word_1_152' title='bbox 2861 729 3124 788; x_wconf 85' lang='lat' dir='ltr'><strong>poterant.</strong></span> <span class='ocrx_word' id='word_1_153' title='bbox 3177 721 3310 774; x_wconf 81' lang='lat' dir='ltr'><strong>Caesi</strong></span> <span class='ocrx_word' id='word_1_154' title='bbox 3365 733 3491 774; x_wconf 89' lang='lat' dir='ltr'><strong>sunt</strong></span> <span class='ocrx_word' id='word_1_155' title='bbox 3546 724 3700 774; x_wconf 84' lang='lat' dir='ltr'><strong>etiam</strong></span> <span class='ocrx_word' id='word_1_156' title='bbox 3729 722 3783 772; x_wconf 84' lang='lat' dir='ltr'><strong>Eii</strong></span> 
     </span>
    </p>
   </div>
   <div class='ocr_carea' id='block_1_22' title="bbox 2305 805 3782 875">
    <p class='ocr_par' dir='ltr' id='par_1_22' title="bbox 2305 805 3782 875">
     <span class='ocr_line' id='line_1_22' title="bbox 2305 805 3782 875; baseline 0 -17"><span class='ocrx_word' id='word_1_157' title='bbox 2305 808 2396 861; x_wconf 86' lang='lat' dir='ltr'><strong>filii</strong></span> <span class='ocrx_word' id='word_1_158' title='bbox 2475 805 2683 874; x_wconf 81' lang='lat' dir='ltr'><strong>liophni</strong></span> <span class='ocrx_word' id='word_1_159' title='bbox 2737 816 2789 859; x_wconf 93' lang='lat' dir='ltr'><strong>et</strong></span> <span class='ocrx_word' id='word_1_160' title='bbox 2843 807 3108 870; x_wconf 83' lang='lat' dir='ltr'><strong>Phineas;</strong></span> <span class='ocrx_word' id='word_1_161' title='bbox 3151 823 3434 874; x_wconf 87' lang='lat' dir='ltr'><strong>areamque</strong></span> <span class='ocrx_word' id='word_1_162' title='bbox 3499 818 3704 875; x_wconf 85' lang='lat' dir='ltr'><strong>captant</strong></span> <span class='ocrx_word' id='word_1_163' title='bbox 3739 811 3782 858; x_wconf 75' lang='lat' dir='ltr'><strong>ad</strong></span> 
     </span>
    </p>
   </div>
   <div class='ocr_carea' id='block_1_23' title="bbox 2305 894 3785 963">
    <p class='ocr_par' dir='ltr' id='par_1_23' title="bbox 2305 894 3785 963">
     <span class='ocr_line' id='line_1_23' title="bbox 2305 894 3785 963; baseline -0.001 -15"><span class='ocrx_word' id='word_1_164' title='bbox 2305 896 2547 948; x_wconf 76' lang='lat' dir='ltr'><strong>Yazdodo</strong></span> <span class='ocrx_word' id='word_1_165' title='bbox 2574 894 2770 947; x_wconf 79' lang='lat' dir='ltr'><strong>Gazam</strong></span> <span class='ocrx_word' id='word_1_166' title='bbox 2804 903 3145 962; x_wconf 70' lang='lat' dir='ltr'><strong>portaverant</strong></span> <span class='ocrx_word' id='word_1_167' title='bbox 3182 897 3351 948; x_wconf 89' lang='lat' dir='ltr'><strong>tribus</strong></span> <span class='ocrx_word' id='word_1_168' title='bbox 3377 897 3785 963; x_wconf 81' lang='lat' dir='ltr'><strong>alienigenarum,</strong></span> 
     </span>
    </p>
   </div>
   <div class='ocr_carea' id='block_1_24' title="bbox 2299 982 3783 1052">
    <p class='ocr_par' dir='ltr' id='par_1_24' title="bbox 2299 982 3783 1052">
     <span class='ocr_line' id='line_1_24' title="bbox 2299 982 3783 1052; baseline -0.003 -16"><span class='ocrx_word' id='word_1_169' title='bbox 2299 984 2478 1052; x_wconf 86' lang='lat' dir='ltr'><strong>ibiq‘ue</strong></span> <span class='ocrx_word' id='word_1_170' title='bbox 2527 985 2580 1035; x_wconf 89' lang='lat' dir='ltr'><strong>itt</strong></span> <span class='ocrx_word' id='word_1_171' title='bbox 2627 984 2824 1047; x_wconf 85' lang='lat' dir='ltr'><strong>templo</strong></span> <span class='ocrx_word' id='word_1_172' title='bbox 2870 982 3098 1051; x_wconf 80' lang='lat' dir='ltr'><strong>Dagonis</strong></span> <span class='ocrx_word' id='word_1_173' title='bbox 3152 985 3279 1037; x_wconf 83' lang='lat' dir='ltr'><strong>idoli</strong></span> <span class='ocrx_word' id='word_1_174' title='bbox 3319 992 3642 1037; x_wconf 86' lang='lat' dir='ltr'><strong>statuerunt.</strong></span> <span class='ocrx_word' id='word_1_175' title='bbox 3687 984 3783 1035; x_wconf 86' lang='lat' dir='ltr'><strong>Dum</strong></span> 
     </span>
    </p>
   </div>
   <div class='ocr_carea' id='block_1_25' title="bbox 2298 1072 3784 1141">
    <p class='ocr_par' dir='ltr' id='par_1_25' title="bbox 2298 1072 3784 1141">
     <span class='ocr_line' id='line_1_25' title="bbox 2298 1072 3784 1141; baseline -0.002 -15"><span class='ocrx_word' id='word_1_176' title='bbox 2298 1088 2424 1141; x_wconf 76' lang='lat' dir='ltr'><strong>ergo</strong></span> <span class='ocrx_word' id='word_1_177' title='bbox 2457 1073 2666 1126; x_wconf 85' lang='lat' dir='ltr'><strong>sederet</strong></span> <span class='ocrx_word' id='word_1_178' title='bbox 2723 1072 2801 1125; x_wconf 83' lang='lat' dir='ltr'><strong>Eli</strong></span> <span class='ocrx_word' id='word_1_179' title='bbox 2853 1074 3108 1124; x_wconf 84' lang='lat' dir='ltr'><strong>sacerdos</strong></span> <span class='ocrx_word' id='word_1_180' title='bbox 3135 1074 3197 1124; x_wconf 87' lang='lat' dir='ltr'><strong>ad</strong></span> <span class='ocrx_word' id='word_1_181' title='bbox 3236 1074 3433 1127; x_wconf 85' lang='lat' dir='ltr'><strong>ostium</strong></span> <span class='ocrx_word' id='word_1_182' title='bbox 3497 1072 3711 1125; x_wconf 88' lang='lat' dir='ltr'><strong>sacrarii</strong></span> <span class='ocrx_word' id='word_1_183' title='bbox 3747 1073 3784 1123; x_wconf 85' lang='lat' dir='ltr'><strong>in</strong></span> 
     </span>
    </p>
   </div>
   <div class='ocr_carea' id='block_1_26' title="bbox 2297 1159 3789 1228">
    <p class='ocr_par' dir='ltr' id='par_1_26' title="bbox 2297 1159 3789 1228">
     <span class='ocr_line' id='line_1_26' title="bbox 2297 1159 3789 1228; baseline -0.005 -14"><span class='ocrx_word' id='word_1_184' title='bbox 2297 1161 2700 1222; x_wconf 76' lang='lat' dir='ltr'><strong>Shilunte.ecce</strong></span> <span class='ocrx_word' id='word_1_185' title='bbox 2720 1161 2942 1214; x_wconf 88' lang='lat' dir='ltr'><strong>accessit</strong></span> <span class='ocrx_word' id='word_1_186' title='bbox 2965 1163 3042 1214; x_wconf 89' lang='lat' dir='ltr'><strong>vir</strong></span> <span class='ocrx_word' id='word_1_187' title='bbox 3065 1161 3277 1228; x_wconf 87' lang='lat' dir='ltr'><strong>quidam</strong></span> <span class='ocrx_word' id='word_1_188' title='bbox 3298 1176 3327 1214; x_wconf 90' lang='lat' dir='ltr'><strong>e</strong></span> <span class='ocrx_word' id='word_1_189' title='bbox 3346 1161 3485 1226; x_wconf 80' lang='lat' dir='ltr'><strong>fuga.</strong></span> <span class='ocrx_word' id='word_1_190' title='bbox 3507 1161 3656 1211; x_wconf 77' lang='lat' dir='ltr'><strong>vultu</strong></span> <span class='ocrx_word' id='word_1_191' title='bbox 3681 1159 3789 1212; x_wconf 79' lang='lat' dir='ltr'><strong>deni-</strong></span> 
     </span>
    </p>
   </div>
   <div class='ocr_carea' id='block_1_27' title="bbox 2295 1250 3787 1317">
    <p class='ocr_par' dir='ltr' id='par_1_27' title="bbox 2295 1250 3787 1317">
     <span class='ocr_line' id='line_1_27' title="bbox 2295 1250 3787 1317; baseline -0.001 -15"><span class='ocrx_word' id='word_1_192' title='bbox 2295 1258 2467 1317; x_wconf 76' lang='lat' dir='ltr'><strong>grato.</strong></span> <span class='ocrx_word' id='word_1_193' title='bbox 2508 1250 2748 1302; x_wconf 80' lang='lat' dir='ltr'><strong>vestibus</strong></span> <span class='ocrx_word' id='word_1_194' title='bbox 2798 1252 3017 1312; x_wconf 74' lang='lat' dir='ltr'><strong>scissis:</strong></span> <span class='ocrx_word' id='word_1_195' title='bbox 3054 1251 3138 1303; x_wconf 85' lang='lat' dir='ltr'><strong>cui</strong></span> <span class='ocrx_word' id='word_1_196' title='bbox 3196 1250 3272 1302; x_wconf 80' lang='lat' dir='ltr'><strong>Eli</strong></span> <span class='ocrx_word' id='word_1_197' title='bbox 3325 1250 3577 1303; x_wconf 86' lang='lat' dir='ltr'><strong>sacerdos</strong></span> <span class='ocrx_word' id='word_1_198' title='bbox 3611 1266 3626 1300; x_wconf 94' lang='lat'><strong>:</strong></span> <span class='ocrx_word' id='word_1_199' title='bbox 3661 1250 3787 1311; x_wconf 77' lang='lat' dir='ltr'><strong>Quid.</strong></span> 
     </span>
    </p>
   </div>
   <div class='ocr_carea' id='block_1_28' title="bbox 2298 1338 3789 1410">
    <p class='ocr_par' dir='ltr' id='par_1_28' title="bbox 2298 1338 3789 1410">
     <span class='ocr_line' id='line_1_28' title="bbox 2298 1338 3789 1410; baseline -0.005 -15"><span class='ocrx_word' id='word_1_200' title='bbox 2298 1344 2490 1410; x_wconf 83' lang='lat' dir='ltr'><strong>inquit,</strong></span> <span class='ocrx_word' id='word_1_201' title='bbox 2521 1342 2596 1395; x_wconf 89' lang='lat' dir='ltr'><strong>rei</strong></span> <span class='ocrx_word' id='word_1_202' title='bbox 2627 1349 2805 1394; x_wconf 87' lang='lat' dir='ltr'><strong>tecum</strong></span> <span class='ocrx_word' id='word_1_203' title='bbox 2836 1341 2961 1394; x_wconf 72' lang='lat' dir='ltr'><strong>est?</strong></span> <span class='ocrx_word' id='word_1_204' title='bbox 2994 1339 3290 1408; x_wconf 77' lang='lat' dir='ltr'><strong>Respondit</strong></span> <span class='ocrx_word' id='word_1_205' title='bbox 3337 1338 3424 1392; x_wconf 87' lang='lat' dir='ltr'><strong>ille</strong></span> <span class='ocrx_word' id='word_1_206' title='bbox 3469 1357 3485 1392; x_wconf 89' lang='lat'><strong>:</strong></span> <span class='ocrx_word' id='word_1_207' title='bbox 3527 1341 3582 1394; x_wconf 81' lang='lat' dir='ltr'><strong>In</strong></span> <span class='ocrx_word' id='word_1_208' title='bbox 3643 1339 3789 1404; x_wconf 74' lang='lat' dir='ltr'><strong>fugant</strong></span> 
     </span>
    </p>
   </div>
   <div class='ocr_carea' id='block_1_29' title="bbox 2295 1424 3798 1492">
    <p class='ocr_par' dir='ltr' id='par_1_29' title="bbox 2295 1424 3798 1492">
     <span class='ocr_line' id='line_1_29' title="bbox 2295 1424 3798 1492; baseline -0.006 -9"><span class='ocrx_word' id='word_1_209' title='bbox 2295 1433 2540 1483; x_wconf 86' lang='lat' dir='ltr'><strong>conversi</strong></span> <span class='ocrx_word' id='word_1_210' title='bbox 2570 1437 2696 1482; x_wconf 86' lang='lat' dir='ltr'><strong>sunt</strong></span> <span class='ocrx_word' id='word_1_211' title='bbox 2736 1428 3010 1488; x_wconf 71' lang='lat' dir='ltr'><strong>lsraelitze,</strong></span> <span class='ocrx_word' id='word_1_212' title='bbox 3048 1427 3203 1480; x_wconf 64' lang='lat' dir='ltr'><strong>caesis</strong></span> <span class='ocrx_word' id='word_1_213' title='bbox 3252 1424 3436 1479; x_wconf 79' lang='lat' dir='ltr'><strong>eorum</strong></span> <span class='ocrx_word' id='word_1_214' title='bbox 3487 1424 3798 1492; x_wconf 70' lang='lat' dir='ltr'><strong>quampluri-</strong></span> 
     </span>
    </p>
   </div>
   <div class='ocr_carea' id='block_1_30' title="bbox 2296 1519 3788 1586">
    <p class='ocr_par' dir='ltr' id='par_1_30' title="bbox 2296 1519 3788 1586">
     <span class='ocr_line' id='line_1_30' title="bbox 2296 1519 3788 1586; baseline -0.005 -15"><span class='ocrx_word' id='word_1_215' title='bbox 2296 1520 2421 1584; x_wconf 86' lang='lat' dir='ltr'><strong>mis,</strong></span> <span class='ocrx_word' id='word_1_216' title='bbox 2457 1533 2670 1586; x_wconf 87' lang='lat' dir='ltr'><strong>unaque</strong></span> <span class='ocrx_word' id='word_1_217' title='bbox 2701 1519 2910 1573; x_wconf 89' lang='lat' dir='ltr'><strong>duobus</strong></span> <span class='ocrx_word' id='word_1_218' title='bbox 2946 1519 3067 1571; x_wconf 82' lang='lat' dir='ltr'><strong>ﬁliis</strong></span> <span class='ocrx_word' id='word_1_219' title='bbox 3098 1520 3230 1581; x_wconf 84' lang='lat' dir='ltr'><strong>tuis,</strong></span> <span class='ocrx_word' id='word_1_220' title='bbox 3261 1525 3534 1584; x_wconf 72' lang='lat' dir='ltr'><strong>captaque</strong></span> <span class='ocrx_word' id='word_1_221' title='bbox 3555 1525 3641 1568; x_wconf 87' lang='lat' dir='ltr'><strong>est</strong></span> <span class='ocrx_word' id='word_1_222' title='bbox 3671 1530 3788 1567; x_wconf 83' lang='lat' dir='ltr'><strong>area.</strong></span> 
     </span>
    </p>
   </div>
   <div class='ocr_carea' id='block_1_31' title="bbox 2295 1604 3792 1670">
    <p class='ocr_par' dir='ltr' id='par_1_31' title="bbox 2295 1604 3792 1670">
     <span class='ocr_line' id='line_1_31' title="bbox 2295 1604 3792 1670; baseline -0.004 -10"><span class='ocrx_word' id='word_1_223' title='bbox 2295 1604 2395 1660; x_wconf 86' lang='lat' dir='ltr'><strong>Ubi</strong></span> <span class='ocrx_word' id='word_1_224' title='bbox 2437 1613 2612 1659; x_wconf 84' lang='lat' dir='ltr'><strong>autem</strong></span> <span class='ocrx_word' id='word_1_225' title='bbox 2659 1605 2953 1659; x_wconf 83' lang='lat' dir='ltr'><strong>audivisset</strong></span> <span class='ocrx_word' id='word_1_226' title='bbox 3003 1604 3080 1658; x_wconf 85' lang='lat' dir='ltr'><strong>Eli</strong></span> <span class='ocrx_word' id='word_1_227' title='bbox 3136 1605 3388 1659; x_wconf 81' lang='lat' dir='ltr'><strong>sacerdos</strong></span> <span class='ocrx_word' id='word_1_228' title='bbox 3439 1609 3652 1670; x_wconf 86' lang='lat' dir='ltr'><strong>captam</strong></span> <span class='ocrx_word' id='word_1_229' title='bbox 3696 1616 3792 1655; x_wconf 82' lang='lat' dir='ltr'><strong>esse</strong></span> 
     </span>
    </p>
   </div>
   <div class='ocr_carea' id='block_1_32' title="bbox 657 1692 3794 1764">
    <p class='ocr_par' dir='ltr' id='par_1_32' title="bbox 657 1692 3794 1764">
     <span class='ocr_line' id='line_1_32' title="bbox 657 1692 3794 1764; baseline -0.001 -20"><span class='ocrx_word' id='word_1_230' title='bbox 657 1694 862 1747; x_wconf 78' lang='lat' dir='ltr'><strong>renasci</strong></span> <span class='ocrx_word' id='word_1_231' title='bbox 886 1697 1560 1764; x_wconf 74' lang='lat' dir='ltr'><strong>rmperuntcapillicapitis</strong></span> <span class='ocrx_word' id='word_1_232' title='bbox 1583 1697 1772 1764; x_wconf 87' lang='lat' dir='ltr'><strong>ipsius.</strong></span> <span class='ocrx_word' id='word_1_233' title='bbox 1795 1695 2189 1752; x_wconf 71' lang='lat' dir='ltr'><strong>Cottt&#39;enietttes</strong></span> <span class='ocrx_word' id='word_1_234' title='bbox 2222 1692 2261 1746; x_wconf 84' lang='grc' dir='ltr'><strong><em>Β</em></strong></span> <span class='ocrx_word' id='word_1_235' title='bbox 2287 1709 2490 1757; x_wconf 77' lang='lat' dir='ltr'><strong>aream,</strong></span> <span class='ocrx_word' id='word_1_236' title='bbox 2525 1709 2724 1762; x_wconf 86' lang='lat' dir='ltr'><strong>pronus</strong></span> <span class='ocrx_word' id='word_1_237' title='bbox 2752 1694 2804 1746; x_wconf 91' lang='lat' dir='ltr'><strong>in</strong></span> <span class='ocrx_word' id='word_1_238' title='bbox 2829 1693 3018 1747; x_wconf 82' lang='lat' dir='ltr'><strong>faciem</strong></span> <span class='ocrx_word' id='word_1_239' title='bbox 3051 1693 3245 1746; x_wconf 82' lang='lat' dir='ltr'><strong>cadens</strong></span> <span class='ocrx_word' id='word_1_240' title='bbox 3279 1693 3420 1745; x_wconf 87' lang='lat' dir='ltr'><strong>illico</strong></span> <span class='ocrx_word' id='word_1_241' title='bbox 3447 1700 3694 1743; x_wconf 89' lang='lat' dir='ltr'><strong>mortuus</strong></span> <span class='ocrx_word' id='word_1_242' title='bbox 3709 1698 3794 1750; x_wconf 59' lang='lat' dir='ltr'><strong>est,</strong></span> 
     </span>
    </p>
   </div>
   <div class='ocr_carea' id='block_1_33' title="bbox 653 1784 2186 1853">
    <p class='ocr_par' dir='ltr' id='par_1_33' title="bbox 653 1784 2186 1853">
     <span class='ocr_line' id='line_1_33' title="bbox 653 1784 2186 1853; baseline 0.002 -19"><span class='ocrx_word' id='word_1_243' title='bbox 653 1795 826 1835; x_wconf 88' lang='lat' dir='ltr'><strong>autetn</strong></span> <span class='ocrx_word' id='word_1_244' title='bbox 853 1785 1085 1836; x_wconf 79' lang='lat' dir='ltr'><strong>tribuum</strong></span> <span class='ocrx_word' id='word_1_245' title='bbox 1117 1784 1537 1850; x_wconf 78' lang='lat' dir='ltr'><strong>alienigenarum</strong></span> <span class='ocrx_word' id='word_1_246' title='bbox 1571 1786 1859 1853; x_wconf 82' lang='lat' dir='ltr'><strong>principes,</strong></span> <span class='ocrx_word' id='word_1_247' title='bbox 1889 1784 1956 1837; x_wconf 84' lang='lat' dir='ltr'><strong>ad</strong></span> <span class='ocrx_word' id='word_1_248' title='bbox 1985 1787 2186 1837; x_wconf 82' lang='lat' dir='ltr'><strong>hostias</strong></span> 
     </span>
    </p>
   </div>
   <div class='ocr_carea' id='block_1_34' title="bbox 659 1873 2189 1947">
    <p class='ocr_par' dir='ltr' id='par_1_34' title="bbox 659 1873 2189 1947">
     <span class='ocr_line' id='line_1_34' title="bbox 659 1873 2189 1947; baseline 0.001 -24"><span class='ocrx_word' id='word_1_249' title='bbox 659 1873 829 1940; x_wconf 69' lang='lat' dir='ltr'><strong>Itagon</strong></span> <span class='ocrx_word' id='word_1_250' title='bbox 860 1874 959 1926; x_wconf 84' lang='lat' dir='ltr'><strong>de&#39;o</strong></span> <span class='ocrx_word' id='word_1_251' title='bbox 983 1887 1081 1926; x_wconf 89' lang='lat' dir='ltr'><strong>suo</strong></span> <span class='ocrx_word' id='word_1_252' title='bbox 1110 1874 1486 1936; x_wconf 85' lang='lat' dir='ltr'><strong>immolandas,</strong></span> <span class='ocrx_word' id='word_1_253' title='bbox 1509 1873 1820 1927; x_wconf 89' lang='lat' dir='ltr'><strong>Samsonent</strong></span> <span class='ocrx_word' id='word_1_254' title='bbox 1872 1873 2189 1947; x_wconf 57' lang='lat' dir='ltr'><strong>eduscrunt,</strong></span> 
     </span>
    </p>
   </div>
   <div class='ocr_carea' id='block_1_35' title="bbox 656 1960 2191 2032">
    <p class='ocr_par' dir='ltr' id='par_1_35' title="bbox 656 1960 2191 2032">
     <span class='ocr_line' id='line_1_35' title="bbox 656 1960 2191 2032; baseline 0.003 -20"><span class='ocrx_word' id='word_1_255' title='bbox 656 1970 712 2012; x_wconf 89' lang='lat' dir='ltr'><strong>ut</strong></span> <span class='ocrx_word' id='word_1_256' title='bbox 741 1962 837 2028; x_wconf 86' lang='lat' dir='ltr'><strong>ipsi</strong></span> <span class='ocrx_word' id='word_1_257' title='bbox 875 1962 1158 2016; x_wconf 86' lang='lat' dir='ltr'><strong>illttdentes</strong></span> <span class='ocrx_word' id='word_1_258' title='bbox 1185 1964 1376 2016; x_wconf 86' lang='lat' dir='ltr'><strong>deinde</strong></span> <span class='ocrx_word' id='word_1_259' title='bbox 1405 1972 1626 2016; x_wconf 89' lang='lat' dir='ltr'><strong>mortem</strong></span> <span class='ocrx_word' id='word_1_260' title='bbox 1662 1960 1943 2027; x_wconf 79' lang='lat' dir='ltr'><strong>inferrent.</strong></span> <span class='ocrx_word' id='word_1_261' title='bbox 1988 1962 2191 2032; x_wconf 86' lang='lat' dir='ltr'><strong>Imple-</strong></span> 
     </span>
    </p>
   </div>
   <div class='ocr_carea' id='block_1_36' title="bbox 656 2050 2191 2122">
    <p class='ocr_par' dir='ltr' id='par_1_36' title="bbox 656 2050 2191 2122">
     <span class='ocr_line' id='line_1_36' title="bbox 656 2050 2191 2122; baseline 0.004 -22"><span class='ocrx_word' id='word_1_262' title='bbox 656 2059 874 2118; x_wconf 84' lang='lat' dir='ltr'><strong>tumque</strong></span> <span class='ocrx_word' id='word_1_263' title='bbox 897 2061 978 2104; x_wconf 86' lang='lat' dir='ltr'><strong>est</strong></span> <span class='ocrx_word' id='word_1_264' title='bbox 1015 2050 1247 2120; x_wconf 75' lang='lat' dir='ltr'><strong>Dagouis</strong></span> <span class='ocrx_word' id='word_1_265' title='bbox 1282 2053 1537 2119; x_wconf 88' lang='lat' dir='ltr'><strong>templum</strong></span> <span class='ocrx_word' id='word_1_266' title='bbox 1571 2052 1900 2119; x_wconf 77' lang='lat' dir='ltr'><strong>hominibus,</strong></span> <span class='ocrx_word' id='word_1_267' title='bbox 1925 2068 2032 2122; x_wconf 90' lang='lat' dir='ltr'><strong>qua</strong></span> <span class='ocrx_word' id='word_1_268' title='bbox 2063 2055 2191 2108; x_wconf 88' lang='lat' dir='ltr'><strong>viris</strong></span> 
     </span>
    </p>
   </div>
   <div class='ocr_carea' id='block_1_37' title="bbox 651 2140 2185 2208">
    <p class='ocr_par' dir='ltr' id='par_1_37' title="bbox 651 2140 2185 2208">
     <span class='ocr_line' id='line_1_37' title="bbox 651 2140 2185 2208; baseline 0.003 -19"><span class='ocrx_word' id='word_1_269' title='bbox 651 2154 757 2207; x_wconf 90' lang='lat' dir='ltr'><strong>qna</strong></span> <span class='ocrx_word' id='word_1_270' title='bbox 785 2140 1018 2199; x_wconf 77' lang='lat' dir='ltr'><strong>feminis.</strong></span> <span class='ocrx_word' id='word_1_271' title='bbox 1048 2156 1151 2193; x_wconf 86' lang='lat' dir='ltr'><strong>una</strong></span> <span class='ocrx_word' id='word_1_272' title='bbox 1185 2155 1304 2192; x_wconf 90' lang='lat' dir='ltr'><strong>cum</strong></span> <span class='ocrx_word' id='word_1_273' title='bbox 1337 2150 1477 2194; x_wconf 85' lang='lat' dir='ltr'><strong>tecto</strong></span> <span class='ocrx_word' id='word_1_274' title='bbox 1509 2142 1699 2208; x_wconf 88' lang='lat' dir='ltr'><strong>ipsius,</strong></span> <span class='ocrx_word' id='word_1_275' title='bbox 1724 2143 1856 2196; x_wconf 82' lang='lat' dir='ltr'><strong>adeo</strong></span> <span class='ocrx_word' id='word_1_276' title='bbox 1883 2141 2185 2204; x_wconf 78' lang='lat' dir='ltr'><strong>confertim,</strong></span> 
     </span>
    </p>
   </div>
   <div class='ocr_carea' id='block_1_38' title="bbox 653 2231 2191 2300">
    <p class='ocr_par' dir='ltr' id='par_1_38' title="bbox 653 2231 2191 2300">
     <span class='ocr_line' id='line_1_38' title="bbox 653 2231 2191 2300; baseline 0.002 -18"><span class='ocrx_word' id='word_1_277' title='bbox 653 2239 710 2282; x_wconf 91' lang='lat' dir='ltr'><strong>ut</strong></span> <span class='ocrx_word' id='word_1_278' title='bbox 739 2246 840 2282; x_wconf 90' lang='lat' dir='ltr'><strong>non</strong></span> <span class='ocrx_word' id='word_1_279' title='bbox 871 2240 1174 2298; x_wconf 84' lang='lat' dir='ltr'><strong>superesset</strong></span> <span class='ocrx_word' id='word_1_280' title='bbox 1207 2231 1356 2284; x_wconf 81' lang='lat' dir='ltr'><strong>locus</strong></span> <span class='ocrx_word' id='word_1_281' title='bbox 1381 2246 1488 2298; x_wconf 90' lang='lat' dir='ltr'><strong>quo</strong></span> <span class='ocrx_word' id='word_1_282' title='bbox 1515 2242 1658 2284; x_wconf 87' lang='lat' dir='ltr'><strong>stare</strong></span> <span class='ocrx_word' id='word_1_283' title='bbox 1687 2235 1806 2299; x_wconf 85' lang='lat' dir='ltr'><strong>quis</strong></span> <span class='ocrx_word' id='word_1_284' title='bbox 1837 2241 2016 2300; x_wconf 78' lang='lat' dir='ltr'><strong>posset</strong></span> <span class='ocrx_word' id='word_1_285' title='bbox 2037 2270 2052 2293; x_wconf 90' lang='lat'><strong>.</strong></span> <span class='ocrx_word' id='word_1_286' title='bbox 2083 2247 2191 2300; x_wconf 87' lang='lat' dir='ltr'><strong>quo</strong></span> 
     </span>
    </p>
   </div>
   <div class='ocr_carea' id='block_1_39' title="bbox 654 2320 2186 2389">
    <p class='ocr_par' dir='ltr' id='par_1_39' title="bbox 654 2320 2186 2389">
     <span class='ocr_line' id='line_1_39' title="bbox 654 2320 2186 2389; baseline 0.001 -18"><span class='ocrx_word' id='word_1_287' title='bbox 654 2320 964 2373; x_wconf 83' lang='lat' dir='ltr'><strong>Satnsonem</strong></span> <span class='ocrx_word' id='word_1_288' title='bbox 1026 2321 1403 2387; x_wconf 69' lang='lat' dir='ltr'><strong>consliicerent</strong></span> <span class='ocrx_word' id='word_1_289' title='bbox 1458 2331 1510 2374; x_wconf 89' lang='lat' dir='ltr'><strong>et</strong></span> <span class='ocrx_word' id='word_1_290' title='bbox 1571 2322 1698 2389; x_wconf 84' lang='lat' dir='ltr'><strong>quid</strong></span> <span class='ocrx_word' id='word_1_291' title='bbox 1758 2323 1823 2374; x_wconf 87' lang='lat' dir='ltr'><strong>de</strong></span> <span class='ocrx_word' id='word_1_292' title='bbox 1877 2324 1968 2375; x_wconf 90' lang='lat' dir='ltr'><strong>illo</strong></span> <span class='ocrx_word' id='word_1_293' title='bbox 2020 2321 2186 2375; x_wconf 82' lang='lat' dir='ltr'><strong>fieret.</strong></span> 
     </span>
    </p>
   </div>
   <div class='ocr_carea' id='block_1_40' title="bbox 653 2409 2190 2481">
    <p class='ocr_par' dir='ltr' id='par_1_40' title="bbox 653 2409 2190 2481">
     <span class='ocr_line' id='line_1_40' title="bbox 653 2409 2190 2481; baseline 0.002 -19"><span class='ocrx_word' id='word_1_294' title='bbox 653 2409 789 2462; x_wconf 79' lang='lat' dir='ltr'><strong>Dixit</strong></span> <span class='ocrx_word' id='word_1_295' title='bbox 835 2426 962 2478; x_wconf 78' lang='lat' dir='ltr'><strong>ergo</strong></span> <span class='ocrx_word' id='word_1_296' title='bbox 1003 2410 1229 2465; x_wconf 90' lang='lat' dir='ltr'><strong>Samson</strong></span> <span class='ocrx_word' id='word_1_297' title='bbox 1274 2429 1442 2481; x_wconf 90' lang='lat' dir='ltr'><strong>puero</strong></span> <span class='ocrx_word' id='word_1_298' title='bbox 1490 2413 1662 2480; x_wconf 84' lang='lat' dir='ltr'><strong>ipsum</strong></span> <span class='ocrx_word' id='word_1_299' title='bbox 1711 2412 1978 2465; x_wconf 86' lang='lat' dir='ltr'><strong>ducenti:</strong></span> <span class='ocrx_word' id='word_1_300' title='bbox 2015 2412 2190 2479; x_wconf 69' lang='lat' dir='ltr'><strong>Dirige</strong></span> 
     </span>
    </p>
   </div>
   <div class='ocr_carea' id='block_1_41' title="bbox 653 2501 2187 2571">
    <p class='ocr_par' dir='ltr' id='par_1_41' title="bbox 653 2501 2187 2571">
     <span class='ocr_line' id='line_1_41' title="bbox 653 2501 2187 2571; baseline 0.002 -21"><span class='ocrx_word' id='word_1_301' title='bbox 653 2513 860 2550; x_wconf 86' lang='lat' dir='ltr'><strong>manum</strong></span> <span class='ocrx_word' id='word_1_302' title='bbox 904 2515 1072 2552; x_wconf 85' lang='lat' dir='ltr'><strong>meam</strong></span> <span class='ocrx_word' id='word_1_303' title='bbox 1123 2501 1187 2553; x_wconf 88' lang='lat' dir='ltr'><strong>ad</strong></span> <span class='ocrx_word' id='word_1_304' title='bbox 1238 2503 1542 2555; x_wconf 84' lang='lat' dir='ltr'><strong>columnam</strong></span> <span class='ocrx_word' id='word_1_305' title='bbox 1573 2517 1691 2571; x_wconf 68' lang='lat' dir='ltr'><strong>quae</strong></span> <span class='ocrx_word' id='word_1_306' title='bbox 1729 2503 1986 2570; x_wconf 87' lang='lat' dir='ltr'><strong>templum</strong></span> <span class='ocrx_word' id='word_1_307' title='bbox 2021 2504 2187 2556; x_wconf 81' lang='lat' dir='ltr'><strong>susti-</strong></span> 
     </span>
    </p>
   </div>
   <div class='ocr_carea' id='block_1_42' title="bbox 652 2592 2186 2661">
    <p class='ocr_par' dir='ltr' id='par_1_42' title="bbox 652 2592 2186 2661">
     <span class='ocr_line' id='line_1_42' title="bbox 652 2592 2186 2661; baseline 0.001 -20"><span class='ocrx_word' id='word_1_308' title='bbox 652 2601 761 2651; x_wconf 90' lang='lat' dir='ltr'><strong>net,</strong></span> <span class='ocrx_word' id='word_1_309' title='bbox 786 2601 1112 2660; x_wconf 76' lang='lat' dir='ltr'><strong>extensaque</strong></span> <span class='ocrx_word' id='word_1_310' title='bbox 1143 2593 1328 2646; x_wconf 78' lang='lat' dir='ltr'><strong>dextra</strong></span> <span class='ocrx_word' id='word_1_311' title='bbox 1360 2607 1518 2646; x_wconf 90' lang='lat' dir='ltr'><strong>unam</strong></span> <span class='ocrx_word' id='word_1_312' title='bbox 1548 2592 1955 2661; x_wconf 83' lang='lat' dir='ltr'><strong>apprehendens</strong></span> <span class='ocrx_word' id='word_1_313' title='bbox 1983 2595 2186 2646; x_wconf 82' lang='lat' dir='ltr'><strong>colum-</strong></span> 
     </span>
    </p>
   </div>
   <div class='ocr_carea' id='block_1_43' title="bbox 648 2681 2189 2750">
    <p class='ocr_par' dir='ltr' id='par_1_43' title="bbox 648 2681 2189 2750">
     <span class='ocr_line' id='line_1_43' title="bbox 648 2681 2189 2750; baseline 0.003 -20"><span class='ocrx_word' id='word_1_314' title='bbox 648 2694 791 2739; x_wconf 84' lang='lat' dir='ltr'><strong>nam,</strong></span> <span class='ocrx_word' id='word_1_315' title='bbox 840 2681 966 2734; x_wconf 68' lang='lat' dir='ltr'><strong>laeva</strong></span> <span class='ocrx_word' id='word_1_316' title='bbox 1012 2682 1258 2743; x_wconf 90' lang='lat' dir='ltr'><strong>alteram,</strong></span> <span class='ocrx_word' id='word_1_317' title='bbox 1311 2698 1404 2736; x_wconf 89' lang='lat' dir='ltr'><strong>cas</strong></span> <span class='ocrx_word' id='word_1_318' title='bbox 1457 2684 1526 2734; x_wconf 87' lang='lat' dir='ltr'><strong>ita</strong></span> <span class='ocrx_word' id='word_1_319' title='bbox 1585 2682 1807 2735; x_wconf 76' lang='lat' dir='ltr'><strong>attraxit</strong></span> <span class='ocrx_word' id='word_1_320' title='bbox 1841 2693 1898 2735; x_wconf 92' lang='lat' dir='ltr'><strong>ut</strong></span> <span class='ocrx_word' id='word_1_321' title='bbox 1951 2692 2189 2750; x_wconf 67' lang='lat' dir='ltr'><strong>utrmque</strong></span> 
     </span>
    </p>
   </div>
   <div class='ocr_carea' id='block_1_44' title="bbox 648 2771 2186 2840">
    <p class='ocr_par' dir='ltr' id='par_1_44' title="bbox 648 2771 2186 2840">
     <span class='ocr_line' id='line_1_44' title="bbox 648 2771 2186 2840; baseline 0.003 -20"><span class='ocrx_word' id='word_1_322' title='bbox 648 2785 750 2822; x_wconf 92' lang='lat' dir='ltr'><strong>una</strong></span> <span class='ocrx_word' id='word_1_323' title='bbox 779 2784 899 2824; x_wconf 91' lang='lat' dir='ltr'><strong>cum</strong></span> <span class='ocrx_word' id='word_1_324' title='bbox 932 2771 1127 2838; x_wconf 89' lang='lat' dir='ltr'><strong>templo</strong></span> <span class='ocrx_word' id='word_1_325' title='bbox 1157 2771 1498 2834; x_wconf 86' lang='lat' dir='ltr'><strong>deciderent;</strong></span> <span class='ocrx_word' id='word_1_326' title='bbox 1543 2772 1849 2840; x_wconf 87' lang='lat' dir='ltr'><strong>tnortuique</strong></span> <span class='ocrx_word' id='word_1_327' title='bbox 1879 2781 2003 2826; x_wconf 88' lang='lat' dir='ltr'><strong>sunt</strong></span> <span class='ocrx_word' id='word_1_328' title='bbox 2033 2773 2186 2826; x_wconf 89' lang='lat' dir='ltr'><strong>Sant-</strong></span> 
     </span>
    </p>
   </div>
   <div class='ocr_carea' id='block_1_45' title="bbox 647 2860 2189 2928">
    <p class='ocr_par' dir='ltr' id='par_1_45' title="bbox 647 2860 2189 2928">
     <span class='ocr_line' id='line_1_45' title="bbox 647 2860 2189 2928; baseline 0.002 -16"><span class='ocrx_word' id='word_1_329' title='bbox 647 2874 744 2912; x_wconf 85' lang='lat' dir='ltr'><strong>son</strong></span> <span class='ocrx_word' id='word_1_330' title='bbox 799 2874 1089 2928; x_wconf 82' lang='lat' dir='ltr'><strong>omnesque</strong></span> <span class='ocrx_word' id='word_1_331' title='bbox 1119 2862 1209 2927; x_wconf 87' lang='lat' dir='ltr'><strong>qui</strong></span> <span class='ocrx_word' id='word_1_332' title='bbox 1244 2861 1296 2913; x_wconf 91' lang='lat' dir='ltr'><strong>itt</strong></span> <span class='ocrx_word' id='word_1_333' title='bbox 1352 2863 1549 2928; x_wconf 87' lang='lat' dir='ltr'><strong>templo</strong></span> <span class='ocrx_word' id='word_1_334' title='bbox 1580 2860 1798 2914; x_wconf 77' lang='lat' dir='ltr'><strong>fuerant</strong></span> <span class='ocrx_word' id='word_1_335' title='bbox 1830 2864 1924 2914; x_wconf 75' lang='lat' dir='ltr'><strong>viri</strong></span> <span class='ocrx_word' id='word_1_336' title='bbox 1966 2872 2021 2915; x_wconf 92' lang='lat' dir='ltr'><strong>et</strong></span> <span class='ocrx_word' id='word_1_337' title='bbox 2073 2880 2189 2915; x_wconf 86' lang='lat' dir='ltr'><strong>ntu-</strong></span> 
     </span>
    </p>
   </div>
   <div class='ocr_carea' id='block_1_46' title="bbox 645 2949 2181 3019">
    <p class='ocr_par' dir='ltr' id='par_1_46' title="bbox 645 2949 2181 3019">
     <span class='ocr_line' id='line_1_46' title="bbox 645 2949 2181 3019; baseline 0.001 -17"><span class='ocrx_word' id='word_1_338' title='bbox 645 2949 839 3014; x_wconf 84' lang='lat' dir='ltr'><strong>lieres;</strong></span> <span class='ocrx_word' id='word_1_339' title='bbox 889 2950 1176 3019; x_wconf 87' lang='lat' dir='ltr'><strong>pluresque</strong></span> <span class='ocrx_word' id='word_1_340' title='bbox 1228 2949 1448 3004; x_wconf 88' lang='lat' dir='ltr'><strong>fuerunt</strong></span> <span class='ocrx_word' id='word_1_341' title='bbox 1485 2951 1649 3006; x_wconf 92' lang='lat' dir='ltr'><strong>occisi</strong></span> <span class='ocrx_word' id='word_1_342' title='bbox 1681 2967 1821 3019; x_wconf 87' lang='lat' dir='ltr'><strong>quos</strong></span> <span class='ocrx_word' id='word_1_343' title='bbox 1867 2963 2040 3007; x_wconf 89' lang='lat' dir='ltr'><strong>tnorte</strong></span> <span class='ocrx_word' id='word_1_344' title='bbox 2086 2967 2181 3005; x_wconf 77' lang='lat' dir='ltr'><strong>Sua</strong></span> 
     </span>
    </p>
   </div>
   <div class='ocr_carea' id='block_1_47' title="bbox 646 3038 2182 3107">
    <p class='ocr_par' dir='ltr' id='par_1_47' title="bbox 646 3038 2182 3107">
     <span class='ocr_line' id='line_1_47' title="bbox 646 3038 2182 3107; baseline 0.004 -19"><span class='ocrx_word' id='word_1_345' title='bbox 646 3039 839 3092; x_wconf 83' lang='lat' dir='ltr'><strong>occidit</strong></span> <span class='ocrx_word' id='word_1_346' title='bbox 875 3038 1127 3101; x_wconf 85' lang='lat' dir='ltr'><strong>Samson,</strong></span> <span class='ocrx_word' id='word_1_347' title='bbox 1151 3053 1310 3106; x_wconf 89' lang='lat' dir='ltr'><strong>quam</strong></span> <span class='ocrx_word' id='word_1_348' title='bbox 1339 3055 1474 3107; x_wconf 90' lang='lat' dir='ltr'><strong>quos</strong></span> <span class='ocrx_word' id='word_1_349' title='bbox 1523 3040 1573 3092; x_wconf 92' lang='lat' dir='ltr'><strong>in</strong></span> <span class='ocrx_word' id='word_1_350' title='bbox 1608 3039 1714 3092; x_wconf 87' lang='lat' dir='ltr'><strong>vita</strong></span> <span class='ocrx_word' id='word_1_351' title='bbox 1749 3055 1844 3094; x_wconf 88' lang='lat' dir='ltr'><strong>sua</strong></span> <span class='ocrx_word' id='word_1_352' title='bbox 1891 3041 2182 3094; x_wconf 86' lang='lat' dir='ltr'><strong>occiderat.</strong></span> 
     </span>
    </p>
   </div>
   <div class='ocr_carea' id='block_1_48' title="bbox 645 3115 2185 3196">
    <p class='ocr_par' dir='ltr' id='par_1_48' title="bbox 645 3115 2185 3196">
     <span class='ocr_line' id='line_1_48' title="bbox 645 3115 2185 3196; baseline 0.001 -17"><span class='ocrx_word' id='word_1_353' title='bbox 645 3125 820 3194; x_wconf 85' lang='lat' dir='ltr'><strong>lpsttm</strong></span> <span class='ocrx_word' id='word_1_354' title='bbox 861 3115 987 3179; x_wconf 83' lang='lat' dir='ltr'><strong>vero</strong></span> <span class='ocrx_word' id='word_1_355' title='bbox 1018 3127 1289 3179; x_wconf 86' lang='lat' dir='ltr'><strong>sublatum</strong></span> <span class='ocrx_word' id='word_1_356' title='bbox 1339 3126 1663 3196; x_wconf 79' lang='lat' dir='ltr'><strong>sepelierunt</strong></span> <span class='ocrx_word' id='word_1_357' title='bbox 1710 3129 1792 3181; x_wconf 88' lang='lat' dir='ltr'><strong>sui</strong></span> <span class='ocrx_word' id='word_1_358' title='bbox 1847 3129 1987 3182; x_wconf 91' lang='lat' dir='ltr'><strong>inter</strong></span> <span class='ocrx_word' id='word_1_359' title='bbox 2019 3128 2185 3181; x_wconf 87' lang='lat' dir='ltr'><strong>Saata</strong></span> 
     </span>
    </p>
   </div>
   <div class='ocr_carea' id='block_1_49' title="bbox 643 3213 2183 3284">
    <p class='ocr_par' dir='ltr' id='par_1_49' title="bbox 643 3213 2183 3284">
     <span class='ocr_line' id='line_1_49' title="bbox 643 3213 2183 3284; baseline 0.003 -18"><span class='ocrx_word' id='word_1_360' title='bbox 643 3226 694 3266; x_wconf 89' lang='lat' dir='ltr'><strong>et</strong></span> <span class='ocrx_word' id='word_1_361' title='bbox 728 3213 947 3267; x_wconf 78' lang='lat' dir='ltr'><strong>Eshtaol</strong></span> <span class='ocrx_word' id='word_1_362' title='bbox 979 3231 1099 3268; x_wconf 86' lang='lat' dir='ltr'><strong>cum</strong></span> <span class='ocrx_word' id='word_1_363' title='bbox 1149 3226 1299 3284; x_wconf 87' lang='lat' dir='ltr'><strong>patre</strong></span> <span class='ocrx_word' id='word_1_364' title='bbox 1337 3230 1434 3269; x_wconf 87' lang='lat' dir='ltr'><strong>suo</strong></span> <span class='ocrx_word' id='word_1_365' title='bbox 1483 3215 1735 3281; x_wconf 77' lang='lat' dir='ltr'><strong>Manoab,</strong></span> <span class='ocrx_word' id='word_1_366' title='bbox 1784 3216 1998 3270; x_wconf 78' lang='lat' dir='ltr'><strong>Mortuo</strong></span> <span class='ocrx_word' id='word_1_367' title='bbox 2029 3216 2183 3271; x_wconf 84' lang='lat' dir='ltr'><strong>Satn-</strong></span> 
     </span>
    </p>
   </div>
   <div class='ocr_carea' id='block_1_50' title="bbox 643 3305 2186 3376">
    <p class='ocr_par' dir='ltr' id='par_1_50' title="bbox 643 3305 2186 3376">
     <span class='ocr_line' id='line_1_50' title="bbox 643 3305 2186 3376; baseline 0.004 -22"><span class='ocrx_word' id='word_1_368' title='bbox 643 3318 796 3362; x_wconf 83' lang='lat' dir='ltr'><strong>sOne.</strong></span> <span class='ocrx_word' id='word_1_369' title='bbox 835 3315 1092 3358; x_wconf 82' lang='lat' dir='ltr'><strong>rexcrunt</strong></span> <span class='ocrx_word' id='word_1_370' title='bbox 1119 3305 1377 3359; x_wconf 75' lang='lat' dir='ltr'><strong>Israelita:</strong></span> <span class='ocrx_word' id='word_1_371' title='bbox 1409 3306 1494 3357; x_wconf 82' lang='lat' dir='ltr'><strong>alii</strong></span> <span class='ocrx_word' id='word_1_372' title='bbox 1527 3306 1663 3360; x_wconf 84' lang='lat' dir='ltr'><strong>alios</strong></span> <span class='ocrx_word' id='word_1_373' title='bbox 1710 3306 1764 3358; x_wconf 89' lang='lat' dir='ltr'><strong>in</strong></span> <span class='ocrx_word' id='word_1_374' title='bbox 1794 3307 2186 3376; x_wconf 84' lang='lat' dir='ltr'><strong>tranquillitate</strong></span> 
     </span>
    </p>
   </div>
   <div class='ocr_carea' id='block_1_51' title="bbox 641 3374 2051 3464">
    <p class='ocr_par' dir='ltr' id='par_1_51' title="bbox 641 3374 2051 3464">
     <span class='ocr_line' id='line_1_51' title="bbox 641 3374 2051 3464; baseline 0 -17"><span class='ocrx_word' id='word_1_375' title='bbox 641 3404 692 3447; x_wconf 83' lang='lat' dir='ltr'><strong>cl</strong></span> <span class='ocrx_word' id='word_1_376' title='bbox 727 3409 855 3461; x_wconf 78' lang='lat' dir='ltr'><strong>pace</strong></span> <span class='ocrx_word' id='word_1_377' title='bbox 887 3396 1044 3448; x_wconf 83' lang='lat' dir='ltr'><strong>antiis</strong></span> <span class='ocrx_word' id='word_1_378' title='bbox 1078 3396 1452 3464; x_wconf 73' lang='lat' dir='ltr'><strong>quadraginta.</strong></span> <span class='ocrx_word' id='word_1_379' title='bbox 1695 3390 1697 3392; x_wconf 43' lang='grc'><em>’</em></span> <span class='ocrx_word' id='word_1_380' title='bbox 1800 3408 1815 3428; x_wconf 70' lang='grc' dir='ltr'><strong><em>ί</em></strong></span> <span class='ocrx_word' id='word_1_381' title='bbox 1937 3374 1947 3376; x_wconf 15' lang='grc' dir='ltr'><strong>ἡ</strong></span> <span class='ocrx_word' id='word_1_382' title='bbox 2038 3374 2051 3388; x_wconf 31' lang='grc' dir='ltr'>χ</span> 
     </span>
    </p>
   </div>
   <div class='ocr_carea' id='block_1_52' title="bbox 718 3483 2181 3555">
    <p class='ocr_par' dir='ltr' id='par_1_52' title="bbox 718 3483 2181 3555">
     <span class='ocr_line' id='line_1_52' title="bbox 718 3483 2181 3555; baseline -0.001 -16"><span class='ocrx_word' id='word_1_383' title='bbox 718 3483 1059 3555; x_wconf 56' lang='lat'><strong>151-153</strong></span> <span class='ocrx_word' id='word_1_384' title='bbox 1093 3485 1292 3539; x_wconf 80' lang='lat' dir='ltr'><strong>Deinde</strong></span> <span class='ocrx_word' id='word_1_385' title='bbox 1319 3486 1527 3552; x_wconf 67' lang='lat' dir='ltr'><strong>praefuit</strong></span> <span class='ocrx_word' id='word_1_386' title='bbox 1557 3487 1754 3554; x_wconf 86' lang='lat' dir='ltr'><strong>populo</strong></span> <span class='ocrx_word' id='word_1_387' title='bbox 1800 3485 1878 3538; x_wconf 84' lang='lat' dir='ltr'><strong>Eli</strong></span> <span class='ocrx_word' id='word_1_388' title='bbox 1910 3484 2181 3550; x_wconf 84' lang='lat' dir='ltr'><strong>sacerdos,</strong></span> 
     </span>
    </p>
   </div>
   <div class='ocr_carea' id='block_1_53' title="bbox 648 3575 2180 3645">
    <p class='ocr_par' dir='ltr' id='par_1_53' title="bbox 648 3575 2180 3645">
     <span class='ocr_line' id='line_1_53' title="bbox 648 3575 2180 3645; baseline 0 -17"><span class='ocrx_word' id='word_1_389' title='bbox 648 3592 818 3630; x_wconf 86' lang='lat' dir='ltr'><strong>annos</strong></span> <span class='ocrx_word' id='word_1_390' title='bbox 852 3578 1057 3645; x_wconf 76' lang='lat' dir='ltr'><strong>viginti.</strong></span> <span class='ocrx_word' id='word_1_391' title='bbox 1094 3577 1166 3628; x_wconf 85' lang='lat' dir='ltr'><strong>Eo</strong></span> <span class='ocrx_word' id='word_1_392' title='bbox 1194 3586 1436 3645; x_wconf 87' lang='lat' dir='ltr'><strong>tempore</strong></span> <span class='ocrx_word' id='word_1_393' title='bbox 1480 3575 1577 3628; x_wconf 89' lang='lat' dir='ltr'><strong>fuit</strong></span> <span class='ocrx_word' id='word_1_394' title='bbox 1626 3577 1921 3630; x_wconf 88' lang='lat' dir='ltr'><strong>sacrarium</strong></span> <span class='ocrx_word' id='word_1_395' title='bbox 1962 3576 2018 3629; x_wconf 88' lang='lat' dir='ltr'><strong>in</strong></span> <span class='ocrx_word' id='word_1_396' title='bbox 2060 3575 2180 3630; x_wconf 84' lang='lat' dir='ltr'><strong>Shi-</strong></span> 
     </span>
    </p>
   </div>
   <div class='ocr_carea' id='block_1_54' title="bbox 647 3651 2182 3737">
    <p class='ocr_par' dir='ltr' id='par_1_54' title="bbox 647 3651 2182 3737">
     <span class='ocr_line' id='line_1_54' title="bbox 647 3651 2182 3737; baseline 0 -20"><span class='ocrx_word' id='word_1_397' title='bbox 647 3669 811 3719; x_wconf 91' lang='lat' dir='ltr'><strong>lumo.</strong></span> <span class='ocrx_word' id='word_1_398' title='bbox 859 3665 1204 3734; x_wconf 81' lang='lat' dir='ltr'><strong>Fueruntqne</strong></span> <span class='ocrx_word' id='word_1_399' title='bbox 1242 3668 1318 3719; x_wconf 77' lang='lat' dir='ltr'><strong>Eli</strong></span> <span class='ocrx_word' id='word_1_400' title='bbox 1355 3665 1620 3720; x_wconf 85' lang='lat' dir='ltr'><strong>sacerdoti</strong></span> <span class='ocrx_word' id='word_1_401' title='bbox 1657 3666 1750 3718; x_wconf 83' lang='lat' dir='ltr'><strong>lilii</strong></span> <span class='ocrx_word' id='word_1_402' title='bbox 1781 3651 2182 3737; x_wconf 2' lang='lat' dir='ltr'><strong>duo,jquor.unt</strong></span> 
     </span>
    </p>
   </div>
   <div class='ocr_carea' id='block_1_55' title="bbox 651 3753 2181 3822">
    <p class='ocr_par' dir='ltr' id='par_1_55' title="bbox 651 3753 2181 3822">
     <span class='ocr_line' id='line_1_55' title="bbox 651 3753 2181 3822; baseline -0.001 -17"><span class='ocrx_word' id='word_1_403' title='bbox 651 3755 739 3807; x_wconf 88' lang='lat' dir='ltr'><strong>uni</strong></span> <span class='ocrx_word' id='word_1_404' title='bbox 792 3772 981 3808; x_wconf 71' lang='lat' dir='ltr'><strong>nomen</strong></span> <span class='ocrx_word' id='word_1_405' title='bbox 1033 3755 1291 3822; x_wconf 82' lang='lat' dir='ltr'><strong>lloplttte,</strong></span> <span class='ocrx_word' id='word_1_406' title='bbox 1335 3758 1488 3809; x_wconf 76' lang='lat' dir='ltr'><strong>alteri</strong></span> <span class='ocrx_word' id='word_1_407' title='bbox 1541 3755 1792 3809; x_wconf 85' lang='lat' dir='ltr'><strong>Phineas.</strong></span> <span class='ocrx_word' id='word_1_408' title='bbox 1857 3753 1978 3809; x_wconf 83' lang='lat' dir='ltr'><strong>Fuit</strong></span> <span class='ocrx_word' id='word_1_409' title='bbox 2025 3756 2181 3810; x_wconf 88' lang='lat' dir='ltr'><strong>etiam</strong></span> 
     </span>
    </p>
   </div>
   <div class='ocr_carea' id='block_1_56' title="bbox 645 3843 2183 3914">
    <p class='ocr_par' dir='ltr' id='par_1_56' title="bbox 645 3843 2183 3914">
     <span class='ocr_line' id='line_1_56' title="bbox 645 3843 2183 3914; baseline 0.004 -23"><span class='ocrx_word' id='word_1_410' title='bbox 645 3844 885 3909; x_wconf 77' lang='lat' dir='ltr'><strong>ejusdem</strong></span> <span class='ocrx_word' id='word_1_411' title='bbox 951 3855 1192 3912; x_wconf 81' lang='lat' dir='ltr'><strong>tempore</strong></span> <span class='ocrx_word' id='word_1_412' title='bbox 1239 3846 1497 3914; x_wconf 86' lang='lat' dir='ltr'><strong>propheta</strong></span> <span class='ocrx_word' id='word_1_413' title='bbox 1543 3860 1572 3898; x_wconf 88' lang='lat' dir='ltr'><strong>e</strong></span> <span class='ocrx_word' id='word_1_414' title='bbox 1615 3843 1909 3908; x_wconf 78' lang='lat' dir='ltr'><strong>Rutnayain</strong></span> <span class='ocrx_word' id='word_1_415' title='bbox 1968 3847 2183 3897; x_wconf 88' lang='lat' dir='ltr'><strong>nomine</strong></span> 
     </span>
    </p>
   </div>
   <div class='ocr_carea' id='block_1_57' title="bbox 643 3931 2183 3997">
    <p class='ocr_par' dir='ltr' id='par_1_57' title="bbox 643 3931 2183 3997">
     <span class='ocr_line' id='line_1_57' title="bbox 643 3931 2183 3997; baseline 0.001 -15"><span class='ocrx_word' id='word_1_416' title='bbox 643 3931 905 3994; x_wconf 74' lang='lat' dir='ltr'><strong>Uelkatta,</strong></span> <span class='ocrx_word' id='word_1_417' title='bbox 939 3934 1078 3986; x_wconf 90' lang='lat' dir='ltr'><strong>Itlius</strong></span> <span class='ocrx_word' id='word_1_418' title='bbox 1119 3931 1424 3985; x_wconf 74' lang='lat' dir='ltr'><strong>Jeroboatni</strong></span> <span class='ocrx_word' id='word_1_419' title='bbox 1457 3933 1523 3985; x_wconf 88' lang='lat' dir='ltr'><strong>de</strong></span> <span class='ocrx_word' id='word_1_420' title='bbox 1564 3934 1704 3984; x_wconf 86' lang='lat' dir='ltr'><strong>tribu</strong></span> <span class='ocrx_word' id='word_1_421' title='bbox 1737 3931 1886 3997; x_wconf 76' lang='lat' dir='ltr'><strong>Levi,</strong></span> <span class='ocrx_word' id='word_1_422' title='bbox 1919 3934 2004 3985; x_wconf 85' lang='lat' dir='ltr'><strong>cui</strong></span> <span class='ocrx_word' id='word_1_423' title='bbox 2047 3933 2183 3985; x_wconf 80' lang='lat' dir='ltr'><strong>bina:</strong></span> 
     </span>
    </p>
   </div>
   <div class='ocr_carea' id='block_1_58' title="bbox 641 4020 2184 4090">
    <p class='ocr_par' dir='ltr' id='par_1_58' title="bbox 641 4020 2184 4090">
     <span class='ocr_line' id='line_1_58' title="bbox 641 4020 2184 4090; baseline 0.005 -22"><span class='ocrx_word' id='word_1_424' title='bbox 641 4029 795 4072; x_wconf 76' lang='lat' dir='ltr'><strong>erant</strong></span> <span class='ocrx_word' id='word_1_425' title='bbox 840 4020 1114 4088; x_wconf 85' lang='lat' dir='ltr'><strong>conjuges,</strong></span> <span class='ocrx_word' id='word_1_426' title='bbox 1148 4036 1372 4089; x_wconf 87' lang='lat' dir='ltr'><strong>quarunt</strong></span> <span class='ocrx_word' id='word_1_427' title='bbox 1404 4022 1498 4074; x_wconf 91' lang='lat' dir='ltr'><strong>uni</strong></span> <span class='ocrx_word' id='word_1_428' title='bbox 1545 4036 1738 4074; x_wconf 91' lang='lat' dir='ltr'><strong>nomen</strong></span> <span class='ocrx_word' id='word_1_429' title='bbox 1791 4021 2013 4074; x_wconf 83' lang='lat' dir='ltr'><strong>llannalt</strong></span> <span class='ocrx_word' id='word_1_430' title='bbox 2045 4022 2184 4090; x_wconf 77' lang='lat' dir='ltr'><strong>(qua:</strong></span> 
     </span>
    </p>
   </div>
   <div class='ocr_carea' id='block_1_59' title="bbox 643 4107 2182 4176">
    <p class='ocr_par' dir='ltr' id='par_1_59' title="bbox 643 4107 2182 4176">
     <span class='ocr_line' id='line_1_59' title="bbox 643 4107 2182 4176; baseline 0.003 -16"><span class='ocrx_word' id='word_1_431' title='bbox 643 4109 842 4161; x_wconf 81' lang='lat' dir='ltr'><strong>sterilis</strong></span> <span class='ocrx_word' id='word_1_432' title='bbox 875 4107 1180 4176; x_wconf 87' lang='lat' dir='ltr'><strong>fuit),alteri</strong></span> <span class='ocrx_word' id='word_1_433' title='bbox 1218 4107 1459 4174; x_wconf 86' lang='lat' dir='ltr'><strong>llenana,</strong></span> <span class='ocrx_word' id='word_1_434' title='bbox 1495 4110 1579 4163; x_wconf 91' lang='lat' dir='ltr'><strong>cui</strong></span> <span class='ocrx_word' id='word_1_435' title='bbox 1629 4109 1719 4162; x_wconf 80' lang='lat' dir='ltr'><strong>lilii</strong></span> <span class='ocrx_word' id='word_1_436' title='bbox 1745 4119 1916 4164; x_wconf 88' lang='lat' dir='ltr'><strong>erant.</strong></span> <span class='ocrx_word' id='word_1_437' title='bbox 1940 4110 2182 4165; x_wconf 76' lang='lat' dir='ltr'><strong>Profecta</strong></span> 
     </span>
    </p>
   </div>
   <div class='ocr_carea' id='block_1_60' title="bbox 642 4197 2222 4272">
    <p class='ocr_par' dir='ltr' id='par_1_60' title="bbox 642 4197 2222 4272">
     <span class='ocr_line' id='line_1_60' title="bbox 642 4197 2222 4272; baseline 0.003 -25"><span class='ocrx_word' id='word_1_438' title='bbox 642 4208 820 4252; x_wconf 85' lang='lat' dir='ltr'><strong>autem</strong></span> <span class='ocrx_word' id='word_1_439' title='bbox 857 4197 1082 4250; x_wconf 87' lang='lat' dir='ltr'><strong>llannah</strong></span> <span class='ocrx_word' id='word_1_440' title='bbox 1115 4201 1178 4251; x_wconf 81' lang='lat' dir='ltr'><strong>ad</strong></span> <span class='ocrx_word' id='word_1_441' title='bbox 1216 4201 1513 4252; x_wconf 87' lang='lat' dir='ltr'><strong>sacrarium</strong></span> <span class='ocrx_word' id='word_1_442' title='bbox 1544 4197 1796 4272; x_wconf 73' lang='lat' dir='ltr'><strong>Shilumi,</strong></span> <span class='ocrx_word' id='word_1_443' title='bbox 1831 4210 2042 4268; x_wconf 79' lang='lat' dir='ltr'><strong>precata</strong></span> <span class='ocrx_word' id='word_1_444' title='bbox 2103 4207 2222 4254; x_wconf 83' lang='lat' dir='ltr'><strong>est&#39;</strong></span> 
     </span>
    </p>
   </div>
   <div class='ocr_carea' id='block_1_61' title="bbox 2291 1780 3792 1851">
    <p class='ocr_par' dir='ltr' id='par_1_61' title="bbox 2291 1780 3792 1851">
     <span class='ocr_line' id='line_1_61' title="bbox 2291 1780 3792 1851; baseline -0.006 -13"><span class='ocrx_word' id='word_1_445' title='bbox 2291 1799 2465 1838; x_wconf 80' lang='lat' dir='ltr'><strong>annos</strong></span> <span class='ocrx_word' id='word_1_446' title='bbox 2492 1793 2649 1838; x_wconf 86' lang='lat' dir='ltr'><strong>natus</strong></span> <span class='ocrx_word' id='word_1_447' title='bbox 2695 1783 3001 1851; x_wconf 70' lang='lat' dir='ltr'><strong>nonaginta.</strong></span> <span class='ocrx_word' id='word_1_448' title='bbox 3037 1783 3128 1836; x_wconf 87' lang='lat' dir='ltr'><strong>Die</strong></span> <span class='ocrx_word' id='word_1_449' title='bbox 3156 1793 3335 1836; x_wconf 89' lang='lat' dir='ltr'><strong>autem</strong></span> <span class='ocrx_word' id='word_1_450' title='bbox 3386 1780 3626 1834; x_wconf 81' lang='lat' dir='ltr'><strong>crastino</strong></span> <span class='ocrx_word' id='word_1_451' title='bbox 3662 1793 3792 1832; x_wconf 77' lang='lat' dir='ltr'><strong>acce-</strong></span> 
     </span>
    </p>
   </div>
   <div class='ocr_carea' id='block_1_62' title="bbox 2290 1868 3792 1938">
    <p class='ocr_par' dir='ltr' id='par_1_62' title="bbox 2290 1868 3792 1938">
     <span class='ocr_line' id='line_1_62' title="bbox 2290 1868 3792 1938; baseline -0.005 -11"><span class='ocrx_word' id='word_1_452' title='bbox 2290 1875 2479 1928; x_wconf 85' lang='lat' dir='ltr'><strong>dentes</strong></span> <span class='ocrx_word' id='word_1_453' title='bbox 2500 1874 2658 1927; x_wconf 65' lang='lat' dir='ltr'><strong>Gaza:</strong></span> <span class='ocrx_word' id='word_1_454' title='bbox 2686 1873 2872 1926; x_wconf 70' lang='lat' dir='ltr'><strong>incola:</strong></span> <span class='ocrx_word' id='word_1_455' title='bbox 2917 1873 2981 1925; x_wconf 88' lang='lat' dir='ltr'><strong>ad</strong></span> <span class='ocrx_word' id='word_1_456' title='bbox 3009 1873 3265 1938; x_wconf 85' lang='lat' dir='ltr'><strong>templum</strong></span> <span class='ocrx_word' id='word_1_457' title='bbox 3309 1870 3560 1937; x_wconf 78' lang='lat' dir='ltr'><strong>Dagonis,</strong></span> <span class='ocrx_word' id='word_1_458' title='bbox 3612 1868 3677 1919; x_wconf 84' lang='lat' dir='ltr'><strong>ad</strong></span> <span class='ocrx_word' id='word_1_459' title='bbox 3728 1868 3792 1920; x_wconf 80' lang='lat' dir='ltr'><strong>vi-</strong></span> 
     </span>
    </p>
   </div>
   <div class='ocr_carea' id='block_1_63' title="bbox 2291 1960 3795 2029">
    <p class='ocr_par' dir='ltr' id='par_1_63' title="bbox 2291 1960 3795 2029">
     <span class='ocr_line' id='line_1_63' title="bbox 2291 1960 3795 2029; baseline -0.005 -11"><span class='ocrx_word' id='word_1_460' title='bbox 2291 1963 2519 2018; x_wconf 87' lang='lat' dir='ltr'><strong>dendam</strong></span> <span class='ocrx_word' id='word_1_461' title='bbox 2545 1978 2748 2025; x_wconf 83' lang='lat' dir='ltr'><strong>arcam,</strong></span> <span class='ocrx_word' id='word_1_462' title='bbox 2774 1963 2973 2016; x_wconf 85' lang='lat' dir='ltr'><strong>idolum</strong></span> <span class='ocrx_word' id='word_1_463' title='bbox 3011 1963 3186 2029; x_wconf 81' lang='lat' dir='ltr'><strong>Dagon</strong></span> <span class='ocrx_word' id='word_1_464' title='bbox 3228 1962 3280 2014; x_wconf 93' lang='lat' dir='ltr'><strong>in</strong></span> <span class='ocrx_word' id='word_1_465' title='bbox 3319 1960 3505 2014; x_wconf 85' lang='lat' dir='ltr'><strong>faciem</strong></span> <span class='ocrx_word' id='word_1_466' title='bbox 3533 1974 3684 2012; x_wconf 80' lang='lat' dir='ltr'><strong>Stta&#39;ll</strong></span> <span class='ocrx_word' id='word_1_467' title='bbox 3720 1972 3795 2010; x_wconf 83' lang='lat' dir='ltr'><strong>co-</strong></span> 
     </span>
    </p>
   </div>
   <div class='ocr_carea' id='block_1_64' title="bbox 2289 2050 3795 2121">
    <p class='ocr_par' dir='ltr' id='par_1_64' title="bbox 2289 2050 3795 2121">
     <span class='ocr_line' id='line_1_64' title="bbox 2289 2050 3795 2121; baseline -0.004 -15"><span class='ocrx_word' id='word_1_468' title='bbox 2289 2067 2403 2106; x_wconf 82' lang='lat' dir='ltr'><strong>ram</strong></span> <span class='ocrx_word' id='word_1_469' title='bbox 2431 2067 2610 2107; x_wconf 82' lang='lat' dir='ltr'><strong>arcam</strong></span> <span class='ocrx_word' id='word_1_470' title='bbox 2641 2061 2967 2121; x_wconf 83' lang='lat' dir='ltr'><strong>prostratum</strong></span> <span class='ocrx_word' id='word_1_471' title='bbox 3022 2053 3361 2104; x_wconf 89' lang='lat' dir='ltr'><strong>invenerunt.</strong></span> <span class='ocrx_word' id='word_1_472' title='bbox 3419 2051 3625 2102; x_wconf 82' lang='lat' dir='ltr'><strong>Accidit</strong></span> <span class='ocrx_word' id='word_1_473' title='bbox 3659 2050 3795 2102; x_wconf 79' lang='lat' dir='ltr'><strong>etiam</strong></span> 
     </span>
    </p>
   </div>
   <div class='ocr_carea' id='block_1_65' title="bbox 2291 2140 3798 2212">
    <p class='ocr_par' dir='ltr' id='par_1_65' title="bbox 2291 2140 3798 2212">
     <span class='ocr_line' id='line_1_65' title="bbox 2291 2140 3798 2212; baseline -0.004 -16"><span class='ocrx_word' id='word_1_474' title='bbox 2291 2144 2343 2198; x_wconf 83' lang='lat' dir='ltr'><strong>in</strong></span> <span class='ocrx_word' id='word_1_475' title='bbox 2378 2147 2509 2197; x_wconf 82' lang='lat' dir='ltr'><strong>urbe</strong></span> <span class='ocrx_word' id='word_1_476' title='bbox 2556 2144 2697 2199; x_wconf 82' lang='lat' dir='ltr'><strong>Gaza</strong></span> <span class='ocrx_word' id='word_1_477' title='bbox 2745 2144 2898 2212; x_wconf 74' lang='lat' dir='ltr'><strong>plaga</strong></span> <span class='ocrx_word' id='word_1_478' title='bbox 2951 2141 3246 2206; x_wconf 84' lang='lat' dir='ltr'><strong>mortifera,</strong></span> <span class='ocrx_word' id='word_1_479' title='bbox 3289 2141 3425 2209; x_wconf 86' lang='lat' dir='ltr'><strong>ipsis</strong></span> <span class='ocrx_word' id='word_1_480' title='bbox 3474 2140 3798 2194; x_wconf 64' lang='lat' dir='ltr'><strong>bmtnorrlm</strong></span> 
     </span>
    </p>
   </div>
   <div class='ocr_carea' id='block_1_66' title="bbox 2289 2229 3799 2302">
    <p class='ocr_par' dir='ltr' id='par_1_66' title="bbox 2289 2229 3799 2302">
     <span class='ocr_line' id='line_1_66' title="bbox 2289 2229 3799 2302; baseline -0.006 -16"><span class='ocrx_word' id='word_1_481' title='bbox 2289 2234 2573 2301; x_wconf 85' lang='lat' dir='ltr'><strong>correptis,</strong></span> <span class='ocrx_word' id='word_1_482' title='bbox 2608 2233 2932 2302; x_wconf 86' lang='lat' dir='ltr'><strong>impletaque</strong></span> <span class='ocrx_word' id='word_1_483' title='bbox 2969 2242 3053 2286; x_wconf 87' lang='lat' dir='ltr'><strong>est</strong></span> <span class='ocrx_word' id='word_1_484' title='bbox 3085 2231 3234 2300; x_wconf 70' lang='lat' dir='ltr'><strong>regio</strong></span> <span class='ocrx_word' id='word_1_485' title='bbox 3255 2231 3494 2299; x_wconf 80' lang='lat' dir='ltr'><strong>ipsorum</strong></span> <span class='ocrx_word' id='word_1_486' title='bbox 3528 2229 3728 2282; x_wconf 80' lang='lat' dir='ltr'><strong>muscis</strong></span> <span class='ocrx_word' id='word_1_487' title='bbox 3757 2238 3799 2278; x_wconf 83' lang='lat' dir='ltr'><strong>rt</strong></span> 
     </span>
    </p>
   </div>
   <div class='ocr_carea' id='block_1_67' title="bbox 2289 2320 3802 2387">
    <p class='ocr_par' dir='ltr' id='par_1_67' title="bbox 2289 2320 3802 2387">
     <span class='ocr_line' id='line_1_67' title="bbox 2289 2320 3802 2387; baseline -0.005 -11"><span class='ocrx_word' id='word_1_488' title='bbox 2289 2322 2652 2376; x_wconf 86' lang='lat' dir='ltr'><strong>stellionibas.</strong></span> <span class='ocrx_word' id='word_1_489' title='bbox 2688 2322 2943 2375; x_wconf 88' lang='lat' dir='ltr'><strong>Substitit</strong></span> <span class='ocrx_word' id='word_1_490' title='bbox 2971 2331 3148 2374; x_wconf 87' lang='lat' dir='ltr'><strong>autem</strong></span> <span class='ocrx_word' id='word_1_491' title='bbox 3177 2321 3315 2386; x_wconf 86' lang='lat' dir='ltr'><strong>apud</strong></span> <span class='ocrx_word' id='word_1_492' title='bbox 3361 2320 3510 2387; x_wconf 84' lang='lat' dir='ltr'><strong>ipsos</strong></span> <span class='ocrx_word' id='word_1_493' title='bbox 3539 2333 3666 2372; x_wconf 81' lang='lat' dir='ltr'><strong>arca</strong></span> <span class='ocrx_word' id='word_1_494' title='bbox 3694 2334 3802 2386; x_wconf 82' lang='lat' dir='ltr'><strong>qua-</strong></span> 
     </span>
    </p>
   </div>
   <div class='ocr_carea' id='block_1_68' title="bbox 2256 2410 3800 2482">
    <p class='ocr_par' dir='ltr' id='par_1_68' title="bbox 2256 2410 3800 2482">
     <span class='ocr_line' id='line_1_68' title="bbox 2256 2410 3800 2482; baseline -0.005 -19"><span class='ocrx_word' id='word_1_495' title='bbox 2256 2421 2411 2463; x_wconf 78' lang='lat' dir='ltr'><strong>&#39;tuor</strong></span> <span class='ocrx_word' id='word_1_496' title='bbox 2459 2427 2672 2466; x_wconf 86' lang='lat' dir='ltr'><strong>menses</strong></span> <span class='ocrx_word' id='word_1_497' title='bbox 2709 2411 2818 2482; x_wconf 88' lang='lat' dir='ltr'><strong>[vel</strong></span> <span class='ocrx_word' id='word_1_498' title='bbox 2862 2413 3011 2480; x_wconf 78' lang='lat' dir='ltr'><strong>juxta</strong></span> <span class='ocrx_word' id='word_1_499' title='bbox 3075 2411 3218 2464; x_wconf 86' lang='lat' dir='ltr'><strong>aliud</strong></span> <span class='ocrx_word' id='word_1_500' title='bbox 3267 2410 3562 2478; x_wconf 79' lang='lat' dir='ltr'><strong>exemplar.</strong></span> <span class='ocrx_word' id='word_1_501' title='bbox 3616 2419 3800 2474; x_wconf 82' lang='lat' dir='ltr'><strong>septem</strong></span> 
     </span>
    </p>
   </div>
   <div class='ocr_carea' id='block_1_69' title="bbox 2289 2499 3807 2570">
    <p class='ocr_par' dir='ltr' id='par_1_69' title="bbox 2289 2499 3807 2570">
     <span class='ocr_line' id='line_1_69' title="bbox 2289 2499 3807 2570; baseline 0.001 -19"><span class='ocrx_word' id='word_1_502' title='bbox 2289 2500 2542 2570; x_wconf 79' lang='lat' dir='ltr'><strong>menses].</strong></span> <span class='ocrx_word' id='word_1_503' title='bbox 2580 2501 2836 2556; x_wconf 74' lang='lat' dir='ltr'><strong>Dixerunt</strong></span> <span class='ocrx_word' id='word_1_504' title='bbox 2873 2518 3000 2570; x_wconf 74' lang='lat' dir='ltr'><strong>ergo</strong></span> <span class='ocrx_word' id='word_1_505' title='bbox 3038 2501 3209 2554; x_wconf 68' lang='grc' dir='ltr'><strong>(ἱππεῖ</strong></span> <span class='ocrx_word' id='word_1_506' title='bbox 3243 2499 3397 2555; x_wconf 87' lang='lat' dir='ltr'><strong>:Non</strong></span> <span class='ocrx_word' id='word_1_507' title='bbox 3426 2501 3625 2553; x_wconf 82' lang='lat' dir='ltr'><strong>accidit</strong></span> <span class='ocrx_word' id='word_1_508' title='bbox 3670 2499 3807 2552; x_wconf 83' lang='lat' dir='ltr'><strong>nobis</strong></span> 
     </span>
    </p>
   </div>
   <div class='ocr_carea' id='block_1_70' title="bbox 2291 2589 3805 2658">
    <p class='ocr_par' dir='ltr' id='par_1_70' title="bbox 2291 2589 3805 2658">
     <span class='ocr_line' id='line_1_70' title="bbox 2291 2589 3805 2658; baseline 0.001 -17"><span class='ocrx_word' id='word_1_509' title='bbox 2291 2590 2628 2646; x_wconf 71' lang='lat' dir='ltr'><strong>bmmorrhrea</strong></span> <span class='ocrx_word' id='word_1_510' title='bbox 2663 2593 2761 2644; x_wconf 87' lang='lat' dir='ltr'><strong>ista</strong></span> <span class='ocrx_word' id='word_1_511' title='bbox 2789 2630 2803 2653; x_wconf 94' lang='lat'><strong>,</strong></span> <span class='ocrx_word' id='word_1_512' title='bbox 2836 2606 3008 2658; x_wconf 84' lang='lat' dir='ltr'><strong>neque</strong></span> <span class='ocrx_word' id='word_1_513' title='bbox 3052 2595 3250 2645; x_wconf 82' lang='lat' dir='ltr'><strong>mnsc&#39;s</strong></span> <span class='ocrx_word' id='word_1_514' title='bbox 3279 2603 3327 2644; x_wconf 89' lang='lat' dir='ltr'><strong>et</strong></span> <span class='ocrx_word' id='word_1_515' title='bbox 3360 2589 3702 2643; x_wconf 84' lang='lat' dir='ltr'><strong>stellionibus</strong></span> <span class='ocrx_word' id='word_1_516' title='bbox 3729 2603 3805 2642; x_wconf 79' lang='lat' dir='ltr'><strong>ve-</strong></span> 
     </span>
    </p>
   </div>
   <div class='ocr_carea' id='block_1_71' title="bbox 2289 2676 3812 2746">
    <p class='ocr_par' dir='ltr' id='par_1_71' title="bbox 2289 2676 3812 2746">
     <span class='ocr_line' id='line_1_71' title="bbox 2289 2676 3812 2746; baseline 0.001 -20"><span class='ocrx_word' id='word_1_517' title='bbox 2289 2689 2478 2727; x_wconf 78' lang='lat' dir='ltr'><strong>xamur</strong></span> <span class='ocrx_word' id='word_1_518' title='bbox 2500 2676 2601 2729; x_wconf 91' lang='lat' dir='ltr'><strong>nisi</strong></span> <span class='ocrx_word' id='word_1_519' title='bbox 2629 2676 2696 2730; x_wconf 89' lang='lat' dir='ltr'><strong>ob</strong></span> <span class='ocrx_word' id='word_1_520' title='bbox 2728 2692 2906 2731; x_wconf 89' lang='lat' dir='ltr'><strong>arcam</strong></span> <span class='ocrx_word' id='word_1_521' title='bbox 2933 2679 3086 2730; x_wconf 87' lang='lat' dir='ltr'><strong>istam</strong></span> <span class='ocrx_word' id='word_1_522' title='bbox 3122 2692 3137 2730; x_wconf 90' lang='lat'><strong>:</strong></span> <span class='ocrx_word' id='word_1_523' title='bbox 3163 2679 3492 2730; x_wconf 87' lang='lat' dir='ltr'><strong>dimittamus</strong></span> <span class='ocrx_word' id='word_1_524' title='bbox 3517 2693 3650 2746; x_wconf 76' lang='lat' dir='ltr'><strong>ergo</strong></span> <span class='ocrx_word' id='word_1_525' title='bbox 3677 2693 3707 2729; x_wconf 84' lang='lat' dir='ltr'><strong>a</strong></span> <span class='ocrx_word' id='word_1_526' title='bbox 3729 2691 3812 2728; x_wconf 85' lang='lat' dir='ltr'><strong>no-</strong></span> 
     </span>
    </p>
   </div>
   <div class='ocr_carea' id='block_1_72' title="bbox 2290 2761 3809 2832">
    <p class='ocr_par' dir='ltr' id='par_1_72' title="bbox 2290 2761 3809 2832">
     <span class='ocr_line' id='line_1_72' title="bbox 2290 2761 3809 2832; baseline 0 -18"><span class='ocrx_word' id='word_1_527' title='bbox 2290 2761 2369 2814; x_wconf 80' lang='lat' dir='ltr'><strong>bis</strong></span> <span class='ocrx_word' id='word_1_528' title='bbox 2396 2777 2574 2816; x_wconf 89' lang='lat' dir='ltr'><strong>arcam</strong></span> <span class='ocrx_word' id='word_1_529' title='bbox 2600 2779 2616 2827; x_wconf 92' lang='lat'><strong>;</strong></span> <span class='ocrx_word' id='word_1_530' title='bbox 2650 2779 2806 2818; x_wconf 91' lang='lat' dir='ltr'><strong>secus</strong></span> <span class='ocrx_word' id='word_1_531' title='bbox 2831 2766 2973 2817; x_wconf 91' lang='lat' dir='ltr'><strong>enim</strong></span> <span class='ocrx_word' id='word_1_532' title='bbox 3009 2765 3317 2832; x_wconf 75' lang='lat' dir='ltr'><strong>perit&#39;intus.</strong></span> <span class='ocrx_word' id='word_1_533' title='bbox 3357 2766 3619 2818; x_wconf 81' lang='lat' dir='ltr'><strong>Dixerunt</strong></span> <span class='ocrx_word' id='word_1_534' title='bbox 3647 2774 3809 2817; x_wconf 80' lang='lat' dir='ltr'><strong>autem</strong></span> 
     </span>
    </p>
   </div>
   <div class='ocr_carea' id='block_1_73' title="bbox 2287 2850 3816 2924">
    <p class='ocr_par' dir='ltr' id='par_1_73' title="bbox 2287 2850 3816 2924">
     <span class='ocr_line' id='line_1_73' title="bbox 2287 2850 3816 2924; baseline 0.003 -23"><span class='ocrx_word' id='word_1_535' title='bbox 2287 2850 2501 2920; x_wconf 83' lang='lat' dir='ltr'><strong>quidam</strong></span> <span class='ocrx_word' id='word_1_536' title='bbox 2543 2867 2608 2906; x_wconf 80' lang='lat' dir='ltr'><strong>ex</strong></span> <span class='ocrx_word' id='word_1_537' title='bbox 2649 2853 2783 2922; x_wconf 86' lang='lat' dir='ltr'><strong>ipsis</strong></span> <span class='ocrx_word' id='word_1_538' title='bbox 2817 2868 2830 2905; x_wconf 92' lang='lat'><strong>:</strong></span> <span class='ocrx_word' id='word_1_539' title='bbox 2872 2853 2981 2907; x_wconf 90' lang='lat' dir='ltr'><strong>lloe</strong></span> <span class='ocrx_word' id='word_1_540' title='bbox 3005 2856 3367 2922; x_wconf 74' lang='lat' dir='ltr'><strong>probabimus,</strong></span> <span class='ocrx_word' id='word_1_541' title='bbox 3394 2853 3743 2924; x_wconf 57' lang='lat'><strong>155-157</strong></span> <span class='ocrx_word' id='word_1_542' title='bbox 3775 2854 3816 2906; x_wconf 83' lang='lat' dir='ltr'><strong>si</strong></span> 
     </span>
    </p>
   </div>
   <div class='ocr_carea' id='block_1_74' title="bbox 2289 2943 3814 3014">
    <p class='ocr_par' dir='ltr' id='par_1_74' title="bbox 2289 2943 3814 3014">
     <span class='ocr_line' id='line_1_74' title="bbox 2289 2943 3814 3014; baseline 0.001 -22"><span class='ocrx_word' id='word_1_543' title='bbox 2289 2943 2526 3010; x_wconf 85' lang='lat' dir='ltr'><strong>acceptis</strong></span> <span class='ocrx_word' id='word_1_544' title='bbox 2585 2943 2832 3010; x_wconf 90' lang='lat' dir='ltr'><strong>juvencis</strong></span> <span class='ocrx_word' id='word_1_545' title='bbox 2896 2944 3108 2998; x_wconf 88' lang='lat' dir='ltr'><strong>duobus</strong></span> <span class='ocrx_word' id='word_1_546' title='bbox 3163 2944 3253 3010; x_wconf 79' lang='lat' dir='ltr'><strong>qui</strong></span> <span class='ocrx_word' id='word_1_547' title='bbox 3307 2959 3582 3012; x_wconf 80' lang='lat' dir='ltr'><strong>nunquam</strong></span> <span class='ocrx_word' id='word_1_548' title='bbox 3638 2946 3814 3014; x_wconf 78' lang='lat' dir='ltr'><strong>jugutu</strong></span> 
     </span>
    </p>
   </div>
   <div class='ocr_carea' id='block_1_75' title="bbox 2288 3031 3822 3101">
    <p class='ocr_par' dir='ltr' id='par_1_75' title="bbox 2288 3031 3822 3101">
     <span class='ocr_line' id='line_1_75' title="bbox 2288 3031 3822 3101; baseline 0.002 -20"><span class='ocrx_word' id='word_1_549' title='bbox 2288 3031 2550 3092; x_wconf 89' lang='lat' dir='ltr'><strong>tulerunt,</strong></span> <span class='ocrx_word' id='word_1_550' title='bbox 2583 3033 2688 3085; x_wconf 87' lang='lat' dir='ltr'><strong>illis</strong></span> <span class='ocrx_word' id='word_1_551' title='bbox 2711 3033 3007 3100; x_wconf 87' lang='lat' dir='ltr'><strong>plaustrum</strong></span> <span class='ocrx_word' id='word_1_552' title='bbox 3043 3047 3236 3086; x_wconf 84' lang='lat' dir='ltr'><strong>novum</strong></span> <span class='ocrx_word' id='word_1_553' title='bbox 3274 3033 3639 3101; x_wconf 75' lang='lat' dir='ltr'><strong>imponamus</strong></span> <span class='ocrx_word' id='word_1_554' title='bbox 3671 3035 3822 3100; x_wconf 81' lang='lat' dir='ltr'><strong>eique</strong></span> 
     </span>
    </p>
   </div>
   <div class='ocr_carea' id='block_1_76' title="bbox 2286 3115 3819 3190">
    <p class='ocr_par' dir='ltr' id='par_1_76' title="bbox 2286 3115 3819 3190">
     <span class='ocr_line' id='line_1_76' title="bbox 2286 3115 3819 3190; baseline -0.003 -18"><span class='ocrx_word' id='word_1_555' title='bbox 2286 3134 2489 3184; x_wconf 88' lang='lat' dir='ltr'><strong>arcam,</strong></span> <span class='ocrx_word' id='word_1_556' title='bbox 2525 3115 2740 3190; x_wconf 86' lang='lat' dir='ltr'><strong>unaque</strong></span> <span class='ocrx_word' id='word_1_557' title='bbox 2774 3136 2894 3175; x_wconf 78' lang='lat' dir='ltr'><strong>eum</strong></span> <span class='ocrx_word' id='word_1_558' title='bbox 2927 3136 3050 3175; x_wconf 85' lang='lat' dir='ltr'><strong>arca</strong></span> <span class='ocrx_word' id='word_1_559' title='bbox 3082 3121 3268 3175; x_wconf 89' lang='lat' dir='ltr'><strong>cistam</strong></span> <span class='ocrx_word' id='word_1_560' title='bbox 3303 3136 3589 3190; x_wconf 89' lang='lat' dir='ltr'><strong>ponamus,</strong></span> <span class='ocrx_word' id='word_1_561' title='bbox 3630 3123 3686 3174; x_wconf 91' lang='lat' dir='ltr'><strong>in</strong></span> <span class='ocrx_word' id='word_1_562' title='bbox 3724 3136 3819 3186; x_wconf 82' lang='lat' dir='ltr'><strong>qua</strong></span> 
     </span>
    </p>
   </div>
   <div class='ocr_carea' id='block_1_77' title="bbox 2283 3193 3824 3280">
    <p class='ocr_par' dir='ltr' id='par_1_77' title="bbox 2283 3193 3824 3280">
     <span class='ocr_line' id='line_1_77' title="bbox 2283 3193 3824 3280; baseline -0.003 -17"><span class='ocrx_word' id='word_1_563' title='bbox 2283 3212 2353 3263; x_wconf 78' lang='lat' dir='ltr'><strong>sit</strong></span> <span class='ocrx_word' id='word_1_564' title='bbox 2390 3225 2692 3264; x_wconf 80' lang='lat' dir='ltr'><strong>muscarum</strong></span> <span class='ocrx_word' id='word_1_565' title='bbox 2731 3219 2779 3264; x_wconf 89' lang='lat' dir='ltr'><strong>et</strong></span> <span class='ocrx_word' id='word_1_566' title='bbox 2811 3211 3121 3264; x_wconf 89' lang='lat' dir='ltr'><strong>stellionutn</strong></span> <span class='ocrx_word' id='word_1_567' title='bbox 3154 3225 3219 3263; x_wconf 82' lang='lat' dir='ltr'><strong>ex</strong></span> <span class='ocrx_word' id='word_1_568' title='bbox 3247 3225 3378 3263; x_wconf 87' lang='lat' dir='ltr'><strong>auro</strong></span> <span class='ocrx_word' id='word_1_569' title='bbox 3400 3193 3565 3280; x_wconf 49' lang='lat' dir='ltr'><strong>at’que</strong></span> <span class='ocrx_word' id='word_1_570' title='bbox 3599 3218 3824 3278; x_wconf 80' lang='lat' dir='ltr'><strong>argento</strong></span> 
     </span>
    </p>
   </div>
   <div class='ocr_carea' id='block_1_78' title="bbox 2283 3297 3825 3368">
    <p class='ocr_par' dir='ltr' id='par_1_78' title="bbox 2283 3297 3825 3368">
     <span class='ocr_line' id='line_1_78' title="bbox 2283 3297 3825 3368; baseline -0.001 -18"><span class='ocrx_word' id='word_1_571' title='bbox 2283 3297 2504 3367; x_wconf 81' lang='lat' dir='ltr'><strong>cﬂigies,</strong></span> <span class='ocrx_word' id='word_1_572' title='bbox 2546 3299 2790 3352; x_wconf 89' lang='lat' dir='ltr'><strong>muneris</strong></span> <span class='ocrx_word' id='word_1_573' title='bbox 2845 3300 3036 3358; x_wconf 85' lang='lat' dir='ltr'><strong>instar.</strong></span> <span class='ocrx_word' id='word_1_574' title='bbox 3086 3300 3156 3354; x_wconf 85' lang='lat' dir='ltr'><strong>ab</strong></span> <span class='ocrx_word' id='word_1_575' title='bbox 3206 3315 3532 3368; x_wconf 87' lang='lat' dir='ltr'><strong>unaquaque</strong></span> <span class='ocrx_word' id='word_1_576' title='bbox 3592 3302 3752 3362; x_wconf 78' lang='lat' dir='ltr'><strong>urbe,</strong></span> <span class='ocrx_word' id='word_1_577' title='bbox 3799 3315 3825 3348; x_wconf 85' lang='lat' dir='ltr'><strong>a</strong></span> 
     </span>
    </p>
   </div>
   <div class='ocr_carea' id='block_1_79' title="bbox 2284 3387 3826 3458">
    <p class='ocr_par' dir='ltr' id='par_1_79' title="bbox 2284 3387 3826 3458">
     <span class='ocr_line' id='line_1_79' title="bbox 2284 3387 3826 3458; baseline -0.001 -16"><span class='ocrx_word' id='word_1_578' title='bbox 2284 3389 2448 3451; x_wconf 74' lang='lat' dir='ltr'><strong>Gaza,</strong></span> <span class='ocrx_word' id='word_1_579' title='bbox 2501 3390 2569 3442; x_wconf 85' lang='lat' dir='ltr'><strong>ab</strong></span> <span class='ocrx_word' id='word_1_580' title='bbox 2628 3388 2882 3454; x_wconf 78' lang='lat' dir='ltr'><strong>Askelon,</strong></span> <span class='ocrx_word' id='word_1_581' title='bbox 2932 3405 2961 3441; x_wconf 87' lang='lat' dir='ltr'><strong>a</strong></span> <span class='ocrx_word' id='word_1_582' title='bbox 2995 3388 3237 3458; x_wconf 72' lang='lat' dir='ltr'><strong>Baphah,</strong></span> <span class='ocrx_word' id='word_1_583' title='bbox 3292 3389 3361 3444; x_wconf 86' lang='lat' dir='ltr'><strong>ab</strong></span> <span class='ocrx_word' id='word_1_584' title='bbox 3421 3387 3710 3448; x_wconf 78' lang='lat' dir='ltr'><strong>Yazdodo,</strong></span> <span class='ocrx_word' id='word_1_585' title='bbox 3765 3392 3826 3440; x_wconf 81' lang='lat' dir='ltr'><strong>ab</strong></span> 
     </span>
    </p>
   </div>
   <div class='ocr_carea' id='block_1_80' title="bbox 2284 3476 3825 3545">
    <p class='ocr_par' dir='ltr' id='par_1_80' title="bbox 2284 3476 3825 3545">
     <span class='ocr_line' id='line_1_80' title="bbox 2284 3476 3825 3545; baseline -0.001 -16"><span class='ocrx_word' id='word_1_586' title='bbox 2284 3477 2518 3544; x_wconf 65' lang='lat' dir='ltr'><strong>liparen.</strong></span> <span class='ocrx_word' id='word_1_587' title='bbox 2567 3476 2624 3528; x_wconf 86' lang='lat' dir='ltr'><strong>Si</strong></span> <span class='ocrx_word' id='word_1_588' title='bbox 2665 3477 2808 3530; x_wconf 88' lang='lat' dir='ltr'><strong>enim</strong></span> <span class='ocrx_word' id='word_1_589' title='bbox 2843 3486 2987 3530; x_wconf 91' lang='lat' dir='ltr'><strong>recta</strong></span> <span class='ocrx_word' id='word_1_590' title='bbox 3031 3477 3248 3530; x_wconf 89' lang='lat' dir='ltr'><strong>tendant</strong></span> <span class='ocrx_word' id='word_1_591' title='bbox 3277 3476 3491 3545; x_wconf 73' lang='lat' dir='ltr'><strong>iuvenci</strong></span> <span class='ocrx_word' id='word_1_592' title='bbox 3539 3477 3601 3532; x_wconf 88' lang='lat' dir='ltr'><strong>in</strong></span> <span class='ocrx_word' id='word_1_593' title='bbox 3653 3477 3825 3545; x_wconf 63' lang='lat' dir='ltr'><strong>regio—</strong></span> 
     </span>
    </p>
   </div>
   <div class='ocr_carea' id='block_1_81' title="bbox 2285 3563 3911 3635">
    <p class='ocr_par' dir='ltr' id='par_1_81' title="bbox 2285 3563 3911 3635">
     <span class='ocr_line' id='line_1_81' title="bbox 2285 3563 3911 3635; baseline 0.006 -19"><span class='ocrx_word' id='word_1_594' title='bbox 2285 3580 2402 3616; x_wconf 90' lang='lat' dir='ltr'><strong>uctn</strong></span> <span class='ocrx_word' id='word_1_595' title='bbox 2436 3563 2808 3627; x_wconf 86' lang='lat' dir='ltr'><strong>lsraeliticam,</strong></span> <span class='ocrx_word' id='word_1_596' title='bbox 2846 3581 3026 3620; x_wconf 90' lang='lat' dir='ltr'><strong>arcam</strong></span> <span class='ocrx_word' id='word_1_597' title='bbox 3057 3567 3406 3632; x_wconf 76' lang='lat' dir='ltr'><strong>dimittemus,</strong></span> <span class='ocrx_word' id='word_1_598' title='bbox 3451 3567 3697 3620; x_wconf 89' lang='lat' dir='ltr'><strong>scientes</strong></span> <span class='ocrx_word' id='word_1_599' title='bbox 3737 3567 3823 3635; x_wconf 69' lang='grc' dir='ltr'><strong>ἀς·</strong></span> <span class='ocrx_word' id='word_1_600' title='bbox 3910 3567 3911 3626; x_wconf 63' lang='lat'><strong>1</strong></span> 
     </span>
    </p>
   </div>
   <div class='ocr_carea' id='block_1_82' title="bbox 2283 3653 3829 3719">
    <p class='ocr_par' dir='ltr' id='par_1_82' title="bbox 2283 3653 3829 3719">
     <span class='ocr_line' id='line_1_82' title="bbox 2283 3653 3829 3719; baseline 0.002 -15"><span class='ocrx_word' id='word_1_601' title='bbox 2283 3653 2570 3716; x_wconf 81' lang='lat' dir='ltr'><strong>scnteriam</strong></span> <span class='ocrx_word' id='word_1_602' title='bbox 2595 3653 2773 3718; x_wconf 88' lang='lat' dir='ltr'><strong>istam,</strong></span> <span class='ocrx_word' id='word_1_603' title='bbox 2799 3669 3006 3708; x_wconf 87' lang='lat' dir='ltr'><strong>necnon</strong></span> <span class='ocrx_word' id='word_1_604' title='bbox 3035 3670 3246 3711; x_wconf 83' lang='lat' dir='ltr'><strong>muscas</strong></span> <span class='ocrx_word' id='word_1_605' title='bbox 3277 3665 3328 3710; x_wconf 90' lang='lat' dir='ltr'><strong>et</strong></span> <span class='ocrx_word' id='word_1_606' title='bbox 3350 3657 3665 3719; x_wconf 84' lang='lat' dir='ltr'><strong>stelliones,</strong></span> <span class='ocrx_word' id='word_1_607' title='bbox 3700 3673 3829 3708; x_wconf 70' lang='lat' dir='ltr'><strong>arra:</strong></span> 
     </span>
    </p>
   </div>
   <div class='ocr_carea' id='block_1_83' title="bbox 2284 3743 3824 3813">
    <p class='ocr_par' dir='ltr' id='par_1_83' title="bbox 2284 3743 3824 3813">
     <span class='ocr_line' id='line_1_83' title="bbox 2284 3743 3824 3813; baseline 0 -19"><span class='ocrx_word' id='word_1_608' title='bbox 2284 3757 2445 3795; x_wconf 88' lang='lat' dir='ltr'><strong>causa</strong></span> <span class='ocrx_word' id='word_1_609' title='bbox 2473 3743 2734 3813; x_wconf 73' lang='lat' dir='ltr'><strong>obtigisse</strong></span> <span class='ocrx_word' id='word_1_610' title='bbox 2764 3760 2778 3809; x_wconf 91' lang='lat'><strong>;</strong></span> <span class='ocrx_word' id='word_1_611' title='bbox 2811 3745 2895 3798; x_wconf 90' lang='lat' dir='ltr'><strong>sin</strong></span> <span class='ocrx_word' id='word_1_612' title='bbox 2931 3746 3108 3799; x_wconf 87' lang='lat' dir='ltr'><strong>minus</strong></span> <span class='ocrx_word' id='word_1_613' title='bbox 3137 3747 3192 3798; x_wconf 90' lang='lat' dir='ltr'><strong>in</strong></span> <span class='ocrx_word' id='word_1_614' title='bbox 3223 3754 3420 3800; x_wconf 89' lang='lat' dir='ltr'><strong>terram</strong></span> <span class='ocrx_word' id='word_1_615' title='bbox 3465 3746 3824 3798; x_wconf 68' lang='lat' dir='ltr'><strong>lsraclittcam</strong></span> 
     </span>
    </p>
   </div>
   <div class='ocr_carea' id='block_1_84' title="bbox 2285 3832 3834 3901">
    <p class='ocr_par' dir='ltr' id='par_1_84' title="bbox 2285 3832 3834 3901">
     <span class='ocr_line' id='line_1_84' title="bbox 2285 3832 3834 3901; baseline 0.001 -16"><span class='ocrx_word' id='word_1_616' title='bbox 2285 3833 2513 3901; x_wconf 86' lang='lat' dir='ltr'><strong>profecti</strong></span> <span class='ocrx_word' id='word_1_617' title='bbox 2565 3832 2786 3897; x_wconf 82' lang='lat' dir='ltr'><strong>fuerint,</strong></span> <span class='ocrx_word' id='word_1_618' title='bbox 2832 3836 3064 3890; x_wconf 85' lang='lat' dir='ltr'><strong>sciemus</strong></span> <span class='ocrx_word' id='word_1_619' title='bbox 3114 3836 3212 3890; x_wconf 83' lang='lat' dir='ltr'><strong>hoc</strong></span> <span class='ocrx_word' id='word_1_620' title='bbox 3262 3838 3510 3890; x_wconf 84' lang='lat' dir='ltr'><strong>accidens</strong></span> <span class='ocrx_word' id='word_1_621' title='bbox 3565 3838 3774 3899; x_wconf 68' lang='lat' dir='ltr'><strong>fnzssr,</strong></span> <span class='ocrx_word' id='word_1_622' title='bbox 3807 3851 3834 3887; x_wconf 88' lang='lat' dir='ltr'><strong>e</strong></span> 
     </span>
    </p>
   </div>
   <div class='ocr_carea' id='block_1_85' title="bbox 2283 3923 3225 3991">
    <p class='ocr_par' dir='ltr' id='par_1_85' title="bbox 2283 3923 3225 3991">
     <span class='ocr_line' id='line_1_85' title="bbox 2283 3923 3225 3991; baseline 0.003 -16"><span class='ocrx_word' id='word_1_623' title='bbox 2283 3925 2412 3977; x_wconf 89' lang='lat' dir='ltr'><strong>vitio</strong></span> <span class='ocrx_word' id='word_1_624' title='bbox 2438 3923 2578 3978; x_wconf 84' lang='lat' dir='ltr'><strong>aeris</strong></span> <span class='ocrx_word' id='word_1_625' title='bbox 2611 3934 2663 3978; x_wconf 89' lang='lat' dir='ltr'><strong>et</strong></span> <span class='ocrx_word' id='word_1_626' title='bbox 2694 3925 2997 3991; x_wconf 85' lang='lat' dir='ltr'><strong>pestilentia</strong></span> <span class='ocrx_word' id='word_1_627' title='bbox 3025 3937 3225 3980; x_wconf 89' lang='lat' dir='ltr'><strong>ortum.</strong></span> 
     </span>
    </p>
   </div>
   <div class='ocr_carea' id='block_1_86' title="bbox 2356 4013 3828 4084">
    <p class='ocr_par' dir='ltr' id='par_1_86' title="bbox 2356 4013 3828 4084">
     <span class='ocr_line' id='line_1_86' title="bbox 2356 4013 3828 4084; baseline -0.001 -17"><span class='ocrx_word' id='word_1_628' title='bbox 2356 4013 2464 4067; x_wconf 92' lang='lat' dir='ltr'><strong>lloe</strong></span> <span class='ocrx_word' id='word_1_629' title='bbox 2491 4015 2653 4084; x_wconf 77' lang='lat' dir='ltr'><strong>igitur</strong></span> <span class='ocrx_word' id='word_1_630' title='bbox 2685 4030 2805 4068; x_wconf 91' lang='lat' dir='ltr'><strong>cum</strong></span> <span class='ocrx_word' id='word_1_631' title='bbox 2831 4015 3104 4080; x_wconf 77' lang='lat' dir='ltr'><strong>fecissent,</strong></span> <span class='ocrx_word' id='word_1_632' title='bbox 3139 4027 3279 4069; x_wconf 89' lang='lat' dir='ltr'><strong>recta</strong></span> <span class='ocrx_word' id='word_1_633' title='bbox 3307 4015 3557 4069; x_wconf 83' lang='lat' dir='ltr'><strong>abierunt</strong></span> <span class='ocrx_word' id='word_1_634' title='bbox 3615 4015 3828 4082; x_wconf 77' lang='lat' dir='ltr'><strong>juvrnci</strong></span> 
     </span>
    </p>
   </div>
   <div class='ocr_carea' id='block_1_87' title="bbox 2284 4103 3828 4176">
    <p class='ocr_par' dir='ltr' id='par_1_87' title="bbox 2284 4103 3828 4176">
     <span class='ocr_line' id='line_1_87' title="bbox 2284 4103 3828 4176; baseline -0.002 -20"><span class='ocrx_word' id='word_1_635' title='bbox 2284 4103 2334 4156; x_wconf 89' lang='lat' dir='ltr'><strong>itt</strong></span> <span class='ocrx_word' id='word_1_636' title='bbox 2362 4103 2724 4157; x_wconf 83' lang='lat' dir='ltr'><strong>lsraelitarum</strong></span> <span class='ocrx_word' id='word_1_637' title='bbox 2759 4107 3025 4176; x_wconf 77' lang='lat' dir='ltr'><strong>regionem</strong></span> <span class='ocrx_word' id='word_1_638' title='bbox 3052 4122 3066 4164; x_wconf 85' lang='grc'><strong>;</strong></span> <span class='ocrx_word' id='word_1_639' title='bbox 3104 4106 3305 4174; x_wconf 89' lang='lat' dir='ltr'><strong>ipsique</strong></span> <span class='ocrx_word' id='word_1_640' title='bbox 3361 4106 3705 4174; x_wconf 65' lang='lat' dir='ltr'><strong>dysenteria,</strong></span> <span class='ocrx_word' id='word_1_641' title='bbox 3737 4120 3828 4172; x_wconf 80' lang='lat' dir='ltr'><strong>qua</strong></span> 
     </span>
    </p>
   </div>
   <div class='ocr_carea' id='block_1_88' title="bbox 2281 4191 3834 4260">
    <p class='ocr_par' dir='ltr' id='par_1_88' title="bbox 2281 4191 3834 4260">
     <span class='ocr_line' id='line_1_88' title="bbox 2281 4191 3834 4260; baseline -0.001 -16"><span class='ocrx_word' id='word_1_642' title='bbox 2281 4191 2455 4245; x_wconf 82' lang='lat' dir='ltr'><strong>aﬂ‘ecti</strong></span> <span class='ocrx_word' id='word_1_643' title='bbox 2485 4192 2716 4257; x_wconf 88' lang='lat' dir='ltr'><strong>fuerant,</strong></span> <span class='ocrx_word' id='word_1_644' title='bbox 2736 4195 2948 4260; x_wconf 87' lang='lat' dir='ltr'><strong>liberati</strong></span> <span class='ocrx_word' id='word_1_645' title='bbox 2984 4202 3107 4246; x_wconf 88' lang='lat' dir='ltr'><strong>sunt</strong></span> <span class='ocrx_word' id='word_1_646' title='bbox 3138 4193 3550 4258; x_wconf 79' lang='lat' dir='ltr'><strong>;recedentibus</strong></span> <span class='ocrx_word' id='word_1_647' title='bbox 3575 4197 3751 4247; x_wconf 84' lang='lat' dir='ltr'><strong>etiam</strong></span> <span class='ocrx_word' id='word_1_648' title='bbox 3775 4195 3834 4244; x_wconf 82' lang='lat' dir='ltr'><strong>ab</strong></span> 
     </span>
    </p>
   </div>
   <div class='ocr_carea' id='block_1_89' title="bbox 643 4283 3835 4357">
    <p class='ocr_par' dir='ltr' id='par_1_89' title="bbox 643 4283 3835 4357">
     <span class='ocr_line' id='line_1_89' title="bbox 643 4283 3835 4357; baseline -0.002 -17"><span class='ocrx_word' id='word_1_649' title='bbox 643 4289 924 4342; x_wconf 90' lang='lat' dir='ltr'><strong>Dominum</strong></span> <span class='ocrx_word' id='word_1_650' title='bbox 961 4303 1156 4357; x_wconf 74' lang='lat' dir='ltr'><strong>rogans</strong></span> <span class='ocrx_word' id='word_1_651' title='bbox 1189 4299 1244 4340; x_wconf 92' lang='lat' dir='ltr'><strong>ut</strong></span> <span class='ocrx_word' id='word_1_652' title='bbox 1268 4289 1366 4357; x_wconf 90' lang='lat' dir='ltr'><strong>ipsi</strong></span> <span class='ocrx_word' id='word_1_653' title='bbox 1405 4289 1569 4340; x_wconf 85' lang='lat' dir='ltr'><strong>filium</strong></span> <span class='ocrx_word' id='word_1_654' title='bbox 1600 4290 1906 4356; x_wconf 71' lang='lat' dir='ltr'><strong>largiretur,</strong></span> <span class='ocrx_word' id='word_1_655' title='bbox 1964 4291 2171 4357; x_wconf 85' lang='lat' dir='ltr'><strong>pollici.</strong></span> <span class='ocrx_word' id='word_1_656' title='bbox 2216 4303 2256 4355; x_wconf 79' lang='grc' dir='ltr'>ι)</span> <span class='ocrx_word' id='word_1_657' title='bbox 2285 4284 2416 4351; x_wconf 81' lang='lat' dir='ltr'><strong>ipsis</strong></span> <span class='ocrx_word' id='word_1_658' title='bbox 2441 4284 2840 4347; x_wconf 86' lang='lat' dir='ltr'><strong>stellionibnsct</strong></span> <span class='ocrx_word' id='word_1_659' title='bbox 2863 4285 3079 4338; x_wconf 90' lang='lat' dir='ltr'><strong>muscis.</strong></span> <span class='ocrx_word' id='word_1_660' title='bbox 3105 4283 3240 4336; x_wconf 87' lang='lat' dir='ltr'><strong>Cu&#39;m</strong></span> <span class='ocrx_word' id='word_1_661' title='bbox 3261 4293 3434 4339; x_wconf 88' lang='lat' dir='ltr'><strong>autem</strong></span> <span class='ocrx_word' id='word_1_662' title='bbox 3452 4301 3616 4352; x_wconf 57' lang='lat' dir='ltr'><strong>pervx</strong></span> <span class='ocrx_word' id='word_1_663' title='bbox 3633 4288 3835 4338; x_wconf 81' lang='lat' dir='ltr'><strong>nissen&#39;.</strong></span> 
     </span>
    </p>
   </div>
   <div class='ocr_carea' id='block_1_90' title="bbox 643 4378 2182 4448">
    <p class='ocr_par' dir='ltr' id='par_1_90' title="bbox 643 4378 2182 4448">
     <span class='ocr_line' id='line_1_90' title="bbox 643 4378 2182 4448; baseline 0.001 -18"><span class='ocrx_word' id='word_1_664' title='bbox 643 4392 804 4448; x_wconf 89' lang='lat' dir='ltr'><strong>taque</strong></span> <span class='ocrx_word' id='word_1_665' title='bbox 836 4378 1061 4432; x_wconf 89' lang='lat' dir='ltr'><strong>Domino</strong></span> <span class='ocrx_word' id='word_1_666' title='bbox 1086 4394 1144 4432; x_wconf 91' lang='lat' dir='ltr'><strong>se</strong></span> <span class='ocrx_word' id='word_1_667' title='bbox 1180 4378 1352 4446; x_wconf 87' lang='lat' dir='ltr'><strong>ipsmu</strong></span> <span class='ocrx_word' id='word_1_668' title='bbox 1387 4379 1694 4431; x_wconf 88' lang='lat' dir='ltr'><strong>tninistrum</strong></span> <span class='ocrx_word' id='word_1_669' title='bbox 1741 4379 1937 4446; x_wconf 89' lang='lat' dir='ltr'><strong>templo</strong></span> <span class='ocrx_word' id='word_1_670' title='bbox 1976 4380 2182 4432; x_wconf 78' lang='lat' dir='ltr'><strong>dicatu~</strong></span> 
     </span>
    </p>
   </div>
   <div class='ocr_carea' id='block_1_91' title="bbox 639 4463 2182 4534">
    <p class='ocr_par' dir='ltr' id='par_1_91' title="bbox 639 4463 2182 4534">
     <span class='ocr_line' id='line_1_91' title="bbox 639 4463 2182 4534; baseline -0.002 -16"><span class='ocrx_word' id='word_1_671' title='bbox 639 4483 781 4523; x_wconf 86' lang='lat' dir='ltr'><strong>ram.</strong></span> <span class='ocrx_word' id='word_1_672' title='bbox 808 4466 1098 4519; x_wconf 87' lang='lat' dir='ltr'><strong>Gravidata</strong></span> <span class='ocrx_word' id='word_1_673' title='bbox 1125 4481 1249 4534; x_wconf 76' lang='lat' dir='ltr'><strong>ergo</strong></span> <span class='ocrx_word' id='word_1_674' title='bbox 1282 4463 1583 4517; x_wconf 79' lang='lat' dir='ltr'><strong>Samuelem</strong></span> <span class='ocrx_word' id='word_1_675' title='bbox 1608 4466 1917 4532; x_wconf 88' lang='lat' dir='ltr'><strong>prophetam</strong></span> <span class='ocrx_word' id='word_1_676' title='bbox 1941 4469 2143 4533; x_wconf 90' lang='lat' dir='ltr'><strong>peperit</strong></span> <span class='ocrx_word' id='word_1_677' title='bbox 2169 4485 2182 4528; x_wconf 87' lang='lat'><strong>;</strong></span> 
     </span>
    </p>
   </div>
   <div class='ocr_carea' id='block_1_92' title="bbox 638 4552 2181 4620">
    <p class='ocr_par' dir='ltr' id='par_1_92' title="bbox 638 4552 2181 4620">
     <span class='ocr_line' id='line_1_92' title="bbox 638 4552 2181 4620; baseline 0.002 -19"><span class='ocrx_word' id='word_1_678' title='bbox 638 4569 815 4620; x_wconf 86' lang='lat' dir='ltr'><strong>quem,</strong></span> <span class='ocrx_word' id='word_1_679' title='bbox 848 4567 971 4605; x_wconf 89' lang='lat' dir='ltr'><strong>cum</strong></span> <span class='ocrx_word' id='word_1_680' title='bbox 1007 4552 1117 4620; x_wconf 89' lang='lat' dir='ltr'><strong>jam</strong></span> <span class='ocrx_word' id='word_1_681' title='bbox 1160 4561 1269 4604; x_wconf 87' lang='lat' dir='ltr'><strong>tres</strong></span> <span class='ocrx_word' id='word_1_682' title='bbox 1297 4565 1471 4604; x_wconf 91' lang='lat' dir='ltr'><strong>annos</strong></span> <span class='ocrx_word' id='word_1_683' title='bbox 1525 4560 1684 4603; x_wconf 88' lang='lat' dir='ltr'><strong>natus</strong></span> <span class='ocrx_word' id='word_1_684' title='bbox 1734 4561 1895 4611; x_wconf 70' lang='lat' dir='ltr'><strong>esset,</strong></span> <span class='ocrx_word' id='word_1_685' title='bbox 1947 4553 2181 4604; x_wconf 80' lang='lat' dir='ltr'><strong>abduxe-</strong></span> 
     </span>
    </p>
   </div>
   <div class='ocr_carea' id='block_1_93' title="bbox 641 4638 2178 4711">
    <p class='ocr_par' dir='ltr' id='par_1_93' title="bbox 641 4638 2178 4711">
     <span class='ocr_line' id='line_1_93' title="bbox 641 4638 2178 4711; baseline -0.003 -16"><span class='ocrx_word' id='word_1_686' title='bbox 641 4654 762 4696; x_wconf 87' lang='lat' dir='ltr'><strong>rttttt</strong></span> <span class='ocrx_word' id='word_1_687' title='bbox 799 4653 950 4711; x_wconf 80' lang='lat' dir='ltr'><strong>palct‘</strong></span> <span class='ocrx_word' id='word_1_688' title='bbox 993 4642 1164 4709; x_wconf 89' lang='lat' dir='ltr'><strong>ipsius</strong></span> <span class='ocrx_word' id='word_1_689' title='bbox 1217 4638 1490 4694; x_wconf 84' lang='lat' dir='ltr'><strong>Ilelkanalt</strong></span> <span class='ocrx_word' id='word_1_690' title='bbox 1541 4648 1592 4692; x_wconf 92' lang='lat' dir='ltr'><strong>et</strong></span> <span class='ocrx_word' id='word_1_691' title='bbox 1638 4650 1807 4691; x_wconf 86' lang='lat' dir='ltr'><strong>mater</strong></span> <span class='ocrx_word' id='word_1_692' title='bbox 1857 4639 2080 4691; x_wconf 85' lang='lat' dir='ltr'><strong>llannalt</strong></span> <span class='ocrx_word' id='word_1_693' title='bbox 2114 4639 2178 4692; x_wconf 89' lang='lat' dir='ltr'><strong>ad</strong></span> 
     </span>
    </p>
   </div>
   <div class='ocr_carea' id='block_1_94' title="bbox 641 4730 2181 4797">
    <p class='ocr_par' dir='ltr' id='par_1_94' title="bbox 641 4730 2181 4797">
     <span class='ocr_line' id='line_1_94' title="bbox 641 4730 2181 4797; baseline -0.005 -11"><span class='ocrx_word' id='word_1_694' title='bbox 641 4737 932 4786; x_wconf 78' lang='lat' dir='ltr'><strong>sacrarium</strong></span> <span class='ocrx_word' id='word_1_695' title='bbox 975 4733 1316 4794; x_wconf 72' lang='lat' dir='ltr'><strong>Sbilumunt,</strong></span> <span class='ocrx_word' id='word_1_696' title='bbox 1366 4732 1760 4797; x_wconf 70' lang='lat' dir='ltr'><strong>ittttnolatisqne</strong></span> <span class='ocrx_word' id='word_1_697' title='bbox 1814 4730 2038 4780; x_wconf 86' lang='lat' dir='ltr'><strong>Domino</strong></span> <span class='ocrx_word' id='word_1_698' title='bbox 2089 4737 2181 4780; x_wconf 84' lang='lat' dir='ltr'><strong>lto-</strong></span> 
     </span>
    </p>
   </div>
   <div class='ocr_carea' id='block_1_95' title="bbox 639 4819 2182 4890">
    <p class='ocr_par' dir='ltr' id='par_1_95' title="bbox 639 4819 2182 4890">
     <span class='ocr_line' id='line_1_95' title="bbox 639 4819 2182 4890; baseline -0.002 -16"><span class='ocrx_word' id='word_1_699' title='bbox 639 4825 773 4884; x_wconf 61' lang='lat' dir='ltr'><strong>stiis,</strong></span> <span class='ocrx_word' id='word_1_700' title='bbox 801 4824 964 4875; x_wconf 85' lang='lat' dir='ltr'><strong>filium</strong></span> <span class='ocrx_word' id='word_1_701' title='bbox 990 4837 1147 4876; x_wconf 91' lang='lat' dir='ltr'><strong>suum</strong></span> <span class='ocrx_word' id='word_1_702' title='bbox 1174 4821 1479 4874; x_wconf 90' lang='lat' dir='ltr'><strong>Samuelem</strong></span> <span class='ocrx_word' id='word_1_703' title='bbox 1526 4819 1598 4870; x_wconf 70' lang='lat' dir='ltr'><strong>liii</strong></span> <span class='ocrx_word' id='word_1_704' title='bbox 1631 4820 1891 4890; x_wconf 73' lang='lat' dir='ltr'><strong>sacerdoti</strong></span> <span class='ocrx_word' id='word_1_705' title='bbox 1951 4820 2182 4871; x_wconf 84' lang='lat' dir='ltr'><strong>tradide-</strong></span> 
     </span>
    </p>
   </div>
   <div class='ocr_carea' id='block_1_96' title="bbox 639 4911 2176 4980">
    <p class='ocr_par' dir='ltr' id='par_1_96' title="bbox 639 4911 2176 4980">
     <span class='ocr_line' id='line_1_96' title="bbox 639 4911 2176 4980; baseline -0.003 -13"><span class='ocrx_word' id='word_1_706' title='bbox 639 4925 782 4967; x_wconf 79' lang='lat' dir='ltr'><strong>runt.</strong></span> <span class='ocrx_word' id='word_1_707' title='bbox 819 4912 1156 4965; x_wconf 73' lang='lat' dir='ltr'><strong>Ministrabat</strong></span> <span class='ocrx_word' id='word_1_708' title='bbox 1188 4927 1314 4980; x_wconf 77' lang='lat' dir='ltr'><strong>ergo</strong></span> <span class='ocrx_word' id='word_1_709' title='bbox 1358 4911 1574 4964; x_wconf 89' lang='lat' dir='ltr'><strong>Samuel</strong></span> <span class='ocrx_word' id='word_1_710' title='bbox 1628 4915 1679 4962; x_wconf 88' lang='lat' dir='ltr'><strong>in</strong></span> <span class='ocrx_word' id='word_1_711' title='bbox 1731 4911 1990 4963; x_wconf 84' lang='lat' dir='ltr'><strong>sacrario.</strong></span> <span class='ocrx_word' id='word_1_712' title='bbox 2045 4911 2176 4962; x_wconf 79' lang='lat' dir='ltr'><strong>Cum</strong></span> 
     </span>
    </p>
   </div>
   <div class='ocr_carea' id='block_1_97' title="bbox 636 4999 2176 5072">
    <p class='ocr_par' dir='ltr' id='par_1_97' title="bbox 636 4999 2176 5072">
     <span class='ocr_line' id='line_1_97' title="bbox 636 4999 2176 5072; baseline -0.005 -17"><span class='ocrx_word' id='word_1_713' title='bbox 636 5017 810 5056; x_wconf 80' lang='lat' dir='ltr'><strong>anteiit</strong></span> <span class='ocrx_word' id='word_1_714' title='bbox 840 5013 1174 5072; x_wconf 69' lang='lat' dir='ltr'><strong>congregata:</strong></span> <span class='ocrx_word' id='word_1_715' title='bbox 1207 5003 1626 5069; x_wconf 78' lang='lat' dir='ltr'><strong>alienigenarum</strong></span> <span class='ocrx_word' id='word_1_716' title='bbox 1661 5001 1831 5052; x_wconf 86' lang='lat' dir='ltr'><strong>tribus</strong></span> <span class='ocrx_word' id='word_1_717' title='bbox 1876 5002 1939 5052; x_wconf 83' lang='lat' dir='ltr'><strong>ad</strong></span> <span class='ocrx_word' id='word_1_718' title='bbox 1979 4999 2176 5052; x_wconf 85' lang='lat' dir='ltr'><strong>bellum</strong></span> 
     </span>
    </p>
   </div>
   <div class='ocr_carea' id='block_1_98' title="bbox 639 5089 2175 5157">
    <p class='ocr_par' dir='ltr' id='par_1_98' title="bbox 639 5089 2175 5157">
     <span class='ocr_line' id='line_1_98' title="bbox 639 5089 2175 5157; baseline -0.005 -9"><span class='ocrx_word' id='word_1_719' title='bbox 639 5095 896 5148; x_wconf 86' lang='lat' dir='ltr'><strong>lsraelitis</strong></span> <span class='ocrx_word' id='word_1_720' title='bbox 921 5093 1280 5153; x_wconf 72' lang='lat' dir='ltr'><strong>iniciendum,</strong></span> <span class='ocrx_word' id='word_1_721' title='bbox 1319 5109 1503 5144; x_wconf 88' lang='lat' dir='ltr'><strong>eorum</strong></span> <span class='ocrx_word' id='word_1_722' title='bbox 1529 5091 1676 5143; x_wconf 83' lang='lat' dir='ltr'><strong>viros</strong></span> <span class='ocrx_word' id='word_1_723' title='bbox 1716 5101 1905 5157; x_wconf 88' lang='lat' dir='ltr'><strong>quater</strong></span> <span class='ocrx_word' id='word_1_724' title='bbox 1949 5089 2090 5140; x_wconf 89' lang='lat' dir='ltr'><strong>tttille</strong></span> <span class='ocrx_word' id='word_1_725' title='bbox 2125 5089 2175 5140; x_wconf 82' lang='lat' dir='ltr'><strong>itt</strong></span> 
     </span>
    </p>
   </div>
   <div class='ocr_carea' id='block_1_99' title="bbox 637 5178 2177 5252">
    <p class='ocr_par' dir='ltr' id='par_1_99' title="bbox 637 5178 2177 5252">
     <span class='ocr_line' id='line_1_99' title="bbox 637 5178 2177 5252; baseline -0.003 -19"><span class='ocrx_word' id='word_1_726' title='bbox 637 5186 817 5252; x_wconf 66' lang='grc' dir='ltr'><strong>ιιι-ωιὶο</strong></span> <span class='ocrx_word' id='word_1_727' title='bbox 844 5184 1191 5245; x_wconf 78' lang='lat' dir='ltr'><strong>cecidiSsent,</strong></span> <span class='ocrx_word' id='word_1_728' title='bbox 1221 5183 1474 5233; x_wconf 73' lang='lat' dir='ltr'><strong>dixerunt</strong></span> <span class='ocrx_word' id='word_1_729' title='bbox 1504 5182 1688 5248; x_wconf 89' lang='lat' dir='ltr'><strong>populi</strong></span> <span class='ocrx_word' id='word_1_730' title='bbox 1717 5179 1996 5231; x_wconf 80' lang='lat' dir='ltr'><strong>lsraelitici</strong></span> <span class='ocrx_word' id='word_1_731' title='bbox 2029 5178 2177 5245; x_wconf 87' lang='lat' dir='ltr'><strong>ptin-</strong></span> 
     </span>
    </p>
   </div>
   <div class='ocr_carea' id='block_1_100' title="bbox 641 5269 2175 5344">
    <p class='ocr_par' dir='ltr' id='par_1_100' title="bbox 641 5269 2175 5344">
     <span class='ocr_line' id='line_1_100' title="bbox 641 5269 2175 5344; baseline -0.005 -19"><span class='ocrx_word' id='word_1_732' title='bbox 641 5292 783 5344; x_wconf 84' lang='lat' dir='ltr'><strong>epes</strong></span> <span class='ocrx_word' id='word_1_733' title='bbox 843 5295 853 5327; x_wconf 92' lang='lat'>:</span> <span class='ocrx_word' id='word_1_734' title='bbox 911 5276 1265 5340; x_wconf 85' lang='lat' dir='ltr'><strong>Deportetntts</strong></span> <span class='ocrx_word' id='word_1_735' title='bbox 1321 5274 1597 5324; x_wconf 87' lang='lat' dir='ltr'><strong>nobiscum</strong></span> <span class='ocrx_word' id='word_1_736' title='bbox 1659 5286 1835 5322; x_wconf 80' lang='lat' dir='ltr'><strong>aream</strong></span> <span class='ocrx_word' id='word_1_737' title='bbox 1881 5269 2098 5321; x_wconf 57' lang='lat' dir='ltr'><strong>faueris</strong></span> <span class='ocrx_word' id='word_1_738' title='bbox 2150 5288 2175 5317; x_wconf 86' lang='lat' dir='ltr'><strong>a</strong></span> 
     </span>
    </p>
   </div>
   <div class='ocr_carea' id='block_1_101' title="bbox 649 5353 2172 5427">
    <p class='ocr_par' dir='ltr' id='par_1_101' title="bbox 649 5353 2172 5427">
     <span class='ocr_line' id='line_1_101' title="bbox 649 5353 2172 5427; baseline -0.009 -5"><span class='ocrx_word' id='word_1_739' title='bbox 649 5369 903 5427; x_wconf 88' lang='lat' dir='ltr'><strong>tltiltttnu,</strong></span> <span class='ocrx_word' id='word_1_740' title='bbox 939 5376 995 5416; x_wconf 86' lang='lat' dir='ltr'><strong>tit</strong></span> <span class='ocrx_word' id='word_1_741' title='bbox 1027 5368 1078 5417; x_wconf 89' lang='lat' dir='ltr'><strong>itt</strong></span> <span class='ocrx_word' id='word_1_742' title='bbox 1121 5364 1294 5415; x_wconf 78' lang='lat' dir='ltr'><strong>medio</strong></span> <span class='ocrx_word' id='word_1_743' title='bbox 1328 5365 1497 5416; x_wconf 76' lang='lat' dir='ltr'><strong>nostri</strong></span> <span class='ocrx_word' id='word_1_744' title='bbox 1542 5353 1608 5413; x_wconf 85' lang='lat' dir='ltr'><strong>sit</strong></span> <span class='ocrx_word' id='word_1_745' title='bbox 1639 5361 1780 5410; x_wconf 87' lang='lat' dir='ltr'><strong>inter</strong></span> <span class='ocrx_word' id='word_1_746' title='bbox 1807 5358 2172 5424; x_wconf 62' lang='lat' dir='ltr'><strong>pratliandum,</strong></span> 
     </span>
    </p>
   </div>
   <div class='ocr_carea' id='block_1_102' title="bbox 651 5451 2175 5522">
    <p class='ocr_par' dir='ltr' id='par_1_102' title="bbox 651 5451 2175 5522">
     <span class='ocr_line' id='line_1_102' title="bbox 651 5451 2175 5522; baseline -0.009 -11"><span class='ocrx_word' id='word_1_747' title='bbox 651 5471 740 5511; x_wconf 84' lang='lat' dir='ltr'><strong>lno</strong></span> <span class='ocrx_word' id='word_1_748' title='bbox 784 5458 901 5522; x_wconf 85' lang='lat' dir='ltr'><strong>ejus</strong></span> <span class='ocrx_word' id='word_1_749' title='bbox 954 5472 1053 5522; x_wconf 81' lang='lat' dir='ltr'><strong>ope.</strong></span> <span class='ocrx_word' id='word_1_750' title='bbox 1102 5454 1291 5520; x_wconf 83' lang='lat' dir='ltr'><strong>eripiat</strong></span> <span class='ocrx_word' id='word_1_751' title='bbox 1339 5469 1438 5506; x_wconf 88' lang='lat' dir='ltr'><strong>nos</strong></span> <span class='ocrx_word' id='word_1_752' title='bbox 1489 5451 1748 5504; x_wconf 82' lang='lat' dir='ltr'><strong>Dominus</strong></span> <span class='ocrx_word' id='word_1_753' title='bbox 1798 5464 1826 5498; x_wconf 89' lang='lat' dir='ltr'><strong>e</strong></span> <span class='ocrx_word' id='word_1_754' title='bbox 1875 5465 2032 5499; x_wconf 86' lang='lat' dir='ltr'><strong>manu</strong></span> <span class='ocrx_word' id='word_1_755' title='bbox 2083 5451 2175 5498; x_wconf 84' lang='lat' dir='ltr'><strong>lto-</strong></span> 
     </span>
    </p>
   </div>
   <div class='ocr_carea' id='block_1_103' title="bbox 659 5537 2174 5610">
    <p class='ocr_par' dir='ltr' id='par_1_103' title="bbox 659 5537 2174 5610">
     <span class='ocr_line' id='line_1_103' title="bbox 659 5537 2174 5610; baseline -0.009 -11"><span class='ocrx_word' id='word_1_756' title='bbox 659 5559 790 5599; x_wconf 84' lang='lat' dir='ltr'><strong>ltunt</strong></span> <span class='ocrx_word' id='word_1_757' title='bbox 828 5559 1148 5597; x_wconf 75' lang='lat' dir='ltr'><strong>nostrorum.</strong></span> <span class='ocrx_word' id='word_1_758' title='bbox 1194 5545 1384 5596; x_wconf 77' lang='lat' dir='ltr'><strong>Arcam</strong></span> <span class='ocrx_word' id='word_1_759' title='bbox 1417 5557 1541 5610; x_wconf 67' lang='lat' dir='ltr'><strong>ergo</strong></span> <span class='ocrx_word' id='word_1_760' title='bbox 1577 5556 1602 5591; x_wconf 89' lang='lat' dir='ltr'><strong>a</strong></span> <span class='ocrx_word' id='word_1_761' title='bbox 1656 5537 1898 5591; x_wconf 72' lang='lat' dir='ltr'><strong>Sitilatuo</strong></span> <span class='ocrx_word' id='word_1_762' title='bbox 1945 5540 2174 5590; x_wconf 74' lang='lat' dir='ltr'><strong>sustule-</strong></span> 
     </span>
    </p>
   </div>
   <div class='ocr_carea' id='block_1_104' title="bbox 2283 4371 3838 4444">
    <p class='ocr_par' dir='ltr' id='par_1_104' title="bbox 2283 4371 3838 4444">
     <span class='ocr_line' id='line_1_104' title="bbox 2283 4371 3838 4444; baseline 0.004 -23"><span class='ocrx_word' id='word_1_763' title='bbox 2283 4371 2502 4439; x_wconf 84' lang='lat' dir='ltr'><strong>juveuci</strong></span> <span class='ocrx_word' id='word_1_764' title='bbox 2537 4373 2598 4424; x_wconf 86' lang='lat' dir='ltr'><strong>ad</strong></span> <span class='ocrx_word' id='word_1_765' title='bbox 2633 4371 2785 4426; x_wconf 85' lang='lat' dir='ltr'><strong>Bcith</strong></span> <span class='ocrx_word' id='word_1_766' title='bbox 2821 4372 3062 4435; x_wconf 87' lang='lat' dir='ltr'><strong>Sltemes,</strong></span> <span class='ocrx_word' id='word_1_767' title='bbox 3093 4373 3246 4440; x_wconf 88' lang='lat' dir='ltr'><strong>cujus</strong></span> <span class='ocrx_word' id='word_1_768' title='bbox 3269 4373 3456 4428; x_wconf 71' lang='lat' dir='ltr'><strong>incolm</strong></span> <span class='ocrx_word' id='word_1_769' title='bbox 3487 4390 3556 4427; x_wconf 87' lang='lat' dir='ltr'><strong>eo</strong></span> <span class='ocrx_word' id='word_1_770' title='bbox 3599 4387 3838 4444; x_wconf 81' lang='lat' dir='ltr'><strong>tempore</strong></span> 
     </span>
    </p>
   </div>
   <div class='ocr_carea' id='block_1_105' title="bbox 2287 4462 3911 4534">
    <p class='ocr_par' dir='ltr' id='par_1_105' title="bbox 2287 4462 3911 4534">
     <span class='ocr_line' id='line_1_105' title="bbox 2287 4462 3911 4534; baseline 0.001 -23"><span class='ocrx_word' id='word_1_771' title='bbox 2287 4464 2556 4514; x_wconf 77' lang='lat' dir='ltr'><strong>metebant</strong></span> <span class='ocrx_word' id='word_1_772' title='bbox 2584 4464 2634 4515; x_wconf 91' lang='lat' dir='ltr'><strong>in</strong></span> <span class='ocrx_word' id='word_1_773' title='bbox 2670 4478 2798 4531; x_wconf 75' lang='lat' dir='ltr'><strong>agro</strong></span> <span class='ocrx_word' id='word_1_774' title='bbox 2829 4462 2991 4526; x_wconf 76' lang='lat' dir='ltr'><strong>Usize,</strong></span> <span class='ocrx_word' id='word_1_775' title='bbox 3021 4463 3093 4514; x_wconf 91' lang='lat' dir='ltr'><strong>illi</strong></span> <span class='ocrx_word' id='word_1_776' title='bbox 3118 4473 3323 4531; x_wconf 87' lang='lat' dir='ltr'><strong>recepta</strong></span> <span class='ocrx_word' id='word_1_777' title='bbox 3357 4478 3482 4516; x_wconf 87' lang='lat' dir='ltr'><strong>arca</strong></span> <span class='ocrx_word' id='word_1_778' title='bbox 3519 4467 3833 4534; x_wconf 86' lang='lat' dir='ltr'><strong>plaustrum</strong></span> <span class='ocrx_word' id='word_1_779' title='bbox 3910 4527 3911 4532; x_wconf 17' lang='grc' dir='ltr'><strong>η</strong></span> 
     </span>
    </p>
   </div>
   <div class='ocr_carea' id='block_1_106' title="bbox 2285 4553 3836 4621">
    <p class='ocr_par' dir='ltr' id='par_1_106' title="bbox 2285 4553 3836 4621">
     <span class='ocr_line' id='line_1_106' title="bbox 2285 4553 3836 4621; baseline -0.001 -18"><span class='ocrx_word' id='word_1_780' title='bbox 2285 4555 2682 4620; x_wconf 74' lang='lat' dir='ltr'><strong>conl&#39;rcgcrtmt,</strong></span> <span class='ocrx_word' id='word_1_781' title='bbox 2716 4563 2765 4605; x_wconf 89' lang='lat' dir='ltr'><strong>et</strong></span> <span class='ocrx_word' id='word_1_782' title='bbox 2791 4553 3052 4621; x_wconf 82' lang='lat' dir='ltr'><strong>jovencns</strong></span> <span class='ocrx_word' id='word_1_783' title='bbox 3080 4554 3379 4607; x_wconf 85' lang='lat' dir='ltr'><strong>immolatos</strong></span> <span class='ocrx_word' id='word_1_784' title='bbox 3417 4557 3466 4605; x_wconf 92' lang='lat' dir='ltr'><strong>itt</strong></span> <span class='ocrx_word' id='word_1_785' title='bbox 3493 4558 3836 4610; x_wconf 73' lang='lat' dir='ltr'><strong>sacrificium</strong></span> 
     </span>
    </p>
   </div>
   <div class='ocr_carea' id='block_1_107' title="bbox 2286 4642 3838 4710">
    <p class='ocr_par' dir='ltr' id='par_1_107' title="bbox 2286 4642 3838 4710">
     <span class='ocr_line' id='line_1_107' title="bbox 2286 4642 3838 4710; baseline 0.001 -18"><span class='ocrx_word' id='word_1_786' title='bbox 2286 4642 2639 4704; x_wconf 78' lang='lat' dir='ltr'><strong>obtulerunt;</strong></span> <span class='ocrx_word' id='word_1_787' title='bbox 2694 4646 2963 4710; x_wconf 88' lang='lat' dir='ltr'><strong>capsulam</strong></span> <span class='ocrx_word' id='word_1_788' title='bbox 2998 4653 3157 4694; x_wconf 80' lang='lat' dir='ltr'><strong>etiam</strong></span> <span class='ocrx_word' id='word_1_789' title='bbox 3201 4643 3387 4708; x_wconf 87' lang='lat' dir='ltr'><strong>inqua</strong></span> <span class='ocrx_word' id='word_1_790' title='bbox 3450 4645 3690 4697; x_wconf 73' lang='lat' dir='ltr'><strong>[nerunt</strong></span> <span class='ocrx_word' id='word_1_791' title='bbox 3743 4661 3838 4695; x_wconf 88' lang='lat' dir='ltr'><strong>tuu-</strong></span> 
     </span>
    </p>
   </div>
   <div class='ocr_carea' id='block_1_108' title="bbox 2284 4734 3836 4802">
    <p class='ocr_par' dir='ltr' id='par_1_108' title="bbox 2284 4734 3836 4802">
     <span class='ocr_line' id='line_1_108' title="bbox 2284 4734 3836 4802; baseline 0.006 -21"><span class='ocrx_word' id='word_1_792' title='bbox 2284 4747 2492 4782; x_wconf 82' lang='lat' dir='ltr'><strong>scarmn</strong></span> <span class='ocrx_word' id='word_1_793' title='bbox 2539 4741 2590 4782; x_wconf 78' lang='lat' dir='ltr'><strong>et</strong></span> <span class='ocrx_word' id='word_1_794' title='bbox 2626 4734 2931 4784; x_wconf 86' lang='lat' dir='ltr'><strong>stelltonum</strong></span> <span class='ocrx_word' id='word_1_795' title='bbox 2971 4734 3173 4800; x_wconf 71' lang='lat' dir='ltr'><strong>t-lftgies</strong></span> <span class='ocrx_word' id='word_1_796' title='bbox 3212 4749 3384 4784; x_wconf 75' lang='lat' dir='ltr'><strong>aurea:</strong></span> <span class='ocrx_word' id='word_1_797' title='bbox 3434 4742 3486 4784; x_wconf 87' lang='lat' dir='ltr'><strong>et</strong></span> <span class='ocrx_word' id='word_1_798' title='bbox 3535 4746 3836 4802; x_wconf 58' lang='lat' dir='ltr'><strong>argentea.</strong></span> 
     </span>
    </p>
   </div>
   <div class='ocr_carea' id='block_1_109' title="bbox 2284 4822 3837 4888">
    <p class='ocr_par' dir='ltr' id='par_1_109' title="bbox 2284 4822 3837 4888">
     <span class='ocr_line' id='line_1_109' title="bbox 2284 4822 3837 4888; baseline 0.003 -18"><span class='ocrx_word' id='word_1_799' title='bbox 2284 4832 2632 4887; x_wconf 74' lang='lat' dir='ltr'><strong>acceperunt.</strong></span> <span class='ocrx_word' id='word_1_800' title='bbox 2676 4822 2866 4873; x_wconf 82' lang='lat' dir='ltr'><strong>ArCaIn</strong></span> <span class='ocrx_word' id='word_1_801' title='bbox 2901 4833 3074 4872; x_wconf 83' lang='lat' dir='ltr'><strong>autem</strong></span> <span class='ocrx_word' id='word_1_802' title='bbox 3107 4835 3368 4888; x_wconf 78' lang='lat' dir='ltr'><strong>receptant</strong></span> <span class='ocrx_word' id='word_1_803' title='bbox 3403 4823 3837 4876; x_wconf 66' lang='lat' dir='ltr'><strong>introdttaerum</strong></span> 
     </span>
    </p>
   </div>
   <div class='ocr_carea' id='block_1_110' title="bbox 2285 4911 3911 4977">
    <p class='ocr_par' dir='ltr' id='par_1_110' title="bbox 2285 4911 3911 4977">
     <span class='ocr_line' id='line_1_110' title="bbox 2285 4911 3911 4977; baseline 0.003 -17"><span class='ocrx_word' id='word_1_804' title='bbox 2285 4912 2471 4961; x_wconf 70' lang='grc' dir='ltr'><strong>ὶιιροιορ</strong></span> <span class='ocrx_word' id='word_1_805' title='bbox 2496 4912 2596 4962; x_wconf 86' lang='lat' dir='ltr'><strong>vici</strong></span> <span class='ocrx_word' id='word_1_806' title='bbox 2627 4911 2714 4977; x_wconf 89' lang='lat' dir='ltr'><strong>qui</strong></span> <span class='ocrx_word' id='word_1_807' title='bbox 2768 4913 2940 4961; x_wconf 77' lang='lat' dir='ltr'><strong>Kttiat</strong></span> <span class='ocrx_word' id='word_1_808' title='bbox 2970 4915 3116 4963; x_wconf 80' lang='lat' dir='ltr'><strong>Aoab</strong></span> <span class='ocrx_word' id='word_1_809' title='bbox 3150 4915 3315 4969; x_wconf 85' lang='lat' dir='ltr'><strong>audit,</strong></span> <span class='ocrx_word' id='word_1_810' title='bbox 3345 4914 3395 4963; x_wconf 91' lang='lat' dir='ltr'><strong>in</strong></span> <span class='ocrx_word' id='word_1_811' title='bbox 3427 4913 3669 4966; x_wconf 85' lang='lat' dir='ltr'><strong>domum</strong></span> <span class='ocrx_word' id='word_1_812' title='bbox 3725 4917 3838 4965; x_wconf 75' lang='lat' dir='ltr'><strong>Abi-</strong></span> <span class='ocrx_word' id='word_1_813' title='bbox 3910 4911 3911 4970; x_wconf 67' lang='lat' dir='ltr'><strong>l</strong></span> 
     </span>
    </p>
   </div>
   <div class='ocr_carea' id='block_1_111' title="bbox 2285 5001 3839 5067">
    <p class='ocr_par' dir='ltr' id='par_1_111' title="bbox 2285 5001 3839 5067">
     <span class='ocr_line' id='line_1_111' title="bbox 2285 5001 3839 5067; baseline 0.005 -16"><span class='ocrx_word' id='word_1_814' title='bbox 2285 5002 2480 5051; x_wconf 87' lang='lat' dir='ltr'><strong>nadabi</strong></span> <span class='ocrx_word' id='word_1_815' title='bbox 2517 5002 2685 5066; x_wconf 80' lang='lat' dir='ltr'><strong>patris</strong></span> <span class='ocrx_word' id='word_1_816' title='bbox 2720 5001 2917 5062; x_wconf 79' lang='lat' dir='ltr'><strong>Gazai;</strong></span> <span class='ocrx_word' id='word_1_817' title='bbox 2957 5018 3179 5067; x_wconf 82' lang='lat' dir='ltr'><strong>eamque</strong></span> <span class='ocrx_word' id='word_1_818' title='bbox 3205 5003 3256 5054; x_wconf 94' lang='lat' dir='ltr'><strong>in</strong></span> <span class='ocrx_word' id='word_1_819' title='bbox 3293 5006 3410 5053; x_wconf 89' lang='lat' dir='ltr'><strong>loco</strong></span> <span class='ocrx_word' id='word_1_820' title='bbox 3439 5004 3597 5056; x_wconf 78' lang='lat' dir='ltr'><strong>dioto</strong></span> <span class='ocrx_word' id='word_1_821' title='bbox 3636 5004 3839 5058; x_wconf 79' lang='lat' dir='ltr'><strong>Gabaa.</strong></span> 
     </span>
    </p>
   </div>
   <div class='ocr_carea' id='block_1_112' title="bbox 2283 5091 3838 5158">
    <p class='ocr_par' dir='ltr' id='par_1_112' title="bbox 2283 5091 3838 5158">
     <span class='ocr_line' id='line_1_112' title="bbox 2283 5091 3838 5158; baseline 0.004 -21"><span class='ocrx_word' id='word_1_822' title='bbox 2283 5091 2371 5158; x_wconf 85' lang='lat' dir='ltr'><strong>qui</strong></span> <span class='ocrx_word' id='word_1_823' title='bbox 2411 5105 2507 5142; x_wconf 65' lang='lat' dir='ltr'><strong>arx</strong></span> <span class='ocrx_word' id='word_1_824' title='bbox 2537 5101 2670 5150; x_wconf 73' lang='lat' dir='ltr'><strong>erat,</strong></span> <span class='ocrx_word' id='word_1_825' title='bbox 2693 5095 2978 5157; x_wconf 77' lang='lat' dir='ltr'><strong>repositam</strong></span> <span class='ocrx_word' id='word_1_826' title='bbox 3012 5091 3186 5143; x_wconf 82' lang='lat' dir='ltr'><strong>Gazao</strong></span> <span class='ocrx_word' id='word_1_827' title='bbox 3217 5101 3268 5143; x_wconf 89' lang='lat' dir='ltr'><strong>et</strong></span> <span class='ocrx_word' id='word_1_828' title='bbox 3291 5093 3480 5145; x_wconf 76' lang='lat' dir='ltr'><strong>Abnoo</strong></span> <span class='ocrx_word' id='word_1_829' title='bbox 3512 5096 3838 5147; x_wconf 77' lang='lat' dir='ltr'><strong>custodieti-</strong></span> 
     </span>
    </p>
   </div>
   <div class='ocr_carea' id='block_1_113' title="bbox 2281 5181 3911 5246">
    <p class='ocr_par' dir='ltr' id='par_1_113' title="bbox 2281 5181 3911 5246">
     <span class='ocr_line' id='line_1_113' title="bbox 2281 5181 3911 5246; baseline 0.009 -15"><span class='ocrx_word' id='word_1_830' title='bbox 2281 5182 2403 5231; x_wconf 88' lang='lat' dir='ltr'><strong>dant</strong></span> <span class='ocrx_word' id='word_1_831' title='bbox 2439 5181 2799 5231; x_wconf 87' lang='lat' dir='ltr'><strong>tradiderunt.</strong></span> <span class='ocrx_word' id='word_1_832' title='bbox 3910 5187 3911 5246; x_wconf 69' lang='grc' dir='ltr'>Ῑ</span> 
     </span>
    </p>
   </div>
   <div class='ocr_carea' id='block_1_114' title="bbox 2353 5269 3911 5342">
    <p class='ocr_par' dir='ltr' id='par_1_114' title="bbox 2353 5269 3911 5342">
     <span class='ocr_line' id='line_1_114' title="bbox 2353 5269 3911 5342; baseline 0.004 -22"><span class='ocrx_word' id='word_1_833' title='bbox 2353 5271 2557 5320; x_wconf 85' lang='lat' dir='ltr'><strong>Mortuo</strong></span> <span class='ocrx_word' id='word_1_834' title='bbox 2577 5272 2650 5322; x_wconf 72' lang='lat' dir='ltr'><strong>Eli</strong></span> <span class='ocrx_word' id='word_1_835' title='bbox 2671 5273 2964 5331; x_wconf 78' lang='lat' dir='ltr'><strong>sacerdote,</strong></span> <span class='ocrx_word' id='word_1_836' title='bbox 2992 5274 3236 5337; x_wconf 86' lang='lat' dir='ltr'><strong>populum</strong></span> <span class='ocrx_word' id='word_1_837' title='bbox 3264 5272 3398 5323; x_wconf 74' lang='lat' dir='ltr'><strong>rexit</strong></span> <span class='ocrx_word' id='word_1_838' title='bbox 3417 5269 3658 5326; x_wconf 83' lang='lat' dir='ltr'><strong>Samuel</strong></span> 
     </span>
    </p>
   </div>
   <div class='ocr_carea' id='block_1_115' title="bbox 2281 5361 3840 5429">
    <p class='ocr_par' dir='ltr' id='par_1_115' title="bbox 2281 5361 3840 5429">
     <span class='ocr_line' id='line_1_115' title="bbox 2281 5361 3840 5429; baseline 0.001 -18"><span class='ocrx_word' id='word_1_839' title='bbox 2281 5364 2540 5429; x_wconf 83' lang='lat' dir='ltr'><strong>propheta</strong></span> <span class='ocrx_word' id='word_1_840' title='bbox 2577 5363 2735 5413; x_wconf 86' lang='lat' dir='ltr'><strong>annis</strong></span> <span class='ocrx_word' id='word_1_841' title='bbox 2765 5362 2970 5428; x_wconf 75' lang='lat' dir='ltr'><strong>viginti.</strong></span> <span class='ocrx_word' id='word_1_842' title='bbox 3016 5362 3145 5414; x_wconf 88' lang='lat' dir='ltr'><strong>Cttttt</strong></span> <span class='ocrx_word' id='word_1_843' title='bbox 3173 5374 3347 5412; x_wconf 87' lang='lat' dir='ltr'><strong>autem</strong></span> <span class='ocrx_word' id='word_1_844' title='bbox 3383 5361 3691 5425; x_wconf 71' lang='lat' dir='ltr'><strong>Israelita&#39;,</strong></span> <span class='ocrx_word' id='word_1_845' title='bbox 3729 5369 3840 5415; x_wconf 72' lang='lat' dir='ltr'><strong>reli—</strong></span> 
     </span>
    </p>
   </div>
   <div class='ocr_carea' id='block_1_116' title="bbox 2280 5452 3841 5514">
    <p class='ocr_par' dir='ltr' id='par_1_116' title="bbox 2280 5452 3841 5514">
     <span class='ocr_line' id='line_1_116' title="bbox 2280 5452 3841 5514; baseline -0.001 -12"><span class='ocrx_word' id='word_1_846' title='bbox 2280 5456 2381 5503; x_wconf 87' lang='lat' dir='ltr'><strong>ctis</strong></span> <span class='ocrx_word' id='word_1_847' title='bbox 2419 5452 2597 5513; x_wconf 87' lang='lat' dir='ltr'><strong>idolis,</strong></span> <span class='ocrx_word' id='word_1_848' title='bbox 2643 5455 2705 5501; x_wconf 88' lang='lat' dir='ltr'><strong>ad</strong></span> <span class='ocrx_word' id='word_1_849' title='bbox 2747 5456 2948 5503; x_wconf 88' lang='lat' dir='ltr'><strong>cultum</strong></span> <span class='ocrx_word' id='word_1_850' title='bbox 3005 5452 3213 5502; x_wconf 82' lang='lat' dir='ltr'><strong>Domini</strong></span> <span class='ocrx_word' id='word_1_851' title='bbox 3272 5457 3468 5504; x_wconf 79' lang='lat' dir='ltr'><strong>tevcrsi</strong></span> <span class='ocrx_word' id='word_1_852' title='bbox 3510 5467 3744 5514; x_wconf 64' lang='lat' dir='ltr'><strong>essent,</strong></span> <span class='ocrx_word' id='word_1_853' title='bbox 3789 5463 3841 5502; x_wconf 89' lang='lat' dir='ltr'><strong>ll-</strong></span> 
     </span>
    </p>
   </div>
   <div class='ocr_carea' id='block_1_117' title="bbox 2279 5543 3840 5610">
    <p class='ocr_par' dir='ltr' id='par_1_117' title="bbox 2279 5543 3840 5610">
     <span class='ocr_line' id='line_1_117' title="bbox 2279 5543 3840 5610; baseline -0.001 -16"><span class='ocrx_word' id='word_1_854' title='bbox 2279 5553 2528 5594; x_wconf 87' lang='lat' dir='ltr'><strong>mucrnot</strong></span> <span class='ocrx_word' id='word_1_855' title='bbox 2566 5558 2708 5610; x_wconf 80' lang='lat' dir='ltr'><strong>Ipsos</strong></span> <span class='ocrx_word' id='word_1_856' title='bbox 2743 5543 2913 5595; x_wconf 83' lang='lat' dir='ltr'><strong>tribus</strong></span> <span class='ocrx_word' id='word_1_857' title='bbox 2954 5545 3301 5609; x_wconf 65' lang='lat' dir='ltr'><strong>alienigenw;</strong></span> <span class='ocrx_word' id='word_1_858' title='bbox 3341 5558 3366 5593; x_wconf 90' lang='lat' dir='ltr'><strong>a</strong></span> <span class='ocrx_word' id='word_1_859' title='bbox 3407 5545 3626 5610; x_wconf 75' lang='lat' dir='ltr'><strong>quibus</strong></span> <span class='ocrx_word' id='word_1_860' title='bbox 3670 5553 3840 5596; x_wconf 74' lang='lat' dir='ltr'><strong>absru—</strong></span> 
     </span>
    </p>
   </div>
  </div>
