3950 6348
1043 293 1051 318 I

106 371 187 434 θει
1475 363 1829 422 ANNMES.

3063 363 3318 432 .9i2-

104 487 256 534 Ιρτιιηι
295 479 539 532 Israelitaa
569 493 756 528 omnes
786 494 919 544 quas
953 486 1305 543 superassent
1364 477 1521 530 nilies
1558 479 1620 528 ad
1651 483 1692 538 Α
1725 477 1857 530 dixit
1885 475 2101 529 Samuel
2133 475 2389 544 propheta
2426 475 2572 528 Sauli
2612 480 2717 546 regi
2751 496 2766 531 ε
2806 479 2882 532 Ad
2928 478 3221 532 Amalcliita

102 571 291 637 liphron
341 584 504 635 usque
547 566 818 634 Iiaphach.
860 565 1096 618 Fuerunt
1151 575 1328 617 autem
1367 566 1601 619 Samucli

101 661 179 712 lilii
215 660 334 720 duo,
373 672 598 724 quorum
636 667 763 708 natu
807 658 995 725 majori
1025 672 1218 709 nomen
1247 655 1382 719 Jnel,
1408 658 1600 710 minori

96 750 232 807 Abin,
260 748 344 816 qui
379 747 630 813 papulqu
682 747 967 814 tranquille
996 755 1048 796 et
1081 747 1299 813 pacilice
1347 756 1604 800 reseruat

95 839 140 891 iu
171 837 476 890 Beersheha.

150 931 211 982 At
236 946 353 982 cum
403 931 669 985 senuisset
703 931 942 994 Samuel,
979 932 1282 999 congregati
1323 931 1389 984 ad
1431 931 1602 997 ipsum

90 1017 326 1070 lsraclitze
358 1019 407 1069 in
445 1018 939 1073 Ramah'dixerunt
972 1038 985 1074 :
1017 1021 1299 1075 Coustitue
1334 1021 1489 1075 nobis
1521 1034 1607 1072 re-

87 1122 190 1172 geni
222 1105 305 1172 qui
333 1121 430 1157 nos
457 1119 624 1176 regat,
662 1108 802 1160 s‘icut
845 1107 1062 1175 reliquae
1094 1119 1281 1175 gentes
1314 1123 1466 1176 reges
1510 1107 1604 1158 ha-

87 1201 220 1250 bent.
264 1196 400 1248 Dixit
442 1211 569 1264 ergo
601 1197 705 1251 illis
744 1199 956 1252 Samuel
1003 1200 1262 1267 prorolieta
1307 1216 1320 1252 :
1354 1199 1488 1251 Cum
1522 1213 1608 1250 re-

87 1301 192 1353 gem
239 1286 392 1339 vobis
440 1285 808 1354 prtefeceritis,
865 1288 974 1348 ille,
1005 1289 1154 1340 vobis
1207 1288 1257 1338 in
1299 1285 1607 1338 servitutem

87 1376 320 1438 redactis,
365 1376 419 1429 in
460 1390 588 1445 opes
615 1384 824 1430 vestras
856 1383 1172 1442 potestatem
1205 1375 1304 1428 sibi
1330 1381 1522 1434 sumet,
1557 1381 1608 1424 et

83 1465 302 1518 omnium
331 1481 452 1533 qua:
499 1465 786 1533 possidetis
816 1465 1053 1518 decimas
1083 1464 1326 1532 accipiet.
1377 1463 1612 1532 Respon-

80 1555 322 1608 dentibus
354 1555 459 1608 illis
494 1572 508 1608 :
545 1553 654 1607 Hoc
725 1555 881 1607 nobis
928 1555 1120 1621 placet,
1167 1555 1298 1606 dixit
1350 1555 1606 1606 Samuel:

82 1643 196 1697 Novi
243 1644 568 1721 ego_virum
625 1659 654 1696 c
714 1644 852 1696 tribu
912 1643 1188 1711 Beniamin
1240 1644 1457 1698 nomine
1493 1644 1607 1706 Cis,

79 1734 302 1788 Anbielis
359 1733 550 1798 filium,
613 1735 701 1787 cui
750 1733 891 1788 filius
951 1743 1031 1787 est
1087 1735 1304 1787 nomine
1341 1733 1489 1796 Saul,
1531 1735 1612 1786 vir

1713 584 1827 619 rum
1860 568 2044 619 urbem
2077 567 2372 634 profectus,
2416 571 2609 634 ipsam,
2640 570 2789 622 i-assis
2819 571 2909 638 qui
2953 570 3006 621 in
3040 585 3100 622 ea
3130 578 3248 622 sunt

1710 655 1958 708 omnibus
1989 655 2136 719 viris,
2158 653 2391 715 feminis,
2430 657 2630 722 pueris,
2658 657 2996 718 animalibus.
3027 657 3252 711 chrin-

1711 744 1826 797 das.
1862 743 1990 795 Saul
2033 759 2180 810 ergo,
2215 745 2506 808 assumptis
2559 759 2742 796 secum
2792 761 2822 798 e
2879 745 3057 814 Galgal
3121 746 3251 798 viris

1711 846 1944 902 quatuor
1972 833 2134 896 mille,
2165 833 2526 903 lsraelitisque
2556 849 2586 888 ρ
2617 835 2759 888 tribu
2797 833 2946 887 Jii.i:e
2977 847 3054 889 ter
3085 837 3250 896 inille.

1713 934 1901 977 contra
1924 923 2236 978 Amalekum
2291 927 2582 992 profectus,
2638 926 2966 980 Ainalekitas
3015 930 3081 978 ab
3124 929 3252 979 urbe

1717 1010 1870 1064 liiula
1903 1026 2072 1079 usque
2103 1012 2288 1066 urbem
2323 1013 2429 1066 Sur
2458 1015 2691 1078 medens,
2745 1018 2950 1082 Aagum
3012 1015 3251 1082 ipsorum

1717 1115 1893 1169 regem
1912 1101 2092 1154 vivum
2121 1101 2295 1170 cepit;
2323 1115 2483 1170 agros
2517 1114 2695 1156 autem
2720 1113 2772 1156 et
2797 1106 2979 1158 vineas
3015 1106 3251 1172 ipsorum

1717 1204 1822 1242 non
1856 1189 2104 1254 vastavit,
2139 1188 2312 1258 neque
2343 1191 2542 1244 bestias
2593 1193 2798 1260 aliquas
2834 1195 3079 1258 peremit,
3114 1194 3250 1246 dum

1717 1279 1974 1348 pecudes,
2006 1281 2173 1333 boves
2213 1289 2266 1333 et
2328 1281 2572 1350 jumenta
2641 1297 2829 1336 eorum
2889 1285 3256 1352 praedarentur

1715 1370 1940 1423 comites
1968 1369 2159 1436 ipéius.
2188 1369 2323 1424 Cum
2362 1362 2489 1441 ergo
2517 1385 2546 1424 a
2583 1372 2725 1424 bello
2755 1371 3031 1440 Galgalum
3067 1374 3256 1426 rediis-

1715 1467 1814 1518 set,
1856 1459 1994 1512 dixit
2033 1459 2108 1512 illi
2161 1460 2376 1514 Samuel
2429 1461 2686 1530 propheta
2728 1478 2754 1514 :.
2781 1461 2971 1514 Annon
3017 1451 3151 1527 jussi
3207 1470 3257 1515 te

1717 1562 1930 1618 pecora,
1959 1549 2146 1612 boves,
2173 1555 2227 1602 et
2251 1548 2490 1614 jumenta
2535 1565 2720 1602 eorum
2760 1551 2986 1612 credere,
3033 1558 3259 1603 terram-

1715 1655 1821 1705 que
1856 1647 2067 1692 vastare
2092 1640 2115 1691 Ἰ
2143 1639 2286 1708 quod
2313 1653 2436 1691 cum
2474 1655 2599 1698 non.
2622 1639 2814 1694 feceris
2844 1656 3040 1709 ungam
3074 1657 3174 1709 ego
3203 1639 3256 1692 in

1717 1731 1988 1785 lsraelitas
2017 1745 2196 1798 regem
2254 1746 2284 1784 a
2332 1741 2385 1786 te
2427 1733 2613 1786 alium.
2674 1732 2806 1785 Tum
2863 1733 3253 1802 apprehensum

77 1825 199 1878 facie
231 1825 447 1886 decora,
479 1839 751 1891 procerus,
784 1824 1096 1880 fortitudine
1151 1825 1374 1894 insignis
1403 1840 1418 1888 ;
1457 1825 1605 1878 illum
1643 1825 1682 1878 Β
1716 1824 1947 1890 Aagum,
1983 1823 2403 1876 Amalekitarum
2456 1838 2656 1894 regem,
2707 1824 2991 1879 decollavit
3039 1823 3253 1877 Samuel

77 1915 214 1991 vobis
255 1929 434 1980 regem
498 1917 841 1967 constituam.
905 1915 1038 1968 Cum
1109 1914 1367 1980 deperditi
1433 1926 1608 1969 autem

75 2010 245 2055 essent
314 2004 464 2068 Ciso,
521 2004 699 2059 Saulis
753 2005 913 2073 patri,
957 2004 1115 2068 asini,
1153 2003 1289 2057 dixit
1353 2004 1441 2058 ille
1505 2005 1612 2058 filio

70 2110 160 2148 suo
189 2095 335 2147 Sauli
375 2096 694 2163 :Assmupto
721 2090 955 2148 tecum'e
987 2096 1158 2150 servis
1183 2095 1288 2148 tuis
1321 2095 1518 2164 aliquo,
1547 2096 1612 2147 ad

70 2185 386 2253 qua'rendos
411 2185 600 2238 asinos
633 2185 1016 2252 proficiscaris.
1051 2183 1334 2239 Profectus
1363 2200 1492 2254 ergo
1525 2186 1612 2239 ille

68 2289 182 2327 cum
213 2289 241 2326 a
277 2275 398 2327 vico
430 2273 494 2327 ad
521 2275 693 2328 vicum
730 2275 794 2328 ad
819 2276 1137 2344 quaerendos
1165 2276 1348 2330 asinos
1386 2277 1614 2330 transis-

66 2371 160 2428 set,
197 2364 334 2418 dixit
367 2364 468 2431 ipsi
503 2379 634 2433 puer
656 2362 770 2430 ejus
797 2383 810 2418 :
842 2364 921 2418 Ad
975 2365 1159 2419 urbem
1190 2364 1454 2418 Samuelis
1487 2380 1610 2434 pro-

65 2453 233 2520 pheta:
255 2455 608 2518 accedamus,
636 2454 726 2507 ille
752 2454 1017 2523 siquidem
1046 2469 1154 2522 quo
1180 2456 1296 2508 loco
1331 2454 1438 2508 sitit
1473 2455 1609 2507 asini

64 2543 212 2597 nobis
248 2543 532 2597 indicabit.
568 2545 645 2596 Ad
697 2544 996 2598 Samuclem
1038 2558 1162 2610 ergo
1197 2545 1420 2610 profecti
1463 2553 1611 2608 sunt,

62 2635 145 2700 qui
205 2635 268 2686 iis
303 2634 486 2687 cibum
523 2642 813 2703 potumque
844 2631 1179 2704 149-151
1209 2635 1490 2702 appOsuit;
1523 2634 1614 2686 de-

61 2722 196 2785 inde,
223 2733 454 2792 accepto
491 2737 658 2778 Cornu
713 2724 856 2791 quod
931 2723 1048 2777 oleo
1097 2726 1364 2792 impletum
1424 2725 1614 2784 fuerat,

62 2812 185 2864 illud
222 2813 410 2865 Saulis
445 2815 606 2880 capiti
631 2813 932 2876 aliundens,
953 2815 1234 2882 ipsumque
1252 2815 1612 2880 coinuugens,

56 2903 188 2955 dixit
221 2919 236 2955 :
275 2904 422 2956 Deus
461 2911 511 2956 te
538 2902 695 2955 hodie
728 2917 903 2971 regem
933 2902 985 2954 in
1017 2901 1285 2955 lsraelitas
1309 2902 1612 2966 constituit,

57 2996 211 3061 cujus
252 2993 333 3046 rei
365 2992 599 3061 signant,
641 2993 785 3061 quod
819 2980 878 3044 ad
908 2999 1114 3060 patrem
1161 3000 1312 3045 tuutn
1365 3006 1616 3046 reversus

55 3084 230 3152 ipsum
265 3084 460 3138 asinos
493 3085 764 3139 invenisse
807 3086 1074 3153 reperies;
1116 3084 1326 3152 fuitque
1363 3083 1506 3136 sicut
1533 3082 1617 3134 di-

1715 1914 2009 1980 prnpheta;
2039 1913 2233 1966 deinde
2290 1912 2511 1966 Ramam
2542 1929 2792 1968 reversus
2819 1923 2939 1978 est;
2973 1914 3102 1966 Saul
3158 1928 3256 1965 auo

1713 2009 1815 2051 teni
1847 2001 2071 2053 domum
2141 2015 2292 2054 suam
2343 2001 2396 2054 in
2443 2000 2607 2056 Gibea
2665 2003 2813 2056 adiit.
2865 2002 3083 2071 Aliquot
3134 2009 3255 2069 post.

1712 2088 1901 2142 diebus
1938 2088 2214 2156 profectus
2245 2087 2460 2143 Samuel
2492 2090 2922 2152 Bethlehemum,
2957 2093 3256 2160 apprehen-

1713 2193 1832 2234 sum
1888 2179 2140 2232 Davidem
2189 2179 2352 2232 tilium
2396 2177 2550 2235 Jesse
2598 2184 2718 2233 o!eo
2771 2184 2922 2235 unxit
2970 2184 3022 2234 in
3081 2199 3256 2251 regem

1712 2270 2474 2342 l~raelitarum,.153-155
2499 2287 2619 2326 c::m
2646 2275 2856 2342 juvenis
2887 2272 3060 2327 adhuc
3093 2283 3256 2330 esset.

1786 2361 1973 2415 Postea
2033 2363 2270 2416 collecta:
2341 2379 2529 2419 rursus
2582 2365 3005 2433 alienigenarum
3081 2365 3257 2418 trilius

1719 2452 1933 2505 Saulein
1979 2452 2120 2506 bello
2163 2452 2455 2515 lacessere,
2507 2463 2694 2508 contra
2725 2471 2860 2524 quas
2904 2455 2970 2508 ad
3030 2471 3254 2526 pugnam

1715 2556 1967 2610 egressus
1997 2551 2080 2594 est
2109 2556 2231 2594 cum
2282 2545 2396 2597 suis
2431 2543 2582 2606 Saul,
2633 2559 2788 2613 quem
2831 2546 2883 2598 in
2923 2547 3117 2599 bellum
3167 2562 3261 2599 co-

1717 2633 1889 2684 mitati
1933 2641 2061 2684 sunt
2095 2633 2313 2686 Davidis
2344 2634 2558 2687 fratres.
2593 2633 2747 2688 Jesse
2792 2649 2944 2705 ergo,
2994 2638 3260 2690 accercito

1719 2723 1825 2770 tilio
1852 2735 1952 2772 suo
1993 2721 2219 2785 Davide,
2257 2722 2433 2790 ipsum
2483 2732 2787 2778 commeatu
2837 2727 3160 2781 instructum
3195 2729 3258 2780 ad

1717 2810 1909 2863 fratres
1936 2826 2067 2865 suos
2098 2813 2151 2865 in
2180 2815 2484 2868 exercitum
2521 2815 2696 2881 misit;
2734 2816 2798 2869 ad
2825 2832 2962 2885 quos
2984 2833 3104 2872 cum
3139 2818 3262 2888 per-

1717 2901 1975 2964 venisset,
2010 2902 2316 2955 remittente
2353 2911 2463 2956 tum
2497 2918 2694 2973 pugna,
2719 2907 2997 2972 conspexit
3029 2908 3203 2961 virum
3229 2924 3259 2960 e

1719 2990 1962 3043 tribubus
2011 2990 2459 3060 alienigenarum,
2517 2994 2732 3047 nomine
2784 2993 3112 3060 Goliathum,
3165 2996 3257 3064 qui

1720 3080 2034 3134 inclamaret
2071 3097 2085 3140 ;
2126 3078 2298 3145 Heus,
2337 3075 2610 3146 Israelita),
2642 3091 2794 3138 estne
2834 3086 2924 3153 qui
2965 3085 3051 3156 [ad
3087 3096 3258 3140 certa-

57 3176 128 3228 xit
165 3175 396 3230 Samuel
429 3178 717 3245 propheta;
771 3175 1010 3245 regnavit
1041 3189 1171 3242 ergo
1203 3173 1414 3235 Saulin
1442 3171 1609 3228 lsrae-
1641 3155 1681 3207 δ
1717 3170 1864 3242 men]
1893 3171 2116 3241 prodeat
2143 3173 2165 3224 ?
2197 3172 2338 3225 Dixit
2363 3173 2526 3242 igitur
2571 3170 2734 3226 David
2786 3155 3038 3232 fratribus
3094 3180 3208 3232 suis
3242 3195 3254 3230 :

53 3268 197 3329 lilas,
218 3271 313 3337 qui
348 3269 556 3336 primus
585 3267 822 3335 ipsorum
859 3281 951 3320 rex
983 3265 1101 3318 fuit.

116 3358 455 3427 (longregati
489 3367 666 3410 autem
697 3360 794 3410 viri
846 3357 1059 3411 urbium
1097 3355 1255 3411 Jabin
1303 3364 1359 3411 et
1413 3353 1613 3411 Gala'ad

48 3448 111 3500 ad
170 3437 503 3503 Malieshum
560 3449 966 3512 Annuonitam,
1038 3450 1329 3502 noluerunt
1387 3461 1614 3512 regnare

48 3535 297 3593 Saulein.
338 3538 484 3592 Exiit
511 3553 641 3606 ergo
672 3538 888 3592 Mahesh
916 3539 980 3592 ad
1011 3538 1432 3608 oppugnandum
1463 3537 1603 3590 Sauo

48 3632 151 3680 lem
215 3622 602 3698 cummagna
659 3629 940 3682 hominum
989 3628 1366 3694 tnultitudine;
1427 3637 1614 3682 contra

44 3731 206 3784 quem
234 3715 508 3769 auxilium
540 3732 569 3768 a
606 3713 715 3786 Deo
746 3727 1072 3780 consecutus
1103 3717 1252 3781 Saul,
1276 3719 1614 3772 Ammonitas

45 3818 235 3877 strage
267 3821 469 3876 magna
514 3805 818 3861 interfecit.
870 3807 1005 3862 Tum
1048 3809 1264 3863 Samuel
1316 3811 1612 3879 propheta,

41 3899 356 3968 assumptis
384 3913 568 3952 secum
596 3897 758 3952 Saule
783 3909 838 3951 et
859 3913 889 3952 e
920 3899 1222 3956 senioribus
1252 3899 1612 3955 lsraelitarum

41 3999 216 4056 etetu,
273 3989 559 4060 profectus
625 3989 832 4061 Galgal,
893 3999 1220 4060 acceptoque
1283 4005 1450 4046 cornu
1510 3993 1611 4046 olet

40 4083 231 4150 pleno,
268 4079 493 4134 Saulein
533 4081 728 4133 iterum
761 4095 943 4134 curam
980 4082 1249 4150 populoin
1280 4080 1462 4152 Galgal
1494 4085 1611 4138 oleo

40 4173 296 4248 inunxit.
333 4169 631 4238 Lzetatique
661 4170 910 4225 homines
940 4172 1007 4223 ob
1046 4186 1268 4240 regnum
1307 4172 1506 4239 Saulis,
1539 4175 1615 4248 vi-

37 4244 244 4317 itii‘nas
278 4262 487 4314 inultas
517 4260 744 4313 Domino
779 4263 1142 4315 immolarunt.
1181 4262 1460 4334 Elegitque
1485 4244 1613 4318 Sa‘ul

36 4370 103 4408 ex
142 4354 426 4409 lsraelitis
479 4354 622 4405 viros
667 4361 746 4404 ter
778 4353 920 4405 mille
960 4353 1052 4420 qui
1097 4368 1217 4406 cuin
1262 4354 1352 4408 illo
1406 4366 1610 4410 essent.

1716 3264 1824 3332 Ego
1851 3264 2022 3318 virum
2069 3266 2232 3318 istum
2285 3265 2628 3320 interficiant.
2683 3267 3033 3336 Increparunt
3081 3279 3255 3324 autem

1718 3355 1892 3422 ipsum
1931 3355 2127 3408 fratres
2161 3355 2282 3420 sui;
2336 3365 2390 3408 at
2443 3373 2565 3410 cum
2605 3357 2706 3410 hoc
2769 3359 3063 3414 audivisset
3130 3359 3256 3413 Sattl

1716 3450 1854 3516 ipse.
1893 3449 2162 3502 acrcrsito
2193 3446 2408 3510 Davide,
2443 3449 2608 3500 lorica
2667 3448 2914 3502 indutum
2977 3451 3259 3520 gladioque

1718 3541 2046 3601 accinctum,
2083 3539 2136 3591 in
2188 3553 2472 3592 occursum
2519 3539 2750 3592 Goliathi
2821 3541 3034 3608 prodire
3077 3542 3258 3610 jussit.

1719 3629 1879 3682 David
1908 3639 2111 3690 autem,
2159 3644 2279 3683 cum
2317 3629 2457 3682 inter
2484 3631 2630 3684 acies
2657 3639 2821 3693 esset,
2863 3632 3039 3684 exutis
3097 3632 3257 3684 lorica

1715 3727 1766 3774 et
1792 3719 1978 3782 armis,
2013 3719 2330 3788 abjectoqne
2367 3718 2563 3788 gladio,
2623 3719 2838 3773 fundam
2879 3735 3040 3788 quam
3074 3737 3256 3774 secum

1719 3807 1908 3861 habuit
1935 3807 2221 3876 arripiens,
2241 3806 2290 3860 ei
2322 3806 2553 3875 lapidem
2587 3806 2862 3877 imposuit,
2891 3823 2999 3876 quo
3027 3825 3260 3863 excusso

1715 3913 1839 3953 cum
1866 3897 2099 3953 Goliathi
2129 3899 2362 3953 frontem
2398 3900 2777 3968 percussisset,
2828 3901 2942 3969 ipse
2976 3901 3026 3954 iu
3062 3910 3256 3956 terrain

1696 3987 1938 4053 decidit,
1976 4003 2132 4056 quem
2160 3989 2324 4043 David
2361 3989 2628 4058 prehenso
2656 3991 2826 4059 ipsius
2859 3991 3036 4059 gladio
3089 3991 3259 4046 inter-

1666 4083 1670 4086 ’
1719 4081 1885 4146 fecit;
1945 4081 2367 4150 alienigenarum
2406 4093 2584 4136 autem
2638 4084 2907 4138 exercitus
2973 4085 3025 4139 in
3083 4084 3259 4151 fugam

1723 4185 2018 4225 conversus
2055 4181 2156 4235 est,
2198 4179 2378 4239 strage
2417 4161 2659 4240 ipsorum
2691 4172 2887 4242 insigni
2930 4174 3090 4228 facta.
3121 4175 3263 4230 (lon-

1715 4262 1894 4315 stituit
1923 4275 2050 4331 ergo
2083 4259 2213 4315 Saul
2257 4262 2510 4317 Davidem
2559 4264 2612 4316 in
2666 4267 2910 4318 exercitu
2961 4280 3060 4319 suo
3118 4266 3261 4319 mille

1715 4356 1913 4408 ducum
1955 4353 2286 4420 przefectum,
2324 4369 2558 4422 eumque
2600 4355 2664 4406 ad
2718 4356 2957 4423 prmlium
3017 4357 3262 4409 tribubus

36 4444 166 4499 Fuit
200 4454 398 4498 autem
441 4441 588 4496 Sauli
627 4443 768 4494 tilius
800 4446 1016 4496 nomine
1043 4443 1334 4509 Jonathan,
1386 4446 1476 4514 qui
1529 4461 1607 4499 as-
1649 4477 1690 4532 Β
1717 4445 2390 4512 alienigenisinferendum
2426 4446 2589 4497 misit.
2638 4447 2893 4514 Egressus
2921 4461 3047 4512 ergo
3077 4447 3256 4510 David,

39 4537 288 4605 sumptis
331 4548 519 4586 eorum
550 4533 706 4596 mille
740 4535 867 4587 viris
895 4531 1135 4596 Nasimo,
1165 4535 1255 4603 qui
1309 4536 1360 4589 in
1393 4534 1608 4589 Yumnu

37 4631 248 4690 fuerat,
325 4639 560 4693 pugnam
621 4623 878 4685 inferens,
917 4628 1082 4691 ipsum
1133 4627 1485 4694 multosquee
1522 4628 1615 4679 tri-

35 4721 230 4773 bubus
299 4715 622 4783 alienigenis
689 4716 904 4768 occidit.
954 4713 1086 4767 Cum
1142 4732 1268 4784 ergo
1338 4717 1613 4770 audiSsent

33 4813 224 4863 tribus
264 4809 389 4860 ista:
430 4806 561 4873 quid
595 4805 812 4859 fecisset
871 4804 1170 4871 Jonathan,
1226 4808 1612 4861 convenientes

32 4919 97 4954 ex
147 4900 293 4968 ipsis
331 4898 540 4966 pedites
591 4897 772 4948 tricies
806 4897 948 4949 inille
987 4897 1334 4966 equitumque
1369 4914 1457 4951 sex
1496 4899 1614 4949 titil-

33 4993 128 5053 lia,
171 4991 244 5043 ad
277 5004 517 5058 pugnam
551 4997 736 5040 contra
786 4989 1061 5041 lsraelitas
1099 4990 1150 5040 in
1183 4988 1368 5057 Galgal
1406 4989 1614 5064 prodie-

34 5094 211 5147 runt;
248 5097 490 5149 quorum
525 5084 720 5132 lltIl'Ol'c
779 5082 1012 5147 perculsi
1051 5081 1204 5148 152
1260 5082 1512 5134 Israelita:
1562 5083 1613 5133 iti

31 5185 271 5229 montes
302 5213 319 5237 ,
364 5169 627 5224 valles'et
688 5171 899 5225 deserta
947 5172 1322 5240 confugerunt.
1391 5171 1616 5238 Fuitque

29 5267 172 5321 Saul
207 5266 269 5318 in
307 5263 537 5331 Galgal';
573 5262 856 5315 Jonatham
890 5278 1035 5324 vero,
1071 5272 1344 5330 assumpta
1396 5260 1612 5315 Israeli-

30 5374 229 5414 tarum
271 5358 521 5418 cohorte,
563 5356 626 5407 ad
675 5357 974 5408 exercitum
1018 5340 1439 5423 alienigenarum
1493 5368 1615 5420 pro-

29 5452 225 5504 fectus
251 5458 367 5510 est,
394 5459 443 5499 et
471 5462 654 5499 eorum
678 5462 856 5499 coram
885 5447 999 5513 ipso
1024 5445 1338 5512 fugientium
1367 5457 1612 5510 magnam

27 5539 355 5594 admodum
390 5546 620 5603 stragem
651 5537 837 5588 edidit.
871 5536 986 5599 Quo
1017 5535 1226 5598 audito,
1259 5535 1384 5586 Sattl
1436 5536 1483 5586 iii
1519 5535 1615 5585 tri-

29 5639 214 5683 liuunt
260 5628 495 5678 istarqu
528 5629 798 5678 exercitus
831 5640 991 5677 noctu
1044 5625 1274 5684 irruens,
1309 5639 1402 5677 eos
1447 5623 1614 5674 inter-

30 5717 201 5782 fecit,
269 5715 409 5768 adeo
436 5723 492 5767 ut
522 5730 587 5768 ne
625 5731 767 5768 unus
815 5714 1034 5784 quidem
1088 5715 1361 5769 evaderet.
1413 5714 1611 5767 Deinde

1717 4539 1867 4590 caesis
1901 4552 2084 4589 eorum
2108 4547 2324 4589 centum
2359 4538 2612 4604 pra-putia
2666 4537 2797 4604 ipsis
2846 4540 3067 4604 prmi-isa
3105 4536 3256 4590 Sauli

1716 4628 1914 4690 attulit,
1972 4628 2063 4694 qui
2112 4628 2272 4679 filiani
2329 4643 2477 4680 suam
2542 4627 2736 4679 Mirhol
2785 4628 2881 4695 ipsi
2935 4629 2985 4679 in
3043 4644 3258 4680 uxorem

1716 4719 1984 4780 dedit,cui
2023 4717 2179 4786 156
2213 4719 2469 4784 praeputia
2507 4719 2604 4770 ista
2637 4721 2736 4772 dos
2763 4727 2937 4772 erant.
2975 4717 3257 4785 Nunquam

1716 4822 1889 4862 autem
1933 4810 2079 4862 misit
2109 4808 2234 4860 Saul
2267 4808 2518 4860 Davidem
2555 4811 2618 4860 ad
2655 4811 2897 4874 pr:elium
2935 4811 3062 4876 quin
3099 4820 3262 4862 victo-

1718 4901 1796 4952 ria
1839 4903 2124 4966 potiretur.
2155 4897 2308 4963 Quod
2339 4897 2527 4952 videns
2581 4900 2704 4952 Saul
2739 4901 2917 4951 timuit
2974 4915 3040 4953 ne
3068 4910 3120 4950 et
3161 4900 3258 4966 ipsi

1720 5007 1938 5059 regnum
1982 4992 2254 5059 eriperet;
2300 5006 2467 5056 quare
2524 5006 2642 5043 cum
2707 4992 2772 5044 ab
2825 4992 2914 5042 illo
2972 4999 3255 5048 metueret,

1719 5082 1891 5148 ipsum
1925 5095 1954 5132 e
1989 5081 2164 5133 medio
2196 5080 2378 5133 tollere
2411 5081 2635 5133 studuit.
2681 5080 2835 5149 Fugit
2893 5094 3020 5147 ergo
3073 5079 3259 5141 David,

1717 5177 1768 5221 ct.
1795 5170 1858 5220 ad
1893 5168 2063 5235 ipsum
2086 5169 2393 5236 congregati
2425 5175 2551 5220 sunt
2573 5168 2670 5220 viri
2692 5166 3089 5234 quadringenti.
3127 5167 3262 5218 Mor-

1721 5270 1842 5312 tuus
1871 5268 2050 5314 autcm
2082 5268 2163 5312 est
2195 5258 2414 5313 Samuel
2450 5261 2729 5327 propheta,
2767 5257 3019 5326 denique
3058 5273 3167 5310 sua:
3211 5260 3260 5310 in

1720 5351 1924 5403 llamali
1954 5351 2219 5417 sepultus.
2250 5349 2451 5403 Deinde
2485 5364 2737 5416 egressus
2761 5348 2886 5402 Saul
2919 5350 2981 5402 ad
3019 5349 3262 5417 prinliau-

1719 5444 1843 5493 dum
1867 5457 1988 5494 cum
2025 5441 2363 5508 alienigenis.
2398 5440 2450 5492 in
2488 5441 2665 5506 fugam
2709 5457 2894 5493 versus
2930 5452 2981 5492 et
3027 5444 3256 5494 vulneri-
3308 5434 3312 5438 ’

1723 5537 1818 5585 bus
1879 5533 2185 5591 confossus,
2221 5545 2340 5582 cum
2392 5531 2445 5582 in
2506 5541 2699 5582 terram
2747 5531 3024 5597 prolapsas
3078 5544 3206 5582 essm
3241 5567 3255 5588 ,

1720 5638 1886 5691 puero
1919 5638 2040 5683 suo,
2073 5622 2161 5689 qui
2189 5622 2423 5688 armiger
2457 5622 2624 5688 ipsius
2654 5620 2930 5682 fuit,dixit
2967 5619 3105 5684 :Jug
3152 5621 3250 5670 1ιι.ε.

1725 5717 1853 5768 mihi
1894 5715 2066 5768 ferias
2091 5729 2160 5768 ne
2184 5728 2271 5768 me
2299 5713 2478 5767 vivum
2503 5717 2716 5781 capiant
2743 5714 2922 5767 hostes
2950 5713 3050 5766 mci
3085 5729 3223 5781 :qno
