3950 6348
96 269 187 333 945
1136 304 1141 307 ι
1385 300 1389 303 -
1462 227 1834 331 ΑΝΝΑιΕεί

3126 279 3129 282 '
3147 256 3245 319 946

93 390 164 433 tra
182 378 509 449 alienigenas
531 387 660 433 tunc
690 379 939 433 absente.
975 378 1108 433 Cum
1136 393 1267 447 ergo
1315 393 1431 432 eam
1454 394 1519 434 ex
1548 394 1608 434 se
1641 394 1678 448 Α
1711 379 2081 450 Hierosolyma
2116 362 2364 431 reversus
2395 382 2497 431 est.
2539 372 2885 446 169-171
2921 369 3044 443 Fuit
3071 378 3248 449 autem

92 468 380 538 concepisse
446 479 672 534 nosset,
701 468 914 543 Uriam,
961 469 1146 525 missis
1202 471 1297 539 qui
1345 468 1495 521 illum
1546 470 1607 523 ad

92 561 251 629 ipsum
299 559 649 624 adducerent,
700 575 762 614 ea
828 572 985 616 nocte
1027 561 1170 616 domi
1214 577 1324 617 sua:
1374 562 1610 616 dormire

84 651 266 720 jussit;
304 648 426 704 Uria
460 658 641 705 autem
692 666 757 706 ea
812 661 971 708 nocte
1026 652 1243 706 domum
1300 667 1447 707 suam
1501 667 1602 705 non

85 742 358 804 concessit,
391 756 573 796 verum
610 758 733 797 cum
782 742 1134 814 165-167
1176 742 1503 813 janitoribus
1549 743 1599 796 in

83 832 271 904 palatio.
287 832 564 888 dormivit.
605 833 760 889 Mane
785 850 913 904 ergo
941 836 1007 889 ad
1034 837 1325 890 exercitum
1369 851 1492 889 eum
1525 852 1634 891 re—.

84 921 217 977 misit
243 919 424 984 David,
459 922 637 991 ipsum
670 924 812 978 domi
868 940 979 979 sua;
1028 926 1386 979 obdormiisse
1416 934 1604 989 ratus;

80 1011 208 1082 quod
241 1027 304 1066 eo
340 1012 443 1067 line
476 1014 652 1069 facere
686 1016 858 1085 ipsum
898 1017 1065 1070 voluit
1094 1016 1256 1069 David
1290 1025 1347 1069 ut
1386 1016 1454 1068 ita
1482 1012 1606 1068 cum

80 1106 232 1157 uxOre
255 1117 349 1156 sua
383 1104 803 1170 concumberet;
840 1120 969 1175 quo,
1019 1122 1140 1160 cum
1198 1106 1413 1175 gravida
1468 1106 1606 1160 facta

76 1203 224 1258 esset,
258 1194 388 1247 nihil
423 1195 644 1250 haberet
674 1195 831 1264 cujus
865 1197 1036 1264 ipsum
1062 1196 1359 1252 incusaret.
1391 1198 1457 1251 At
1485 1196 1605 1251 en‘m

75 1282 202 1337 domi
227 1297 335 1336 sua:
359 1298 461 1343 non
494 1284 861 1344 dormivisset,
896 1283 1117 1353 scripsit
1150 1284 1214 1337 ad
1242 1283 1469 1340 Joabum
1506 1286 1607 1342 Da-

76 1371 152 1425 vid
197 1380 253 1424 ut
288 1369 472 1425 Uriam
533 1379 661 1425 ante
722 1384 903 1424 arcam
960 1360 1021 1423 1ηΙ
1072 1370 1253 1440 praciio
1297 1371 1602 1427 collocaret.

74 1460 208 1526 Quod
237 1473 359 1513 cum
387 1458 623 1524 fecisset,
656 1458 974 1514 interfectus
992 1468 1075 1515 est
1104 1458 1229 1514 Uria
1266 1474 1447 1514 coram
1480 1474 1604 1514 arca

73 1551 118 1604 in
147 1550 349 1620 praelio.

129 1638 218 1696 Illo
248 1654 375 1707 ergo
402 1640 607 1705 occiso,
638 1638 789 1693 duxit
816 1630 1132 1707 David'ejus
1163 1640 1444 1709 conjugcm
1478 1638 1604 1693 Βίης

1709 470 2055 533 Abshalomo,
2085 467 2303 522 Davidis
2339 466 2473 527 filio,
2528 464 2779 535 caesaries
2808 464 3025 532 copiosa
3060 460 3251 526 admo-

1709 561 1862 621 dum,
1896 558 2029 610 adeo
2057 565 2116 612 ut
2162 559 2376 627 quoties
2409 556 2728 625 capillitium
2761 568 2919 609 suum
2953 566 2980 606 a
3011 562 3249 619 tempore

1709 649 1777 702 ad
1816 655 2036 717 tempus
2068 650 2393 712 retunderet,
2436 647 2604 703 siclos
2654 646 2921 699 ducentos
2972 641 3246 723 penderet.

1709 739 1879 793 Porro
1900 737 2292 807 prephetaruut
2316 748 2557 808 tempore
2581 735 2820 803 Davidis.
2848 732 3083 806 Nathan,
3113 730 3247 794 Gad,

1706 826 2200 888 AchiavShilonita,
2232 828 2433 891 Asaph,
2465 827 2693 880 Haiman
2726 833 2783 879 et
2815 822 3118 877 Yadulbun
3150 820 3251 874 Le-

1706 918 1841 983 vila,
1881 927 1935 974 et
1964 917 2102 973 Joab
2137 919 2358 980 Servim,
2390 921 2594 972 sororis
2618 919 2837 972 Davidis
2868 918 3029 977 films,
3081 914 3171 982 qui
3201 922 3253 966 et

1708 1009 1881 1077 ipsius
1910 1010 2151 1063 vicarius
2183 1008 2302 1062 fuit.
2828 1072 2832 1076 ν

1743 1101 2146 1171 -Numerarunt
2171 1109 2352 1154 autem
2385 1099 2546 1153 David
2581 1111 2630 1153 et
2668 1099 2901 1151 vicarius
2931 1097 3101 1174 ipsius
3120 1094 3254 1148 Joab

1708 1186 2074 1243 Israelitarum
2137 1189 2333 1244 tribus.
2368 1187 2641 1244 Numerus
2671 1197 2854 1243 autem
2886 1185 3251 1248 Israelitarum

1704 1293 1861 1347 quem
1897 1288 2263 1347 supputarunt
2298 1278 2460 1334 David
2491 1288 2543 1335 et
2574 1278 2736 1341 Joab,
2763 1286 2880 1331 erat
2933 1275 3256 1344 quadragies

1707 1369 1908 1437 millies
1959 1371 2119 1444 mille
2143 1380 2198 1426 et
2250 1381 2467 1427 centum
2522 1371 2689 1426 mille.
2726 1371 2862 1442 {At
2904 1370 3057 1438 juxta
3111 1367 3254 1419 aliud

1705 1461 2006 1530 exemplar,
2038 1468 2231 1530 quater
2285 1463 2483 1516 millies
2520 1462 2665 1531 mille
2705 1470 2760 1514 et
2793 1469 3013 1514 centum
3046 1455 3256 1527 mille]

1705 1549 1941 1615 Quorum
1975 1565 2005 1604 e
2037 1549 2161 1605 lilils
2206 1550 2355 1607 Iudae
2389 1554 2800 1623 quadringenta
2831 1564 2884 1609 et
2915 1550 3257 1621 septuaginta

1708 1640 1892 1705 millia,
1931 1638 2249 1708 Benjamitaa
2281 1636 2465 1707 autem
2514 1653 2567 1696 ct
2618 1642 2827 1697 Levita:
2859 1657 2965 1695 non
2997 1654 3257 1694 numera-

70 1730 304 1795 sbebam,
334 1745 455 1799 quae
492 1730 662 1784 lilium
719 1730 821 1799 ipsi
855 1731 1083 1799 peperit.
1145 1729 1374 1785 Veniens
1426 1739 1602 1784 autem
1636 1738 1679 1795 Β
1711 1727 1925 1781 bantur.
1993 1726 2263 1782 Numerus
2330 1738 2509 1783 autem
2584 1728 3015 1799 rejectaneorum
3087 1728 3181 1798 qui
3225 1742 3259 1782 ε

71 1819 130 1875 ad
161 1821 332 1891 ipsum
362 1820 578 1876 Nathan
605 1822 889 1891 propheta,
923 1824 1100 1877 dixit:
1160 1822 1275 1877 Duo
1318 1833 1474 1878 erant
1506 1824 1603 1876 \iri

70 1914 116 1968 in
167 1912 318 1978 urbe,
372 1930 603 1984 quorum
662 1930 802 1968 unus
862 1914 1037 1979 dives,
1095 1915 1181 1969 cui
1239 1914 1503 1984 pecudum
1553 1923 1607 1969 et

69 2003 216 2059 boum
255 2017 450 2071 magna
508 2012 625 2057 erat
674 2005 878 2073 copia;
918 2003 1053 2056 alter
1088 2017 1215 2058 vero
1246 2018 1471 2072 pauj‘er,
1517 2005 1603 2058 cui

70 2102 252 2162 prater
279 2106 436 2147 ovem
473 2108 636 2148 unam
665 2106 774 2146 non
806 2103 947 2149 erat.
977 2094 1129 2161 cujus
1165 2095 1247 2148 lac
1278 2110 1342 2148 ac
1378 2095 1497 2148 lana
1531 2096 1606 2147 vi-

66 2191 200 2239 ctum
235 2182 337 2252 ipsi
388 2183 741 2252 praebebant;
793 2182 1119 2239 adveniente
1154 2194 1333 2237 autem
1372 2184 1437 2238 ad
1471 2186 1606 2239 divi.

68 2284 163 2330 tem
196 2275 410 2343 hospite
441 2274 703 2344 quodam,
756 2276 850 2332 ille
885 2276 1149 2345 prehensa
1205 2278 1460 2346 pauperis
1508 2262 1609 2332 ove

67 2380 174 2420 eam
202 2366 509 2436 jugulatam
540 2367 737 2437 hospiti
778 2382 879 2422 suo
915 2368 1192 2437 apposuit.
1232 2368 1375 2423 Dixit
1401 2370 1604 2425 David:

65 2455 296 2512 Pessime
350 2456 503 2522 fecit,
558 2456 925 2527 quadruplum
978 2447 1054 2513 illi
1114 2476 1211 2530 pro
1266 2476 1366 2515 ove
1397 2462 1607 2519 reddet.

61 2544 345 2615 locrepans
372 2562 505 2619 ergo
550 2550 727 2618 ipsum
759 2546 973 2602 Natban
1011 2548 1275 2618 propheta
1303 2566 1315 2602 :
1368 2548 1448 2604 'i‘u
1480 2550 1605 2617 (in-

59 2638 207 2707 quit)
237 2653 298 2691 es
336 2641 420 2692 vir
451 2639 564 2694 ille.
603 2628 814 2695 Scissis
842 2654 972 2708 ergo
1005 2640 1192 2695 statim
1227 2642 1467 2695 vestibus
1494 2642 1608 2695 suis

59 2744 117 2782 ac
144 2728 322 2784 cilicio
352 2729 599 2795 indutus,
629 2738 831 2799 septem
854 2725 1044 2786 diebus
1074 2730 1184 2799 jeju
1207 2733 1354 2785 navit
1376 2770 1391 2794 ,
1426 2732 1607 2785 Domi-

60 2834 180 2873 num
216 2834 383 2876 suum
414 2836 612 2889 rogans
643 2831 700 2875 ut
748 2836 975 2891 puerum
1027 2832 1202 2877 morte
1250 2822 1517 2885 alliceret;
1556 2831 1609 2874 at

55 2912 137 2967 die
153 2914 385 2982 septimo
406 2921 651 2967 mortuus
670 2921 755 2967 est
774 2926 921 2979 puer.
942 2910 1069 2965 Post
1099 2913 1211 2966 haec
1242 2928 1431 2967 rursus
1459 2929 1487 2967 e
1509 2913 1611 2967 Da-

62 3004 491 3072 vide'gravidata
539 3004 682 3058 Urina
723 3018 877 3069 uxor,
897 3001 1362 3073 Salomonemipsi
1384 3005 1603 3073 peperit.

1708 1817 1879 1888 stirpe
1906 1818 2097 1873 Jacobi
2128 1834 2234 1874 non
2268 1828 2447 1887 erant,
2491 1820 2637 1876 mille
2672 1821 2793 1874 fuit.
2830 1820 2975 1875 Dixit
2997 1835 3128 1888 ergo
3155 1819 3257 1871 Du-

1712 1908 1894 1962 miuus
1929 1908 2080 1964 Gado
2116 1910 2436 1980 prephetaa;
2478 1910 2735 1979 Displicet
2785 1912 2929 1965 'mihi
2979 1911 3124 1977 quod
3161 1910 3261 1962 Da-

1708 1997 1795 2053 vid
1849 1996 2126 2056 israelitas
2202 2002 2603 2066 numeraverit;
2644 2002 2959 2071 profectus
3003 2015 3136 2070 ergo
3184 2002 3259 2053 ad

1709 2087 1885 2152 ipsum
1915 2089 2109 2155 jubeas
2160 2092 2336 2158 ipsum
2371 2108 2539 2147 unum
2574 2108 2605 2145 ε
2633 2093 2811 2147 tribus
2864 2092 2986 2149 istis
3035 2093 3259 2162 eligere.

1709 2184 1790 2232 vel
1824 2191 1883 2234 ut
1913 2184 1983 2235 sit
2013 2198 2107 2251 per
2142 2192 2309 2235 totum
2344 2185 2515 2252 ipsius
2571 2200 2797 2254 regnum
2844 2193 3049 2254 septem
3088 2199 3261 2238 antro—

1711 2285 1828 2323 rum
1866 2270 2076 2336 fames;
2117 2272 2200 2327 vel
2238 2281 2321 2336 ut,
2378 2274 2791 2345 prmvalentibus
2825 2275 2926 2344 ipsi
2984 2276 3256 2339 hostibus.

1712 2361 1886 2414 trihus
1914 2362 2193 2417 mensibus
2221 2363 2510 2427 vincatur;
2550 2365 2633 2418 vel
2671 2375 2750 2429 ut,
2810 2366 2876 2419 ad
2932 2365 3169 2419 triduum
3191 2369 3253 2422 .in

1711 2451 1970 2506 urtiverso
1993 2452 2172 2521 ipsius
2223 2469 2396 2525 regno
2440 2466 2722 2526 grassetur
2772 2458 2959 2527 pestis.
3014 2457 3258 2529 Eligente

1705 2555 1838 2609 ergo
1872 2540 2075 2597 Davide
2122 2551 2354 2613 pestem,
2385 2546 2585 2600 mortui
2618 2556 2749 2602 sunt
2790 2547 2858 2603 ad
2912 2558 3117 2603 sextam
3150 2550 3256 2602 diei

1710 2633 1897 2685 horam
1929 2636 2249 2704 septuagies
2270 2636 2441 2691 mille.
2471 2637 2649 2702 Quare
2679 2653 2837 2709 opem
2868 2654 2897 2692 a
2924 2639 3076 2695 Gado
3104 2639 3258 2709 petiit

1710 2722 1899 2784 David,
1933 2726 2025 2794 qui
2061 2741 2185 2781 cum
2213 2728 2373 2781 simul
2407 2728 2471 2782 ad
2508 2728 2673 2783 Deum
2723 2746 2914 2799 preces
2962 2730 3255 2789 fudissent.

1710 2812 1965 2869 misertus
2006 2816 2119 2882 ipse
2152 2833 2373 2883 eorum,
2404 2816 2611 2887 pestem
2648 2822 3078 2892 172abstuiit.
3116 2822 3258 2877 Fue-
3292 2855 3295 2858 ι

1710 2915 1838 2959 runt
1889 2916 2066 2961 autem
2116 2919 2354 2978 tempore
2420 2902 2639 2966 Davidis
2693 2915 3005 2969 sacerdotes
3058 2918 3256 2969 summi

1710 2996 1995 3059 Ahiathar,
2038 3000 2338 3054 Ahimalehi
2402 2998 3032 3067 filiusﬂfiisacerdotis
3084 3006 3257 3061 aliinis

56 3092 295 3149 Fuerunt
320 3102 502 3148 autem
524 3094 710 3149 Davidi
737 3095 891 3149 liberi
920 3094 1107 3164 viginti
1128 3105 1379 3162 quatuor.
1404 3095 1601 3149 Deinde
1632 3085 1674 3142 ϐ
1706 3095 1761 3140 et
1791 3087 1988 3142 Ssdok.
2036 3088 2171 3144 Cum
2240 3099 2421 3146 autem
2471 3092 2581 3157 jam
2634 3097 3015 3151 consenuisset
3068 3098 3252 3161 David,

55 3186 260 3241 Amnon
303 3184 527 3239 Davidis
566 3185 1050 3249 lilius,liberorum
1078 3184 1245 3253 ipsius
1265 3192 1392 3238 natu
1428 3184 1604 3238 niaxi-

52 3292 189 3344 mus,
242 3277 411 3347 168
464 3292 707 3331 sororem
762 3291 916 3330 suam
965 3291 1029 3330 ex
1066 3285 1219 3345 parte
1270 3277 1459 3345 patris,
1516 3276 1604 3330 cui

54 3382 241 3423 nomen
268 3368 529 3433 Thamar,
582 3376 926 3437 conspectam
974 3368 1282 3437 deperiens,
1334 3383 1454 3423 cum
1490 3368 1604 3435 ipsa

52 3471 377 3527 congressus
404 3469 489 3515 est
510 3475 526 3525 ;
553 3450 713 3528 quam
741 3458 813 3513 ob
832 3473 945 3513 rem
970 3458 1139 3513 iratus
1167 3457 1329 3513 frater
1352 3458 1469 3525 ejus
1488 3468 1609 3512 ute-

54 3549 223 3613 rinus,
258 3550 360 3604 cui
384 3545 575 3605 nomen
613 3548 1014 3613 Abishalomus,
1046 3548 1262 3601 Davidis
1295 3549 1459 3613 illius,
1498 3548 1607 3603 fra-

55 3646 184 3694 trem
217 3656 382 3694 suum
411 3641 623 3693 Amnon
657 3638 961 3706 interfecit;
989 3639 1186 3694 deinde
1208 3640 1271 3695 ad
1298 3639 1603 3705 Tlialmani,

52 3728 267 3782 Amiudi
308 3728 505 3789 ﬁlium.
535 3726 762 3781 Gesburi
795 3743 973 3799 regem
1004 3728 1160 3799 fttgit,
1195 3730 1283 3782 ulti
1320 3744 1442 3783 cum
1474 3742 1608 3784 con-

53 3821 253 3890 gregati
284 3831 470 3876 essent
501 3820 565 3874 ad
599 3820 777 3888 ipsum
807 3835 877 3874 ex
919 3819 1183 3877 lsraeiitis
1218 3821 1318 3874 viri
1352 3821 1599 3883 ducenti,

56 3920 243 3965 contra
272 3918 490 3980 patrem
522 3926 679 3966 suum
713 3909 956 3975 rebellis,
990 3910 1267 3981 proiectus
1297 3909 1605 3967 Hebronem

50 4002 364 4073 occupavit.
430 4002 626 4056 Audito
674 4016 805 4072 ergo
855 4002 1054 4072 ipsum-
1087 4002 1391 4057 iiebronem
1444 4018 1608 4057 oceu-

49 4108 229 4163 passe,
285 4101 542 4149 metuens
576 4094 662 4147 {ab
719 4094 838 4163 ipso
892 4081 1081 4158 David,
1116 4091 1186 4147 ab
1220 4093 1605 4165 Hierosolymis

53 4184 183 4239 urbe
207 4183 453 4252 ,descrta
485 4182 666 4253 fugit;
715 4196 825 4252 quo
856 4184 1179 4252 perveniens
1238 4184 1383 4239 filius
1412 4184 1606 4252 ipsius,

52 4276 358 4343 urbemque
394 4276 697 4344 ingressus.
749 4273 1033 4344 prehensis
1064 4276 1234 4343 patris
1287 4274 1371 4329 sui
1404 4289 1607 4345 concu—

52 4364 195 4420 binis
224 4380 354 4420 cum
388 4365 522 4434 ipsis
546 4366 685 4435 quod
721 4374 877 4435 turpe
929 4375 1013 4420 est
1042 4367 1315 4420 commisit
1342 4380 1357 4419 :
1410 4366 1606 4420 deinde
1638 4403 1683 4460 υ

53 4458 117 4511 ad
148 4465 363 4527 patrem
410 4471 569 4511 suum
627 4456 881 4509 Davidem
932 4456 1285 4523 quaerendum
1333 4458 1606 4525 profectus

50 4558 149 4613 est,
171 4549 267 4617 qui
304 4548 377 4602 ab
409 4548 526 4617 ipso
551 4546 671 4615 fuga
692 4546 1081 4615 se‘proripiens
1108 4545 1395 4602 Iordanem
1424 4558 1609 4604 transe

51 4638 149 4704 iit;
202 4649 264 4693 at
320 4637 460 4693 Joab
486 4636 702 4691 Davidis
762 4638 1070 4707 deputatus,
1103 4638 1325 4699 collecta
1386 4654 1606 4693 suorum

53 4727 431 4789 multitudine,
467 4733 659 4779 contra
707 4725 1116 4779 Abisbalomum
1158 4724 1375 4779 Dmidis
1432 4726 1597 4779 lilium

50 4818 317 4888 perrexit,
364 4814 825 4883 commissumque
849 4821 930 4868 est
966 4814 1108 4867 inter
1164 4815 1309 4881 ipsos
1366 4799 1606 4883 praelium

52 4910 104 4963 in
134 4906 424 4976 prralmi
477 4904 697 4971 finibus,
728 4904 783 4963 in
819 4920 928 4973 quo
961 4904 1131 4959 occisi
1185 4914 1312 4959 sunt
1344 4921 1374 4959 ε
1398 4905 1609 4963 duobus

49 4996 394 5054 exercitibus
426 4997 597 5050 vici'es
626 4994 793 5058 mille,
818 5009 941 5049 cum
973 4994 1258 5049 conﬂictus
1292 4994 1430 5049 inter
1463 4998 1608 5065 ipsos

49 5090 353 5146 vehemens
380 5095 557 5150 esset.
608 5086 962 5141 -Abishalomo
1013 5094 1186 5139 autem
1238 5088 1383 5139 mulo
1438 5096 1608 5155 vet-to,

49 5195 175 5235 cum
212 5177 397 5245 capilli
448 5177 645 5248 capitis
672 5177 845 5246 ipsius
878 5178 1165 5232 terebinthi
1202 5194 1354 5231 ramo
1394 5178 1606 5233 cuidam

56 5269 279 5338 implexi
341 5277 544 5325 essent.
604 5268 880 5321 confracta
914 5275 995 5321 est
1028 5269 1211 5321 cervix
1238 5287 1251 5333 ;
1284 5268 1421 5323 Joab
1444 5270 1605 5323 etiam

62 5360 161 5414 tria
214 5358 349 5421 tela,
379 5360 578 5428 quibus
636 5360 815 5428 ipsum
878 5350 1173 5429 percussit,
1230 5362 1377 5413 cordi
1436 5362 1607 5429 ipsius

56 5449 256 5512 inﬁxit,
296 5464 603 5519 unusquc.c
633 5449 751 5505 Jobi
816 5438 1107 5506 comitibus
1163 5452 1342 5521 gladio
1390 5469 1608 5522 percus-

55 5556 174 5595 Sum
208 5543 503 5598 interfecit.
548 5545 611 5597 At
647 5560 769 5598 eum
805 5546 1024 5601 allatum
1056 5557 1203 5600 esset
1232 5547 1297 5600 ad
1352 5546 1604 5601 Davidem

55 5634 339 5708 nuntium,
390 5635 585 5703 ingenti
641 5636 727 5688 illc
781 5651 1008 5689 mmrorc
1058 5635 1281 5691 alicctus
1315 5638 1378 5691 ad
1422 5638 1604 5692 urbem

1714 3178 1991 3234 Salomoni
2026 3181 2136 3236 tilio
2167 3198 2269 3239 suo
2303 3186 2645 3254 praecipiens,
2705 3173 2971 3257 quidquid
3004 3191 3058 3244 in
3089 3206 3256 3261 regno

1710 3282 1812 3322 suo
1843 3268 2034 3325 habuit
2062 3286 2225 3340 opum
2256 3289 2612 3342 gemmarum,
2642 3277 2760 3331 auri
2815 3287 2871 3333 et
2916 3282 3124 3347 argenti
3156 3282 3255 3353 ipsi

1710 3358 1952 3414 tradidit.
1984 3361 2348 3419 Mortuusest
2378 3379 2510 3435 ergo
2543 3366 2713 3435 David
2768 3374 3054 3440 propheta,
3085 3387 3257 3428 annos

1710 3458 1873 3505 natus
1906 3454 2279 3522 septuaginta,
2309 3470 2542 3525 quorum
2599 3460 2956 3530 quadraginta
2990 3466 3254 3533 regnavit.

1709 3538 1839 3600 Post
1871 3541 2046 3612 ipsum
2082 3558 2308 3615 regnum
2358 3547 2599 3603 obtinuit
2629 3549 2774 3607 illius
2806 3551 2974 3620 ipsius
3000 3553 3254 3609 Salomon

1709 3646 1886 3686 annos
1923 3644 2082 3689 natus
2132 3636 2441 3703 duodecim,
2492 3642 2844 3711 regnavltque
2886 3651 3007 3713 post
3051 3653 3253 3710 patrem

1712 3738 1874 3779 suum
1926 3739 2099 3781 annos
2146 3729 2551 3798 quadraginta:
2605 3745 2635 3785 a
2666 3747 2774 3801 quo
2822 3741 3068 3790 metuens
3098 3735 3256 3799 Joah,

1712 3814 1931 3897 Davidis
1984 3818 2245 3883 vicarius,
2302 3820 2357 3875 in
2408 3824 2665 3892 templum
2722 3824 2934 3880 Domini
2991 3828 3256 3899 confugit.

1661 3910 1667 3915 '
1709 3905 1855 3962 Misit
1902 3922 2033 3978 ergo
2083 3908 2341 3963 Salomon
2392 3910 2685 3983 Benayam,
2736 3911 3012 3970 Jehoiadai
3061 3917 3261 3979 lilium;

1708 3998 1798 4067 qui
1834 3999 2010 4068 ipsum
2062 4000 2243 4070 gladio
2280 4001 2555 4059 interfecit
2588 4013 2643 4061 et
2666 4006 2729 4059 in
2763 4007 2975 4063 deserto
3022 4010 3253 4078 sepeliit.

1708 4088 2212 4159 Conlirmatumque
2256 4100 2342 4146 est
2396 4107 2621 4164 regnum
2675 4095 2979 4154 Salomonis
3033 4099 3171 4155 adeo
3200 4115 3257 4155 ut

1710 4183 1963 4235 timerent
1997 4181 2173 4251 ipsum
2225 4197 2417 4241 omnes
2445 4184 2538 4254 qui
2572 4186 2714 4240 circa
2746 4187 2921 4256 ipsum
2954 4196 3137 4247 essent
3168 4208 3253 4249 re-

1709 4287 1825 4336 ges,
1856 4272 2157 4343 missisque
2186 4275 2251 4329 ad
2280 4290 2405 4330 eum
2436 4277 2756 4332 muneribus
2782 4294 2904 4334 cum
2933 4284 3054 4350 ipso
3083 4274 3285 4340 fndus}

1710 4360 1929 4416 inirent.
1963 4360 2133 4419 Porro
2174 4363 2426 4420 Salomon
2458 4365 2828 4439 Hierosolyma
2866 4386 3023 4427 muro
3053 4372 3251 4432 cinxit:

1711 4468 1964 4524 annoque
1996 4457 2144 4528 regni
2172 4457 2255 4513 sui
2283 4456 2607 4512 duodecimo
2641 4475 2927 4529 aggressus
2955 4473 3041 4519 est
3072 4469 3255 4533 templi

1710 4553 2065 4601 structuram.
2101 4545 2269 4601 Multa
2301 4557 2481 4601 autem
2536 4548 2639 4617 ipsi
2668 4549 2807 4604 dona
2871 4551 3019 4607 misit
3053 4551 3256 4617 "iram,

1710 4636 1833 4708 Tyri
1874 4654 1992 4701 rex,
2028 4640 2303 4708 multaque
2338 4639 2479 4708 ligna
2518 4640 2760 4705 redrina,
2793 4641 2971 4710 pinea,
3004 4643 3252 4713 abiegna,

1711 4732 1841 4794 quin
1871 4741 1925 4784 et
1952 4745 2085 4799 opes
2111 4732 2315 4785 multas
2346 4725 2464 4800 qua:
2493 4732 2593 4799 ipsi
2630 4733 2695 4786 ad
2745 4732 3004 4802 templum
3038 4744 3277 4788 exstruv

1712 4822 1910 4874 endum
1958 4819 2274 4889 adjumento
2306 4826 2511 4886 essent,
2560 4820 2799 4875 donante
2851 4820 2955 4891 ipsi
3000 4821 3253 4876 vicissim

1711 4911 2001 4967 Salomone
2031 4912 2325 4979 quotannis
2354 4924 2513 4965 curos
2545 4911 2709 4966 tritici
2743 4912 2911 4965 vicies
2938 4911 3101 4974 mille.
3126 4930 3253 4966 uva-

1711 5017 1937 5070 rnmque
1972 5017 2253 5071 passarum
2307 5002 2557 5056 totidem.
2612 5002 2783 5055 Porro
2812 5002 3013 5055 dicitur
3047 5000 3248 5066 Hiram,

1710 5090 1835 5159 ’l'yri
1870 5105 2073 5159 regem,
2104 5090 2341 5159 primum
2395 5105 2579 5159 regum
2637 5086 2930 5203 purRu‘ram
2992 5092 3251 5149 induisse.

1715 5180 1864 5203 -.-2.-,.
1897 5182 1971 5203 .._!
2030 5195 2190 5203 ----_-
2234 5181 2331 5203 (“In
2417 5180 2553 5203 ---ΑΔ
2611 5193 2729 5203 Δι’-Α
2784 5180 3033 5203 -..2Ιὲ--2,
3074 5183 3226 5203 .-Α

1710 5180 1866 5249 cujus
1897 5182 1971 5233 rei
2025 5195 2193 5234 causa
2234 5181 2355 5243 fuit,
2412 5180 2555 5248 quod
2606 5193 2729 5233 cum
2765 5180 3035 5249 'opilionis
3074 5183 3253 5253 173-

1714 5269 1867 5340 175
1897 5271 2177 5338 cujusdam
2214 5270 2387 5334 canis,
2418 5269 2511 5338 qui
2544 5270 2719 5337 ipsum
2752 5269 2840 5324 die
2872 5270 3105 5339 quodam
3138 5289 3245 5338 quo
3310 5308 3314 5313 λ

1709 5379 1836 5416 oves
1864 5363 1916 5415 in
1948 5363 2113 5416 maris
2148 5364 2333 5429 littore
2359 5369 2625 5430 pasceret,
2665 5362 2956 5418 comitatus
2986 5374 3087 5427 est;
3123 5380 3243 5417 mu-

1711 5455 1871 5509 riccm
1897 5452 2097 5507 coloris
2128 5450 2383 5523 purpurei
2434 5453 2487 5507 in
2520 5452 2701 5508 littore
2754 5462 3054 5522 reptantem
3084 5456 3251 5512 elicu-

1709 5546 1863 5610 dens,
1904 5545 2081 5614 ipsum
2114 5536 2322 5607 ederet,
2374 5544 2509 5599 adeo
2547 5553 2604 5597 ut
2638 5545 2904 5613 sanguine
2938 5547 3159 5597 muricis
3187 5561 3251 5602 os

1708 5636 1874 5703 ipsius
1932 5635 2534 5705 impleretur;enviso,
2594 5645 2789 5703 pastor,
2846 5645 3060 5703 accepta
3110 5637 3249 5696 lana,
