3950 6348
650 236 758 300 947

1649 242 2012 304 ΕυΤΥΟΗΗ
2062 248 2096 302 .-\
2114 246 2225 304 LE!

2327 248 2587 310 nomen
2620 250 2831 309 mm.
3720 269 3787 329 9η

654 352 805 406 canis
837 366 899 405 os
951 350 1227 411 abstersit,
1256 364 1288 404 e
1317 365 1421 420 qua
1455 366 1577 404 cum
1608 350 1909 406 confectam
1951 353 2208 407 corollam
2240 362 2282 413 Α
2317 358 2711 425 peperisscmns
2752 373 2851 420 ego
2896 368 2949 411 et
2995 363 3185 416 tnulier
3223 363 3321 416 ista
3368 364 3419 418 in
3455 367 3634 422 eadem
3664 374 3789 425 itm"...

651 442 813 512 capiti
861 457 962 496 suo
1012 442 1382 510 imposuisset,
1462 442 1664 497 factum
1713 452 1794 498 est
1850 454 1907 498 ut
1958 445 2206 514 quisquis

625 534 831 601 ipsum
863 532 918 585 in
958 531 1074 586 sole
1124 530 1494 586 ambulantem
1547 534 1907 603 conspiceret,
1959 550 1989 587 e
2035 536 2210 603 capite

662 623 834 702 ipsius
869 622 1010 689 ignis
1059 619 1323 690 fulgorem
1384 621 1604 689 prodire
1655 623 2035 675 existimaret:
2101 637 2210 688 quo

657 712 872 779 audito,
907 714 1091 766 Hiram
1124 711 1250 783 Tyri
1303 728 1417 783 rex,
1444 713 1624 768 missis
1655 716 1749 782 qui
1807 722 2082 783 pastorem
2115 729 2209 766 ac-

656 815 954 866 cerserent,
1028 818 1150 859 cum
1213 805 1473 858 corollnm
1529 804 1929 873 conspexisset,
2008 803 2210 859 coloris

636 895 1118 965 opulchritudincm
1198 897 1448 959 miratus,
1506 895 1771 950 tinctores
1821 888 2051 948 similem
2109 894 2209 948 sibi

658 988 865 1057 tingere
892 987 1059 1053 jussit
1087 1004 1102 1041 :
1144 988 1234 1052 qui
1292 987 1361 1042 ad
1395 986 1547 1042 littus
1581 985 1832 1053 profecti,
1865 986 2212 1055 quaesitisque

659 1093 724 1131 ac
757 1079 1002 1145 repertis
1038 1076 1364 1143 muricibus,
1433 1091 1733 1147 purpuram
1769 1076 1843 1131 illi
1909 1076 2208 1131 tinxerunt.

659 1168 836 1237 Atque
870 1171 987 1223 bzec
1018 1169 1252 1223 inventae
1282 1183 1539 1238 purpura
1567 1169 1706 1222 ratio
1736 1166 1862 1222 fuit.

727 1260 844 1314 Fuit
881 1269 1060 1314 autem
1094 1259 1274 1327 templi
1298 1249 1665 1327 quod'struxit
1690 1258 1949 1313 Salomon
1994 1257 2212 1312 Davidis

659 1350 823 1415 lilius,
857 1350 1137 1420 longitudo
1190 1348 1495 1411 cubitorum
1528 1350 1830 1419 sexaginta,
1876 1349 2102 1403 latitudo
2136 1349 2215 1403 vi-

658 1443 817 1511 ginti,
858 1442 1090 1511 altitudo
1150 1450 1394 1508 centum,
1448 1442 1605 1513 cujus
1652 1452 1860 1511 partem
1897 1441 2210 1496 interiorem

655 1543 824 1587 totam
853 1549 990 1589 auro
1027 1533 1300 1594 obduxit:
1352 1532 1481 1603 quin
1535 1541 1589 1588 et
1646 1533 1789 1587 intra
1826 1532 2083 1601 templum
2121 1545 2212 1586 sa-

660 1626 899 1678 crarium
932 1640 965 1679 e
996 1623 1158 1693 lignis
1216 1623 1461 1693 abiegnis
1521 1624 1742 1689 struxit,
1775 1623 1990 1679 cubitos
2018 1621 2208 1693 viginti

663 1715 902 1784 longum,
935 1714 1123 1783 viginti
1159 1714 1348 1778 latum,
1408 1727 1473 1767 ac
1529 1714 1755 1769 totidem
1813 1715 2017 1777 altum;
2070 1712 2213 1782 quod
2248 1697 2287 1750 Β

661 1816 772 1856 tam
809 1804 956 1859 intus
979 1819 1140 1872 quam
1173 1802 1307 1857 loris
1336 1818 1472 1858 auro
1500 1802 1750 1864 obduxit,
1787 1802 1927 1856 facta
1963 1816 2127 1869 super
2153 1813 2229 1854 eo

659 1892 1079 1946 cherubinorum
1160 1890 1354 1953 forma,
1428 1905 1658 1961 quorum
1738 1900 1964 1958 uterque
2033 1888 2218 1942 decem

658 1994 778 2039 erat
810 1985 1027 2039 cubitos
1076 1985 1291 2052 longus,
1329 1997 1394 2037 ac
1434 1983 1679 2051 quinque
1729 1983 1890 2044 latus,
1942 1996 2004 2035 ex
2058 1994 2217 2041 auro.

661 2092 804 2129 unus
834 2091 863 2129 a
886 2077 898 2127 l
930 2076 1153 2130 sacrarii
1186 2077 1327 2129 latus
1353 2076 1625 2138 dextrum,
1652 2074 1789 2126 alter
1816 2072 1881 2125 ad
1907 2072 2214 2135 sinistrum,

657 2176 713 2220 et
752 2166 967 2234 utrique
998 2181 1089 2220 sex
1113 2165 1233 2229 alea,
1265 2165 1469 2233 quibus
1496 2179 1658 2232 super
1686 2178 1752 2216 eo
1773 2162 2011 2217 extensis
2044 2163 2217 2229 ipsum

658 2258 1004 2328 obtegebant.
1056 2256 1185 2310 Dein
1244 2270 1426 2307 arcam
1473 2270 1504 2308 e
1562 2254 1780 2307 civitate
1838 2251 1998 2322 176
2047 2251 2215 2305 Sihun

659 2348 946 2403 deductam
984 2346 1038 2400 in
1072 2345 1239 2399 dumo
1276 2345 1378 2398 ista
1416 2342 1614 2412 posuit.
1672 2341 1812 2408 Quin
1843 2350 1898 2395 et
1927 2351 2053 2395 ante
2083 2351 2220 2394 tent-

663 2440 810 2509 plum
844 2438 988 2494 istud
1023 2437 1159 2491 duas
1196 2436 1480 2489 columnas
1510 2448 1689 2487 n-neas
1721 2433 1969 2502 ingentes
2004 2432 2217 2492 statuit,

661 2547 891 2603 quarum
924 2542 1155 2598 utraque
1187 2527 1406 2597 triginta
1433 2525 1650 2580 cubitos
1695 2524 1851 2589 longa
1905 2522 2028 2586 fuit,
2062 2523 2218 2590 quin-

663 2638 769 2687 que
794 2623 943 2688 lata;
977 2620 1178 2689 quibus
1218 2618 1395 2672 velum
1449 2615 1769 2670 coccineum
1820 2613 1962 2681 quod
2017 2611 2220 2666 fecerat

663 2713 898 2768 diversis
952 2725 1290 2781 gemmarum
1354 2707 1645 2773 speciebus
1701 2712 2012 2759 consertum
2073 2718 2103 2757 e
2138 2718 2221 2756 re-

665 2804 825 2870 gione
855 2803 1042 2872 templi
1072 2800 1353 2871 appendit.
1385 2798 1628 2853 Mensam
1657 2796 1819 2851 etiam
1849 2810 2056 2850 aeneam
2090 2792 2219 2849 fecit

668 2900 722 2950 in
771 2912 878 2961 qua
933 2907 1224 2966 poneretur
1276 2894 1433 2966 panis
1484 2889 1814 2957 oblationis;
1850 2889 2007 2957 cujus
2046 2888 2221 2955 longi-

667 2989 800 3043 tudo
834 2988 1023 3055 viginti
1055 2995 1174 3041 ernt
1207 2985 1539 3046 cubitorum,
1595 2997 1658 3036 ac
1711 2981 1935 3035 totidem
1967 2978 2214 3040 latitudo,

669 3079 947 3135 rrassities
975 3078 1162 3135 decem
1190 3092 1206 3139 ;
1241 3090 1401 3146 quam
1437 3082 1491 3129 et
1520 3089 1654 3128 auro
1685 3072 2020 3141 gemmisque
2047 3069 2219 3123 obdu-

601 3151 605 3155 ”
668 3173 767 3226 xit.
803 3170 998 3226 Omnia
1027 3170 1193 3224 etiam
1228 3183 1357 3221 vasa
1398 3181 1586 3229 aurea,
1617 3164 1959 3233 argentca'ct
1993 3161 2222 3231 gemmis

668 3260 920 3316 confecta
971 3260 1025 3313 in
1060 3258 1320 3328 templum
1377 3256 1715 3326 importavit.
1774 3252 1985 3307 Struxit
2060 3251 2222 3304 etiam

669 3353 774 3407 sibi
807 3351 1086 3421 palatium,
1150 3348 1294 3417 quod
1365 3361 1521 3410 auro,
1590 3351 1925 3412 argentoque
1987 3341 2273 3404 oblevit;.

669 3442 829 3511 cujus
862 3441 916 3495 in
953 3438 1134 3494 medio
1166 3438 1479 3506 praetorium
1529 3435 1821 3502 exstruxit,
1858 3433 2072 3487 cubitos
2100 3445 2227 3484 cen-

672 3542 787 3583 tum
812 3529 1056 3597 longum,
1104 3528 1499 3597 quinquaginta
1551 3526 1739 3588 latum,
1768 3523 1935 3576 altum
1965 3519 2223 3590 triginta;

673 3620 902 3677 interius
954 3618 1109 3687 quasi
1161 3615 1526 3670 ambientibus
1576 3625 1808 3682 quatuor
1852 3611 2224 3664 columnarum

672 3710 1017 3766 cedrinarum
1072 3722 1211 3762 auro
1266 3705 1629 3761 obductarmn
1705 3702 2011 3763 ordinibus,
2066 3714 2228 3767 super

677 3802 874 3869 quibus
946 3810 1103 3854 erant
1170 3805 1402 3866 quatuor
1443 3803 1582 3850 tecta
1625 3808 1761 3847 auro
1796 3801 2007 3847 ornata.
2064 3788 2228 3861 .Fecit

671 3894 835 3951 etiam
867 3894 1129 3947 thronum
1175 3901 1430 3955 magnum
1470 3885 1800 3943 eburneum,
1861 3895 1996 3933 auro
2050 3877 2229 3931 varie-

677 3993 883 4052 gntum,
909 3980 1247 4054 gemmisque
1276 3976 1618 4037 distinctum,
1650 3974 1792 4043 quod
1827 3974 1878 4026 in
1909 3970 2070 4039 hujus
2096 3984 2230 4037 prat-

680 4077 801 4130 torii
859 4074 1035 4129 medio
1094 4070 1305 4133 statuit,
1351 4068 1439 4122 cui
1495 4067 1753 4121 insideret
1788 4064 1923 4132 ipse,
1984 4076 2105 4115 cum
2164 4061 2230 4114 de

680 4168 953 4221 hominum
983 4164 1147 4217 rebus
1179 4166 1556 4230 cognosceret.
1590 4155 1799 4223 Templi
1835 4162 2015 4207 autem
2055 4162 2108 4204 ct
2139 4164 2232 4218 pa-

680 4257 795 4312 latii
872 4264 1209 4310 structuram
1272 4258 1473 4318 septem
1542 4246 1699 4300 annis
1755 4244 2003 4299 absolvit.
2055 4240 2229 4295 Jama

2315 461 2379 499 ac
2410 456 2659 501 u'ortuus
2691 460 2827 503 esset
2866 458 3025 503 noctu
3064 453 3202 506 titius
3226 455 3419 522 ipsius,
3451 473 3535 511 me
3560 451 3794 523 dormiente

2317 533 2405 586 illa
2443 535 2609 588 lilium
2645 552 2803 590 suum
2838 546 3108 590 mortuum
3141 543 3467 606 prehensum
3501 550 3683 614 pectori
3717 570 3798 605 meo

2317 624 2627 685 admovens.
2657 627 2721 677 ad
2748 642 2808 681 se
2833 628 3002 683 lilium
3026 629 3191 683 istum
3222 648 3401 688 meum
3431 635 3641 706 recepit}
3667 645 3798 699 Altera

2316 725 2493 770 autem
2529 732 2544 770 :
2590 715 2685 771 llic
2725 711 2942 786 (inquit)
2991 734 3144 788 puer,
3182 728 3341 777 meus‘
3384 734 3468 781 est
3511 728 3683 794 lilius;
3720 734 3802 799 ejris

2318 814 2519 867 autem,
2554 816 2823 862 mortuus.
2850 810 3104 864 Salomon
3131 826 3260 881 ergo
3294 814 3529 879 gladium
3553 820 3647 873 sibi
3672 822 3801 877 aﬂerri

2312 896 2532 966 iubens,
2573 914 2908 968 puerumque
2959 917 3118 955 manu
3167 917 3263 957 sua
3303 906 3635 974 prehendens
3662 931 3674 968 :
3702 914 3806 968 Divi-

2316 988 2462 1052 dam,
2488 989 2682 1058 inquit,
2712 990 2764 1043 in
2791 989 2927 1045 duas
2958 999 3136 1058 partes
3166 1007 3413 1060 puerum,
3447 1013 3663 1064 quarum
3690 1018 3807 1057 unam

2316 1080 2532 1149 utrique
2580 1091 2817 1135 vestrum
2869 1082 3097 1136 tradam.
3151 1082 3286 1136 Tum
3334 1096 3504 1140 mater
3538 1091 3696 1156 pueri,
3736 1091 3806 1144 Do

2320 1171 2465 1224 mine
2504 1172 2599 1230 mi.
2632 1171 2830 1240 inquit,
2862 1191 2929 1230 ne
2953 1174 3163 1229 dividas
3195 1175 3395 1243 ipsum,
3428 1179 3523 1232 sed
3560 1182 3608 1233 ei
3637 1181 3810 1255 [totum]

2317 1262 2538 1327 tradas;
2584 1264 2795 1319 dicente
2841 1267 3007 1319 altera
3051 1284 3065 1320 :
3118 1267 3333 1339 [Quin]
3384 1270 3614 1334 dividas,
3657 1286 3707 1328 nt
3742 1292 3813 1327 nec

2319 1351 2449 1405 mihi
2482 1353 2573 1417 sit,
2621 1369 2719 1407 nec
2766 1354 2865 1409 illi.
2907 1355 3062 1409 Dedit
3103 1372 3231 1426 ergo
3257 1358 3514 1414 Salomon
3562 1376 3759 1429 puerum
3779 1368 3813 1417 ei

2318 1454 2436 1509 quae
2457 1455 2524 1494 ne
2547 1440 2880 1496 divideretur
2901 1444 3074 1512 petiit,
3104 1456 3440 1515 perspectum
3466 1448 3665 1503 habens
3688 1449 3816 1518 ipsam

2319 1541 2545 1587 matrem
2591 1534 2713 1601 ejus
2741 1551 2887 1596 esse.
2918 1550 2981 1592 ex
3016 1552 3080 1591 eo
3112 1539 3203 1607 qui
3251 1538 3502 1605 apparuit
3545 1552 3665 1606 erga
3706 1540 3819 1592 illum

2319 1623 2518 1678 all‘ectu
2571 1625 2760 1692 ipsius.
2816 1626 3100 1693 Miratiqne
3144 1637 3270 1682 sunt
3325 1629 3576 1684 homines
3608 1629 3819 1698 judicium

2318 1715 2509 1785 ipsius.
2562 1714 2805 1769 Fuerunt
2835 1725 3011 1770 autem
3046 1717 3358 1773 Salomonis
3396 1730 3596 1774 uxores
3624 1720 3824 1789 ingenua

2319 1806 2695 1874 septingenta‘,
2725 1814 2777 1857 et
2802 1816 2885 1859 ter
2909 1817 3125 1859 centum
3155 1807 3315 1877 180
3340 1809 3676 1864 concubina.
3704 1808 3824 1862 fluxit

2317 1897 2478 1952 etiam
2508 1895 2758 1951 Salomon
2788 1895 3100 1957 Pharaonis,
3126 1897 3340 1969 Επμί
3366 1900 3526 1968 regis,
3550 1900 3639 1953 cui
3668 1915 3823 1953 nomen

2320 1986 2539 2047 Sbisak.
2569 1986 2754 2049 tiliam,
2803 2002 3034 2056 eamque
3063 1986 3436 2059 Hierosolyma
3463 1990 3704 2044 adduxit.
3733 1988 3826 2043 Post

2317 2093 2437 2146 qua:
2466 2079 2740 2145 profectus
2783 2078 3016 2142 Pharao,
3059 2076 3273 2148 Egypti
3312 2093 3426 2144 rex,
3471 2086 3657 2133 urbem
3696 2081 3828 2134 Aazar

2317 2175 2675 2235 expugnatam
2702 2167 2823 2233 igne
2854 2165 3157 2221 succendit.
3188 2168 3308 2234 lgne
3335 2168 3501 2220 etiam
3525 2167 3829 2222 Chanaanitis

2318 2255 2537 2309 Maraab
2559 2255 2918 2311 incolentibus
2948 2255 3217 2315 immisso.
3248 2269 3377 2324 opes
3401 2270 3591 2310 eorum
3625 2271 3750 2325 quas
3769 2255 3829 2307 di-

2319 2347 2481 2415 ripuit
2514 2348 2578 2400 ad
2631 2348 2792 2401 filiam
2842 2362 2997 2401 suam
3043 2347 3351 2401 Salomonis
3382 2347 3668 2415 coniugem
3702 2349 3829 2401 misit.

2321 2436 2522 2506 Regina
2569 2439 2730 2492 etiam
2780 2438 2953 2497 Saba}.
3005 2438 3190 2491 audito
3239 2452 3467 2507 regnare
3502 2435 3831 2495 Salomoneni.

2320 2530 2385 2582 ad
2435 2530 2610 2596 ipsum
2663 2530 2844 2583 rnultis
2886 2543 3009 2583 cum
3048 2528 3367 2584 muneribus
3414 2530 3700 2591 accedens,
3724 2527 3835 2581 dedit

2321 2620 2424 2688 ipsi
2462 2620 2580 2672 auri
2615 2620 2812 2672 talenta
2843 2628 3061 2673 centum
3094 2620 3337 2689 triginta.
3368 2619 3614 2688 Cumque
3635 2620 3684 2675 ei
3712 2618 3835 2672 vicis-

2321 2709 2423 2762 sim
2473 2708 2713 2762 dedisset
2767 2707 3022 2762 Salomon
3072 2709 3440 2777 quodcunque
3487 2709 3748 2777 petiisset,
3788 2709 3837 2760 ab

2320 2798 2437 2866 ipso
2459 2812 2670 2853 reversa
2699 2806 2804 2852 est.
2827 2786 2989 2852 Duxit
3020 2800 3148 2867 quin
3178 2800 3340 2856 etiam
3367 2798 3647 2860 Salomon,
3665 2799 3839 2853 David»

2321 2885 2483 2949 filius,
2527 2887 2762 2941 trilnnnn
2819 2887 3242 2953 alienigenarum
3278 2888 3436 2948 filias.
3468 2891 3573 2942 vir.
3601 2888 3842 2942 Ammoni-

2320 2988 2520 3037 tarum.
2572 2977 3015 3043 Amalekitarum,
3075 2977 3450 3042 Dloahitaruln,
3499 2980 3842 3041 aliarumque:

2323 3082 2457 3137 quas
2485 3082 2607 3121 cum
2640 3074 2865 3127 amaret,
2893 3081 2999 3135 pne
3028 3067 3232 3121 amoris
3252 3082 3361 3136 quo
3387 3069 3534 3135 ipsas
3563 3068 3844 3136 complexus

2321 3167 2409 3215 est
2461 3157 2827 3221 vehementia,
2879 3158 3056 3225 ipsum
3086 3157 3426 3225 impulerunt
3470 3158 3576 3213 sibi
3624 3158 3843 3227 templum

2323 3249 2579 3312 condere,
2612 3248 2663 3302 in
2698 3264 2805 3318 quo
2832 3248 2971 3302 idola
3002 3263 3124 3317 quae
3153 3248 3414 3313 colerent,
3450 3249 3756 3318 quibusque
3780 3262 3845 3303 st-

2326 3340 2651 3399 erillcarent.
2698 3338 2959 3407 reposuit.
2996 3340 3171 3407 Atque
3219 3339 3357 3392 hanc
3393 3339 3719 3394 oh'cansam
3772 3336 3842 3390 de-

2322 3432 2497 3501 jectus
2525 3441 2607 3486 est
2634 3429 2914 3485 Salomon.
2952 3429 3167 3483 Davidis
3184 3429 3327 3485 ﬁlius
3346 3430 3414 3484 de
3444 3430 3619 3499 gradu
3650 3428 3847 3499 prophe-

2328 3522 2458 3576 tico.
2493 3520 2662 3575 Porro
2693 3520 2911 3574 fuerunt
2939 3520 2991 3574 in
3018 3521 3260 3574 exercitu
3289 3519 3463 3589 ipsius
3492 3520 3755 3589 equitnm.
3780 3518 3846 3587 qui

2326 3628 2498 3681 equas
2531 3612 2989 3674 conscenderent,
3019 3611 3341 3680 quadragies
3370 3610 3538 3675 mille,
3572 3611 3667 3681 qui
3694 3621 3844 3678 αιυω,

2327 3701 2685 3757 vicies-mille.
2711 3700 2835 3754 Fuit
2860 3699 3132 3754 Salomoni
3160 3715 3348 3754 servus
3378 3700 3595 3755 nomine
3628 3698 3845 3755 Beboam.

2330 3790 2519 3846 Nabati
2566 3789 2732 3853 ﬁlius,
2776 3804 2806 3843 ε
2833 3787 2979 3843 tribu
3026 3786 3305 3857 prraim,
3351 3786 3508 3857 cujus
3550 3787 3732 3853 matri,
3758 3798 3847 3854 qua

2332 3880 2524 3935 mulier
2553 3890 2669 3934 erat
2702 3878 2880 3942 furax,
2920 3891 3117 3932 nomen
3152 3876 3352 3941 Sisara,
3382 3893 3548 3945 quem
3584 3880 3710 3930 cuin
3746 3888 3847 3942 pne-

2338 3974 2555 4027 fecisset
2590 3971 2846 4025 Salomon
2880 3971 3041 4023 tribui
3062 3968 3283 4037 Joscph,
3314 3970 3648 4038 ipsezatrbem
3684 3966 3787 4046 Sair
3809 3966 3845 4015 in

2335 4063 2612 4131 prraimi
2650 4061 2912 4116 limitibus
2942 4061 3206 4119 condidit.
3241 4059 3446 4126 fuitque
3474 4057 3657 4123 fortis,
3697 4057 3847 4109 mirare

2332 4154 2561 4223 pollens.
2596 4152 2675 4205 llli
2714 4165 3011 4205 occurrens
3042 4150 3179 4202 Abta
3211 4148 3560 4218 181-183
3606 4150 3845 4217 propheta.

2334 4253 2646 4311 vestemque
2667 4256 2820 4295 suam
2851 4248 3120 4307 arreptam
3157 4239 3210 4292 in
3244 4239 3525 4292 duodecim
3556 4232 3735 4307 pirtes
3756 4250 3846 4288 utin

684 4362 849 4417 regno
884 4345 1102 4397 Davidis
1135 4342 1200 4396 ad
1238 4340 1498 4395 fabricam
1553 4337 1739 4403 templi
1772 4319 2068 4389 absolutioni
2104 4333 2229 4385 anni
2260 4347 2310 4405 1)
2336 4336 2604 4398 seidisset,
2643 4333 2917 4389 ltabaamo
2963 4330 3147 4383 Nabati
3195 4329 3304 4383 liiio
3340 4332 3527 4384 decent
3558 4344 3742 4383 caru-u
3766 4336 3846 4378 tn~

683 4446 811 4492 sunt
842 4435 1286 4501 undesexaginta.
1319 4431 1551 4501 Fuitque
1597 4442 1797 4482 census
1829 4440 2046 4479 anumts
2077 4424 2235 4477 Salo-

695 4531 891 4590 monis,
946 4529 1038 4581 filii
1081 4524 1317 4583 Dnvidis.
1376 4522 1702 4575 talentorum
1765 4520 1878 4570 auri
1935 4518 2236 4571 sexcenties

685 4624 928 4690 sexagies
954 4623 1130 4672 sexies
1166 4616 1329 4680 mille,
1368 4614 1505 4666 ultra
1553 4628 1611 4663 es
1642 4628 1762 4677 qua:
1796 4620 2096 4663 mercatura
2150 4623 2238 4659 ac-

685 4712 1057 4780 quirebantur.
1110 4706 1428 4759 .Dimensum
1490 4700 1838 4771 177-179
1887 4699 2008 4767 ejus
2058 4699 2238 4766 quoti-

687 4806 932 4860 rianmn,
965 4800 1156 4853 simila:
1192 4796 1305 4849 cori
1358 4793 1605 4862 triginta,
1665 4791 1851 4843 furium.
1902 4791 2013 4842 cori
2077 4802 2239 4839 sexa-

689 4895 858 4961 ginta.
884 4889 1101 4958 juvenci
1122 4888 1334 4947 decem,
1364 4884 1527 4939 bores
1556 4881 1746 4949 viginti
1784 4880 1914 4941 duo,
1951 4896 2077 4930 oves
2111 4893 2240 4929 cen-

690 4997 827 5048 tum,
886 4990 1077 5051 prater
1108 4992 1319 5038 cervos,
1362 4975 1646 5044 capreolos
1675 4986 1728 5028 et
1782 4975 2048 5025 volucres.
2106 4970 2243 5023 Fue-

696 5083 819 5128 rnnt
847 5071 1009 5126 etiam
1043 5070 1096 5123 in
1131 5067 1328 5136 palatio
1386 5064 1696 5118 Salomonis
1762 5071 1982 5116 centum
2042 5076 2244 5113 mensa:

694 5180 869 5217 aurem
900 5171 954 5214 et
982 5160 1033 5212 in
1060 5172 1245 5211 earum
1280 5155 1513 5222 singulis
1539 5165 1754 5207 centum
1784 5154 2122 5221 paropsides,
2146 5165 2244 5203 nec

697 5272 801 5307 non
835 5261 1072 5306 trecenta
1117 5248 1351 5311 vasaria,
1386 5248 1439 5299 in
1467 5260 1698 5315 quorum
1737 5243 1966 5311 singulis
2001 5250 2242 5295 trecenta

694 5358 851 5402 erant
881 5345 1072 5414 pocula
1103 5357 1287 5395 aurea.

767 5438 1108 5492 Salomonem
1151 5440 1329 5486 autent
1364 5432 1449 5484 die
1491 5428 1725 5498 quodam
1779 5429 1829 5478 in
1868 5430 2112 5494 pm‘tm'io
2160 5443 2246 5480 se-

697 5531 915 5585 dentem
950 5534 1299 5581 accesserunt
1352 5523 1562 5575 fetnitta’:
1604 5521 1723 5574 dua:
1756 5522 2079 5590 quibuscum
2130 5527 2247 5572 erat

706 5638 837 5694 puer
870 5634 1056 5673 recens
1098 5626 1281 5682 natus,
1326 5630 1554 5684 quarum
1595 5631 1697 5665 una
1741 5613 1877 5666 dixit
1913 5610 2084 5678 {Heli
2124 5626 2246 5665 Cum

2337 4429 2494 4489 deus,
2521 4424 2657 4478 dixit
2688 4442 2701 4478 :
2740 4422 3082 4492 Regnaturus
3120 4439 3177 4476 cs
3214 4434 3267 4473 tu
3310 4424 3363 4475 in
3395 4421 3584 4474 decem
3622 4419 3850 4475 Israelita-

2339 4534 2455 4571 rum
2501 4517 2697 4570 tribus.
2729 4515 2785 4569 lu
2814 4517 2993 4571 animo
3019 4524 3192 4570 autem
3238 4504 3512 4567 Salomoni
3550 4513 3655 4565 fuit
3683 4510 3847 4563 Raban-

2340 4623 2483 4659 Illum
2515 4616 2687 4659 morte
2720 4606 2949 4659 allicere.
3002 4606 3093 4660 Ille
3130 4620 3257 4671 ergo
3287 4604 3355 4656 ab
3413 4603 3534 4668 ipso
3570 4601 3698 4672 fuga
3730 4617 3780 4654 se
3802 4594 3848 4648 ad

2340 4696 2691 4764 Sbishakum,
2729 4696 2942 4766 Egypti
2976 4696 3336 4767 Pharaonem,
3384 4693 3715 4761 proripiens,
3743 4687 3847 4758 apud

2342 4788 2518 4856 ipsum
2554 4790 2791 4853 ntansit;
2830 4788 2920 4855 qui
2957 4789 3009 4840 in
3046 4776 3266 4840 uxorem
3301 4787 3349 4840 ei
3377 4787 3635 4855 conjugis
3672 4796 3851 4839 suaso-

2346 4894 2522 4932 rurem
2565 4878 2732 4939 dedit,
2774 4880 2859 4931 cui
2906 4891 3100 4931 nomen
3140 4879 3265 4938 Atu,
3298 4892 3528 4945 qumque
3574 4878 3739 4929 lilium
3776 4872 3847 4939 ἱρά

2345 4969 2572 5038 peperit,
2605 4986 2762 5037 quem
2798 4970 3014 5022 noruine
3058 4969 3225 5036 patris
3274 4969 3357 5021 sui
3405 4960 3718 5035 appellavit.
3753 4966 3847 5018 Pro'

2346 5064 2633 5129 pbetarunt
2686 5067 2923 5127 tempore
2980 5057 3318 5119 Salomonis,
3368 5059 3584 5110 Natban
3635 5065 3690 5110 et
3723 5050 3847 5107 Aelii:

2348 5150 2634 5210 Shilonita,
2664 5149 2867 5215 fuitque
2892 5146 3146 5201 sacerdos
3194 5164 3439 5202 summus
3465 5147 3669 5202 Sadoc.
3694 5144 3847 5200 εοόαι

2350 5251 2588 5304 tempore
2617 5238 2667 5290 in
2696 5235 2903 5289 Grcecia
2948 5236 3127 5289 floruit
3162 5235 3625 5304 Homeruspoaa
3649 5237 3845 5289 Graecus.

2418 5330 2565 5384 Obiit
2616 5339 2792 5382 autem
2847 5328 3097 5381 Salomon
3146 5342 3267 5381 cum
3306 5342 3486 5380 annos
3538 5322 3845 5395 quadraginta

2350 5432 2644 5495 regnasset,
2685 5434 2739 5478 et
2783 5424 2836 5476 in
2882 5422 3093 5475 Davidis
3146 5422 3306 5475 domo
3366 5422 3615 5489 sepultus
3650 5430 3742 5473 est.
3778 5414 3845 5480 Ipsi

2352 5520 2405 5569 in
2440 5528 2600 5584 regno
2644 5511 2909 5567 successit
2955 5512 3097 5564 (ilius
3147 5510 3319 5579 ipsius
3353 5512 3694 5569 licholmam,
3725 5520 3847 5559 anne

2353 5620 2511 5661 natus
2549 5604 2842 5665 sexdecim,
2873 5606 2961 5667 qui
3001 5603 3383 5671 Hierosolymis
3401 5618 3575 5657 annos
3594 5595 3845 5670 septcwéc‘
