3950 6348
177 251 273 314 949

1556 236 1940 317 .ANNALES.

3278 254 3378 316 950

176 361 273 415 cint
324 360 584 428 regnavit.
640 357 810 412 Porro
859 357 1088 413 audiens
1139 355 1425 412 Jeroboam
1451 398 1465 419 .
1524 359 1712 414 Nabati
1746 367 1787 419 Λ
1819 362 2130 419 Rehoboam
2160 364 2466 419 Salomonis
2493 364 2633 418 ﬁlius
2661 378 2860 420 uxores
2881 366 3204 428 octodecim,
3240 374 3382 419 mnt-

177 452 331 514 ﬁlius,
374 459 648 505 mortuum
693 462 814 502 esse
848 447 1221 513 Salomonem,
1266 465 1328 503 ex
1378 448 1614 520 Egyptn
1654 453 1717 505 ad

177 541 352 597 urbem
379 540 503 595 Sair
536 539 802 595 ascendit.
844 538 1100 594 lsraelitze
1133 550 1310 594 autem
1340 540 1404 593 ad
1440 539 1721 612 lli-lioboa-

178 648 315 687 mum
340 630 649 686 Salomonis
672 631 841 685 ﬁlium
872 631 1212 702 congregati.
1240 631 1493 687 dixerunt
1524 649 1537 686 :
1563 630 1722 686 Pater

177 738 296 782 tuus
326 723 465 779 male
498 722 790 779 admodum
840 739 941 779 nos
979 722 1318 794 gubernavit,
1360 730 1417 777 tu
1460 731 1640 779 autem
1676 723 1721 778 si

175 818 304 871 bene
353 829 452 869 nos
502 815 892 885 gubernaveris
948 815 1090 870 servi
1147 816 1243 870 tibi
1292 814 1464 870 futuri
1508 831 1719 871 sumus.

179 905 381 972 Quibus
440 904 531 960 ille
568 922 583 957 :
624 906 781 960 Abite
812 904 1033 976 (inquit)
1099 914 1152 962 et
1194 907 1534 978 postriduum
1570 907 1725 961 vobis

175 1010 483 1065 responsum
516 996 763 1051 reddam.
799 997 932 1052 Cum
965 1012 1094 1068 ergo
1134 1013 1166 1053 e
1196 998 1313 1054 suis
1344 997 1550 1066 aliquot
1594 1012 1727 1051 cou-

176 1088 451 1153 suluisset,
485 1089 739 1143 dixerunt
776 1090 850 1144 illi
893 1106 913 1144 :
964 1088 1123 1145 Dicas
1163 1089 1270 1142 illis
1310 1105 1325 1141 :
1359 1086 1418 1141 Si
1456 1089 1595 1142 mala
1632 1104 1727 1142 vos

177 1176 379 1231 ratione
411 1179 553 1233 rexit
592 1187 743 1248 pater
792 1193 968 1240 meus,
1003 1192 1103 1247 ego
1135 1192 1233 1232 vos
1266 1177 1470 1246 optima
1510 1191 1571 1230 ac
1604 1179 1724 1243 pul-

174 1266 460 1333 cherrima,
485 1285 709 1339 qumque
740 1270 892 1324 vobis
925 1267 1198 1325 levissima
1239 1266 1425 1321 futura
1461 1267 1532 1323 sit
1564 1265 1725 1338 184

172 1363 222 1409 et
252 1356 639 1426 placidissima,
691 1365 941 1412 recturus
987 1372 1133 1411 sum.
1182 1355 1337 1423 Quod
1372 1370 1497 1410 cum
1538 1354 1727 1408 audire

172 1447 355 1508 nollet,
382 1448 447 1501 ad
490 1450 747 1502 mulieres
776 1462 907 1502 suas
939 1448 1218 1515 ingressus
1254 1444 1395 1499 idem
1433 1444 1541 1497 illis
1567 1442 1726 1502 dixit,

170 1553 287 1606 qua.-
315 1538 606 1593 consilium
636 1537 737 1606 ipsi
771 1536 1037 1592 dederunt
1066 1542 1126 1590 ut
1159 1536 1261 1590 hoc
1284 1532 1445 1587 modo
1464 1531 1729 1587 lsraelitis

170 1629 523 1694 responderet
560 1645 574 1681 :
624 1626 680 1682 Si
717 1628 857 1682 male
896 1642 992 1681 vos
1035 1625 1174 1681 rexit
1220 1633 1373 1695 pater
1419 1638 1594 1685 meus,
1629 1637 1727 1691 ego

1820 463 2012 520 tosque
2039 455 2223 524 genuit
2256 454 2478 510 liberos.
2507 444 2680 508 Duxit
2716 456 2880 508 etiam
2911 455 3173 520 Maeliani,
3210 458 3382 511 Abso-

1823 544 1984 598 lomis
2031 544 2217 607 ﬁliam,
2253 559 2373 613 qua:
2412 544 2513 612 ipsi
2553 544 2747 599 Abiam
2792 544 3097 613 fratresque
3123 546 3244 611 ejus
3285 562 3380 611 pe-

1823 636 1963 704 perit
2007 652 2022 690 :
2074 634 2295 690 fuerunt
2347 637 2569 706 insuper
2612 636 2712 705 ipsi
2748 635 3071 690 COIICIIMWB
3118 639 3380 703 triginta;

1823 740 2014 806 omnes
2041 735 2221 780 autem
2252 726 2423 794 ipsius
2458 728 2613 783 liberi
2639 738 2746 784 tam
2780 742 2954 782 mares
2979 742 3142 806 quam
3175 728 3389 782 feminae

1824 802 2047 868 fuerunt
2085 793 2285 884 viginti
2316 825 2463 871 octo.
2515 817 2679 887 188
2698 793 3101 888 Pr0plielaruitt
3145 825 3391 887 tempore

1828 904 2157 974 lleboboami
2204 905 2515 960 Salomonis
2563 907 2661 960 ﬁlii
2710 906 2962 963 Setnaiah
3015 907 3388 970 Macblamita.

1827 1003 1879 1046 et
1914 996 2079 1049 Achia
2118 989 2412 1060 Shilonita,
2454 996 2817 1066 prophetaute
2851 998 3015 1053 etiam
3050 997 3238 1054 Obedo
3269 998 3393 1053 BCiq

1828 1084 1961 1139 tbeli
1999 1086 2186 1141 llssum
2230 1095 2314 1143 est
2346 1087 2537 1142 altare.
2560 1088 2697 1142 Cum
2727 1085 2960 1144 obiisset
2993 1096 3171 1141 autem
3203 1087 3387 1142 Relin-

1830 1176 2011 1243 boam,
2051 1176 2361 1234 Salomonis
2412 1179 2578 1240 ﬁlius,
2623 1193 2749 1233 cum
2800 1185 2955 1249 patre
3001 1192 3104 1234 suo
3137 1178 3192 1232 in
3233 1177 3394 1232 domn

1830 1265 2046 1323 [uvidis
2069 1268 2313 1338 sepultus
2339 1277 2446 1331 est,
2469 1277 2589 1336 post
2611 1268 2790 1345 ipsum
2821 1276 3085 1336 regnante
3112 1269 3164 1323 in
3194 1266 3392 1323 ludam

1828 1367 1883 1410 et
1928 1354 2299 1429 Hierosolyma
2350 1358 2458 1414 ﬁlio
2494 1359 2665 1427 ipsius
2709 1358 2847 1414 Abia
2877 1373 2971 1415 sex
3016 1360 3198 1422 annis,
3232 1359 3393 1426 idque

1831 1459 1972 1498 anno
2004 1446 2217 1500 decimo
2253 1454 2445 1500 octavo
2476 1446 2627 1517 regni
2668 1442 3000 1511 Jeroboami,
3036 1443 3226 1499 Nabati
3272 1445 3387 1505 lilii,

1834 1535 1973 1604 regis
2016 1534 2254 1590 lsraelis.
2304 1536 2640 1592 Acciderunt
2685 1536 2853 1591 etiam
2895 1536 3043 1591 inter
3079 1535 3271 1589 Abiam
3305 1550 3391 1587 re-

1830 1633 1950 1697 gem
1977 1622 2148 1689 ludas,
2174 1633 2229 1680 et
2254 1626 2541 1684 Jerobnam
2566 1626 2785 1682 lsraelis
2816 1640 2997 1696 regem
3030 1626 3169 1681 bella
3199 1628 3395 1684 multa.

170 1729 263 1768 vos
310 1714 386 1768 ita
435 1730 618 1784 regant
664 1724 723 1768 ut.
766 1722 1067 1770 conventus
1101 1723 1309 1768 vestros
1358 1710 1640 1778 dissipent,
1672 1719 1727 1763 et
1764 1683 1801 1736 Β
1831 1683 2010 1786 ipsum
2046 1718 2099 1772 in
2136 1715 2319 1787 fugam
2360 1725 2712 1785 cpnvenente
2753 1683 2907 1772 Abi;
2925 1730 3052 1788 rege
3089 1714 3263 1776 lude,
3300 1730 3365 1767 ne

163 1812 342 1859 cintus
374 1815 586 1861 vestros
618 1805 964 1877 dispergam;
1008 1805 1113 1859 hoc
1161 1804 1462 1874 (dixerunt)
1508 1803 1613 1858 illis
1647 1803 1729 1856 di-

171 1910 263 1949 ras
301 1911 365 1950 ne
415 1904 468 1951 te
506 1910 603 1964 pro
656 1911 826 1965 puero
864 1896 1134 1958 habeant,
1175 1896 1231 1949 et
1273 1894 1517 1961 ipsorum
1564 1892 1643 1947 'de
1682 1903 1730 1947 te

168 1987 520 2054 prasumptio
547 1984 920 2043 conﬁrmetur.
962 1985 1204 2051 Quarqu
1241 1984 1530 2040 consilium
1571 1998 1730 2039 secu-

169 2084 278 2137 tus,
306 2087 370 2133 ea
405 2072 670 2128 lsraelitis
699 2072 839 2128 dixit
870 2089 991 2143 qua:
1021 2073 1153 2142 ipsa:
1189 2072 1266 2127 illi
1318 2076 1730 2141 suggesserant.

167 2159 246 2216 illi
296 2175 449 2229 ergo,
487 2162 689 2216 auditis
734 2162 853 2231 ejus
904 2162 1108 2225 verbis,
1149 2177 1178 2215 a
1228 2146 1515 2232 praesentia
1562 2161 1736 2233 ipsius

165 2251 392 2319 egressi.
434 2253 750 2308 tutnttlluali
799 2260 945 2307 sunt.
990 2251 1249 2320 Egressus
1283 2266 1413 2322 ergo
1466 2235 1539 2306 aii
1583 2253 1735 2319 ipsos

172 2340 505 2420 liehnboam,
537 2342 679 2397 misit
708 2343 775 2398 ad
809 2343 956 2413 ipsos
983 2343 1371 2398 Adoniramum
1406 2341 1731 2399 tributorum

170 2433 683 2504 p‘a:fectum,quem
720 2435 793 2487 illi
828 2435 963 2489 adeo
997 2442 1057 2488 ut
1080 2443 1384 2489 moreretur
1406 2432 1734 2501 lapidarunt,

172 2524 412 2595 fugiente
462 2526 528 2581 ab
574 2525 708 2593 ipsis
755 2524 1106 2580 Rehoboamo
1155 2523 1553 2595 Hierosolyma.
1596 2524 1737 2578 Con-

170 2619 371 2687 gregati
410 2632 539 2687 ergo
576 2616 836 2672 Israelita:
862 2632 1040 2687 regem
1076 2616 1179 2673 sibi
1220 2616 1615 2671 constituerunt
1642 2613 1733 2667 Je-

168 2708 528 2771 roboautum,
559 2706 746 2762 Nabati
803 2708 993 2770 ﬁlittm,
1034 2719 1194 2775 atque
1245 2707 1318 2759 ita
1377 2705 1609 2760 divisum
1655 2713 1736 2759 est

170 2813 423 2867 regnum.
465 2800 843 2869 lleguavitque
883 2796 1195 2861 Jeroboam,
1241 2795 1432 2865 Nahati
1485 2795 1649 2857 ﬁlius,
1684 2796 1737 2849 in

170 2889 364 2944 «lenem
396 2891 614 2954 tribus;
650 2898 705 2944 et
733 2889 953 2952 Nables,
985 2889 1168 2963 inqua
1204 2896 1258 2941 et
1286 2886 1576 2949 habitavit,
1610 2901 1740 2939 cou-

171 2979 335 3042 didit,
363 2995 573 3035 nectzon
600 2981 863 3036 Phanuel.
896 2979 1162 3049 Regnavit
1191 2989 1373 3034 autem
1404 2976 1740 3038 llehoboam,
1769 3019 1812 3076 ϐ

172 3074 485 3129 Salomonis
511 3075 671 3139 ﬁl'tts,
703 3075 754 3129 in
778 3074 978 3131 tribum
1007 3072 1159 3129 Iudae
1184 3082 1239 3129 et
1259 3073 1563 3143 Beniamin.
1599 3068 1739 3126 Fue-

172 3175 413 3233 runtque
453 3163 823 3228 Relinboamn,
872 3162 1182 3219 Salomonis
1224 3162 1370 3227 ﬁlio,
1444 3162 1738 3216 bellatores

171 3254 389 3309 centies
432 3254 612 3308 vieics-
639 3256 806 3325 mille,
856 3255 1161 3322 multasque
1204 3251 1445 3320 possedit
1481 3252 1663 3314 urbes,
1707 3265 1738 3305 e

170 3344 375 3411 quibus
399 3344 736 3417 Bethlebem,
764 3346 1019 3403 Batshur.
1046 3343 1205 3415 Zipb,
1242 3345 1464 3406 Labish,
1496 3346 1656 3409 Galli,
1686 3354 1740 3402 et

172 3433 369 3498 Azilia,
394 3450 516 3489 cum
543 3436 797 3496 omnibus
830 3445 989 3491 terra:
1013 3435 1254 3490 Iudaica:
1287 3447 1339 3488 et
1371 3436 1738 3505 Benjamiticze

174 3526 430 3581 urbibus.
461 3525 585 3582 Fuit
612 3530 768 3581 matri
801 3526 973 3597 ipsius
1006 3541 1203 3581 nomen
1237 3526 1439 3589 Nauali,
1469 3541 1499 3579 e
1530 3525 1741 3580 ﬁliabus

175 3616 637 3677 Anmmnitarum,
671 3630 791 3685 qua:
828 3615 1003 3684 ipsum
1036 3613 1101 3666 ad
1138 3613 1279 3667 idola
1326 3612 1552 3667 colenda
1602 3611 1735 3665 inci-

174 3711 337 3761 tavit.
385 3707 450 3761 At
491 3705 803 3769 Jeroboam,
852 3705 1043 3781 Nabati
1105 3705 1265 3768 lilius,
1311 3705 1505 3758 timetis
1553 3701 1741 3776 185-

178 3799 344 3871 187
368 3815 439 3860 ne
466 3798 744 3862 Israelita),
775 3798 816 3851 si
850 3812 971 3852 eum
1009 3796 1246 3851 victimis
1281 3796 1647 3866 Hierosolyma
1676 3795 1739 3848 ad

172 3894 401 3944 domum
451 3887 665 3942 Domini
713 3887 1087 3951 ascenderent,
1136 3872 1258 3941 cum
1295 3886 1553 3954 templum
1598 3886 1743 3938 vide—

178 3991 325 4039 rent.
356 3983 408 4032 in
436 3980 610 4048 ipsum
633 3979 973 4040 rebellarent,
1003 3975 1742 4045 Reboboamoque.Salonio-

178 4072 266 4126 nis
304 4071 437 4135 ﬁiio,
483 4067 635 4123 inda:
667 4069 777 4139 regi
810 4068 1104 4131 traderent,
1133 4068 1270 4123 duos
1309 4069 1509 4120 vitulos
1550 4081 1745 4119 aureos

179 4163 445 4226 confecit,
476 4173 711 4229 quorum
754 4172 921 4211 unum
960 4159 1013 4211 in
1045 4154 1258 4220 Bethel,
1291 4155 1519 4210 alterum
1552 4157 1603 4209 in
1643 4156 1742 4207 Ba-

178 4254 300 4305 nias
336 4252 534 4320 posuit,
569 4236 874 4318 iisdemque
903 4247 1218 4304 sacerdotes
1243 4263 1272 4302 e
1306 4246 1508 4302 Levitis
1539 4249 1743 4301 consti-

1832 1810 2068 1878 cisisque
2096 1807 2462 1863 lsraelitarum
2488 1805 2846 1875 quingenties
2877 1804 3045 1868 mille,
3074 1803 3209 1859 adeo
3240 1812 3297 1856 ut
3329 1802 3391 1856 a'-

1840 1898 1974 1952 Abiu
2012 1914 2133 1967 rege
2166 1897 2319 1952 Julia:
2355 1898 2569 1952 timeret
2592 1894 2835 1963 Roboam
2867 1894 3084 1951 lsraelis
3111 1908 3220 1947 rex.
3258 1892 3394 1945 Mor-

1831 1998 1957 2042 tuus
2001 2001 2179 2045 autem
2216 1990 2350 2045 Abia
2398 1988 2550 2045 ludas
2596 2003 2687 2042 rex
2740 1987 2990 2057 sepultus
3038 1993 3120 2039 est
3168 1984 3219 2037 in
3266 1984 3396 2035 mlu-

1835 2081 2126 2142 Davidica;
2164 2088 2424 2151 regnanto
2472 2089 2592 2148 post
2620 2080 2799 2149 ipsum
2832 2078 2885 2132 in
2932 2076 3071 2132 Iuda
3109 2086 3163 2131 et
3212 2072 3401 2128 Hiero-

1836 2171 2057 2241 solymis
2089 2171 2201 2225 ﬁlio
2239 2171 2414 2240 ipsius
2446 2172 2550 2225 Asa
2594 2168 3134 2240 atmis‘quadraginta
3166 2176 3220 2221 ct
3261 2182 3396 2231 uno,

1838 2264 2001 2326 idque
2062 2277 2206 2317 anno
2260 2261 2409 2331 regni
2459 2259 2807 2323 Jeroboami,
2856 2258 3051 2315 Nahati
3104 2260 3194 2313 lilii
3257 2258 3399 2328 regis

1822 2352 2073 2426 \lsraelis,
2118 2353 2378 2408 vicesimo
2424 2360 2639 2421 quarto.
2685 2350 2840 2406 Matri
2885 2360 3065 2405 autem
3107 2351 3227 2404 Asae
3261 2350 3400 2415 regis

1834 2445 1987 2500 Jmlse
2028 2460 2223 2499 nomen
2258 2451 2377 2497 erat
2423 2441 2662 2497 Naemab
2692 2441 3011 2498 Abshalomi
3062 2440 3191 2495 ﬁlia.
3231 2440 3413 2494 Porro‘

1839 2542 2088 2589 IIIONIIIIS
2119 2541 2209 2588 est
2246 2531 2533 2588 Jeroboam
2583 2529 2774 2586 Nabati
2814 2529 2976 2591 ﬁlius.
3026 2528 3242 2584 lsraelis
3284 2543 3400 2591 rex,

1840 2635 2123 2693 postquam
2170 2639 2346 2678 annos
2390 2623 2576 2692 viginti
2623 2629 2860 2692 quatuor
2905 2631 3187 2691 regnasset
3214 2611 3403 2685 {post

1840 2721 2000 2784 quem
2028 2729 2197 2784 regno
2232 2712 2451 2769 lsraelis
2476 2712 2679 2782 potitus
2711 2720 2798 2767 est
2824 2709 2971 2766 ﬁlius
3010 2709 3184 2777 ipsius
3226 2707 3401 2763 Nabal

1841 2806 1998 2861 annis
2045 2806 2280 2867 duobus,
2324 2794 2669 2886 idque‘anno
2700 2801 2851 2871 regni
2897 2800 3017 2855 Asse
3065 2799 3208 2869 regis
3251 2797 3404 2851 .luettn

1847 2893 2107 2948 secundo.
2154 2892 2421 2947 Nabatum
2470 2900 2649 2946 autem
2701 2892 2928 2945 adortus
2969 2889 3199 2950 Baasha,
3250 2888 3405 2942 Aliiie

1847 2985 2012 3047 ﬁlius,
2035 2984 2357 3040 (iibbetbnni
2404 2984 2580 3053 ipsum
2620 2973 2913 3044 interfecit,
2944 2994 3269 3048 monentque
3298 2995 3402 3031 una

1844 3074 2175 3141 Jeroboami,
2227 3073 2420 3129 Nahati
2471 3073 2601 3132 ﬁlii.
2650 3072 2983 3142 progeniem.
3041 3070 3407 3140 Regnavitqns

1843 3168 2053 3223 Baasha
2092 3167 2247 3221 Abim
2295 3152 2459 3230 ﬁlius,
2512 3165 2564 3218 in
2606 3164 2862 3218 lsraelem
2913 3162 2968 3216 in
3021 3160 3178 3215 Tirsa
3235 3174 3408 3217 annos

1842 3256 2033 3326 viginti
2057 3264 2329 3325 quatuor;
2365 3256 2529 3324 idque
2570 3266 2718 3308 anno
2751 3252 2903 3320 regni
2936 3254 3057 3306 Asm
3087 3250 3233 3320 regis
3257 3249 3409 3305 Judm

1842 3349 2023 3404 tertio.
2072 3347 2257 3411 Porro,
2294 3345 2459 3400 multa
2493 3342 2657 3414 189
2686 3341 2841 3413 1-91
2885 3342 3027 3396 inter
3057 3342 3221 3397 Asam
3258 3341 3412 3396 Iuliae

1843 3430 2043 3505 regem,
2076 3448 2128 3490 et
2154 3437 2418 3492 Baasham
2452 3434 2670 3489 lsraelis
2699 3447 2876 3498 regem
2909 3432 3220 3486 acciderunt
3249 3431 3408 3486 bella.

1913 3526 2207 3581 lnvadente
2258 3536 2437 3579 autem
2497 3525 2708 3578 Baasha
2765 3524 2984 3578 lsraelis
3035 3538 3161 3591 rege
3208 3532 3408 3575 terram

1841 3616 2014 3682 ludat,
2046 3618 2345 3685 urbemque
2377 3615 2542 3669 flama
2567 3624 2907 3678 exstruente,
2935 3614 3104 3668 multa
3134 3613 3281 3668 misit
3304 3613 3428 3666 Asa‘

1843 3708 1906 3764 ad
1933 3706 2139 3772 lladad,
2164 3705 2395 3761 Jazaelis
2420 3705 2606 3768 ﬁliu'n,
2639 3703 2886 3758 Damasci
2917 3718 3120 3771 regem,
3158 3717 3404 3759 munera.

1844 3811 2145 3865 omnesque
2177 3810 2317 3865 quos
2360 3795 2506 3851 domi
2542 3808 2656 3848 suae
2689 3792 2878 3848 halmit
2910 3792 3052 3853 auri.
3081 3794 3311 3861 argenti.
3351 3807 3412 3843 an

1846 3903 2177 3961 gemmarum
2217 3887 2529 3947 thesauros.
2578 3898 2735 3954 opem
2785 3884 2856 3939 ab
2896 3886 3017 3953 ipso
3050 3893 3239 3938 contra
3276 3885 3410 3936 Bas-

1847 3983 2022 4043 sitam,
2054 3979 2270 4034 Israelis
2296 3994 2474 4049 regem
2514 3986 2744 4046 petens;
2779 3989 2949 4042 quare
2982 3974 3127 4029 misit
3154 3975 3258 4044 ipsi
3303 3974 3409 4027 llo-

1845 4070 2198 4126 dadJazaelis
2220 4071 2383 4133 ﬁlius,
2417 4071 2719 4124 exercitum
2748 4082 3000 4139 magnum
3025 4066 3078 4120 in
3113 4066 3409 4129 auxilium;

1846 4178 2081 4231 quocum
2114 4177 2367 4231 egressus
2393 4162 2580 4214 urbem
2615 4158 2848 4212 fontium
2879 4169 2931 4212 et
2969 4157 3084 4223 Bal,
3122 4158 3410 4220 omniaque

1849 4253 2169 4320 repositoria
2204 4262 2511 4320 terramth
2546 4250 2859 4317 Naphtalim
2898 4250 3214 4302 universam
3253 4251 3407 4299 deva-

180 4343 308 4400 Ittit.
343 4343 530 4396 dieens
559 4340 731 4410 ipsis:
758 4339 819 4394 lli
846 4347 975 4396 sunt
996 4339 1069 4394 dii
1100 4343 1265 4395 vestri
1289 4341 1381 4409 qui
1408 4355 1505 4393 vos
1533 4356 1564 4392 e
1586 4330 1744 4392 manu
1783 4352 1824 4404 ι)
1855 4345 2035 4399 slavit.
2068 4343 2220 4409 Quod
2244 4360 2367 4396 cum
2400 4343 2662 4396 audiisset
2692 4341 2926 4403 Baasha,
2957 4340 3171 4393 lsraelis
3203 4355 3315 4395 rex.
3346 4340 3411 4389 al.

185 4434 488 4486 Pharaonis
508 4433 835 4493 liberarunt,
869 4432 1032 4485 colite
1050 4431 1368 4500 ergoipsos,
1393 4445 1515 4484 cum
1539 4448 1643 4483 non
1682 4435 1750 4486 sit

183 4542 324 4594 opus
344 4533 399 4578 ut
418 4522 791 4594 Hierosolyma
807 4522 1148 4586 ascemlalis;
1172 4506 1300 4590 quin
1321 4530 1375 4574 et
1402 4522 1596 4575 festum
1637 4537 1749 4573 ma-

186 4631 356 4684 gnum
400 4616 505 4669 illis
526 4612 945 4688 instituit,sicut
974 4612 1188 4683 interra
1207 4610 1359 4665 Judze
1380 4611 1492 4663 ﬁeri
1522 4613 1747 4664 solebat.

259 4706 430 4759 Porro
476 4718 599 4759 cum
645 4717 790 4757 anno
851 4698 1209 4763 llehoboami,
1266 4698 1577 4752 Salomonis
1634 4701 1750 4764 lilii,

184 4797 406 4865 quinto,
432 4795 754 4849 ascenderet
782 4791 981 4845 Sbisak
1001 4790 1215 4844 Pharao
1244 4788 1599 4857 [Egyptiacus
1629 4790 1753 4841 Ilie-

187 4888 465 4957 rnsnlyma
497 4902 619 4941 cum
649 4886 780 4938 viris
808 4884 973 4937 vicies
1000 4892 1053 4935 et
1083 4882 1167 4937 bis
1199 4881 1343 4934 mille
1377 4886 1628 4950 (quoium
1664 4902 1747 4933 se.

188 4982 331 5047 pties
379 4979 521 5032 mille
563 4976 775 5047 equites
805 4974 982 5042 erant)
1029 4972 1268 5040 fugiente
1313 4974 1379 5025 ab
1412 4974 1531 5041 ipso
1570 4973 1747 5025 llelm-

187 5075 410 5143 boamo,
444 5071 587 5139 cepit
631 5067 862 5124 Shisbak
908 5081 1096 5121 omnes
1126 5065 1241 5119 auri
1287 5075 1341 5119 et
1377 5067 1584 5133 argenti
1635 5068 1745 5116 the.

187 5178 387 5217 eaut-os
403 5162 504 5231 ,ιιιιὶ
546 5161 600 5215 in
627 5159 788 5216 domo
828 5157 1036 5211 Domini
1070 5156 1330 5219 fuerunt;
1365 5173 1572 5209 necnon
1602 5166 1750 5209 senta

194 5272 362 5307 aurea
396 5264 449 5308 et
473 5266 746 5323 argentea.
773 5268 892 5320 qua:
929 5254 981 5304 in
1014 5266 1139 5305 arce
1173 5252 1317 5319 regia
1374 5267 1605 5320 quorum
1635 5252 1753 5304 loco

191 5348 301 5401 alia
348 5364 408 5400 ex
445 5361 551 5399 aere
589 5345 820 5398 confecit
862 5346 1194 5401 llenolmam,
1251 5343 1557 5394 Falamonis
1593 5340 1751 5393 lilins.

200 5438 366 5491 ldulta
397 5446 575 5491 autem
604 5435 922 5490 acciderunt
954 5435 1093 5487 inter
1132 5434 1563 5496 lieboboamum,
1603 5433 1751 5485 Salo-

196 5527 375 5580 monis
411 5526 598 5589 lilittm,
632 5535 680 5577 el
709 5522 1117 5586 Jcroboatnutn,
1150 5521 1340 5574 Nabati
1377 5522 1565 5582 ﬁlium,
1592 5521 1749 5583 bella,

195 5615 460 5686 quamdiu
513 5616 565 5669 in
614 5615 746 5667 vivis
799 5625 937 5667 esset
994 5613 1302 5665 lli-Iiolaoam
1382 5610 1543 5663 Porro
1600 5611 1751 5665 duxit

1854 4430 2168 4484 aulilicaoda
2203 4427 2369 4483 Ratna
2417 4430 2691 4484 desistens
2740 4427 2954 4483 Tirsam
2989 4443 3247 4482 reversus
3289 4439 3410 4487 est;

1857 4519 1959 4571 ΛΜ
2013 4529 2197 4585 autem
2249 4518 2404 4573 Judae
2459 4534 2578 4583 rex,
2635 4517 2991 4587 comportatis
3043 4518 3313 4585 lapidibus
3361 4528 3415 4570 et

1856 4610 2014 4674 lignis
2060 4611 2260 4677 quibus
2309 4608 2530 4662 Ramam
2564 4618 2846 4664 exstruere
2894 4600 3139 4662 voluerat
3187 4610 3413 4671 Baasha,

1857 4700 2069 4751 Israelis
2106 4715 2221 4761 rex,
2269 4701 2336 4751 iis
2374 4714 2566 4752 omnes
2609 4715 2763 4752 arces
2808 4716 2873 4752 ac
2911 4700 3129 4752 castella
3173 4702 3224 4751 in
3273 4709 3412 4751 terra

1856 4789 2203 4857 Benjamitira
2231 4791 2517 4844 exstruxit.
2544 4789 2857 4859 Contraque
2882 4791 3054 4858 ipsum
3084 4804 3205 4841 cum
3230 4804 3412 4853 egra-s-

1856 4897 1947 4933 sns
1988 4890 2135 4934 esset
2176 4880 2373 4942 Zarah,
2426 4880 2780 4935 Cushmorum
2833 4880 2945 4949 (qui
3001 4889 3133 4932 sunt
3172 4879 3410 4947 Nigritze)

1859 4986 1972 5035 rex,
1997 4984 2121 5023 cum
2152 4970 2414 5025 militibus
2436 4970 2633 5025 millies
2663 4972 2830 5025 mille.
2856 4983 3153 5023 occurrens
3181 4971 3281 5037 ipsi
3312 4974 3411 5021 Asa

1857 5057 2009 5112 .luda:
2046 5074 2139 5112 rex
2171 5074 2293 5112 cum
2342 5061 2600 5114 trecentis
2645 5061 2711 5112 de
2743 5058 2880 5111 .lurla
2932 5060 3218 5118 militibus,
3263 5070 3316 5111 et
3352 5063 3414 5110 de

1858 5152 2171 5219 Benjamine
2204 5151 2594 5221 quinquaginta
2628 5150 2846 5203 duobus
2880 5149 3146 5211 millibus,
3180 5150 3416 5218 Nigritas

1859 5246 1910 5298 in
1957 5243 2138 5311 fugam
2181 5242 2472 5304 convertit,
2517 5254 2708 5307 magna
2743 5242 2984 5309 ipsormn
3026 5250 3206 5309 strage
3249 5242 3412 5297 edita.

1857 5335 2140 5403 captisque
2173 5350 2294 5403 quae
2325 5347 2513 5385 secum
2555 5331 2816 5386 attulerat
2848 5330 3128 5385 omnibus.
3170 5329 3411 5381 Morlutts

1858 5434 2033 5479 autem
2070 5426 2297 5485 Baasha,
2342 5421 2562 5477 lsraelis
2606 5439 2720 5483 rex.
2759 5423 2811 5475 in
2846 5422 3003 5475 'l‘irsa
3037 5421 3275 5488 sepultus
3310 5429 3408 5470 est.

1858 5518 1980 5571 Post
2029 5532 2188 5584 quem
2243 5519 2295 5569 in
2353 5518 2627 5569 lsraelilas
2677 5515 2888 5565 duobus
2938 5513 3095 5564 annis
3150 5512 3200 5561 in
3257 5512 3412 5566 'l'irsa

1859 5610 2101 5679 regnavit
2148 5610 2288 5661 ﬁlius
2331 5610 2499 5676 ipsius
2540 5607 2647 5667 l-Ila,
2696 5607 2853 5672 idque
2901 5619 3042 5655 anno
3090 5604 3231 5667 Asaz,
3277 5604 3412 5669 trgi.
