3950 6348
99 300 188 360 953

1457 297 1820 356 ANNALES.

3133 293 3235 355 9.54

98 419 189 466 est.
218 408 320 461 Elia
351 421 480 474 ergo
515 409 752 474 acceptis
796 408 1078 462 duodecim
1121 408 1385 476 lapidibus
1435 409 1597 462 altare
1627 409 1667 459 Α
1699 407 1838 461 Dixit
1881 416 2058 460 autem
2098 406 2250 460 Ahab
2293 405 2608 474 Josapbato,
2655 405 2764 476 regi
2814 406 2965 460 Judaa
2995 423 3009 459 :
3036 405 3234 461 Urbem

95 497 357 557 exstruxit,
394 497 536 549 circa
578 499 715 564 quod
771 498 966 551 fossam
993 497 1198 558 eﬂodit,
1226 498 1418 550 deinde
1466 500 1603 566 ligna

96 586 344 656 lapidibus
377 584 676 652 imponens,
716 586 1074 653 ctjuvencum
1109 597 1402 638 mactatum
1444 604 1606 655 super

93 673 341 743 lapidibus
373 683 426 725 et
477 674 634 741 lignis
687 687 905 742 parans.
966 675 1248 742 eidemque
1318 676 1599 731 duodecim

91 780 230 832 aquae
276 762 490 832 hydrias
531 763 953 831 superfundeus.
999 765 1216 835 impleta
1251 769 1410 821 etiam
1460 767 1602 821 fossa

89 869 195 921 qua:
226 851 419 905 circum
448 850 615 902 altare
645 865 805 918 aqua,
829 853 1110 908 Dominum
1169 871 1326 910 suum
1356 872 1480 910 cum
1515 859 1601 910 in.

87 948 334 1003 vocasset,
365 940 695 996 descendens
725 958 755 996 e
785 944 922 996 cmlo
976 945 1116 1012 ignis
1177 961 1418 1009 carnem,
1474 948 1606 1014 lapi-

85 1032 190 1094 des,
220 1039 271 1083 et
300 1044 489 1094 aquam
514 1031 808 1092 devoravit.
842 1035 977 1087 adeo
1021 1045 1077 1088 ut
1127 1035 1396 1102 ingentem
1441 1037 1602 1090 etiam

87 1123 293 1171 interra
326 1117 522 1172 fossam
555 1130 808 1182 cavaret;
855 1122 1000 1194 quod
1044 1123 1315 1178 lsraelitas
1367 1106 1419 1177 in
1485 1135 1605 1179 stu-

85 1223 250 1275 parem
290 1210 418 1276 egit.
469 1209 843 1276 Interfecitque
911 1212 1024 1265 Elia
1104 1215 1604 1284 pseudoprophetas

81 1298 265 1367 gladio.
299 1300 348 1351 in
380 1309 618 1354 torrente
645 1301 833 1355 Kison.
871 1303 1064 1357 Deinde
1117 1303 1397 1360 Dominum
1453 1307 1602 1361 invo-

81 1389 224 1447 Cavit.
255 1403 358 1457 quo
412 1389 465 1442 in
515 1391 662 1458 ipsos
713 1392 943 1459 pluviam
995 1394 1348 1460 dernittente,
1387 1398 1597 1451 sublata

13 1489 18 1493 '
82 1489 151 1532 est
178 1480 358 1546 pestis.
389 1479 561 1533 Izebcl
615 1493 811 1542 autem.
840 1483 1008 1536 Ababi
1037 1485 1177 1549 regis
1204 1487 1419 1540 lsraelis
1443 1503 1598 1550 uxor,

82 1569 244 1626 audito
295 1570 423 1636 quid
460 1569 948 1637 pseudoprophetis
1003 1571 1220 1626 fecisset
1268 1573 1406 1638 Elia,
1460 1577 1604 1630 misit

82 1658 132 1710 ad
162 1655 570 1723 ipsnm,ca:dem
596 1658 672 1710 illi
705 1658 1097 1721 inter-minans:
1131 1663 1221 1730 qui
1251 1678 1380 1732 ergo
1406 1666 1471 1718 ah
1513 1666 1600 1720 illa

80 1755 302 1798 metuens
322 1746 546 1816 aufugit.
577 1746 911 1814 Occurrente
934 1749 1148 1804 interim
1177 1754 1274 1820 ipsi
1299 1752 1477 1808 Etisha
1506 1754 1595 1808 .l-i.

77 1833 302 1899 sbaphati
324 1833 454 1895 lilio.
469 1834 559 1902 qui
585 1835 756 1888 bobus
769 1837 882 1889 suis
897 1837 1246 1909 201-203
1263 1855 1398 1908 quas
1413 1857 1533 1908 pasr
1543 1859 1599 1897 e-

77 1924 152 1972 but
171 1922 387 1979 relictis.
411 1923 575 1976 Eliam
593 1934 836 1986 secutus.
855 1923 1030 1979 factus
1054 1935 1138 1980 est
1161 1928 1257 1999 ipsi
1279 1929 1596 1998 discipulus.

133 2006 259 2060 Tum
328 2010 442 2062 Elin
506 2007 715 2073 lladad,
772 2011 1016 2066 Damasci
1081 2027 1196 2077 rex,
1259 2018 1600 2085 congregatis

72 2099 284 2150 subditis
336 2100 473 2159 suis.
505 2101 825 2169 regibusque
875 2103 1089 2171 triginta
1139 2105 1350 2160 duobus
1396 2109 1446 2161 i'n
1500 2125 1600 2163 au-

72 2190 239 2240 xilium
287 2191 525 2262 yoeatis,
585 2184 704 2243 cum
763 2193 988 2261 ingenti,
1049 2197 1248 2263 quique
1310 2212 1595 2252 numerum

67 2279 358 2340 excederet,
399 2284 632 2334 exercitu
672 2283 940 2348 profectus
961 2293 1014 2336 et
1063 2288 1125 2337 ad
1148 2287 1340 2340 belln-n
1377 2290 1585 2353 Ahabo,

68 2370 269 2424 Israelis
305 2372 440 2440 regi,
484 2372 825 2427 inferendum
860 2390 1134 2443 egressus.
1190 2379 1332 2430 misit
1373 2379 1438 2431 ad
1471 2397 1593 2433 eum

47 2459 305 2530 idicem]
344 2476 359 2510 :
393 2460 673 2528 Quidquid
703 2463 949 2530 possich
1003 2467 1116 2518 auri
1173 2477 1333 2536 atque
1387 2472 1592 2538 argenti

65 2564 225 2600 meum
249 2561 351 2602 est.
388 2554 532 2602 servi
565 2551 724 2605 etiam
762 2553 864 2616 tui,
891 2555 1206 2618 ancillaaqne
1226 2571 1288 2610 ac
1322 2558 1593 2622 mulieres,

64 2645 224 2690 totum
267 2638 413 2707 quod
445 2641 686 2708 possides
721 2657 897 2696 meum
936 2655 1040 2698 est.
1065 2645 1330 2713 Metuens
1378 2663 1502 2716 ergo
1528 2649 1595 2702 ah

59 2725 168 2792 ipso
203 2728 359 2781 Ahab
411 2737 578 2782 totum
610 2732 751 2797 quod
783 2732 1077 2799 postulavit
1122 2735 1194 2787 illi
1247 2738 1459 2814 annuit,
1507 2736 1596 2790 ln-

66 2824 197 2866 terea
237 2829 422 2870 autem
453 2818 578 2871 dum
629 2819 780 2874 inter-
807 2821 954 2888 ipsos
993 2823 1138 2877 ultro
1188 2825 1429 2893 citroque
1466 2841 1594 2879 cur-

59 2903 276 2956 sitarent
307 2905 492 2975 legati,
528 2922 678 2986 ecce
735 2911 938 2975 egressi
974 2913 1122 2980 pueri
1161 2914 1378 2981 quidam
1408 2930 1437 2967 e
1471 2915 1594 2970 ﬁliis

1711 497 1934 550 Ramotlt
1977 496 2183 560 Gilcad,
2215 513 2334 564 qum
2394 505 2574 548 nostra
2613 495 2734 558 fuit,
2795 497 3018 548 abstulit
3083 495 3236 548 nobis

1706 604 1794 639 rex
1827 586 2016 654 Syrize,
2043 601 2071 638 a
2105 603 2232 652 quo,
2272 587 2315 639 si
2352 597 2404 638 tu
2429 587 2541 651 ipse
2570 584 2698 634 mibi
2740 584 2997 637 auxilium
3026 585 3233 647 tuleris.

1707 679 1849 730 iliam
1885 674 2095 728 auferre
2136 676 2448 742 poterimus.
2498 677 2783 727 Annnente
2829 673 3154 740 Josbapbato
3189 677 3235 726 ei

1705 767 1847 836 quod
1894 765 2067 833 petiit,
2117 765 2354 819 collectis
2417 766 2549 819 viris
2597 767 2708 817 suis
2779 763 3004 815 liatnotb
3053 765 3236 817 Gilead

1704 855 1930 926 profecti
1961 865 2108 908 sunt.
2140 853 2256 918 Quo
2310 855 2490 907 audito
2538 870 2627 907 rex
2691 854 2858 923 Syriae
2909 856 3023 908 εειὶε
3081 856 3237 905 etiam

1705 945 2042 1013 congregatis
2064 943 2127 997 ad
2181 946 2330 1012 ipsos
2362 959 2613 1012 egressus
2643 955 2746 998 est.
2795 945 2939 997 Dixit
2979 959 3108 1012 ergo
3148 941 3240 994 Jo-

1705 1036 1969 1103 shaphato
2019 1034 2221 1108 Ahab:
2269 1034 2485 1087 Mutatis‘
2528 1037 2859 1089 ornamentis
2905 1037 3011 1089 tuis
3067 1044 3242 1087 vestes

1707 1141 1858 1180 meas
1906 1124 2099 1190 induas
2151 1139 2220 1177 ne
2270 1125 2322 1177 in
2362 1126 2542 1192 prmlio
2571 1124 2926 1193 dignosearia.
2981 1126 3131 1189 Quod
3189 1135 3242 1176 et

1707 1215 1851 1269 fecit.
1889 1212 2003 1266 Rex
2040 1221 2217 1266 autem
2248 1213 2419 1283 Syria:
2461 1213 2577 1268 suis
2621 1220 2677 1264 ιιι
2715 1228 2890 1280 regem
2944 1212 3158 1266 lsraelis
3188 1213 3239 1262 in

1705 1304 1885 1375 pra-lio
1937 1311 2182 1372 peterent
2247 1303 2584 1372 prmeipiens.
2613 1302 2763 1370 ‘ipsis
2822 1304 3074 1354 vestitum
3124 1301 3243 1369 ejus

1702 1395 2080 1463 descripserat.
2136 1394 2214 1447 llli
2259 1409 2413 1463 ergo,
2442 1396 2750 1456 conspectis
2807 1392 3087 1459 Josaphati
3157 1407 3246 1444 ve-

1704 1485 2128 1552 stibus.ipsum,
2179 1483 2445 1547 Ababum.
2496 1484 2710 1537 lsraelis
2761 1497 2936 1550 regem
2987 1482 3113 1543 rati,
3151 1496 3244 1549 pe-

1705 1577 1876 1625 tentes
1892 1572 2237 1642 205207
2260 1564 2768 1638 circumdederunt;
2798 1587 2932 1641 quos
2961 1572 3050 1624 ille
3077 1571 3245 1623 inela-

1708 1677 1858 1716 mans
1882 1661 1950 1715 ab
1981 1663 2112 1730 ipsis
2132 1663 2324 1715 evasit.
2355 1663 2595 1715 Ahabutn
2623 1672 2796 1715 autem
2821 1675 2996 1727 regem
3031 1660 3244 1713 Israeli-

1705 1753 1862 1804 tictnu
1887 1766 2008 1806 cum
2037 1752 2390 1820 percussisset
2414 1752 2626 1822 sagitta,
2647 1753 2698 1802 in
2718 1751 2894 1820 fugam
2916 1763 3095 1804 coram
3123 1765 3245 1816 rege

1703 1842 1870 1910 Syriae
1899 1841 2142 1894 conversi
2181 1851 2327 1904 sunt,
2370 1842 2623 1895 redeunte
2654 1841 3020 1908 Hierosolyma
3054 1839 3242 1892 Josha-

1702 1932 1883 1999 phato,
1909 1931 2211 1996 Abahojatn
2237 1931 2520 1984 vulnerato
2541 1933 2591 1982 in
2619 1933 2792 1982 locum
2826 1945 2981 1982 suum
3008 1943 3243 1983 reverso.

1769 2020 2009 2074 Mortuus
2042 2030 2218 2074 autem
2255 2021 2404 2074 Ahab
2431 2021 2650 2073 vulnere
2678 2019 2820 2086 quod
2847 2020 2849 2022 ’
2877 2020 2950 2072 illi
2983 2018 3243 2072 inllietnm

1699 2117 1802 2169 est,
1836 2108 2090 2162 Satnarize
2117 2111 2360 2177 sepultus
2389 2119 2490 2163 est.
2521 2109 2651 2163 Post
2682 2110 2858 2177 ipsum
2891 2110 2946 2162 in
2998 2107 3242 2160 ?amaria

1699 2199 1910 2252 duobus
1941 2200 2096 2271 annis
2128 2202 2370 2265 regnavit
2417 2201 2557 2252 filius
2603 2201 2773 2267 ipsius
2818 2201 3041 2263 Ahazia,
3077 2199 3237 2265 idque

1699 2303 1841 2339 attttu
1871 2287 2017 2355 regni
2063 2285 2377 2354 Joshaphati
2448 2291 2588 2355 regis
2637 2287 2789 2341 Judte
2818 2288 3029 2342 decimo
3076 2302 3239 2340 nono.

1706 2374 1936 2444 Fuitque
1958 2375 2295 2436 conversatio
2340 2376 2510 2444 ipsius
2538 2375 2803 2442 ejusmodi
2831 2391 2950 2444 qua:
2979 2385 3032 2429 et
3078 2374 3243 2442 patris

1697 2467 1868 2534 ipsius
1895 2467 2038 2535 quod
2075 2467 2139 2520 ad
2191 2467 2507 2534 nequitiam,
2553 2475 2607 2520 et
2637 2466 2930 2530 idolorum,
2981 2479 3086 2520 una
3119 2480 3242 2519 cum

1701 2568 1872 2612 matre
1917 2558 2124 2612 lzebelc
2170 2572 2291 2624 quae
2331 2555 2636 2610 Nabotbttm
2667 2556 2964 2618 occiderat,
3013 2556 3237 2608 cultum.

1693 2654 1826 2708 Cum
1852 2663 2028 2706 autem
2060 2649 2253 2721 morbo
2291 2648 2438 2717 gravi
2474 2646 2742 2699 laboraret
2770 2645 2992 2707 Ahazia,
3035 2645 3246 2700 lsraelis

1695 2759 1811 2805 rex.
1840 2743 1972 2795 adeo
2005 2749 2060 2793 ιιι
2093 2738 2198 2794 sibi
2225 2739 2459 2798 timeret,
2507 2737 2753 2790 nuntium
2789 2737 2938 2790 misit
2964 2735 3030 2814 ad
3061 2731 3244 2788 idolo.-

1695 2849 1815 2886 rum
1859 2831 2168 2897 sacerdotes
2201 2826 2295 2898 qui
2334 2828 2561 2887 abillis.
2617 2827 2806 2880 morbo
2851 2841 2952 2881 suo
2999 2825 3242 2880 convali.

1696 2934 1850 2979 turns
1909 2921 2053 2976 esset
2097 2902 2324 2982 necne;
2373 2913 2815 3005 sciscitarentur;
2875 2918 2961 2970 cui
3026 2916 3240 2969 obviam

57 2995 241 3047 ducum
293 2996 559 3066 Syrorum
596 3000 895 3054 exercitum
931 3003 1240 3068 circumire,
1289 3019 1428 3073 quos
1461 3021 1586 3059 eon-
1621 3019 1662 3072 c
1697 3012 1870 3066 factus
1903 3012 2012 3065 Elia
2045 3009 2298 3080 propheta
2334 2995 2473 3060 dixit
2503 3025 2515 3060 :
2555 3007 2711 3062 Dicas
2749 3009 2900 3074 regi:
2933 3007 3091 3060 Certo
3127 3021 3239 3056 uio.

54 3083 335 3150 rpicienles
366 3085 624 3156 Syrorum
670 3090 937 3141 exercitus
981 3093 1240 3158 suspicati
1272 3105 1397 3147 sunt
1430 3096 1594 3150 lsrae.

56 3173 170 3227 litas
203 3175 350 3241 ipsos
381 3177 604 3231 adortos
636 3177 825 3237 fuisse.
883 3180 1017 3234 adeo
1044 3192 1101 3234 ut
1143 3184 1193 3234 in
1234 3183 1411 3252 fugam
1467 3202 1596 3238 cos:-

53 3265 185 3316 versi
216 3266 308 3319 alii
347 3267 486 3320 alios
517 3268 903 3342 opprimerejtt,
939 3285 1105 3337 seque
1157 3284 1344 3326 mutuo
1377 3277 1595 3329 occide-

53 3364 184 3408 rent.
243 3356 418 3426 Cujus
476 3358 551 3412 rei
605 3359 747 3413 fama
805 3374 928 3413 cum
990 3361 1056 3414 ad
1112 3362 1358 3416 Ahabnm
1413 3380 1592 3432 regem

53 3439 263 3500 lsraclis
299 3451 658 3516 pervenisset.
696 3451 810 3518 ipse
840 3448 959 3504 cum
1002 3453 1119 3506 suis
1146 3468 1242 3507 eos
1292 3455 1592 3519 insecutus,

49 3545 215 3588 castra
243 3552 457 3599 eorum,
492 3541 743 3602 tentoria,
769 3541 1014 3608 jumenta
1056 3551 1109 3596 et
1133 3543 1405 3613 quidquid
1460 3546 1594 3614 ipsis

49 3633 206 3685 esset,
237 3625 484 3694 diripuit.
544 3627 654 3681 Elm
690 3627 874 3682 Hadad
929 3640 1108 3684 autem
1172 3631 1416 3689 Damasci
1474 3613 1616 3698 ἔως..

49 3712 189 3766 solus
219 3714 286 3767 ad
342 3715 530 3768 urbem
582 3715 904 3771 Damascum
936 3720 1129 3784 evasit,
1177 3720 1267 3775 ubi
1310 3711 1374 3776 ad
1415 3723 1590 3792 ipsum

47 3808 350 3876 congregati
386 3817 512 3861 sunt
547 3823 576 3861 e
600 3808 887 3865 comitibus
925 3811 1044 3878 ejus
1075 3812 1384 3882 quicunque
1409 3829 1596 3870 evase-

47 3905 179 3950 tant.
206 3894 468 3952 Collectis
491 3913 620 3968 ergo
645 3900 819 3968 copiis
843 3915 1092 3969 egressus
1121 3914 1204 3957 est
1224 3903 1296 3957 ob
1321 3905 1422 3959 hoc
1447 3906 1590 3973 quod

46 3986 140 4040 sibi
165 3987 448 4042 acciderat
491 3984 1118 4060 nltionemlumpturus.
1169 3992 1392 4048 Obviam
1414 3990 1588 4051 autem

45 4076 114 4130 illi
168 4077 449 4145 profectus
496 4079 666 4144 Ahah,
706 4076 921 4134 lsraelis
974 4096 1085 4141 rex.
1129 4083 1248 4153 ipso
1301 4083 1357 4138 in
1411 4084 1590 4154 fugam

45 4168 166 4220 dato
201 4183 232 4222 e
264 4169 565 4223 comitibus
591 4169 760 4238 ipsius
802 4171 950 4227 viros
975 4173 1144 4227 vicies
1195 4175 1399 4242 septies
1445 4177 1592 4230 mille

44 4258 332 4317 interfecit.
377 4260 638 4313 madente
690 4257 805 4313 Ebn
851 4247 1072 4314 Hadado
1110 4263 1227 4316 solo
1267 4263 1588 4317 Damascum

1703 3103 1880 3156 rieris.
1902 3100 2174 3156 Reversus
2209 3084 2336 3169 ergo
2366 3084 2588 3153 nuntius
2627 3112 2748 3152 cum
2772 3097 2876 3151 hoc
2916 3097 3024 3163 regi
3054 3104 3237 3149 notum

1695 3191 1914 3245 fecisset
1949 3206 1964 3244 :
2015 3189 2296 3244 Describas
2344 3187 2498 3248 mihi.
2543 3188 2718 3254 inquit
2765 3201 2856 3241 rex
2882 3226 2898 3248 .
2932 3187 3117 3238 'virum
3149 3185 3238 3252 qui

1697 3280 1796 3335 tibi
1826 3278 2039 3333 obviam
2074 3278 2247 3332 faetns
2275 3262 2376 3332 est.
2405 3276 2521 3341 Quo
2552 3275 2769 3328 dicente
2803 3291 2818 3326 τ
2861 3272 2954 3326 Vir
2987 3280 3103 3327 erat
3130 3274 3241 3325 bir-

1698 3379 1855 3425 sutus
1886 3384 2018 3424 zona
2051 3367 2273 3439 pellicea
2306 3365 2748 3428 circumcinctus.
2777 3365 2901 3430 Hic,
2925 3364 3098 3430 inquit
3126 3378 3238 3424 rex,

1695 3459 1811 3514 Elia
1857 3440 1941 3513 est
1985 3457 2263 3528 propheta.
2291 3458 2493 3511 Ducem
2523 3454 3071 3528 ermquinquaginta
3109 3454 3240 3506 viris

1692 3551 2006 3604 comitatum
2045 3536 2109 3603 ad
2137 3550 2313 3618 ipsum
2362 3549 2527 3615 misit,
2561 3557 2780 3605 sedente
2812 3547 2920 3599 Elia
2951 3547 3004 3598 in
3038 3549 3241 3600 vertice

1693 3640 1893 3694 montis
1944 3638 2152 3692 Carmel
2184 3657 2196 3691 :
2241 3637 2336 3692 Cui
2390 3639 2499 3692 dux
2532 3657 2546 3693 :
2583 3638 2724 3692 Heus
2757 3638 2771 3690 !
2803 3636 3060 3715 propheta
3126 3633 3238 3696 Dei,

1691 3725 1981 3782 descende.
2014 3724 2247 3776 accersit
2290 3733 2342 3777 te
2378 3740 2491 3778 rex.
2523 3722 2821 3791 Respondit
2849 3720 2970 3774 Elia
3003 3737 3017 3773 :
3052 3722 3107 3774 Si
3136 3720 3237 3775 sint

1693 3827 1794 3880 ego
1821 3811 2078 3880 prapheta
2129 3810 2215 3861 Dei
2249 3809 2538 3862 descendat
2579 3825 2608 3863 e
2641 3809 2782 3862 coelo
2823 3807 2988 3874 ignis,
3032 3809 3124 3875 qui
3162 3817 3235 3866 te.

1694 3915 1896 3970 eosque
1925 3900 2016 3968 qui
2067 3907 2246 3952 tecum
2278 3911 2407 3952 sunt
2439 3900 2680 3953 devoret.
2724 3898 3064 3953 Descendens
3110 3912 3239 3962 ergo

1692 3991 1832 4058 ignis
1875 3989 2024 4057 ipsos
2070 3989 2427 4055 consumpsit.
2485 3987 2648 4056 208
2702 3987 2836 4040 Tum
2890 4000 2984 4038 rex
3043 3985 3235 4037 ducem

1693 4079 1855 4132 alium
1883 4093 2005 4132 cum
2034 4078 2421 4148 quinquaginta
2454 4077 2583 4133 viris
2627 4078 2797 4138 misit.
2836 4077 2927 4146 qni
2968 4085 3024 4130 et
3055 4075 3193 4130 dixit
3220 4091 3234 4127 :

1695 4168 1890 4224 lleus‘!
1921 4169 2176 4238 propheta
2199 4165 2315 4232 Dei,
2363 4164 2698 4231 descendas;
2725 4170 2958 4223 accersit
3001 4170 3140 4219 enim
3188 4173 3240 4218 te

1694 4277 1806 4316 rex.
1833 4262 1930 4315 Cui
1965 4262 2075 4314 Elia
2119 4278 2133 4312 :
2181 4259 2240 4314 Si
2279 4261 2380 4314 sim
2408 4276 2506 4330 ego
2537 4261 2800 4334 prppbeta
2841 4261 2956 4322 Dei,
2986 4260 3237 4328 delapsus

46 4362 228 4413 usque.
259 4347 427 4419 204Ι
447 4349 806 4420 Consulentes
838 4360 1016 4404 autem
1042 4353 1139 4420 ipsi
1163 4363 1216 4406 et
1241 4355 1592 4422 soeiisipsins
1626 4354 1667 4405 D
1695 4353 1832 4406 emlo
1863 4352 2001 4420 ignis
2026 4362 2088 4423 .te
2117 4360 2167 4404 et
2202 4353 2292 4417 qui
2337 4360 2511 4406 tecum
2545 4362 2672 4406 sunt
2724 4360 3045 4414 consumat;
3095 4353 3235 4419 quod

43 4439 282 4492 nonnulli
332 4439 588 4492 dixerunt
627 4456 642 4493 :
684 4456 773 4494 rex
829 4439 1049 4497 lsraelis
1113 4443 1422 4499 misericors
1469 4456 1584 4508 est;

41 4535 365 4584 accedentes
399 4545 528 4598 ergo
569 4531 741 4598 ipsntn
789 4532 1098 4600 rogabimus
1139 4542 1252 4586 uta
1289 4535 1446 4588 nobis
1478 4535 1589 4590 ds-

13 4619 210 4682 .redat,
238 4621 380 4674 alias
437 4622 579 4674 enim
617 4622 894 4689 periimus.
929 4621 1180 4676 Vestibus
1220 4640 1349 4692 ergo
1396 4625 1587 4682 laceris

42 4709 232 4775 induti,
263 4711 538 4772 Ahabum,
561 4711 770 4766 lsraelis
796 4728 972 4781 regem
1006 4715 1266 4770 adeuntes
1292 4717 1547 4769 dixerunt
1572 4734 1586 4770 :

45 4800 176 4855 Dicit
210 4817 414 4857 servus
438 4809 565 4879 tuus
599 4802 710 4857 Ebn
744 4803 951 4862 lladad.
989 4821 1054 4858 ne
1086 4806 1218 4858 mihi
1267 4821 1586 4862 succenseas

40 4895 104 4942 ub
134 4894 258 4946 illud
297 4892 444 4962 quod
494 4893 588 4946 tibi
619 4895 798 4948 intuli.
849 4882 1056 4960 Quibus
1091 4897 1367 4964 respondit
1411 4899 1584 4965 Abab,

44 4998 128 5034 rex
172 4983 390 5037 lsruelis
426 5001 440 5035 :
485 4982 599 5035 Non
631 4994 712 5037 est
737 4985 825 5037 ille
847 4987 987 5039 alius
1018 5002 1178 5053 quam
1217 4987 1381 5038 frater
1411 5005 1580 5041 mens.

38 5072 168 5127 Tum
197 5075 270 5128 illi
311 5095 324 5128 :
364 5076 416 5130 Si
446 5068 618 5129 'fraier
676 5089 805 5130 tuus
835 5077 921 5137 sit,
954 5077 1223 5143 inquiunt,
1258 5078 1432 5132 {cadus
1463 5095 1581 5131 (Ulll

36 5164 124 5215 illo
153 5165 219 5220 de
244 5164 507 5217 Damaseo
531 5180 761 5232 pangas,
798 5166 973 5234 sitque
1015 5168 1154 5220 inter
1207 5178 1255 5220 te
1302 5180 1352 5220 et
1406 5170 1582 5234 ipsum

39 5267 148 5310 pax.
173 5251 272 5305 Cui
303 5253 390 5304 ille
416 5253 623 5306 annuit.
643 5251 837 5305 Tribus
863 5263 982 5320 po-at
1019 5256 1197 5317 annis.
1223 5257 1582 5309 descendente

35 5334 389 5408 Jnsbaphato,
431 5341 579 5394 Judae
612 5357 756 5410 rege,
800 5342 864 5394 ad
915 5344 1180 5408 Ahabum,
1237 5345 1444 5397 lsraeiis
1497 5363 1580 5396 ro-

38 5445 172 5492 go'm,
201 5431 573 5493 salutandum,
605 5434 814 5485 obviam
860 5434 933 5485 illi
969 5435 1140 5487 factus
1174 5436 1323 5488 Altab
1355 5435 1491 5504 apud
1524 5452 1580 5488 se

37 5518 270 5587 hospitio
315 5521 547 5586 excepit.
612 5520 907 5590 Juuxitqne
960 5521 1255 5590 Joshapbat
1304 5525 1576 5578 connubio

37 5609 196 5661 lilium
232 5626 392 5664 suum
425 5610 696 5666 Jorumtttn
728 5613 932 5678 Atalie,
987 5614 1156 5670 Altabi
1196 5617 1335 5684 regis
1370 5618 1560 5670 sorori.

1691 4452 1743 4495 et
1779 4442 1978 4496 factum
2009 4452 2107 4498 est.
2141 4441 2275 4496 Tum
2309 4443 2498 4496 ducent
2533 4445 2750 4496 tertium
2796 4443 2942 4496 misit
2970 4443 3240 4509 quinqua-

1689 4530 1835 4599 ginta
1879 4531 2040 4584 etiam
2093 4531 2223 4585 viris
2270 4533 2626 4596 comitatum;
2667 4547 2824 4601 quem
2877 4547 2996 4586 cmn
3047 4533 3233 4586 emlem

1691 4623 1850 4674 modo
1903 4623 2165 4676 allocutus
2199 4631 2344 4676 esset
2385 4623 2640 4690 proltheta
2685 4637 2792 4689 quo
2844 4622 3055 4689 priores
3101 4625 3234 4675 allo-

1688 4723 1849 4767 cutus
1884 4720 1987 4776 est,
2023 4713 2163 4768 idem
2194 4714 2240 4766 ei
2277 4711 2420 4779 quod
2470 4711 2596 4774 illis.
2629 4713 2804 4779 iisque
2829 4713 2920 4780 qui
2961 4729 3079 4764 ctnu
3117 4713 3230 4780 ipso

1691 4805 2158 4872 fuerunteontigit.
2180 4804 2314 4856 Tum
2341 4782 2582 4872 profecto
2608 4805 2672 4856 ad
2727 4804 2899 4871 ipsum
2933 4821 3106 4871 regem
3135 4804 3230 4856 de-

1689 4899 1955 4948 scendens
1986 4893 2098 4946 Elia
2129 4894 2262 4946 dixit
2295 4911 2308 4944 :
2342 4893 2687 4960 Nequaquam
2709 4908 2738 4945 a
2767 4893 2948 4944 morbo
2980 4902 3072 4944 tuo
3100 4909 3229 4945 con-

1685 4985 1945 5043 valesces.
1978 4983 2070 5036 sed
2103 4984 2398 5034 moriturus
2429 4999 2487 5034 es
2520 4981 2660 5048 quod
2702 4981 2840 5033 idola
2883 4983 3146 5044 colueris,
3179 4995 3231 5036 et

1686 5076 1823 5140 qnol
1877 5077 2074 5127 malum
2118 5082 2200 5126 est
2241 5088 2421 5126 coram
2466 5074 2571 5125 Deo
2610 5072 2964 5140 omnipotenti
3015 5073 3261 5126 fet-eris.

1684 5164 1852 5216 Porro
1882 5165 2072 5217 diebus
2115 5163 2331 5216 Altazia:
2360 5163 2501 5228 regis
2555 5164 2773 5217 israelis
2821 5174 2873 5217 et
2915 5163 3212 5231 Joshap‘iat

1688 5253 1824 5317 regis
1848 5250 2019 5317 Judm,
2052 5253 2292 5305 sublatus
2315 5262 2398 5304 est
2431 5251 2543 5304 Elia
2573 5255 2729 5321 quasi
2761 5255 2813 5305 in
2846 5257 3063 5307 c'nlttm.
3097 5255 3227 5306 Mor-

1685 5352 1806 5393 tuus
1835 5353 2010 5395 autem
2042 5344 2240 5395 Ahazia
2271 5358 2357 5394 rex
2393 5343 2605 5396 Israelis
2639 5346 2825 5397 tllDt‘l‘O
2851 5364 2949 5398 suo
2979 5365 3076 5398 ειη-ι
3104 5364 3220 5395 eum

1685 5442 1831 5498 patre
1865 5448 1964 5484 suo
1992 5431 2237 5499 sepultus
2272 5443 2372 5492 est,
2409 5444 2665 5500 regnante
2694 5444 2812 5500 post
2846 5436 3017 5501 ipsum
3063 5432 3222 5484 fratre

1685 5520 1850 5588 ipsius
1877 5521 2094 5574 Joramo
2122 5523 2293 5575 Ahabi
2337 5522 2443 5576 lilio
2486 5523 2538 5575 itt
2582 5521 2852 5576 lsraclitas
2884 5527 2932 5575 in
2975 5524 3220 5575 Samaria

1682 5635 1848 5672 annos
1879 5618 2181 5673 duodecim.
2214 5618 2376 5687 quue
2403 5634 2544 5671 anno
2573 5621 2716 5685 regni
2744 5618 3054 5686 Josbaphatt
3086 5619 3222 5683 regis
