3950 6348
100 300 188 360 953
607 323 610 328 ·
1458 295 1557 353 AN
1567 294 1820 352 NALES.

3133 287 3236 349 9.54

85 419 190 466 est.
219 408 320 461 Elia
351 421 480 474 ergo
515 408 752 474 acceptis
796 407 1078 460 duodecim
1121 406 1386 475 lapidibus
1435 407 1597 459 altare
1627 405 1668 456 Α
1699 404 1839 459 Dixit
1881 412 2059 457 autem
2097 402 2251 456 Altab
2293 400 2609 470 Josapbato,
2655 401 2764 470 regi
2815 401 2966 454 .ludze
2996 417 3009 453 :
3037 399 3234 454 Urbem

95 497 357 556 exstruxit.
394 497 536 549 circa
579 497 715 564 quod
771 497 967 550 fossam
994 495 1199 556 etlodit,
1227 496 1419 548 deinde
1466 498 1604 564 ligna

97 586 344 656 lapidibus
376 584 676 652 imponens,
717 585 1074 652 etjuvencum
1110 595 1403 636 mactatum
1445 601 1606 652 super

93 673 342 744 lapidibus
373 683 427 724 et
478 674 634 740 lignis
688 687 906 741 parans.
967 673 1250 741 eidemque
1319 673 1600 728 duodecim

91 779 230 832 aqua-
277 761 490 831 ltydrias
532 762 954 831 superfundcns,
1000 763 1218 833 impleta
1252 766 1412 818 etiam
1462 764 1604 818 fossa

90 869 196 921 quae
227 851 420 905 circum
449 850 616 902 altare
647 864 807 917 aqua,
829 852 1112 906 Dominum
1171 869 1328 908 suum
1358 869 1482 908 cum
1517 856 1603 908 in-

89 948 335 1003 vocasset,
365 939 697 995 descendens
727 957 756 995 e
786 943 924 995 caelo
978 943 1118 1010 ignis
1179 959 1419 1007 carnem,
1476 945 1608 1012 lapi—

87 1032 191 1094 des,
221 1038 272 1082 et
301 1044 490 1094 aquam
515 1030 809 1092 devoravit,
843 1034 979 1086 adeo
1023 1043 1079 1086 ut
1129 1033 1398 1100 ingentem
1443 1034 1604 1087 etiam

88 1123 131 1170 in
161 1127 294 1171 terra
328 1117 524 1171 fossam
557 1128 810 1181 cavaret;
857 1120 1002 1192 quod
1046 1121 1318 1174 lsraclitas
1369 1124 1421 1174 in
1488 1132 1607 1176 stu-

86 1223 252 1274 porem
292 1209 420 1276 egit.
471 1208 844 1275 Interfecitque
913 1211 1026 1263 Elia
1106 1213 1606 1281 pseutloprophetas

83 1298 267 1367 gladio.
301 1299 350 1351 in
382 1309 620 1352 torrente
647 1300 835 1354 Kison.
873 1302 1067 1355 Deinde
1119 1302 1400 1357 Dominum
1455 1305 1604 1358 invo-

83 1389 226 1446 cavit.
257 1402 361 1456 quo
414 1389 468 1442 in
517 1391 663 1458 ipsos
715 1391 946 1458 pluviam
997 1392 1352 1457 demittente,
1390 1395 1600 1448 sublata

14 1488 19 1494 ‘
83 1489 153 1532 est
179 1480 360 1546 pestis.
392 1479 564 1532 lzebcl
617 1491 814 1540 autem,
842 1482 1012 1534 Ahabi
1040 1483 1180 1547 regis
1207 1485 1422 1537 lsraelis
1446 1501 1601 1547 uxor,

83 1569 247 1626 audito
297 1569 426 1635 quid
463 1568 952 1636 pseudoprophetis
1006 1569 1223 1624 fecisset
1272 1570 1409 1636 Elia,
1463 1574 1607 1627 misit

84 1658 134 1710 ad
164 1657 356 1723 ipsum,
375 1655 573 1710 caedem
599 1657 676 1710 illi
708 1658 1060 1713 interminans
1085 1676 1100 1719 :
1135 1661 1224 1727 qui
1254 1676 1383 1728 ergo
1409 1663 1474 1715 ab
1516 1663 1604 1716 illa

82 1756 305 1799 metuens
325 1745 550 1816 aufugit.
580 1745 914 1813 Occurrente
937 1747 1151 1802 interim
1181 1751 1278 1818 ipsi
1303 1749 1481 1806 Etisha
1510 1752 1599 1805 Jo-

79 1832 305 1900 sliapbati
328 1833 458 1894 ﬁlio,
473 1834 562 1902 qui
588 1833 758 1888 bobus
773 1835 886 1888 suis
901 1835 1250 1907 201-203
1267 1853 1402 1906 quas
1417 1854 1602 1905 pasce-

79 1924 154 1973 bat
173 1921 391 1978 relictis.
415 1922 579 1976 Etiam
597 1933 840 1986 secutus,
858 1922 1034 1978 factus
1058 1934 1142 1978 est
1165 1926 1261 1996 ipsi
1283 1927 1600 1996 discipulus.

135 2006 262 2060 Tum
331 2010 445 2062 Ebu
509 2007 719 2072 lladad,
775 2010 1020 2064 Damasci
1085 2025 1201 2074 rex,
1262 2015 1604 2082 congregatis

73 2099 288 2151 sulnlitis
340 2100 476 2158 suis.
509 2100 829 2168 regibusque
879 2101 1093 2169 triginta
1143 2103 1354 2157 duobus
1401 2107 1450 2158 in
1505 2122 1605 2160 au-

73 2191 242 2240 xilium
291 2191 529 2263 yocatis,
588 2183 708 2242 cum
767 2192 992 2260 ingenti,
1054 2195 1253 2261 quique
1315 2210 1599 2248 numerum

68 2279 364 2340 excederet.
404 2283 637 2334 exercitu
676 2282 944 2348 profectus
965 2292 1018 2335 et
1067 2285 1344 2338 a-lbcllu'u
1381 2287 1590 2350 Altabo,

70 2370 273 2424 Israelis
309 2372 444 2440 regi,
488 2371 829 2426 inferendum
865 2388 1139 2441 egressus,
1195 2376 1338 2429 misit
1377 2376 1443 2428 ad
1475 2394 1598 2430 eum

48 2459 310 2531 -|dicens]
349 2476 365 2510 :
399 2460 677 2527 Quidquid
707 2462 954 2529 possides
1008 2466 1120 2516 auri
1177 2474 1338 2533 atque
1392 2469 1596 2535 argenti

67 2565 229 2600 meum
253 2561 356 2603 est.
393 2553 536 2602 servi
570 2551 728 2604 etiam
767 2553 869 2615 ttti,
895 2554 1211 2616 aucillazqtte
1231 2569 1293 2607 ac
1327 2555 1598 2619 mulieres,

65 2646 229 2690 totum
272 2639 418 2708 quod
450 2640 691 2708 possides
725 2636 902 2696 mettm
941 2643 1335 2712 est.’Metuens
1383 2661 1507 2714 ergo
1533 2647 1601 2700 alt

61 2727 171 2793 ipso
207 2729 366 2781 Altab
417 2737 583 2783 totum
615 2731 756 2798 quod
788 2731 1082 2798 postulavit
1128 2733 1200 2785 illi
1253 2735 1465 2812 annuit,
1513 2733 1602 2787 ln-

68 2825 201 2867 terca
243 2829 426 2871 autem
459 2818 584 2871 dum
635 2819 785 2873 inter.
812 2821 959 2888 ipsos
998 2821 1142 2876 ultro
1193 2823 1435 2890 citroque
1472 2839 1600 2877 cur-

60 2903 281 2957 sitarent
313 2906 498 2975 legati,
533 2922 683 2986 ecce
741 2910 944 2974 egressi
980 2911 1128 2978 pueri
1166 2913 1383 2979 quidam
1415 2927 1443 2965 e
1476 2913 1600 2967 filiis

1711 494 1934 547 Ratnoth
1977 492 2184 555 Cilcati,
2216 509 2335 559 qtra:
2394 501 2574 543 nostra
2614 490 2736 551 fuit,
2795 491 3018 542 abstulit
3083 489 3236 541 nobis

1706 601 1795 637 rex
1828 583 2017 652 Syrim,
2044 597 2072 635 a
2106 599 2233 648 quo,
2273 583 2316 634 si
2353 593 2405 633 ιιι
2431 582 2543 646 ipse
2571 579 2699 629 mihi
2741 579 2998 632 auxilium
3027 579 3234 640 tuleris,

1707 675 1850 727 illam
1886 670 2096 725 auferre
2137 672 2449 738 poterimus.
2500 672 2784 723 Attttttcnte
2830 667 3155 734 Joshapltato
3191 670 3237 720 ci

1705 764 1848 832 quod
1895 762 2068 829 petiit,
2118 761 2355 814 collectis
2417 761 2550 814 viris
2597 761 2709 813 suis
2781 758 3005 810 llamoth
3054 759 3237 811 Gilead

1705 852 1931 922 profecti
1963 861 2110 904 sunt.
2141 849 2256 914 Quo
2311 851 2491 902 audito
2539 865 2628 902 rex
2692 849 2860 918 Syriae
2911 849 3025 902 suis
3083 850 3239 898 etiam

1706 941 2043 1009 congregatis
2065 939 2128 992 aut
2183 942 2332 1008 ipsos
2363 955 2614 1008 egressus
2645 951 2748 993 est.
2797 939 2940 992 Dixit
2981 953 3110 1007 ergo
3149 934 3242 988 Jo-

1707 1033 1971 1100 shaphato
2021 1029 2173 1104 Ahab
2209 1046 2223 1082 :
2270 1029 2487 1083 Mutatis’
2529 1032 2861 1084 ornamentis
2906 1031 3014 1083 tuis
3069 1037 3244 1081 vestes

1709 1138 1860 1177 meas
1908 1121 2101 1188 induas
2154 1135 2221 1174 ne
2273 1121 2324 1172 in
2364 1121 2544 1188 pretio
2573 1119 2928 1188 dignoscaris.
2984 1120 3133 1183 Quod
3192 1128 3244 1170 ιιι

1709 1212 1853 1266 fecit.
1892 1208 2006 1262 Rex
2042 1217 2219 1263 autem
2251 1208 2421 1278 Syriae
2463 1208 2579 1262 suis
2623 1215 2679 1258 ut
2717 1221 2893 1275 regem
2946 1206 3160 1260 lsraelis
3190 1207 3241 1256 in

1707 1300 1888 1371 pra'lio
1940 1308 2184 1368 peterent
2249 1298 2587 1368 prmcipicns,
2616 1297 2765 1364 ‘ipsis
2824 1298 3077 1348 vestitum
3127 1295 3246 1363 ejus

1704 1391 2083 1459 descripserat.
2138 1390 2217 1442 Illi
2263 1404 2415 1459 ergo,
2445 1391 2752 1451 conspectis
2810 1386 3090 1454 Jos:tphati
3159 1401 3249 1438 vc-

1707 1481 2131 1548 stibus,ipsum,
2182 1479 2448 1543 Ahabum,
2498 1479 2713 1532 lsraelis
2765 1491 2939 1544 regem
2991 1475 3116 1537 rati,
3154 1490 3246 1543 pc-

1708 1573 1879 1622 t'entes
1895 1569 2240 1638 205-207
2263 1568 2772 1632 circumdederunt;
2801 1581 2936 1636 quos
2963 1567 3053 1618 ille
3080 1565 3248 1617 incla-

1711 1673 1862 1712 mans
1885 1658 1954 1711 ab
1984 1659 2115 1726 ipsis
2135 1658 2328 1711 evasit.
2359 1657 2598 1710 Ahabum
2626 1667 2798 1710 autem
2825 1670 3000 1721 regem
3035 1654 3247 1707 lsracli-

1708 1750 1866 1801 ticmn
1891 1763 2012 1801 cum
2040 1748 2393 1816 percussisset
2418 1747 2630 1816 sagitta,
2650 1748 2701 1797 in
2722 1745 2898 1815 fugam
2920 1759 3098 1798 coram
3126 1760 3248 1810 rege

1706 1838 1873 1908 Syriae
1903 1837 2146 1891 conversi
2184 1847 2330 1900 sunt,
2373 1837 2627 1890 redeunte
2657 1835 3024 1903 Hierosolyma
3059 1833 3246 1886 Joshn-

1705 1929 1886 1996 phato,
1913 1927 2215 1991 Ahabojatn
2241 1927 2524 1979 vulnerato
2544 1928 2595 1977 in
2623 1927 2796 1978 locum
2830 1940 2985 1976 suum
3012 1937 3247 1977 reverso.

1773 2016 2012 2070 Mortuus
2046 2025 2222 2070 autem
2259 2017 2409 2069 Ahab
2435 2016 2654 2068 vulnere
2682 2013 2825 2080 quod
2850 2016 2853 2017 ⁷
2882 2014 2954 2066 illi
2987 2012 3247 2065 intlictum

1704 2113 1806 2166 8st,
1840 2105 2095 2158 Samaria:
2121 2106 2365 2172 sepultus
2393 2114 2495 2158 est.
2526 2104 2656 2157 Post
2686 2105 2862 2172 ipsum
2897 2105 2950 2156 in
3003 2100 3247 2154 Famatia

1703 2195 1914 2248 duobus
1945 2196 2100 2268 au'uis
2133 2197 2374 2260 regnavit
2422 2195 2562 2248 t‘tlins
2607 2195 2778 2262 ipsius
2824 2195 3046 2256 Ahazia,
3081 2193 3242 2259 idque

1703 2300 1845 2334 anno
1876 2283 2022 2352 regni
2068 2282 2382 2350 .loshaphati
2453 2285 2592 2350 regis
2641 2281 2794 2336 Judze
2823 2283 3034 2336 decimo
3080 2295 3244 2334 ιιοιιυ.

1711 2371 1941 2440 Fuitque
1963 2371 2300 2426 conversatio
2344 2371 2516 2439 ipsius
2543 2369 2808 2437 ejusmodi
2836 2385 2955 2438 quae
2984 2377 3037 2423 et
3083 2368 3248 2436 patris

1703 2464 1874 2532 ipsius
1901 2463 2042 2531 quod
2080 2463 2144 2516 ad
2195 2461 2512 2530 nequitiam,
2557 2471 2612 2516 et
2643 2460 2936 2524 idolorum,
2986 2473 3092 2514 una
3125 2473 3247 2512 cum

1706 2565 1877 2609 tnatre
1922 2554 2130 2608 lzebele
2175 2568 2296 2620 qua:
2337 2550 2641 2605 Nabothum
2672 2550 2969 2616 occiderat,
3019 2550 3243 2602 cultum.

1699 2651 1832 2704 Cum
1857 2658 2034 2702 autem
2067 2644 2258 2716 morbo
2297 2643 2445 2712 gravi
2479 2641 2747 2694 laboraret
2775 2639 2997 2700 Ahazia,
3041 2639 3250 2693 lsraetis

1701 2756 1816 2802 rex,
1845 2739 1978 2791 adeo
2010 2745 2066 2789 ut
2099 2733 2204 2790 sibi
2231 2734 2464 2793 timeret,
2512 2732 2759 2785 nuntium
2794 2731 2943 2784 misit
2970 2729 3037 2808 ad
3067 2724 3250 2782 idolo.

1701 2846 1821 2884 rum
1865 2828 2174 2893 sacci-«totes
2207 2822 2301 2894 qui
2339 2823 2406 2876 ab
2439 2823 2567 2882 illis.
2623 2821 2812 2874 morbo
2857 2835 2958 2875 suo
3004 2819 3248 2873 convali-

1702 2931 1855 2976 turus
1914 2915 2058 2972 esset
2103 2899 2330 2978 necne,
2379 2907 2822 3000 sciscitarentur;
2881 2913 2966 2964 cui
3032 2909 3245 2964 obviam

58 2997 246 3048 ducum
299 2996 565 3066 Syrorum
602 3000 901 3054 exercitum
936 3002 1246 3066 circumire,
1294 3017 1434 3072 quos
1467 3019 1592 3056 con-
1627 3016 1668 3070 c
1703 3009 1876 3062 {actus
1908 3008 2018 3062 Elia
2052 3005 2304 3076 propheta
2340 2996 2531 3080 dixit
2561 3002 2716 3057 Dicas
2756 3003 2906 3068 regi:
2940 3001 3097 3054 Certo
3134 3015 3245 3050 tuo-

55 3084 342 3151 rpicienles
373 3085 630 3156 Syrorum
676 3089 943 3141 exercitus
987 3091 1246 3157 suspicati
1278 3103 1404 3146 sunt
1436 3093 1600 3148 Israe-

58 3174 174 3228 litas
207 3175 359 3242 ipsos
388 3177 610 3230 adortus
643 3177 831 3236 fuisse.
889 3179 1023 3232 adeo
1050 3190 1107 3233 ut
1149 3181 1199 3232 itt
1240 3181 1418 3250 fugam
1473 3200 1602 3235 eos:-

55 3266 189 3317 versi
221 3266 314 3320 alii
355 3267 492 3320 alios
523 3267 909 3341 opprimereju,
945 3283 1111 3336 seque
1162 3282 1350 3324 ιιιιιιιιιι
1383 3275 1601 3326 occide-

55 3365 188 3408 rent.
249 3357 425 3426 Cujus
483 3357 558 3412 rei
612 3358 754 3412 fama
811 3373 934 3412 cum
997 3360 1062 3413 ad
1119 3361 1365 3414 Ababum
1419 3377 1599 3430 regem

55 3440 269 3500 fsraclis
306 3451 664 3516 pervenisset,
703 3450 818 3517 ipse
847 3446 966 3504 ct‘tm
1008 3451 1126 3504 suis
1153 3467 1249 3505 eos
1299 3453 1599 3516 insecutus,

50 3546 221 3588 castra
249 3553 464 3598 eorum,
499 3539 750 3600 tentoria,
776 3528 1033 3607 jumenta’
1063 3549 1116 3594 et
1139 3542 1412 3612 quidquid
1467 3544 1601 3612 ipsis

51 3633 211 3685 esset,
243 3625 491 3694 diripuit.
551 3625 662 3680 Ebu
698 3626 882 3682 lladad
936 3638 1116 3683 autem
1158 3610 1424 3687 Damasci
1482 3610 1624 3696 rex,~

51 3713 194 3767 solus
225 3713 294 3767 ad
350 3715 538 3767 urbem
590 3715 911 3770 Damascum
943 3719 1136 3782 evasit,
1184 3719 1275 3774 ubi
1317 3709 1382 3774 ad
1422 3721 1597 3790 ipsum

48 3808 358 3878 congregati
394 3817 519 3861 sunt
555 3807 895 3877 cromitibus
933 3809 1052 3877 ejus
1083 3811 1391 3880 quicunque
1417 3827 1604 3867 evase-

49 3906 185 3950 rant.
212 3895 476 3952 Collectis
499 3913 627 3968 ergo
653 3899 826 3967 copiis
851 3914 1099 3968 egressus
1129 3912 1212 3955 est
1232 3901 1303 3955 ob
1329 3903 1430 3957 hoc
1454 3885 1598 3970 quod

47 3988 145 4041 sibi
170 3987 455 4043 acciderat
499 3989 757 4042 ultionem
787 3999 1125 4059 sumpturus.
1177 3990 1400 4046 Obviam
1422 3988 1596 4048 autem

47 4077 118 4131 illi
173 4077 458 4146 profectus
504 4078 675 4143 Ahab,
714 4076 929 4133 lsraelis
982 4095 1094 4140 rex,
1138 4081 1257 4151 ipso
1310 4081 1366 4136 in
1419 4082 1598 4152 fugant

47 4169 171 4220 «tato
207 4184 239 4222 e
272 4168 574 4223 comitibus
600 4169 768 4237 ipsius
810 4170 958 4225 viros
984 4171 1153 4225 vicies
1204 4173 1407 4240 septies
1454 4175 1600 4228 mille

46 4259 342 4317 interfecit,
386 4259 648 4312 evadente
699 4256 814 4313 Ebu
860 4246 1081 4312 liadailo
1118 4261 1235 4315 solo
1276 4262 1597 4316 Damascum

1709 3099 1886 3153 rieris.
1908 3097 2180 3152 Reversus
2215 3110 2343 3165 ergo
2372 3079 2595 3148 nuntius
2633 3107 2754 3147 cum
2778 3092 2882 3145 hoc
2921 3090 3030 3157 regi
3061 3098 3243 3142 notum

1703 3188 1919 3242 fecisset
1955 3203 1970 3240 :
2021 3185 2303 3240 Describas
2351 3182 2504 3243 mihi,
2549 3183 2726 3250 inquit
2772 3195 2863 3236 rex
2889 3220 2904 3243 ,
2939 3181 3124 3232 'virum
3155 3179 3245 3246 qui

1704 3277 1802 3332 tibi
1832 3275 2046 3330 obviam
2080 3275 2254 3328 factus
2281 3259 2383 3328 est.
2411 3271 2528 3336 Quo
2559 3270 2776 3324 dicente
2810 3287 2824 3321 τ
2869 3266 2961 3320 Vir
2993 3274 3109 3321 erat
3137 3268 3248 3318 hir-

1705 3377 1862 3422 sutus
1893 3381 2025 3420 zona
2058 3364 2280 3435 pellicea
2313 3361 2755 3423 rircnmcinctus.
2784 3359 2908 3423 Hic,
2931 3358 3105 3424 inquit
3133 3372 3246 3418 rex,

1702 3456 1817 3510 Elia
1864 3464 1948 3509 est
1992 3453 2270 3525 propheta.
2298 3453 2500 3506 Ducem
2530 3448 3078 3522 erwqquinqttaginta
3116 3447 3247 3500 viris

1700 3547 2012 3601 comitatum
2052 3532 2117 3599 ad
2143 3545 2320 3614 ipsum
2369 3545 2534 3611 misit,
2569 3551 2788 3600 sedente
2819 3541 2927 3593 Elia
2958 3541 3011 3592 in
3045 3542 3248 3594 vertice

1701 3637 1900 3690 montis
1951 3634 2159 3688 Carmel
2192 3653 2204 3688 :
2248 3632 2344 3688 Cui
2397 3635 2506 3688 dus
2539 3652 2554 3688 :
2590 3633 2731 3687 lleus
2765 3633 2778 3684 l
2810 3629 3068 3709 propheta
3134 3627 3246 3691 Dei,

1699 3721 1989 3779 descende.
2022 3720 2254 3773 accersit
2298 3728 2349 3773 te
2385 3735 2499 3773 rex.
2531 3717 2828 3786 Respondit
2857 3714 2977 3768 Elia
3011 3732 3025 3767 :
3059 3715 3114 3768 Si
3143 3715 3244 3768 situ

1701 3824 1801 3876 ego
1829 3808 2085 3876 propheta
2137 3807 2223 3857 Dei
2256 3806 2546 3858 descendat
2588 3821 2616 3858 e
2649 3804 2790 3857 coalo
2831 3801 2996 3870 ignis,
3040 3803 3131 3869 qui
3169 3810 3242 3859 te.

1702 3913 1904 3967 eosque
1933 3896 2024 3964 qui
2075 3904 2254 3949 tecum
2286 3906 2415 3948 sunt
2447 3896 2688 3949 devoret.
2732 3893 3072 3947 Descendens
3118 3905 3247 3956 ergo

1701 3988 1840 4055 ignis
1883 3986 2032 4054 ipsos
2079 3985 2436 4051 consumpsit.
2493 3979 2657 4052 208
2710 3982 2844 4034 Tum
2898 3995 2992 4033 rex
3050 3979 3243 4030 ducem

1701 4077 1863 4130 alium
1890 4090 2013 4128 cum
2042 4074 2429 4145 quinquaginta
2463 4073 2591 4128 viris
2636 4073 2806 4133 misit,
2844 4072 2936 4141 qui
2975 4079 3032 4125 et
3063 4069 3200 4124 dixit
3228 4085 3242 4121 :

1703 4166 1898 4221 Iteus!
1930 4165 2185 4234 propheta
2207 4161 2324 4228 Dei,
2372 4162 2707 4226 descendas;
2735 4165 2966 4218 accersit
3010 4165 3150 4214 enim
3197 4167 3249 4212 te

1702 4275 1815 4313 rex.
1841 4259 1938 4312 Cui
1974 4259 2083 4311 Elia
2128 4275 2141 4310 :
2190 4255 2248 4310 Si
2288 4257 2388 4309 sint
2416 4271 2514 4326 ego
2546 4255 2808 4326 prOpheta
2850 4255 2965 4316 Dei,
2995 4254 3245 4322 delapsus

48 4364 234 4414 usque.
267 4347 436 4419 206.
455 4348 815 4419 Consulcutcs
847 4359 1025 4403 autem
1051 4352 1148 4419 ipsi
1172 4361 1224 4405 et
1251 4352 1600 4420 sociisipsins
1635 4351 1676 4402 ι)
1704 4350 1841 4403 cmlo
1871 4350 2010 4417 ignis
2035 4359 2096 4419 _te
2126 4357 2176 4401 et
2211 4349 2300 4413 qui
2346 4357 2520 4402 tecum
2553 4357 2681 4402 sunt
2733 4354 3054 4408 consumat;
3103 4346 3244 4414 quod

45 4439 290 4492 nonnulli
342 4439 651 4492 dixerunt:
693 4455 782 4492 rex
838 4439 1058 4496 lsraelis
1122 4442 1431 4497 misericors
1478 4454 1594 4506 est;

43 4536 375 4584 accedentes
409 4545 537 4598 ergo
578 4531 750 4597 ipsum
799 4531 1107 4599 rogabimus
1149 4541 1205 4584 ut
1234 4547 1260 4584 a
1298 4533 1455 4586 nobis
1487 4533 1519 4586 d
1545 4548 1599 4588 s-

15 4620 218 4682 -rcdat,
246 4621 389 4674 alias
447 4622 588 4674 enim
626 4621 904 4689 periimus.
939 4619 1190 4675 Vestibus
1229 4638 1358 4690 ergo
1406 4623 1597 4679 laceris

44 4708 241 4775 induti,
272 4711 548 4772 Ahabum,
572 4711 780 4765 Israelis
807 4727 982 4780 regem
1016 4713 1276 4768 adeuntes
1302 4715 1557 4767 dixerunt
1581 4732 1596 4768 :

47 4801 183 4856 Dicit
219 4817 423 4857 servus
448 4809 575 4879 tuus
609 4801 720 4856 Ebu
754 4802 962 4862 lladad.
999 4820 1064 4857 ne
1096 4804 1228 4857 mihi
1277 4819 1596 4860 succenseas

42 4896 108 4944 ob
139 4895 268 4947 illud
307 4892 454 4962 quod
505 4893 598 4946 tibi
630 4893 809 4947 intttli.
860 4881 1066 4959 Quibus
1101 4895 1378 4963 respondit
1421 4897 1594 4963 Altab,

46 4999 133 5035 ιρι
179 4983 400 5038 lsraelis
437 5001 450 5035 :
495 4982 610 5035 Non
641 4992 723 5036 est
749 4984 836 5036 illc
858 4985 997 5038 alius
1029 5001 1188 5052 quam
1227 4986 1391 5036 frater
1421 5003 1591 5039 meus.

40 5073 174 5128 Tum
205 5075 280 5128 illi
322 5093 336 5128 ε
376 5075 427 5130 Si
456 5067 628 5128 'frztier
687 5088 816 5129 tuus
846 5076 932 5136 sit,
965 5076 1234 5142 inquiunt,
1269 5075 1442 5130 [ωίιυε
1474 5093 1592 5129 tum

39 5165 130 5217 illo
160 5165 228 5220 de
254 5164 518 5216 Dautaseo
543 5180 772 5232 pungas,
809 5165 985 5233 sitque
1027 5167 1165 5218 inter
1217 5177 1266 5218 te
1313 5179 1364 5218 et
1417 5168 1593 5231 ipsum

41 5268 155 5313 pax.
181 5251 282 5306 Cui
314 5252 402 5304 ille
428 5252 635 5306 annuit.
654 5250 849 5305 Tribus
875 5261 993 5319 pox't
1030 5254 1208 5315 annis,
1234 5255 1593 5307 dcsccndenYc

38 5336 400 5409 Jnshaphnto,
442 5341 590 5393 .ludae
623 5356 767 5409 rege,
811 5341 876 5393 ad
926 5343 1191 5406 Ahabum,
1249 5343 1456 5396 lsraeiis
1509 5361 1592 5394 re-

41 5447 180 5495 go-m,
210 5432 585 5493 salutandum,
617 5433 826 5484 obviam
871 5433 944 5484 illi
981 5433 1152 5486 factus
1185 5435 1335 5487 Altab
1367 5433 1503 5502 apud
1536 5450 1592 5486 se

41 5521 280 5589 hospitio
329 5520 559 5586 excepit.
624 5519 919 5589 Juuxitque
971 5521 1267 5589 Joshztpltat
1316 5523 1588 5576 connubio

39 5611 205 5662 tilium
242 5626 404 5664 suum
437 5610 708 5664 .loratuutu
739 5613 944 5677 Atali.c,
998 5613 1168 5669 Ahahi
1207 5615 1348 5682 regis
1383 5616 1572 5669 sorori.

1700 4449 1752 4493 et
1788 4439 1988 4492 factum
2017 4449 2116 4494 est.
2150 4437 2284 4492 Tum
2318 4439 2507 4492 ducem
2542 4441 2760 4492 tertium
2805 4437 2951 4491 misit
2979 4437 3248 4503 quinqua-

1699 4528 1844 4596 ginta
1889 4528 2049 4581 ctiam
2102 4527 2232 4581 viris
2279 4530 2635 4591 comitatuin;
2675 4542 2833 4596 quem
2886 4542 3005 4580 cum
3056 4528 3242 4580 eodem

1700 4621 1860 4672 ntodo
1913 4620 2175 4673 allocutus
2209 4627 2353 4672 esset
2395 4619 2649 4686 proliheta
2695 4632 2802 4684 quo
2853 4617 3064 4684 priores
3110 4619 3244 4670 allo-

1698 4720 1860 4764 cutus
1894 4717 1996 4773 est,
2033 4709 2172 4764 idem
2204 4710 2250 4761 ei
2287 4707 2429 4775 quod
2479 4708 2606 4770 illis,
2638 4708 2814 4775 iisque
2839 4708 2929 4774 qui
2970 4723 3089 4759 ctttu
3127 4708 3240 4774 ipso

1701 4801 2168 4869 fuerunteontigit.
2190 4800 2323 4852 Tum
2351 4778 2592 4868 profecto
2618 4799 2683 4852 ad
2737 4799 2909 4866 ipsum
2943 4815 3116 4865 regem
3144 4797 3240 4850 de-

1699 4895 1964 4945 scendens
1996 4889 2107 4942 Elia
2139 4891 2273 4942 dixit
2304 4906 2318 4939 :
2352 4888 2697 4956 Nequaquam
2719 4903 2748 4940 a
2777 4888 2958 4939 morbo
2990 4896 3082 4938 tuo
3110 4903 3239 4939 con-

1696 4982 1955 5041 valescos.
1988 4980 2080 5033 sed
2113 4980 2408 5030 moriturus
2439 4994 2497 5029 cs
2531 4976 2670 5044 quod
2713 4976 2851 5028 idola
2893 4977 3156 5038 colueris,
3189 4989 3242 5029 et
3288 5010 3290 5012 τ

1697 5073 1833 5137 quo!
1887 5075 2084 5124 malum
2128 5077 2209 5123 est
2251 5084 2432 5122 coram
2477 5069 2581 5120 Deo
2621 5067 2974 5134 omnipotenti
3025 5068 3272 5120 fet-eris.

1695 5161 1863 5214 Porro
1893 5162 2083 5214 diebus
2125 5160 2341 5213 Ahaziae
2371 5159 2512 5226 regis
2567 5159 2784 5212 lsraelis
2832 5168 2884 5211 ct
2925 5157 3222 5225 .losliap‘iat

1699 5251 1835 5314 regis
1859 5247 2029 5313 .lutlm,
2063 5249 2302 5301 sublatus
2325 5259 2409 5301 cst
2441 5247 2554 5299 Elia
2583 5249 2741 5316 quasi
2773 5249 2824 5300 in
2857 5251 3074 5302 C'lBlttttt.
3108 5248 3238 5298 Mor-

1696 5350 1817 5390 tuus
1847 5351 2021 5392 autem
2053 5339 2250 5391 Ahazia
2281 5354 2368 5391 rex
2403 5339 2616 5391 lsrarlis
2650 5341 2782 5392 tnorl
2803 5357 2836 5392 ο
2863 5358 2960 5392 suo
2989 5358 3086 5391 un-t
3115 5357 3231 5388 t'ttztt

1697 5439 1844 5496 patre
1876 5445 1975 5480 suo
2003 5428 2248 5496 sepultus
2283 5438 2383 5488 est,
2419 5439 2675 5496 regnante
2705 5439 2823 5495 post
2857 5430 3028 5495 ipsum
3074 5425 3234 5478 fratre

1697 5518 1862 5586 ipsius
1889 5517 2106 5570 Jot'atno
2134 5519 2304 5572 Altabi
2347 5518 2454 5572 ﬁlio
2497 5518 2550 5571 in
2593 5517 2864 5571 lsraelttas
2895 5521 2944 5570 itt
2986 5517 3231 5569 Samaria

1694 5632 1860 5669 annos
1891 5615 2192 5669 duodecim.
2226 5614 2386 5683 quue
2415 5630 2556 5667 anno
2584 5616 2728 5681 regni
2755 5613 3065 5681 Joslinphatt
3098 5612 3234 5677 regis
