3950 6348
641 261 744 325 955

1638 263 1999 325 EU'rt'cnn
2041 264 2797 332 ALEXANDRINIPATR.
3730 289 3801 356 εδδ

640 372 795 427 Judze
818 370 1081 426 vicesimo
1104 370 1367 431 secutnlo.
1386 368 1653 426 Proiectis
1672 373 1867 426 deinde
1897 383 2085 426 contra
2119 372 2210 425 Jo-
2239 376 2286 431 Α
2313 378 2511 444 posito,
2542 379 2608 432 ad
2642 380 2879 434 Elisltam
2932 382 3240 449 prophetam
3274 386 3492 440 mittens
3512 425 3526 446 ,
3557 384 3677 438 dixit
3698 387 3801 455 ipsi;

642 462 963 532 sbaphatum
976 461 1126 516 ludat
1139 477 1316 529 regem
1334 462 1655 518 Ammonitis
1667 470 1719 517 et
1732 463 2043 518 Amaleltitis
2076 479 2199 516 cum

643 565 834 619 magna
869 549 1141 604 hominum
1164 549 1515 609 nultitudine.
1538 558 1684 602 metu
1709 566 1897 605 eorum
1926 551 2207 620 perculsus

651 640 1071 709 estlosbaphat,
1100 650 1157 693 ut
1192 642 1413 695 suborto
1441 641 1493 694 in
1535 641 1963 709 Ammonitarnm
1991 642 2207 694 Amale-

643 728 876 784 kitarum
930 732 1169 785 exercitu
1220 734 1481 793 clamore,
1525 732 1613 786 alii
1639 732 1774 787 alios
1813 732 2121 788 occidentes
2150 734 2203 785 in

646 823 825 887 fugam
851 835 1036 890 coram
1069 822 1187 886 ipso
1216 823 1468 876 cenvcrsi
1502 830 1650 876 sunt.
1697 822 1833 875 Cum
1862 838 1989 891 ergo
2014 821 2207 878 Josha-

643 912 791 980 ptiati
820 912 1047 966 comites
1083 912 1262 967 tribus
1289 911 1483 967 diebus
1516 914 1582 967 ad
1627 921 1806 968 castra
1835 930 2049 975 eorum,
2083 923 2203 970 ten-

640 1003 779 1057 toria
812 1013 867 1056 et
898 1017 1025 1055 vasa
1056 1003 1384 1070 diripienda.
1428 1002 1824 1068 substitissent,
1864 1004 1978 1071 ipse
2010 1003 2203 1058 Hiero-

641 1096 850 1164 solytna
894 1094 1244 1164 209-211
1300 1110 1549 1150 reversus
1592 1105 1695 1149 est.
1749 1094 1945 1150 Postea
1979 1110 2202 1164 egresso

637 1200 767 1254 rege
814 1183 984 1239 aloabi
1017 1194 1203 1240 contra
1229 1182 1506 1238 Joramum
1573 1182 1791 1240 lsraelis
1823 1200 2026 1253 regem,
2076 1184 2202 1237 mito

643 1285 760 1329 teus
793 1276 883 1329 ille
927 1275 993 1327 ad
1039 1273 1431 1343 Joshaphatmn
1477 1274 1631 1329 Indae
1687 1290 1896 1344 regem,
1937 1291 2095 1344 opem
2132 1276 2199 1328 ab

641 1369 762 1436 ipso
786 1377 976 1422 contra
1003 1368 1181 1422 Moabi
1215 1382 1390 1436 regem
1418 1368 1590 1436 petiit.
1631 1368 1773 1421 Misit
1802 1370 1965 1422 etiam
1999 1367 2066 1422 ad
2093 1369 2201 1421 Ito-

644 1473 898 1512 uueorum
934 1473 1113 1527 regem
1160 1457 1405 1526 quitunc
1436 1459 1698 1526 temporis
1742 1458 1793 1511 in
1827 1458 2035 1513 Sharah
2076 1459 2197 1521 fuit,

644 1551 818 1616 ipsum
853 1549 909 1602 iu
945 1548 1202 1601 auxilium
1232 1552 1506 1601 vocatum.
1551 1549 1876 1618 Congregati
1913 1565 2044 1619 ergo
2091 1561 2200 1604 tres

2309 471 2502 526 Annon
2557 473 2739 527 dixisti
2799 473 3081 527 Dominum
3136 491 3218 529 me
3267 478 3492 531 victoria
3545 479 3597 530 in
3645 476 3800 533 homo

2307 579 2484 618 meum
2532 564 2878 628 donaturum,
2917 566 3264 637 213-215
3297 571 3535 638 quandiu
3570 585 3689 633 ergo
3726 574 3798 623 erit

2307 654 2447 710 hoc?
2472 654 2773 725 Respondit
2799 656 2977 711 Elisha
3006 659 3261 726 propheta
3288 663 3517 713 nuntio:
3546 661 3691 712 Dicas
3708 662 3803 727 regi,

2307 760 2430 799 cras
2481 747 2583 800 hac
2633 747 2848 800 cir‘citer
2896 747 3049 811 hora,
3081 748 3365 803 victoriam
3403 751 3499 804 tibi
3552 752 3602 801 iu
3634 749 3802 803 hostem

2310 843 2460 887 tuum
2491 849 2850 889 concessurus
2872 845 2954 890 est
2987 836 3265 897 Dominus,
3300 848 3352 891 et
3375 840 3440 891 ad
3465 850 3669 907 portam
3693 841 3804 890 ιιινινῐς

2305 924 2565 979 Samaria:
2581 926 2771 979 similae
2793 928 3026 989 modius,
3054 927 3239 980 hordei
3267 928 3375 981 duo
3406 930 3568 984 modii
3591 930 3803 983 drachma

2306 1016 2622 1071 vendentur.
2652 1016 2871 1073 Dicente
2911 1016 3110 1070 unntiu‘
3139 1016 3335 1070 Elishrc
3377 1020 3651 1085 prophetat
3683 1019 3804 1073 :iim

2304 1106 2417 1160 licri
2473 1122 2579 1160 nou
2623 1116 2821 1175 potest,
2870 1108 3146 1175 respondit
3200 1106 3378 1159 Etisha
3418 1124 3433 1159 :
3469 1104 3805 1162 Futurumest

2304 1196 2427 1258 hoc,
2465 1208 2517 1251 te
2544 1198 2780 1260 vidente,
2810 1209 2865 1251 at
2891 1198 2956 1251 de
2989 1214 3054 1251 eo
3100 1211 3435 1265 nequaquam
3467 1199 3781 1251 comedente.

2370 1286 2611 1343 Fuerunt
2631 1304 2762 1357 ergo
2796 1288 2861 1341 ad
2890 1296 3188 1343 extremam
3220 1287 3357 1340 muri
3383 1296 3587 1353 partem
3625 1298 3820 1355 quatuor

2298 1381 2399 1433 viri
2439 1377 2692 1433 Israelita:
2726 1380 2870 1448 lepra
2903 1378 3102 1441 atl'eCti,
3142 1378 3232 1445 qui
3268 1377 3357 1431 alii
3392 1376 3512 1429 aliis
3563 1377 3822 1432 dixerunt:

2300 1471 2631 1527 Adveniente
2666 1479 2823 1525 nocte
2851 1484 2951 1524 nos
2977 1471 3045 1524 de
3076 1484 3235 1523 muro
3273 1469 3625 1523 demittentes
3655 1471 3714 1519 ad
3739 1466 3825 1537 Sy-

2302 1577 2483 1615 rorum
2527 1570 2704 1616 castra
2739 1562 3059 1625 tendamus,
3099 1559 3190 1628 qui
3244 1574 3341 1613 nos
3384 1559 3467 1612 vel
3519 1558 3823 1611 iuterl’ectnri

644 1636 797 1711 reges
828 1656 892 1694 ac
921 1648 1113 1695 contra
1149 1654 1329 1709 regem
1362 1641 1524 1695 Moab
1549 1641 1772 1710 profecti
1814 1641 1954 1694 viam
1997 1643 2196 1695 deserti

2314 1664 2449 1713 sunt.
2491 1653 2569 1707 vel
2590 1667 2781 1720 panem
2815 1652 2974 1706 nobis
3001 1650 3296 1717 praebituri.
3322 1649 3478 1715 Quod
3509 1659 3566 1703 et
3591 1649 3820 1703 fecerunt.

642 1738 933 1786 tennerunt
956 1744 1065 1798 quo
1100 1729 1278 1799 ipsum
1319 1732 1687 1793 adorirentur,
1734 1740 1787 1783 at
1828 1744 1952 1783 cum
1992 1738 2196 1796 septem

642 1823 851 1876 dierum
900 1822 1002 1874 iter
1054 1821 1111 1875 in
1161 1821 1381 1877 deserto
1433 1822 1801 1877 confecissent
1843 1819 2015 1875 defuit
2067 1821 2199 1888 ipsis

643 1927 781 1981 aqua
811 1928 971 1981 quam
1004 1912 1278 1975 biberent,
1324 1911 1547 1967 adeout
1577 1926 1766 1977 parum
1809 1912 2028 1966 abesset
2065 1911 2197 1978 quin

644 2003 734 2057 siti
784 2002 1047 2073 perirent.
1095 2001 1219 2054 Fuit
1267 2011 1447 2057 autem
1499 2017 1621 2057 cum
1675 2002 1808 2070 ipsis
1851 2000 2028 2054 Elisba
2077 2014 2202 2068 pro-

647 2093 844 2161 pheta.
891 2093 982 2162 qui
1037 2094 1177 2147 dixit
1233 2093 1370 2160 ipsis
1436 2091 1641 2149 :Mane
1689 2091 1995 2157 implebitur
2050 2090 2203 2143 \ailis

646 2186 750 2239 ista
778 2183 1134 2245 torrentibus,
1168 2182 1426 2251 νουίείιιιθ
1454 2181 1734 2236 victoriam
1768 2181 1821 2235 in
1856 2184 2040 2234 hostes
2070 2196 2200 2236 cou-

642 2289 898 2330 cessurus
958 2284 1041 2328 est
1085 2273 1249 2327 Deus.
1301 2270 1637 2339 Factumque
1676 2277 1762 2325 est
1824 2271 1896 2323 nti
1953 2270 2201 2339 praedixit

644 2364 928 2435 propheta.
960 2361 1070 2417 Deo
1097 2362 1232 2431 ipsis
1261 2362 1315 2416 in
1337 2360 1525 2417 hostes
1549 2361 1830 2416 victoriam
1851 2362 2202 2425 coni-eden'e,

648 2455 785 2509 adeo
810 2464 868 2507 ut
909 2454 1053 2524 regis
1094 2453 1374 2509 Moabitici
1412 2455 1674 2508 comitum
1705 2468 1900 2521 magna
1947 2453 2092 2506 edita
2135 2455 2205 2507 sit

649 2554 879 2618 strages.
909 2544 1123 2600 Victum
1151 2560 1281 2615 ergo
1310 2560 1368 2599 se
1396 2559 1519 2598 eum
1553 2543 1773 2599 vidisset
1812 2558 1905 2598 rex
1930 2544 2086 2597 Moab
2115 2559 2206 2597 ar-

644 2651 766 2692 cem
811 2637 1113 2705 ingressus,
1159 2637 1325 2690 tilium
1366 2652 1523 2690 suum
1559 2645 1687 2690 natu
1736 2636 2031 2690 maximum
2088 2650 2210 2704 pre-

646 2730 878 2783 hensum
909 2743 973 2783 ac
1003 2744 1164 2794 super
1200 2744 1382 2782 arcem
1416 2727 1588 2783 Moahi
1614 2728 1918 2798 jugulatum
1949 2730 2001 2781 in
2029 2725 2205 2781 sacri-

647 2822 831 2874 licium
886 2822 1105 2874 obtulit.
1151 2820 1323 2891 Cujus
1377 2821 1605 2874 horrore
1656 2819 1890 2889 perculsi
1948 2817 2207 2873 Israelita

646 2913 844 2967 bellum
877 2912 976 2980 ipsi
1011 2911 1212 2966 inferre
1244 2920 1528 2965 cessantes
1557 2910 1758 2964 reversi
1788 2919 1936 2964 sunt.

2304 1746 2371 1798 At
2408 1759 2531 1798 eum
2580 1744 2644 1794 ad
2681 1752 2858 1795 castra
2906 1740 3299 1810 pervenissent,
3345 1742 3574 1794 tentoria
3605 1752 3658 1794 et
3689 1741 3829 1795 taber-

2301 1839 2421 1890 cula
2471 1834 2603 1888 viris
2656 1848 2880 1902 prorsus
2927 1846 3094 1886 vacua
3152 1833 3441 1893 invenere,
3500 1830 3663 1899 idque
3714 1832 3825 1897 quoi

2301 1927 2516 1990 oborto,
2567 1932 2727 1979 nocte
2776 1925 2905 1989 ista,
2941 1924 2996 1977 in
3047 1923 3288 1979 exercitu
3328 1920 3593 1992 Syrorum
3627 1936 3829 1981 rumore.

2302 2016 2624 2071 convenisse
2664 2014 2903 2086 Egypti,
2937 2014 3153 2070 Israelis
3197 2020 3251 2069 et
3285 2010 3436 2068 Iuda:
3497 2026 3677 2082 reges.
3705 2022 3830 2066 cate-

2304 2121 2499 2176 rosqne
2526 2122 2715 2162 omnes
2751 2121 2860 2175 quo
2886 2107 3031 2175 ipsos
3069 2113 3229 2160 noctu
3264 2092 3641 2166 adorirentur,
3672 2103 3723 2158 in
3769 2105 3832 2157 iu-

2305 2213 2423 2267 gam
2454 2198 2703 2253 conversi
2735 2197 3081 2252 tabernacula
3102 2204 3156 2251 et
3186 2195 3418 2251 tentoria
3452 2210 3579 2250 cum
3635 2195 3827 2265 impedi-

2305 2287 2523 2349 mentis,
2561 2286 2820 2341 sarcinis.
2853 2300 3079 2354 quasque
3133 2284 3403 2340 habebant
3448 2285 3705 2340 omnibus
3742 2286 3834 2338 reli-

2303 2387 2560 2445 querunt.
2616 2375 2838 2432 Reversi
2894 2376 3062 2448 igitur
3120 2376 3349 2446 lcprosi,
3403 2390 3528 2432 cum
3592 2377 3695 2431 hoc
3752 2375 3833 2443 regi

2316 2468 2530 2523 lsraelis
2567 2467 2932 2532 nuntiassent,
2991 2468 3141 2522 misit
3194 2456 3283 2521 ille
3342 2475 3461 2537 post
3495 2467 3670 2538 ipsos,
3721 2468 3833 2519 viros

2304 2559 2392 2625 qui
2424 2574 2610 2613 eorum
2645 2559 2867 2620 vestigia
2907 2566 3266 2623 sectarentur,
3292 2560 3528 2627 quicum
3583 2556 3836 2611 Iordanem

2308 2664 2478 2718 usque
2516 2650 2905 2718 pervenissent.
2961 2663 3063 2703 nec
3115 2649 3283 2702 ullum
3333 2662 3522 2702 eorum
3585 2646 3835 2715 vestigium

2305 2739 2667 2802 invenissent,
2708 2742 2882 2800 aperit
2918 2755 3008 2793 res
3059 2738 3209 2792 urbis
3260 2746 3504 2806 portam,
3560 2734 3840 2801 egressique

2307 2832 2555 2887 homines
2585 2833 2766 2885 omnia
2798 2847 2913 2897 qua'
2949 2830 3001 2883 in
3033 2828 3290 2899 Syrorum
3336 2826 3533 2881 castris
3570 2834 3745 2888 erant,
3772 2824 3835 2876 di-

2312 2926 2610 2994 ripuerunt,
2659 2924 2795 2977 adeo
2834 2931 2890 2974 nt
2932 2924 3117 2976 statim
3167 2919 3361 2975 simila
3413 2918 3666 2982 modius,
3713 2917 3844 2986 216

720 3000 968 3056 Mortuus
995 3010 1174 3053 autem
1205 2998 1504 3067 Joshaphat
1536 2996 1686 3053 Judae
1717 3013 1808 3051 rex
1840 2998 1892 3049 in
1937 2999 2069 3049 urbe
2109 2997 2207 3048 Da-

2314 3014 2496 3067 bordei
2529 3013 2695 3067 modii
2751 3012 2862 3067 duo
2896 3012 3156 3066 drachma
3190 3010 3459 3065 venirent.
3512 3007 3748 3063 Nuntius
3772 3022 3844 3060 au-

650 3095 789 3147 vidis
835 3094 1085 3161 sepultus
1129 3101 1235 3153 est,
1296 3089 1385 3145 cui
1436 3089 1492 3144 in
1544 3104 1711 3160 regno
1756 3091 2022 3144 successit
2070 3091 2207 3144 tilius

651 3186 821 3249 ipsius
865 3184 1081 3246 Jornm,
1133 3198 1308 3237 annos
1355 3189 1517 3236 natus
1570 3182 1791 3251 triginta
1844 3192 1974 3237 tres.
2005 3183 2108 3248 Qui
2152 3184 2205 3235 in

648 3278 841 3331 ludam
890 3276 1279 3345 Hierosolymis
1322 3285 1447 3329 octo
1497 3289 1670 3328 annos
1716 3275 1998 3342 regnavit;
2049 3273 2210 3341 idque

651 3386 793 3426 anno
818 3369 1006 3438 quinto
1032 3369 1183 3436 regni
1213 3366 1417 3420 Jorami
1470 3367 1565 3419 lilii
1598 3365 1769 3419 Ahabi
1801 3366 1941 3433 regis
1970 3363 2206 3420 Israelis.

653 3463 827 3530 Ipsius
847 3472 1087 3527 tempore
1109 3459 1500 3529 prophetarum
1523 3458 1706 3513 Elisha
1735 3458 2032 3526 discipulus
2056 3458 2209 3523 Elim,

652 3568 706 3610 et
736 3553 962 3609 Obadia.
1003 3551 1169 3603 Porro
1217 3565 1470 3618 egressus
1507 3548 1797 3603 Benhadad
1829 3552 1989 3620 212
2040 3552 2212 3620 Syrize

656 3663 746 3701 rex
792 3660 913 3698 cum
956 3644 1127 3707 roniis
1181 3643 1296 3695 suis
1339 3640 1616 3694 Joramum
1664 3640 1879 3693 Israi-lis
1932 3658 2110 3711 regem
2158 3644 2210 3694 in

656 3736 901 3790 Samaria
950 3736 1087 3788 bello
1123 3750 1407 3803 aggressus
1434 3746 1535 3790 est.
1569 3738 1610 3787 Λ
1639 3749 1746 3804 quo
1781 3749 1902 3786 cum
1953 3742 2216 3787 metueret

652 3832 861 3894 Joram,
892 3831 1024 3883 dix‘t
1050 3830 1151 3895 ipsi
1182 3828 1359 3883 Elisha
1390 3847 1402 3883 :
1429 3829 1505 3882 Ne
1536 3830 1749 3884 tiineis.
1795 3827 1887 3880 sed
1912 3841 1970 3879 se
2001 3835 2211 3878 tantum

659 3930 710 3976 in
760 3924 889 3976 urbe
929 3933 1017 3975 tua
1055 3924 1306 3987 munias;
1344 3923 1487 3976 Dens
1522 3922 1663 3973 enim
1698 3921 1792 3973 tibi
1847 3919 2127 3971 victoriam
2162 3920 2213 3970 in

659 4016 866 4069 hostem
934 4022 1084 4065 tuum
1123 4028 1484 4067 Cuttr‘t‘SStlrlls
1534 4022 1637 4066 est.
1686 4012 1778 4066 Ille
1811 4025 1938 4079 ergo
1981 4025 2101 4063 cum
2160 4025 2216 4061 se

659 4109 712 4162 in
750 4110 877 4161 urbe.
906 4107 1246 4168 munivisset,
1276 4108 1596 4161 accedentes
1636 4103 1895 4173 Syrorum
1927 4103 2101 4169 copize
2136 4102 2217 4151 iu-

660 4207 777 4252 star
830 4212 1002 4249 aremc
1057 4198 1242 4259 maris,
1295 4194 1495 4248 Jorami
1543 4193 1755 4255 urbem,
1797 4190 2216 4257 universamque

663 4289 923 4341 Samaria:
956 4288 1230 4355 rt-giottvttt
1261 4289 1567 4339 cinxerunt.
1593 4283 1835 4349 Cumque
1866 4283 2033 4333 tribus
2060 4282 2218 4333 annis

2310 3115 2413 3158 tam
2441 3104 2532 3172 qui
2585 3102 2821 3157 Elisham
2859 3104 3174 3172 prephetam
3210 3100 3475 3157 mendacii
3508 3100 3713 3170 arguit,
3764 3098 3839 3151 hoc

2309 3196 2525 3261 quidem
2549 3194 2708 3261 vidit,
2749 3203 2804 3247 at
2842 3195 2893 3247 in
2928 3194 3078 3245 urbis
3112 3203 3262 3262 ptrta
3299 3207 3408 3261 pr:e
3458 3205 3662 3260 magna
3701 3188 3839 3241 turba!

2310 3284 2714 3352 routprcssi'ttte
2753 3293 3001 3336 mortuus
3034 3292 3136 3335 est.
3179 3284 3422 3336 Posthzec
3476 3298 3735 3346 egressus
3771 3280 3841 3333 In.

2314 3387 2426 3422 ram
2472 3385 2565 3423 rex
2606 3369 2756 3424 .lmhc
2786 3371 2852 3423 ad
2911 3368 3183 3429 Roma'os.
3218 3370 3309 3436 qui
3359 3369 3411 3420 in
3452 3367 3670 3421 Sharah
3722 3374 3841 3419 erant

2315 3477 2559 3529 magnam
2583 3476 2771 3515 eorum
2809 3470 3046 3526 stragem
3080 3460 3265 3512 edidit.
3296 3458 3535 3511 Mortuus
3572 3470 3751 3511 autem
3783 3468 3840 3511 est

2310 3554 2335 3603 .l
2380 3570 2489 3605 ram
2531 3552 2685 3607 Iuda:
2738 3567 2862 3614 rex,
2914 3561 2962 3605 et
3024 3553 3075 3604 in
3126 3553 3257 3606 urbe
3320 3550 3538 3625 Davidis
3597 3552 3840 3617 sepultus,

2317 3652 2570 3709 regnante
2614 3650 2735 3709 post
2770 3643 2949 3709 ipsum
2987 3655 3188 3695 annum
3224 3657 3389 3694 unum
3434 3643 3489 3693 in
3524 3637 3724 3694 Iudam
3753 3638 3842 3690 ΙΙξίκ

2319 3734 2624 3803 rosolymis,
2659 3734 2768 3786 tilio
2802 3733 2976 3801 ipsius
3025 3733 3250 3796 Ahazia,
3299 3746 3471 3785 annos
3503 3740 3641 3784 nato
3692 3731 3841 3797 Vigiull

2316 3826 2484 3888 duos;
2510 3824 2671 3893 idque
2702 3823 2846 3893 regni
2868 3822 3069 3876 Jorami
3102 3823 3269 3876 Ahabi
3317 3821 3448 3885 lilii,
3481 3823 3629 3892 regis
3666 3820 3843 3875 Israei’u

2316 3916 2655 3970 duodecimo.
2693 3915 2861 3969 Mater
2881 3915 2996 3982 ejus
3019 3915 3236 3967 nomine
3263 3913 3473 3967 Athal’a
3503 3912 3706 3973 Ahabi,
3734 3924 3841 3963 rem

2320 4006 2552 4069 Israelis,
2588 4005 2737 4059 Omri
2776 4005 2870 4059 ﬁlii
2904 4018 3080 4059 soror.
3117 4003 3243 4070 Ejus
3279 4013 3524 4071 tempore
3580 4002 3837 4073 prepheu-

2322 4106 2445 4149 runt
2495 4096 2675 4149 Elisha
2719 4104 2769 4149 et
2816 4094 3081 4148 Obadiab.
3132 4093 3415 4147 Profectus
3459 4102 3647 4147 autem
3702 4092 3841 4145 Jorn't

2320 4189 2532 4241 l‘r-u-lis
2563 4205 2675 4247 rex,
2709 4187 2933 4239 “:tll‘t'tltt
2970 4202 3088 4240 cum
3120 4185 3346 4239 llaziele
3390 4185 3635 4238 tribuum
3670 4200 3778 4252 rege
3798 4180 3841 4230 ml

2322 4280 2514 4329 ti-lluu‘.
2547 4292 2670 4330 cum
2704 4276 2855 4345 Syris
2882 4276 3197 4343 gerendum,
3231 4288 3354 4326 cum
3396 4274 3445 4325 in
3478 4273 3671 4340 praelia
3692 4274 3839 4324 rulae.

662 4380 948 4435 obsidione
980 4376 1224 4448 [inclusi]
1256 4377 1618 4444 perstitissent
1655 4377 1929 4435 Israelitze,
1968 4374 2107 4425 facta
2139 4381 2220 4423 est
2255 4354 2291 4404 1’
2328 4379 2471 4418 ratus
2519 4377 2662 4420 esset
2705 4367 2770 4419 ad
2829 4366 3017 4420 urbem
3069 4365 3357 4418 Jezreeleut
3412 4380 3668 4419 reversus
3691 4372 3765 4416 est
3802 4372 3840 4409 ιιι

664 4474 717 4526 in
748 4471 989 4523 Samaria
1041 4470 1207 4523 fames
1270 4483 1493 4534 magna,
1535 4460 1671 4521 adeo
1728 4476 1785 4519 ut
1839 4467 1901 4517 ad
1952 4464 2217 4517 cadavera

661 4564 869 4616 edenda
912 4562 1258 4630 adigerentur
1304 4561 1585 4618 homines,
1624 4575 1720 4611 nec
1760 4574 1863 4610 non
1893 4541 2102 4609 sit-rcus
2132 4570 2223 4605 ro-

610 4635 617 4642 I
663 4656 795 4709 Iuntl
821 4656 968 4707 inum
999 4652 1366 4712 retunderent,
1398 4652 1825 4717 Vrndereturque
1869 4657 2032 4715 caput
2080 4646 2219 4697 asini

664 4744 863 4799 mortui
894 4741 1171 4811 Octoginta
1202 4740 1497 4805 drachmis,
1522 4741 1891 4808 stercorisque
1925 4736 2220 4789 columbini

597 4896 601 4901 ,
662 4834 831 4889 cabus
877 4831 1115 4901 quinque
1162 4828 1454 4881 drachmis.
1514 4828 1646 4880 Dum
1688 4843 1817 4895 ergo
1867 4842 2031 4894 super
2072 4827 2223 4879 Urbis

664 4924 959 4978 tnuuiminc
1010 4922 1284 4975 incederet
1314 4919 1517 4981 loram,
1560 4918 1773 4973 lsraelis
1821 4933 1936 4981 rex,
1967 4934 2093 4969 ecce
2124 4934 2220 4967 oe-

661 5017 830 5070 cnrrit
894 5014 996 5083 ipsi
1058 5014 1251 5065 mulier
1307 5026 1426 5079 quae
1477 5011 1638 5064 aliain
1699 5020 1887 5063 tenens
1941 5009 2222 5061 "liliit‘i't'lll

662 5125 815 5177 opem
847 5124 872 5159 a
904 5122 1025 5173 rege
1050 5105 1221 5174 petiit,
1254 5104 1442 5157 dicens
1477 5102 1661 5176 :.Di\it
1696 5102 1825 5153 utihi
1865 5100 2055 5151 mulier
2099 5102 2222 5159 ista,

668 5198 827 5253 hodie
858 5196 1025 5250 lilium
1057 5202 1207 5247 tuum
1262 5201 1465 5245 mactcs
1492 5206 1598 5259 quo
1633 5206 1934 5253 vesramur,
1988 5205 2053 5241 ne
2088 5190 2225 5240 latne

667 5289 983 5347 moriamur,
1025 5300 1148 5339 cras
1195 5297 1294 5351 ego
1347 5297 1524 5333 meum
1573 5280 1856 5341 mactabo,
1911 5288 1967 5330 nt
2016 5289 2071 5331 et
2106 5280 2225 5345 ipso

668 5395 970 5435 vescamur.
1028 5376 1139 5442 Ego
1174 5376 1336 5443 igitur
1385 5375 1551 5425 lilium
1585 5387 1760 5424 meum
1804 5372 1917 5424 heri
1959 5371 2224 5439 jugulati,

669 5488 825 5541 quem
855 5471 1105 5532 edimus;
1135 5468 1224 5522 illa
1260 5478 1442 5519 autem
1481 5463 1637 5516 hodie
1678 5464 1845 5515 tilium
1900 5479 2054 5516 suum
2102 5479 2226 5528 ιιι-οι-

673 5569 901 5620 heusunt
938 5560 1246 5615 abscondit.
1300 5557 1678 5610 Tremeiactus
1734 5570 1821 5606 rex
1875 5554 1958 5606 Itis
2000 5555 2223 5611 auditis,

672 5655 911 5710 vestibus
953 5654 1067 5708 suis
1107 5651 1319 5707 St'iSsis,
1380 5648 1706 5717 puit‘t‘t'vquc
1750 5648 1913 5713 t‘api't
1962 5647 2227 5713 sitpet'iut-

2326 4459 2394 4508 ibi
2432 4464 2736 4518 sanarctur,
2784 4471 2892 4522 quo
2934 4456 3223 4509 Salutatunt
3278 4472 3399 4507 eu-u
3460 4455 3735 4522 profectus
3784 4459 3844 4503 ('sl.

2325 4550 2524 4601 Ahazizt
2560 4549 2761 4599 Jorami
2798 4548 2962 4599 titius.
3000 4546 3182 4599 Elisha
3214 4554 3387 4597 autem
3421 4546 3687 4613 pri-pheta
3720 4542 3842 4593 diSt‘i'

2325 4642 2445 4709 pulo
2472 4655 2571 4692 suo
2600 4639 2748 4691 λοιπε
2792 4638 2975 4690 Mittzei
3017 4639 3126 4689 ﬁlio
3155 4636 3266 4705 (qui
3304 4637 3442 4688 idem
3477 4647 3561 4689 est
3611 4635 3705 4688 Dul
3732 4632 3837 4691 Non.

2326 4732 2374 4781 id
2411 4740 2493 4783 est
2533 4730 2783 4781 Dominus
2819 4730 2995 4795 piscis,
3027 4743 3184 4797 quem
3216 4727 3499 4796 deglutivit
3534 4727 3718 4794 piscis)
3749 4737 3839 4791 tm"

2326 4823 2515 4880 itt'ltSO,
2555 4837 2723 4872 cornu
2754 4821 2806 4873 in
2842 4835 2952 4888 quo
2982 4827 3099 4873 erat
3126 4820 3327 4875 oleum.
3365 4817 3592 4870 tradens
3631 4834 3646 4868 :
3695 4814 3837 4867 Proirv

2325 4923 2460 4969 rtus,
2498 4910 2691 4976 inquit,
2740 4910 2804 4961 ad
2860 4909 3047 4961 urbem
3104 4907 3294 4960 Ramot
3328 4905 3538 4966 Giiead,
3569 4921 3691 4958 eum
3732 4902 3788 4951 ih‘:
3818 4918 3836 4944 τε

2326 5003 2553 5056 ducibus
2607 5001 2893 5069 quemdam
2948 4999 3163 5052 nomine
3214 4996 3371 5055 Jebu,
3412 4996 3641 5055 ,Nitusbi
3693 4996 3835 5047 libans

2327 5096 2620 5157 inveneris,
2654 5096 2829 5161 ipsum
2860 5093 2977 5145 oleo
3005 5092 3107 5143 isto
3134 5104 3310 5157 ungas
3340 5091 3394 5141 in
3429 5105 3610 5155 regem
3648 5085 3835 5139 Israelis.

2328 5189 2524 5237 Λιιὶειιις
2571 5200 2700 5247 ergo
2739 5182 2908 5235 Jonas
2966 5182 3167 5235 Elisha:
3222 5179 3528 5246 discipulus
3575 5177 3713 5246 qnol
3762 5171 3833 5237 ip-i

2328 5296 2447 5331 τεν-ιι
2476 5284 2635 5328 'at'tm
2666 5277 2837 5327 fuerat
2870 5275 3011 5332 fecit,
3039 5272 3180 5337 quod
3209 5287 3328 5325 cmn
3364 5270 3530 5324 sociis
3561 5270 3675 5321 suis

2328 5370 2491 5438 219
2526 5369 2797 5419 retulisset
2831 5366 2990 5421 Jehu,
3026 5365 3157 5433 ipsis
3199 5363 3549 5429 congregatis
3582 5361 3647 5411 ad
3692 5355 3833 5410 urbem

2327 5458 2643 5519 Jrlraeleut,
2670 5452 2943 5507 Jorammn
2982 5451 3199 5505 lsraelis
3236 5462 3413 5515 regem
3447 5447 3727 5515 quatsitum
3747 5453 3833 5509 pm'

2333 5556 2505 5602 lci-tus
2537 5558 2639 5599 est.
2677 5547 2921 5614 Cumque
2965 5544 3181 5597 obviam
3214 5539 3314 5609 ipsi
3363 5542 3731 5607 procederent,
3771 5531 3834 5585 lo-

2341 5658 2474 5701 tam,
2512 5638 2745 5699 Mariis,
2794 5647 2841 5689 et
2882 5636 3113 5687 Arhazizi
3162 5633 3307 5685 ludzr
3338 5647 3454 5693 rex,
3502 5629 3639 5685 Jchu
3690 5626 3831 5691 sagitta
