3950 6348
182 287 271 347 957

1578 290 1779 349 ΑΝΝᾹ
1796 293 1951 352 LE5.

3256 302 3359 360 {HR

183 398 311 466 regis
346 409 437 449 cor
465 398 750 464 percussit,
799 397 1185 467 interfectoquc
1228 407 1387 467 caput
1436 399 1693 466 abstulit;
1728 403 1773 460 Α
1798 412 1981 458 contra
2018 402 2192 483 ipsum
2224 405 2442 465 Hazael.
2473 403 2785 473 Syrizerev,
2820 410 3127 464 urbemCat
3156 411 3205 465 ei
3240 412 3362 465 abs-

182 488 401 553 rugirnte
426 484 655 539 Achazia
680 486 831 541 Judze
868 502 1012 556 rege,
1042 504 1201 556 quem
1232 490 1399 553 etiam
1426 488 1706 543 insecutus

176 577 303 634 Jcbu
333 576 641 633 vulneribus
668 578 907 633 confodit
936 596 950 634 :
981 582 1075 648 qui
1114 589 1290 634 tamen
1338 582 1403 635 ab
1438 582 1553 650 ipso
1579 596 1706 635 eva-

177 666 322 731 dens,
351 668 823 739 urbcm'Mageddo
853 671 1146 740 ingressus,
1180 673 1249 727 ibi
1282 681 1526 727 mortuus
1553 683 1659 728 est.

238 754 472 811 Hortnus
509 766 637 826 ergo
664 760 901 814 Acbazia
948 760 1097 816 Judze
1124 776 1236 824 rex,
1291 779 1319 815 a
1369 766 1541 820 servis
1590 767 1705 818 suis

175 850 531 919 Hierosolyma
560 852 876 915 translatus,
906 855 958 908 in
986 856 1200 909 civitate
1247 857 1410 911 David
1456 858 1704 926 sepultus

172 948 281 1003 est;
314 940 697 1007 imperavitque
718 943 867 999 Judae
893 944 1275 1015 Hierosolymis
1303 947 1549 1001 Acbaziaa
1588 961 1704 1000 ma-

172 1038 269 1092 ter,
308 1030 522 1084 nomine
549 1032 780 1095 Athalia,
811 1037 963 1091 annis
1006 1046 1232 1105 septem.
1266 1036 1496 1104 Scripsit
1522 1048 1697 1090 autem

169 1120 297 1176 Jebu
336 1120 400 1175 ad
436 1124 721 1191 optimates
749 1127 1005 1181 Samarire
1038 1144 1052 1182 :
1089 1128 1146 1181 Si
1182 1128 1312 1181 milii
1342 1128 1702 1195 obsequentes

171 1210 392 1273 fin-ritis,
428 1212 680 1278 prseﬁcite
714 1214 867 1270 vobis
897 1230 927 1269 e
958 1216 1080 1271 ﬁliis
1119 1216 1312 1279 Ababi,
1359 1216 1498 1285 regis
1539 1216 1704 1270 Israe-

168 1301 248 1361 lis,
299 1318 494 1371 regem.
543 1303 991 1363 Rcscribentibus
1036 1307 1215 1376 ipsis:
1266 1308 1376 1362 Non
1410 1318 1492 1363 est
1549 1310 1700 1362 nobis

167 1400 352 1455 pr.rter
388 1400 441 1446 te
491 1409 604 1459 rex,
636 1396 851 1465 scripsit
880 1415 895 1451 :
936 1396 1133 1452 Omnes
1165 1413 1293 1461 ergo
1324 1397 1462 1453 ﬁlios
1500 1399 1695 1464 Ababi,

166 1481 301 1546 regis
344 1481 584 1545 lsraelis.
647 1500 677 1538 e
732 1486 909 1539 medio
963 1487 1155 1540 tollite.
1218 1487 1463 1541 Fuerunt
1517 1496 1694 1541 autem

161 1570 327 1624 Ababi
362 1573 453 1627 lilii
484 1583 536 1626 el
573 1584 796 1642 nepotes
827 1575 923 1629 viri
957 1578 1319 1644 Septuaginta,
1358 1593 1585 1646 quorum
1613 1578 1698 1630 iu-

161 1661 502 1715 terfertorn'n
569 1666 742 1733 capita
788 1665 854 1719 ad
907 1665 1038 1721 Jehu
1086 1669 1369 1723 miserunt.
1416 1668 1697 1724 Profectus

159 1767 284 1818 ergo
309 1751 447 1806 .lebu
513 1754 838 1820 Samariam,
889 1757 1157 1811 neminem
1207 1774 1269 1811 ex
1322 1757 1490 1809 Abnbi
1537 1759 1702 1827 stirpe

158 1841 421 1910 reliquum
471 1842 617 1908 fecit,
651 1859 809 1912 quem
850 1860 956 1898 non
1006 1846 1353 1900 interﬁceret.
1395 1849 1702 1903 Occurrcns

158 1944 334 1986 antem
378 1934 432 1988 in
475 1936 560 1987 via
608 1936 742 1991 viris
794 1937 1149 2004 quadraginta
1200 1936 1433 2002 duobus,
1483 1938 1700 2005 quinam

157 2032 337 2077 essent
389 2025 784 2092 interrogavit.
834 2026 1182 2095 dicentesque
1227 2045 1240 2080 :
1293 2026 1402 2083 Nos
1457 2027 1703 2083 Acbazize

156 2112 293 2177 regis
323 2111 478 2168 Judte
526 2113 759 2178 fratres,
800 2114 1085 2184 iugulavit.
1142 2117 1318 2171 Baulis
1360 2127 1539 2171 autem
1575 2119 1701 2173 idoli

156 2193 408 2269 templum
471 2202 522 2255 in
585 2203 830 2258 Samaria
891 2203 1091 2269 diruit,
1160 2204 1580 2275 sacerdotesque
1637 2222 1704 2262 ac

154 2292 428 2361 principes
462 2292 576 2347 nec-i
610 2293 792 2359 dedit;
822 2295 1170 2364 regnavitque
1198 2296 1253 2350 in
1288 2293 1564 2353 lsraelitas
1597 2312 1701 2352 an-

152 2398 249 2435 nos
284 2384 468 2451 viginti
502 2392 647 2439 octo.
672 2384 834 2455 220
853 2384 1444 2457 Egressamque‘Ahabi
1478 2402 1700 2442 uxorem

153 2475 435 2537 lzcbelem,
461 2491 581 2544 qum
603 2492 662 2530 se
686 2476 739 2531 in
768 2474 904 2532 Jeliu
936 2492 1221 2532 occursum
1261 2488 1570 2541 ornaverat.
1615 2479 1702 2534 in-

150 2566 387 2629 ter'eeit,
436 2582 633 2632 quam.
663 2582 785 2621 cum
827 2568 1021 2625 diebus
1075 2570 1273 2640 aliquot
1334 2571 1573 2640 proiecta
1618 2571 1703 2639 ja-

150 2657 374 2722 cuisset,
432 2660 785 2714 comederunt
827 2675 1007 2717 canes.
1050 2662 1249 2716 Deinde
1292 2665 1537 2730 corporis
1580 2664 1701 2732 ejus

150 2748 408 2816 reliquias
454 2749 671 2816 sepeliri
701 2749 888 2817 jussit.
932 2750 1099 2805 Porro
1145 2750 1382 2812 Atlialia.
1420 2766 1543 2806 cum
1579 2762 1699 2823 post

149 2838 317 2893 ﬁlium
358 2840 419 2895 in
458 2836 652 2894 ludam
702 2838 1089 2913 Hierosolymis
1136 2852 1403 2912 regnaret,
1453 2844 1544 2898 ﬁlii
1612 2845 1698 2901 sui

145 2929 397 2985 Acbazia:
455 2931 654 2984 liberos
704 2931 1008 2995 interit-cit,
1061 2932 1316 2988 familiam
1389 2934 1698 2992 Davidicam

1810 494 1952 555 tulit,
1986 492 2102 561 ipso
2143 495 2281 563 apud
2319 494 2462 576 illam
2489 495 2734 559 devicto;
2774 499 2963 551 deinde
2988 488 3359 571 Hierosolyma

1807 583 2099 639 ascendere
2141 583 2196 638 in
2252 585 2434 639 animo
2479 586 2685 640 habuit.
2735 587 3049 655 Magnopere
3096 591 3259 657 igitur
3290 592 3357 642 a‘b

1806 676 1925 742 ipso
1957 684 2201 730 metuens
2235 674 2399 731 Joasli
2434 692 2625 732 omnes
2656 681 2941 733 thesauros
2963 680 3052 747 qui
3087 682 3137 732 in
3166 681 3363 748 templo

1808 770 1977 830 fuere,
2012 781 2147 836 quos
2198 776 2553 836 reposuerant
2589 778 2773 837 patres
2828 771 3009 837 ipsius
3039 769 3358 837 .losbapbat.

1804 859 1987 913 Joram
2038 866 2092 911 et
2131 858 2387 921 Aebazia,
2434 874 2680 926 quosque
2738 860 2851 925 ipse
2897 860 3224 918 contulerat,
3270 874 3362 915 ae-

1805 957 2010 1017 ceptos,
2045 947 2121 1000 ad'
2166 946 2469 1009 ilazaclcm,
2499 948 2666 1018 Syriae
2719 965 2915 1018 regem,
2950 950 3118 1012 misit,
3154 950 3242 1018 qui
3292 951 3359 1001 ab

1805 1037 1919 1106 ipso
1950 1053 2199 1092 reversus
2228 1043 2331 1091 cst'.

1876 1128 2115 1183 Mortuus
2141 1136 2319 1182 autent
2346 1128 2483 1183 Jebu
2520 1128 2734 1182 lsrzielis
2767 1145 2856 1181 rev
2892 1129 3151 1181 Samaria;
3176 1130 3363 1197 sepul-

1804 1231 1890 1274 tus
1922 1228 2042 1283 est,
2090 1227 2352 1287 regnante
2386 1228 2508 1287 post
2558 1220 2730 1286 ipsum
2793 1219 2899 1270 ﬁlio
2939 1220 3108 1287 ipsius
3143 1218 3358 1271 Acbazo

1801 1308 2055 1364 Samaria:
2099 1324 2270 1364 annos
2331 1310 2716 1379 septemdecim
2744 1348 2759 1370 ,
2807 1309 2967 1375 idque
3011 1323 3153 1361 anno
3211 1310 3354 1375 regni

1799 1399 1981 1455 Joas‘bi
2024 1397 2174 1454 Inda:
2217 1398 2361 1466 regis
2407 1400 2667 1454 vicesimo
2703 1400 2883 1452 tertio.
2924 1398 3019 1452 llic
3052 1398 3193 1452 idola
3245 1397 3351 1450 sibi

1800 1498 2013 1558 accepta
2059 1489 2247 1543 coluit.
2292 1488 2651 1544 Przevalentes
2684 1503 2860 1542 autem
2919 1489 3099 1544 lsraeli
3160 1487 3359 1541 llaznei

1801 1577 1968 1648 Syria:
1991 1594 2104 1642 rex.
2128 1590 2183 1633 et
2220 1578 2403 1633 liadad
2451 1579 2717 1634 Halaeliis
2765 1580 2924 1636 ﬁlius.
2955 1579 3099 1632 viros
3140 1576 3358 1630 Israeli-

1804 1668 1939 1723 ticos
1970 1667 2109 1721 bello
2140 1670 2558 1736 absumpserunt
2582 1708 2596 1728 .
2629 1669 2763 1721 adeo
2796 1678 2854 1735 ut
2888 1682 2994 1721 non
3022 1674 3205 1722 essent
3233 1664 3358 1717 reli-

1803 1758 1894 1828 qui
1927 1758 2145 1813 Acltazo
2165 1757 2381 1812 lsraelis
2409 1741 2522 1829 regi
2556 1759 2610 1812 in
2642 1758 2781 1812 bello
2812 1766 3007 1827 praeter
3031 1756 3236 1825 pedites
3263 1756 3359 1808 de-

1804 1848 1913 1903 cies
1948 1848 2114 1911 mille,
2157 1857 2211 1902 et
2240 1846 2404 1919 22‘
2448 1848 2657 1918 equites
2698 1849 3110 1918 quinquaginta.
3166 1845 3355 1906 Porro,

1805 1948 2048 1993 mortuus
2070 1947 2151 1994 est
2180 1938 2359 1993 Elisba
2381 1939 2665 2009 propheta.
2687 1938 2931 1994 Mortuus
2956 1940 3116 1993 etiam
3141 1938 3353 2002 llaznt-i,

1805 2034 1974 2104 Syrize
1998 2048 2112 2096 rex,
2148 2033 2233 2087 cui
2265 2031 2320 2086 in
2349 2047 2513 2102 regno
2546 2032 2814 2086 successit
2855 2031 2995 2086 ﬁlius
3042 2031 3211 2100 ipsius
3248 2030 3357 2082 lia.

1805 2124 1931 2179 dad.
1968 2123 2239 2178 Reversus
2283 2122 2473 2176 deinde
2508 2121 2688 2177 Acbaz
2731 2122 2948 2176 lsraelis
2994 2137 3086 2175 rex
3139 2120 3356 2175 lladado

1804 2213 2050 2269 Hasaelis
2087 2212 2195 2265 ﬁlio
2245 2227 2367 2280 rege
2416 2211 2587 2280 Syria:
2635 2210 2869 2274 devicto,
2922 2212 3103 2275 urbes,
3159 2211 3356 2278 quibus

1802 2305 1977 2376 captis
2015 2304 2377 2375 imperaverat
2409 2311 2562 2371 pater
2584 2301 2788 2370 ipsius,
2825 2301 2901 2355 illi
2935 2301 3176 2356 abstulit.
3211 2301 3354 2357 Mcr-

1802 2405 1928 2451 tuus
1956 2392 2150 2449 deinde
2178 2392 2361 2469 Abas,
2390 2390 2607 2447 lsraelis
2649 2405 2743 2445 rex
2765 2428 2781 2453 ,
2821 2390 3076 2446 Samarize
3105 2392 3354 2459 sepultus

1800 2495 1904 2551 est,
1938 2492 2195 2555 regnante
2236 2493 2355 2553 post
2384 2484 2559 2552 ipsum
2593 2484 2648 2537 in
2684 2481 2937 2538 lsraelem
2973 2480 3233 2536 Samariae
3262 2497 3357 2534 an-

1800 2592 1902 2632 nos
1938 2574 2209 2632 sexdecim
2245 2573 2356 2628 tilio
2396 2574 2566 2644 ipsius
2594 2572 2760 2630 Joasb
2796 2592 2810 2628 :
2853 2574 3010 2642 idque
3044 2574 3191 2641 regni
3226 2571 3352 2626 που-

1801 2662 1882 2717 sbi
1919 2658 2231 2731 regisludae
2260 2657 2543 2715 tricesimo
2576 2674 2738 2715 nono.
2771 2658 2864 2714 llle
2913 2662 3063 2731 pejus
3098 2675 3155 2714 se
3182 2664 3354 2729 gessit

1800 2759 1948 2818 patre
2008 2764 2126 2819 suo,
2185 2759 2347 2819 atque
2399 2749 2542 2805 idola
2601 2752 2811 2806 coluit.'
2847 2749 3109 2805 Joasbum
3170 2761 3352 2804 autem

1798 2843 1950 2898 Inda:
1980 2857 2161 2910 regem
2195 2842 2370 2897 adorti
2406 2843 2546 2898 servi
2577 2843 2750 2912 ipsius
2788 2842 3211 2900 interfecerunt.
3246 2861 3354 2913 quo

1800 2933 1853 2987 in
1898 2932 2114 2987 civitate
2143 2931 2357 2986 Davidis
2381 2933 2923 3000 sepulto’imperavit,
2968 2931 3120 2987 Julia;
3162 2933 3356 2986 "iero-

145 3031 399 3091 quterens
422 3029 478 3076 ut
509 3021 656 3091 ipsos
682 3036 715 3077 e
744 3023 921 3077 medio
954 3023 1183 3088 tolleret,
1219 3027 1360 3094 quod
1389 3028 1503 3095 ipsa
1534 3043 1700 3094 genus
1730 3034 1772 3090 ο
1805 3022 2028 3092 solymis
2057 3036 2231 3076 annos
2258 3021 2449 3090 viginti
2487 3023 2853 3077 novemﬁlius
2890 3024 3060 3093 ipsius
3108 3023 3349 3080 A-masia.

143 3112 352 3168 ducens
386 3112 454 3167 ab
475 3112 696 3167 Achabo
731 3112 947 3168 lsraelis
976 3128 1118 3181 rege,
1152 3121 1315 3168 totam
1347 3116 1566 3184 stirpem
1597 3117 1701 3170 Da-

145 3203 377 3258 vidicam
405 3203 727 3258 exstinctam
754 3212 992 3273 cuperet.
1024 3202 1154 3257 Erat
1189 3213 1370 3259 autem
1412 3205 1515 3277 ipsi
1546 3207 1651 3260 ﬁlia
1681 3224 1696 3272 ;

142 3294 396 3348 Acbaziaa
420 3307 596 3358 soror,
628 3293 845 3349 nomine
868 3292 1204 3361 Jehosbuba,
1244 3286 1522 3352 Jeboiadzn
1549 3298 1699 3367 priu-

142 3383 282 3452 ripis
327 3382 672 3439 sacerdotum
725 3398 880 3446 uxor,
928 3398 1050 3454 quae
1096 3386 1408 3455 subreptum
1457 3403 1485 3439 a
1527 3397 1700 3444 mat'e

141 3477 315 3545 ipsius
349 3476 516 3530 ﬁlium
570 3475 818 3530 Acbazia:
866 3477 953 3528 cui
1014 3491 1207 3529 nomen
1255 3474 1443 3543 Joasb,
1492 3487 1695 3547 septem

142 3565 305 3621 annis
333 3563 477 3633 apud
510 3580 569 3619 se
624 3564 927 3619 abscondit.
977 3566 1380 3634 Prophetarum
1434 3568 1536 3623 sub
1580 3571 1697 3638 ipsa

145 3655 333 3709 Elisba
392 3662 447 3708 et
509 3652 737 3708 Obadia.
806 3653 1019 3708 Atlialia
1085 3665 1265 3709 autem
1322 3655 1698 3728 Hierusolyma

142 3744 478 3800 scortatione
503 3744 830 3813 inquinavit.
857 3742 1026 3805 Jussit
1058 3747 1202 3799 enim
1232 3745 1461 3804 feminas
1487 3750 1700 3818 publice

140 3836 351 3905 absque
395 3843 538 3887 metu
564 3832 816 3896 scortari,
859 3848 1068 3889 necnon
1106 3837 1249 3891 viros
1297 3845 1547 3905 stuprum
1575 3856 1696 3893 cum

141 3927 363 3982 feriiinis
388 3926 602 3981 nemine
652 3926 964 3994 increpante
993 3926 1355 3981 committere.
1384 3926 1489 3983 Ubi
1519 3938 1709 3985 autem

139 4019 474 4075 adolevisset
532 4016 695 4071 Juasb
752 4016 995 4071 Acbazize
1042 4016 1206 4081 ﬁlius,
1239 4016 1492 4075 Jehoiada
1517 4008 1735 4076 sacer-1

140 4110 242 4163 dos
300 4107 615 4163 convocatis
676 4105 826 4160 Inda:
882 4108 1212 4177 principibus
1263 4109 1329 4162 ad
1393 4111 1511 4164 illos
1574 4111 1701 4165 Joa-

141 4200 305 4253 sbum
343 4199 521 4267 ipsum
554 4198 800 4251 Acbazize
860 4197 1021 4251 ﬁlium
1077 4200 1348 4266 produxit,
1403 4217 1560 4272 quem
1621 4204 1699 4259 illi

142 4305 341 4367 regem.
385 4289 488 4343 sibi
543 4290 960 4344 constituerunt.
1016 4288 1136 4353 Quo
1191 4291 1410 4353 audito,
1463 4294 1695 4353 Albalia.

1801 3114 1964 3183 quue
1990 3128 2132 3166 anno
2158 3114 2309 3183 regni
2339 3112 2525 3167 Joasbi
2559 3113 2704 3182 regis
2728 3114 2944 3167 lsraelis
2969 3117 3224 3169 secundo.
3255 3117 3353 3169 llic

1798 3210 1987 3272 captos
2019 3217 2208 3257 servos
2236 3203 2324 3273 qui
2358 3213 2562 3273 patrem
2596 3202 2766 3273 ipsius
2790 3203 3174 3260 interfecerant
3198 3207 3354 3272 ingn-

1800 3291 1946 3345 lavit.
1969 3292 2081 3346 Sub
2107 3306 2174 3347 eo
2196 3292 2532 3362 propbetavit
2552 3292 2716 3348 Amos
2744 3278 3007 3363 propheta
3046 3294 3352 3348 Davidirns.

1797 3383 2133 3437 Ascendente
2166 3392 2345 3436 autem
2384 3381 2586 3438 Joasbo
2618 3382 2837 3438 lsraelis
2863 3399 2985 3453 rege
3039 3385 3350 3454 Hierosoly-

1800 3487 1904 3528 ma.
1953 3472 2166 3526 Amasia
2198 3471 2348 3527 Judaa
2384 3487 2477 3527 rex
2514 3481 2658 3527 metu
2694 3474 2809 3540 ejus
2837 3472 3228 3530 Bcitsbemsum
3264 3477 3356 3530 fu-

1797 3565 1972 3634 giens,
2006 3564 2191 3639 urbem
2227 3578 2451 3617 vacuam
2482 3563 2718 3631 reliquit.
2767 3562 2938 3617 Dirnit
2970 3580 3100 3632 ergo
3126 3564 3295 3621 Joash
3322 3584 3353 3622 c

1797 3670 1950 3709 muro
1998 3655 2149 3710 urbis
2179 3654 2687 3726 Hierosolymitana:
2729 3655 2950 3711 cubitos‘
2988 3656 3349 3727 quadringen-

1798 3755 1902 3805 tos.
1928 3753 2317 3813 acceptumque
2344 3747 2482 3807 auri,
2518 3746 2724 3816 argenti
2754 3755 2808 3798 et
2832 3761 3167 3814 gemmarum
3195 3749 3351 3815 quid-

1796 3837 1923 3901 quid
1967 3837 2019 3889 iu
2064 3837 2283 3903 templo,
2334 3846 2553 3891 necnon
2610 3837 2873 3905 quidquid
2913 3838 3027 3890 auri
3065 3848 3228 3902 atquc
3262 3853 3349 3890 ar-

1796 3926 1939 3994 genti
1965 3925 2015 3977 in
2040 3924 2238 3993 palatio
2263 3925 2403 3993 regis
2440 3925 2657 3979 \masiae
2685 3926 2801 3987 fuit,
2829 3926 3127 3979 Samariam
3161 3944 3350 3993 aspor-

1799 4015 1953 4070 tavit.
1988 4014 2197 4068 Mortuo
2247 4016 2442 4069 deinde
2491 4001 2709 4069 Joasho‘
2737 4017 2951 4071 lsrat-lis
2994 4035 3137 4088 rege,
3186 4029 3351 4086 atque

1799 4107 2055 4161 Samarite
2085 4109 2321 4177 sepulto.
2350 4117 2472 4177 post
2502 4109 2674 4179 ipsum
2711 4109 2965 4161 Samaria:
2993 4109 3348 4177 225-227

1800 4200 1853 4253 in
1885 4200 2139 4255 lsraelem
2164 4201 2406 4269 regnavit
2433 4215 2605 4254 annos
2627 4201 2977 4269 quadraginta
3013 4216 3177 4254 unum
3207 4200 3350 4254 ﬁlius

1801 4292 1971 4358 ipsius
2004 4290 2310 4352 Jeroboam,
2345 4292 2507 4360 idque
2552 4307 2694 4344 anno
2745 4294 2895 4360 regni
2926 4291 3160 4345 Amazire
3211 4293 3349 4361 regis

142 4380 344 4435 scissis
377 4380 617 4434 vestibus
656 4379 720 4431 ad
771 4379 941 4445 ipsum
973 4380 1415 4447 coospiciendutn
1456 4398 1696 4448 egressa,
1729 4360 1772 4413 θ
1798 4379 1950 4436 Iuda:
1979 4368 2188 4436 decimo
2219 4382 2428 4450 quinto.
2466 4381 2677 4434 Mortuo
2724 4381 2889 4434 Joasb
2944 4381 3154 4435 lsraelis
3205 4398 3349 4449 rege,

142 4472 328 4526 cladio
360 4471 684 4538 interempta
708 4480 821 4547 est:
851 4468 1115 4531 Regnavit
1162 4486 1291 4537 ergo
1324 4470 1488 4525 Joasb
1519 4473 1699 4527 Arba-

142 4562 240 4615 zi:e
266 4559 411 4613 ﬁlius
442 4557 827 4627 Hierosolymis
848 4560 897 4610 in
918 4559 1104 4612 Judam
1122 4561 1474 4629 quadraginta
1499 4578 1697 4629 annos;

147 4666 315 4721 regno
331 4657 511 4703 autem
532 4649 817 4717 pne-iectus
836 4658 916 4703 cst
934 4664 1103 4703 annos
1124 4658 1279 4701 natus
1299 4661 1523 4718 septem;
1543 4654 1701 4722 idque

140 4758 290 4796 anno
322 4742 469 4809 regni
493 4739 629 4795 Jebu
654 4740 794 4809 regis
820 4741 1027 4795 lsraclis
1045 4742 1290 4809 septimo.
1319 4740 1471 4794 Matri
1511 4742 1697 4797 Joasbi

141 4848 341 4887 nomen
363 4831 710 4901 221-223
732 4841 846 4886 erat
871 4832 1026 4885 Sebia
1058 4834 1387 4887 Birsebaitis.
1418 4833 1542 4901 Ejus
1563 4845 1700 4889 tem-

144 4939 274 4991 pore
288 4927 685 4993 prepbetaruut
702 4922 899 4987 Elisba,
920 4923 1069 4985 Uria,
1088 4933 1137 4975 et
1157 4922 1413 4976 Zacbaria
1431 4923 1700 4977 Jeboiadae

145 5013 455 5068 sacerdotis
499 5014 662 5066 ﬁlius.
690 5014 874 5081 Neque
897 5013 1102 5067 destitit
1120 5015 1250 5065 bene
1278 5031 1335 5067 se
1359 5018 1410 5067 in
1444 5015 1576 5069 Juda
1612 5032 1700 5083 gr-

145 5121 289 5171 rs-re,
322 5106 497 5159 donec
527 5119 827 5157 moreretur
846 5104 1100 5158 .leboiada
1132 5106 1505 5172 sacerdos,qui
1534 5121 1699 5158 anuo-

141 5214 264 5251 rnnt
282 5206 501 5251 centum
526 5205 640 5248 erat
665 5206 719 5247 ct
754 5195 991 5262 triginta.
1011 5197 1161 5265 Cepit
1193 5198 1384 5250 deinde
1412 5197 1574 5250 Joain
1598 5214 1687 5249 rex

140 5286 244 5339 sibi
265 5285 406 5338 idola
422 5300 540 5353 qua:
557 5287 781 5345 coleret,
799 5285 939 5352 quod
960 5300 1080 5337 cum
1103 5286 1278 5339 lacere
1296 5285 1467 5352 ipsum
1495 5294 1695 5336 vetaret

140 5376 406 5431 Zacharia
425 5376 682 5444 propheta
713 5373 982 5428 Jcboiadze
1009 5376 1404 5443 tilius,ju_bente
1423 5376 1539 5442 ipso
1563 5378 1695 5441 lapi-

144 5478 306 5521 datus
332 5468 559 5520 interiit.
584 5467 693 5519 Hoc
718 5465 920 5519 scilicet
949 5465 1224 5531 putandum
1259 5466 1505 5518 retribuit
1532 5464 1693 5519 Joaslt

146 5557 427 5610 Jeboiadat
460 5556 755 5620 sacerdoti;
806 5571 1026 5621 regnum
1083 5556 1253 5620 ipsius
1300 5572 1401 5623 ope
1440 5557 1693 5625 adeptus,

146 5649 316 5701 lilium
352 5647 467 5713 ejus
504 5647 815 5700 Zavbariaut
865 5647 1152 5699 interfecit.
1195 5648 1454 5715 Egressus.
1506 5657 1688 5699 autent

1802 4474 2019 4527 Amazia
2042 4470 2197 4525 Judze
2230 4487 2318 4524 rex
2351 4486 2381 4524 a
2410 4458 2746 4524 Bcitsbeina-s
2771 4469 3137 4540 Hierosolyma
3169 4486 3348 4523 rever-

1799 4579 1892 4618 sus
1915 4572 2016 4618 est.
2055 4562 2180 4615 Post
2207 4562 2425 4631 aliquod
2468 4572 2645 4615 autem
2685 4562 2943 4630 temporis
2990 4557 3223 4628 spatium
3256 4559 3344 4615 Je-

1797 4657 2087 4708 roboamus
2111 4652 2322 4707 lsraelis
2351 4669 2443 4706 rex
2473 4653 2714 4707 collectis
2746 4654 2914 4720 copiis
2949 4654 3062 4705 suis
3099 4652 3348 4705 llEeroso-

1798 4744 1935 4814 lyma
1971 4742 2251 4806 ascendit;
2303 4757 2330 4794 a
2370 4757 2477 4810 quo
2508 4743 2879 4795 cuinAmazia
2917 4741 3068 4794 .lutlze
3108 4756 3201 4794 rex
3234 4782 3247 4805 ,
3283 4743 3346 4793 nd

1798 4834 1985 4887 urbem
2038 4831 2297 4885 Lachiscb
2346 4830 2574 4900 fugisset
2604 4869 2619 4889 ,
2680 4832 2896 4883 mittens
2950 4831 3034 4882 ille.
3069 4838 3191 4896 post
3224 4846 3346 4882 enm

1797 4922 2150 4980 Lacbi~bum.
2179 4920 2250 4972 ibi
2286 4921 2461 4987 ipsum
2496 4919 2807 4981 interfecit;
2841 4919 2929 4987 qui
2973 4919 3346 4986 Hierosolyma

1798 5028 1826 5065 a
1857 5014 2028 5067 servis
2055 5013 2170 5065 suis
2204 5020 2512 5079 reportatus
2542 5011 2593 5062 in
2613 5010 2829 5063 civitate
2857 5008 3074 5060 Davidis
3103 5010 3346 5074 sepultus

1797 5114 1899 5160 cst.
1938 5104 2199 5171 Regnavit
2231 5111 2352 5171 post
2385 5104 2559 5168 ipsum
2612 5102 2662 5151 in
2715 5098 2907 5151 Judam
2962 5098 3348 5167 Hierosolymis

1798 5209 1968 5246 annos
1998 5193 2383 5259 quinquaginta
2415 5193 2544 5253 duo,
2575 5191 2717 5244 ﬁlius
2747 5192 2913 5259 ipsius
2955 5189 3135 5252 Uzzia,
3173 5203 3340 5239 annos

1798 5284 2065 5336 sexdecim
2099 5292 2278 5341 natus,
2315 5281 2474 5348 idque
2503 5296 2645 5333 anno
2678 5281 2822 5347 regni
2851 5278 3161 5331 Jerobonmi
3197 5276 3338 5341 regis

1798 5372 1953 5424 lsrael
1983 5371 2193 5423 decimo
2241 5370 2453 5437 quinto.
2506 5369 2637 5437 Ejus
2681 5379 2917 5437 tempore
2950 5368 3340 5435 pt'tiphctnruttt

1800 5464 1984 5523 Amos,
2015 5461 2239 5528 ejusque
2287 5461 2430 5514 ﬁlius
2463 5459 2633 5513 lsaiab
2686 5474 2716 5513 e
2767 5458 2969 5511 iatiiilia
3012 5450 3172 5507 David
3198 5498 3212 5515 ,
3251 5453 3348 5506 Joo

1798 5555 1932 5605 siina
1962 5550 2173 5612 Jebadi,
2206 5550 2348 5606 ﬁlius
2384 5550 2674 5616 Rubenita,
2704 5549 2868 5604 Jonas
2901 5546 3122 5600 Matutize
3151 5546 3289 5600 lilins
3315 5561 3345 5599 c

1798 5642 2165 5711 Gatbbapbar.
