3950 6348
563 213 632 275 59
1059 165 1068 170 I
1525 210 1891 272 EUTYCHII
1935 209 2464 271 ALEXANDRINI
2496 212 2719 292 PATR.

3621 207 3704 268 Elin

595 319 834 372 Mortuus
855 315 1392 382 Jeroboaszraelis
1421 317 1816 383 rex,Samari:e
1836 317 2080 387 sepultus
2106 317 2158 373 Α
2182 326 2246 378 ad
2280 325 2455 394 ipsum
2486 321 2664 376 Aehaz
2699 319 2848 375 Juda:
2898 336 3012 386 rex,
3051 329 3107 373 tit
3151 310 3351 389 gratias
3396 315 3442 368 ei
3490 315 3560 368 ob
3598 315 3705 366 ittu-I

523 421 626 466 est.
663 411 1027 482 ltegnavitque
1056 420 1177 481 post
1207 412 1383 481 ipsum
1439 409 1698 465 Samaria:
1730 411 1782 462 in
1819 409 2074 464 lsraelem

533 518 626 555 sex
667 519 879 557 menses
905 543 920 565 ,
967 503 1109 556 lilius
1170 505 1338 571 ipsius
1387 502 1647 556 Zacharia
1675 541 1689 564 ,
1729 501 1890 571 idque
1929 499 2076 568 regni

529 581 705 648 Uisio!
739 595 880 664 regis
906 594 1057 648 ludat
1086 609 1228 647 anno
1260 594 1518 647 vicesimo
1546 608 1731 656 nono;
1768 608 1924 660 quem
1955 605 2078 645 cum

531 685 703 752 ipsum
743 685 940 745 adorti,
972 683 1214 737 Shallunt
1243 682 1463 738 Jabeshi
1500 683 1638 738 illius
1667 692 1720 738 et
1753 683 1953 735 Bileum
1989 682 2077 756 qui

534 783 694 828 erant
726 790 756 828 e
789 775 1019 828 ducibus
1062 774 1253 843 ipsius,
1290 773 1708 845 interfecissent,
1737 787 1959 840 regnum
1990 786 2083 825 oc-

523 881 729 934 eupans
762 863 1000 921 Shallum
1033 865 1252 920 Jabeshi
1279 865 1438 930 (ilius,
1467 865 1726 918 Samaria-
1750 864 1803 916 in
1829 855 2080 917 Israelem

527 957 644 1011 dies
696 957 910 1026 triginta
968 941 1231 1024 regnavit,
1285 957 1444 1024 idque
1498 971 1640 1010 anno
1703 955 1850 1030 regni
1909 953 2082 1007 [inite

523 1047 685 1113 regis,
719 1045 874 1101 Iudas
917 1048 1176 1102 vicesimo
1219 1064 1380 1102 nono.
1415 1047 1566 1101 Illum
1626 1046 1852 1100 adortus
1886 1044 2082 1099 Mena-

525 1139 680 1190 ehem
714 1135 847 1190 Gadt
899 1135 1063 1201 filius,
1093 1139 1184 1206 qttl
1220 1153 1250 1192 e
1274 1137 1504 1191 ducibus
1532 1137 1698 1206 228
1717 1135 1835 1203 ejus
1870 1135 2046 1190 fuerat
2067 1175 2082 1198 ,

525 1229 644 1294 ipso
673 1225 960 1280 interfecto
994 1241 1218 1295 regnum
1249 1227 1535 1294 occupavit
1556 1263 1572 1288 ,
1607 1225 1956 1294 regnavitque
1989 1225 2087 1279 Sa-

527 1314 709 1366 maria:
742 1314 794 1365 in
826 1313 1079 1368 lsraelem
1109 1329 1280 1368 annos
1305 1315 1491 1383 viginti
1535 1332 1549 1368 :
1582 1314 1745 1382 idque
1778 1313 1934 1367 initio
1961 1313 2084 1366 anni

527 1405 678 1474 regni
709 1403 888 1458 Uzziae
936 1406 1078 1473 regis
1114 1402 1265 1459 Juda'
1313 1405 1614 1460 tricesimo.
1650 1403 1849 1458 Deinde
1879 1401 2087 1458 Tirsant

532 1497 718 1549 urbem
761 1496 1035 1562 profectus
1072 1513 1134 1550 ea
1163 1506 1321 1564 capta
1355 1511 1545 1551 omnes
1569 1497 1660 1566 qui
1704 1496 1756 1549 in
1790 1496 1904 1566 ipsa
1934 1503 2090 1548 erant

532 1597 705 1641 morte
731 1586 931 1652 aifeeil,
959 1597 1006 1640 et
1039 1595 1410 1656 praegnantqu
1444 1596 1628 1665 nteros
1648 1585 1863 1642 dtﬂldit.
1887 1586 2093 1639 Ascen-

2181 415 2322 482 quod
2355 413 2556 467 fecerat
2577 420 2779 482 ageret.
2823 411 3091 464 Pekahum
3118 418 3293 464 autem
3319 406 3529 460 Israelis
3551 419 3709 471 regem

2179 503 2340 569 Osca,
2375 504 2484 558 Elre
2516 503 2677 567 lilius,
2713 503 2805 572 qui
2839 516 2870 554 e
2899 501 3124 554 ducibus
3171 487 3337 568 ipsius
3389 495 3509 568 fuit.
3557 495 3711 562 ipsum

2181 595 2407 650 adortus
2459 594 2756 656 interfecit,
2807 607 3082 663 regnoque
3136 598 3418 657 occupato,
3474 585 3715 642 Samaria

2180 686 2340 755 232
2386 686 2439 740 in
2480 686 2732 740 lsraelem
2793 696 2983 737 novem
3032 694 3202 734 annos
3252 677 3523 746 regnavit;
3575 672 3715 739 idque

2181 791 2324 830 anno
2360 777 2508 845 regni
2545 776 2744 828 Achazi
2782 774 2922 842 regis
2946 770 3096 825 Judc
3123 769 3468 824 duodecimo.
3493 763 3719 825 Mortuus

2181 867 2580 922 deindeAchaz
2614 865 2764 920 ludas
2789 881 2877 918 rex
2913 865 2964 919 in
2986 863 3202 918 civitate
3247 861 3468 915 Doridis
3493 858 3721 927 sepultus
3755 877 3757 880 ‘

2182 965 2266 1013 est
2291 995 2307 1020 ,
2337 965 2616 1026 postquam
2658 955 2900 1026 regnavit
2933 953 3319 1020 Hierosolymis
3355 966 3519 1019 super
3538 947 3718 1004 ludam

2189 1063 2362 1104 annos
2407 1049 2593 1113 viginti
2644 1062 2835 1102 novem
2889 1047 3035 1113 lilius
3079 1043 3252 1112 ipsius
3282 1042 3534 1105 Ezekiah,
3566 1053 3728 1092 annos

2187 1149 2346 1192 natus
2379 1137 2876 1208 vigintiquinque;
2942 1134 3104 1202 idque
3163 1146 3306 1186 anno
3364 1130 3514 1197 regni
3563 1129 3724 1186 Osca,

2190 1229 2330 1299 regis
2379 1228 2631 1290 lsraelis,
2696 1229 2875 1284 tertio.
2933 1225 3062 1292 Ejus
3109 1224 3304 1278 diebus
3356 1222 3728 1290 prophetarum

2189 1319 2397 1384 Isaias,
2429 1319 2598 1374 Oseas
2642 1327 2695 1371 et
2763 1316 2934 1389 Micha
2985 1313 3333 1380 Ephraimita.
3383 1313 3552 1366 Porro
3601 1327 3732 1363 anno

2189 1409 2336 1478 regni
2372 1407 2598 1472 Ezekite,
2635 1410 2773 1480 regis
2801 1407 2972 1469 Iudae,
3022 1415 3237 1475 quarto,
3269 1404 3361 1474 qui
3395 1401 3573 1465 Oscae,
3604 1404 3732 1468 regis

2193 1499 2435 1566 Israelis,
2466 1501 2726 1570 septimus
2756 1508 2892 1564 erat,
2943 1499 3250 1552 Samariam
3290 1492 3593 1548 ascendens
3625 1491 3732 1545 Sal-
3781 1513 3786 1521 ’

2194 1607 2498 1656 manassar,
2543 1591 2711 1645 Musal
2746 1598 2799 1644 et
2829 1589 3227 1657 Mesopotamiae
3257 1601 3370 1650 res,
3399 1599 3520 1638 eam
3555 1584 3731 1636 tribus

507 1679 748 1733 identem
780 1681 974 1734 deinde
1021 1653 1211 1750 contra
1255 1679 1432 1751 ipsum
1468 1658 1654 1732 Palam
1701 1693 1882 1746 regem
1917 1675 2089 1730 Musal
2125 1653 2163 1706 Β
2196 1683 2354 1736 anuis
2386 1653 2664 1738 obsessam
2704 1669 2844 1752 cepit
2871 1698 2886 1742 ;
2909 1653 3244 1749 captumque
3273 1676 3494 1746 Oscam,
3525 1673 3737 1729 Israelis

526 1767 838 1824 Menaehem
871 1771 1084 1826 lsraelis
1113 1786 1229 1832 rex,
1253 1786 1446 1840 magna
1471 1769 1590 1823 auri
1619 1780 1673 1824 et
1702 1769 1906 1838 argenti
1938 1767 2092 1837 copia

525 1859 672 1924 data,
711 1859 987 1924 demulsit,
1017 1875 1084 1914 ne
1111 1861 1212 1914 sibi
1239 1856 1533 1931 [noceret,]
1560 1872 1731 1927 quare
1757 1857 1826 1911 ab
1855 1856 1976 1926 ipso
2007 1869 2094 1909 re—

529 1963 722 2004 versus
762 1959 866 2004 est.
885 1947 1114 2004 Mortuo
1138 1949 1510 2010 Menachemo.
1540 1957 1596 2002 et
1627 1944 1885 2001 Samaria:
1915 1944 2098 2011 sepul-

528 2047 607 2104 to,
645 2041 892 2111 regnavit
920 2049 1041 2110 post
1072 2041 1262 2109 ipsum
1292 2040 1556 2108 Samaria;
1587 2039 1641 2092 in
1667 2038 1918 2092 lsraelem
1958 2036 2096 2088 duos

529 2144 703 2184 annos
735 2131 880 2184 lilius
913 2115 1084 2198 ipsius
1119 2130 1376 2193 Pt-kahia,
1407 2130 1569 2199 idque
1619 2146 1763 2182 anno
1802 2129 1952 2198 regni
1994 2125 2096 2182 υιο

529 2222 628 2273 zia:
663 2219 804 2288 regis
829 2217 982 2274 Judze
1016 2220 1490 2298 quinquagesim’o.
1527 2220 1683 2273 Illum
1737 2221 1964 2272 adortus
1994 2217 2096 2270 Pc-

530 2312 656 2377 kab,
690 2309 942 2364 Rentalize
977 2310 1140 2376 lilius,
1168 2327 1199 2366 e
1233 2310 1462 2366 ducibus
1491 2310 1680 2379 ipsius,
1715 2325 1837 2363 cum
1875 2310 2099 2365 interfeo

527 2393 720 2464 cisset‘,
734 2417 955 2470 regnum
985 2402 1295 2470 occupavit,
1319 2402 1670 2472 regnavitque
1697 2403 1812 2472 ipse
1835 2405 1888 2457 in
1919 2403 2092 2460 Israe-

528 2480 934 2556 κεκώλυται-ιω
961 2507 1135 2546 annus
1158 2492 1345 2561 viginti
1373 2502 1515 2554 octo.
1547 2493 1711 2563 idque
1743 2497 1894 2564 regni
1919 2495 2096 2550 Uzzia:

531 2582 675 2650 regis
706 2579 854 2636 ludar
885 2581 1342 2650 quinquagesimo
1390 2583 1651 2644 secundo.
1703 2581 1854 2637 Fecit
1904 2596 2088 2640 autem

530 2665 703 2726 Uzzia
737 2672 838 2726 iste
871 2687 1032 2727 omne
1065 2673 1268 2725 malum
1292 2684 1313 2738 ;
1339 2672 1620 2744 ingressus
1655 2675 1799 2730 enim
1841 2674 2100 2731 Sanctum

534 2774 879 2823 sanctorum.
899 2773 1110 2832 arrepto
1125 2764 1249 2818 inde
1267 2781 1296 2819 e
1309 2779 1470 2819 manu
1488 2765 1789 2823 sacerdotis
1810 2757 2102 2830 thuribulo,

531 2852 898 2910 sutiiuteutum
920 2857 1076 2909 altari
1103 2856 1376 2920 admovit;
1402 2872 1565 2924 quam
1597 2858 1669 2912 ob
1684 2852 1914 2913 'causam
1942 2859 2093 2928 lepra

2197 1789 2397 1842 regem,
2427 1773 2482 1827 in
2503 1787 2774 1828 carcerem
2801 1763 3048 1840 coniecit,
3073 1785 3136 1823 ac
3157 1769 3347 1824 decem
3380 1767 3740 1822 lsraelitarmu

2196 1863 2389 1926 tribus,
2418 1878 2448 1917 e
2480 1863 2698 1932 regione
2731 1860 3074 1924 Samaritlca,
3108 1859 3360 1914 Amidum
3395 1858 3663 1912 Musalum
3692 1868 3740 1907 et

2199 1953 2443 2008 Babelem
2470 1952 2792 2021 deportavit,
2815 1952 2950 2006 adeo
2983 1959 3042 2004 ιιι
3066 1951 3176 2021 iam
3209 1967 3316 2006 non
3329 1959 3636 2020 superesset
3656 1947 3752 1998 nisi-

2199 2040 2371 2096 tribtls
2399 2039 2568 2106 ludas,
2593 2057 2714 2093 cum
2746 2043 2916 2109 stirpe
2953 2041 3204 2096 Davidica
3235 2054 3354 2110 qua
3383 2039 3493 2094 illis
3520 2039 3746 2107 impera-

2201 2143 2299 2195 ret,
2331 2145 2383 2188 et
2411 2135 2586 2188 tribus
2629 2133 2978 2202 Beujaminis.
3029 2131 3343 2186 Translatos
3373 2142 3554 2184 autem
3589 2129 3747 2182 Balte-

2199 2223 2287 2288 lis,
2316 2224 2516 2286 Amidi,
2548 2234 2602 2277 et
2635 2223 2824 2278 Musali
2871 2223 3077 2277 incolas
3117 2221 3170 2276 in
3203 2222 3433 2276 urbibus
3473 2218 3752 2274 Satnariti-

2199 2318 2278 2370 cis
2305 2316 2425 2368 loco
2456 2315 2819 2369 lsraelitarum
2855 2313 3175 2381 collocavit;
3205 2313 3396 2370 relicto
3423 2310 3566 2383 apud
3603 2313 3744 2381 ipsos

2198 2405 2480 2460 sacerdote
2534 2406 2750 2460 nomine
2801 2404 2918 2459 Lun
2973 2404 3066 2468 qui
3124 2404 3273 2475 ipsos
3306 2403 3474 2472 legem
3513 2403 3748 2457 doceret.

2202 2497 2432 2551 Edocuit
2462 2511 2590 2565 ergo
2620 2496 2770 2564 ipsos
2799 2494 2935 2558 Lun,
2975 2495 3122 2549 illam
3153 2509 3315 2569 quam
3348 2501 3532 2548 tenent
3565 2492 3751 2554 legent.

2205 2590 2554 2658 Fueruntque
2586 2589 2659 2641 illi
2693 2586 3155 2642 Samaritanorum
3193 2593 3398 2654 patres,
3428 2583 3752 2638 Samaritani

2203 2668 2380 2748 a'utent
2413 2680 2501 2749 qui
2544 2681 2644 2734 hoc
2678 2690 2921 2746 tempore
2957 2677 3306 2746 reperiuntur
3347 2676 3593 2745 ipsorum
3645 2675 3754 2729 filii.

2205 2772 2448 2842 Separati
2478 2775 2618 2826 enim
2657 2787 2683 2823 a
2712 2770 2914 2824 Judaais
2939 2767 3278 2838 prophetiam
3315 2766 3529 2822 Davidis
3560 2775 3618 2820 et
3641 2780 3757 2834 pro-

2206 2868 2487 2936 phetarum
2522 2865 2761 2919 omnium
2801 2861 3180 2931 repudiarunt,
3209 2861 3472 2915 dicentes:
3507 2858 3630 2912 Non
3665 2857 3760 2911 fuit

533 2946 594 3001 iu
627 2943 767 2999 facie
795 2960 1086 3042 percussus
1115 2956 1219 3042 est,
1253 2961 1428 3042 neque
1451 2955 1636 3040 tamen
1670 2962 1700 3001 a
1732 2963 1895 3018 regno
1925 2966 2098 3005 semo—
2124 2981 2167 3042 Ο
2197 2967 2324 3026 post
2374 2956 2556 3012 Mosen
2588 2955 2942 3024 prophetam,
2969 2952 3266 3022 propheta;
3303 2950 3409 3006 sibi
3445 2949 3695 3018 principe
3723 2963 3750 3000 ο

535 3047 646 3103 tus,
669 3042 791 3090 cum
814 3037 954 3091 lilius
982 3038 1152 3107 ipsius
1172 3036 1411 3104 Jotbam,
1433 3036 1656 3107 regnum
1683 3040 2096 3110 administrans,

533 3127 711 3196 ipsum
746 3139 1008 3185 tueretur.
1047 3127 1295 3184 Mortuus
1328 3139 1508 3183 autem
1538 3129 1701 3185 Uzzia
1727 3172 1744 3196 ,
1770 3130 1923 3186 Judte
1960 3149 2050 3188 rex
2079 3174 2094 3199 ,

535 3217 591 3272 in
634 3217 854 3272 civitate
913 3217 1077 3271 Dat-id
1125 3219 1372 3286 sepultus
1417 3227 1521 3273 est.
1571 3218 1940 3290 Regnavitque
1980 3232 2102 3291 post
2184 3221 2188 3228 '

532 3309 710 3376 ipsum
749 3307 1133 3379 IlieruSolymis
1161 3310 1212 3362 in
1248 3308 1440 3381 ludam
1481 3310 1624 3366 illius
1659 3313 1829 3380 ipsius
1882 3312 2098 3366 Jotltam

535 3414 659 3453 sunt
682 3414 709 3453 s
741 3399 1032 3458 sexdecim.
1065 3414 1237 3453 annos
1263 3409 1374 3451 tttm
1420 3411 1579 3454 uultis
1625 3402 1812 3471 viginti
1842 3404 2101 3472 quinque,

553 3489 712 3558 idque
747 3489 1100 3560 229-231
1133 3506 1277 3544 anno
1308 3491 1454 3560 regni
1490 3491 1666 3555 Peliae,
1697 3493 1837 3564 regis
1862 3494 2099 3556 lsraelis.

542 3579 802 3634 secundo.
840 3578 970 3649 Ejus
1012 3591 1255 3649 tetnpore
1291 3583 1686 3650 prephetaruut
1719 3585 1903 3649 Isaias,
1931 3585 2102 3640 Micha

541 3672 855 3736 Morasltita,
889 3683 942 3724 et
967 3672 1084 3728 Jocl
1110 3674 1403 3728 Phanuelis
1429 3675 1603 3728 lilius.
1632 3675 1894 3745 Egressus
1918 3688 2099 3732 autem

541 3764 717 3836 Tiglat
750 3764 970 3829 Pili-scr,
1007 3782 1098 3820 rex
1134 3767 1304 3820 Musa!
1331 3805 1349 3826 .
1381 3767 1578 3821 multas
1607 3767 1973 3823 lsraehtarum
2008 3786 2102 3823 ur-

541 3857 640 3911 bes
675 3847 941 3920 devictas,
977 3857 1110 3924 ipsis
1146 3858 1389 3911 abstulit.

610 3944 853 4001 Mortuus
904 3943 1120 4002 Jotham
1155 3946 1308 4006 Iuda:
1353 3963 1446 4002 rex
1474 3986 1489 4008 .
1523 3948 1576 4002 in
1622 3949 1840 4003 civitate
1889 3949 2105 4004 Davidis

540 4037 854 4094 Bethlehem
908 4040 1155 4108 sepultus
1190 4048 1308 4105 est;
1359 4040 1714 4110 regnavitque
1763 4051 1882 4109 post
1926 4043 2102 4111 ipsum

539 4129 935 4201 Hierosolymis
963 4132 1014 4183 in
1041 4130 1231 4185 ludam
1267 4147 1440 4186 annos
1465 4131 1741 4187 sexdecim
1772 4133 1913 4188 filius
1939 4135 2110 4204 ipsius

541 4224 722 4278 Aehaz
750 4239 926 4278 annos
963 4234 1124 4279 natus
1151 4225 1338 4294 viginti
1366 4242 1381 4278 :
1412 4224 1574 4292 idque
1604 4225 1754 4292 regni
1783 4225 1942 4279 Pekte
1970 4227 2108 4294 regis

2201 3049 2430 3118 posteris
2476 3049 2706 3102 Aarouis
2754 3044 3074 3111 constituto,
3105 3043 3190 3100 cui
3231 3039 3584 3112 233-235
3615 3038 3755 3107 regis

2202 3141 2415 3196 titulum
2453 3138 2783 3195 indiderunt.

2273 3231 2458 3301 Regno
2483 3242 2664 3286 autem
2695 3231 2872 3299 potito
2904 3228 3103 3283 Ezekia
3150 3227 3300 3281 .ludte
3329 3240 3455 3290 rege
3490 3225 3542 3277 iu
3577 3238 3762 3279 omnis

2205 3323 2496 3385 lsraclitas,
2528 3330 2584 3378 et
2610 3322 2702 3392 qui
2733 3338 2796 3376 ex
2829 3322 2961 3389 ipsis
2987 3319 3178 3389 reliqui
3204 3328 3386 3373 essent
3414 3318 3465 3369 iu
3491 3315 3758 3374 Samaria,

2205 3415 2343 3471 idola
2376 3413 2779 3485 confregerunt,
2804 3422 3121 3481 statuasque
3151 3419 3473 3464 atnovcruttt
3493 3422 3641 3468 :«nec
3661 3421 3760 3459 non

2211 3517 2515 3576 serpentem
2565 3521 2774 3560 aeneum
2803 3544 2817 3567 ,
2861 3519 3018 3578 quem
3061 3502 3256 3564 Moses,
3285 3519 3336 3558 ι’.
3373 3518 3424 3570 p.
3455 3503 3508 3554 in
3542 3501 3761 3554 deserto

2207 3597 2424 3661 fecerat,
2456 3611 2728 3666 quemque
2775 3597 2903 3650 illud
2948 3610 3118 3664 usque
3149 3605 3358 3660 tempus
3390 3609 3494 3647 non
3523 3595 3762 3648 destitiso

2207 3702 2326 3743 sent
2358 3688 2618 3743 Israelita:
2652 3687 2827 3756 magni
2871 3687 3047 3741 facere
3077 3697 3129 3740 et
3173 3686 3373 3747 colere,
3425 3686 3762 3738 comminuit.

2209 3777 2403 3842 Tribus
2428 3778 2590 3831 etiam
2622 3777 2951 3843 alienigenas
2981 3773 3340 3845 oppugnatas,
3367 3773 3570 3828 Gazam
3601 3789 3763 3841 usque.

2207 3879 2262 3924 et
2312 3869 2496 3924 urbem
2533 3867 2791 3941 Raphaeh
2838 3863 3061 3936 fugarit.
3101 3864 3240 3919 Misit
3278 3865 3441 3918 etiam
3482 3863 3546 3917 ad
3600 3873 3762 3917 tomm

2211 3959 2599 4018 lsraelitarum.
2625 3961 2714 4027 qui
2743 3957 3004 4013 ditionem
3122 3955 3513 4018 Samariticam,
3539 3965 3762 4010 terram-

2210 4068 2315 4122 que
2340 4050 2493 4106 Judte
2525 4051 2846 4110 incolerent,
2879 4056 3105 4107 castum,
3131 4057 3185 4097 ιιι
3223 4044 3611 4117 Hierosolymis
3644 4061 3764 4100 cono

2210 4146 2487 4199 venientes
2520 4143 2726 4196 Pascha
2762 4141 3118 4195 celebrarent.
3158 4137 3474 4206 Congregati
3507 4153 3642 4208 ergo
3683 4136 3750 4190 illi

2213 4235 2418 4290 Pascha
2457 4234 2847 4304 Hierosolymis
2880 4232 3243 4286 celebrarunt.
3296 4227 3539 4283 Mactavit
3595 4237 3763 4282 autem

543 4315 714 4371 lsrael
751 4316 964 4370 decimo
995 4315 1248 4384 septimo.
1278 4317 1410 4382 Ejus
1443 4323 1685 4384 tempore
1715 4316 2106 4386 prophelaruut
2144 4304 2186 4361 Ῐδ
2221 4325 2413 4379 Ezekia
2453 4324 2608 4378 ,Ιιιὼιι
2655 4337 2744 4376 rex
2791 4307 3051 4391 juvencos
3084 4319 3166 4372 bis
3205 4319 3371 4377 mille,
3404 4315 3644 4386 pecudes
3689 4331 3766 4370 sr-

544 4406 732 4468 lsaias,
794 4404 985 4468 Oscas,
1029 4417 1084 4460 et
1135 4407 1330 4469 Micha,
1368 4407 1729 4475 princepsque
1763 4408 2108 4461 saeerdotmn

541 4508 660 4553 erat
693 4495 841 4552 Uria.
879 4495 1161 4550 Profectus
1205 4505 1385 4550 autem
1437 4497 1604 4550 Belin
1656 4496 1905 4553 Damasci
1964 4513 2056 4552 rex
2089 4539 2104 4564 ,

545 4602 654 4642 uua
680 4603 804 4641 cum
833 4586 1068 4651 Pt’kttlto,
1101 4587 1319 4642 lsraelis
1347 4602 1492 4658 rege,
1520 4585 1884 4660 Hierosolyma
1919 4604 2110 4645 ascen.

546 4678 682 4732 dens
714 4692 832 4731 eam
871 4676 1125 4740 obsedit;
1159 4691 1320 4744 quam
1348 4693 1470 4732 cum
1496 4691 1692 4748 capere
1717 4693 1822 4733 non
1855 4691 2108 4748 possent,

551 4770 753 4824 reversi
785 4768 1296 4836 sunt.VaSIavitque
1327 4766 1513 4830 Belin,
1552 4769 1796 4860 Damgsei
1832 4785 1944 4832 rex,
1981 4769 2108 4822 l.am

552 4860 720 4931 Syriae
752 4859 958 4922 ttrbem,
1004 4859 1056 4912 in
1109 4874 1252 4926 qua,
1300 4858 1550 4914 abductis
1587 4858 1710 4924 inde
1754 4860 1976 4922 ludatis,
2010 4863 2114 4915 Ro-

553 4966 715 5007 maeos
738 4951 803 5003 ad
837 4952 1007 5019 ipsam
1045 4950 1385 5004 incolentium
1421 4950 1634 5016 statuit,
1668 4953 1761 5020 qui
1811 4967 1928 5005 eam
1968 4953 2113 5006 hunc

554 5056 726 5111 usque
767 5041 906 5094 diem
961 5041 1220 5094 incolunt.
1253 5039 1480 5108 Scripsit
1527 5057 1657 5106 ergo
1707 5040 1911 5102 Achaz,
1961 5043 2113 5097 Jutlte

555 5150 670 5204 res,
705 5133 771 5186 ad
804 5132 1293 5185 Salman-ztssaruut
1319 5171 1332 5192 ,
1374 5147 1551 5200 regem
1591 5131 1759 5186 Musa!
1785 5173 1799 5197 ,
1847 5120 2115 5204 opuntiab

562 5225 684 5294 ipso
722 5222 942 5292 petitum
972 5263 986 5286 ,
1017 5225 1183 5277 misso
1217 5223 1281 5275 ad
1335 5220 1512 5291 ipsum
1565 5223 1927 5292 quodcmtque
1956 5228 2070 5279 auri
2098 5268 2112 5290 ,

558 5313 792 5382 argenti,
823 5328 886 5366 ac
921 5327 1249 5381 gemmarum
1284 5312 1335 5366 in
1366 5315 1565 5381 templo
1593 5317 1884 5383 repositum
1922 5315 2112 5370 fuerat.
2146 5381 2163 5401 .

565 5404 645 5461 Ad
681 5421 840 5476 quem
874 5421 1003 5474 ergo
1035 5405 1294 5460 accedens
1335 5421 1456 5459 eum
1489 5408 1818 5460 exercitibus
1864 5409 1977 5460 suis
2029 5423 2115 5459 rex

567 5496 756 5558 Musnl,
795 5497 1109 5552 Damascum
1146 5509 1354 5564 captam
1397 5500 1515 5560 igne
1548 5499 1866 5559 enttthtts~it,
1911 5514 2119 5568 regem-

574 5600 676 5653 qttt‘.
713 5585 882 5652 ipsius
924 5583 1087 5638 lit-zin
1129 5597 1299 5638 Ittnlltt
1341 5586 1537 5638 ;ιΠί“ι;ἱΙ.
1577 5586 1853 5643 Profectus
1880 5600 1955 5640 est
1994 5605 2120 5653 urat)

2221 4416 2360 4485 pties
2394 4415 2576 4478 mille;
2608 4411 2847 4482 praefecti
2877 4413 2994 4480 ejus
3039 4411 3300 4477 iuvencos
3346 4407 3510 4466 mille,
3546 4407 3768 4474 [\I‘Clltit's

2218 4507 2400 4563 decies
2435 4507 2599 4569 mille,
2634 4504 2941 4570 festumque
2979 4502 3259 4570 pulchrum
3282 4506 3347 4552 ’et
3378 4499 3661 4564 cepiosum
3691 4512 3766 4549 cc-

2217 4600 2514 4655 lebrarunt.
2537 4595 2703 4648 Porro
2726 4608 2865 4648 anno
2889 4594 3035 4660 regni
3068 4590 3276 4645 Ezekite
3315 4589 3456 4656 regis
3487 4587 3662 4649 Judee,
3686 4585 3768 4640 dr-

2219 4689 2358 4742 cimo
2375 4699 2588 4751 quarto,
2611 4701 2731 4738 eum
2758 4684 3057 4738 ascendens
3094 4680 3462 4735 Seunacherih
3481 4694 3572 4732 rex
3600 4675 3758 4731 Musa!

2217 4776 2701 4843 interramdudze,
2751 4775 2945 4828 multas
2982 4773 3102 4840 ejus
3135 4772 3296 4825 urbes
3324 4770 3585 4838 cepisset,
3626 4777 3762 4820 metu

2216 4870 2336 4938 ejus
2368 4867 2652 4936 perculsus
2687 4864 2912 4919 Ezekias
2953 4861 3106 4917 Judte
3129 4876 3244 4923 rex,
3275 4859 3423 4912 misit
3479 4858 3542 4912 ad
3583 4862 3764 4928 ipsum,

2219 4957 2470 5014 Lacltishi
2501 4967 2612 5010 tum
2641 4963 2942 5007 manentem
2969 4947 3226 5022 [dicens],
3250 4949 3619 5017 quodcunque
3652 4950 3766 4998 mihi

2221 5031 2571 5114 imposueris,
2593 5059 2692 5107 ego
2744 5044 2796 5096 in
2828 5058 2910 5096 me
2947 5043 3038 5094 tibi
3072 5039 3432 5107 pra-standum
3463 5039 3764 5108 suscipiam,

2223 5137 2384 5192 modo
2411 5154 2439 5189 a
2467 5153 2549 5190 me
2579 5135 2819 5188 rt-cedas.
2855 5132 3085 5200 Scripsit
3110 5146 3238 5197 ergo
3269 5129 3335 5182 ad
3370 5129 3544 5196 ipsum
3577 5129 3767 5181 Semia-

2218 5230 2429 5291 cln-rib,
2457 5243 2543 5281 rex
2569 5227 2759 5280 Musal:
2784 5223 2907 5285 Fac,
2929 5223 3055 5278 tnihi
3079 5222 3194 5276 auri
3214 5221 3408 5276 talenta
3431 5231 3771 5280 treCenta,ar-

2222 5320 2364 5388 genti
2389 5330 2469 5372 ter
2489 5319 2631 5370 mille
2648 5317 2840 5370 afferas
2865 5332 2878 5369 :
2905 5315 3096 5369 obtulit
3122 5330 3248 5383 ergo
3267 5313 3365 5380 ipsi
3387 5312 3579 5366 Ezekia
3612 5313 3767 5380 quod-

2226 5427 2439 5479 cunque
2467 5412 2519 5462 in
2557 5411 2751 5479 templo
2787 5407 2890 5461 fuit
2921 5409 3032 5459 auri
3057 5406 3218 5476 236
3241 5414 3398 5473 atque
3429 5408 3657 5472 argenti,
3687 5419 3766 5455 nec.

2227 5517 2329 5552 non
2366 5509 2548 5568 portas
2580 5498 2759 5564 templi
2780 5512 2970 5550 aureas
2994 5494 3300 5548 confractus
3323 5493 3386 5546 ad
3409 5493 3584 5561 ipsum
3616 5493 3760 5543 misit.

2230 5589 2265 5639 li
2287 5591 2420 5641 »ιΙςνιιι
2455 5601 2628 5642 att'cm
2669 5597 2825 5640 nocte
2853 5586 3040 5635 olmrto
3079 5585 3128 5634 in
3161 5583 3397 5638 exercitu
3431 5580 3762 5636 Senaeheribl
