3950 6348
260 273 358 339 961

1668 281 2036 343 ANNAIES.

3352 262 3464 339 962'

274 393 596 463 regisllusal
615 407 851 456 rumore,
876 392 1100 461 aliisque
1126 392 1259 445 alios
1288 393 1609 448 ca~deutibns
1632 410 1813 465 egres-
1840 401 1883 457 Α
1919 396 2040 462 igne
2073 393 2406 457 eomhnssit;
2453 392 2649 446 occisis
2688 391 2904 456 insuper
2941 397 2990 443 et
3037 392 3155 459 igne
3202 390 3449 441 tre-matis

256 499 349 540 sus
384 482 624 547 Exekias,
655 498 742 537 rex
782 480 953 544 Judze,
993 481 1257 535 interfecit
1302 494 1364 535 ex
1394 481 1524 551 ipsis
1561 482 1796 538 virorum

255 572 460 629 centies
508 569 749 633 ortogies
782 568 1069 637 quinquies
1125 567 1287 620 mille.
1334 567 1790 640 Sennacheribum

255 674 383 715 vero
417 674 591 730 regem
626 657 815 722 Musal,
848 672 972 712 cum
1013 655 1236 727 fugisset
1267 654 1524 721 Nineven,
1560 658 1651 712 lilii
1682 659 1798 726 ejus

255 752 385 813 duo.
418 750 846 819 quorumalteri
894 762 1088 801 nomen
1132 748 1307 802 Anzar
1352 748 1560 801 Malach
1586 790 1601 810 ,
1641 750 1795 803 alteri

257 840 502 905 Sareser,
540 840 592 893 in
628 840 804 907 ipsum
838 838 1121 900 irruentes.
1151 838 1328 907 gladio
1368 839 1795 913 interfecerunt;

231 932 443 986 deinde
489 933 540 984 in
573 940 768 983 terram
817 926 1029 1001 Korda,
1054 944 1172 997 qua:
1198 937 1281 982 eat
1320 936 1461 983 terra
1500 927 1812 1009 AI-Musal,‘

255 1022 529 1090 fugerunt.
558 1019 666 1073 Iste
699 1017 888 1073 biseltia
919 1033 1010 1072 rex
1030 1056 1046 1081 ,
1093 1018 1180 1073 ille
1231 1028 1346 1073 erat
1373 1018 1530 1087 cujus
1555 1020 1674 1072 vita:
1706 1019 1798 1070 ad-

256 1110 391 1164 didit
424 1107 681 1167 Dominus
716 1121 886 1161 annos
920 1106 1223 1176 quindecim
1252 1145 1267 1169 ,
1316 1105 1461 1173 quod
1486 1146 1501 1170 ,
1553 1105 1795 1167 scilicet,

221 1210 230 1215 '
263 1198 561 1268 propinqua
595 1181 762 1253 morte
791 1204 912 1250 cum
948 1196 1129 1250 nullns
1156 1195 1257 1263 ipsi
1294 1196 1435 1256 Illius
1464 1202 1635 1259 esset,
1661 1208 1795 1247 con-

257 1296 413 1342 versa
447 1290 702 1358 parietem
750 1285 890 1361 facie
920 1302 1103 1341 amare
1137 1285 1287 1339 ﬂeret
1314 1300 1496 1339 coram
1518 1305 1524 1309 ν
1548 1283 1794 1350 Domino.

240 1376 503 1435 "Miserius
521 1394 647 1463 ergo
672 1378 843 1447 ipsius
869 1376 1127 1431 Dominus
1145 1368 1614 1441 clementisiimus,
1627 1377 1799 1431 misso

255 1468 737 1538 adipsum'angelo,
778 1466 963 1522 notum
994 1467 1093 1537 ipsi
1125 1465 1247 1521 fecit
1276 1483 1335 1522 se
1368 1467 1673 1535 quindecim
1702 1482 1797 1519 an-

255 1572 355 1612 nos
387 1558 507 1611 vitae
532 1556 702 1625 ipsius
737 1556 1013 1624 adiecisse.
1044 1554 1213 1608 Natus
1241 1564 1323 1608 est
1346 1569 1471 1623 ergo
1516 1554 1617 1622 ipsi
1660 1554 1796 1609 filius

249 1664 406 1717 quem
434 1649 727 1701 Manassem
751 1647 1053 1714 appellavit.
1088 1644 1275 1713 Porro,
1311 1646 1505 1698 dicitur
1530 1645 1678 1699 illum
1706 1646 1793 1713 qui

1908 482 2178 534 idolorum
2224 481 2622 543 sacerdotibus,
2668 496 2904 537 necnon
2947 495 3070 535 ossa
3118 488 3447 533 mortuorum

1903 572 1993 638 qui
2066 570 2201 623 idola
2261 564 2546 624 coluerau't
2616 572 2841 633 collecta
2909 569 3137 624 ﬂammis
3200 566 3445 622 tradidit.

1902 658 2073 711 Porro
2106 673 2248 712 anno
2281 661 2429 727 regni
2452 658 2545 721 sui
2577 658 2792 711 decimo
2836 666 3026 711 octavo
3068 657 3274 711 Pascha
3302 656 3451 711 cele-

1910 747 2082 801 bravit
2110 749 2268 815 quale
2297 762 2454 802 nemo
2486 763 2716 816 unquam
2748 746 3115 800 celebraverat
3148 762 3176 800 a
3209 756 3446 813 tempore

1898 836 2061 891 Josue
2094 836 2183 890 lilii
2215 836 2355 893 Non.
2395 837 2659 891 Sacerdos
2693 846 2821 889 tunc
2852 846 2970 890 erat
3006 836 3178 889 Hilkia
3208 836 3450 889 Ieremia:

1900 924 2173 993 prophetae
2212 910 2394 993 pater;
2434 926 2545 993 qui,
2579 935 2789 989 reperto
2812 927 2862 977 in
2894 926 3091 993 templo
3119 925 3253 977 libro
3286 926 3436 992 legis,

1902 1030 2023 1069 cum
2088 1014 2238 1067 illum
2295 1015 2545 1084 legisset,
2607 1014 2806 1068 Pascha
2853 1017 3006 1084 juxta
3056 1015 3199 1086 quod
3258 1016 3310 1067 iu
3359 1014 3453 1067 illo

1832 1105 1870 1136 Ἀ
1902 1103 2217 1176 [scriptum]
2261 1118 2397 1165 erat,
2439 1106 2689 1159 instituit.
2738 1104 2851 1161 Sub
2885 1109 3013 1178 ipso
3059 1107 3451 1175 prolihetarunt

1907 1192 2110 1248 Chalda
2144 1210 2281 1247 uxor
2314 1195 2440 1249 Salu
2501 1195 2780 1250 icustbdis
2808 1197 3036 1249 vestium
3064 1197 3274 1261 templi,
3303 1194 3453 1248 Jerc—

1901 1284 2038 1339 iuius
2097 1292 2150 1338 ct
2200 1283 2507 1353 Soplionias
2566 1286 2890 1355 prophetae:
2947 1283 3447 1357 Jeremiasautem

1898 1382 2180 1443 acceptam
2232 1389 2412 1428 arcam
2452 1374 2506 1429 in
2561 1376 2736 1429 media
2789 1384 2939 1444 petra
2989 1375 3312 1429 abscondit:
3350 1375 3451 1427 fuit

1896 1466 2061 1520 etiam
2087 1466 2158 1519 ibi
2192 1466 2661 1536 pseudopropheta
2691 1467 2909 1534 quidam
2941 1467 3158 1519 nomine
3184 1464 3446 1517 llanania.

1897 1554 2167 1625 Tempore
2219 1555 2383 1611 Josiae
2439 1557 2582 1624 regis
2635 1555 2788 1609 Jndze
2847 1557 3149 1610 ascendens
3202 1554 3445 1609 Pharaoh

1897 1644 2050 1698 Nalm
2081 1649 2244 1713 (quod
2265 1654 2348 1699 est
2366 1642 2631 1713 Claudiis)
2658 1641 2872 1717 Egyp'ti
2904 1663 3015 1709 rex,
3046 1658 3234 1700 contra
3270 1661 3445 1713 regem

248 1738 349 1806 ipsi
379 1753 407 1790 a
438 1736 547 1789 Deo
563 1736 757 1789 dixerit
782 1754 797 1789 :
824 1735 1207 1790 Addidit—Deus
1234 1735 1353 1789 vita:
1384 1735 1800 1804 tuaequiudecim
1837 1731 1873 1784 Β
1906 1731 2108 1796 Musal,
2168 1733 2318 1789 illum
2365 1736 2503 1788 bello
2558 1735 2869 1790 lacessitum
2919 1746 3339 1805 snperatnmque
3391 1738 3445 1789 in

247 1841 439 1887 attnos,
470 1824 633 1879 luisse
658 1823 843 1878 lsaiam
876 1810 1215 1894 prophetam;
1264 1833 1425 1894 atque
1458 1826 1557 1883 hoc
1605 1840 1787 1877 verum

232 1914 353 1983 ,est.
385 1913 643 1984 Regnavit
673 1901 849 1967 autem
895 1914 949 1967 in
981 1910 1149 1966 Ilusal
1199 1912 1370 1966 lt‘ilius
1405 1911 1793 1966 Seunacherihi

244 2007 459 2062 nomine
506 2004 872 2060 Asarhaddon.
908 2003 1172 2073 Tempore
1202 2001 1602 2057 antemEzekia:
1652 2003 1793 2073 regis

197 2109 204 2115 '
241 2095 411 2160 ιιιηιαι,
441 2095 718 2165 imperavit
746 2089 999 2148 Runtanis
1029 2109 1120 2153 rex
1165 2093 1383 2148 nomine
1412 2090 1675 2155 Βοηκιιυε,
1703 2094 1791 2162 qui

243 2187 428 2240 urbem
456 2167 715 2240 condens:
741 2183 840 2253 ipsi
872 2184 1093 2237 Romam
1138 2182 1498 2251 appellatione
1520 2196 1549 2234 a
1578 2183 1793 2236 nomine

242 2291 341 2333 suo
390 2277 700 2345 desumpta,
733 2289 925 2329 nomen
971 2273 1251 2343 imposuit;
1295 2272 1364 2328 ab
1403 2272 1589 2328 eodem
1631 2274 1789 2328 etiam

239 2369 563 2423 denominati
592 2375 718 2423 sunt
746 2364 1099 2436 237-239
1125 2364 1349 2419 Romani
1375 2372 1391 2416 ξ
1417 2365 1485 2419 ab
1516 2379 1581 2418 eo
1615 2380 1784 2434 usque

240 2460 479 2528 tempore.
522 2458 652 2513 urbs
680 2444 869 2522 Roma
914 2457 1064 2526 regni
1120 2453 1324 2527 [caput]
1361 2454 1481 2509 fuit.
1526 2454 1789 2527 Regnavit

221 2554 416 2604 ‘antem
447 2548 693 2603 Bouueus
728 2562 896 2602 annos
923 2547 1136 2616 triginta
1161 2556 1300 2601 octo.
1338 2612 1341 2613 ν

309 2639 548 2695 Mortuus
604 2649 781 2692 autem
852 2636 1043 2690 Ezekia
1131 2634 1283 2691 Iuda:
1340 2620 1435 2691 rex
1512 2634 1565 2688 in
1627 2635 1787 2690 domo

231 2729 458 2797 Davidls
489 2731 733 2799 sepultus
760 2736 862 2782 est.
892 2726 1023 2782 Post
1060 2728 1237 2797 ipsum
1286 2725 1680 2795 Hierosolymis
1729 2729 1782 2779 iu

238 2820 432 2877 Judam
463 2826 704 2892 regnavit
749 2819 889 2873 lilins
913 2818 1102 2887 ipsius
1139 2815 1391 2872 Manasse
1421 2832 1593 2895 annos
1624 2818 1785 2888 quin-

233 2913 489 2983 quaginta
537 2909 817 2980 quinque,
869 2923 1041 2963 annos
1091 2916 1252 2960 natus
1305 2906 1628 2973 duodecim;
1687 2906 1779 2976 qui

233 3004 394 3058 tertio
444 3000 591 3071 regni
628 3003 712 3055 sui
755 3013 897 3053 anno
951 2984 1091 3052 idola
1139 2988 1409 3060 confecit,
1447 2995 1511 3050 ad
1546 3010 1777 3065 quarunt

1896 1822 2076 1891 fugam
2109 1823 2258 1877 dedit
2280 1861 2293 1885 ,
2328 1823 2863 1893 doncc'Eupbratem
2911 1826 3216 1895 perveniret
3245 1845 3257 1880 :
3292 1823 3481 1879 cum;

1894 1928 1999 1979 que
2046 1913 2240 1967 rediret
2287 1911 2444 1984 251
2464 1913 2655 1985 αξη
2686 1914 2897 1967 obviam
2925 1914 3022 1983 ipsi
3058 1915 3332 1984 profectus
3363 1924 3449 1969 est.

1891 2001 2037 2057 Josia
2083 2020 2173 2057 rex
2226 2001 2378 2058 Judai
2420 2005 2610 2060 multis
2656 2021 2777 2058 cum
2836 2006 3183 2067 muneribus,
3234 2016 3286 2059 at
3334 2006 3447 2075 ipse

1894 2094 2070 2148 visum
2123 2110 2245 2148 enm
2304 2094 2612 2159 interfecit,
2664 2110 2822 2163 quem
2875 2111 3004 2166 ergo
3052 2106 3379 2165 reportatum
3414 2112 3443 2150 a

1891 2184 2137 2255 Megiddo
2169 2187 2309 2257 (qua!
2339 2184 2550 2241 Menbai
2586 2186 2703 2255 ζεει)
2736 2186 3128 2257 Hierosolyma,
3162 2188 3231 2240 ibi
3270 2187 3443 2255 ipsum

1872 2277 2231 2345 sepelierunt
2283 2274 2427 2332 servi
2485 2279 2697 2346 ipsius,
2756 2292 2928 2332 annos
2982 2285 3166 2331 natum
3228 2277 3441 2346 triginta

1895 2385 2112 2424 novem.
2140 2369 2268 2423 Post
2300 2369 2475 2438 ipsum
2508 2366 2901 2436 Hierosolymis
2934 2369 2986 2421 in
3021 2366 3214 2420 Judam
3246 2383 3441 2436 regna-

1891 2462 1966 2514 vit
1998 2460 2176 2514 tribus
2199 2460 2478 2513 mensibus
2500 2458 2642 2512 Illius
2664 2459 2833 2527 ipsius
2857 2458 3075 2517 Jochaz.
3099 2473 3265 2513 annos
3288 2467 3444 2512 natus

1890 2550 2081 2620 viginti
2122 2560 2257 2604 tres.
2288 2550 2604 2604 Ascendens
2632 2561 2809 2603 autem
2842 2547 3089 2603 Pbaraob
3128 2548 3275 2602 Nahn
3312 2549 3441 2604 Ilie-

1887 2641 2162 2711 rosolyma
2182 2638 2480 2693 Jochazum
2507 2638 2663 2692 Juda:
2690 2655 2865 2707 regem
2889 2648 3103 2708 captum
3129 2649 3175 2693 et
3204 2642 3443 2696 vinctum

1886 2743 1990 2782 una
2022 2744 2144 2782 rum
2178 2729 2489 2783 Jndaeorum
2532 2730 2881 2782 tuultitudiuc
2920 2728 3211 2800 Egyptum
3245 2732 3440 2803 depor-

1886 2820 2039 2874 tavit.
2078 2820 2338 2889 Imposuit
2377 2822 2541 2874 etiam
2573 2819 2822 2883 Pharaoh
2864 2820 3013 2874 Nahu
3050 2824 3313 2877 ouinibns
3345 2826 3439 2892 qui

1885 2908 2274 2981 Hierosolymis
2306 2919 2461 2963 erant
2497 2910 2784 2973 tributum,
2807 2912 2948 2979 quod
2982 2912 3115 2979 ipsis
3144 2913 3248 2967 sibi
3282 2926 3441 2983 quot-

1885 3001 2041 3054 annis
2103 2999 2436 3054 nli'erendum
2483 2999 2758 3066 injumtit.
2800 3001 2916 3052 auri
2962 2996 3172 3053 talenta‘
3200 3011 3436 3065 centum,

230 3090 438 3151 éultum
491 3061 768 3147 lvsraelitas
819 3091 1032 3159 adegit,
1076 3089 1148 3142 ob
1189 3086 1336 3157 quod
1364 3101 1503 3143 cum
1540 3061 1608 3141 ab
1642 3082 1779 3140 Isaia
1807 3061 1849 3117 θ
1882 3098 1935 3144 et
1960 3090 2166 3161 a’rgeuti
2187 3092 2433 3144 totidem.
2460 3061 2726 3143 Deindeiu
2743 3088 3028 3159 Egyptian
3054 3107 3300 3145 reversus
3330 3061 3439 3153 est,
3518 3150 3522 3159 ,

232 3186 494 3255 propheta
532 3182 845 3251 increpatus
884 3188 1050 3243 esset,
1083 3180 1256 3247 ipsum
1290 3175 1635 3230 interfectum
1669 3189 1783 3229 ser-

232 3288 400 3342 raquc
437 3270 671 3325 medium
718 3271 860 3323 inter
899 3268 1036 3321 duos
1064 3281 1277 3321 asseres
1319 3264 1615 3319 dissectum
1658 3266 1781 3335 igne
1824 3304 1833 3325 χ

230 3363 560 3418 combussit.
595 3359 788 3415 Fertur
821 3368 1002 3412 autem
1036 3356 1208 3423 Isaiae,
1239 3371 1361 3410 cum
1378 3359 1516 3408 'aute
1552 3367 1775 3409 mortem

230 3457 425 3511 sitiens
456 3451 744 3506 Dominum
792 3451 1117 3512 invocasset,
1164 3458 1406 3517 apertmn
1454 3448 1619 3500 fuisse
1653 3447 1772 3501 fou-

231 3556 336 3599 tcm
383 3558 414 3598 e
443 3558 549 3611 quo
595 3540 758 3604 bibit;
812 3545 1001 3607 estque
1052 3536 1139 3590 ille
1183 3534 1305 3588 fons
1349 3533 1586 3598 Silvvan,
1618 3533 1774 3600 cujus

233 3633 467 3688 σοοιιιὶιιίε
493 3628 1000 3699 interpretatio'est,
1030 3624 1212 3679 Missa.
1246 3623 1440 3678 Fertur
1464 3625 1624 3677 etiam
1651 3637 1773 3677 cum

224 3728 416 3794 postea
456 3728 641 3791 gentes
689 3716 1054 3787 Hierosolyma
1091 3715 1406 3777 incolerent,
1439 3715 1772 3779 exsiccatum

226 3829 348 3867 esse
376 3812 573 3866 fontem
609 3800 795 3875 illum;
830 3816 884 3861 at
906 3823 1027 3861 cum
1058 3806 1337 3869 Israelitm,
1368 3819 1508 3873 aqua
1532 3802 1773 3859 littvisse.

223 3904 515 3960 Coluernnt
568 3911 745 3955 autem
796 3898 1051 3953 Israelitre
1106 3890 1249 3949 idola
1297 3897 1454 3949 annis
1506 3895 1773 3964 quinqua-

225 3996 369 4066 ginta
402 4003 651 4069 quatuor.
690 3989 890 4045 Deinde
922 3976 1132 4043 Babelis
1170 3980 1261 4041 rex
1300 3998 1513 4056 captum
1555 3982 1805 4059 διέλειπε-ς

223 4080 511 4142 εοιιᾨιυὰω
548 4098 725 4155 regem
760 4082 913 4136 vituli
941 4081 1087 4142 aerei,
1122 4079 1206 4131 cui
1246 4080 1423 4146 ignem
1460 4076 1767 4145 supposuit,

223 4178 345 4230 alvo
372 4176 607 4229 inclusit.
634 4174 818 4227 Oranti
847 4172 1008 4241 igitur
1034 4168 1277 4262 hiatiasse
1308 4166 1460 4221 Judau
1494 4169 1601 4236 regi
1639 4166 1765 4219 dum

224 4270 279 4321 in
313 4267 588 4321 simulacri
624 4266 744 4318 alvo
771 4257 1090 4325 exsisteret]
1126 4270 1183 4313 ct
1212 4260 1283 4313 ob
1319 4276 1379 4312 ea
1412 4273 1532 4326 qua:
1566 4257 1767 4311 fecerat

1950 3181 2163 3236 Mortuo
2212 3182 2390 3236 autem
2426 3181 2666 3247 .lorbazo
2708 3181 2875 3236 ludar
2912 3198 3038 3249 rege
3085 3184 3138 3236 in
3180 3181 3437 3255 Egypto,

1880 3274 2125 3343 regnavit
2164 3282 2283 3341 post
2313 3274 2486 3339 ipsum
2524 3272 2915 3343 Hierosolymis
2952 3274 3002 3326 in
3027 3270 3223 3326 ludam
3265 3273 3435 3329 unde-

1881 3366 1986 3419 cint
2040 3378 2217 3419 annos
2264 3363 2494 3418 Eliakim
2541 3363 2707 3418 Josia
2762 3364 2903 3419 filius
2949 3365 3075 3437 (qui
3125 3374 3181 3419 ct
3227 3365 3433 3420 Joaliim

1877 3457 2062 3511 dictus
2110 3456 2231 3514 est)
2272 3470 2459 3508 .annos
2511 3463 2672 3508 natus
2721 3454 2908 3523 viginti
2972 3456 3233 3524 quinque.
3305 3457 3436 3521 Ejus

1876 3550 2117 3609 tempore
2173 3544 2569 3611 prophetarunt
2622 3540 2886 3596 Jeremias
2944 3545 3244 3613 propheta,
3302 3542 3431 3600 Uria

1875 3629 2105 3686 Semaiaa
2150 3631 2294 3685 filius
2338 3644 2401 3684 ex
2428 3629 2629 3700 oppido
2654 3630 2865 3694 Aauah,
2904 3640 2957 3684 et
3002 3630 3125 3685 ani
3173 3632 3435 3686 Ezskielis

1873 3729 2046 3791 pater.
2074 3719 2314 3775 l’ortavit
2346 3730 2524 3775 autem
2553 3719 2764 3785 Joakim
2799 3719 2951 3775 Jndee
2988 3722 3104 3795 rex,
3142 3724 3430 3792 quotannis

1873 3813 1938 3867 ad
1970 3812 2305 3867 Pharaonem
2342 3812 2495 3866 Nahu
2535 3812 2754 3883 Egypti
2798 3828 3001 3881 regem,
3039 3828 3134 3881 pro
3160 3829 3217 3869 se
3246 3823 3298 3867 et
3335 3830 3435 3884 pro

1858 3904 2092 3973 regione
2124 3918 2219 3959 sua
2241 3944 2257 3968 ,
2304 3903 2357 3956 in
2401 3905 2662 3955 tributum
2711 3911 2927 3957 centum
2962 3905 3079 3957 auri
3118 3920 3178 3958 ac
3208 3904 3430 3958 totidem

1870 3994 2079 4062 argenti
2116 3993 2341 4046 talenta.
2375 3994 2747 4053 Annoautcm
2774 4004 2973 4063 quarto
3008 3995 3156 4059 regni
3194 3992 3426 4049 Joakimi

1870 4081 2011 4150 regis
2048 4079 2204 4135 ludar
2226 4083 2527 4148 imperavit
2571 4081 2969 4146 Bochtanasser
3000 4082 3205 4149 llabeli,
3238 4086 3346 4147 cui,
3377 4092 3430 4137 ct

1868 4172 1973 4225 sub
2019 4172 2156 4239 ipso,
2209 4171 2587 4241 Hierosolyma
2635 4172 2943 4225 ascendenti
2993 4173 3205 4227 obviam
3255 4173 3431 4227 factus

1866 4259 2077 4315 Joakim
2100 4260 2262 4333 .iudaa
2292 4278 2407 4327 rex,
2440 4262 2541 4341 ipsi
2581 4262 2753 4316 instar
2786 4265 2927 4318 servi
2956 4262 3130 4318 factus
3156 4263 3317 4335 244
3346 4275 3428 4317 est

221 4361 589 4430 [mouentium
634 4358 810 4425 agenti
854 4371 1143 4425 precesque
1190 4356 1253 4407 ad
1300 4354 1583 4408 Dominum
1629 4352 1763 4406 fun-
1797 4378 1838 4432 υ
1870 4354 1935 4406 ad
1996 4353 2314 4407 triennium.
2377 4352 2647 4406 Reversus
2706 4364 2789 4406 cst
2848 4368 2977 4422 ergo
3012 4355 3424 4411 .Bochtanasser

218 4450 389 4513 denti,
422 4464 544 4501 cum
578 4458 857 4517 peccatqu
900 4447 988 4499 illo
1025 4445 1348 4509 remisisset,
1374 4453 1426 4497 et
1461 4445 1633 4514 ipsius
1664 4445 1763 4497 mi-

218 4552 398 4595 sertus
448 4551 626 4604 esset,
678 4538 953 4605 diruptum
1011 4544 1095 4591 est
1148 4538 1534 4601 simulacrum,
1585 4536 1657 4589 ita
1707 4545 1789 4598 ut,

213 4631 426 4694 exiret;
470 4631 721 4696 misitque
750 4624 1011 4679 Dominus
1046 4626 1147 4694 ipsi
1187 4627 1431 4695 angelum
1465 4625 1554 4691 qui
1583 4625 1763 4680 subla-

215 4730 334 4775 tum
370 4718 739 4788 Hierosolyma
789 4716 1103 4784 reportavit.
1147 4714 1390 4768 Mortuus
1429 4723 1606 4769 autem
1633 4714 1763 4767 ’Μει-

215 4820 378 4858 nasse
409 4805 459 4856 in
502 4805 654 4856 horto
688 4801 847 4872 249
881 4802 1035 4855 Uzzae
1070 4802 1314 4869 sepultus
1345 4812 1457 4868 est;
1494 4804 1765 4871 regnavit-

213 4910 323 4962 quc
354 4904 470 4963 pest
504 4894 679 4960 ipsum
720 4892 938 4945 biennio
975 4894 1113 4945 hlius
1142 4894 1313 4959 ipsius
1344 4894 1552 4959 Amou;
1591 4908 1761 4947 annos

214 4996 379 5039 natus
432 4984 617 5052 viginti
648 4983 805 5047 duos,
839 4982 928 5049 qui
974 4983 1025 5034 in
1068 4981 1311 5036 colendis
1351 4983 1504 5037 idolis
1554 4992 1758 5051 patrem

209 5090 375 5130 suum
406 5076 645 5127 imitatus
674 5082 777 5127 est.
810 5071 963 5125 illum
997 5083 1174 5125 autem
1212 5072 1385 5125 adorti
1419 5072 1560 5124 servi
1592 5073 1761 5140 ipsius

208 5166 360 5222 domi
397 5181 505 5219 sua:
539 5154 708 5218 morte
739 5163 988 5217 alIectmn
1025 5178 1147 5215 cum
1185 5175 1333 5229 patre
1374 5177 1474 5215 suo
1515 5164 1566 5214 in
1604 5160 1758 5217 Uzzc

209 5256 376 5311 horto
406 5255 767 5324 sepelierunt;
799 5262 1057 5319 regnante
1086 5265 1208 5320 p05t
1239 5254 1412 5320 ipsum
1452 5250 1760 5324 Hierosoly-

209 5348 320 5400 mis
370 5350 420 5399 in
464 5345 692 5409 ludam,
738 5359 909 5398 annos
955 5344 1171 5413 triginta
1220 5358 1382 5395 unum
1434 5342 1542 5395 lilio
1589 5344 1757 5412 ipsius

205 5436 396 5501 .Iosia,
436 5437 673 5490 octenui.
713 5437 802 5490 llle
832 5447 1007 5491 autem
1039 5449 1182 5487 anno
1216 5435 1365 5502 regni
1400 5436 1483 5489 sui
1517 5435 1756 5488 secundo

206 5526 353 5581 idola
413 5525 724 5589 confracta,
782 5526 1079 5592 onmiaqne
1130 5523 1398 5576 idolorum
1448 5526 1645 5593 templa
1700 5526 1753 5579 iu

203 5616 473 5684 Samaria,
505 5632 624 5688 quze
681 5624 1055 5673 exstruxerant
1110 5615 1324 5671 lsraelis
1360 5631 1534 5686 rcges,
1574 5615 1753 5671 diruta

1868 4444 2117 4498 Babelem
2173 4444 2419 4497 mittente
2484 4444 2549 4497 ad
2604 4447 2780 4512 ipsum
2835 4448 3128 4512 quotannis
3183 4446 3425 4504 Joakino

1864 4550 1981 4588 eam
2027 4550 2191 4602 quam
2241 4534 2305 4588 ad
2343 4535 2683 4589 Pharaonem
2729 4534 2881 4587 Nabu
2936 4538 3147 4590 mittere
3197 4540 3421 4602 solebat,

1863 4628 1981 4680 auri
2011 4638 2171 4696 atque
2194 4626 2403 4696 argenti
2432 4641 2697 4679 summam
2722 4644 2736 4690 ;
2770 4628 3055 4695 imperium
3084 4629 3228 4682 enim
3253 4632 3424 4685 tenuit

1864 4712 2265 4769 Bochtanasser
2296 4729 2323 4765 a
2377 4712 2570 4769 Babele
2613 4728 2786 4780 usque
2833 4716 2896 4765 ad
2939 4715 3125 4768 urbem
3174 4714 3419 4784 Rapbak.

1867 4802 2059 4857 Postea
2108 4813 2325 4871 pactum
2374 4803 2586 4873 irritum
2639 4801 2873 4855 reddens
2917 4800 3129 4857 Joakim
3184 4805 3313 4858 nihil
3354 4808 3418 4883 ad

1860 4894 2048 4963 ipsum
2078 4894 2247 4947 misit.
2292 4892 2535 4945 Mortuus
2567 4903 2743 4947 autem
2771 4891 3002 4958 Joakim,
3038 4911 3124 4945 rev
3151 4893 3324 4961 Jmlw,
3364 4897 3415 4950 in

1859 4984 2066 5037 aedibus
2118 4982 2331 5038 Davidis
2408 4984 2655 5053 sepultus
2716 4992 2820 5039 est.
2877 4986 3247 5054 Regnavitque
3298 4986 3417 5056 posl

1858 5071 2034 5141 ipsum
2061 5065 2205 5129 lilius
2232 5074 2403 5143 ipsius
2432 5071 2708 5137 Joachim,
2735 5077 2825 5144 qui
2855 5083 2905 5127 rt
2934 5078 3067 5129 Ahia
3099 5074 3279 5132 ἀιιιιισ
3311 5087 3414 5143 est,

1860 5164 2273 5237 Hierosolymis,
2317 5166 2489 5219 tribus
2526 5166 2825 5227 mensibus,
2857 5183 3029 5219 annos
3069 5177 3227 5221 natus
3260 5180 3415 5223 octo-

1858 5258 2076 5323 decim;
2113 5260 2205 5327 qui
2239 5273 2360 5312 cum
2404 5258 2665 5311 tributum
2706 5274 2812 5313 non
2850 5261 3106 5326 mitteret,
3154 5263 3415 5317 secedens

1858 5348 2255 5403 Bochtanasser
2280 5364 2402 5402 cum
2440 5350 2680 5403 exercitu
2713 5366 2815 5404 suo
2855 5350 3227 5421 Hierosolyma
3259 5356 3413 5409 obse-

1857 5441 1966 5503 dit;
2010 5440 2073 5492 ad
2125 5456 2282 5508 quem
2326 5453 2547 5505 egresso
2604 5437 2882 5493 Joacbimo
2924 5439 3077 5495 .ludze
3124 5460 3265 5511 rege,
3306 5447 3409 5497 un‘a

1856 5544 1975 5581 cum
2012 5540 2204 5590 matre,
2231 5530 2537 5597 sertisque,
2571 5538 2623 5583 ct
2660 5528 3023 5585 Israelitarum
3056 5534 3404 5601 prittcipiltts,

1857 5620 2044 5675 urbem
2071 5620 2120 5674 ei
2143 5628 2511 5690 aperuerunt;
2534 5632 2691 5689 quam
2721 5619 3000 5689 ingressus
3020 5622 3408 5677 Bochtanasser
