3950 6348
587 330 691 392 963

1582 334 1934 394 EUTYCllll
1977 336 2502 396 ALEXANDRINI
2546 339 2764 398 PATR.

3713 91 3904 330 ,η

3683 358 3765 419 εει

591 441 852 510 quidquid
892 442 942 494 in
981 440 1180 508 tenzplo
1211 449 1325 493 crat
1359 453 1574 501 vasum,
1617 442 1761 502 auri,
1799 444 2038 511 argenti,
2070 451 2124 495 ιιι
2162 448 2208 505 Α
2238 443 2512 497 fornacem
2550 448 2690 514 ignis
2735 453 2964 516 conjecti
3010 462 3156 506 sunt.
3195 451 3336 508 Misit
3373 472 3498 510 vero
3539 461 3674 518 limis
3708 470 3764 519 ad

585 547 945 600 genunaruin,
995 545 1230 586 necnon
1270 530 1539 600 quidquid
1586 530 1638 582 in
1687 546 1810 584 arce
1853 533 1995 602 regia
2029 531 2131 584 fuit

585 635 950 686 gemmarum,
981 621 1122 682 auri.
1157 627 1212 673 et
1243 618 1489 688 argenti,
1521 616 1769 672 Babelem
1803 621 2129 688 asportavit;

579 707 887 763 Joakimnin
928 710 1148 780 insuper
1172 708 1322 766 Inda:
1350 726 1528 780 regem
1562 713 1830 776 vinctum,
1865 702 1970 766 una
2003 728 2127 766 eum

582 799 874 852 comitibus
908 799 1076 872 ipsius
1109 801 1311 868 septies
1342 801 1486 855 mille
1511 815 1697 857 secum
1729 801 1980 856 Babelem
2013 812 2126 852 tra-

581 891 754 950 duxit,
791 905 889 944 nec
922 906 1024 944 non
1065 889 1427 945 lsraelitarnm
1467 902 1737 962 quotquot
1762 893 1973 946 viribus
2005 891 2123 960 pol-

583 980 777 1034 lerent.
817 982 959 1035 lnter
988 982 1228 1050 captivos
1257 992 1414 1035 erant
1454 982 1640 1037 Daniel
1666 982 1851 1036 adhuc
1883 997 2038 1052 puer,
2074 991 2128 1033 et

577 1081 687 1126 tres
715 1071 885 1138 pueri,
909 1069 1212 1133 Hananiah,
1239 1071 1430 1124 Azaria
1473 1081 1527 1125 et
1581 1071 1788 1135 Misael,
1811 1075 1901 1140 qui
1936 1073 1986 1125 in
2022 1073 2132 1125 for-

579 1176 766 1215 nacem
807 1161 949 1229 ignis
980 1161 1212 1228 conjeeti
1248 1170 1396 1215 sunt.
1429 1159 1615 1229 Neque
1651 1163 1705 1215 in
1744 1163 1876 1216 urbe
1907 1163 2128 1217 relictus

575 1262 658 1305 est
690 1251 772 1304 vel
806 1265 948 1303 unus
979 1251 1124 1319 quis,
1156 1250 1386 1304 infirmis
1417 1259 1469 1303 et
1502 1252 1830 1320 pauperibus
1858 1253 2121 1314 exceptis.

575 1340 820 1394 Prmfecit
845 1351 1022 1394 autem
1049 1339 1440 1395 Boclttanasser
1461 1341 1871 1411 Hierosolymis,
1896 1341 2125 1397 Joakimi

578 1418 720 1499 regis
762 1430 915 1484 Judze
952 1431 1193 1495 fratrem,
1222 1431 1574 1504 κίε-247
1601 1431 1764 1487 Josiae
1806 1432 1994 1493 lilium,
2025 1445 2125 1485 no-

577 1522 720 1575 mine
745 1520 1057 1583 llataniam,
1081 1535 1241 1590 quem
1271 1521 1556 1576 Zedekiatn
1580 1522 1871 1592 appellavit
1895 1521 2122 1576 Joakimi

573 1614 714 1682 regis
739 1609 895 1665 Iuda:
926 1619 1213 1677 patruum;
1258 1613 1350 1681 qui
1384 1611 1637 1668 undecim
1681 1615 1839 1668 annis
1866 1615 2124 1669 Hieroso.

2238 540 2381 606 ipsos
2417 552 2447 590 e
2491 541 2629 592 cmlo
2677 542 2922 608 angelum
2959 545 3049 611 qui
3083 544 3257 612 ignem
3294 547 3366 599 ita
3401 551 3690 615 exstinxit,
3718 567 3765 608 ut

2237 626 2406 696 frigus
2461 628 2593 696 ipsis
2642 639 2694 681 et
2745 629 3090 688 incolumitas
3135 647 3279 690 esset
3325 652 3340 690 :
3393 640 3537 704 quod
3591 643 3764 698 videns

2234 715 2632 773 Bochtanasser
2673 719 2819 787 ipsos
2846 734 2877 774 e
2909 719 3131 780 fornace
3171 727 3376 791 eduxit,
3413 743 3648 798 cumque
3679 748 3764 786 eos

2231 816 2506 861 scrutatus
2549 809 2753 863 nullum
2785 811 2922 879 ignis
2957 815 3259 882 vestigium,
3293 832 3389 870 nec
3424 803 3644 886 in'ipsis
3669 835 3758 874 nec

2233 896 2284 948 in
2315 897 2550 950 vestibus
2578 898 2815 964 ipsorum
2844 899 3310 966 deprehendisset,
3339 905 3496 958 valde
3527 907 3761 965 miratus.

2232 991 2486 1052 metuque
2531 986 2813 1052 perculsus
2859 986 3206 1073 249:251
3257 992 3400 1059 ipsos
3444 995 3648 1048 honore
3689 997 3762 1049 af-

2229 1073 2435 1137 feclos,
2479 1086 2531 1128 et
2580 1076 2747 1145 gradu
2797 1075 3008 1130 sublimi
3054 1079 3347 1136 collocatos
3402 1087 3672 1153 principes
3715 1089 3760 1140 in

2229 1163 2427 1232 palatio
2471 1179 2572 1218 suo
2618 1167 2923 1220 constituit.
2963 1167 3127 1222 Porro
3172 1185 3312 1224 anno
3339 1184 3457 1241 post
3501 1175 3762 1230 excidium

2231 1253 2724 1323 Hierosolymorum
2747 1266 2958 1326 quarto,
2982 1273 3104 1312 cum
3129 1260 3353 1314 vidisset
3379 1263 3762 1320 Bochtanasser

2228 1345 2537 1409 insomnia,
2624 1349 2964 1416 congregatis
3017 1350 3326 1406 onirocritis
3378 1363 3429 1406 et
3483 1358 3763 1426 astrologis

2226 1434 2392 1488 dixit:
2439 1433 2686 1491 Visiones
2716 1453 2853 1506 quas
2893 1439 2999 1492 vidi
3037 1455 3138 1493 una
3172 1455 3292 1492 cum
3331 1433 3566 1510 ipsarum
3601 1447 3762 1500 inter-

2226 1526 2624 1594 pretationibus
2672 1528 2800 1581 mihi
2853 1531 3132 1585 narretis:
3189 1531 3272 1586 sin
3330 1532 3543 1597 minus,
3594 1538 3764 1605 capite

2224 1631 2320 1670 vos
2368 1616 2616 1685 plectam.
2673 1617 3088 1687 Responderunt
3135 1621 3257 1676 illi:
3313 1621 3427 1677 Non
3475 1635 3557 1678 est
3613 1628 3763 1680 nobis

574 1703 731 1772 lymis
763 1704 1028 1773 regnavit,
1057 1717 1234 1756 annos
1260 1712 1424 1758 natus
1462 1705 1650 1774 viginti
1681 1715 1737 1760 et
1769 1691 1956 1759 unum.
1984 1705 2114 1776 Ejus
2185 1705 2188 1708 ’
2223 1705 2492 1760 visionum
2543 1708 2808 1773 scientia,
2861 1711 2960 1764 nisi
3012 1711 3126 1779 ipse
3176 1712 3334 1767 nobis
3381 1713 3589 1769 indices
3639 1716 3763 1782 quid

574 1805 815 1863 tempore
843 1791 1546 1862 prophetaruntJeremias.
1584 1796 1860 1858 Habacuc.
1883 1806 1936 1852 et
1959 1796 2111 1851 Buzi.
2153 1787 2193 1841 Β
2223 1795 2467 1862 videris,
2536 1808 2596 1852 ιιι
2643 1800 2775 1854 illtid
2840 1801 2934 1855 tibi
2993 1803 3346 1871 explicemus.
3410 1804 3589 1858 iratus
3638 1819 3764 1872 ergo

570 1881 740 1936 Porro
765 1897 909 1936 anno
932 1894 1074 1936 nono
1099 1883 1334 1938 detinuit
1357 1882 1591 1937 Zedeliia
1610 1882 1766 1938 lude
1791 1901 1901 1949 rex,
1929 1901 2118 1940 aurum
2223 1885 2617 1944 Bocbtanasser
2644 1887 2697 1942 in
2729 1891 2907 1944 animo
2930 1890 3274 1946 habuit‘colla
3297 1892 3428 1962 ipsis
3450 1893 3763 1961 praecidi-rc.

570 1982 732 2040 atque
764 1981 1044 2041 argentum
1085 1971 1231 2041 quod
1262 1971 1327 2026 ad
1367 1971 1858 2029 Bochtanasserum
1904 1977 2120 2031 mittere

568 2063 763 2118 solitus
812 2063 1243 2134 fuerat:,quare
1284 2064 1459 2120 iratus
1497 2063 1899 2122 Bocbtanasser
1929 2066 2120 2121 ducem

566 2172 599 2208 e
625 2155 740 2210 suis
768 2155 1081 2225 quemdam,
1130 2154 1346 2209 nomine
1384 2154 1895 2221 Nabuzaradanum,
1941 2156 2123 2225 spicu-

569 2249 797 2300 latorum
846 2247 1169 2314 principem,
1212 2245 1590 2315 Hierosolyma
1640 2247 1824 2308 misit,
1864 2245 1956 2314 qui
1996 2261 2117 2300 cum

568 2339 757 2392 urbem
791 2338 1029 2390 triennio
1073 2336 1368 2398 obsideret.
1402 2336 1636 2390 maxima
1671 2337 1953 2391 hominum
1995 2353 2120 2408 pars

569 2429 710 2482 fame
739 2429 1020 2494 absumpta
1055 2434 1156 2480 est.
1178 2424 1406 2480 Zedeliia
1440 2436 1642 2488 autem,
1667 2426 1818 2481 Juda:
1852 2444 1965 2492 rex,
1994 2426 2117 2498 luga

569 2530 730 2576 noctu
782 2519 1062 2574 contendit
1105 2517 1172 2571 ad
1221 2519 1535 2587 speluncam
1585 2533 1750 2587 quam
1807 2526 2116 2587 paraverat,

568 2615 894 2684 Speluncam
921 2610 1128 2666 Canum
1157 2609 1480 2679 appellatam
1508 2608 1694 2678 :quod
1721 2626 1840 2663 cum
1867 2610 2115 2664 animad-

563 2707 820 2760 vertisset
853 2700 1266 2764 Nabnzaradan,
1292 2698 1444 2752 illum
1473 2695 1787 2752 Jerechunti
1813 2707 2116 2758 assecutus,

565 2797 966 2866 apprehensum
996 2792 1062 2847 ad
1098 2779 1615 2854 Bocbtanasserum,
1648 2787 1990 2843 Antiochiam
2021 2787 2118 2841 iiii-

565 2889 637 2942 sit
665 2907 678 2944 :
702 2903 860 2955 quem
893 2887 1219 2953 prehensum
1241 2883 1416 2937 oculis
1439 2882 1669 2951 privavit
1697 2880 2115 2942 BOchtanasser,

567 2978 693 3033 filiis
719 2978 893 3046 ipsius
922 2976 1100 3045 gladio
1121 2973 1386 3044 jngulatis
1415 2989 1429 3027 :
1465 2972 1845 3039 interfecitque
1877 2971 2117 3024 Nabuza-

561 3071 729 3128 radan
759 3083 1006 3136 magnam
1033 3063 1343 3120 Iudaeorum
1375 3063 1798 3125 multitudinem,
1830 3062 2112 3130 templum-

563 3175 670 3230 que
702 3152 940 3212 dirutum
1000 3155 1272 3219 incendit,
1311 3164 1368 3208 ut
1410 3161 1465 3209 et
1507 3153 1694 3208 urbem
1743 3152 2110 3221 Hierosolyma

569 3261 836 3306 vastatam
901 3247 1173 3308 incendit,
1234 3255 1287 3299 et
1337 3243 1600 3314 quidquid
1649 3244 1701 3296 in
1748 3244 1948 3310 templo
1985 3242 2109 3305 fuit,

560 3341 698 3399 auri,
719 3338 923 3408 argenti
953 3347 1002 3390 et
1023 3338 1169 3400 ieris,
1194 3332 1448 3387 Babelem‘
1465 3331 1782 3401 asportavit,
1803 3328 2110 3384 Judzornm

573 3441 755 3486 autem
786 3446 905 3482 cum
941 3428 1031 3481 alii
1064 3425 1374 3496 Egyptuni,
1407 3423 1499 3478 alii
1529 3425 1582 3477 in
1615 3423 1829 3478 deserta
1863 3432 1917 3476 et
1950 3422 2114 3476 valles

562 3521 864 3592 fugissent,
914 3527 1178 3588 quotquot
1230 3515 1425 3584 reliqui
1476 3522 1670 3579 erant,
1725 3513 1814 3568 ille
1861 3511 2110 3566 Babelem

563 3612 807 3681 captivos
841 3609 1102 3671 abduxit,
1137 3607 1272 3660 adeo
1313 3613 1372 3659 ut
1403 3603 1646 3659 desolata
1679 3611 1964 3658 manerent
1991 3600 2114 3655 Hie-

565 3703 829 3770 rosolyma
853 3740 867 3762 ,
916 3699 1133 3752 nemine
1163 3696 1276 3764 ipsa
1323 3693 1616 3748 incolente.
1649 3691 1904 3746 Habacuc
1931 3699 2109 3744 autem

563 3793 817 3860 propheta
871 3789 924 3840 in
978 3797 1177 3840 terram
1229 3782 1394 3854 248
1443 3782 1834 3836 lsmaclitarutn
1883 3780 2007 3847 fuga
2055 3795 2113 3833 se

563 3880 800 3946 recepit,
845 3875 1037 3929 deinde
1085 3877 1137 3927 in
1196 3869 1834 3942 Egyptumdescendit.
1878 3869 2112 3924 Jeremia

563 3971 818 4037 propheta
845 3964 1133 4035 Egyptum
1164 3962 1319 4032 fugit,
1347 3963 1506 4031 idque
1533 3976 1676 4016 anno
1702 3961 1850 4029 regni
1880 3961 2113 4014 Bochta-

561 4062 817 4121 uasseris,
847 4059 1059 4111 decimo
1091 4068 1256 4107 nono.

627 4149 797 4205 Porro
846 4150 912 4201 ad
967 4146 1328 4215 captivitatem
1383 4143 1761 4212 Babylonicam
1809 4153 1860 4196 et
1900 4143 2112 4198 destru-

557 4241 790 4297 ctionem
840 4237 1049 4304 templi,
1099 4250 1127 4286 a
1163 4249 1328 4303 regno
1364 4234 1604 4296 Davidis,
1644 4226 1776 4286 anni
1813 4244 1939 4286 sunt
1977 4250 2110 4302 qna-

557 4330 825 4400 dringenti
872 4326 1212 4395 septuaginta
1255 4331 1486 4393 septem.
1540 4323 1620 4377 Ab
1656 4326 1803 4376 exitu
1847 4323 2115 4376 Israelita-

2226 1974 2497 2031 Danielem
2522 1985 2699 2031 autem
2726 1979 3060 2048 prophetam.
3091 1982 3182 2049 qui
3212 1991 3454 2050 tempore
3477 1983 3766 2052 captivita-

2225 2068 2292 2120 tis
2327 2067 2641 2122 adolcsccns
2672 2065 2804 2133 fuit,
2852 2083 3188 2138 assumptum
3229 2072 3332 2126 sibi
3372 2074 3768 2128 Bochtanasser

2219 2155 2370 2208 domi
2408 2171 2518 2210 sua:
2551 2156 2878 2212 educaverat
2917 2170 2971 2212 et
3001 2159 3348 2226 prmfecerat;
3381 2162 3470 2216 ille
3501 2176 3632 2231 ergo
3662 2162 3765 2230 ipsi

2221 2244 2353 2297 dixit
2387 2261 2400 2296 :
2440 2246 2550 2314 Ego
2583 2245 2677 2300 tibi
2713 2246 2767 2298 in
2803 2247 3069 2300 somnium
3113 2249 3255 2316 quod
3286 2248 3460 2302 vidisti
3512 2251 3765 2313 narrabo,

2223 2336 2510 2402 ipsumque
2563 2335 2655 2390 tibi
2705 2336 3121 2405 interpretabor.
3172 2335 3318 2391 Vidit
3360 2338 3627 2407 siquidem
3669 2354 3765 2392 rex

2222 2424 2507 2494 imaginem
2554 2440 2802 2493 magnam
2825 2465 2841 2490 ,
2875 2434 3095 2494 aspectu
3126 2427 3419 2481 terribilem
3439 2467 3454 2489 ,
3481 2429 3568 2497 cpi
3605 2437 3770 2497 caput

2218 2530 2282 2568 ex
2310 2530 2476 2578 auro,
2521 2530 2716 2568 manus
2747 2530 2810 2569 ex
2857 2526 3111 2585 argento,
3147 2526 3332 2572 venter
3363 2526 3418 2571 ιιι
3459 2517 3665 2572 femora
3701 2534 3767 2573 ex

2219 2621 2345 2667 acre,
2376 2620 2537 2659 crura
2567 2620 2596 2659 e
2627 2604 2795 2670 ferro,
2829 2606 2991 2675 pedes
3021 2621 3051 2660 e
3081 2609 3409 2671 testa;,vidit
3437 2609 3631 2663 deinde
3670 2623 3770 2663 rex

2222 2706 2428 2766 petram
2464 2697 2718 2767 grandem
2760 2712 2791 2752 e
2826 2705 3007 2752 tnonte
3041 2697 3159 2753 sine
3201 2699 3435 2766 alicujus
3474 2714 3576 2768 ope
3611 2701 3770 2754 exci-

2218 2801 2331 2838 sant
2353 2826 2369 2849 ,
2398 2802 2518 2854 quae
2550 2786 2834 2855 imaginem
2867 2786 3026 2842 istam
3061 2788 3388 2844 confractam
3420 2790 3770 2855 comminuit,

2218 2877 2351 2931 adeo
2417 2888 2474 2931 ut
2537 2879 2746 2932 nullum
2804 2878 2970 2948 ipsius
3025 2880 3307 2951 vestigium
3360 2881 3769 2951 perciperetur;

2215 2977 2365 3035 petra
2397 2977 2576 3022 autem
2626 2983 2779 3022 mons
2823 2983 3050 3036 magnus
3081 2971 3274 3032 evasit,
3318 2977 3621 3040 terramque
3664 2973 3773 3026 i-

2219 3059 2420 3126 plevit:
2457 3059 2555 3112 hoc
2592 3065 2678 3113 cst
2710 3060 2854 3128 quod
2895 3061 3028 3114 vidit
3076 3077 3189 3115 res.
3233 3062 3611 3132 Interpretatio
3643 3061 3772 3132 ejus

2217 3152 2358 3203 hinc:
2389 3149 2490 3211 Tu,
2524 3164 2556 3203 ο
2588 3164 2705 3215 rex,
2727 3159 2889 3220 caput
2923 3166 2982 3205 es
3039 3150 3288 3221 imaginis
3323 3154 3482 3208 istius
3516 3161 3768 3218 aureum;

2215 3248 2335 3308 post
2369 3249 2421 3294 te
2465 3250 2786 3309 regnaturus
2822 3255 2910 3293 rex
2955 3252 3003 3295 te
3051 3241 3302 3305 inferior,
3343 3251 3621 3312 argentum
3654 3253 3768 3309 est;

2215 3339 2335 3399 post
2371 3331 2543 3399 ipsum
2583 3332 2700 3399 ipso
2750 3329 3003 3392 inferior.
3034 3346 3140 3398 tes;
3175 3331 3336 3402 252
3370 3344 3488 3402 post
3516 3334 3664 3387 illum
3703 3349 3771 3387 eo

2218 3420 2464 3485 inferior,
2497 3419 2735 3486 ferrum;
2775 3432 2894 3489 pOsl
2921 3436 3079 3489 quem
3115 3419 3347 3490 denique
3382 3431 3435 3475 et
3468 3421 3583 3490 ipso
3620 3421 3770 3477 infe-

2212 3513 2325 3567 rior
2359 3522 2707 3581 regnaturus,
2736 3519 2874 3565 testa
2906 3521 3030 3565 est:
3065 3521 3118 3564 at
3149 3521 3270 3580 post
3297 3511 3475 3580 ipsum
3509 3520 3770 3580 regnatu-

2212 3619 2304 3658 rus
2325 3612 2410 3659 est
2435 3618 2524 3657 rex
2555 3616 2779 3669 magnus
2803 3600 2959 3669 cujus
2985 3616 3204 3670 regnum
3232 3616 3505 3667 nunquam
3529 3601 3762 3657 desinet:

2211 3699 2264 3745 et
2294 3689 2749 3759 quemadmodum
2777 3689 2971 3750 ,vidisti
3001 3698 3204 3758 petram
3233 3704 3262 3742 e
3305 3699 3486 3744 monte
3515 3691 3631 3744 sine
3661 3691 3768 3745 ali-

2211 3779 2367 3849 cujus
2403 3794 2506 3849 ope
2545 3779 2781 3834 excisam
2826 3793 2947 3846 qua:
2987 3778 3273 3846 imaginem
3313 3778 3611 3849 confregit,
3647 3788 3761 3833 ter-

2213 3886 2435 3938 ramque
2481 3869 2750 3940 implevit,
2798 3871 2872 3921 ita
2918 3869 3023 3921 erit
3065 3880 3123 3921 ut
3160 3883 3252 3922 rex
3306 3869 3407 3923 iste
3457 3870 3550 3923 tuti
3601 3878 3764 3926 terra

2212 3962 2524 4015 dominetur
2565 3975 2740 4028 usque
2782 3959 2834 4012 in
2881 3959 3158 4016 saeculum.
3202 3957 3599 4013 Bochtanasser
3631 3977 3761 4032 ergo

2213 4052 2482 4105 Danieletn
2524 4061 2674 4106 veste
2700 4050 2950 4103 indutum
2992 4051 3193 4103 hOnore
3223 4049 3434 4114 aﬂ‘ecit,
3477 4052 3760 4108 omnibus-

2211 4157 2317 4210 que
2347 4141 2559 4197 Babelis
2587 4142 2761 4196 doctis
2798 4140 3058 4210 przefecit,
3087 4141 3388 4212 domusque
3414 4159 3524 4197 sua:
3561 4145 3766 4212 princi-

2213 4249 2330 4301 pem
2357 4233 2642 4285 constituit
2673 4248 2686 4295 ;
2719 4232 2935 4284 nomine
2966 4229 3203 4284 Beltasar
3230 4231 3329 4300 ipsi
3364 4233 3556 4287 indito.
3586 4233 3762 4287 Porro

2212 4337 2353 4376 anno
2375 4323 2706 4391 captivitatis
2736 4320 3075 4391 Babylonica:
3108 4323 3302 4390 quinto
3333 4333 3454 4391 post
3481 4325 3764 4379 destructa

560 4439 676 4476 rum
719 4437 782 4475 ex
829 4419 1081 4488 Egypto,
1129 4417 1277 4470 mille
1320 4417 1595 4480 octoginta
1645 4425 1774 4468 tres.
1828 4415 1909 4467 Ab
1938 4416 2111 4470 Abra-
2142 4431 2185 4484 ι)
2216 4412 2622 4482 Hierosolyma,
2673 4415 3066 4482 prophetarunt
3124 4413 3303 4467 Babcli
3357 4430 3421 4469 ex
3474 4414 3756 4480 Israelitis,

561 4517 748 4574 hamo,
787 4513 930 4565 inille
975 4509 1252 4578 quingenti
1287 4507 1601 4576 nonaginta.
1639 4506 1682 4557 Α
1719 4503 1986 4568 Phaleko,
2028 4505 2110 4558 bis

560 4605 705 4658 tnille
749 4611 966 4655 centum
1017 4600 1233 4665 triginta
1277 4605 1330 4649 et
1369 4610 1527 4649 unus.
1563 4596 1605 4646 A
1633 4594 1832 4647 diluvio
1855 4595 1934 4647 bis
1967 4595 2113 4646 mille

559 4696 795 4749 sementi
843 4691 1123 4757 Sexaginta
1176 4688 1301 4741 duo.
1338 4687 1421 4738 Ab
1451 4684 1683 4745 Adamo,
1733 4695 1923 4752 quater
1972 4686 2112 4739 tnille

561 4786 810 4852 nongenti
844 4794 894 4834 et
930 4781 1252 4833 octodecim.
1301 4780 1489 4839 Porro,
1537 4776 1938 4829 Bnclitanasser
1967 4790 2110 4828 anno

562 4878 709 4946 regni
735 4877 813 4928 sui
855 4873 1065 4927 decimo
1099 4880 1312 4932 octavo,
1343 4883 1406 4922 eo
1436 4883 1625 4935 nempe
1659 4869 1748 4935 qui
1780 4868 2109 4921 destructio-

562 4986 679 5023 nem
727 4966 912 5033 templi
964 4964 1209 5030 pruxinie
1258 4959 1549 5012 antecessit
1594 4967 1825 5010 statuam
1874 4974 1937 5009 ex
1980 4972 2111 5010 auro

560 5058 813 5112 conﬂavit
836 5055 1050 5109 cubitus
1078 5053 1237 5103 altam
1269 5050 1568 5115 sexaginta,
1604 5050 1762 5100 latum
1789 5065 1880 5101 sex
1906 5064 1919 5104 ;
1949 5063 2108 5115 quam

561 5165 681 5202 cum
717 5152 766 5200 in
798 5147 974 5199 medio
1010 5145 1161 5198 urbis
1193 5143 1351 5195 Babel
1383 5143 1683 5198 statuisset.
1720 5159 1911 5195 omnes
1943 5144 2110 5208 impe-

564 5243 642 5292 rio
693 5255 790 5292 suo
837 5237 1079 5291 subditos
1119 5236 1287 5302 ipsam
1351 5234 1574 5287 adorare
1621 5235 1824 5302 jussit:
1875 5234 2017 5301 quod
2066 5233 2109 5285 si

561 5334 685 5401 quis
718 5332 893 5383 facere
921 5335 1194 5382 recusaret
1217 5327 1270 5379 in
1297 5324 1518 5378 fornace
1547 5327 1684 5394 ignis
1712 5326 2110 5378 conihnrendus

561 5435 698 5482 erat.
736 5427 1014 5492 Selegerat
1053 5431 1227 5473 autem
1269 5419 1368 5472 sibi
1407 5417 1803 5473 Bocbtanasser
1833 5436 1908 5492 ex_
1937 5418 2110 5471 Israe-

565 5520 674 5570 litis
701 5531 896 5585 pueros
926 5523 1055 5573 tres,
1085 5525 1312 5578 quorum
1345 5524 1512 5562 unum
1542 5512 1831 5580 appellavit
1857 5510 2107 5571 Sidi-ach,

563 5609 786 5660 alterum
840 5604 1073 5665 Misach,
1127 5603 1344 5655 tertium
1397 5601 1719 5669 Abd-Nagu.
1773 5604 1907 5654 'I'rcs
1959 5602 2105 5669 pueri

565 5699 652 5752 isti
701 5714 822 5751 cuni
871 5695 1068 5749 idolum
1121 5709 1224 5746 non
1273 5693 1591 5758 adorarent,
1632 5694 1783 5762 jussu
1835 5693 2002 5762 ipsius
2055 5693 2106 5743 in

2213 4502 2422 4556 Ezekiel
2466 4503 2607 4556 filius
2655 4501 2820 4567 Buzi,
2870 4503 2987 4555 loco
3034 4503 3178 4556 dicto
3219 4504 3500 4569 Carmela;
3548 4505 3752 4561 Barucb

2209 4594 2382 4647 Neria:
2427 4594 2601 4656 filius,
2644 4592 2813 4646 frater
2855 4594 2973 4661 ejus
3003 4593 3196 4656 Saras,
3231 4594 3416 4648 Daniel
3448 4611 3477 4649 c
3509 4599 3754 4667 prosapia

2213 4685 2484 4746 Davidica,
2519 4683 2885 4748 Mordechani,
2924 4681 3459 4758 Benjainitu,_llncai,
3495 4683 3752 4738 lacuaria

2213 4777 2350 4828 filius
2383 4774 2687 4835 Barachiai,
2723 4774 3014 4826 Mulzichias
3040 4814 3052 4834 .
3088 4773 3239 4835 Ezra,
3270 4788 3320 4825 et
3355 4773 3580 4826 Nahnm.
3610 4773 3756 4827 Fue—

2213 4876 2441 4933 tnntqne
2476 4864 2708 4934 Egypto
2740 4867 3008 4931 propheta:
3048 4863 3318 4926 llabarnc,
3362 4864 3675 4927 Siinconita,
3701 4873 3756 4916 rt

2209 4957 2457 5010 Jeremia.
2483 4955 2778 5009 Culuerunt
2804 4966 2980 5008 autem
3009 4954 3263 5007 Israelita:
3287 4955 3337 5006 in
3366 4955 3556 5008 Babcle
3585 4956 3746 5019 idola,

2209 5050 2278 5102 ob
2303 5049 2446 5117 quod
2480 5063 2599 5099 cum
2634 5047 2778 5113 ipsos
2814 5045 3113 5112 increparet
3149 5045 3356 5097 lizrltiel
3385 5045 3663 5114 propheta.
3695 5047 3748 5097 in

2209 5154 2330 5191 eum
2371 5139 2635 5190 irruentes
2671 5136 3032 5189 lsraelitaruni
3068 5136 3333 5202 primores
3369 5145 3540 5189 morte
3575 5137 3744 5203 ipsum

2213 5231 2529 5282 multarunt.
2590 5229 2756 5282 Porro
2815 5227 3208 5280 Bochtanasser
3265 5241 3406 5278 anno
3463 5229 3603 5295 regni
3663 5227 3744 5278 sui

2213 5322 2466 5375 \‘icesitno
2521 5320 2711 5386 quinto
2766 5317 3054 5387 Aigyplum
3116 5316 3388 5384 profectus
3438 5333 3586 5386 reges
3630 5317 3745 5382 ejus

2213 5410 2518 5474 interfecit;
2554 5410 2941 5478 imperavitque
2977 5406 3228 5476 Algypto,
3264 5407 3454 5476 Syria},
3490 5415 3744 5472 terraque

2209 5503 2378 5564 Judaz,
2407 5502 2774 5564 liomaeoruni,
2821 5499 3150 5559 Graecorum,
3202 5499 3415 5559 Persia,
3458 5500 3658 5550 Balielis
3691 5507 3744 5549 et

2211 5594 2498 5649 Al-MtiSul.
2531 5594 2723 5645 Totum
2761 5592 2906 5660 regni
2935 5591 3051 5657 ejus
3078 5589 3310 5658 spatium
3346 5605 3607 5641 annorum
3632 5597 3742 5638 etat

2211 5689 2563 5757 quadraginta
2611 5687 2882 5754 quinque,
2937 5697 3160 5750 quorum
3205 5680 3571 5732 novnrndwhn
3602 5678 3740 5728 uri-
