3950 6348
124 333 226 394 965

1522 337 1887 398 ANNALES.

3213 328 3313 389 966

123 436 269 488 dium
310 435 656 506 253-255
699 437 1187 507 Iberosolymerum
1225 449 1275 493 et
1313 441 1674 508 captivitatem
1709 449 1753 505 Α
1785 453 1866 494 set
1891 485 1903 506 ,
1945 457 2052 494 rem
2094 441 2164 492 illi
2190 439 2420 493 confessi
2453 450 2617 502 sunt;
2656 454 2818 508 quare.
2849 449 2896 490 et
2947 438 3144 490 idolutn
3189 455 3320 489 eun-

126 525 482 578 Israelitarum
513 537 955 591 anteeesserunt;
995 529 1178 599 viginti
1201 544 1291 582 sex
1327 531 1492 583 secuti
1523 539 1668 584 strrrt.

198 613 410 666 Mortuo
442 613 864 666 Boclrtanassero
897 629 1037 682 rege,
1072 621 1190 681 post
1212 615 1384 681 ipsum
1440 618 1674 686 regnavit

123 702 266 757 filius
305 703 475 772 ipsius
513 700 903 755 [ivit-Mardoclr
958 719 1130 757 annos
1181 705 1359 773 viginti
1421 717 1542 760 tres.
1579 707 1674 760 Hic

116 788 382 848 Joaehim.
415 789 775 842 lsraelitarum
815 805 1032 860 regem,
1064 806 1093 843 e
1127 807 1339 846 carcere
1369 791 1618 845 eductum
1654 834 1669 858 ,

121 889 273 936 veste
307 881 504 942 induit,
540 881 780 947 beneque
809 883 1080 943 tractavit,
1115 897 1211 936 nec
1239 899 1343 937 non
1399 884 1668 937 Israelitas

113 982 379 1040 quotquot
411 972 462 1024 in
495 987 709 1024 carcere
739 981 892 1024 eratrt
944 972 1167 1026 dimisit.
1205 972 1434 1028 .lerenria
1488 986 1664 1026 autem

116 1064 381 1130 propheta
407 1062 462 1114 in
499 1061 730 1130 Egypto
766 1063 1088 1130 lapidatione
1143 1080 1172 1117 e
1201 1065 1379 1117 medio
1413 1064 1662 1116 sublatus

111 1164 218 1207 est.
248 1149 512 1217 lapidibus
542 1151 740 1219 petitus
774 1153 1085 1220 usquedum
1113 1161 1426 1218 rrroreretur,
1447 1151 1670 1221 [ibique]

111 1239 382 1307 sepultus.
421 1237 621 1294 Ferunt
649 1241 1016 1294 Alexandrum
1073 1257 1195 1296 cum
1241 1241 1531 1311 jE-gypmm
1585 1259 1667 1294 rn-

111 1346 336 1396 gressus
373 1341 536 1392 esset,
566 1329 815 1384 Ieremia.-
855 1335 1132 1400 propheta:
1179 1346 1378 1400 corpus
1424 1335 1661 1385 Alexan-

111 1423 287 1474 driaur
320 1421 640 1475 translatum
679 1421 750 1475 ibi
788 1423 1084 1490 scpcliisse.
1139 1421 1350 1476 Mortuo
1382 1423 1496 1475 Evil
1528 1421 1671 1474 Mar-

110 1513 294 1563 dueho
325 1520 444 1580 post
489 1511 664 1580 ipsurrr
735 1513 966 1567 triennio
1025 1513 1262 1582 regnavit
1319 1514 1460 1567 filius
1500 1514 1670 1581 ipsius

107 1599 379 1662 lieltasar,
396 1601 588 1656 deinde
611 1603 926 1656 interfectus
947 1611 1049 1656 est.
1070 1605 1296 1672 Quippe,
1330 1619 1450 1656 cum
1472 1605 1673 1658 instru~

113 1702 208 1743 cto
241 1691 486 1745 convivio
518 1707 618 1744 una
647 1707 768 1744 cum
793 1693 1087 1746 comitibus
1111 1694 1226 1746 suis
1279 1694 1464 1746 ederet
1497 1709 1559 1746 ac
1592 1695 1671 1746 bi-

115 1783 636 1849 beret,.ebriusjam
670 1781 846 1835 factus
870 1782 1052 1835 all‘erri
1095 1782 1260 1848 jussit
1307 1798 1435 1836 vasa
1485 1784 1666 1851 templi
1701 1771 1741 1826 Β

105 1887 277 1925 aurea
304 1882 357 1924 et
379 1882 628 1940 argentea
651 1889 768 1940 qua:
794 1872 1176 1941 Hierosolymis
1200 1873 1511 1927 abduxisset
1537 1891 1668 1928 avus

108 1961 287 2028 ipsius
323 1961 736 2027 Bochtanasser,
772 1964 822 2015 in
853 1963 1047 2032 quibus
1084 1978 1206 2016 cum
1243 1964 1466 2017 bibisset
1493 1974 1546 2022 et
1577 1981 1666 2018 so-

103 2049 216 2102 eiis
243 2049 359 2104 suis
383 2049 669 2102 bibendum
709 2052 1044 2118 praebuisset.
1073 2051 1279 2104 interea
1308 2053 1436 2104 dum
1469 2054 1522 2105 in
1552 2055 1669 2106 loco

105 2155 218 2193 suo
249 2140 537 2203 dormiret,
569 2139 704 2193 vidit
755 2154 882 2194 ecce
915 2140 1090 2194 volam
1133 2156 1323 2195 manus
1356 2143 1407 2194 iu
1444 2143 1666 2211 pariete,

103 2229 441 2299 cujus‘digiti
470 2219 717 2299 [aliquid]
747 2230 1070 2283 scriberent.
1102 2228 1292 2298 Magno
1338 2231 1498 2297 igitur
1523 2241 1667 2286 metu

102 2329 716 2373 consternatusornnes
767 2318 1184 2388 Babyloniorum
1224 2321 1417 2374 doctos
1467 2339 1668 2376 convo-

101 2409 258 2463 cavit
296 2419 354 2463 ut
386 2411 712 2478 scripturam
752 2411 910 2462 istam
945 2410 1182 2478 legerent
1215 2419 1375 2479 atque
1400 2413 1665 2481 interpre-

103 2509 382 2554 tarentur.
421 2499 576 2565 Quod
610 2515 729 2553 cum
769 2501 840 2552 illi
871 2501 1049 2556 facere
1085 2516 1190 2553 non
1238 2514 1478 2568 possent,
1523 2505 1667 2555 dixe.

102 2601 244 2644 rutrt
303 2592 413 2660 regi
452 2590 586 2672 :Est
642 2591 728 2644 lrie
766 2607 829 2644 ex
885 2589 1139 2646 lsraelitis
1178 2594 1420 2659 quidam,
1450 2595 1665 2646 nomine

105 2677 325 2743 Daniel,
359 2670 916 2748 qucrrrad‘lrorroretn
959 2683 1154 2746 evexit,
1208 2691 1261 2735 et
1321 2685 1496 2752 magni
1543 2687 1668 2737 fecit

101 2785 252 2823 avus
293 2779 414 2824 tuus
446 2770 878 2837 Boclrtanasser;
915 2773 1002 2825 ille
1022 2771 1186 2842 256
1209 2773 1302 2825 tibi
1341 2776 1666 2841 scripturam

104 2861 261 2914 hanc
298 2871 352 2915 et
402 2861 542 2929 leget
571 2869 626 2915 et
691 2863 1154 2930 interpretabitur.
1213 2866 1509 2918 Accersivit
1543 2881 1668 2933 ergo

103 2965 215 3004 rex
249 2948 549 3016 Dauielcm,
585 2952 678 3020 qui
727 2953 856 3004 illud
887 2953 1030 3020 quod
1084 2953 1342 3021 scripturn
1404 2955 1507 3009 fuit
1566 2957 1666 3025 lpsi

101 3042 268 3108 legit.
298 3039 424 3094 Erat
452 3051 652 3107 autem,
689 3041 844 3104 Harii,
865 3042 1068 3108 Tlrecel,
1106 3044 1664 3117 Plraras.Dixitcrgo;
1694 3077 1738 3137 Ο

101 3132 498 3202 Interpretatio
517 3133 676 3198 Mani,
704 3145 806 3200 est,
841 3133 980 3189 Deus
1011 3151 1232 3204 regnum
1265 3147 1414 3189 tuum
1449 3138 1671 3204 perfecit

99 3233 178 3276 et-
199 3221 267 3275 ad
299 3224 723 3292 magnitudinem
755 3224 1025 3294 perduxit.
1046 3226 1422 3295 lnterpretatio
1453 3229 1668 3294 Tlrecel,

99 3328 345 3382 regnum
374 3315 462 3366 ubi
493 3314 786 3382 perfectum
815 3316 998 3380 fuerit,
1019 3315 1267 3370 deiicere.
1296 3317 1670 3387 lnterpretatio

97 3401 343 3466 Pharas,
376 3418 600 3472 regnum
645 3413 798 3458 tuum
829 3405 998 3460 Medis
1031 3415 1086 3460 et
1115 3405 1292 3461 Persis
1321 3407 1667 3462 distributum

99 3495 204 3550 iri.
246 3491 357 3548 Rex
389 3511 518 3564 ergo
573 3494 843 3550 Danielern
890 3505 1037 3550 veste
1069 3506 1124 3552 et
1159 3509 1349 3566 torque
1383 3514 1552 3552 aureo
1585 3504 1664 3554 in-

96 3585 258 3639 duit.
295 3583 396 3637 Ista
434 3593 615 3638 autem
646 3596 804 3638 nocte
834 3585 1148 3639 interfectus
1177 3597 1258 3638 est
1292 3602 1382 3640 rex
1406 3585 1672 3648 Beltasar,

101 3675 476 3743 Itegnumque
509 3683 630 3744 post
673 3677 848 3743 ipsum
897 3676 1188 3744 occuparit
1245 3676 1439 3733 Darius
1492 3678 1665 3732 Asriri

96 3766 284 3827 titius,
311 3762 518 3829 Medus,
548 3779 578 3818 e
610 3763 1017 3820 Madauensium
1049 3783 1130 3822 se.
1163 3769 1350 3836 stirpe,
1375 3763 1517 3822 anno
1537 3785 1670 3823 uno.

98 3857 215 3911 llic
245 3865 428 3909 autem
454 3866 789 3925 assumptum
817 3856 1084 3910 Dauielem
1105 3860 1364 3912 exercitui
1397 3876 1498 3913 suo
1531 3875 1665 3927 pra:-

95 3947 264 4006 fecit,
299 3959 455 4012 qttarn
487 3944 563 3997 ob
596 3959 816 3998 causam
875 3946 1072 3998 invidia
1112 3961 1242 4012 ergo
1289 3947 1460 4016 ipsum
1513 3965 1662 4002 corrr-

99 4036 271 4097 moti,
309 4033 476 4087 duces
500 4035 636 4102 ejus,
695 4033 868 4101 ipsurrr
915 4036 1056 4102 apud
1119 4052 1295 4105 regem
1347 4037 1664 4091 incusarunt

96 4127 360 4178 dicentes
391 4139 406 4177 :
437 4124 643 4177 Danieli
690 4123 741 4176 in
773 4127 952 4178 arrirrro
981 4134 1062 4180 est
1097 4127 1148 4178 in
1195 4141 1372 4194 regem
1402 4127 1662 4182 rebellare

97 4227 279 4283 atque
313 4215 492 4282 ipsum
528 4214 849 4267 interficere.
884 4213 1127 4280 Conjeeit
1167 4228 1299 4282 ergo
1327 4229 1419 4267 rex
1469 4203 1664 4268 Darrieé

99 4307 218 4357 lem
248 4304 301 4355 in
338 4302 512 4372 lacum
548 4302 800 4355 leonibus
841 4304 1163 4358 truculentis
1191 4303 1432 4372 plenurrr.
1464 4303 1662 4356 Dcirule

1782 531 1960 600 fregit,
1989 541 2040 584 ct
2074 531 2300 584 famulos
2341 539 2513 582 rrrorte
2535 529 2728 582 affecit.
2779 528 2905 582 Fuit
2939 530 3102 582 etiam
3137 526 3318 581 Dalii-li

1773 623 1935 676 draco
1975 623 2324 690 prmgrandis,
2376 634 2534 689 quem
2568 635 2686 671 cum
2716 619 2923 673 Babclis
2955 619 3140 673 incolae
3174 618 3323 670 cole-

1775 721 1918 774 rent,
1956 711 2142 764 Daniel
2180 711 2286 772 rcgi
2323 728 2336 764 :
2377 711 2431 762 Si
2461 708 2593 761 mihi
2656 707 2708 761 in
2763 709 2936 776 ipsum
2997 715 3312 777 potestatem

1772 801 2127 857 concesseris.
2160 815 2258 868 ego
2288 799 2457 871 ipsum
2504 796 2845 850 interficiant.
2891 797 3139 865 Acceptis
3192 812 3322 866 ergo

1773 893 1949 959 adipe,
1983 891 2096 958 pice
2129 901 2180 943 et
2216 892 2359 958 pilis,
2397 891 2571 958 iisque
2603 889 2845 943 subactis
2877 905 2996 942 ctrrn
3033 891 3318 949 draconem

1780 984 1927 1035 eibas
1941 993 2019 1034 set
2048 983 2158 1048 ipse
2182 983 2324 1033 illico
2349 991 2590 1034 mortuus
2619 990 2719 1032 est.
2753 977 2880 1031 Viso
2909 995 3038 1046 ergo
3080 978 3203 1046 quid
3256 982 3323 1030 fe.-

1773 1073 1936 1124 cisset
1990 1070 2172 1122 Daniel
2234 1070 2430 1121 invidia
2484 1087 2605 1136 erga
2659 1085 2779 1122 eum
2835 1070 2962 1120 moti
3020 1067 3322 1135 Ιῖὼγιιιιὶἰ,

1773 1159 1946 1226 ipsum
1996 1159 2136 1224 apud
2173 1172 2346 1226 regem
2409 1156 2741 1220 deferebant,
2804 1157 3044 1210 dicentes
3079 1174 3092 1209 :
3131 1155 3310 1205 Daniel

1772 1245 1970 1298 caedem
2009 1258 2154 1299 tuam
2208 1247 2446 1310 molitur.
2509 1243 2682 1298 Iratus
2720 1257 2847 1311 ergo
2896 1258 2986 1296 rex
3031 1244 3205 1309 ipsurrr
3264 1243 3320 1292 in

1773 1340 2084 1404 spclurrcarrr
2115 1335 2250 1398 feris
2282 1339 2463 1390 noxiis
2499 1337 2706 1404 plenam
2761 1316 3014 1400 coirjecit,
3075 1335 3160 1385 ubi
3221 1350 3311 1386 sex

1769 1429 1962 1482 diebus
2017 1429 2300 1494 substitit;
2377 1427 2503 1481 feris
2564 1428 2681 1480 istis
2737 1427 3038 1478 dimensum
3093 1426 3316 1492 singulis

1769 1519 1959 1572 dielnrs
1981 1528 2096 1571 erat
2131 1523 2291 1578 boves
2320 1520 2453 1582 bini,
2487 1535 2608 1570 eunt
2653 1519 2847 1571 ovibus
2897 1517 3036 1568 binis
3067 1533 3082 1568 :
3115 1525 3168 1568 at
3223 1531 3316 1569 sex

1771 1606 1888 1660 istis
1932 1607 2121 1662 dir-bus
2172 1609 2303 1660 nihil
2334 1608 2553 1660 omnino
2605 1609 2784 1660 carnis
2837 1606 3138 1675 conjectum
3195 1603 3314 1658 fuit.

1771 1693 2019 1750 llabacuc
2058 1707 2234 1750 autem
2266 1697 2576 1766 prophetam
2610 1699 2699 1764 qtti
2744 1697 2794 1749 in
2824 1703 2966 1746 terra
2997 1691 3315 1756 .Imla',loco

1771 1770 2004 1851 quodam
2040 1785 2185 1838 dicto
2237 1783 2439 1848 Tekoa,
2483 1785 2604 1847 fuit,
2660 1788 2784 1837 dum
2825 1784 2994 1836 lentes
3039 1789 3316 1848 coqueret,

1769 1884 1821 1924 et
1850 1887 2038 1940 partem
2065 1873 2307 1925 intritum
2341 1875 2607 1942 paropsidi
2641 1872 2869 1934 irrderet,
2903 1887 3010 1939 quo
3047 1885 3319 1924 messores

1768 1962 1994 2023 eibarct,
2022 1977 2050 2014 e
2075 1964 2213 2016 caelo
2247 1964 2552 2015 inclamavit
2579 1963 2834 2030 angelus:
2856 1959 3000 2014 Heus
3035 1960 3306 2022 llalraeuc.

1770 2046 1898 2100 illud
1935 2047 2075 2115 quod
2104 2048 2241 2116 apud
2273 2058 2324 2102 te
2347 2059 2450 2112 est,
2479 2049 2544 2102 ad
2579 2051 2873 2115 Danielem,
2922 2048 3188 2112 Baln-lenr,
3243 2049 3326 2103 fc?

1773 2151 1898 2203 ras;
1961 2137 2050 2190 ille
2107 2138 2366 2206 siquidem
2414 2138 2526 2207 jam
2578 2153 2671 2193 sex
2727 2141 2940 2202 diebus,
3008 2141 3206 2206 quibus
3262 2142 3320 2192 in

1771 2227 2026 2295 Spelunca
2062 2227 2218 2281 [ει-ιη’·
2245 2245 2292 2280 .rr
2325 2227 2448 2293 fuit,
2491 2229 2622 2282 trilril
2665 2230 2914 2283 comedit.
2971 2229 3313 2283 Habarucum

1769 2333 1896 2386 ergo
1949 2320 2258 2387 prophetam
2291 2319 2452 2390 260
2479 2320 2675 2385 capillo
2724 2321 2914 2387 capitis
2973 2322 3319 2390 prclremtrm,

1773 2423 1876 2460 tina
1925 2423 2048 2461 cum
2085 2409 2205 2463 cibo
2233 2411 2325 2478 qui
2358 2411 2408 2462 in
2437 2411 2687 2463 manibus
2730 2410 2849 2476 ejus
2899 2409 3016 2474 fuit,
3073 2409 3314 2463 Babelcur

1772 2501 2026 2568 portavit,
2061 2508 2112 2552 et
2137 2515 2296 2569 super
2321 2501 2490 2552 lat-nm
2527 2501 2578 2552 in
2606 2516 2711 2567 quo
2743 2509 2859 2553 erat
2892 2500 3072 2553 Daniel
3099 2501 3274 2568 posuit
3299 2518 3314 2565 ;

1770 2595 1858 2662 qui
1888 2609 2016 2663 ergo
2046 2595 2218 2663 ipsum
2248 2594 2544 2648 inclamans
2565 2594 2700 2646 dixit
2738 2613 2751 2646 :
2779 2592 2823 2646 Ο
2847 2591 3052 2655 Daniel,
3087 2609 3171 2646 me
3211 2592 3317 2644 "a-

1771 2685 2033 2738 bacucunr
2063 2687 2204 2738 misit
2229 2688 2292 2738 ad
2328 2695 2377 2739 te
2408 2686 2663 2738 Dominus
2695 2699 2813 2738 rum
2845 2685 2974 2739 cibo
2999 2700 3105 2753 quo
3133 2701 3320 2737 vesca-

1771 2775 1867 2828 ris.
1899 2773 2210 2828 Asccndeus
2232 2790 2359 2843 ergo
2391 2775 2572 2827 Daniel
2607 2793 2636 2826 e
2675 2773 2793 2827 lacu
2826 2775 3086 2838 comedit,
3117 2774 3312 2826 Deum-

1771 2879 1876 2931 que
1934 2863 2243 2924 celebravit,
2291 2878 2352 2915 ac
2412 2877 2623 2916 rursum
2680 2862 2730 2914 in
2787 2862 2963 2915 laeum
3015 2863 3313 2916 descendit.

1772 2953 2115 3008 Habacueum
2144 2965 2318 3007 autem
2353 2952 2621 3006 sublatum
2650 2952 2701 3004 in
2731 2964 2926 3005 terram
2958 2951 3105 3006 Jiudz'e
3135 2951 3314 3020 repor-

1773 3043 1905 3096 tavit
1949 3038 2198 3110 angelus.
2235 3041 2433 3094 Deinde
2485 3055 2577 3094 rex
2636 3041 2953 3110 penitentia
3014 3051 3188 3094 notus
3248 3042 3316 3092 ob

1775 3133 1900 3186 illud
1931 3131 2074 3202 quod
2132 3131 2334 3184 Dauieli
2404 3116 2626 3202 fecerat,
2679 3130 2852 3198 ipsum
2876 3146 2906 3182 e
2932 3145 3095 3197 specu
3127 3145 3156 3184 a
3188 3131 3318 3184 fer-is

1775 3200 2037 3276 intactum
2075 3220 2296 3284 eduxit;
2332 3218 2472 3288 quod
2515 3200 2744 3272 miratus
2776 3234 2866 3271 rex
2917 3220 3090 3288 ipsum
3130 3221 3321 3288 praefr-

1771 3319 1936 3365 etura:
1966 3312 2241 3364 exercitus
2275 3311 2530 3381 restituit.
2560 3309 2739 3378 Cyrus-
2773 3320 2950 3362 autem
2976 3309 3156 3367 Persa.
3187 3326 3310 3362 cum

1769 3404 2006 3456 triennio
2062 3409 2385 3471 regnasset,
2438 3409 2684 3455 mortuus
2735 3411 2842 3463 est,
2889 3412 3145 3470 regnante
3193 3412 3315 3471 post

1770 3495 1942 3562 ipsum
1978 3491 2448 3548 Aclrashavire‘sbo
2477 3492 2970 3546 annosrluodecinr.
2997 3491 3123 3547 Post
3149 3509 3312 3560 quem

1769 3586 1910 3638 filius
1949 3584 2120 3652 ipsius
2154 3583 2346 3653 Cyrus,
2402 3583 2816 3652 cognonrinatus
2874 3581 3087 3644 Darius,
3139 3599 3316 3637 annos

1768 3673 1984 3744 triginta
2022 3673 2324 3740 imperavit.
2362 3671 2537 3738 Cujus
2581 3671 2728 3740 regni
2765 3685 2907 3723 anno
2960 3672 3133 3738 prirrro
3188 3686 3311 3723 mox

1765 3765 1906 3818 diem
1939 3763 2074 3816 obiit
2109 3762 2293 3816 Daniel
2326 3763 2606 3831 propheta.
2638 3764 2796 3815 Auno
2826 3772 3001 3816 autem
3032 3764 3177 3831 regni
3225 3762 3321 3816 sui.

1764 3854 2003 3927 secundo
2051 3853 2320 3906 lsraelitas
2357 3851 2726 3921 Hierosolyma
2781 3853 2978 3915 redire,
3017 3829 3324 3918 orbemque

1765 3955 1828 3994 ac
1865 3943 2120 4009 templum
2144 3941 2407 3994 ariilicare
2431 3942 2613 4009 jussit.
2652 3941 2822 4008 (Zujus
2849 3956 3008 3994 causa
3034 3941 3135 3994 fuit
3164 3944 3306 4010 quod

1763 4033 1939 4100 Cyrus
1972 4031 2158 4095 Persa,
2210 4032 2557 4086 lsraelitidem
2599 4033 2888 4100 quamdam
2935 4035 3152 4086 nomine
3197 4033 3310 4086 Ma-

1767 4121 1931 4184 lelrat,
1955 4121 2298 4175 Zerobabclis
2321 4137 2586 4185 sororem,
2629 4138 2850 4174 uxorem
2885 4123 3110 4186 ducens,
3141 4125 3314 4192 ipsam

1765 4212 2051 4268 Persarum
2107 4217 2257 4268 rnol'c
2314 4217 2548 4283 reginam
2609 4215 2967 4267 constituerit.
3014 4214 3140 4279 Qua:
3187 4231 3306 4268 eum

1766 4307 1934 4375 ipsam
1978 4316 2185 4358 amaret
2217 4307 2411 4376 Cyrus,
2456 4307 2607 4374 petiit
2653 4307 2719 4358 ab
2756 4307 2845 4358 illo
2870 4316 2927 4359 ut
2962 4306 3308 4361 Zorohabelis

100 4392 435 4462 paenitentia
491 4401 669 4445 motus
719 4402 819 4446 est.
890 4391 980 4446 Die
1033 4409 1155 4462 erga
1215 4393 1453 4446 crastino
1483 4408 1512 4446 e
1543 4395 1658 4446 lacu
1697 4401 1736 4453 D
1767 4395 2052 4450 lt'atrissui
2088 4395 2258 4463 gratia
2295 4381 2562 4448 Israelitas
2588 4394 2951 4463 Hierosolyma
2989 4399 3307 4452 remitteret.

96 4491 390 4538 extractus
419 4491 501 4536 est
525 4481 713 4548 Daniel
744 4496 773 4534 a
814 4482 942 4536 feris
969 4482 1221 4535 intactus.
1264 4482 1506 4536 Metuens
1535 4500 1666 4548 ergo

99 4589 207 4628 rex
281 4573 446 4627 duces
519 4576 651 4627 istos
713 4572 803 4640 qui
876 4572 1146 4625 Danielern
1207 4581 1553 4625 accusasseut
1612 4573 1660 4623 in

101 4665 428 4734 speluncam
451 4663 702 4731 coniecit,
727 4677 862 4730 quos
886 4662 1211 4715 devorat-unt
1234 4661 1379 4713 ferae.
1395 4659 1660 4713 Danieleur

99 4765 293 4809 autem
333 4754 663 4823 praefectura:
687 4753 955 4807 exercitus
989 4759 1043 4804 et
1073 4752 1331 4820 dynastia:
1361 4752 1614 4805 restituit.

185 4845 291 4899 Ubi
330 4856 506 4898 autem
539 4845 786 4911 periisset
836 4841 1030 4894 Darius
1061 4842 1344 4894 Persarum
1404 4856 1514 4902 rex,
1552 4843 1660 4908 pri-

105 4951 239 4990 mus
283 4937 371 5004 qui
403 4934 585 4990 Persis
625 4937 926 5003 imperavit,
965 4933 1063 4985 fuit
1121 4934 1293 5000 Cyrus
1355 4933 1533 4996 Persa,
1569 4933 1657 4998 qui

100 5030 278 5098 etiam
318 5025 588 5078 Danielem
619 5025 882 5079 exercitui
903 5040 1001 5078 suo
1033 5024 1291 5093 praefecit.
1328 5023 1446 5075 Fuit
1479 5034 1654 5074 autem

106 5115 296 5168 liabeli
329 5115 530 5168 idolum
563 5131 757 5168 aereum
791 5115 978 5182 ingens
1010 5115 1092 5165 etii
1127 5129 1317 5165 nomen
1351 5112 1460 5177 Bel,
1503 5115 1660 5180 cujus

103 5210 420 5260 dimensum
460 5203 812 5272 257-259
835 5203 1202 5272 quotidianum
1231 5212 1342 5254 erat
1376 5204 1658 5255 duodecim

110 5299 286 5349 modii
318 5281 704 5364 similaa'purae,
731 5311 858 5349 oves
908 5297 1283 5363 quadraginta,
1312 5306 1362 5347 ct
1397 5298 1499 5348 vini
1536 5312 1658 5348 sex-

110 5389 239 5440 tarii
274 5403 389 5448 sex,
427 5388 568 5456 quod
619 5403 743 5439 curn
772 5388 1008 5454 qu0tidie
1051 5386 1371 5454 adequitans
1420 5403 1507 5440 rex
1569 5388 1660 5438 ad-

116 5490 325 5540 oraret,
354 5481 657 5531 vetuiteum
689 5477 788 5530 hoc
837 5477 1008 5531 facere
1040 5475 1246 5540 Daniel,
1296 5476 1480 5531 dicens
1513 5496 1524 5530 :
1559 5482 1658 5542 Qui

114 5569 418 5623 inserviunt
471 5570 633 5632 idolo,
671 5570 769 5636 ipsi
820 5569 936 5635 ejus
977 5568 1282 5621 dimerrsunr
1349 5571 1659 5622 comedunt.

109 5661 250 5713 Cum
276 5676 404 5729 ergo
437 5674 530 5714 rex
556 5660 864 5714 convocatis
894 5657 1107 5712 famulis
1141 5659 1256 5714 istis
1301 5662 1540 5714 ruiuatus
1583 5679 1661 5716 es-

1765 4483 1938 4536 Jussit
1965 4498 2092 4551 ergo
2114 4482 2286 4551 Cyrus
2334 4482 2718 4535 Zurobabelenr
2774 4481 3160 4552 Hierosolymis
3212 4488 3314 4538 iur-

1765 4588 1973 4640 perare.
2008 4571 2120 4626 Sub
2146 4573 2259 4640 ipso
2290 4572 2680 4639 proplretarunt
2730 4573 2977 4641 Αιτςιιευς,
3010 4589 3058 4624 et
3108 4573 3312 4627 Zacha-

1767 4663 1895 4720 tias.
1923 4660 2091 4714 Porro
2138 4662 2237 4713 fuit
2279 4664 2417 4731 Cyro
2464 4675 2781 4714 occultemus
3243 4683 3309 4717 ex

1766 4755 2024 4808 lsraelilis
2066 4755 2281 4807 nomine
2313 4753 2636 4811 Nalrtlrania,
2679 4753 2895 4821 Ilajalia:
2939 4756 3099 4814 filius,
3136 4760 3225 4821 qui
3258 4766 3310 4806 rt

1764 4847 2092 4913 captivitatis
2123 4844 2373 4912 princeps
2408 4843 2528 4897 fuit.
2567 4845 2653 4896 llle
2690 4846 2869 4910 templi
2924 4846 3166 4896 struendi
3219 4862 3306 4893 t-rt-

1765 4955 1878 4992 ratu
1909 4938 2171 5002 suscepit,
2192 4918 2421 5002 quocum
2456 4953 2559 4988 una
2593 4936 2660 4987 fu.
2687 4947 2816 4987 runt
2859 4937 2989 4986 lizra
3021 4936 3070 4983 Si
3095 4936 3216 4986 rain:
3249 4938 3310 4986 li-

1767 5030 1868 5082 lius
1902 5028 2174 5088 sacerdos,
2207 5035 2258 5078 et
2292 5025 2652 5078 Israelitarunr
2685 5026 2989 5077 multitudo.

1833 5116 1948 5169 Jaur
1985 5133 2012 5168 a
2046 5118 2354 5184 captivitate
2383 5116 2701 5186 Babylonica
2740 5117 2804 5167 ad
2840 5119 3092 5183 templum
3121 5120 3306 5171 condi-

1768 5221 1874 5262 lunr
1909 5212 2033 5260 anni
2062 5207 2650 5278 fueruntseptuaginta.
2680 5210 2846 5260 Annis
2877 5206 3056 5261 airlctn
3081 5222 3308 5276 quatuor

1766 5300 1999 5366 perfecta
2059 5307 2141 5351 cst
2209 5306 2517 5360 structura;
2590 5306 2876 5350 structurae
2925 5299 3038 5366 ejus
3098 5299 3309 5365 pra-fuit

1765 5389 2057 5443 Zcrobahel
2096 5389 2235 5442 filius
2259 5389 2550 5450 Salatielis,
2588 5390 2676 5442 filii
2760 5391 2960 5451 Achiae,
2992 5391 3080 5456 qui
3110 5406 3310 5457 cogno-

1765 5482 2000 5532 nrinatus
2029 5491 2113 5532 est
2155 5478 2423 5541 Joachirn,
2457 5477 2607 5532 Judzn
2652 5481 2809 5547 regis,
2849 5497 3007 5546 quem
3041 5484 3304 5548 captivum

1765 5571 2055 5623 abductum
2092 5577 2140 5621 in
2176 5588 2447 5630 carcer-errr
2481 5571 2714 5637 ronjecit
2745 5571 3156 5622 Huelrtarrasser.
3203 5569 3305 5621 Re.-

1767 5663 1948 5733 gnavit
1988 5672 2163 5715 autem
2191 5662 2490 5716 Zorobabcl
2522 5662 2907 5730 Hierosolymis
2932 5663 2982 5714 in
3014 5661 3302 5718 lsraclitas.
