3950 6348
575 333 679 395 963

1570 335 1922 396 EUTYCIIII
1964 335 2490 396 ALEXANDRINI
2532 338 2751 396 PATR.
3405 385 3416 395 .
3670 354 3749 415 tm

578 444 840 514 quidquid
880 445 930 496 in
970 442 1169 510 templo
1199 450 1314 495 erat
1346 455 1562 502 vasum,
1605 443 1750 504 auri,
1787 445 2026 512 argenti,
2057 451 2112 496 ιιι
2150 449 2196 505 Α
2225 443 2500 497 fornacem
2537 447 2678 513 ignis
2722 451 2952 515 conjecti
2997 460 3144 504 sunt.
3183 449 3324 505 Misit
3362 468 3486 507 vero
3528 457 3662 514 Deus
3695 466 3748 515 ιιι

573 549 934 604 gemmarum,
983 547 1219 588 necnon
1259 532 1528 603 ‘quidquitl
1573 532 1626 584 in
1675 547 1798 586 arce
1841 533 1983 603 regia
2017 532 2119 586 fttit

574 638 939 690 gemmarum,
969 623 1110 684 auri.
1146 629 1201 675 et
1231 621 1478 691 argenti,
1509 618 1758 673 Babelem
1791 621 2117 689 asportavit;

569 711 876 766 Joakimum
917 713 1138 783 insuper
1160 710 1311 768 Iuda:
1339 729 1517 782 regem
1550 715 1818 777 vinctum,
1853 703 1958 766 una
1991 729 2116 766 cum

571 803 863 856 comitibus
897 802 1065 874 ipsius
1097 803 1300 870 septies
1332 803 1476 857 mille
1500 817 1686 859 secum
1718 801 1968 856 Babelem
2001 813 2114 852 tra-

570 894 744 954 duxit.
780 908 879 947 nec
911 909 1013 946 non
1054 892 1416 948 lsraelitarnm
1457 902 1726 964 quotquot
1750 894 1962 946 viribus
1995 891 2112 960 pol-

572 984 767 1038 lerent.
807 985 948 1038 Inter
977 984 1218 1053 captivos
1247 993 1404 1037 erant
1442 983 1630 1038 Daniel
1655 983 1840 1036 adhde
1873 997 2027 1052 pucr,
2063 990 2117 1033 ct

567 1084 676 1129 tres
705 1075 875 1141 pueri,
899 1072 1203 1135 Hananiah,
1228 1073 1420 1126 Azaria
1462 1081 1517 1126 et
1571 1072 1778 1136 Misael,
1801 1074 1890 1140 qui
1925 1072 1976 1125 in
2012 1072 2122 1124 for-

568 1179 756 1219 nacem
797 1165 938 1232 ignis
969 1163 1202 1231 conjecti
1238 1172 1386 1216 sunt.
1419 1161 1605 1230 Neque
1640 1163 1694 1216 in
1734 1163 1865 1217 urbe
1897 1163 2118 1217 relictus

566 1265 649 1309 est
680 1255 763 1307 vel
795 1268 938 1306 unus
969 1253 1114 1321 quis,
1146 1251 1376 1306 infirmis
1407 1261 1460 1304 et
1492 1253 1821 1320 pauperibus
1848 1253 2110 1316 exceptis.

567 1343 811 1398 l‘rtrfecit
835 1354 1012 1397 autem
1039 1343 1431 1397 Boclttanasser
1452 1342 1862 1412 Hierosolymis,
1886 1341 2116 1397 Joakitni

568 1422 712 1503 regis
753 1433 906 1487 Juda:
943 1433 1184 1497 fratrem,
1213 1432 1565 1506 255-3”)
1592 1432 1756 1488 Josite
1797 1432 1984 1493 filium.
2016 1445 2116 1485 no-

567 1525 710 1578 mine
736 1523 1048 1586 llataniam,
1072 1537 1232 1593 quem
1262 1521 1548 1577 Zedekiam
1571 1523 1862 1593 appellavit
1886 1521 2113 1576 Joakimi

565 1617 706 1685 regis
731 1613 886 1668 Judae
918 1621 1204 1680 patruum;
1249 1615 1342 1684 qui
1375 1613 1628 1669 undecim
1673 1615 1830 1668 annis
1856 1615 2116 1669 Hierosoo

565 1707 723 1776 Iymis
754 1706 1020 1776 regnavit,
1049 1720 1226 1759 annos
1251 1714 1416 1760 natus
1453 1706 1642 1776 viginti
1673 1717 1729 1760 et
1760 1692 1948 1760 unum.
1975 1705 2106 1776 Ejus

2225 540 2369 605 ipsos
2405 552 2435 590 e
2479 540 2617 591 εωΙο
2665 540 2911 606 angelum
2947 542 3037 609 qui
3071 542 3245 610 ignem
3282 544 3355 596 ita
3389 547 3677 611 exstinxit,
3704 563 3750 604 ut

2225 626 2394 696 frigus
2448 626 2581 695 ipsis
2631 637 2682 680 et
2733 628 3078 686 incolumitas
3123 644 3268 688 esset
3313 649 3330 686 :
3382 636 3526 701 quod
3579 638 3750 694 videns

2223 715 2620 772 Bochtanasser
2661 717 2808 785 ipsos
2834 732 2866 771 e
2897 717 3120 778 fornace
3159 724 3365 787 eduxit,
3402 739 3636 794 cumque
3667 743 3749 782 eos

2219 816 2495 861 scrutatus
2537 808 2741 862 nullum
2773 809 2910 877 ignis
2946 811 3248 880 vestigium,
3281 829 3378 867 nec
3413 799 3633 882 ἰτίὶρςίε
3657 831 3744 869 nec

2221 895 2272 948 in
2303 895 2540 948 vestibus
2567 897 2804 963 ipsorum
2833 896 3299 964 deprehendisset,
3328 902 3484 954 valde
3517 903 3747 961 miratus.

2221 991 2474 1052 metuque
2519 984 2802 1051 perculsus
2849 984 3195 1056 aia-251
3246 989 3390 1056 ipsos
3433 991 3637 1048 honore
3677 993 3747 1045 af-

2218 1072 2424 1137 fectos,
2469 1085 2521 1127 et
2570 1074 2737 1144 gradu
2785 1055 3022 1128 sublimi,
3043 1055 3337 1133 collocatos
3392 1083 3660 1150 principes
3703 1085 3745 1136 in

2219 1163 2417 1232 palatio
2461 1178 2562 1217 suo
2608 1165 2913 1219 constituit.
2952 1165 3116 1220 Porro
3161 1183 3302 1222 anno
3329 1181 3446 1238 post
3492 1170 3746 1226 excidium

2220 1253 2714 1323 Hierosolymorum
2737 1264 2948 1324 quarto,
2971 1271 3094 1310 cum
3119 1257 3343 1312 vidisset
3369 1260 3749 1317 Bocbtanasser

2218 1345 2528 1408 insomnia,
2614 1347 2955 1414 congregatis
3007 1347 3316 1403 onirocritis
3368 1359 3420 1404 et
3473 1354 3751 1423 astrologis

2217 1434 2382 1488 dixit:
2429 1433 2676 1489 Visiones
2706 1452 2843 1504 quas
2883 1437 2990 1490 vidi
3027 1452 3128 1491 una
3162 1452 3282 1490 cum
3321 1430 3556 1508 ipsarum
3591 1444 3750 1497 inter-

2216 1524 2616 1594 pretationibus
2662 1527 2791 1579 mihi
2843 1528 3122 1583 narretis:
3179 1528 3262 1583 sin
3320 1530 3534 1593 minus,
3584 1534 3752 1601 capite

2215 1630 2310 1670 vos
2359 1615 2608 1684 plectam.
2663 1615 3079 1686 Responderunt
3126 1618 3248 1674 illi:
3303 1618 3418 1674 Non
3465 1631 3547 1675 est
3604 1623 3752 1676 nobis

2176 1704 2483 1759 'visionum
2534 1707 2800 1771 scientia,
2852 1708 2951 1762 nisi
3003 1709 3117 1777 ipse
3167 1709 3325 1764 nobis
3372 1710 3580 1764 indices
3629 1712 3752 1779 quid

565 1809 807 1867 tempore
834 1793 1538 1865 prophetaruntJeremias,
1575 1797 1852 1858 Habacuc.
1875 1806 1928 1852 et
1951 1796 2103 1852 Buzi.
2144 1787 2185 1840 Β
2214 1795 2458 1862 videris,
2528 1807 2588 1851 ttt
2635 1799 2766 1852 illud
2831 1798 2925 1852 tibi
2985 1801 3338 1868 explicemus.
3400 1801 3579 1855 Iratus
3630 1815 3754 1868 ergo

562 1885 732 1940 Porro
756 1901 900 1939 anno
925 1896 1066 1939 nono
1091 1885 1326 1940 detinuit
1349 1883 1583 1940 Zedekia
1602 1884 1758 1940 ludat
1783 1901 1892 1950 rex,
1921 1901 2110 1940 aurum

562 1985 724 2044 atque
755 1984 1036 2044 argentum
1078 1973 1223 2043 quod
1255 1973 1320 2028 ad
1359 1973 1850 2042 Bocbtanasserum
1895 1977 2112 2031 mittere

561 2066 755 2122 solitus
804 2065 1021 2122 fuerat:
1046 2080 1236 2136 .quare
1276 2066 1452 2122 iratus
1488 2065 1892 2122 Bocbtanasser
1921 2067 2113 2122 ducem

558 2176 592 2212 e
617 2158 732 2213 suis
761 2158 1074 2227 quemdam,
1122 2156 1339 2211 nomine
1377 2155 1888 2221 Nabuzaradanum,
1933 2156 2115 2225 spicu-

563 2253 790 2304 Iatorum
838 2249 1162 2317 principem,
1206 2247 1584 2316 Hierosolyma
1633 2247 1817 2309 misit,
1857 2245 1949 2314 qui
1989 2261 2110 2300 cum

561 2342 751 2396 urbem
785 2341 1022 2393 triennio
1066 2338 1362 2400 obsideret,
1395 2337 1629 2391 maxima
1664 2337 1946 2392 hominum
1988 2352 2112 2408 pars

562 2432 704 2486 fame
732 2432 1014 2497 absumpta
1048 2435 1149 2482 cst.
1171 2426 1401 2482 Zedekia
1434 2436 1635 2489 autem,
1661 2427 1811 2482 Juda:
1845 2443 1958 2493 rex,
1987 2426 2111 2497 luga

562 2533 723 2580 noctu
775 2521 1055 2577 contendit
1098 2519 1166 2574 ad
1215 2519 1528 2588 speluncam
1579 2533 1743 2588 quam
1801 2525 2111 2588 paraverat,

562 2619 888 2687 Speluncam
916 2613 1122 2669 Canum
1151 2611 1475 2681 appellatam
1501 2609 1688 2679 :.quod
1715 2627 1834 2664 etnn
1861 2610 2109 2664 animad-

557 2710 814 2764 vertisset
846 2702 1260 2766 Nabnzaradan,
1287 2700 1438 2754 illum
1467 2696 1782 2753 Jerechunti
1807 2707 2110 2758 assecutus.

560 2800 960 2871 apprehensum
991 2795 1057 2850 ad
1093 2780 1609 2855 Bochtanasserum,
1641 2787 1984 2844 Antiochiam
2015 2787 2112 2841 mi-

560 2893 631 2946 sit
659 2911 672 2948 :
696 2906 854 2959 quem
887 2889 1214 2958 prehensum
1236 2885 1410 2939 oculis
1433 2883 1663 2952 privavit
1691 2881 2110 2942 Bocbtanasser,

561 2982 687 3037 filiis
714 2982 888 3051 ipsius
917 2979 1096 3048 gladio
1116 2976 1380 3046 jngulatis
1409 2991 1424 3030 :
1460 2973 1841 3040 interfecitque
1871 2971 2113 3025 Nabuza-

555 3074 724 3132 radan
754 3085 1001 3140 magnam
1028 3067 1338 3123 Iudaeorum
1370 3064 1792 3125 multitudinem,
1825 3063 2108 3130 templum-
2136 3098 2176 3152 ο

559 3179 666 3233 que
697 3155 936 3214 dirutum
995 3158 1267 3221 incendit,
1307 3165 1363 3210 ut
1405 3163 1460 3211 et
1502 3155 1689 3209 urbem
1738 3153 2106 3222 Hierosolyma

564 3264 832 3310 vastatam
896 3250 1169 3310 incendit,
1229 3257 1282 3302 et
1333 3245 1595 3316 quidquid
1645 3245 1696 3298 in
1743 3245 1944 3311 templo
1981 3242 2104 3305 fuit,

557 3344 694 3404 auri,
716 3341 919 3411 argenti
949 3349 998 3393 et
1019 3340 1164 3404 teris,
1189 3334 1445 3389 Babelem‘
1460 3332 1778 3402 asportavit,
1799 3329 2106 3385 Judteornm

569 3444 752 3489 autem
782 3449 901 3486 ctnn
937 3431 1027 3483 alii
1060 3428 1370 3499 Egyptum,
1403 3425 1494 3480 alii
1524 3427 1578 3479 in
1611 3424 1825 3479 deserta
1859 3433 1914 3476 et
1946 3422 2110 3477 valles

558 3525 861 3595 fugissent,
910 3530 1175 3591 quotquot
1226 3517 1420 3587 reliqui
1473 3524 1666 3580 erant,
1721 3514 1810 3569 ille
1857 3512 2106 3566 Babeletn

560 3615 804 3685 captivos
838 3612 1099 3674 abduxit,
1134 3610 1269 3663 adeo
1309 3615 1369 3661 ut
1399 3605 1642 3661 desolata
1675 3611 1961 3658 manerent
1987 3600 2110 3655 Hie-

561 3706 827 3774 rosolyma
850 3743 864 3765 ,
913 3701 1130 3754 nemine
1161 3699 1274 3766 ipsa
1319 3694 1614 3750 incolente.
1646 3692 1901 3747 Habacuc
1929 3699 2106 3744 autem

559 3796 815 3864 propheta
869 3791 923 3843 in
976 3799 1174 3842 terram
1226 3784 1392 3856 248
1439 3783 1831 3838 lsmaelitarum
1879 3780 2004 3847 fuga
2052 3794 2110 3834 se

561 3883 797 3950 recepit,
843 3878 1036 3932 deinde
1083 3879 1135 3930 in
1193 3871 1482 3944 Egyptum
1531 3871 1831 3927 descendit.
1875 3869 2108 3924 Jeremia

561 3974 816 4042 propheta
843 3967 1132 4038 Egyptum
1163 3964 1316 4034 fugit.
1344 3964 1503 4032 idque
1530 3977 1672 4017 anno
1699 3961 1848 4029 regni
1878 3960 2110 4014 Bochta-

559 4066 816 4124 nasseris,
845 4061 1057 4114 decimo
1089 4070 1254 4109 nono.

626 4154 796 4209 Porro
844 4153 910 4204 ad
965 4148 1326 4218 captivitatem
1381 4144 1758 4214 Babylonicam
1806 4153 1858 4197 et
1897 4143 2110 4198 destru-

556 4245 789 4300 ctionem
839 4239 1047 4308 templi,
1097 4252 1126 4289 a
1161 4251 1327 4305 regno
1361 4236 1602 4298 Davidis,
1641 4227 1773 4287 anni
1810 4244 1936 4287 sunt
1975 4249 2108 4302 qua-

556 4334 824 4404 dringenti
871 4329 1210 4399 septuaginta
1253 4333 1484 4395 septem.
1538 4324 1618 4379 Ab
1653 4326 1801 4378 exitu
1845 4322 2113 4377 Israelita-

2215 1885 2609 1943 Bochtanasser
2636 1887 2689 1941 in
2721 1888 2899 1942 animo
2922 1888 3264 1943 habuit'colla
3289 1889 3420 1959 ipsis
3442 1889 3754 1958 praecidere.

2218 1973 2489 2030 Danielem
2515 1983 2691 2029 autem
2718 1976 3051 2046 prophetam.
3083 1979 3174 2046 qui
3204 1987 3446 2047 tempore
3469 1979 3756 2049 captivita-

2217 2067 2285 2120 tis
2319 2065 2634 2120 adolescens
2665 2064 2796 2130 fnit,
2845 2080 3180 2136 assumptum
3221 2068 3323 2123 sibi
3364 2070 3758 2124 Bocbtanasser

2212 2154 2362 2208 domi
2401 2171 2511 2210 sua:
2543 2154 2870 2210 educaverat
2909 2167 2963 2210 et
2993 2157 3339 2223 przefecerat;
3373 2158 3462 2213 ille
3493 2173 3625 2227 ergo
3654 2158 3756 2227 ipsi

2213 2243 2346 2296 dixit
2379 2259 2393 2296 :
2433 2245 2543 2313 Ego
2576 2243 2670 2298 tibi
2706 2244 2759 2297 in
2795 2243 3062 2298 somnium
3105 2245 3248 2312 quod
3278 2245 3452 2299 vidisti
3503 2246 3757 2309 narrabo,

2217 2335 2503 2402 ipsumque
2556 2334 2648 2388 tibi
2698 2334 3114 2402 interpretabor.
3165 2332 3311 2388 Vidit
3353 2334 3620 2404 siquidem
3663 2350 3758 2388 rex

2215 2423 2500 2494 imaginem
2547 2438 2795 2492 magnam
2817 2463 2834 2489 ,
2869 2432 3088 2492 aspectu
3119 2423 3412 2500 terribilem
3433 2464 3447 2486 .
3473 2425 3562 2493 cui
3598 2432 3765 2493 caput

2212 2529 2276 2567 ex
2304 2528 2470 2577 auro,
2514 2528 2709 2567 manus
2741 2529 2804 2568 ex
2850 2523 3104 2583 argento,
3139 2523 3325 2570 venter
3357 2522 3411 2568 ct
3452 2513 3659 2569 femora
3694 2529 3762 2569 ex

2213 2620 2339 2667 azre,
2371 2619 2531 2658 crura
2561 2619 2590 2658 e
2621 2603 2788 2669 ferro,
2823 2605 2985 2673 pedes
3015 2619 3045 2658 e
3074 2605 3402 2669 testa;,vidit
3431 2605 3626 2659 deinde
3664 2619 3764 2659 rex

2217 2705 2422 2765 petram
2457 2696 2712 2766 grandem
2754 2710 2785 2750 e
2820 2703 3000 2750 monte
3035 2695 3153 2750 sine
3195 2695 3429 2763 alicujus
3467 2710 3571 2764 ope
3606 2696 3764 2750 exci-

2213 2801 2363 2849 sam,
2392 2801 2512 2853 qua:
2544 2785 2828 2854 imaginem
2860 2784 3020 2840 istam
3055 2785 3382 2840 confractam
3414 2787 3764 2850 comminuit,

2213 2877 2346 2930 adeo
2411 2887 2469 2930 ut
2531 2877 2740 2930 nullum
2798 2876 2964 2946 ipsius
3019 2877 3301 2948 vestigium
3354 2878 3762 2948 perciperetur;

2211 2976 2359 3035 petra
2392 2977 2570 3020 autem
2622 2981 2773 3020 mons
2817 2981 3045 3034 magnus
3076 2954 3269 3030 evasit,
3313 2973 3616 3036 terramque
3657 2969 3767 3022 im-

2215 3058 2415 3126 plevit:
2451 3058 2551 3112 hoc
2587 3065 2672 3111 est
2705 3059 2848 3126 quod
2889 3059 3023 3111 vidit
3070 3073 3185 3112 rex.
3227 3059 3607 3128 Interpretatio
3637 3057 3767 3127 ejus

2212 3151 2354 3202 haec:
2384 3148 2485 3210 Tu,
2520 3163 2551 3202 ο
2583 3163 2700 3214 rex,
2723 3158 2884 3218 caput
2917 3164 2977 3202 es
3034 3147 3284 3218 imaginis
3318 3150 3478 3204 istius
3511 3157 3763 3214 aureum;

2210 3248 2330 3308 post
2364 3248 2416 3292 te
2460 3249 2781 3308 regnaturus
2817 3253 2905 3291 rex
2950 3250 2999 3293 te
3046 3238 3297 3303 inferior,
3339 3247 3616 3308 argentum
3649 3249 3763 3305 est;

2211 3339 2331 3399 post
2367 3330 2539 3398 ipsum
2578 3330 2695 3398 ipso
2745 3327 2998 3390 inferior.
3030 3344 3136 3395 tes;
3171 3327 3332 3398 252
3365 3340 3484 3398 pnst
3512 3330 3659 3383 illum
3698 3345 3767 3383 eo

2214 3420 2460 3483 inferior,
2493 3418 2730 3484 ferrum;
2769 3430 2890 3487 past
2917 3433 3075 3487 quem
3110 3417 3343 3487 denique
3378 3427 3432 3472 et
3464 3417 3579 3486 ipso
3616 3416 3766 3472 infe-

2208 3512 2322 3566 rior
2356 3521 2702 3580 regnaturus,
2731 3517 2870 3563 testa
2901 3519 3025 3562 est:
3061 3519 3114 3561 at
3145 3517 3266 3577 post
3293 3508 3471 3576 ipsum
3505 3515 3766 3577 regnatu-

2208 3618 2300 3657 rus
2322 3611 2406 3658 est
2431 3617 2520 3655 rex
2551 3614 2776 3668 magnus
2799 3598 2956 3666 cujus
2982 3613 3200 3668 regnum
3227 3612 3502 3664 nunquam
3525 3598 3759 3653 desinet:

2208 3698 2261 3744 et
2291 3688 2745 3758 quemadmodum
2773 3687 2967 3749 ,vidisti
2997 3695 3201 3756 petram
3229 3701 3258 3740 e
3301 3695 3482 3741 monte
3511 3687 3628 3741 sine
3657 3687 3764 3741 ali-

2208 3778 2364 3848 cujus
2400 3793 2504 3848 ope
2541 3777 2778 3833 excisam
2823 3790 2944 3844 qua:
2984 3775 3270 3844 imaginem
3309 3775 3607 3845 confregit,
3643 3784 3758 3829 ter-

2209 3883 2432 3936 ramque
2478 3867 2748 3938 implevit,
2795 3869 2869 3919 ita
2915 3866 3020 3920 erit
3062 3878 3120 3918 ut
3157 3881 3249 3919 rex
3303 3865 3405 3920 iste
3455 3866 3547 3919 tuti
3599 3874 3761 3921 terra

2209 3961 2522 4014 dominetur
2562 3972 2737 4026 usque
2780 3957 2832 4010 in
2878 3956 3156 4013 saeculum.
3199 3954 3596 4010 Bochtanasscr
3628 3972 3759 4028 ergo

2211 4051 2480 4104 Danieletn
2522 4048 2947 4104 vesteindntutn
2990 4049 3191 4100 lienure
3220 4046 3433 4110 affecit,
3475 4048 3757 4103 omnibus-

2209 4156 2315 4209 que
2345 4140 2557 4195 Babelis
2585 4140 2759 4194 doctis
2795 4138 3057 4207 praefecit,
3085 4139 3386 4208 domusque
3412 4155 3522 4193 suae
3558 4140 3762 4208 princi-

2212 4248 2328 4300 pem
2355 4231 2640 4284 constituit
2671 4246 2685 4293 ;
2717 4230 2933 4282 nomine
2964 4226 3201 4281 Beltasar
3229 4227 3328 4297 ipsi
3362 4230 3554 4283 indito.
3585 4229 3761 4283 Porro

2210 4337 2351 4375 anno
2374 4321 2705 4390 captivitatis
2734 4318 3074 4389 Babylonica:
3107 4320 3300 4387 quinto
3331 4329 3451 4387 post
3479 4321 3762 4375 destructa

560 4443 676 4480 rum
719 4441 782 4479 ex
828 4422 1080 4491 Egypto,
1127 4419 1276 4472 ntille
1318 4419 1594 4482 octoginta
1643 4426 1772 4469 tres.
1826 4415 1907 4468 Ab
1936 4416 2109 4470 Abra-
2141 4431 2184 4484 ι)
2214 4411 2620 4480 Hierosolyma,
2671 4413 3065 4480 prophetarunt
3122 4410 3302 4464 Babeli
3355 4426 3420 4465 cx
3472 4410 3754 4475 Israelitis,

560 4521 748 4579 hamo,
786 4516 930 4568 tnille
974 4512 1251 4581 quingenti
1285 4507 1599 4577 nonaginta.
1638 4507 1680 4558 A
1717 4503 1984 4567 l’ltalelto,
2026 4505 2109 4558 bis

560 4608 706 4661 mille
749 4613 966 4658 centum
1015 4601 1232 4667 triginta
1276 4607 1329 4650 et
1367 4612 1526 4650 unus.
1561 4597 1604 4647 A
1631 4595 1831 4648 diluvio
1853 4595 1932 4646 bis
1967 4594 2112 4646 mille

559 4699 796 4753 sexcenti
842 4694 1123 4760 sexaginta
1175 4691 1300 4742 duo.
1337 4688 1420 4740 Ab
1450 4686 1682 4746 Adamo,
1732 4695 1922 4753 quater
1971 4685 2111 4738 mille

561 4789 810 4856 nongenti
844 4797 894 4837 ct
930 4783 1252 4835 octodecim.
1300 4781 1489 4841 Porro,
1537 4777 1938 4829 Boclttanasser
1966 4790 2110 4828 anno

563 4881 709 4950 regni
735 4880 813 4932 sui
855 4877 1065 4930 decimo
1098 4882 1312 4933 octavo,
1343 4884 1406 4923 eo
1436 4884 1625 4936 nempe
1659 4870 1748 4936 qui
1780 4868 2109 4921 destructio-

563 4989 680 5026 nem
727 4968 913 5037 templi
964 4966 1209 5034 prnxime
1258 4960 1549 5013 antecessit
1595 4968 1826 5010 statuant
1874 4973 1938 5009 ex
1980 4973 2111 5010 auro

561 5062 814 5116 conﬂavit
837 5059 1050 5113 cubitos
1077 5055 1237 5106 altam
1269 5051 1569 5117 sexaginta,
1605 5051 1763 5101 latam
1789 5065 1881 5102 sex
1906 5065 1920 5106 ;
1949 5063 2108 5116 quam

561 5169 682 5206 cum
718 5155 767 5204 in
799 5150 975 5202 medio
1011 5147 1161 5200 urbis
1193 5145 1352 5197 liabel
1384 5144 1684 5199 statuisset.
1721 5158 1911 5195 omnes
1943 5144 2110 5209 impc-

565 5246 643 5297 rio
694 5258 791 5297 suo
837 5239 1079 5294 subditos
1118 5238 1288 5304 ipsam
1352 5235 1575 5289 adorare
1623 5235 1825 5302 jussit:
1877 5233 2017 5301 quod
2067 5233 2110 5285 si

563 5338 686 5406 quis
719 5336 894 5386 facere
922 5337 1195 5384 recusaret
1219 5329 1271 5381 in
1299 5326 1520 5380 fornace
1548 5327 1686 5395 ignis
1713 5325 2111 5379 comburendos

563 5439 699 5486 erat.
737 5429 1016 5495 Selegerat
1055 5433 1229 5475 autem
1271 5421 1370 5474 sibi
1408 5419 1805 5474 Bochtanasser
1834 5436 1908 5493 ex
1939 5418 2110 5472 Israe-

566 5523 676 5574 litis
702 5534 898 5588 pueros
928 5527 1058 5575 tres,
1087 5526 1314 5580 quorum
1347 5525 1514 5564 unum
1544 5512 1833 5581 appellavit
1859 5509 2108 5572 Sidracb,

565 5612 788 5664 alterum
842 5606 1075 5666 Misach,
1130 5604 1346 5656 tertium
1399 5601 1722 5671 Abd-Nagu.
1774 5605 1908 5656 'l't'es
1960 5602 2106 5669 pueri

567 5701 654 5756 isti
704 5716 824 5754 cum
873 5697 1071 5751 idolum
1123 5710 1228 5748 non
1276 5694 1593 5759 adorarent,
1633 5695 1785 5764 jussu
1836 5694 2004 5762 ipsius
2057 5693 2109 5744 in

2212 4501 2421 4556 Ezekiel
2465 4501 2606 4554 ﬁlius
2654 4499 2819 4564 Buzi,
2870 4500 2986 4553 loco
3033 4499 3178 4553 dicto
3217 4500 3498 4564 Carmela;
3547 4501 3751 4556 Bal'ltCII

2207 4593 2381 4647 Nerize
2426 4593 2601 4655 ﬁlius,
2644 4591 2812 4645 frater
2855 4592 2972 4659 ejus
3002 4590 3195 4653 Saras,
3230 4591 3416 4644 Daniel
3446 4607 3476 4645 e
3507 4594 3752 4661 prosapia

2211 4684 2484 4745 Davitlica,
2517 4681 2884 4745 Mordechani,
2923 4678 3458 4756 Benjantitnpllncai,
3494 4679 3750 4734 lacuaria

2213 4777 2349 4827 ﬁlius
2383 4773 2686 4834 Barachiat,
2722 4772 3014 4824 Malacliias
3040 4812 3052 4832 .
3087 4770 3238 4831 Ezra,
3270 4785 3320 4822 et
3353 4769 3579 4822 Nahum.
3607 4769 3753 4823 Fue-

2213 4875 2442 4933 runtqne
2476 4862 2708 4932 λειω-βω
2740 4864 3008 4930 prOphctac
3048 4861 3318 4923 llabacnc,
3361 4860 3674 4923 Sitnconita,
3701 4869 3754 4911 tt

2209 4956 2457 5010 Jeremia.
2483 4954 2779 5008 Coluerunt
2805 4964 2980 5006 autem
3009 4951 3261 5004 Israeliue
3287 4951 3336 5003 in
3365 4951 3555 5004 Babcle
3583 4951 3745 5014 idola,

2209 5050 2278 5102 ob
2303 5048 2446 5116 quod
2480 5061 2600 5098 cum
2633 5045 2778 5111 ipsos
2814 5042 3114 5110 increparet
3149 5042 3355 5094 Ezekiel
3385 5041 3661 5110 propheta,
3694 5043 3747 5092 in

2210 5153 2330 5192 eum
2371 5137 2635 5189 irruentes
2672 5133 3032 5187 lsraelitarum
3068 5133 3333 5199 primores
3369 5140 3541 5185 morte
3575 5132 3744 5199 ipsum

2213 5231 2530 5282 multarunt.
2591 5227 2756 5280 Porro
2815 5224 3209 5277 Bochtanasser
3265 5237 3407 5274 anno
3464 5224 3604 5290 regni
3664 5221 3744 5274 sui

2214 5321 2467 5374 vicesimo
2521 5319 2712 5385 quinto
2767 5314 3055 5384 Egyptuu‘n
3116 5312 3388 5381 profectus
3439 5328 3588 5382 reges
3630 5312 3746 5378 ejus

2213 5408 2518 5474 interfecit;
2554 5407 2942 5477 imperavitque
2978 5403 3230 5474 Aigypto,
3265 5403 3455 5472 Syrize,
3492 5410 3744 5469 terraeque

2209 5502 2379 5563 Judze,
2407 5501 2776 5562 Romaaorum,
2822 5496 3152 5556 Grteeorunt,
3203 5495 3416 5555 Persian,
3459 5494 3659 5546 Babclis
3693 5502 3744 5544 ct

2213 5593 2499 5648 Al—MnSnI.
2532 5592 2724 5643 Totum
2762 5589 2907 5657 regni
2936 5588 3053 5655 ejus
3079 5587 3312 5654 spatium
3348 5601 3609 5637 :tnttorutn
3634 5591 3743 5634 erat

2213 5688 2564 5756 quadraginta
2613 5685 2883 5752 quinque,
2939 5695 3162 5749 quntum
3207 5677 3574 5729 novt-tndccim
3604 5673 3740 5724 cxt‘i-
