3950 6348
665 287 766 348 967

1625 277 1915 339 EUTYCH
1928 275 1982 334 ΙΙ
2025 269 2552 333 ALEXANDRINI
2583 271 2800 332 PATR.
3730 283 3794 344 (iis

668 402 972 452 l‘orronnn
997 403 1115 466 post
1149 394 1334 448 urbem
1362 392 1633 446 conditam
1691 404 1834 444 anno
1881 388 2021 441 diem
2080 385 2215 438 obiit
2261 392 2302 446 Α
2347 384 2524 438 donite
2590 399 2679 436 rex
2746 383 3023 453 Philippus
3082 383 3373 438 Alexandri
3437 394 3598 452 pater.
3657 387 3800 445 llnrtuo

670 487 806 542 Ezra
837 487 1114 550 sacerdos,
1148 485 1262 552 qui,
1304 495 1429 538 ante
1467 483 1649 536 .Insute
1705 482 1796 535 lilii
1844 477 2092 533 Josadaci
2137 491 2221 528 sa-

667 578 908 634 cerdotis
953 578 1268 637 adventum,
1321 574 1622 629 sacerdotis
1675 586 1870 625 munus
1921 569 2054 621 obiit
2087 585 2100 620 :
2129 569 2220 635 qui

665 685 788 723 cum
813 667 1032 722 Jndaaos
1079 668 1131 720 in
1185 666 1368 719 ntnltis
1409 666 1551 718 circa
1588 665 1752 731 legem
1788 674 2005 714 errasse
2038 656 2212 711 oﬂ'en-

664 761 852 820 dissct,
891 761 1085 812 librum
1138 759 1271 828 legis
1319 759 1450 825 ipsis
1492 755 1799 824 descripsit.
1851 768 1974 806 eum
2032 763 2223 813 nempe

637 841 759 920 ἰιιιί
797 853 957 905 hodie
985 851 1036 903 itt
1066 851 1319 903 manibus
1341 849 1578 916 ipsorum
1600 853 1705 899 est.
1733 845 1944 912 Resque
1966 842 2031 894 ad
2051 841 2220 906 legem

667 941 905 1010 ipsorum
939 948 1246 1007 spectantes
1293 939 1422 1005 ipsis
1456 934 1752 998 renovavit,
1785 942 1837 986 ct
1862 933 1982 999 jura
2015 929 2221 983 docuit.

668 1027 879 1083 Mortuo
901 1029 1042 1097 Cyro
1067 1027 1247 1088 Dario,
1281 1025 1492 1080 Babelis
1524 1040 1668 1094 rege.
1698 1036 1815 1092 post
1847 1024 2019 1092 ipsum
2050 1021 2223 1086 impe-

669 1119 808 1170 ravit
844 1118 987 1171 Illius
1037 1116 1209 1186 ipsius
1266 1117 1537 1186 Kantysus
1591 1129 1763 1168 annos
1816 1128 2004 1166 novent
2045 1127 2060 1164 :
2103 1121 2223 1178 post

667 1223 826 1277 quem
861 1206 1176 1261 Samardius
1208 1220 1395 1274 magus
1423 1220 1624 1258 annum
1663 1220 1849 1256 ttnttm.
1900 1204 1996 1256 llic
2026 1217 2217 1271 magus
2270 1265 2271 1270 η

667 1291 1084 1365 cognomiratns
1136 1305 1216 1347 est
1266 1296 1408 1363 quod
1473 1294 1640 1362 ipsius
1687 1303 1926 1360 tempore
1988 1290 2228 1345 ﬂoruerit

667 1384 833 1440 Persa
855 1387 1071 1454 quidam
1110 1386 1330 1438 nomine
1355 1383 1676 1445 Zoradasht,
1708 1383 1798 1450 qtti
1833 1397 2107 1451 magorum
2139 1397 2227 1434 re-

669 1477 922 1545 ligionem
981 1475 1227 1530 condidit
1289 1474 1502 1529 aedibus
1564 1473 1671 1543 igni
1739 1471 2026 1526 dedicatis.
2103 1469 2228 1524 Po.~t

668 1567 844 1634 ipsum
882 1566 1118 1633 regnavit
1174 1565 1310 1617 Dara
1348 1565 1574 1632 primus,
1627 1577 1800 1616 annos
1853 1562 2063 1630 viginti.
2100 1559 2228 1616 Post

667 1656 818 1708 illum
851 1657 1205 1710 Artacltshast
1232 1654 1592 1726 Longimanus
1615 1651 1778 1724 264
1799 1653 2226 1720 cognominatus,

2337 475 2550 529 Achttso
2581 472 2869 526 Persarum
2903 489 3045 544 rege,
3077 485 3198 544 post
3249 477 3427 544 ipsum‘
3467 479 3685 546 regnarit
3710 484 3800 536 Illius

2330 564 2504 634 ipsius
2524 563 2715 624 Arses,
2737 565 2826 632 qtti
2846 565 3257 630 cognominatus
3277 573 3360 620 est
3375 565 3558 630 Nacet,
3589 582 3729 621 annos
3744 588 3806 624 ιιιι-

2327 655 2520 709 decim.
2554 654 2683 722 Ejus
2711 662 2962 724 tetnpore
2987 655 3281 709 ﬂoruerunt
3309 659 3360 709 in
3390 659 3523 712 urbe
3547 639 3804 715 Athenarum

2325 754 2379 796 et
2414 745 2727 800 Graecorum
2781 747 3000 813 regione
3037 745 3336 814 philosophi
3374 747 3656 816 sapientes,
3687 748 3808 811 Plato.

2325 833 2590 888 Censalon
2623 832 2996 906 [Χιξιιοιιιιοιι]ο
3040 836 3394 898 Democritus,
3443 838 3744 904 Apollonius,
3781 853 3813 893 rt

2330 930 2607 981 Socrates.
2631 925 2843 979 Mortuo
2862 927 3059 980 Arscso
3087 926 3372 982 Persarum
3396 945 3543 998 rege,
3565 942 3672 996 post
3690 932 3815 1000 ipsum

2331 1018 2574 1086 regnavit
2628 1017 2772 1070 filius
2828 1017 2999 1084 ipsius
3046 1011 3240 1073 Darius
3271 1035 3444 1073 annos
3474 1031 3686 1087 septem,
3707 1039 3816 1089 quem

2331 1109 2511 1164 interfr
2527 1112 2600 1164 cit
2624 1109 2944 1164 Alexander.
2977 1107 3216 1180 Regnum
3243 1121 3529 1166 tenuerunt
3549 1113 3700 1184 ξω
3715 1131 3821 1184 rcges

2329 1205 2418 1256 lsli
2473 1203 2526 1256 in
2584 1201 2776 1276 Musa],
2833 1192 3174 1272 Babylonem,
3237 1202 3470 1256 Persiam
3505 1213 3559 1256 et
3599 1207 3821 1261 Anteium.

2327 1293 2497 1345 Causa
2531 1302 2708 1346 autem
2736 1307 2828 1346 cur
2853 1293 3177 1345 ittterllceret
3201 1293 3500 1348 Alexander
3526 1294 3724 1348 Darium
3747 1296 3825 1350 hac

2334 1392 2472 1444 erat,
2509 1383 2652 1451 quod
2685 1398 2808 1436 cum
2830 1393 3043 1436 mortuo
3063 1395 3217 1452 patre
3249 1383 3500 1454 Philippo
3531 1388 3824 1440 successisset

2331 1473 2382 1524 in
2412 1471 2741 1526 Macedonia:
2775 1488 2943 1542 regno
2970 1473 3275 1528 Alexander
3294 1489 3464 1529 annos
3491 1477 3739 1529 sexdecim
3758 1493 3825 1530 na.

2332 1574 2440 1626 tus,
2473 1573 2634 1631 atque
2659 1563 2818 1617 Dario
2853 1563 3049 1619 Persiae
3079 1567 3189 1634 regi
3237 1567 3545 1620 nuntiatum
3585 1576 3715 1620 esset
3749 1570 3830 1619 Ale-

2333 1653 2596 1706 xandrum
2631 1661 2753 1721 post
2805 1661 3009 1722 patrem
3042 1669 3200 1708 suum
3225 1653 3427 1710 Gr:ecis
3476 1657 3530 1708 in
3556 1673 3743 1725 perare,
3770 1659 3826 1709 ille

672 1761 849 1800 annos
890 1731 1074 1812 viginti
1125 1756 1387 1813 quatuor,
1434 1745 1591 1812 cujus
1642 1755 1883 1812 tempore
1945 1743 2129 1797 ﬂoruit
2170 1741 2223 1795 in
2259 1729 2298 1782 Β
2330 1741 2498 1809 ip~ius
2529 1734 2904 1814 [sultjugattdi]
2938 1743 3192 1812 cupidus,
3229 1747 3433 1799 litteras
3452 1746 3520 1798 ad
3554 1748 3714 1814 ipsum
3735 1762 3828 1799 con-

667 1833 978 1889 Grtceortun
1040 1837 1282 1903 regione,
1317 1833 1370 1887 in
1410 1835 1542 1886 urbe
1573 1833 1702 1895 Coo,
1741 1829 2095 1899 Hippocrates
2139 1846 2226 1885 sa-

669 1927 823 1994 piens
854 1925 985 1978 artis
1010 1927 1231 1978 medica:
1254 1936 1465 1976 auctor.
1501 1922 1638 1976 Dicit
1665 1919 1795 1976 Said
1815 1921 2030 1974 Patricii
2062 1921 2224 1980 ﬂlitts.

670 2015 918 2070 medicus
955 2034 969 2071 :
1009 2014 1182 2084 llujus
1212 2016 1286 2068 rei
1320 2015 1579 2069 indicium
1616 2025 1697 2068 est
1749 2014 1895 2081 quod
1926 2013 2087 2067 refert
2121 2013 2196 2068 Ca

670 2107 828 2162 lenus
861 2108 916 2161 ιιι
952 2121 1052 2161 sua
1091 2106 1390 2174 juramenti
1421 2113 1475 2160 et
1500 2123 1528 2156 ιι
1552 2105 1735 2159 andati
1765 2093 2106 2174 Hippocratis
2133 2119 2228 2158 cx-

674 2198 982 2266 plit'atiOttt',
1007 2198 1214 2251 seizictt
1254 2211 1427 2265 regem
1455 2180 1736 2249 Persarum
1761 2196 1824 2247 ad
1855 2193 2225 2262 Hippocratem

678 2288 912 2352 misisse,
931 2301 995 2343 ac
1021 2302 1212 2357 magna
1237 2287 1474 2354 pecuniae
1493 2301 1700 2341 summa
1730 2285 1906 2339 oblata
1927 2281 2227 2355 [invitasse]

675 2387 734 2431 ttt
769 2379 834 2432 ad
872 2379 1048 2447 ipsum
1075 2378 1398 2442 accederet;
1445 2385 1569 2431 voto
1599 2384 1785 2430 autem
1833 2376 1952 2444 ejus
1980 2391 2086 2429 non
2134 2390 2228 2428 an-

675 2469 862 2522 nuisse
895 2456 1308 2542 Hippocratem,
1339 2483 1513 2538 neque
1542 2469 1714 2537 ipsum
1741 2468 1954 2531 adiisse,
1983 2483 2104 2522 cum
2139 2482 2228 2519 nc-

676 2573 947 2628 quaquam
978 2559 1078 2629 ipsi
1106 2573 1260 2628 anno
1279 2568 1702 2615 consentaneum
1731 2559 2009 2612 videretur
2035 2559 2230 2612 Persas

677 2649 768 2716 qui
797 2647 1108 2703 Gttecorttm
1145 2650 1331 2704 h05tes
1361 2659 1542 2704 essent
1564 2663 1777 2703 sanare.
1813 2647 2000 2703 llefert
2049 2657 2227 2700 autem

680 2740 890 2794 llonain
953 2740 1126 2795 lsaaki
1164 2741 1327 2806 illius,
1385 2742 1438 2794 in
1486 2755 1585 2794 sua
1635 2741 1755 2795 libri
1812 2741 2020 2807 hujuse
2050 2739 2227 2807 lingua

679 2830 865 2887 Graeca
897 2834 951 2886 in
979 2834 1270 2888 Arabicam
1296 2835 1566 2894 versione.
1608 2833 1916 2887 meminisse
1945 2829 2228 2892 Calenum,

681 2919 1060 2993 Hippocratem
1086 2939 1194 2977 non
1222 2923 1419 2978 adiisse
1449 2919 1893 2977 Artachshastum
1942 2920 2232 2989 Longinta—

686 3029 815 3067 nunt
868 3015 1218 3084 appellatum,
1277 3014 1418 3083 quod
1465 3026 1721 3083 regnante
1771 3015 1888 3082 ipso
1941 3013 2230 3081 contigisse

681 3104 890 3159 feratur
960 3105 1140 3160 Persis
1192 3106 1440 3159 morbum
1485 3105 1686 3159 dictum
1731 3103 2089 3158 Al-Mavvarek
2131 3104 2230 3174 (vel

660 3196 833 3280 'juxta
861 3197 1004 3250 aliud
1039 3197 1338 3265 exemplar,
1383 3197 1634 3265 pestem).
1666 3195 1870 3250 Misisse
1897 3210 2027 3265 ergo
2060 3196 2232 3262 ipsum

681 3287 750 3340 ad
783 3288 932 3341 urbis
963 3285 1041 3341 lio
1071 3289 1382 3357 praefectum
1420 3301 1580 3356 quem
1642 3287 1874 3355 rogavit,
1931 3294 1989 3339 ut
2035 3285 2236 3356 Hippo-

681 3381 816 3435 crati
849 3386 1068 3432 centum
1103 3379 1455 3432 auriJalenta
1513 3377 1771 3440 traderet,
1830 3378 2117 3445 ipsumque
2168 3377 2232 3430 ad

683 3485 764 3537 se,
797 3470 1096 3524 honorifice
1135 3477 1445 3533 tractatum,
1498 3466 1817 3531 adduceret,
1844 3483 1952 3537 quo
1979 3465 2172 3521 Persas
2205 3484 2233 3519 ιι

685 3560 875 3619 morbo
901 3561 990 3633 qui
1021 3559 1152 3633 ipsis
1178 3558 1516 3628 contigisset,
1566 3569 1823 3622 sanaret;
1855 3557 2114 3625 abnuisse
2143 3571 2233 3612 au-

688 3668 794 3710 tem
865 3654 1274 3726 Hippocratem,
1354 3664 1474 3704 eum
1526 3664 1633 3705 non
1695 3664 1908 3722 aequum
1969 3650 2236 3721 judicaret

684 3744 1000 3815 Grmcgrum
1036 3744 1295 3800 hostibus
1322 3759 1475 3815 Opem
1513 3743 1668 3809 ferre,
1700 3753 1899 3811 eosque
1933 3755 2148 3796 sanare.

756 3811 970 3893 Moituo
1001 3811 1434 3892 Artacbshaslito
1481 3835 1838 3905 Longimano,
1892 3845 2012 3901 post
2066 3833 2238 3902 ipsum

688 3930 971 3998 imperavit
1004 3927 1403 3981 Artachshasht
1451 3925 1698 3995 Magnus,
1737 3939 1906 3977 annos
1940 3924 2158 3993 triginta
2187 3930 2240 3976 et

692 4036 877 4074 unum.
908 4020 1035 4075 Post
1056 4036 1177 4075 eum
1201 4017 1506 4072 Saadianus
1537 4032 1708 4071 annos
1737 4024 1867 4070 tres.
1900 4013 2031 4068 Post
2063 4013 2239 4083 ipsum

694 4110 826 4163 Dara
860 4109 1153 4172 secundus,
1187 4105 1535 4177 εδδ-267
1583 4107 1675 4174 qui
1707 4106 2116 4176 cognominatus
2161 4112 2244 4158 cst

693 4199 988 4254 Al-Nacctb
1042 4214 1215 4252 annos
1271 4196 1684 4266 septemdecim.
1727 4195 2028 4250 Post.eum
2073 4196 2242 4248 'Arta-

692 4290 970 4353 cltshasht,
1002 4304 1031 4342 e
1067 4287 1192 4342 filiis
1213 4287 1394 4340 fratris
1421 4285 1544 4355 Cyri
1578 4286 1826 4346 secundi,
1853 4300 2022 4339 annos
2055 4285 2241 4354 viginti

2331 1832 2631 1899 scripserit,
2661 1847 2892 1900 quarum
2928 1833 3027 1886 hoc
3050 1835 3324 1901 exemplar
3353 1844 3435 1887 est
3464 1851 3476 1885 :
3521 1854 3538 1884 ι
3571 1834 3827 1888 Nuntiatum

2331 1932 2411 1974 est
2443 1922 2571 1976 tttilti
2608 1931 2657 1976 le
2707 1923 2918 1992 injussu
2957 1939 3078 1978 meo
3105 1925 3156 1976 itt
3189 1923 3404 1978 Graecos
3460 1940 3681 1994 regnum
3709 1941 3828 1978 occu-

2332 2031 2510 2084 passe.
2534 2015 2686 2081 Quod
2717 2015 2762 2070 si
2785 2016 2970 2071 eadem
2999 2032 3104 2086 qua
3132 2033 3194 2085 pa
3221 2033 3280 2070 er
3311 2026 3436 2072 tuus
3459 2019 3542 2071 via
3569 2019 3832 2072 incessisses

2333 2108 2385 2158 in
2440 2107 2668 2162 consilio
2702 2107 2983 2177 capiendo,
3050 2118 3105 2162 ct
3141 2111 3281 2176 quod
3342 2124 3442 2178 ego
3492 2119 3543 2165 te
3599 2112 3830 2177 jussissem

2335 2197 2574 2263 fecisses,
2627 2199 2729 2254 hoc
2761 2199 2859 2254 tibi
2894 2200 3088 2254 melius
3140 2200 3352 2263 fuisset,
3393 2212 3442 2254 et
3471 2204 3831 2270 pt'osperitatem

2333 2299 2476 2342 tuam
2500 2288 2706 2343 diutius
2733 2290 3131 2345 eontittuasses.
3169 2290 3364 2344 V-eruzu
3399 2295 3463 2344 ad
3502 2293 3604 2345 hoc
3639 2301 3686 2344 te
3709 2293 3836 2360 intptt-

2334 2380 2395 2434 lit
2431 2380 2675 2449 pueritim
2708 2382 2953 2451 dcccptio
2990 2397 3086 2452 pro
3117 2393 3202 2435 tua
3245 2392 3294 2435 et
3325 2393 3536 2435 tuorum
3563 2384 3837 2453 ignorantia.

2336 2471 2544 2526 Recede
2567 2487 2694 2542 ergo
2740 2473 2807 2527 ab
2835 2487 2900 2528 eo
2928 2489 3035 2542 quo
3060 2474 3169 2542 jam
3194 2489 3250 2526 es
3283 2472 3470 2544 [luem]
3497 2485 3546 2527 et
3571 2492 3667 2542 pro
3697 2474 3841 2541 teipse,

2333 2574 2385 2614 ct
2416 2563 2582 2630 patria
2618 2573 2706 2615 tua
2742 2562 3124 2632 redemptionis
3145 2565 3370 2632 pretium
3398 2567 3655 2630 offerens,
3679 2569 3840 2632 culpam

2339 2664 2484 2706 luam
2529 2655 2806 2717 confitere,
2840 2667 3001 2725 atque
3032 2657 3131 2709 hoc
3160 2657 3266 2710 cito
3289 2660 3430 2711 omni
3466 2674 3618 2711 mora
3651 2659 3844 2726 deposita

2338 2744 2527 2799 facias.
2563 2745 2657 2800 Sin
2691 2747 2872 2801 minus
2901 2748 2966 2801 ad
2999 2759 3048 2802 te
3090 2761 3212 2800 cum
3274 2747 3562 2802 Persarum
3606 2749 3729 2802 viris
3759 2763 3846 2816 pro-

2337 2836 2530 2901 fectus,
2560 2837 2789 2904 patriam
2843 2847 2989 2892 tuam
3025 2853 3210 2892 eorum
3255 2840 3478 2907 pedibus
3533 2839 3846 2899 conculcabo,

2338 2930 2486 2982 viros
2513 2938 2636 2983 tuos
2668 2929 2938 2992 occidam,
2975 2938 3130 2999 teque
3159 2932 3514 3000 prosperitate
3546 2942 3641 2985 tua
3673 2943 3847 2984 exuam.

2340 3017 2453 3072 Misi
2488 3018 2698 3072 interim
2755 3018 2846 3073 tibi
2877 3019 3004 3073 illud
3059 3021 3203 3089 quod
3253 3021 3296 3075 si
3347 3036 3637 3075 numerare
3694 3019 3849 3088 possit.

2337 3123 2619 3164 numerare
2633 3109 2790 3162 etiam
2812 3109 2955 3164 viros
2977 3121 3027 3164 et
3055 3112 3278 3164 coinites
3302 3125 3448 3166 meos
3466 3113 3687 3179 pateris.
3712 3109 3847 3164 Valet

2405 3196 2626 3252 Miserat
2651 3206 2830 3252 autem
2867 3204 2931 3253 ad
2966 3201 3137 3268 ipsum
3170 3200 3510 3268 perlegatutn
3552 3212 3846 3254 sesamorum

2335 3289 2787 3344 excorticatorum
2836 3290 3098 3343 modium.
3154 3292 3434 3346 Accedens
3466 3307 3597 3361 ergo
3642 3291 3772 3344 Darii
3803 3289 3851 3343 le-

2337 3387 2491 3447 gatus
2512 3377 2578 3432 ad
2601 3379 2989 3444 Alexandrum,
3019 3379 3118 3448 ipsi
3142 3381 3348 3434 litteras
3369 3389 3421 3433 et
3448 3396 3663 3435 sesama
3684 3381 3848 3434 obtulit.

2338 3471 2638 3526 Alexander
2675 3471 2845 3541 igitur
2881 3474 3222 3542 congregatis
3250 3472 3604 3543 269-27],
3637 3473 3850 3526 comitum

2337 3575 2564 3617 suorum
2624 3561 2915 3632 praecipuis
2979 3577 3043 3617 ac
3097 3561 3238 3616 Darii
3297 3563 3488 3617 litteris
3543 3561 3850 3618 audientibus

2340 3650 2630 3721 praleetis,
2653 3650 2789 3704 dixit
2817 3667 2830 3703 :
2865 3651 2921 3704 Si
2958 3667 3064 3705 uno
3087 3653 3270 3706 animo
3304 3653 3514 3707 fueritis
3573 3654 3744 3722 ἰροιιιιι
3771 3654 3852 3702 vin-

2340 3745 2493 3807 cetis,
2526 3744 2609 3798 sin
2643 3743 2710 3797 ah
2740 3744 2969 3799 invicem
3004 3744 3260 3813 separati,
3290 3745 3443 3799 vobis
3501 3745 3753 3798 inhiabit.
3780 3740 3846 3795 Cui

2344 3837 2736 3904 responderunt
2765 3835 2960 3905 singuli
2997 3843 3152 3904 prout
3181 3835 3314 3904 ipsis
3341 3836 3671 3911 tuncvisum
3702 3836 3852 3890 fuerat.

2340 3926 2548 3991 Quibus
2609 3928 2945 3980 Alexander:
2979 3925 3262 3980 Ominatur
3317 3927 3445 3981 milti
3487 3928 3704 3982 animus
3731 3928 3855 3976 vieto-

2344 4022 2477 4072 riam
2513 4020 2566 4071 in
2607 4017 2844 4070 ‘Darium
2890 4017 3069 4087 (cujus
3122 4018 3254 4072 mibi
3318 4019 3577 4074 indicium
3645 4017 3761 4071 inde
3800 4023 3855 4067 est

2342 4107 2483 4174 quod
2520 4107 2744 4160 comites
2773 4120 2903 4160 suos
2943 4121 3154 4159 sesamo
3204 4106 3544 4169 assimilarit,
3569 4107 3715 4176 quod
3741 4105 3854 4158 cilius

2342 4205 2426 4253 cst
2458 4199 2693 4267 pinguis,
2726 4205 2780 4251 et
2813 4198 2930 4252 sine
2963 4197 3206 4251 molestia
3247 4198 3472 4270 editur),
3506 4213 3716 4269 nosque
3734 4210 3854 4266 regno

2346 4292 2516 4361 ipsius
2568 4293 2855 4359 potituros.
2896 4291 3154 4345 Dixerunt
3218 4292 3320 4361 ipsi
3378 4293 3514 4345 socii
3570 4287 3852 4362 ipsius:|£3

691 4383 849 4436 duos.
880 4381 1006 4449 Ejus
1037 4390 1278 4448 tempore
1303 4376 1604 4430 ﬂoruerunt
1632 4376 1684 4429 in
1733 4376 1939 4430 Graecia
1970 4377 2241 4446 sapientes
2277 4401 2316 4453 ο
2348 4382 2510 4438 faciat
2534 4381 2700 4437 Deus.
2728 4379 3022 4450 Respondit
3047 4379 3504 4451 ergoAlexander
3526 4382 3689 4436 Dario
3711 4377 3856 4433 litteris

690 4483 743 4526 et
776 4472 1104 4542 philosophi,
1137 4468 1419 4532 Ilerculcs,
1448 4466 1634 4530 Malus,
1661 4465 2018 4537 Pythagoras,
2046 4465 2242 4520 Socra-

693 4573 798 4627 tes,
829 4562 990 4616 Snlon
1028 4560 1326 4628 legislator,
1377 4557 1581 4620 Zenon,
1611 4570 1663 4612 et
1701 4557 2072 4627 Empedocles.
2117 4557 2238 4612 Post

694 4670 867 4724 tpsunt
902 4652 1143 4721 regnavit
1171 4665 1341 4702 annos
1387 4649 1576 4716 viginti
1640 4647 1785 4702 ﬁlius
1841 4645 1958 4716 ejus
2010 4647 2242 4701 Artaclt-

694 4747 906 4804 shasht,
934 4744 1025 4810 qui
1075 4741 1490 4808 cognominatus
1531 4745 1613 4792 est
1656 4737 1861 4791 Aelius.
1915 4737 2014 4791 llic
2072 4738 2244 4807 copiis

694 4837 807 4891 suis
845 4835 1082 4888 collectis
1116 4829 1406 4900 Egyptunt
1465 4829 1636 4897 petiit,
1695 4825 1857 4896 quam
1914 4843 2038 4899 rege
2072 4828 2244 4896 ipsius

692 4928 903 4981 devicto
923 4923 1227 4990 occupavit.
1270 4921 1383 4974 Rex
1433 4926 1614 4992 autem
1659 4917 1879 4988 Ξκιριί
1909 4919 2017 4987 (cui
2048 4931 2242 4972 nomen

693 5017 902 5070 Pnarao
931 5013 1168 5079 Shanak)
1211 5011 1479 5074 devictus,
1536 5010 1732 5064 timens
1770 5025 1836 5063 ne
1871 5010 1914 5062 si
1967 5009 2022 5062 in
2054 5023 2244 5062 manus

696 5107 919 5171 Achusi,
961 5103 1246 5158 Persarum
1281 5102 1423 5170 regis
1478 5097 1760 5162 incideret,
1825 5097 1961 5152 male
2011 5094 2094 5152 ab"
2129 5101 2246 5167 ipso

700 5204 1038 5259 multaretur.
1064 5199 1204 5252 rasis
1243 5199 1418 5266 capite
1439 5206 1492 5251 et
1524 5197 1712 5257 barba,
1740 5211 1802 5248 ac
1831 5197 2047 5248 mutatis
2084 5195 2245 5247 vcsti-

700 5295 800 5346 bus
830 5290 1196 5348 Macedoniam
1231 5290 1416 5342 urbem
1455 5289 1711 5357 profugit.
1755 5287 1938 5342 Achus
1967 5301 2094 5340 vero
2119 5286 2245 5339 Per-

700 5401 880 5437 sarum
927 5380 1268 5445 rcx-Fustati,
1300 5372 1536 5450 Egypti'
1569 5395 1772 5443 arcem,
1826 5379 2090 5442 condidit,
2127 5393 2245 5447 qua

703 5478 857 5529 hodie
890 5474 1299 5528 Kasrolshamaa
1355 5472 1543 5525 audit:
1604 5471 1656 5524 in
1714 5486 1819 5540 qua
1877 5480 1928 5522 et
1985 5471 2242 5538 templum

703 5583 954 5638 maguum
1001 5567 1291 5629 exstruxit,
1349 5563 1457 5632 igni
1508 5562 1836 5625 dedicatum,
1884 5563 2026 5630 quod
2088 5563 2248 5638 hodie

701 5655 925 5709 ecclesia
950 5653 1132 5708 Sanctt
1169 5650 1434 5706 Theodori
1463 5650 1784 5720 appellatur.
1811 5649 2040 5721 Fuitqtte
2071 5649 2242 5706 Mace-

2335 4476 2558 4548 scriptis
2581 4475 2810 4544 quarum
2847 4477 2948 4529 hoc
2973 4474 3248 4542 exemplar
3265 4482 3348 4528 est
3380 4491 3394 4527 :
3418 4473 3502 4527 Ab
3527 4488 3594 4528 eo
3623 4472 3712 4544 qui
3736 4487 3761 4524 λ
3782 4469 3852 4523 fleo

2344 4584 2434 4622 rex
2471 4568 2801 4621 constitutus
2829 4573 2934 4630 est,
2966 4561 3282 4618 Alexandro
3321 4579 3478 4620 servo
3511 4564 3625 4627 Dei,
3661 4575 3714 4617 et
3749 4560 3854 4617 Gra-

2343 4676 2532 4716 corunt
2570 4675 2694 4730 rege
2732 4659 2798 4712 ad
2838 4658 3056 4722 Darium
3086 4658 3426 4726 pracelsum.
3451 4655 3702 4712 Intellexi
3753 4655 3851 4706 litte-

2345 4766 2434 4804 ras
2457 4762 2598 4810 tuas,
2625 4760 2678 4803 et
2706 4749 2978 4816 quomodo
3033 4763 3116 4802 me
3156 4756 3214 4800 ut
3264 4747 3317 4800 in
3376 4747 3690 4800 mandatum
3743 4755 3851 4796 tuum

2347 4841 2598 4894 rebellem
2644 4837 3035 4905 indigitaveris,
3065 4846 3116 4890 et
3163 4835 3294 4904 quid
3350 4834 3492 4888 ntibi
3538 4833 3851 4888 cenaninatus

2297 4967 2304 4974 -
2349 4931 2536 4982 fueris.
2573 4926 2832 4981 Videlicet
2862 4927 2907 4980 si
2941 4941 2970 4978 a
2999 4924 3166 4994 gradu
3212 4937 3334 4977 meo
3366 4937 3471 4977 non
3507 4933 3790 4979 recessero,
3818 4924 3850 4966 ει
3907 4943 3909 4950 ι

2347 5019 2595 5074 diﬂ‘eram
2624 5017 2754 5072 illud
2786 5017 2978 5071 aﬂ‘erre
3007 5015 3150 5084 quod
3194 5015 3397 5082 scripto
3433 5024 3526 5068 tuo
3569 5010 3770 5082 jussiin
3796 5020 3850 5059 ιιιε

2348 5113 2440 5165 tibi
2472 5110 2682 5174 afferre,
2707 5107 3072 5177 profecturum
3127 5117 3177 5159 te
3230 5112 3421 5160 contra
3481 5120 3565 5158 me
3598 5118 3719 5158 cum
3759 5099 3847 5152 virit

2348 5201 2658 5255 Persarum.
2689 5199 2847 5252 Certe
2885 5196 3048 5251 dictat
3075 5194 3170 5251 tibi
3209 5195 3424 5247 animus
3475 5204 3601 5247 tuus
3629 5207 3742 5263 quat
3777 5201 3846 5241 non

2347 5297 2667 5358 asSequetur
2718 5302 2911 5343 manus
2941 5297 3051 5352 tua,
3089 5301 3185 5340 nec
3238 5283 3596 5353 apprehendit
3645 5278 3845 5352 cogitatio

2347 5389 2459 5433 tua.
2490 5378 2598 5448 Ego
2625 5387 2804 5432 autem
2844 5377 2908 5431 ad
2938 5386 2988 5430 te
3023 5389 3208 5429 revera
3240 5374 3554 5441 proficiscar
3576 5387 3695 5430 cum
3718 5366 3844 5426 leoni-

2349 5470 2818 5544 ιυωβι-κυωωυ,
2860 5479 2910 5522 et
2951 5465 3224 5536 quomodo
3248 5480 3306 5518 se
3354 5479 3438 5518 res
3469 5465 3664 5519 habeat
3693 5458 3841 5514 doctis

2349 5569 2400 5613 te
2432 5561 2518 5612 ubi
2544 5559 2756 5612 obviam
2797 5558 2890 5611 tibi
2926 5555 3100 5610 factus
3147 5555 3316 5608 fuero.
3359 5552 3481 5607 Misi
3540 5554 3741 5608 interim
3780 5547 3841 5599 liii

2349 5664 2456 5720 quo
2487 5650 2804 5712 dignoscere
2834 5647 3006 5716 possis
3063 5654 3265 5717 quanto
3317 5645 3562 5701 acriores
3587 5642 3735 5714 2⁸12
3757 5637 3838 5690 vim
