3950 6348
190 362 288 421 969

1601 357 1966 420 ANNALES-

3293 350 3396 411 970

188 470 285 524 tuis
313 466 509 524 fuerint
539 469 638 524 viri
689 469 816 524 mei.
855 467 1003 525 Vale.
1037 468 1182 524 Misit
1212 478 1392 525 autem
1441 467 1507 523 ad
1547 469 1725 540 ipsum
1757 472 1802 527 Α
1830 464 2044 537 natum]
2081 481 2094 518 :
2129 471 2248 536 pete
2283 472 2462 518 autem
2507 477 2536 517 a
2577 478 2661 519 me
2690 464 2828 533 quod
2861 463 2958 518 tibi
2995 462 3172 517 visum
3213 463 3395 517 fuerit.

185 575 386 616 saccum
433 561 660 628 sinapis.
697 560 986 616 ‘Reversus
1018 575 1148 630 ergo
1179 560 1244 615 ad
1280 560 1459 630 ipsum
1518 560 1727 629 legatus

185 649 370 720 ipsius,
394 649 523 720 quid
557 649 772 703 fecisset
811 650 1118 704 Aiexander
1151 651 1249 720 ipsi
1281 649 1567 704 nuntiavit.
1613 649 1731 704 Ale-

183 734 377 796 ian‘der
391 751 596 806 autem,
617 742 926 796 convocatis
944 731 1183 811 patriciis
1197 757 1260 796 ac
1283 743 1416 796 viris
1432 743 1728 812 primariis,

181 831 256 886 sic
287 830 407 884 illos
436 830 702 884 allocutus
732 839 857 887 est:
893 833 938 886 Ο
971 834 1187 902 populo,
1225 825 1730 904 tribus‘proprieta-

181 925 317 978 tibus
338 921 692 991 perficiuntur
714 937 821 986 res,
856 923 1108 978 videlicet
1137 925 1368 978 consilio
1398 925 1562 988 bono,
1594 923 1729 978 viri-

179 1017 276 1070 bus
304 1013 372 1067 ad
403 1013 542 1067 idem
562 1012 1037 1086 [exsequendum],
1060 1015 1253 1071 deinde
1281 1017 1393 1072 hate
1417 1027 1644 1086 utraque
1675 1017 1728 1070 in

176 1113 350 1158 actum
378 1105 681 1160 intentione
709 1107 924 1162 sincera
968 1107 1332 1176 perducendo.
1365 1108 1628 1176 Quisquis
1655 1107 1729 1160 ita

175 1202 514 1262 comparatus
554 1193 739 1259 fuerit,
789 1195 1016 1250 idoneus
1066 1205 1150 1251 est
1199 1197 1263 1251 ad
1309 1212 1372 1251 ea
1405 1211 1526 1265 quze
1583 1197 1731 1265 cupit

174 1282 546 1350 assequenda;
596 1282 642 1336 si
687 1282 810 1352 quis
836 1297 968 1353 ergo
1013 1293 1252 1338 vestrum
1306 1283 1391 1338 his
1433 1285 1730 1338 instructus

174 1369 358 1434 fuerit,
392 1371 524 1426 mihi
572 1386 632 1428 se
677 1372 962 1442 adiungat,
1013 1381 1067 1427 et
1110 1374 1424 1442 quicunque
1467 1388 1628 1428 secus
1675 1389 1732 1428 se

174 1461 445 1527 habuerit,
482 1477 510 1516 a
553 1478 638 1519 me
672 1464 912 1517 recedat.
965 1462 1382 1532 Responderunt
1441 1463 1516 1516 illi
1550 1479 1565 1517 :
1599 1463 1731 1517 Pro-

171 1553 424 1622 prietates
468 1555 599 1609 istas
632 1554 684 1608 in
712 1553 1208 1622 rege-coniunctas,
1261 1555 1313 1607 in
1349 1553 1502 1608 nobis
1531 1555 1735 1608 discre-

172 1651 252 1696 tas
305 1643 489 1712 posuit
551 1644 712 1708 Deus,
767 1659 866 1698 nec
915 1644 1149 1698 cessabit
1178 1659 1210 1698 e
1257 1645 1412 1699 nobis
1462 1647 1731 1716 quispiam

171 1734 418 1788 ultimum
453 1732 596 1802 quod
628 1746 794 1800 penes
815 1731 991 1801 ipsum
1027 1733 1186 1788 fuerit
1216 1732 1542 1806 [praestare].
1577 1735 1729 1800 Quod

1829 555 1968 610 Tria
2017 556 2112 610 tibi
2160 571 2191 609 a
2220 570 2306 610 me
2359 556 2652 623 impetrare
2701 553 2905 616 licebit,
2962 564 3015 608 ιιι
3066 567 3232 606 unum
3267 551 3398 604 mibi

1837 655 2047 702 tantum
2085 646 2372 702 concedas.
2414 643 2560 699 Dixit
2606 659 2734 713 ergo
2762 645 2838 697 illi
2887 645 3116 700 Darius:
3150 644 3261 699 lioc
3289 657 3318 696 a
3345 650 3399 698 te

1839 748 1984 810 peto,
2022 753 2088 792 ne
2116 737 2335 791 familiis
2378 737 2514 808 apud
2567 735 2764 792 I’ersas
2803 737 3105 792 illustribus
3135 747 3301 802 satos,
3345 747 3402 792 et

1839 830 2049 895 nobiles
2095 829 2307 897 perdas,
2349 830 2441 883 sed
2490 828 2693 883 liberos
2735 827 3018 893 dimittas;
3049 839 3173 896 peto
3211 831 3398 895 etiam,

1839 936 1907 976 ne
1939 921 2146 990 Ignitnu
2192 919 2337 973 :edes
2389 920 2599 984 diruas,
2654 935 2952 989 earumque
2990 919 3217 974 mdituos
3267 920 3401 975 bene

1841 1008 2059 1066 tractari
2109 1009 2340 1080 jubcas;
2406 1010 2639 1080 denique
2691 1020 2749 1064 ut
2803 1026 2888 1065 me
2937 1010 3003 1066 de
3057 1011 3402 1066 interfectore

1843 1117 1960 1156 meo
1994 1101 2300 1165 ulciscaris,
2347 1100 2636 1170 ipsum‘que
2677 1101 2806 1155 mihi
2853 1102 3121 1172 adjuugas
3155 1120 3168 1156 :
3202 1117 3320 1155 nant
3355 1103 3424 1157 si;

1840 1201 2118 1262 superstes
2145 1191 2429 1255 manserit,
2456 1201 2670 1245 tuorum
2699 1192 2862 1246 etiam
2885 1191 3271 1246 beneficiorum
3304 1191 3404 1245 im-

1843 1296 2051 1335 memor
2095 1282 2222 1345 erit,
2264 1289 2324 1334 ut
2357 1295 2482 1350 erga
2518 1293 2604 1334 me
2651 1278 2806 1334 antea
2841 1294 2900 1336 se
2931 1271 3204 1350 ingratum
3272 1296 3404 1347 prte-

1840 1373 1996 1428 stitit.
2053 1372 2310 1426 Promisit
2362 1374 2495 1441 ergo
2553 1371 2857 1426 Alexander
2920 1373 3289 1443 prtcstiturum
3344 1388 3405 1426 se

1841 1463 1984 1530 quod
2019 1463 2268 1533 petierat.
2299 1462 2446 1516 Dixit
2486 1461 2686 1518 deinde
2719 1462 3062 1518 Alexander:
3091 1465 3244 1530 Quod
3281 1480 3309 1518 a
3346 1475 3398 1517 to

1841 1553 2030 1608 vellem
2076 1562 2184 1616 est,
2211 1562 2266 1608 ut
2296 1553 2459 1607 filiam
2511 1561 2658 1606 tuam
2714 1551 2958 1609 Rnsbtac
3005 1555 3135 1607 mihi
3181 1556 3231 1607 in
3267 1570 3402 1608 mn-

1841 1657 1957 1696 rem
2001 1643 2291 1704 concedas,
2328 1643 2459 1696 illud
2503 1643 2648 1697 cnim
2697 1651 2750 1697 te
2798 1643 3005 1696 scicutc
3057 1659 3122 1696 ac
3173 1658 3404 1697 consen-

1844 1734 2013 1788 tiente
2040 1733 2156 1787 fleri
2183 1734 2398 1787 vellem.
2424 1733 2720 1804 Respondit
2745 1735 2818 1789 illi
2847 1734 3047 1790 Darius
3071 1753 3086 1790 :
3118 1736 3269 1791 Illam
3304 1739 3399 1792 tibi

172 1825 415 1895 ipsorum
456 1837 776 1894 responsum
825 1839 948 1878 eum
981 1825 1258 1893 probasset
1281 1825 1606 1891 Alexander,
1633 1840 1730 1895 pa-
1765 1811 1806 1864 Β
1839 1825 1890 1878 in
1940 1839 2163 1878 uxorem
2219 1825 2377 1878 trado
2417 1825 2521 1878 hac
2559 1825 2889 1891 conditione,
2943 1837 3000 1882 ut
3054 1835 3178 1897 post
3217 1836 3270 1882 te
3309 1845 3396 1884 re-

170 1916 305 1971 ratis
337 1914 520 1968 statim
555 1913 731 1984 copiis
790 1916 856 1968 ad
926 1913 1123 1968 bellum
1185 1914 1345 1969 Dario
1374 1915 1732 1970 inferendum

169 2003 444 2075 profectus
467 2014 568 2059 est.

236 2095 482 2162 Quicum
512 2097 564 2148 in
590 2093 979 2164 Mesopotamia
1003 2099 1426 2166 concurrissent,
1459 2098 1561 2155 fuit
1591 2100 1734 2155 inter
1791 2147 1794 2150 .

167 2186 316 2256 ipsos
370 2186 733 2258 quadraginta
783 2191 994 2244 dierum
1041 2193 1220 2260 spatio
1263 2194 1488 2249 bellum.
1538 2195 1732 2251 Darius

169 2293 302 2333 vero
335 2281 584 2350 quinque
620 2282 887 2337 confectis
921 2281 1088 2339 fossis
1135 2285 1191 2338 in
1247 2285 1479 2354 singulis
1537 2287 1729 2342 ducem

167 2384 294 2425 cum
363 2371 653 2426 duodecim
725 2373 968 2427 virorum
1043 2374 1285 2430 millibus
1342 2377 1730 2440 collocaverat,

165 2477 403 2531 quorum
451 2466 585 2518 nulli
638 2465 743 2521 nisi
796 2468 992 2535 quinto
1031 2468 1273 2537 quolibet
1318 2468 1408 2522 die
1455 2471 1736 2540 pugnandi

165 2555 314 2610 vices
365 2553 702 2625 obtigerunt.
758 2555 886 2613 Suis
935 2559 1104 2614 etiam
1129 2558 1451 2628 iniunxerat
1500 2561 1732 2631 singulis

163 2643 360 2701 diebus
405 2645 638 2701 duorum
689 2645 846 2720 [sibi]
892 2646 1206 2706 Grecorum
1241 2651 1420 2720 capita
1461 2650 1728 2723 [afferre].

163 2736 343 2789 Allata
398 2745 529 2792 sunt
577 2752 710 2807 ergo
762 2738 840 2793 illi
878 2738 1124 2808 quotidie
1155 2739 1401 2796 duorum
1437 2743 1519 2796 vel
1569 2742 1730 2796 unius

164 2829 364 2882 saltem
414 2825 726 2883 Graecorum
780 2831 983 2900 capita.
1013 2827 1098 2885 Ob
1139 2831 1288 2902 quod
1319 2847 1516 2903 magna
1559 2832 1728 2887 animi

159 2919 390 2973 tristitia
412 2919 770 2990 273-275
786 2920 1032 2986 affectu‘s,
1061 2922 1249 2992 iraque
1273 2936 1472 2993 quanta
1493 2925 1605 2980 fieri
1629 2929 1729 2995 po‘o

159 3010 266 3064 tuit
295 3019 609 3090 exestuans
652 3013 956 3068 Alexander
989 3013 1137 3070 misit
1161 3015 1232 3070 ad
1256 3014 1476 3070 Darium
1500 3017 1726 3104 qui‘ipsi

1835 1930 2000 1984 gnum
2023 1915 2296 1985 progeniei
2322 1923 2430 1970 tua:
2445 1917 2511 1970 ab
2530 1917 2646 1986 ipsa
2665 1908 2909 1972 oriunda:
2927 1920 3226 1988 relinquas.
3243 1918 3398 1984 Quod

1835 2018 1958 2059 cum
1997 2015 2283 2060 annuisset
2315 2007 2415 2074 ipsi
2445 2008 2749 2062 Alexander
2789 2007 2936 2062 illam
2967 2023 3190 2063 uxorem
3225 2010 3398 2065 duxit.

1905 2089 2176 2146 Mortuum
2219 2103 2401 2148 autem
2444 2095 2866 2163 pretiosissimis
2893 2112 3014 2165 qua:
3037 2098 3178 2167 apud
3221 2115 3400 2167 rege-2'.

1833 2193 1989 2237 erant
2043 2183 2226 2239 linteis
2260 2183 2460 2239 involvi
2522 2186 2772 2248 curavit;
2828 2185 3029 2242 deinde
3086 2187 3399 2244 Grarcorun'

1832 2272 2236 2342 Persarumque
2282 2275 2578 2338 exercitus,
2629 2275 2891 2330 feretrum
2945 2286 3190 2333 armatos
3225 2282 3400 2332 comi-

1834 2364 1936 2418 tari
1984 2364 2212 2434 jubens,
2269 2365 2386 2434 ipse
2452 2364 2615 2419 etiam
2694 2380 2820 2420 cum
2868 2369 3128 2422 comitum
3173 2385 3395 2424 suorum

1833 2454 2199 2524 277-279
2215 2454 2500 2524 praecipuis
2518 2455 2658 2510 idem
2685 2466 2904 2511 secutus
2931 2467 3015 2512 est
3033 2460 3201 2514 donec
3221 2463 3338 2530 ipsu
3351 2479 3395 2512 rr-

1834 2556 1992 2602 tcrrae
2037 2546 2378 2601 mandasset.
2427 2545 2574 2599 Dixit
2618 2561 2747 2616 ergo
2777 2548 3144 2602 .Alcxandcr:
3177 2550 3399 2626 Etiamsi

1833 2637 2185 2709 praestiterim
2219 2635 2382 2690 Dario
2423 2635 2570 2705 quod
2623 2636 2856 2701 vidistis,
2893 2636 3285 2709 usquequaque
3317 2648 3402 2694 ta-

1832 2741 1954 2781 men
1992 2727 2169 2781 ltostis
2217 2725 2346 2779 mihi
2395 2724 2518 2788 fuit,
2566 2740 2630 2780 ac
2667 2735 2813 2780 certe
2849 2737 3095 2796 magnam
3134 2745 3244 2784 rem
3287 2741 3404 2786 ten-

1832 2819 1965 2873 tavit
1995 2817 2087 2888 qui
2121 2820 2223 2872 me'
2253 2817 2356 2871 hoc
2384 2818 2603 2883 negotio
2632 2817 2931 2885 expedivit,
2963 2820 3050 2872 cui
3088 2822 3396 2896 mercedem

1832 2909 2130 2979 rependere
2184 2902 2411 2962 necesse
2470 2908 2680 2973 habeo;
2738 2908 2979 2962 libellum
3040 2926 3171 2981 ergo
3235 2928 3395 2966 suum

1833 3001 1966 3054 mihi
2003 2999 2283 3074 porrigat;
2328 3006 2517 3052 sancte
2547 2999 2693 3052 enim
2731 3013 2826 3066 per
2860 2997 3029 3053 Dcutn
3059 3002 3187 3069 juro
3218 3003 3396 3072 ipsum

154 3100 401 3169 diceret:
420 3100 614 3156 Parum
635 3103 788 3159 abest
805 3119 872 3159 ne
889 3111 1079 3161 mutuo
1101 3120 1520 3174 consumamur;
1548 3090 1724 3164 visum

1834 3091 2129 3146 exaltatum
2164 3090 2230 3144 iri
2265 3097 2320 3143 et
2354 3104 2384 3142 a
2416 3104 2501 3144 me
2559 3105 2724 3160 supra
2784 3105 2976 3146 omnes
3025 3093 3206 3147 socios
3251 3109 3398 3148 meos

156 3200 244 3249 est
269 3202 453 3248 autem
491 3193 622 3248 mihi
650 3196 794 3264 quod
819 3195 982 3250 saluti
1015 3205 1217 3253 nostra:
1253 3199 1415 3254 simul
1451 3209 1507 3262 et
1533 3213 1729 3256 vestra:

155 3285 506 3348 consulatur,
536 3286 790 3341 nimirum
824 3295 884 3341 ut
909 3301 1032 3342 cum
1061 3289 1396 3346 instruendae
1422 3291 1531 3345 sint
1554 3294 1726 3356 acies,

155 3373 400 3446 spatium
445 3377 762 3447 relinquant
802 3377 965 3433 nobis
992 3379 1225 3435 comites
1256 3379 1331 3434 tui
1359 3395 1469 3449 quo
1502 3384 1726 3438 ordines

155 3472 284 3522 tuos
335 3465 404 3521 ad
437 3466 662 3521 ditionis
707 3475 813 3520 tua:
840 3466 1068 3524 limitem
1094 3475 1492 3537 pertranseam,
1531 3472 1728 3528 deinde

153 3557 224 3611 ad
274 3559 512 3628 patriam
565 3573 736 3612 meam
793 3567 1060 3616 revertar.
1095 3559 1282 3630 Neque
1315 3563 1460 3616 enim
1509 3564 1726 3618 animus

155 3650 322 3707 nobis
369 3659 456 3704 est
499 3659 776 3704 certamen
827 3652 1169 3717 detrectare;
1203 3661 1352 3706 esset
1397 3655 1497 3709 boc
1525 3668 1727 3723 oppro-

152 3742 338 3798 brium
381 3737 528 3812 quod
560 3741 691 3805 elui,
726 3742 950 3813 macula
1002 3757 1125 3812 quae
1159 3744 1434 3811 mandari,
1463 3744 1724 3815 flagitium

156 3832 247 3888 cui
303 3831 538 3903 ignosci,
585 3847 693 3886 non
734 3839 942 3901 posset.
991 3831 1296 3902 Respondit
1343 3834 1727 3892 Darius:Non

154 3922 339 3976 visum
370 3929 457 3976 est
484 3921 645 3975 nobis
673 3920 781 3974 ullo
809 3919 970 3975 modo
993 3921 1137 3990 quod
1167 3921 1373 3990 petiisti
1401 3925 1725 3980 concedere.

155 4008 319 4078 Quod
372 4024 497 4064 cum
555 4010 781 4065 vidisset
815 4009 1145 4076 Alexander,
1184 4009 1484 4082 [homines]
1528 4015 1592 4065 ad
1628 4012 1728 4064 ali-

151 4103 290 4172 quid
326 4111 521 4158 contra
566 4108 730 4169 caput
777 4098 952 4167 ipsius
1000 4098 1422 4154 machinandum
1479 4100 1728 4154 incitavit

151 4192 352 4249 dicens
381 4208 397 4246 :
423 4190 605 4246 Heus!
639 4189 834 4252 Graeci,
868 4199 953 4244 est
981 4189 1086 4244 hoc
1123 4189 1490 4274 imbecillitas,
1522 4201 1576 4248 et
1607 4197 1727 4264 opis

153 4285 481 4356 indigentia.
536 4282 708 4337 Estne
747 4295 778 4334 θ
809 4278 965 4334 vobis
989 4289 1084 4332 aut
1115 4295 1145 4334 e
1175 4279 1376 4346 Persis,
1399 4284 1491 4354 qui
1521 4284 1726 4353 aliquid

151 4379 298 4451 mihi
329 4377 434 4431 hoc
471 4375 524 4428 in
570 4373 786 4443 negotio
816 4374 1283 4438 eomminiscatur,
1313 4389 1423 4444 quo
1450 4393 1536 4432 me
1567 4393 1595 4429 a
1632 4377 1729 4431 tri-

1831 3181 2194 3237 evebendum.
2243 3181 2438 3234 Statim
2493 3195 2624 3250 ergo
2655 3196 2714 3235 se
2757 3181 2830 3234 illi
2863 3181 3151 3237 offerentes
3187 3183 3401 3239 Cltesli-

1831 3273 2001 3342 nespb
2029 3281 2086 3328 et
2114 3271 2429 3338 Adarshist,
2454 3271 2786 3326 Adarbacltti
2819 3274 2936 3339 filii,
2967 3274 3222 3328 dixerunt
3249 3291 3268 3328 :
3291 3276 3400 3331 Nos

1830 3365 1978 3420 Darii
2015 3363 2248 3418 comites
2281 3378 2491 3427 sumus,
2528 3372 2583 3418 et
2615 3363 2704 3432 qui
2741 3363 3019 3433 negotium
3051 3366 3152 3418 boc
3180 3367 3276 3419 tibi
3307 3384 3400 3420 cx-

1828 3453 2140 3522 pedivimus
2173 3469 2188 3506 :
2224 3462 2418 3520 prmsta
2451 3453 2619 3522 igitur
2650 3453 2808 3508 nobis
2838 3455 2983 3523 quod
3017 3455 3291 3524 pollicitus
3315 3473 3395 3512 es.

1826 3541 2000 3597 Jussit
2043 3558 2172 3613 ergo
2220 3543 2366 3612 ipsos
2401 3558 2565 3611 super
2606 3543 2829 3598 duabus
2865 3546 3126 3600 trabibus
3156 3547 3398 3600 sublimi-

1828 3633 1930 3688 bus
1983 3632 2278 3702 suspendi;
2323 3632 2608 3702 dixitque:
2639 3633 2797 3688 Certe
2831 3635 2881 3687 iii
2916 3635 3024 3688 duo
3056 3637 3236 3691 meriti
3269 3648 3398 3691 sunt

1830 3724 1934 3778 ltoc
1961 3724 2105 3794 quod
2157 3724 2296 3792 ipsis
2337 3723 2453 3777 fieri
2481 3722 2644 3790 jussi,
2675 3725 2746 3778 ob
2778 3739 2930 3778 suam
2962 3740 3086 3794 erga
3117 3726 3395 3780 dominum

1831 3831 1989 3872 suum
2039 3814 2418 3870 inﬁdelitatem
2463 3830 2528 3868 ac
2557 3814 2837 3879 fraudem;
2871 3816 2962 3884 qui
2997 3818 3139 3871 enim
3175 3817 3398 3872 domino

1828 3922 1931 3962 suo
1959 3905 2118 3962 fidem
2150 3921 2256 3960 non
2294 3905 2691 3974 praestiterunt,
2729 3921 2828 3960 nec
2860 3906 3014 3960 alteri
3045 3909 3396 3976 prmstabunt.

1827 3997 1943 4069 Ego
1985 3997 2206 4052 interim
2257 3996 2404 4065 quod
2456 3997 2592 4064 ipsis
2637 3996 2914 4063 pollicitus
2960 4013 3080 4052 sum
3129 3999 3392 4052 exhibui:

1833 4091 1987 4160 ipsos
2038 4101 2206 4158 supra
2241 4101 2434 4142 omnes
2487 4087 2670 4141 socios
2720 4101 2866 4141 meos
2907 4087 3206 4142 evellendo.
3258 4087 3394 4141 Tum

1834 4181 1890 4233 in
1917 4177 2060 4232 Darii
2092 4188 2318 4232 matrem
2347 4191 2571 4232 uxorem
2599 4187 2651 4231 et
2678 4177 2840 4230 filiam
2870 4176 3096 4232 donaria
3123 4193 3185 4232 ac
3215 4188 3396 4234 vestes

1828 4267 2065 4346 conferri
2117 4269 2301 4338 jussit,
2363 4269 2616 4338 ipsasque
2669 4267 2874 4322 honore
2928 4268 3107 4324 aﬂ'ecit
3156 4285 3170 4322 :
3225 4269 3391 4324 duces

1829 4359 1994 4414 etiam
2043 4375 2108 4414 ac
2161 4358 2306 4414 viros
2345 4356 2640 4412 Persarum
2691 4359 3004 4428 primarios,
3058 4361 3392 4424 muneribus,

145 4450 301 4526 stitia
329 4471 434 4523 ista
463 4466 728 4526 exsolvat,
763 4464 892 4538 [bac
911 4464 1186 4537 mercede]
1218 4475 1274 4520 ut
1305 4468 1376 4521 sit
1407 4468 1505 4536 ipsi
1527 4484 1723 4540 regno.

1834 4451 2094 4511 vestibus,
2140 4450 2471 4513 bonorariis,
2523 4450 2810 4520 rebusque
2840 4451 2905 4503 ad
2961 4451 3162 4504 victum
3207 4467 3394 4507 neces-

146 4574 273 4613 rum
335 4556 535 4613 Persia
590 4565 643 4611 et
695 4554 939 4622 Gracia,
995 4571 1095 4612 nec
1156 4572 1263 4612 non
1308 4559 1723 4632 omniumquae

144 4651 200 4703 iu
229 4648 639 4720 gazophylaciis
667 4646 890 4713 fuerint,
923 4646 1249 4702 dimidium?
1274 4647 1406 4714 Quae
1431 4651 1720 4707 Alexandri

143 4743 318 4798 verba
346 4755 468 4794 cum
498 4738 782 4794 audissent
807 4737 1124 4809 Chesnesplt
1153 4750 1208 4794 et
1233 4741 1521 4796 Adarsbist
1546 4743 1720 4798 Adar-

147 4830 342 4886 bacbti
380 4827 497 4894 filii,
541 4829 636 4898 qui
665 4827 994 4882 satellitibus
1041 4826 1190 4882 Darii
1227 4827 1358 4900 μοι,
1387 4830 1541 4898 juxta
1573 4832 1720 4886 aliud

141 4918 458 4989 exemplar,
513 4914 870 4987 exercitibus]
921 4925 1214 4986 praeerant,
1263 4919 1561 4972 commissa
1606 4918 1720 4989 jam

139 5004 330 5084 pugna
355 5009 600 5062 Darium
633 5007 810 5062 adorti
842 5007 1036 5076 gladiis
1072 5008 1457 5072 confoderunt,
1492 5010 1628 5065 adeo
1667 5019 1724 5064 ut

141 5118 361 5175 pronus
403 5101 700 5156 decideret.
736 5100 918 5154 Persae
958 5107 1136 5154 autem
1167 5099 1219 5152 in
1248 5097 1428 5168 fugam
1472 5103 1722 5157 conversi

139 5206 271 5254 sum
315 5206 510 5262 magna
542 5192 788 5261 ipsorum
839 5202 1028 5260 strage
1056 5190 1223 5246 edita.
1255 5193 1560 5270 Alexander
1592 5211 1718 5250 vero

139 5292 236 5344 ubi
280 5287 352 5342 ad
386 5287 607 5340 Darium
645 5298 709 5339 eo
759 5283 920 5338 modo
949 5299 1009 5338 se
1036 5270 1326 5338 habentem
1352 5286 1714 5354 pervenisset,

141 5380 315 5450 276
349 5391 491 5446 equo
515 5374 858 5431 descendens
887 5372 1032 5428 Darii
1063 5382 1234 5442 caput
1255 5375 1459 5444 gremio
1487 5388 1588 5430 suo
1619 5377 1720 5428 im-

148 5463 364 5543 posuit,
388 5469 745 5535 abstersaque
775 5464 913 5519 facie
939 5472 993 5518 et
1019 5465 1240 5518 vulnere
1267 5463 1511 5534 alligato,
1545 5468 1716 5536 ipsum

139 5562 431 5618 osculatus
456 5569 507 5613 et
539 5559 591 5611 in
621 5556 890 5624 Iacrymas
923 5555 1176 5625 profusus
1205 5555 1380 5609 dixit:
1415 5555 1558 5611 Laus
1593 5556 1716 5622 Deo,

141 5655 237 5724 qui
277 5661 332 5707 te
369 5649 599 5704 interfici
654 5647 822 5702 noluit
853 5661 882 5699 a
930 5646 1188 5699 comitum
1224 5661 1468 5700 meorum
1502 5649 1716 5716 aliquo;

141 5753 263 5801 erat
303 5744 428 5806 hoc,
463 5739 604 5808 quod
630 5737 1277 5808 vldemus,_pr:escientia
1309 5737 1399 5792 Dei
1435 5738 1719 5809 [determi-

473 5834 742 5893 ΡΑτηοι.
783 5833 896 5888 fin.
937 5829 1095 5890 CXI.

1827 4541 1988 4599 sariis
2021 4541 2214 4596 donari
2243 4540 2466 4610 jubens,
2509 4539 2662 4611 ipsos
2693 4543 2744 4593 in
2782 4539 2975 4595 iisdem
3011 4542 3210 4610 quibus
3239 4553 3394 4596 erant

1826 4634 2159 4706 dignitatum
2229 4631 2490 4702 gradibus
2542 4632 2881 4686 confirmavit
2940 4651 2953 4686 :
3000 4649 3170 4701 quare
3216 4634 3392 4703 ipsum

1825 4739 2014 4779 amore
2080 4722 2360 4791 prosecuti
2425 4729 2575 4786 sunt,
2632 4736 2695 4776 ac
2758 4723 3214 4775 consuetudinem
3272 4739 3392 4778 cum

1824 4817 1944 4885 ipso
1977 4814 2308 4868 habuerunt.
2358 4812 2614 4867 Invitavit
2647 4813 2810 4867 etiam
2843 4827 3035 4866 eorum
3068 4829 3205 4881 quos
3239 4815 3390 4867 lilmit

1827 4909 1891 4963 ad
1934 4907 2146 4962 Indiam
2197 4908 2364 4976 280
2407 4908 2806 4970 invadendam,‘
2844 4910 2936 4977 qui
2968 4924 3098 4978 ergo
3129 4910 3226 4978 ipsi
3263 4924 3389 4975 ope-

1825 5016 1939 5056 ram
1971 5002 2179 5054 alacres
2225 5013 2291 5052 ac
2339 4999 2444 5053 laeti
2497 5002 2896 5068 praestiterunt.
2952 5001 3024 5054 Ita
3075 5001 3126 5052 iu
3182 5012 3386 5070 septem

1824 5093 2042 5148 climata
2072 5105 2240 5162 regno
2270 5089 2472 5161 potitus
2502 5100 2588 5144 est
2612 5091 2934 5145 Alexander.

1890 5185 2067 5239 Jama
2099 5176 2412 5253 captivitate
2472 5183 2795 5254 Babylonica
2859 5182 2924 5236 ad
2974 5198 3198 5252 regnum
3253 5186 3379 5238 Alc-

1822 5276 2007 5330 xandri
2042 5276 2171 5329 anni
2194 5283 2323 5328 sunt
2349 5272 2565 5328 ducenti
2599 5272 2879 5342 sexaginta
2931 5281 3064 5326 tres.
3123 5277 3166 5328 A
3222 5289 3386 5344 regno

1823 5365 2071 5431 Davidis,
2108 5363 2437 5434 septingenti
2492 5363 2875 5432 quadraginta.
2914 5363 2996 5416 Ab
3029 5365 3173 5416 exitu
3223 5364 3390 5416 Israc-

1825 5457 2048 5510 litarum
2075 5471 2139 5510 ex
2169 5455 2425 5525 Atlgypto,
2453 5455 2600 5507 mille
2627 5453 2851 5508 trecenti
2883 5453 3243 5523 quadraginta
3271 5467 3385 5506 sex.

1823 5550 1903 5603 Ab
1935 5548 2268 5612 Abraliamo,
2301 5548 2445 5599 mille
2479 5546 2778 5614 octingenti
2815 5547 3201 5615 quinquaginta
3249 5553 3385 5600 tres.

1822 5644 1864 5696 A
1894 5641 2152 5704 Pitalcko,
2206 5641 2286 5692 bis
2320 5638 2466 5690 mille
2518 5635 2746 5691 trecenti
2801 5639 3094 5707 nonaginta
3128 5644 3379 5701 quatuor.

1824 5740 1865 5790 A
1898 5735 2124 5798 diluvio,
2171 5731 2251 5784 bis
2286 5729 2432 5783 mille
2471 5728 2728 5798 nongenti
2776 5728 2956 5795 viginti
2995 5727 3251 5802 quinque.
3294 5722 3373 5778 Ab

2899 5815 2963 5877 31
