3950 6348
507 248 608 316 971

1514 235 1882 302 ΕΠΤΥΟΠΠ
1912 228 2445 294 ALEXANDRINI
2489 226 2705 287 l’ATR.

3646 220 3740 287 912

510 369 744 425 Adamn,
776 357 1071 429 quinquies
1126 354 1276 409 mille
1301 359 1520 407 centuru
1577 347 1856 417 octoginta
1922 356 2083 396 unus.
2118 345 2169 404 Α
2199 360 2216 393 ι
2258 339 2445 402 tendo,
2479 352 2546 391 ne
2580 334 2891 390 dominetur
2931 331 3028 384 tihi
3059 332 3302 386 tristitia.
3346 330 3582 399 Scripta:
3627 344 3738 391 sunt

506 451 801 508 Alexandri
834 457 1142 519 praeceptor
1196 444 1300 500 fuit
1327 442 1651 499 Aristotcles
1703 434 2079 507 philosophus.

508 540 823 597 Fuitetiam
859 537 1091 593 Athenis
1143 536 1369 606 sapiens
1396 533 1619 587 nomine
1658 528 1945 597 Diogenes.
1987 524 2087 577 De-

507 634 642 688 vicit
696 647 829 699 ergo
879 626 1194 685 Alexander
1248 625 1521 694 regiones,
1571 621 1939 687 suberantque
1981 615 2083 684 ipsi

507 727 825 782 Graecorum
893 737 1050 794 reges
1105 717 1394 780 tredecim,
1423 713 1682 770 tredecim
1721 711 1886 767 etiam
1923 708 2087 763 urbes

507 817 776 884 condidit,
802 829 1033 886 quarum
1054 812 1176 867 alia!
1205 811 1261 865 in
1284 808 1601 871 Occidente,
1625 805 1742 859 aliae
1760 805 1811 857 in
1843 799 2083 856 Oriente.

508 909 657 966 Belia
689 907 854 964 etiam
906 905 1102 977 gessit,
1139 917 1203 957 ac
1259 901 1524 955 victorias
1554 898 1858 968 reportavit
1898 895 2087 964 quales

511 1016 695 1073 tegunt
725 998 948 1071 [praeter
1001 993 1207 1067 ipsum]
1248 1005 1431 1048 nemo.
1490 987 1689 1044 Urbem
1739 985 1905 1040 etiam
1955 997 2087 1037 con-

508 1096 645 1153 didit
681 1108 847 1165 quam
879 1091 948 1151 de
980 1091 1205 1147 nomine
1253 1101 1356 1144 suo
1409 1077 1796 1140 Alexandriam
1850 1074 2089 1145 appella-

509 1188 620 1254 vit;
657 1185 724 1241 ad
760 1197 925 1253 quam
984 1197 1015 1235 a
1070 1175 1389 1235 Macedonia
1439 1170 1728 1242 imperium
1784 1165 2086 1222 transtulit.

510 1278 748 1333 Pharum
781 1275 946 1330 etiam
996 1267 1343 1327 Alexandria:
1368 1261 1664 1324 exstruxit,
1698 1272 1865 1328 quam
1907 1254 2094 1310 omni-

508 1372 614 1426 bus
639 1364 1029 1438 navigantibus
1062 1362 1120 1419 in
1151 1360 1396 1431 signum,
1443 1368 1554 1427 quo
1602 1352 1671 1407 ad
1695 1348 2087 1438 Alexandriam

506 1437 902 1528 dirigerentur,
934 1454 1143 1525 posuit.
1168 1449 1468 1518 Postquam
1509 1453 1695 1500 autem
1744 1437 1973 1496 devictis
2006 1450 2092 1491 re-

509 1552 670 1621 gibus
717 1557 773 1604 et
818 1546 1120 1616 subjugato
1165 1540 1373 1597 mundo
1409 1536 1666 1593 Babelem
1725 1528 2087 1603 pervenisset,

2195 452 2212 486 ι
2249 433 2314 488 ad
2346 442 2396 486 te
2423 432 2617 486 littera:
2644 429 2761 483 ista:
2790 442 2943 488 metr,
2994 425 3083 478 die
3131 422 3292 493 hujus
3323 422 3509 476 tnundi
3534 421 3737 487 ultimo,

2194 546 2212 578 ι
2254 523 2422 579 fttturi
2456 523 2671 595 primo:
2705 520 2808 573 hac
2837 532 2933 586 spe
2962 525 3021 571 ut
3047 516 3142 570 tibi
3198 515 3265 569 ad
3315 512 3738 570 consolationem

2194 638 2211 671 ι
2254 617 2593 672 inserviturae
2635 613 2769 677 sint,
2822 619 3099 681 grataeque
3166 607 3377 664 futura.
3434 605 3515 663 Ne
3571 614 3739 660 autem

2195 730 2214 762 ι
2253 718 2453 764 contra
2474 722 2539 762 ac
2583 706 2782 774 opinor
2812 702 3002 766 facias,
3035 716 3213 771 neque
3263 700 3517 772 spiritum
3572 708 3739 756 meum

2196 824 2213 856 ι
2245 801 2557 858 contristes.
2595 797 2747 852 \tale.
2791 815 2809 848 ι

2261 894 2401 949 Tum
2430 891 2637 963 signari
2667 891 2907 953 litteras,
2964 895 3130 956 atque
3190 884 3257 940 ad
3308 892 3537 939 matrem
3601 896 3740 937 suam

2190 996 2404 1045 secreto
2434 984 2575 1040 mitti
2607 982 2775 1052 jussit
2809 998 2823 1035 :
2858 995 2923 1035 ac
2951 994 3076 1035 cum
3103 975 3405 1034 Philemoni
3435 973 3744 1030 consiliario

2191 1094 2314 1144 suo,
2343 1085 2403 1133 ut
2453 1085 2684 1132 mortem
2732 1088 2887 1129 suam
2937 1072 3166 1134 celaret,
3212 1078 3267 1124 et
3316 1067 3585 1123 citissime
3628 1065 3763 1120 Aie--

2191 1170 2481 1226 xandriam
2515 1169 2641 1233 iret,
2675 1171 3028 1237 prteccperat,
3060 1163 3204 1217 diem
3237 1160 3393 1216 obiit.
3425 1158 3627 1215 Fertur
3652 1172 3745 1212 an-

2193 1272 2302 1317 tem
2330 1258 2729 1321 Aiexandrum,
2788 1270 2912 1311 cum
2977 1251 3274 1309 Komosum
3305 1251 3668 1322 pervenisset,
3696 1249 3745 1303 in

2193 1353 2444 1408 morbum
2471 1363 2687 1422 gravem
2715 1347 2993 1409 incidisse,
3028 1360 3140 1414 quo
3163 1343 3423 1398 enutinne
3469 1340 3747 1403 laboravit,

2192 1451 2472 1502 crescente
2498 1442 2551 1497 in
2568 1441 2685 1497 dies
2701 1437 3057 1510 285—287
3081 1434 3397 1509 aegritudine
3420 1449 3436 1487 :
3461 1443 3752 1487 narratum-

2193 1553 2300 1609 que
2321 1536 2423 1608 ipsi
2447 1552 2478 1592 a
2498 1544 2675 1589 matre
2699 1535 2869 1588 fuisse
2893 1531 3198 1601 astrologos
3215 1543 3337 1582 cum
3370 1526 3549 1597 primo
3569 1538 3751 1580 nasce-

510 1654 778 1696 venenum
842 1637 919 1691 illi
975 1632 1273 1690 bibendum
1329 1628 1622 1691 dederunt,
1683 1636 1794 1693 quo
1834 1627 2086 1676 mortuus
2119 1646 2162 1707 Β
2192 1639 2346 1688 rem,
2371 1622 3147 1691 dixim,uoriiurumipsum
3195 1621 3247 1674 ίι,
3293 1619 3413 1674 loco
3440 1617 3602 1688 cui“,
3649 1629 3753 1670 αι.

510 1742 613 1787 est.
676 1728 851 1798 Cujus
896 1738 1066 1781 causa
1122 1723 1247 1788 fuit,
1298 1718 1444 1792 quod
1507 1730 1633 1772 cum
1684 1722 1859 1768 mater
1910 1707 2085 1779 ipsius
2119 1781 2137 1799 ο

511 1823 786 1896 Olympias
810 1821 1023 1876 litteras
1052 1817 1120 1871 ad
1147 1816 1328 1888 ipsum
1361 1809 1702 1881 scripsisset,
1767 1805 1823 1859 in
1883 1801 2086 1873 quibus

510 1915 659 1970 illum
711 1928 872 1982 quem
930 1906 1266 1964 Macedonia;
1325 1896 1649 1974 praefecerat
1708 1898 2083 1955 accusaverat,

507 2003 863 2079 281-283
894 2001 1068 2057 iratus
1090 1995 1403 2053 Alexander
1427 1999 1600 2048 morte
1630 1988 1781 2043 illum
1802 1983 2016 2040 adicere
2034 1981 2087 2034 iu

513 2100 694 2153 animo
725 2097 982 2157 haberet;
1012 2105 1124 2161 quo
1156 2089 1431 2144 intellecto
1471 2084 1558 2138 vir
1603 2080 1694 2135 ille
1727 2080 1899 2133 lilium
1927 2087 2087 2129 suum

512 2204 631 2245 cum
661 2186 986 2242 muneribus
1020 2180 1262 2254 pulchris
1293 2167 1964 2238 mittens,tradiditetiam
1986 2164 2088 2232 ipsi

513 2296 781 2339 venenum
813 2273 1407 2345 mortiferum,jubens
1440 2269 1625 2339 aliquo
1666 2263 1748 2319 uti
1777 2264 2092 2317 commento

512 2390 619 2448 quo
650 2373 828 2445 ipsum
864 2382 1075 2424 veneno
1108 2366 1425 2437 perimeret.
1458 2357 1752 2414 Profectus
1802 2351 1970 2422 igitur
1997 2346 2093 2417 ju-

516 2442 689 2534 venis,
730 2479 858 2521 cum
891 2476 1013 2532 quae
1043 2472 1228 2516 secum
1276 2452 1470 2509 habuit
1516 2461 1745 2505 munera
1776 2442 2090 2503 obtulisset,

517 2530 928 2626 interireiiquos
980 2554 1036 2609 in
1085 2547 1385 2608 Alexandri
1434 2540 1817 2613 pocillatorem
1870 2530 2085 2591 incidit,

517 2652 630 2717 cui,
669 2624 818 2719 quod
849 2661 957 2700 non
993 2645 1067 2698 ita
1122 2640 1331 2711 pridem
1364 2637 1541 2691 iratus
1566 2629 1877 2688 Alexander
1910 2624 2089 2694 ipsum

517 2747 879 2814 percusserat,
911 2746 1102 2805 pectus
1136 2734 1215 2787 ira
1245 2728 1545 2789 mstuabat;
1592 2722 1684 2777 hic
1733 2732 1868 2789 ergo
1897 2727 2097 2787 propo-

518 2810 624 2889 sito
656 2830 834 2902 ipsius
862 2827 996 2882 favit
1025 2845 1039 2880 :
1075 2822 1428 2892 conspirante
1454 2816 1617 2872 etiam
1651 2826 1775 2889 cum
1806 2810 1938 2879 ipsis
1966 2820 2102 2877 quo-

518 2924 639 2979 dam
681 2901 754 2976 ex
803 2914 1101 2975 Alexandri
1156 2908 1546 2967 familiaribus.
1592 2901 1841 2972 Contigit
1908 2907 2094 2952 autem

2189 1723 2323 1786 lum,
2354 1734 2546 1775 aurum
2571 1725 2738 1780 esset,
2765 1723 2912 1771 terra
2949 1710 3156 1767 ferrum
3190 1725 3208 1765 :
3239 1708 3417 1780 ipsum
3444 1721 3577 1776 ergo
3605 1704 3758 1760 its‘se

2190 1812 2480 1868 habentem
2512 1808 2820 1880 perrexisse
2843 1821 3017 1876 usque
3043 1805 3171 1860 dum
3195 1801 3265 1856 ad
3299 1798 3617 1855 Shshrasur
3641 1809 3761 1864 per-

2189 1903 2426 1967 veniret;
2455 1909 2511 1955 at
2537 1901 2682 1954 inter
2708 1896 2948 1951 eundum
2978 1909 3103 1951 cum
3130 1893 3544 1962 ingravescente
3572 1886 3760 1942 morbo

2188 1992 2572 2054 descenderet,
2600 1989 2902 2061 suppositae
2930 1994 3059 2043 sunt
3089 1985 3194 2051 ipsi
3224 1981 3426 2038 tabulae
3472 1979 3636 2041 bina,
3664 1991 3761 2032 sn-

2194 2085 2547 2158 pcrimposita
2598 2082 2766 2137 lorica
2825 2081 3024 2143 ferrea,
3077 2076 3166 2133 cui
3240 2072 3479 2136 insedit,
3553 2073 3765 2139 tegente

2191 2178 2371 2249 ipsum
2397 2177 2635 2248 quodam
2685 2177 2881 2247 clypeo
2944 2175 3249 2238 deaurato:
3317 2182 3429 2239 quo
3470 2172 3765 2233 conspecti

2191 2275 2312 2343 eius
2341 2271 2490 2343 quod
2534 2276 2856 2326 narraverat
2884 2266 2989 2336 ipsi
3025 2275 3221 2326 mater,
3253 2261 3627 2320 recordatum,
3680 2269 3770 2311 sc-

2192 2367 2394 2421 cersito
2416 2365 2510 2434 qui
2548 2362 2650 2433 ipsi
2680 2375 2712 2416 a
2738 2359 2987 2415 consiliis
3022 2365 3164 2415 erat.
3188 2354 3398 2422 litteras
3427 2350 3493 2405 ad
3535 2357 3766 2403 matrem

2193 2459 2455 2519 dictasse,
2485 2469 2550 2509 ac
2576 2462 2690 2507 tum
2713 2452 2856 2506 diem
2894 2448 3121 2504 abiisse.
3163 2445 3233 2502 At
3287 2443 3376 2498 ubi
3427 2444 3496 2497 ad
3530 2449 3766 2496 matters)

2199 2548 2377 2617 ipsius
2404 2542 2783 2615 pervenissent
2832 2541 3047 2600 litterae.
3084 2539 3199 2607 ipsa
3228 2534 3449 2601 epulum
3485 2531 3590 2588 sibi
3613 2527 3772 2584 insli-

2196 2638 2486 2708 tuijussit,
2543 2636 2611 2691 ad
2654 2632 2804 2704 quod
2856 2630 3055 2686 deinde
3117 2627 3368 2684 homines
3417 2620 3773 2682 convocavit,

2199 2731 2507 2801 prazllcicns
2555 2727 2734 2795 portis
2760 2726 2855 2794 qui
2898 2722 3172 2778 neminem
3220 2718 3445 2774 introire
3503 2717 3774 2777 sinerent,

2203 2827 2309 2882 nisi
2360 2823 2448 2879 cui
2496 2821 2707 2877 nullum
2754 2816 3049 2874 accidisset
3085 2812 3464 2869 infortunium.
3494 2810 3780 2866 Ianitores

2200 2932 2354 2988 ergo,
2382 2929 2576 2970 onmes
2630 2912 2727 2982 qui
2779 2909 3106 2965 accederent
3159 2891 3582 2972 interrogantes,
3638 2916 3772 2957 enin

519 3023 579 3071 ut
603 3012 913 3069 Alexander
946 3006 1243 3062 comitibus
1282 3002 1399 3057 suis
1421 2996 1738 3053 convivium
1768 2995 2092 3048 instrueret,
2121 3001 2164 3060 ο
2197 3012 2434 3079 “quem
2460 3004 2825 3061 intumum"
2856 2999 3080 3071 aiiquod
3134 3011 3359 3067 passum
3395 2993 3567 3050 mm
3609 3006 3783 3061 re”.

520 3108 721 3180 quibus
743 3103 1035 3160 edentibus
1059 3114 1123 3152 ac
1148 3094 1484 3157 bibentibus,
1538 3090 1657 3160 ipse
1702 3101 1827 3141 cum
1865 3082 2098 3137 familia-

522 3174 673 3255 ribus
706 3211 769 3250 ac
800 3191 1047 3248 convivis
1071 3189 1187 3244 suis
1231 3184 1504 3248 consedit,
1532 3179 1809 3235 hilaritate
1839 3190 1903 3231 ac
1931 3174 2103 3229 collo-

522 3289 650 3359 quio
684 3286 996 3354 indulgens.
1030 3282 1166 3335 Cum
1192 3291 1324 3347 ergo
1358 3276 1487 3329 vino
1521 3273 1699 3327 victus
1732 3275 1902 3331 esset,
1933 3281 2103 3321 vene-

524 3356 654 3436 num
688 3376 825 3432 illud
881 3373 1025 3442 regis
1061 3368 1257 3441 poculo
1301 3367 1620 3421 immiscens
1644 3361 1957 3432 pocillator,
1987 3356 2100 3426 regi

526 3468 805 3544 porrexit;
834 3480 942 3536 quo
966 3458 1152 3533 epoto,
1210 3455 1502 3514 confestim
1529 3465 1760 3510 mortem
1815 3449 2103 3523 [ingruen-

530 3543 666 3634 tem]
696 3560 868 3617 sensit
888 3574 902 3623 ;
924 3570 1097 3626 quare
1115 3551 1385 3607 accersito
1405 3548 1582 3604 scriba
1609 3560 1730 3612 suo,
1762 3545 1867 3614 ipsi
1887 3543 1956 3598 ad
1989 3557 2106 3596 tua-

536 3673 670 3712 trem
703 3666 858 3707 suam
881 3645 1164 3720 epistolam
1195 3642 1443 3702 dictavit,
1464 3638 1623 3707 cujus
1655 3639 1757 3691 hoc
1776 3637 2056 3707 exemplar
2088 3655 2103 3691 :

536 3772 551 3801 ι
583 3748 664 3803 Ab
694 3740 1006 3800 Alexandro
1031 3750 1193 3792 servo
1223 3733 1340 3797 Dei,
1395 3731 1489 3801 qui
1522 3730 1640 3784 heri
1669 3731 1915 3783 omnium
1951 3739 2108 3783 terra!

535 3858 554 3890 ι
595 3838 787 3891 liniutu
819 3829 1096 3891 dominus,
1150 3824 1313 3878 hodie
1344 3819 1587 3889 ejusdem
1641 3816 1951 3885 depositum
2002 3826 2106 3883 est,

538 3950 556 3983 ι
594 3928 661 3983 ad
699 3921 1074 3995 Olympiadem
1105 3924 1335 3970 matrem
1402 3928 1556 3968 suam
1598 3912 1911 3980 benignam,
1941 3910 2111 3964 misc-

540 4043 556 4072 ι
601 4016 894 4075 ricordem,
944 4025 1052 4081 qua
1097 4009 1321 4079 propius
1368 4003 1474 4058 frui
1516 4016 1622 4057 non
1680 4002 1830 4056 licet.
1865 4000 1977 4055 Pax
2011 3999 2111 4054 tibi

544 4132 559 4163 ι
599 4112 830 4177 integra,
867 4104 1093 4169 Optima.
1130 4096 1283 4151 Viam
1344 4110 1510 4165 quam
1561 4092 1714 4147 caico
1765 4107 1888 4158 ego,
1931 4107 1995 4146 ea
2026 4100 2112 4147 est

547 4224 563 4254 ι
599 4218 760 4270 quam
794 4198 1080 4251 calt-urunt
1129 4191 1222 4260 qui
1270 4193 1669 4259 praecesserunt
1711 4183 1947 4253 priores’.
2002 4181 2108 4245 Tu,

546 4316 564 4345 ι
595 4292 885 4356 exterique
905 4287 995 4355 qui
1022 4283 1152 4337 mihi
1180 4278 1504 4349 superstites
1523 4284 1671 4333 sunt.
1693 4273 1931 4341 vestigiis
1950 4270 2115 4341 284

2203 3102 2427 3159 rissent,
2459 3097 2687 3151 introire
2719 3108 2827 3147 non
2860 3091 3139 3155 sinebant,
3169 3088 3305 3143 adeo
3338 3094 3393 3140 ut
3429 3098 3648 3149 omnes,
3677 3092 3782 3138 ne-

2204 3191 2350 3245 mine
2373 3189 2589 3253 relicto,
2623 3185 2887 3242 redirent.
2923 3181 3081 3250 Quod
3119 3195 3241 3236 cum
3275 3179 3523 3241 vidisset.
3570 3190 3785 3233 conso-

2202 3281 2407 3338 latione
2468 3270 2706 3333 admissa
2743 3277 3065 3346 patientiam
3107 3272 3317 3338 induit,
3349 3284 3451 3344 pro
3483 3276 3785 3342 competit»

2204 3373 2416 3428 habens
2464 3371 2609 3424 viam
2665 3384 2791 3424 esse
2850 3368 2994 3423 hanc
3045 3365 3331 3440 [omnibus
3375 3364 3781 3438 communem].

2206 3465 2377 3521 Porro
2400 3462 2682 3518 Philemon
2718 3460 3066 3516 consiliarius
3109 3460 3412 3515 Alexandri
3446 3473 3647 3530 corpus
3673 3458 3780 3513 bo-

2207 3558 2361 3612 noris
2388 3570 2553 3610 causa
2593 3568 2736 3608 arca
2770 3568 2954 3607 aureze
3009 3552 3294 3622 imposuit.
3334 3551 3396 3605 in
3437 3550 3546 3605 alio
3589 3564 3786 3606 exen-

2207 3652 2343 3723 piari
2370 3651 2566 3718 legitur
2599 3647 2777 3717 ipsum
2820 3644 2953 3700 illud
3001 3644 3158 3699 melle
3214 3642 3551 3712 implevisse,
3598 3648 3785 3696 morte

2208 3745 2329 3812 ejus
2359 3742 2557 3804 celata,
2605 3737 2882 3793 exercitus
2927 3744 2983 3791 et
3039 3734 3329 3789 thesauros
3385 3731 3782 3788 Alexandriam

2208 3833 2500 3889 deduxisse
2521 3847 2537 3897 ;
2558 3846 2623 3885 eo
2649 3839 2829 3883 autem
2861 3842 2985 3882 cum
3012 3824 3371 3896 pervenisset,
3403 3830 3634 3878 mortem
3658 3824 3784 3892 eius

2210 3930 2395 3977 notam
2446 3918 2758 3974 hominibus
2786 3914 2957 3985 288
2992 3914 3211 3978 fecisse,
3255 3927 3384 3967 arca
3437 3912 3493 3967 in
3540 3911 3783 3967 medium

2214 4012 2446 4083 prolata,
2481 4024 2656 4080 eaque
2707 4009 2765 4063 itt
2810 4011 3121 4078 pavimento
3167 4004 3442 4074 deposita,
3502 4003 3786 4072 sapientes

2210 4103 2443 4173 jussisse
2474 4114 2914 4169 unumquemque
2937 4097 3247 4168 Epicedium
3269 4110 3466 4150 canere
3483 4094 3626 4165 quod
3651 4097 3791 4150 ami-

2215 4194 2296 4249 cis
2350 4192 2620 4256 solandis,
2675 4191 2933 4245 omnibus
3010 4188 3392 4251 instituendis,
3472 4174 3788 4242 inserviret.

2216 4284 2365 4339 Dixit
2406 4300 2536 4355 ergo
2583 4276 2867 4336 Philemon
2901 4281 3163 4350 sapiens:
3205 4277 3460 4349 Magnum
3516 4278 3605 4333 hic
3670 4278 3788 4332 dies

546 4407 565 4438 ι
595 4375 1139 4457 [nostrisinmstitm].
1160 4370 1440 4440 Siquidem
1459 4367 1590 4421 illud
1608 4365 1695 4419 cui
1714 4365 1767 4418 in
1795 4364 1896 4417 hoc
1914 4367 2103 4415 tnttndt

2223 4374 2528 4444 exemplum
2577 4371 2820 4427 exhibet.
2876 4369 3161 4425 Pracessit
3211 4370 3412 4423 malum
3460 4368 3603 4437 ejus,
3638 4366 3787 4437 quod

557 4499 575 4531 ι
596 4454 822 4532 ἐἰηιῑιεε
849 4482 1061 4531 sumus,
1096 4473 1180 4519 est
1205 4463 1320 4516 dies
1347 4460 1664 4522 hodiernus,
1690 4459 1783 4524 qui
1807 4454 2116 4525 prmceden-

549 4592 567 4620 s
604 4578 712 4623 tem
754 4564 924 4635 pellit.
956 4559 1032 4614 Ne
1065 4566 1243 4611 autem
1271 4553 1340 4608 ob
1383 4550 1645 4605 mundum
1709 4550 1851 4602 hunc
1907 4545 2116 4601 contri-

552 4682 570 4715 ι
607 4659 791 4720 steris,
820 4669 941 4710 eum
977 4664 1110 4706 suos
1141 4648 1328 4701 fallere
1356 4648 1552 4698 soleat.
1582 4640 1905 4709 Exemplum
1953 4638 2119 4707 hujus

554 4772 573 4801 ι
612 4750 693 4805 rei
717 4749 887 4801 habes
918 4745 972 4798 in
1006 4758 1071 4796 eo
1092 4739 1236 4809 quod
1263 4737 1361 4790 tibi
1391 4745 1578 4789 notum
1605 4740 1689 4787 est
1733 4730 1801 4785 de
1830 4743 1956 4799 rege
1990 4729 2121 4783 Phi-

555 4863 572 4895 ι
617 4843 786 4911 lippo,
816 4838 909 4905 qui
939 4833 1088 4886 nullo
1117 4830 1278 4883 modo
1304 4828 1554 4881 obtinere
1587 4824 1783 4894 potuit,
1814 4831 1873 4876 ut
1905 4821 1988 4875 vel
2039 4831 2124 4875 te-

556 4955 573 4985 r
624 4948 745 4986 cuni
780 4934 1146 4997 permaneret,
1176 4925 1255 4974 vel
1284 4919 1415 4971 mihi
1448 4924 1728 4987 superstes
1750 4923 1900 4969 esset
1933 4932 1947 4967 :
1984 4927 2123 4981 prte-

563 5051 579 5077 ι
622 5027 778 5092 cinge
806 5022 970 5088 igitur
1000 5029 1050 5070 te
1094 5013 1375 5086 patientia,
1425 5022 1476 5066 et
1534 5007 1923 5077 impatientiam
1965 5004 2122 5074 pelle,

562 5140 580 5169 ι
625 5127 781 5185 teque
820 5128 849 5165 a
880 5110 1039 5163 turba
1075 5105 1404 5167 subduceris,
1430 5099 1623 5170 iubeas
1649 5114 1718 5153 ne
1754 5097 1819 5151 ad
1843 5108 1893 5151 te
1937 5099 2123 5166 ingre-

564 5229 582 5261 ι
627 5209 812 5261 diatur
835 5202 983 5273 quis,
1013 5199 1119 5252 nisi
1156 5198 1244 5250 cui
1288 5193 1653 5248 infortunium
1704 5189 1928 5259 aliquod
1980 5188 2125 5243 acci-

567 5322 582 5352 ι
616 5297 779 5359 derit,
816 5307 926 5362 quo
954 5289 1087 5360 quid
1119 5288 1187 5341 sit
1218 5287 1351 5340 illud
1379 5284 1522 5338 scire
1546 5282 1775 5353 poteris,
1827 5289 1879 5334 et
1928 5290 2126 5333 statum

568 5413 585 5442 ι
626 5403 777 5444 tuum
799 5386 991 5441 melius
1024 5382 1318 5452 percipias.
1378 5378 1458 5431 Tu
1510 5391 1599 5431 res
1647 5384 1769 5428 tuas
1820 5388 1941 5442 age,
1996 5373 2128 5427 illud

572 5505 589 5534 ι
631 5489 810 5535 autem
838 5481 903 5529 ad
940 5476 1081 5542 quod
1126 5488 1228 5542 ego
1277 5470 1462 5535 tendo,
1498 5468 1691 5523 melius
1759 5477 1860 5529 est,
1897 5483 1960 5519 ac
1996 5466 2133 5519 faei-

577 5589 592 5620 ι
634 5571 737 5620 lius
762 5582 826 5619 eo
851 5581 955 5634 quo
985 5562 1059 5616 fui
1093 5558 1311 5632 [statu].
1363 5559 1505 5614 Bene
1562 5565 1742 5611 autem
1799 5556 1953 5619 mihi,
2006 5557 2133 5610 tibi-

582 5685 595 5712 t
629 5677 732 5729 que
760 5660 862 5728 ipsi
889 5658 1053 5712 facias
1080 5644 1509 5712 consolationem
1530 5666 1580 5708 et
1600 5653 1915 5724 patientiam
1938 5653 2131 5708 admit-

2219 4482 2249 4519 a
2300 4475 2455 4534 tergo
2512 4472 2664 4529 «rat;
2723 4470 2777 4516 et
2846 4472 2992 4516 retro
3015 4461 3150 4515 abiit
3212 4460 3415 4514 bonum
3475 4460 3610 4530 ejus,
3637 4460 3787 4529 quod

2222 4564 2609 4627 praecesserat;
2666 4554 2991 4621 Quicunque
3037 4562 3218 4606 autem
3266 4567 3391 4607 eum
3440 4553 3597 4619 cuius
3650 4554 3786 4607 abiit

2228 4662 2483 4716 regnum,
2515 4644 2715 4700 deﬂere
2734 4644 2881 4709 velit,
2913 4642 3126 4698 deﬂeat.
3152 4642 3301 4697 Plato
3319 4644 3540 4713 sapiens
3564 4659 3579 4695 :
3602 4642 3781 4700 ﬂens!

2224 4740 2315 4807 qui
2352 4751 2447 4805 per
2471 4737 2575 4789 vim
2625 4731 2855 4805 [omnia]
2892 4733 3114 4804 agebas,
3143 4733 3407 4804 collegistt
3437 4733 3583 4802 quod
3612 4742 3668 4790 te
3693 4734 3789 4789 de—

2224 4829 2391 4898 cepit,
2420 4835 2475 4880 et
2509 4841 2537 4878 a
2568 4834 2621 4880 te
2658 4832 2924 4889 recessit;
2951 4827 3024 4878 ita
3057 4832 3116 4877 ut
3167 4823 3263 4878 tibi
3294 4823 3569 4880 adhcreat
3596 4836 3785 4881 reatus

2226 4922 2369 4990 ejus,
2408 4920 2618 4973 utilitas
2653 4927 2834 4973 autem
2868 4918 2933 4971 ad
2979 4916 3148 4973 alium
3179 4917 3426 4973 redierit.
3460 4916 3784 4975 Aristoteles

2226 5012 2438 5079 sapiens
2466 5029 2479 5065 :
2513 5010 2662 5065 Abiit
2682 5025 2711 5063 a
2752 5010 2907 5064 nobis
2925 5008 3232 5064 Alexander
3252 5008 3507 5079 loquens,
3532 5025 3785 5067 reversus

2227 5115 2312 5162 est
2346 5106 2411 5158 ad
2444 5119 2545 5159 nos
2584 5105 2774 5160 silens.
2805 5102 2989 5159 Narcn
3016 5104 3238 5174 sapiens
3284 5122 3300 5159 :
3337 5102 3434 5159 Dic
3477 5106 3621 5175 gregi
3658 5103 3785 5160 Ale-

2233 5194 2446 5260 xandri,
2485 5195 2583 5250 llic
2638 5203 2721 5251 est
2748 5196 2865 5249 dies
2899 5196 2952 5248 in
2981 5209 3088 5265 quo
3118 5195 3352 5249 custodit
3402 5211 3535 5265 grex
3593 5205 3780 5266 pasto-

2232 5302 2346 5342 rem
2378 5301 2561 5341 suum.
2591 5284 2751 5340 Nilon
2787 5303 2800 5338 :
2837 5284 2919 5339 An
2970 5284 3347 5341 consolabitur
3405 5302 3530 5351 nos,
3575 5288 3648 5344 ob
3700 5303 3782 5343 re-

2231 5395 2350 5449 gem
2400 5387 2670 5441 nostrum,
2729 5378 2832 5432 nisi
2867 5379 2956 5447 qui
3015 5376 3372 5432 infortunium
3421 5392 3615 5448 passus
3647 5379 3785 5455 salp-

2236 5480 2364 5522 tsum
2397 5468 2648 5535 accepit?
2681 5466 2822 5520 Dixit
2871 5469 3014 5522 alius
3045 5484 3061 5521 :
3091 5465 3238 5520 llatc'
3271 5473 3354 5519 est
3388 5466 3496 5528 via,
3544 5479 3649 5534 qua
3693 5478 3785 5517 ne-

2237 5575 2394 5615 cesse
2415 5560 2653 5614 eundum
2689 5570 2790 5614 est.
2847 5559 3046 5615 Eodem
3099 5573 3229 5630 ergo
3290 5559 3490 5613 allectu
3525 5558 3666 5629 quod
3689 5559 3785 5609 do-

2239 5664 2481 5710 taturum
2506 5666 2587 5712 est
2614 5656 2859 5726 qumrite,
2892 5671 3000 5725 quo
3030 5654 3267 5722 peritura
3289 5652 3560 5722 qttaeritis.
3588 5651 3732 5704 Alius
3760 5665 3775 5699 :
