3950 6348
208 183 313 246 973

1625 173 1986 240 ANNALES.
2013 179 2028 187 ’

3304 185 3406 247 974

201 295 407 353 StimCil
438 294 540 346 hoc
576 292 629 344 in
665 288 968 359 exemplum
1013 305 1025 342 :
1056 287 1168 341 heri
1225 285 1335 340 fuit
1387 299 1576 340 aurum
1631 287 1754 343 Ale-
1783 301 1827 354 Α
1860 291 2140 360 losophis:
2173 293 2232 346 Si
2271 275 2838 351 vestrideAlexandro
2858 282 3404 352 sermonesilludendi

202 391 408 445 xandro
439 388 749 444 thesaurus,
815 381 974 435 hodie
1027 379 1340 434 Alexander
1399 380 1452 432 in
1495 394 1628 434 auro
1672 397 1753 434 re.

200 482 473 537 conditus.
500 478 653 532 Alius
693 499 704 530 ;
735 474 1010 542 Sequetur
1042 481 1095 526 te.
1128 471 1218 540 qui
1288 479 1459 524 morte
1495 478 1584 522 tua
1622 487 1754 539 gau-

199 575 310 637 det,
339 567 799 640 quemadmodum
827 574 884 620 tu
908 573 1132 620 secutus
1159 578 1217 619 es
1239 578 1362 617 eum
1396 563 1551 632 cujus
1584 571 1756 618 morte

199 667 421 734 gavisus
445 677 523 716 es.
558 659 704 713 Dixit
735 657 898 712 Lotas
948 653 1308 726 philosophus
1335 669 1348 706 :
1383 653 1458 707 Ne
1489 653 1754 707 miremini

198 769 348 815 eum,
376 753 467 821 qui
498 767 619 806 cum
657 750 711 803 in
753 749 861 802 vita
900 762 998 802 sua
1050 761 1148 801 nos
1169 760 1274 798 non
1310 744 1626 808 instituerit,
1658 757 1758 796 no-

200 843 284 897 bis
317 845 531 896 tandem
561 855 620 896 se
644 849 819 893 morte
850 852 946 892 sua
976 837 1296 890 monitorem
1335 835 1582 904 praebuit.
1617 833 1758 887 Dixit

201 935 406 990 Metron
443 933 662 1002 sapiens
695 949 708 985 :
739 930 888 996 Heri,
924 931 1057 984 heus
1082 930 1165 982 tu!
1191 926 1539 998 289-291
1569 923 1758 979 audire

198 1023 498 1096 potuimus,
531 1037 637 1076 non
668 1032 848 1075 autem
897 1019 1044 1087 loqui
1080 1017 1284 1089 [coram
1320 1013 1420 1086 te],
1461 1027 1602 1068 nunc
1631 1025 1758 1066 vero

197 1132 328 1171 num
355 1115 508 1169 audis
537 1130 655 1184 quae
678 1110 988 1182 loquimur?
1021 1109 1163 1162 Dixit
1211 1105 1299 1160 Sis
1343 1107 1562 1177 sapiens
1598 1121 1613 1158 :
1659 1101 1758 1158 Hic

199 1208 402 1262 multos
430 1215 602 1261 morte
622 1205 801 1258 aﬂecit
831 1218 900 1258 ne
931 1207 1258 1265 moreretur,
1283 1207 1338 1253 at
1364 1206 1613 1252 mortuus
1632 1206 1714 1252 est
1737 1211 1754 1262 ;

196 1299 470 1370 quomodo
503 1315 610 1353 non
637 1297 812 1366 potuit
839 1309 871 1349 a
907 1310 967 1350 se
1001 1304 1228 1348 mortem
1259 1301 1429 1346 morte
1456 1289 1758 1358 repellere?

196 1393 346 1447 Dixit
373 1392 515 1445 alius
547 1373 704 1444 :Non
753 1386 824 1440 ita
887 1386 1122 1440 erudivit
1167 1398 1268 1439 nos
1301 1383 1608 1438 Alexander
1645 1396 1758 1438 ser-

195 1499 359 1540 mone
384 1490 508 1543 su’o,
534 1496 596 1534 ac
623 1480 842 1536 silentio
891 1492 992 1532 suo
1045 1490 1146 1530 nos
1198 1474 1399 1529 erudit.
1453 1473 1598 1527 Dixit
1655 1472 1758 1528 De-

194 1575 427 1630 metrius
455 1573 712 1642 sapiens:
747 1568 889 1624 Ileus
913 1579 967 1622 tu
990 1569 1003 1621 ι
1029 1567 1187 1636 cujus
1214 1570 1295 1620 ira
1331 1581 1478 1621 mors
1503 1565 1624 1632 fuit,
1659 1581 1756 1621 cur

193 1680 308 1720 non
338 1665 440 1734 ipsi
474 1637 637 1718 ιιι-οτιὶ
665 1663 838 1717 iratus
867 1659 968 1715 es?
1006 1657 1148 1712 Dixit
1176 1657 1320 1712 alius
1349 1674 1363 1711 :
1397 1656 1617 1713 Timent
1639 1656 1752 1726 jam
1791 1637 1831 1690 Β

193 1765 499 1820 ιτεεειιιω,
530 1770 562 1808 o
593 1749 710 1817 rex,
756 1760 812 1807 et
863 1765 1070 1807 securae
1097 1759 1222 1805 sunt
1273 1764 1432 1804 arces
1475 1759 1526 1803 te
1573 1750 1761 1802 timen-

194 1847 354 1900 tium.
381 1845 524 1899 Dixit
556 1845 737 1900 alius:
767 1842 940 1908 Quam
965 1830 1146 1919 caute
1176 1840 1288 1911 jam
1316 1855 1344 1894 a
1402 1849 1455 1895 te
1485 1839 1758 1894 abstinent

195 1935 471 2002 homines,
498 1949 531 1988 ο
559 1949 678 2000 rex,
704 1944 943 2009 etquam
986 1933 1143 1987 avide
1191 1945 1330 1986 arca:
1365 1939 1470 1986 tua:
1509 1929 1753 1984 inhiant!

196 2026 343 2082 Dixit
373 2026 516 2081 alius
549 2026 756 2092 :Quam
800 2026 1064 2080 veraciter
1094 2025 1204 2095 agit
1244 2037 1392 2078 mors
1446 2035 1569 2077 cum
1621 2020 1756 2087 suis,

195 2116 306 2172 nisi
337 2115 484 2184 quod
517 2115 592 2170 illi
623 2116 815 2170 oculos
843 2130 976 2169 suos
1003 2115 1286 2178 claudant,
1313 2110 1366 2168 et
1394 2127 1556 2168 aures
1593 2111 1756 2166 obtu-

193 2207 352 2262 rent!
394 2203 878 2264 DixitPhilokaton
902 2205 1119 2275 sapiens
1144 2223 1160 2264 :
1183 2195 1337 2272 Quod
1366 2205 1432 2260 ad
1469 2204 1753 2270 mundum,

193 2300 350 2367 cujus
376 2292 600 2352 boc'est
630 2298 900 2360 ultimum,
925 2306 1074 2352 certe
1107 2296 1264 2351 nobis
1297 2297 1469 2352 satius
1503 2297 1700 2375 fuisset
1724 2310 1755 2351 a

192 2387 372 2458 primo
395 2388 514 2457 ejus
529 2387 882 2443 abstinuisse.
913 2387 1216 2442 Dixitalius
1237 2401 1252 2440 :
1273 2386 1452 2451 Heus!
1485 2387 1755 2454 homines,

193 2497 264 2537 ne
291 2479 539 2539 delicatis
589 2481 738 2536 ilium
795 2481 889 2551 qui
932 2481 1062 2536 flere
1118 2481 1303 2546 desiit,
1347 2475 1456 2538 sed
1513 2483 1753 2554 seipsum

193 2573 574 2643 unusquisque
630 2585 872 2629 vestrum
919 2573 1132 2630 deﬂeat.
1191 2572 1340 2629 Dixit
1377 2575 1566 2630 alius:
1601 2575 1756 2646 Rogo

193 2664 328 2719 mihi
355 2659 529 2731 dicas,
565 2663 658 2732 qui
710 2665 952 2719 animum
991 2665 1274 2735 regionum
1301 2659 1654 2736 amplitudine
1677 2666 1756 2720 la-

190 2756 392 2810 tiorem
414 2755 658 2825 gessisti.
689 2755 965 2824 quomodo
1024 2754 1134 2825 jam
1188 2757 1299 2825 pati
1359 2767 1514 2826 potes
1575 2757 1754 2812 locum

191 2859 304 2902 tam
334 2847 663 2916 angustum?
717 2845 859 2902 Dixit
917 2849 1063 2904 alius
1091 2866 1104 2902 :
1170 2847 1226 2902 Si
1259 2863 1367 2904 non
1399 2848 1662 2904 deﬂeatur
1689 2850 1757 2907 de

191 2948 370 2992 morte
394 2937 496 2993 nisi
528 2937 740 2992 novitas
768 2938 905 3006 ejus,
947 2947 1095 2993 certe
1133 2938 1380 3008 quotidie
1432 2926 1579 2993 mors
1616 2955 1754 2994 nova
1785 2963 1827 3022 ο

190 3027 423 3087 accidit.
455 3029 604 3082 Dixit
637 3029 776 3084 alius
804 3046 817 3082 :
874 3028 930 3084 Si
963 3030 1141 3084 elatus
1180 3029 1352 3097 fuisti,
1385 3031 1498 3100 jam
1539 3031 1760 3086 humilis

190 3136 277 3184 es,
311 3129 366 3174 et
405 3119 450 3176 si
477 3119 801 3176 invidendus
833 3119 1038 3187 fueras,
1088 3119 1202 3191 jam
1234 3130 1384 3176 certe
1415 3121 1758 3177 miserandus

189 3228 277 3268 es.
300 3211 441 3268 Dixit
461 3213 602 3267 alius
633 3229 647 3266 :
677 3211 816 3278 Quid
841 3212 960 3268 est?
979 3220 1094 3268 o.tu
1120 3211 1284 3283 cujus
1313 3213 1392 3278 ira
1419 3212 1757 3270 formidanda

191 3311 333 3369 erat,
386 3314 438 3358 et
484 3302 624 3358 latus
677 3305 966 3368 munitum,
1003 3303 1165 3375 292
1196 3319 1295 3359 cur
1332 3321 1438 3360 non
1468 3308 1640 3361 iratus
1673 3320 1754 3373 es,

202 3404 254 3448 ιι
285 3408 316 3446 a
350 3401 404 3447 te
439 3393 743 3448 discederet
777 3394 962 3449 mors?
998 3403 1113 3459 aut,
1139 3409 1239 3449 cur
1267 3411 1375 3449 non
1423 3403 1478 3449 te
1520 3395 1757 3465 protexi-

200 3486 294 3543 ιιι.
323 3494 375 3538 ιιι
421 3501 451 3539 a
497 3495 550 3539 te
607 3485 990 3556 impotentiam
1020 3487 1353 3556 repelleresi
1391 3485 1536 3541 Dixit
1569 3488 1754 3541 alius:
1809 3531 1812 3534 .

200 3575 407 3632 Sumcit
439 3577 597 3647 vulgo
629 3577 681 3631 in
729 3578 1037 3647 exemplum
1075 3590 1230 3633 mors
1260 3561 1483 3648 regum;
1521 3585 1577 3633 et
1611 3577 1760 3633 sufﬁ-

200 3669 272 3726 :it
302 3667 522 3740 regibus
556 3670 609 3722 in
669 3669 1177 3736 commonitionem,
1215 3677 1361 3724 mo‘rs
1409 3669 1575 3739 vulgi.
1612 3668 1775 3736 Dixit

200 3761 375 3815 alius:
428 3757 546 3813 Non
595 3760 743 3813 aliud
805 3758 975 3814 edidit
1016 3759 1322 3816 Alexander
1363 3761 1756 3816 documentum

199 3851 492 3916 :Ilustrius,
521 3862 696 3906 morte
748 3866 868 3906 sua.
910 3851 1057 3906 Dixit
1106 3853 1246 3906 alios
1283 3870 1295 3906 :
1327 3850 1453 3906 Fuit
1505 3867 1609 3907 vox
1664 3861 1758 3906 tua

199 3941 480 4005 mrribilis,
513 3952 566 3996 et
609 3957 834 4011 regnum
899 3950 1057 3996 tuum
1106 3943 1598 4012 praecelsum;jatn
1632 3957 1759 3998 vero

200 4035 398 4090 defecit
428 4049 526 4088 vox
561 4041 676 4096 tua,
727 4042 782 4088 et
807 4064 820 4075 ι
849 4049 1071 4102 regnum
1113 4039 1264 4088 tuun'i
1305 4035 1622 4104 depressum
1653 4043 1757 4090 est.

199 4130 341 4184 Dixit
375 4128 515 4182 alius
545 4147 558 4182 :
601 4126 726 4181 Fuit
770 4129 867 4182 tibi
902 4127 1057 4197 copia
1091 4126 1489 4199 benefaciendi,
1519 4143 1627 4182 non
1661 4143 1763 4181 au-

129 4227 142 4233 "
191 4238 309 4277 tein
344 4222 474 4274 mihi
504 4220 798 4289 loquendi;
838 4219 962 4289 jam
1001 4234 1128 4273 vero
1159 4227 1244 4274 est
1295 4221 1430 4274 mihi
1472 4215 1627 4290 copia
1678 4220 1763 4274 lo-

1860 383 2216 453 293-295
2247 385 2419 453 gratia
2463 384 2700 449 fuerunt,
2737 387 2946 456 reliquit
2987 385 3240 456 poculum
3265 386 3405 454 quod

1857 476 2048 540 ebibit,
2076 478 2376 539 vobiscum,
2407 477 2472 530 de
2522 493 2631 546 quo
2659 477 2944 531 videndum
2973 477 3055 533 est
3095 478 3250 532 vobis
3275 492 3410 530 om-

1859 567 2018 620 nibus
2045 568 2173 634 quid
2203 569 2471 623 sentiatis.
2496 567 2592 621 Sin
2616 567 2683 622 ad
2703 568 3125 623 consolationem
3147 577 3200 626 et
3230 569 3410 624 luctus

1857 656 2307 724 signum,paratc
2357 673 2452 712 vos
2485 657 2551 710 ad
2599 658 3072 728 respondendum,
3127 668 3181 712 et
3243 675 3409 730 argu-

1859 754 2040 799 menta
2079 748 2408 814 conquiritr‘,
2469 748 2738 817 siquidem
2769 749 3040 819 gustaturi
3089 749 3220 804 estis
3264 752 3409 820 quod

1824 835 1952 892 ‘ille
1981 838 2310 906 degustavit.
2361 839 2485 892 Sint
2533 856 2660 908 ergo
2694 856 2856 908 Opera
2890 851 3067 895 vestra
3126 841 3286 897 dictis
3317 857 3407 896 ve-

1858 929 1987 982 stris
2009 935 2398 989 consentanca,
2430 943 2602 996 neque
2631 931 2773 983 enim
2817 930 2868 983 in
2913 931 3206 986 securitate
3250 931 3409 1000 positi

1859 1019 2014 1074 estis.
2059 1019 2195 1072 Tum
2218 1033 2438 1088 egressa
2488 1018 2781 1074 Alexandri
2808 1029 2978 1074 mater
2999 1036 3133 1088 gena
3155 1037 3249 1075 sua
3273 1036 3412 1075 arca:

1845 1107 2079 1162 admota
2119 1109 2297 1162 dixit:
2341 1109 2571 1163 Abunde
2619 1125 2719 1164 nos
2764 1109 3026 1164 consolati
3057 1111 3208 1167 estis.
3256 1111 3414 1166 Certe

1859 1199 2003 1270 quod
2043 1202 2330 1270 timuerant
2361 1200 2828 1270 Alexaudro,jatn
2873 1200 2949 1253 illi
2981 1199 3203 1266 accidit,
3240 1218 3415 1271 neque

1859 1293 2126 1364 reliquum
2153 1301 2237 1347 est
2260 1293 2334 1346 illi
2372 1285 2456 1346 vel
2504 1301 2695 1347 contra
2748 1293 2899 1346 illum
2947 1309 3206 1362 regnum;
3261 1293 3415 1346 valde

1856 1400 1986 1453 ergo
2019 1401 2047 1437 a
2078 1384 2282 1439 mundo
2305 1383 2646 1451 abstineatis,
2681 1393 2736 1438 et
2769 1384 2912 1453 quod
2979 1399 3006 1437 a
3063 1385 3216 1439 vobis
3265 1383 3416 1439 debi-

1861 1485 1974 1528 tum
2003 1487 2087 1529 est
2123 1485 2394 1552 priestate.
2431 1477 2629 1546 Accepi
2675 1477 3102 1531 consolationem
3153 1485 3414 1543 vestram,

1861 1564 2146 1635 ipsumque
2169 1567 2383 1636 sepeliri
2403 1567 2588 1634 juheo.

1927 1655 2195 1725 Regnavit
2219 1670 2396 1712 autem
2449 1658 2752 1714 Alexander
2792 1676 2966 1716 annos
2995 1662 3233 1717 sedecim
3267 1681 3283 1718 :
3335 1663 3416 1716 vi-

1860 1745 1940 1800 xit
1963 1746 2018 1800 in
2038 1755 2205 1828 totum
2237 1747 2458 1818 triginta
2479 1747 2638 1803 duos.
2663 1749 2828 1803 Porro
2847 1751 3159 1819 praefecerat
3179 1753 3384 1808 Alexan
3401 1781 3416 1793 -

1855 1837 1956 1893 der
1981 1838 2278 1910 unicuique
2300 1840 2503 1910 regioni
2537 1855 2753 1896 servum
2781 1839 2864 1913 [at
2889 1843 3044 1910 juxta
3071 1844 3213 1898 aliud
3235 1860 3416 1900 excut-

1858 1930 1994 2000 plar,
2028 1930 2395 2002 praefectum],
2421 1944 2612 1990 vetans
2643 1949 2712 1989 ne
2743 1933 2812 1988 ad
2843 1950 3001 2003 quem
3043 1927 3097 1989 in
3139 1937 3412 2004 provincia

1857 2022 1946 2078 cui
1967 2029 2218 2093 prteerat,
2251 2020 2598 2080 mitterentur
2644 2020 2836 2079 littera:
2877 2025 2948 2080 ab
2996 2025 3105 2080 alio
3151 2025 3245 2097 qui
3295 2027 3416 2095 ipso

1857 2120 2128 2180 potestate
2158 2115 2335 2181 major
2372 2122 2538 2169 esset.
2577 2113 2658 2169 Ab
2688 2115 2944 2170 omnibus
3000 2126 3180 2171 autent
3217 2116 3305 2170 :ad
3357 2133 3418 2174 se

1857 2201 1976 2257 dari
2007 2203 2221 2260 litteras
2256 2202 2476 2274 lubens,
2507 2221 2607 2260 nec
2644 2221 2804 2276 quem
2833 2207 2994 2262 etiam
3055 2224 3114 2264 se
3165 2221 3416 2280 excepto,

1805 2291 1810 2296 “
1857 2305 2038 2362 regem
2080 2292 2366 2362 appellari.
2405 2292 2613 2348 Mortuo
2681 2295 2846 2364 igitur
2888 2295 3197 2352 Alexandro
3239 2314 3416 2355 unus-

1856 2383 2090 2454 quisque
2134 2384 2475 2454 provinciam
2507 2400 2662 2440 suam
2716 2388 3028 2456 occupavit.
3080 2387 3144 2442 Et
3186 2389 3418 2445 divisum

1855 2482 1938 2528 est
1964 2472 2331 2530 Barbarorum
2365 2476 2674 2546 imperium,
2703 2477 2902 2534 Persia:
2929 2461 2982 2534 et
3007 2480 3224 2535 Abwaxi
3253 2498 3420 2553 regno

1859 2578 2024 2634 penes
2058 2565 2436 2637 Asbaganidas
2490 2577 2764 2632 manente,
2815 2571 2906 2636 qui
2970 2570 3208 2624 tribuum
3265 2586 3418 2641 reges

1857 2655 2169 2712 audierunt.
2200 2657 2258 2712 ln
2278 2656 2660 2713 Alexandriam
2689 2668 2870 2724 autem
2892 2667 2946 2714 et
2973 2659 3266 2730 [Egyptum
3299 2672 3422 2730 post

1857 2745 2220 2802 Alexandrum
2281 2759 2484 2818 septem
2535 2764 2708 2804 annos
2763 2749 3007 2823 regnavit
3046 2749 3213 2806 frater
3244 2750 3420 2823 ipsius

1845 2838 2272 2928 .296‘nomine
2319 2830 2624 2909 Philippus,
2681 2841 2774 2910 qui
2821 2841 3144 2903 l’tolomzcus
3173 2841 3420 2898 Aridrcus

1859 2930 2276 3001 cognominatus
2313 2940 2394 2986 est
2433 2929 2540 3004 [vel
2564 3006 2567 3008 _
2592 2932 2748 3000 juxta
2789 2933 2932 2987 aliud
2992 2934 3288 3004 exemplar,
3319 2949 3417 2989 an-

1860 3037 1961 3078 nos
1989 3019 2396 3093 quadraginta].
2431 3021 2566 3078 Post
2588 3025 2773 3092 ipsum
2816 3023 3160 3090 Ptolontzeus,
3189 3024 3277 3080 cui
3317 3040 3418 3079 uo-

1863 3104 1986 3168 men
2013 3112 2336 3180 Alexander,
2381 3129 2680 3185 cognomen
2737 3115 3066 3181 Galcb—Vzr,
3115 3133 3288 3174 annos
3340 3121 3424 3171 vi.

1861 3204 1998 3273 ginti
2031 3213 2238 3274 septem
2274 3194 2448 3275 [aliud
2479 3206 2755 3274 exemplar
2786 3205 2975 3276 viginti
3011 3222 3177 3260 unum
3211 3208 3419 3282 habet].

1863 3291 1963 3347 Hic
1991 3308 2134 3348 anno
2169 3300 2319 3364 regni
2351 3293 2432 3348 sui
2465 3293 2728 3349 vicesimo
2768 3292 3134 3364 Hierosolyma
3184 3295 3421 3358 mittens,

1861 3384 1987 3440 inde
2025 3385 2366 3456 septuaginta
2400 3385 2547 3440 viros
2600 3400 2630 3439 e
2675 3383 2878 3439 Juda'is
2919 3385 3298 3439 Alexandriam
3329 3386 3423 3436 ad-

1862 3477 1987 3532 duci
2024 3476 2256 3543 curavit,
2303 3491 2442 3546 qwos
2485 3471 2602 3530 'sibi
2641 3477 2809 3547 legem
2859 3477 3141 3547 librosque
3192 3477 3425 3552 prophe-
3462 3489 3471 3543 ζ

1862 3569 2247 3638 licoselingua
2280 3566 2546 3622 Hebraica
2570 3570 2622 3622 in
2650 3568 2889 3622 Cra-cam
2921 3567 3420 3637 transferrejussit,

1862 3661 2104 3730 ipsorum
2149 3661 2377 3729 singulis
2437 3661 2668 3715 seorsim
2731 3663 2798 3713 ab
2855 3660 2978 3713 aliis
3021 3661 3073 3712 in
3127 3660 3287 3714 domo
3318 3659 3420 3714 sibi

1837 3755 1842 3757 ’
1867 3751 2084 3820 propria
2106 3751 2409 3817 collocatis,
2436 3759 2496 3804 ut
2522 3751 2595 3804 ita
2618 3751 2890 3818 quomodo
2924 3766 2982 3804 se
3009 3749 3258 3804 habitura
3281 3762 3427 3804 esset

1867 3841 2304 3911 uniuscujusque
2368 3842 2746 3911 interpretatio
2814 3840 3039 3894 videret.
3101 3839 3235 3894 Cnnt
3296 3856 3427 3909 ergo

1866 3943 2153 4002 postquam
2204 3933 2374 3987 librOs
2419 3932 2556 3986 istos
2616 3930 3042 3995 transtulissent,
3105 3932 3427 3998 interpreta-

1866 4027 2046 4081 tiones
2070 4027 2311 4095 ipsorttm
2337 4021 2683 4092 inspexisset,
2736 4024 3046 4077 uniusmodi
3076 4035 3194 4077 erat
3225 4027 3425 4089 versio,

1868 4115 2014 4170 nulla
2043 4129 2271 4185 prorsus
2299 4114 2692 4182 discrepantia.
2754 4112 2944 4167 Libros
2995 4113 3158 4182 igitur
3182 4113 3236 4166 in
3259 4129 3423 4166 unum

1868 4208 2149 4269 collectos,
2180 4217 2232 4260 et
2257 4205 2460 4258 annulo
2498 4219 2612 4258 suo
2663 4204 2903 4272 signatos
2937 4205 2987 4255 iit
3042 4204 3242 4272 templo
3275 4203 3424 4265 idoli,

200 4310 428 4383 quendi,
466 4300 576 4364 non
608 4317 789 4362 autem
817 4310 915 4362 tibi
963 4307 1356 4362 benefaciendi.
1392 4306 1538 4362 Dixit
1567 4307 1707 4363 alius
1745 4325 1758 4360 :
1796 4307 1837 4360 D
1869 4297 2150 4366 Serapidis
2183 4295 2338 4360 dicti.
2387 4295 2658 4365 reposuit.
2701 4296 2828 4349 Erat
2851 4312 2887 4383 e
2915 4296 3260 4362 septuaginta
3297 4294 3426 4348 istn-

199 4402 258 4457 Si
315 4401 430 4455 beri
501 4413 530 4452 a
574 4407 625 4453 te
677 4413 783 4452 non
852 4399 952 4452 fuit
987 4397 1278 4468 quisquam
1318 4411 1570 4464 securus,
1605 4397 1762 4452 hodie
1802 4467 1812 4477 ι

200 4500 351 4548 certe
379 4505 482 4545 nun
526 4490 678 4544 timet
729 4501 780 4542 te
835 4489 1146 4558 quisquam.
1190 4487 1336 4541 Dixit
1381 4488 1564 4543 alius:
1629 4487 1761 4540 ﬂeri

199 4582 470 4642 sollicitus
520 4581 623 4634 fuit
679 4589 864 4648 pastor
906 4580 978 4634 ob
1017 4594 1258 4649 gregem,
1321 4578 1485 4633 hodie
1534 4593 1663 4650 grex
1693 4572 1763 4632 σὺ

199 4683 471 4747 pastorem
507 4687 687 4725 suum.
742 4669 886 4724 Dixit
938 4671 1080 4726 alius
1115 4690 1131 4723 :
1187 4670 1487 4726 Pervenisti
1534 4671 1646 4740 jam
1695 4669 1761 4725 ad

199 4769 356 4823 illum
391 4765 480 4818 cui
503 4764 718 4817 debitor
776 4777 921 4825 eras,
951 4763 1022 4816 ob
1057 4761 1302 4816 debitum
1337 4762 1485 4833 quod
1540 4774 1765 4816 necesse

199 4868 290 4916 est
319 4867 378 4912 ut
408 4857 610 4920 solvas,
640 4866 804 4924 atque
849 4855 1058 4910 utinam
1114 4854 1308 4908 scirem
1358 4869 1466 4923 qua
1503 4855 1764 4924 patientia

201 4952 376 5008 uteris
401 4949 457 5006 in
490 4950 675 5004 debito
697 4962 806 5018 quo
846 4948 1046 5001 teneris
1077 4947 1378 5002 solvendo?
1405 4947 1549 5004 Dixit
1577 4947 1716 5002 alius
1744 4963 1758 4999 :

201 5043 263 5100 Si
291 5051 454 5097 antea
481 5055 544 5095 ea
576 5039 768 5094 fuisset
805 5039 903 5092 tibi
939 5039 1196 5106 gravitas,
1228 5048 1282 5092 et
1326 5039 1616 5107 temperies
1645 5054 1764 5108 quae

202 5133 368 5190 hodie
398 5144 502 5196 est,
527 5139 674 5186 certe
696 5131 933 5200 prudens
962 5129 1183 5184 fuisses.
1216 5129 1463 5199 Cumque
1499 5129 1758 5200 loquendi

203 5229 314 5298 jam
349 5227 507 5279 finem
549 5224 810 5279 fecissent
849 5223 1182 5293 philosophi,
1226 5237 1457 5293 surgens
1498 5222 1761 5285 Bushtac,

206 5316 352 5372 Darii
386 5318 527 5384 regis
564 5317 858 5370 Persarum
909 5315 1038 5378 tilia,
1092 5314 1388 5369 Alexandri
1450 5330 1607 5378 uxor,
1645 5329 1765 5382 quae

203 5409 452 5466 omnium
499 5408 808 5462 Alexandro
843 5407 1168 5462 charissima
1232 5406 1354 5471 fuit,
1406 5423 1565 5461 manu
1627 5421 1766 5461 arca:

205 5500 456 5570 imposita
480 5500 614 5553 dixit
648 5517 661 5551 :
695 5499 806 5551 Non
841 5506 1175 5566 putaveram,
1206 5511 1237 5550 ο
1258 5512 1370 5559 rex,
1391 5511 1513 5551 cum
1541 5497 1762 5549 Darium

207 5594 472 5655 vinceres,
496 5607 550 5645 re
591 5605 716 5644 num
749 5599 895 5646 tuum
923 5589 1192 5646 detictum
1215 5589 1300 5642 iri.
1321 5584 1457 5642 Tum
1478 5588 1613 5644 dixit
1643 5577 1762 5657 piti-

271 5685 295 5716 ⁸
335 5683 467 5740 Luc.
502 5607 629 5760 ".79
658 5699 770 5749 seq.

271 5685 295 5716 ⁸
335 5683 467 5740 Luc.
502 5683 629 5749 It,l9
658 5699 770 5749 seq.

1866 4407 1986 4447 rum
2011 4403 2260 4452 numero,
2303 4386 2411 4443 vir'
2443 4388 2664 4458 quidam
2700 4380 2914 4461 nomine
2945 4385 3162 4440 Simeou
3219 4386 3424 4456 justus,

1865 4485 1960 4555 qui
1996 4482 2285 4537 Dominum
2345 4489 2587 4534 nostrum
2632 4478 2907 4532 Christum
2944 4494 2972 4532 e
3016 4478 3213 4545 templo
3239 4492 3426 4532 susce-

1865 4576 1963 4646 pit.
1994 4573 2093 4628 Hic
2117 4574 2246 4628 dum
2279 4575 2448 4641 legem
2482 4581 2536 4626 et
2575 4571 2744 4624 libros
2802 4570 3185 4640 prophetarum
3237 4585 3267 4623 e
3325 4569 3424 4622 liti-

1863 4681 1969 4736 gua
1999 4665 2261 4721 Hebraica
2311 4665 2362 4718 in
2389 4662 2632 4717 Graecam
2666 4661 3007 4725 transferret,
3069 4661 3421 4729 quotiescun-

1865 4771 1972 4828 que
2006 4771 2219 4810 comma
2245 4753 2465 4824 aliquod
2499 4755 2551 4806 in
2585 4768 2693 4823 quo
2732 4753 3011 4821 prophetia
3043 4762 3188 4806 esset
3217 4753 3282 4805 de
3321 4750 3423 4804 Do-

1867 4849 2017 4904 mino
2041 4847 2262 4902 Christo
2294 4848 2772 4915 interpretaretur,
2823 4845 2897 4896 illi
2949 4842 3110 4897 cerdc
3160 4857 3261 4897 suo
3316 4859 3423 4898 non

1867 4939 2195 5003 assentiens,
2231 4938 2467 5002 dixerat,
2521 4935 2636 4990 Hoc
2688 4937 2803 4990 ﬁeri
2854 4951 2959 4990 non
3007 4942 3225 5003 potest:
3284 4935 3424 4991 Deus

1866 5045 1994 5101 ergo
2022 5019 2146 5084 vita:
2179 5029 2467 5083 terminum
2503 5027 2605 5098 ipsi
2648 5027 2818 5088 auxit,
2856 5025 2991 5078 adeo
3035 5035 3088 5077 ut
3113 5039 3284 5079 annos
3313 5035 3422 5080 tre-

1868 5131 2058 5177 centos
2081 5121 2476 5191 quinquaginta
2524 5119 2746 5180 viveret,
2781 5117 2951 5169 donec
3007 5115 3281 5170 Christum
3321 5115 3424 5170 Do-

1867 5218 2072 5269 minum
2119 5215 2358 5279 videret;
2411 5208 2770 5282 297-299
2819 5217 2978 5278 quem
3038 5210 3127 5263 tthi
3178 5210 3421 5273 vidisset,

1867 5308 2044 5370 Nunc,
2075 5298 2496 5375 inquit,dimitte,
2519 5320 2547 5355 ο
2570 5300 2810 5364 Domine,
2837 5318 3038 5354 servum
3072 5310 3213 5353 tuum
3241 5316 3421 5354 secun-

1864 5401 1989 5451 dum
2017 5399 2220 5452 verbum
2243 5408 2385 5448 tuum
2419 5397 2473 5448 in
2497 5411 2657 5464 pace;
2694 5393 2812 5462 jam
2835 5397 2967 5446 enim
3019 5393 3253 5445 riderent
3284 5394 3421 5445 oculi

1865 5494 1964 5546 mei
1981 5494 2197 5546 salutem
2222 5504 2377 5559 quant
2399 5490 2602 5557 parasti
2619 5503 2798 5540 comm
2830 5487 3065 5540 omnibus
3100 5486 3334 5555 gentibus
3351 5485 3420 5537 °°.

1940 5584 2150 5642 Mortuo
2179 5581 2469 5636 Ptolemaeo
2498 5579 2788 5653 Galebvro,
2819 5581 3061 5647 regnavit
3093 5589 3212 5648 post
3245 5579 3416 5649 ipsum
