3950 6348
571 260 673 324 9ἲῦ

1571 255 1931 336 EUTYCilII
1971 251 2498 317 ALEXANDRINI
2543 257 2758 319 PATR.
3674 269 3760 326 9ης

559 385 744 427 annos
761 369 952 440 viginti
990 384 1179 427 novem
1207 369 1530 425 Ptolomaeus
1571 370 1994 440 cognominatus
2019 367 2123 423 Le-
2155 374 2199 428 A
2229 384 2347 423 rum
2400 385 2430 424 a
2470 369 2674 425 familia
2726 369 3002 436 Davidica,
3045 387 3108 426 ex
3155 387 3267 443 quo
3310 371 3514 443 captivi
3567 371 3802 428 abducti‘

558 476 695 533 lpus.
753 460 853 516 Hic
880 461 1222 517 Alexandriae
1269 461 1699 531 llippodromum
1755 474 2006 528 magnum
2058 458 2122 513 ad

519 539 526 544 ’
570 566 832 623 equorum
848 561 1123 607 certamen
1141 551 1429 616 exstruxit,
1445 552 1534 621 qui
1550 560 1787 620 tempore
1801 548 2032 605 Zenonis
2045 563 2130 603 rc-

560 640 655 710 gis
678 641 801 712 igne
819 641 1007 710 ,periit.
1037 641 1331 696 Postillum
1355 655 1528 696 annos
1550 640 1738 712 viginti
1755 656 1849 695 sex
1871 639 2120 710 regnavit

575 730 716 786 lilius
769 731 964 800 ipsius,
1009 731 1402 803 Philadelphus
1447 721 1885 800 cognominatus.
1923 730 2126 787 Deinde

558 837 752 878 annos
794 824 985 893 viginti
1022 824 1276 894 quinque
1320 823 1665 888 Ptolomatus,
1708 821 2126 892 cognominatus

570 909 882 980 Evergetes.
934 911 1010 964 Et
1061 919 1193 981 post
1267 916 1442 983 ipsum
1513 926 1687 968 annos
1737 911 2122 980 septemdecim

559 991 898 1055 Ptolomatus
935 1001 1354 1069 cognominatus
1393 1000 1726 1072 Philopator.
1779 1000 1982 1057 Deinde
2024 1017 2126 1057 an-

571 1105 673 1146 nos
699 1091 886 1163 viginti
922 1101 1156 1162 quatuor
1184 1093 1510 1149 Ptolomaus
1547 1093 1962 1163 cognominatus
1999 1093 2127 1148 lliu-

570 1181 716 1236 stris.
757 1181 890 1236 Post
937 1182 1088 1236 illum
1123 1197 1299 1238 annos
1336 1183 1525 1254 viginti
1564 1180 1892 1238 Ptolomaeus
1936 1183 2126 1240 Philo-

571 1280 763 1325 metor.
806 1270 936 1340 Ejus
988 1280 1230 1341 tempore
1273 1272 1596 1338 Antiochus,
1639 1273 1954 1328 Grecorum
2005 1284 2124 1339 rex,

570 1361 798 1418 devictis
842 1362 997 1434 Syria
1027 1361 1310 1428 etJudtea,
1341 1364 1558 1420 Judaeos
1601 1379 1633 1418 e
1668 1363 1826 1434 Syria
1877 1363 2126 1433 expulit,

567 1452 860 1521 amnisque
895 1452 1003 1506 illis
1050 1453 1221 1518 mala,
1253 1461 1309 1508 et
1371 1455 1710 1508 cruciatuum
1741 1467 1940 1524 genera
1980 1455 2127 1509 intu-

571 1541 654 1595 lit.
691 1541 818 1596 Post
857 1542 1291 1614 illumregnavit
1338 1543 1510 1599 l'ra'er
1557 1545 1734 1613 ipsius
1765 1543 2125 1611 Ptolomcus,

569 1632 862 1703 Evcrgetes
888 1637 1051 1689 etiam
1081 1636 1290 1698 dictus,
1317 1649 1494 1691 annos
1528 1635 1722 1706 viginti
1753 1643 1885 1691 tres.
1929 1633 2006 1688 Eo
2037 1650 2124 1688 re-

567 1730 768 1789 gnante
794 1725 1038 1778 condidit
1067 1725 1393 1790 Antiochus,
1429 1723 1746 1781 Graecorum
1779 1741 1898 1790 rex,
1932 1728 2126 1782 Antio-

567 1811 769 1880 chiam,
824 1814 913 1868 cui
955 1814 1024 1869 de
1057 1815 1281 1870 nomine
1318 1830 1423 1870 suo
1464 1815 1878 1885 appellationem
1931 1818 2130 1873 indidit

566 1916 673 1970 qua
718 1913 910 1958 vocata
949 1912 1056 1960 est.
1085 1903 1228 1962 Pest
1259 1907 1441 1977 ipsum
1481 1909 1730 1978 regnavit
1762 1905 2125 1974 Ptolomatus,

567 1990 848 2050 Liberator
880 1996 1082 2063 dictus,
1121 2013 1295 2053 annos
1321 1998 1536 2068 viginti,
1567 1999 1726 2070 cujus
1763 2007 2010 2070 tempore
2032 2016 2128 2057 ex-

570 2096 781 2142 structa
811 2091 1052 2144 esturbs
1076 2087 1358 2146 Seleucia.
1395 2091 1604 2148 Deinde
1643 2091 2002 2156 Ptolomcus,
2037 2093 2127 2148 cui

569 2177 733 2232 etiam
787 2193 1093 2250 cognomen
1149 2181 1478 2248 Liberator,
1536 2197 1710 2238 annos
1783 2183 2125 2254 quindecim.

571 2267 776 2326 Deinde
810 2269 1136 2328 Ptolomaeus
1167 2274 1387 2330 nomine
1426 2273 1751 2338 Alexander,
1801 2274 2128 2346 cognomine

570 2360 789 2433 .‘asphis
834 2363 1171 2434 Philopator,
1215 2379 1389 2422 annos
1413 2365 1602 2422 decem
1643 2365 1749 2438 [vel
1773 2367 1930 2437 juxta
1979 2366 2127 2423 aliud

570 2453 866 2524 exemplar,
931 2455 1265 2528 duodecim].
1317 2457 1522 2512 Deinde
1576 2458 1909 2514 Ptolomaeus
1964 2457 2129 2530 πω

569 2543 982 2606 cngnominatus
1012 2542 1240 2610 Phosas,
1274 2546 1576 2602 octodecim
1610 2530 1882 2620 dies'[vel
1925 2563 2126 2604 secun-

570 2635 695 2691 dum
725 2636 868 2691 aliud
909 2638 1207 2708 exemplar,
1243 2647 1366 2694 octo
1393 2638 1610 2712 annos].
1646 2639 1775 2696 Post
1797 2642 1974 2711 ipsum
1997 2638 2127 2695 Pto-

571 2733 793 2785 lomtens
831 2728 1123 2801 Dionysius
1147 2747 1318 2787 annos
1347 2734 1536 2804 viginti
1566 2747 1784 2787 novem.
1819 2732 1944 2788 Post
1965 2747 2125 2802 quem

571 2818 676 2874 illia
720 2821 895 2890 ipsius
945 2821 1230 2890 Cleopatra
1285 2824 1466 2894 (cujus
1517 2821 1752 2876 nominis
1789 2821 2126 2891 signiﬁcatus

571 2920 650 2966 est
703 2925 902 2980 petram
969 2913 1208 2984 deﬂens),
1280 2928 1455 2969 annos
1507 2911 1696 2981 viginti
1775 2912 1934 2967 duos.
2002 2911 2127 2968 ηερ

571 3001 910 3058 Alexandria:
961 3005 1130 3059 multa
1191 3004 1456 3060 exstruxit
1501 3001 1729 3058 aedilicia
1773 3019 2007 3073 magna,
2070 3013 2125 3060 et

573 3094 867 3160 miranda;
925 3094 1161 3165 iecitque
1241 3109 1406 3165 opera
1487 3095 1786 3150 tessellata.
1843 3095 2124 3148 Exstruxit

573 3185 730 3238 etiam
785 3186 1039 3256 templum
1081 3200 1360 3256 magnum,
1408 3190 1552 3256 quod
1594 3186 1814 3240 Saturni
1865 3187 2126 3256 templum

573 3277 876 3346 appellavit,
922 3278 1067 3348 quod
1105 3280 1207 3333 sub
1250 3277 1671 3334 Christianismo
1718 3279 1774 3333 in
1842 3279 2127 3334 ecclesiam

573 3383 912 3433 conversum,
968 3369 1151 3424 Sancti
1201 3369 1485 3426 Michaelis
1548 3369 1834 3425 ecclesiam
1883 3371 2128 3425 nomina-

573 3467 695 3513 rttnt
720 3475 738 3526 ;
771 3475 892 3530 qua:
933 3462 1121 3515 eadem
1177 3458 1523 3515 Alltaisariah
1579 3461 1850 3530 appellata
1887 3465 2011 3525 est,
2064 3476 2128 3516 ac

575 3567 691 3622 igne
729 3552 888 3621 periit
917 3566 1028 3622 quo
1056 3563 1302 3621 tempore
1339 3549 1568 3620 ingressi
1599 3560 1728 3605 sunt
1753 3549 2128 3607 Occidentales

575 3643 952 3698 Alexandriam
1003 3658 1127 3698 cum
1163 3643 1388 3698 domino
1422 3649 1614 3697 nostro
1645 3642 1966 3698 Almansore
2000 3644 2130 3698 Abi-

573 3734 766 3796 kalem,
825 3733 919 3802 qui
970 3732 1235 3787 Abdallah
1278 3732 1452 3797 audit,
1505 3740 1561 3787 et
1614 3731 1864 3787 llabhasa
1914 3732 2126 3788 Chalil’a

575 3835 705 3878 tunc
752 3825 818 3879 Al
861 3823 1177 3880 Molitadaro
1215 3822 1455 3889 Jaaiaro,
1486 3831 1538 3878 et
1568 3838 1726 3878 servo
1768 3821 1886 3890 ejus
1918 3823 2124 3879 Tacino

574 3910 811 3982 Egypti,
847 3924 900 3968 et
928 3914 1275 3969 Alexandria!
1312 3912 1584 3983 praelecto.
1615 3913 1898 3968 Exstruxit
1935 3913 2125 3968 eadem

573 4006 634 4058 in
667 4007 800 4058 urbe
834 4006 1081 4059 Achmim
1122 4007 1435 4059 columnam
1469 4007 1806 4060 mensoriam
1831 4045 1846 4072 ,
1882 4021 1991 4076 qua
2019 4005 2126 4061 Nili

574 4095 969 4149 incrementum
997 4096 1302 4165 percipitur
1339 4111 1356 4150 :
1393 4109 1492 4149 nec
1523 4111 1630 4150 non
1665 4095 1718 4150 in
1749 4097 1884 4152 urbe
1908 4098 2126 4152 Ansena

578 4186 753 4238 ilium.
797 4185 971 4240 Porro
1020 4200 1163 4239 anno
1211 4187 1358 4256 regni
1393 4186 1513 4255 ejus
1545 4188 1742 4257 quarto
1792 4188 1911 4242 urbi
1943 4186 2128 4242 Rome

573 4277 859 4346 imperavit
917 4293 1007 4332 rex
1049 4281 1271 4332 nomine
1317 4277 1484 4332 Caius
1547 4277 1728 4332 Caesar
1773 4291 1948 4333 annos
1993 4294 2129 4348 qua-

2229 469 2358 514 snnt
2388 475 2418 515 a
2450 460 2902 517 Bochtanassero.
2949 461 3136 531 Neque
3167 464 3312 518 enim
3341 465 3396 518 in
3430 465 3588 518 hunc
3618 479 3767 533 usque

2227 550 2370 605 diem
2401 553 2703 620 praeficiunt
2747 553 2853 608 sibi
2894 551 3065 607 Judaei
3097 568 3276 623 regem
3336 555 3441 609 nisi
3490 571 3522 609 e
3563 553 3771 610 Davidis

2229 641 2418 710 stirpe.
2469 640 2738 698 Sacerdos
2787 658 2915 697 vero
2957 644 3058 699 luit
3095 645 3267 714 stirpe
3302 644 3558 701 Davidica
3592 648 3767 702 oriun-

2228 731 2354 794 dus,
2409 734 2624 788 nomine
2653 734 3020 801 Aristobulus,
3046 736 3138 805 qui
3200 736 3350 805 regio
3386 752 3541 792 more
3569 737 3772 793 Judaos

2229 823 2386 876 rexit.
2439 823 2584 878 Misit
2640 839 2769 896 ergo
2818 826 3105 896 Augustus
3140 827 3332 882 ducem
3373 841 3404 882 e
3435 829 3555 883 suis
3596 813 3775 898 quent-

2228 913 2352 967 dum
2385 915 2605 970 nomine
2647 914 2849 971 Pactum
2883 918 2977 982 qui
3011 916 3385 989 Hierosolyma
3412 920 3638 976 obsessa
3661 935 3775 976 cum

2226 1007 2502 1076 cepisset,
2576 1006 2954 1064 Aristobulum
3033 1007 3344 1065 Iudaeorum
3409 1012 3779 1078 sacerdotem,

2227 1094 2582 1172 compedibus
2614 1098 2884 1163 vinctum,
2939 1113 3064 1154 cum
3102 1101 3291 1157 multis
3335 1117 3368 1156 e
3416 1102 3586 1157 sociis
3615 1102 3780 1172 ipsius

2227 1185 2453 1241 Romam
2488 1187 2660 1252 misit,
2695 1189 3014 1260 tributoque
3047 1189 3256 1246 Iudaeis
3291 1191 3550 1261 imposito
3578 1191 3646 1246 ab
3678 1192 3779 1248 illis

2227 1275 2501 1332 discessit.
2532 1276 2722 1349 Iagna
2755 1293 2887 1334 vero
2927 1281 3147 1336 miseria
3173 1278 3395 1336 Iudaeos
3417 1282 3636 1337 invasit.
3684 1281 3779 1336 Sa-

2227 1368 2422 1424 cerdos
2473 1377 2652 1424 autem
2699 1369 2996 1425 Aristobuli
3060 1371 3186 1426 loco
3251 1372 3424 1428 iactus
3479 1380 3566 1427 est
3622 1372 3783 1428 frater

2225 1455 2421 1526 ipsius,
2477 1459 2563 1514 cui
2618 1472 2814 1515 nomen
2868 1459 3074 1516 Arkan.
3116 1459 3342 1516 Arltano
3375 1461 3466 1518 isti
3494 1477 3622 1517 cum
3674 1460 3783 1516 viro

2227 1545 2462 1615 quodam
2516 1547 2734 1604 nomine
2759 1549 3070 1620 Antipatro,
3103 1549 3446 1620 Askslonita,
3477 1553 3784 1607 intercessit

2151 1680 2199 1740 Β
2227 1637 2490 1740 amicitia.
2523 1639 2618 1740 qui
2655 1639 2815 1695 idolii
2860 1639 3148 1740 cujusdam
3177 1641 3415 1740 edit-uua
3460 1640 3784 1740 fultiideni-

2227 1742 2335 1796 que
2360 1725 2591 1783 Herodis
2616 1736 2789 1798 pater,
2819 1744 2990 1800 genus
3022 1745 3054 1786 e
3080 1729 3262 1800 Cypro
3285 1729 3514 1788 ducens.
3566 1729 3787 1786 Consti-

2228 1819 2334 1874 tuit
2355 1827 2536 1875 autem
2581 1818 2761 1875 Arkan
2795 1821 3059 1878 sacerdos
3111 1821 3376 1893 Herodem
3408 1824 3619 1878 viarum
3648 1837 3786 1893 pra:-

2224 1909 2428 1966 fectnm
2475 1921 2672 1966 contra
2717 1911 2977 1978 latrones,
3025 1927 3148 1968 cum
3200 1911 3288 1967 vir
3332 1912 3533 1984 ingenii
3590 1911 3786 1968 ferocis

2224 2009 2395 2057 esset.
2425 2000 2748 2059 lnvadentes
2776 2002 2939 2074 305
2967 2010 3146 2059 autem
3169 2001 3542 2076 Hierosolyma
3567 2003 3785 2074 quidam

2210 2099 2290 2147 'ex
2316 2091 2380 2146 Al
2412 2091 2580 2147 Gauri
2605 2091 2801 2148 incolis
2833 2093 3111 2149 Arkanum
3149 2095 3490 2152 sacerdOtem
3514 2094 3788 2163 captivum

2225 2180 2594 2248 abduxerunt,
2637 2182 2948 2254 Antipatro,
2983 2183 3215 2240 Herodis
3247 2193 3422 2255 patre,
3449 2185 3786 2240 interfecto:

2226 2273 2411 2345 itaque
2444 2273 2634 2330 relicta
2666 2265 2751 2329 est
2782 2276 2916 2330 urbs
2945 2275 3065 2332 sine
3093 2274 3353 2346 prclecto
3391 2284 3488 2330 aut
3515 2275 3793 2346 principe.

2229 2361 2474 2432 Herodes
2514 2379 2647 2436 ergo
2687 2365 2965 2422 Romanos
3011 2367 3105 2435 qui
3148 2364 3548 2436 Hierosolymis
3587 2365 3793 2420 substi-

2227 2463 2413 2510 terunt
2459 2454 2780 2512 demulcens
2811 2458 3087 2527 multaque
3120 2456 3254 2527 ipsis
3296 2457 3493 2524 collata
3535 2457 3793 2527 pecunia,

2227 2546 2350 2601 urbi
2404 2554 2462 2600 ut
2511 2548 2767 2618 princeps
2817 2546 3054 2619 prefuit.
3118 2546 3433 2617 Auditoquc
3485 2549 3794 2616 Augustum

2225 2623 2518 2710 Egyptum
2571 2640 2796 2695 tendere
2840 2639 3128 2709 quasltum
3165 2638 3535 2708 Cleopatram,
3585 2636 3795 2692 Ramlz

2228 2731 2336 2801 ipsi
2379 2729 2594 2785 obviam
2640 2728 2840 2794 factus,
2873 2729 3058 2785 multis
3081 2729 3183 2799 ipsi
3207 2730 3533 2785 muneribus
3559 2729 3793 2795 oblatis,

2227 2821 2399 2892 ipsius
2423 2821 2525 2876 sibi
2553 2822 2842 2877 amicitiam
2869 2821 3196 2877 conciliavit.
3226 2822 3503 2892 Augustus
3523 2834 3656 2875 vero
3672 2835 3797 2877 cum

2226 2910 2517 2984 Egyptum
2567 2915 2929 2982 pervenisset,
2981 2927 3122 2970 ceso
3184 2912 3443 2979 Antonio,
3493 2911 3798 2983 Cleopatra

2151 3040 2196 3101 ο
2229 3005 2509 3074 deputato,
2568 3004 2952 3060 Alexandriam
2999 3005 3172 3074 ipsam
3205 3005 3494 3076 quasitnm
3537 2987 3794 3068 tetendit,

2235 3110 2345 3166 quo
2372 3105 2583 3164 captam
2629 3095 2943 3165 ignominia:
2965 3106 3269 3165 exponeret
3307 3096 3573 3152 Romanis
3607 3106 3799 3151 osten-

2234 3201 2375 3243 sam.
2439 3185 2724 3256 Cleopatra
2758 3203 2888 3258 ergo
2916 3187 3104 3243 audito
3142 3203 3341 3262 casum
3392 3202 3516 3245 esse
3560 3188 3630 3242 ab
3682 3189 3798 3272 Au-

2235 3287 2397 3349 gusto
2425 3277 2634 3334 Ctesare
2663 3279 2982 3350 deputatum
3029 3295 3186 3336 suum
3227 3280 3552 3335 Antonium.
3588 3287 3666 3334 et.
3708 3294 3800 3334 ca-

2234 3380 2379 3441 ptam
2443 3369 2760 3441 Egyptum,
2806 3387 2874 3427 ne
2920 3371 3156 3428 ludibrio
3214 3371 3508 3427 haberetur
3573 3371 3797 3436 timens,

2235 3469 2468 3517 mortem
2502 3462 2770 3531 praetulit;
2807 3472 2863 3517 et
2896 3478 2966 3518 ne
3000 3463 3056 3518 in
3087 3477 3283 3523 manus
3311 3461 3484 3532 ipsius
3514 3460 3795 3524 incidens,

2235 3551 2544 3621 ignominia
2574 3563 2959 3624 exponeretur,
2998 3569 3186 3610 necem
3209 3553 3314 3610 sibi
3353 3553 3624 3608 conscivit
3649 3569 3668 3619 ;
3695 3553 3799 3606 hoc

2232 3658 2428 3712 nempe
2457 3652 2616 3713 pacto
2636 3663 2666 3718 _:
2701 3646 2838 3700 duas
2865 3644 3114 3709 ancillas,
3137 3659 3367 3714 quarum
3396 3634 3555 3698 alteri
3594 3658 3797 3698 nomen

2231 3735 2398 3796 Alira.
2414 3750 2532 3804 qua:
2548 3735 2720 3805 ipsam
2741 3744 2956 3806 pectere
2970 3745 3026 3790 et
3047 3749 3264 3798 ornare,
3282 3734 3436 3796 alteri
3453 3733 3648 3799 Istra,
3674 3749 3795 3805 qua

2234 3825 2339 3894 ipsi
2383 3834 2594 3894 ungues
2634 3824 2930 3895 praecidere
2970 3840 3036 3880 ac
3060 3835 3242 3882 vestes
3276 3825 3509 3881 induere
3550 3827 3792 3889 solebat,

2235 3915 2556 3979 accersitas,
2598 3917 2763 3984 jussit
2808 3916 2861 3970 in
2920 3916 3140 3970 hortum
3183 3915 3471 3987 quemdam
3517 3916 3796 3986 profectas

2235 4004 2474 4074 viperam
2505 4021 2625 4074 qua:
2659 4006 2807 4076 aspis
2851 4006 3173 4076 appellatur,
3208 4006 3314 4061 sibi
3340 4005 3574 4062 alerre:
3621 4023 3792 4074 qnam

2235 4097 2359 4151 inde
2411 4098 2628 4150 allatam
2697 4111 2819 4150 cum
2898 4096 2951 4150 in
3027 4097 3158 4164 ipsis
3237 4097 3474 4164 primum
3563 4108 3796 4166 experta

2235 4186 2448 4251 luisset,
2501 4189 2604 4242 illa:
2644 4187 2928 4242 confestim
2992 4195 3217 4240 mortuae
3246 4196 3394 4241 sunt.
3421 4184 3623 4241 Vidcns
3659 4202 3794 4258 ergo

2235 4288 2536 4349 serpentem
2610 4288 2832 4334 mortem
2903 4278 3138 4332 subitam
3220 4276 3454 4342 inferre,
3528 4293 3790 4332 coronam

574 4377 716 4421 tuor.
751 4365 952 4420 Deinde
975 4374 1099 4433 post
1134 4367 1310 4435 ipsum
1339 4366 1618 4434 Augustus
1639 4364 1822 4418 Cresar
1843 4364 2127 4418 monarclii
2163 4385 2208 4442 υ
2237 4385 2389 4427 suam
2456 4370 2773 4438 prehensam
2827 4367 3180 4439 305-307
3237 4369 3397 4436 capiti
3467 4367 3756 4436 imponens
3777 4408 3791 4431 ,

577 4459 739 4522 illius,
783 4457 946 4527 idque
979 4472 1120 4510 anno
1152 4459 1303 4526 regni
1341 4457 1643 4525 Cleopatra:
1675 4455 1987 4509 undecimo.
2029 4454 2130 4511 Hic

574 4550 798 4605 devictis
833 4549 1052 4619 regibus
1101 4549 1218 4603 orbi
1253 4548 1573 4616 imperavit,
1620 4545 1780 4614 cujus
1822 4545 1963 4598 fama
2003 4560 2124 4600 cum

573 4639 640 4694 ad
667 4639 1010 4709 CleOpatram
1043 4637 1410 4709 pervenisset,
1451 4636 1542 4690 illa
1601 4637 1668 4688 ab
1711 4637 1827 4704 ipso
1883 4644 2131 4688 metuens

577 4747 798 4802 regnum
843 4745 1000 4786 suum
1043 4729 1294 4794 munivit,
1334 4737 1612 4781 esstructo
1661 4727 1868 4781 scilicet
1911 4739 1942 4779 a
1979 4735 2131 4793 parte

577 4828 826 4882 orientali
879 4829 944 4880 ad
993 4825 1100 4878 Nili
1145 4838 1340 4894 ripam,
1391 4836 1549 4876 muro
1596 4837 1624 4874 a
1681 4817 1856 4874 Nubia
1910 4819 2132 4888 regiOne

575 4917 924 4990 θοι-303
969 4915 1256 4970 Plini-mam
1295 4928 1488 4983 usque,
1526 4926 1624 4965 nec
1657 4927 1763 4963 non
1812 4910 1919 4962 alio
1964 4923 1992 4960 a
2028 4905 2134 4960 Nn-

579 5016 686 5076 bia,
726 5008 1106 5066 Alexandriam
1155 5022 1329 5074 usque
1366 5021 1393 5057 a
1427 5015 1580 5073 parte
1625 5001 1952 5056 oncidentali
1984 5019 1997 5054 :
2036 4999 2130 5068 qui

579 5105 736 5160 hodie
769 5104 937 5170 llayet
964 5099 1027 5154 Ol
1056 5101 1212 5168 Ajnz,
1241 5096 1429 5151 Murus
1458 5094 1642 5148 vetula:
1670 5095 1992 5163 appellatur.

659 5198 942 5266 Cleopatra
1004 5203 1186 5245 autem
1255 5189 1597 5244 Alexandriae
1644 5185 1943 5250 habitavit,
2001 5183 2135 5237 l‘uit-

582 5305 680 5361 que
732 5288 837 5358 ipsi
901 5287 955 5338 in
1014 5282 1306 5353 {Egyptutn
1359 5281 1650 5349 deputatus
1697 5276 1912 5330 nomine
1962 5279 2134 5328 Anto-

583 5385 724 5436 nius.
745 5379 916 5433 Porro
944 5377 1225 5445 Augustus
1255 5371 1436 5425 audita
1483 5372 1600 5438 ejus
1635 5370 1795 5433 lania,
1829 5367 1933 5436 ipsi
1960 5366 2138 5419 inhia-

584 5480 673 5529 \ll.
716 5473 1031 5533 Nuntiatum
1087 5479 1170 5522 est
1235 5477 1412 5518 autem
1487 5464 1732 5531 Augusto
1805 5457 2018 5513 Judmos
2083 5460 2134 5510 in

587 5569 712 5621 urbe
760 5563 1260 5631 Hierosolymorum
1311 5557 1631 5624 obsequium
1671 5554 1772 5622 ipsi
1833 5566 1940 5605 non
1995 5566 2136 5618 pra:-

588 5669 744 5713 stare.
792 5656 1043 5710 Ablatum
1085 5661 1261 5706 autem
1293 5649 1402 5717 jam
1438 5646 1613 5701 fuerat
1661 5658 1882 5713 regnum
1917 5641 2132 5696 «ιιιάωο-

2233 4477 2395 4529 seque
2454 4460 2656 4514 mundo
2708 4474 2808 4513 suo
2869 4459 3119 4513 universo
3174 4473 3413 4521 ornans,
3483 4472 3614 4511 auro
3677 4461 3797 4512 sci-

2232 4552 2378 4615 licet,
2404 4562 2644 4623 argento,
2682 4551 2998 4614 unionibus,
3032 4549 3343 4618 hyacinthis
3377 4563 3439 4602 ac
3463 4551 3789 4618 smaragdis,

2233 4657 2295 4697 ac
2317 4643 2513 4696 deinde
2553 4653 2728 4696 vestes
2758 4641 2966 4709 regales
3002 4641 3210 4704 induta,
3243 4647 3518 4708 acceptam
3550 4641 3790 4708 vipera

2235 4734 2484 4787 mamilla:
2528 4733 2767 4788 sinistrae
2793 4731 3027 4804 (scilicet
3057 4731 3274 4799 regione
3327 4730 3416 4785 illa
3451 4731 3612 4786 situm
3667 4744 3793 4784 esse

2234 4839 2332 4877 cor
2360 4823 2606 4892 noverat)
2644 4823 2905 4885 admovit,
2950 4822 3248 4892 statimque
3273 4831 3487 4875 mortua
3527 4831 3633 4874 est.
3661 4817 3788 4874 Visa

2237 4917 2328 4969 illa
2377 4919 2649 4985 Augustus
2696 4925 2808 4968 tum
2837 4915 3006 4983 ipsam
3037 4921 3148 4966 tum
3179 4915 3384 4967 factum
3417 4912 3591 4982 ipsius
3624 4913 3794 4965 mira-

2236 5017 2324 5062 tus
2355 5018 2463 5069 est,
2495 5007 2637 5076 quod
2668 5013 2898 5059 mortem
2932 5005 3179 5058 servituti
3227 5014 3280 5056 et
3313 5003 3629 5072 ignominia:
3657 5017 3793 5070 pr:-

2236 5099 2470 5152 tulisset.
2507 5094 2711 5151 Ferunt
2737 5106 2916 5149 autem
2958 5097 3262 5164 Augustum
3299 5093 3574 5148 Caesarem
3605 5107 3787 5162 regem

2237 5191 2541 5258 ingressum
2582 5185 2878 5242 oil’endisse
2918 5185 3090 5253 ipsam
3129 5199 3388 5238 coronam
3433 5198 3586 5237 suam
3627 5199 3785 5237 manu

2237 5281 2486 5341 sinistra,
2529 5294 2595 5332 ne
2633 5279 2699 5330 de
2743 5277 2920 5344 capite
2955 5276 3272 5337 decideret,
3313 5281 3625 5336 tenentem,
3682 5287 3786 5341 quo

2238 5371 2408 5440 ipsam
2461 5370 2513 5421 in
2554 5383 2718 5436 regno
2766 5382 2865 5420 suo
2909 5367 3187 5420 sedentem
3246 5367 3538 5418 inveniret.
3583 5361 3785 5418 Ferunt

2239 5462 2329 5514 alii
2381 5461 2574 5528 ipsam,
2619 5475 2739 5512 cum
2778 5467 3004 5513 mortem
3040 5457 3141 5518 sibi
3187 5457 3539 5511 consciscere
3593 5457 3781 5516 vellet,

2240 5550 2465 5606 brachio
2513 5565 2612 5603 suo
2642 5550 2814 5600 cultro
2865 5548 3014 5615 prius
3052 5547 3223 5600 inciso
3249 5545 3384 5599 adeo
3419 5555 3477 5598 ut
3513 5546 3786 5615 egredere

2244 5652 2329 5696 tur
2356 5640 2599 5710 sanguis,
2622 5640 2768 5694 virus
2800 5638 3020 5703 deinde,
3050 5637 3193 5708 quod
3224 5650 3391 5707 penes
3423 5638 3596 5704 ipsam
3629 5643 3781 5694 esset.
