3950 6348
176 346 182 354 ι

198 359 295 419 977

1611 362 1974 425 ANNALES-

3293 383 3401 443 978

197 473 521 540 viperarum,
564 471 772 527 vulneri
817 472 1110 544 Iniecisse,
1147 490 1258 546 quo
1295 477 1479 532 statim
1534 489 1743 535 mortua
1772 481 1821 540 A
1846 482 1991 552 gavit
2040 480 2303 549 Herodes,
2342 487 2409 542 de
2451 500 2516 541 eo
2557 487 2701 556 quod
2736 500 3123 547 narraveraut:
3158 492 3252 562 qui
3290 494 3396 563 ipsi

193 572 292 615 05L

260 649 420 703 Anno
469 658 648 706 autem
700 653 909 723 imperii
968 656 1196 725 Augusti
1234 657 1469 715 Caesaris
1536 660 1743 716 duode-

199 740 338 794 cimo
370 740 635 795 abolitum
665 752 744 798 est
777 744 1079 815 Cleopatrae
1112 764 1359 819 regnum.
1389 750 1559 805 Porro
1589 767 1619 806 a
1655 768 1742 807 re-

191 842 297 896 gno
339 828 651 898 Alexandri,
670 836 737 888 ad
765 835 926 891 tinem
957 839 1108 909 regni
1134 839 1435 911 Cleopatrae
1464 844 1589 898 anni
1616 853 1746 899 sunt

192 922 409 977 ducenti
467 927 743 995 octoginta
811 943 1028 985 novem.
1088 929 1357 989 Redeunti
1415 935 1609 992 deinde
1675 952 1743 991 ex

197 1011 432 1084 Egypto
465 1013 695 1072 Romam
738 1018 983 1087 Augusto
1018 1022 1242 1090 Cmsari,
1271 1040 1487 1080 rursum
1526 1027 1743 1082 obviam

193 1105 393 1163 Ramla
438 1107 615 1165 factus
686 1112 951 1181 Herodes,
994 1116 1164 1169 multa
1222 1118 1424 1172 obtulit
1483 1120 1743 1189 donaria;

190 1214 378 1268 quare,
408 1202 582 1270 ipsum
618 1202 818 1260 Iudaeae
848 1206 1120 1261 universae
1153 1221 1274 1262 cum
1310 1206 1485 1279 ipsius
1526 1213 1747 1269 ditioni-

192 1292 297 1347 bus
332 1302 387 1348 et
428 1294 649 1365 regione
676 1296 912 1352 Galilaeae
955 1306 1229 1355 montante
1265 1301 1591 1370 praefieiens,
1629 1306 1743 1360 Au-

188 1397 382 1457 gustus
413 1392 577 1460 capiti
618 1392 794 1461 ipsius
819 1392 1069 1449 diadema
1102 1397 1312 1464 regium
1360 1396 1640 1468 imposuit.
1669 1400 1739 1455 At

188 1495 313 1534 cum
345 1479 717 1550 Hierosolyma
761 1498 858 1539 rex
917 1484 1027 1554 jam
1071 1483 1246 1541 lactus
1286 1500 1543 1543 reversus
1573 1499 1744 1554 esset,

188 1571 482 1625 noluerunt
520 1570 693 1626 Judaei
729 1572 908 1641 ipsum
949 1573 1006 1627 in
1046 1588 1141 1628 eos
1184 1575 1573 1646 regnareJlie
1610 1593 1743 1647 ergo

187 1658 535 1724 tyrannidem
590 1658 645 1711 in
708 1658 858 1727 ipsos
927 1675 1233 1727 exercens,
1290 1664 1491 1721 multos
1552 1681 1740 1722 coruunt

187 1745 352 1817 308
402 1749 817 1811 morte_aﬂ‘ecit.
867 1750 1074 1808 Dirutis
1122 1753 1286 1811 etiam
1334 1754 1490 1812 urbis
1539 1772 1743 1826 propu-

1852 576 2288 644 responderunt:
2336 576 2562 635 Stellam
2600 593 2852 648 magnam
2898 581 2952 635 in
2996 579 3221 653 Oriente
3267 597 3401 637 con-

1849 666 2130 733 speximus
2168 683 2290 737 quas
2318 669 2579 725 indicavit
2622 671 2796 726 nobis.
2826 680 3162 747 natumesse
3194 671 3398 743 Regem

1850 772 2130 826 magnum,
2169 775 2327 829 quem
2373 762 2658 817 adoratum
2692 763 2987 827 venimus;
3022 778 3203 833 neque
3239 764 3411 818 desiit

1848 847 2006 902 stella
2034 848 2192 902 nobis
2227 850 2437 917 praeire,
2464 867 2527 906 ac
2554 868 2613 907 se
2641 853 2739 908 vite
2768 853 2963 911 ducem
3004 853 3266 922 praebere,
3299 854 3400 908 dea

1851 950 1972 999 nec,
2023 934 2115 989 ubi
2176 936 2241 991 ad
2288 937 2433 993 hunc
2470 939 2657 1011 locum,
2697 941 3082 1011 pervenimus,
3128 955 3187 996 se
3247 940 3403 997 nobis

1854 1026 2198 1082 subduxerit.
2231 1025 2459 1095 Rogavit
2481 1043 2611 1099 ergo
2643 1029 2883 1087 Herodes
2914 1030 3130 1088 Iudaeos
3153 1030 3346 1086 dicens
3382 1047 3400 1084 :

1853 1114 1959 1171 Ubi
2010 1116 2159 1171 nasci
2198 1115 2358 1171 debet
2406 1117 2700 1173 Christus?
2729 1119 2821 1188 qui
2861 1119 2971 1187 ipsi
3001 1120 3254 1173 dixerunt
3287 1135 3303 1174 :
3338 1116 3401 1172 tu

1853 1206 2165 1263 Bethlehem
2195 1205 2418 1263 Judaei.
2448 1207 2592 1262 Tum
2613 1207 2876 1271 Herodes,
2901 1208 3041 1263 clam
3069 1208 3276 1263 vocatis
3298 1196 3409 1261 Μι-

1849 1299 1960 1371 gis,
2001 1297 2303 1369 exquisivit
2334 1300 2415 1358 ab.
2446 1298 2580 1371 ipsis
2622 1313 2733 1368 quo
2764 1299 2925 1370 312
2976 1300 3237 1367 temporis
3280 1314 3411 1367 spa-

1851 1391 1928 1445 tio
1974 1389 2315 1459 apparuisset
2360 1388 2467 1445 illis
2515 1388 2716 1456 stella;
2755 1389 3207 1460 respondentibus
3249 1388 3358 1444 illis
3389 1426 3408 1453 ,

1856 1482 1902 1534 A
1940 1480 2164 1536 biennio
2201 1479 2359 1535 nobis
2400 1479 2454 1535 in
2489 1480 2710 1536 Oriente
2740 1481 3029 1551 apparuit;
3072 1480 3211 1536 dixit
3251 1479 3408 1549 ipsis,

1849 1570 2086 1626 Profecti
2109 1573 2332 1641 quaerite
2360 1570 2560 1641 Regem
2602 1572 2751 1627 hunc
2781 1587 2977 1630 recens
3005 1582 3221 1636 natum,
3246 1584 3407 1641 quem

1850 1662 2132 1718 inventum
2173 1665 2266 1719 ubi
2295 1663 2677 1731 adoraveritis,
2709 1664 2913 1721 reversi
2953 1665 3084 1722 mihi
3139 1663 3403 1725 indicate.

1852 1759 1914 1807 ut
1967 1758 2021 1805 et
2064 1751 2181 1823 ipse
2210 1742 2499 1821 profectus
2526 1769 2649 1808 eum
2684 1753 2928 1809 adorem.
2983 1754 3232 1825 Egressis
3277 1767 3408 1824 ergo

188 1838 420 1907 gnaculo
470 1852 535 1893 ac
588 1840 810 1909 templo,
838 1841 1011 1898 libros
1038 1840 1374 1913 Judeorum,
1418 1862 1558 1916 quos
1586 1850 1749 1927 resti-
1782 1838 1821 1858 “’
1845 1840 1914 1896 ab
1931 1839 2142 1897 Herode
2169 1840 2337 1912 Magis
2361 1856 2624 1911 apparens
2641 1846 2799 1900 stella
2824 1844 2959 1914 ipsis
2988 1844 3397 1899 Bethlehemum

198 1937 382 1985 tuerat
407 1930 539 1998 ipsis
565 1932 727 1994 Ezra,
759 1933 827 1987 de
854 1934 1096 1989 tribuum
1122 1937 1460 2006 genealogiis
1482 1939 1752 2006 ipsorum-

186 2033 296 2090 que
325 2022 598 2090 prosapia,
640 2023 873 2087 ablatos,
913 2039 1105 2081 omnes
1155 2028 1478 2097 combussit,
1521 2044 1591 2085 ne
1629 2029 1754 2100 quis

189 2126 261 2165 ex
300 2111 434 2181 ipsis
465 2112 765 2183 .cujusnam
797 2123 947 2169 esset
974 2115 1172 2185 tribus,
1206 2126 1300 2173 aut
1325 2133 1437 2187 quo
1468 2127 1624 2189 patre
1669 2135 1755 2175 sa-

190 2210 281 2256 tus
324 2201 720 2271 dignosceret:
766 2205 951 2259 omnia
993 2201 1157 2261 etiam
1208 2210 1503 2265 sacerdotii
1541 2210 1752 2267 instru-

191 2302 373 2349 menta
412 2296 592 2351 ablata
623 2296 909 2363 vendidit,
946 2306 1233 2368 vestesque
1263 2299 1611 2357 sacerdotum
1659 2316 1754 2356 an-

189 2384 321 2441 nulo
367 2400 469 2442 suo
513 2387 807 2458 signavit;
859 2388 993 2459 quin
1042 2398 1098 2444 et
1149 2392 1328 2459 ipsum
1381 2392 1752 2451 sacerdotium

190 2476 379 2540 venale
423 2476 637 2542 habuit,
679 2478 818 2556 adeo
867 2488 925 2534 ut
955 2494 1080 2534 eum
1116 2479 1362 2550 ipsorum
1400 2480 1526 2550 quis
1571 2496 1756 2537 sacer-

188 2565 373 2619 dotem
418 2580 478 2621 se
520 2565 639 2619 ﬁeri
690 2565 877 2631 vellet,
938 2582 1049 2621 non
1103 2566 1209 2623 nisi
1256 2582 1454 2637 magna
1510 2570 1755 2639 pecunia:

193 2671 409 2713 summa
450 2656 603 2726 prius
642 2667 863 2728 accepta
907 2672 1106 2712 munus
1149 2656 1283 2713 illud
1315 2658 1369 2713 in
1412 2658 1587 2728 ipsum
1617 2674 1752 2715 eon-

142 2775 153 2781 -
192 2748 406 2803 ferret:
462 2748 810 2820 pessimeque
854 2745 927 2805 ac
976 2749 1164 2820 inique
1224 2764 1283 2805 se
1334 2750 1391 2804 in
1433 2765 1601 2821 regno
1652 2766 1755 2808 suo

186 2840 380 2910 gessit.

261 2929 429 2988 Porro
457 2946 601 2988 anno
641 2932 857 3004 imperii
908 2933 1145 3004 Augusti
1175 2932 1412 2992 Cesaris
1453 2939 1754 3008 quadrage—

188 3023 336 3078 simo
389 3024 594 3093 prodiit
634 3026 703 3081 ab
740 3028 863 3096 ipso
915 3026 1153 3083 edictum
1177 3036 1263 3083 aut
1310 3028 1554 3085 omnium
1586 3044 1754 3099 regno

185 3117 365 3187 ipsius
395 3132 491 3188 per
518 3126 691 3175 totum
726 3119 909 3175 orbem
940 3118 1335 3192 [subditorum]
1375 3124 1751 3183 describeren-

192 3224 287 3266 tur
330 3212 574 3275 nomina,
600 3210 845 3266 virorum
882 3212 1149 3283 (inquam)
1191 3228 1314 3268 eum
1348 3217 1609 3273 uxoribus
1638 3218 1753 3283 suis

186 3302 405 3371 (quales
430 3302 557 3357 olim
587 3317 787 3358 census
811 3303 1228 3371 condebantur),
1251 3312 1312 3359 ut
1340 3320 1529 3361 eorum
1564 3323 1756 3364 nume-

184 3411 313 3450 rum
359 3402 690 3450 recenseret.
730 3394 1041 3463 Misit'ergo
1070 3411 1193 3453 cum
1233 3397 1431 3453 scribis
1473 3399 1667 3453 ducem
1718 3413 1750 3453 e

184 3486 308 3542 suis
336 3486 628 3554 quemdam
662 3485 885 3541 nomine
914 3484 1209 3556 Cyrenium
1230 3525 1246 3549 ,
1293 3503 1454 3556 quem
1489 3488 1659 3560 Syriae
1689 3504 1753 3546 ac

183 3574 392 3630 Iudaea:
436 3574 698 3646 praefecit.
729 3575 887 3630 Anno
919 3583 1098 3630 autem
1146 3577 1360 3647 imperii
1405 3578 1575 3647 ipsius
1620 3595 1755 3647 qua-

185 3667 505 3736 dragesimo
556 3668 743 3736 primo
783 3668 1003 3722 allatum
1035 3677 1122 3723 est
1157 3668 1399 3725 Domina‘.
1432 3670 1613 3725 Mariae
1634 3671 1757 3726 Vir-

185 3758 304 3829 gini
357 3774 508 3829 purae
558 3758 780 3821 illibatae
827 3760 1080 3814 nuntium
1122 3761 1189 3815 de
1237 3760 1468 3816 Domino
1516 3762 1754 3822 .Messia:

187 3864 446 3918 annoque
500 3849 713 3920 imperii
772 3851 1004 3921 Augusti
1052 3853 1287 3909 Caesaris
1340 3855 1758 3925 quadragesimo

187 3940 459 4005 secundo,
489 3950 543 3995 et
574 3941 727 4010 regni
770 3940 1035 4007 Herodis,
1066 3944 1341 4013 Antipatri
1381 3945 1504 4011 iilii,
1553 3948 1607 4001 in
1654 3944 1756 4019 Sy-

190 4027 333 4081 riam
362 4028 641 4082 tricesimo
670 4030 831 4084 tertio
865 4028 971 4101 [vel
1003 4029 1156 4099 juxta
1189 4032 1337 4087 aliud
1366 4035 1666 4105 exemplar,
1700 4036 1755 4091 in

189 4127 394 4173 terram
426 4118 831 4190 lsraeiiticam],
884 4128 1043 4177 natus
1110 4133 1193 4177 est
1247 4121 1512 4177 Dominus
1570 4132 1759 4180 noster

190 4207 450 4265 Christus
496 4209 581 4263 die
625 4208 815 4263 Canun
873 4210 1032 4279 primi
1082 4211 1347 4267 vicesimo
1406 4212 1753 4286 309-311

189 4299 412 4365 quinto,
452 4298 654 4353 Cahaci
698 4298 959 4354 vicesimo
1007 4314 1174 4355 nono.
1216 4301 1294 4355 Ad
1329 4300 1609 4359 Christum
1662 4322 1759 4361 au-

190 4404 305 4446 tem
348 4397 535 4443 natum
563 4403 591 4442 a
646 4388 753 4443 line
802 4389 951 4459 regni
1002 4390 1302 4461 CleOpatraa
1340 4396 1467 4448 anni
1499 4406 1623 4451 sunt
1662 4397 1759 4452 tri-

1852 1932 2083 2001 praivit,
2132 1946 2309 2003 usque
2369 1933 2437 1989 ad
2486 1935 2667 1989 locum
2723 1935 2782 1989 in
2839 1949 2948 2005 quo
3003 1934 3105 1989 fuit
3148 1934 3407 1990 Dominus

1853 2033 2043 2080 noster
2098 2022 2347 2080 Christus
2389 2039 2497 2079 una
2545 2040 2669 2080 eum
2730 2025 2957 2080 Domina
2998 2032 3188 2080 nostra
3238 2023 3409 2079 Maria

1853 2115 2027 2184 ipsius
2061 2125 2253 2173 matre.
2300 2116 2615 2171 Adorarunt
2659 2117 2825 2186 igitur
2858 2117 3033 2186 ipsum
3081 2130 3144 2172 ac
3186 2129 3410 2170 munera

1852 2202 1955 2273 ipsi
1987 2204 2323 2274 obtulerunt,
2368 2219 2587 2271 aurum,
2620 2206 2896 2277 myrrham
2922 2216 2975 2261 et
3007 2205 3153 2261 thus.
3199 2206 3412 2260 Praecec

1853 2301 2002 2362 ptum
2057 2304 2240 2350 autem
2296 2303 2380 2350 est
2417 2296 2552 2364 ipsis
2602 2297 2661 2351 in
2715 2312 2931 2360 somno,
2981 2306 3041 2352 ut
3081 2298 3135 2352 in
3176 2297 3407 2366 patriam

1853 2398 2008 2438 suam
2042 2400 2135 2453 per
2165 2384 2323 2439 aliam
2350 2386 2492 2440 viam
2517 2385 2752 2455 regressi
2778 2384 2847 2440 ad
2885 2384 3155 2442 Herodem
3182 2403 3290 2441 non
3321 2401 3411 2442 re-

1852 2482 2209 2530 verterentur.
2281 2473 2451 2530 Porro
2497 2490 2563 2530 ex
2612 2490 2722 2545 quo
2761 2478 3011 2545 apparuit
3051 2476 3219 2546 Magis
3254 2476 3411 2532 stella

1855 2568 2158 2634 usquedum
2204 2566 2431 2622 adorato
2464 2565 2695 2623 Domino
2741 2578 2931 2624 nostro
2962 2568 3184 2624 Christo
3212 2570 3278 2625 -in
3320 2586 3414 2639 pa-

1854 2655 2011 2708 triam
2058 2668 2210 2709 suam
2255 2656 2458 2711 reversi
2498 2665 2669 2724 sunt,
2722 2656 2880 2711 ﬂuxit
2909 2656 3213 2713 biennium.
3264 2656 3415 2714 Jose-

1854 2746 1999 2816 phus
2041 2757 2220 2801 autem
2264 2745 2446 2802 Mariae
2480 2762 2714 2818 sponsus
2752 2748 3066 2807 admonitus
3110 2750 3163 2803 in
3218 2764 3413 2805 somno

1860 2838 1980 2901 fuit,
2036 2846 2095 2893 ut
2152 2841 2392 2910 acceptis
2440 2841 2668 2910 puerulo
2718 2850 2773 2896 et
2817 2851 2993 2897 matre
3045 2842 3240 2912 ipsius,
3287 2858 3412 2898 cum

1854 2927 1987 2997 ipsis
2042 2931 2097 2984 in
2141 2930 2437 3002 Egyptum
2494 2932 2742 3002 fugeret:
2785 2933 2928 3001 quod
2976 2942 3031 2988 et
3083 2934 3212 2989 fecit
3260 2932 3414 2989 lose-

1855 3020 2019 3090 phus.
2057 3019 2425 3078 Tardantibus
2458 3030 2636 3077 autem
2679 3022 2849 3093 Magis
2878 3065 2893 3090 ,
2934 3024 3197 3091 Herodes,
3229 3023 3318 3078 ubi
3354 3040 3413 3078 se

1857 3112 1925 3166 ab
1960 3112 2068 3168 illis
2091 3113 2311 3167 illusum
2345 3114 2540 3181 sensit,
2574 3112 2652 3169 ira
2682 3096 3276 3172 valde'excandescens
3297 3130 3414 3171 om-

1862 3218 1959 3257 nes
1984 3203 2037 3256 in
2066 3184 2417 3257 Bethlehemo
2459 3217 2660 3273 pueros
2682 3217 2712 3257 a
2736 3203 2958 3272 bimulis
2989 3211 3043 3258 et
3062 3203 3415 3260 inferioribus
3439 3215 3456 3228 ‘

1857 3282 2094 3348 interimi
2129 3293 2315 3363 jussit.
2363 3292 2637 3350 lnterl‘ecti
2668 3302 2797 3351 sunt
2844 3310 2973 3365 ergo
3004 3295 3276 3359 infantes,
3349 3312 3415 3350 ne

1856 3399 1967 3439 uno
2000 3386 2291 3465 superstite
2338 3386 2552 3441 relicto.
2605 3386 2746 3442 Deus
2794 3398 2973 3441 autem
3016 3387 3071 3441 in
3142 3385 3412 3442 Herodem
3459 3372 3483 3417 ·’

1857 3477 1989 3531 iram
2038 3487 2202 3546 atque
2238 3476 2667 3548 indignationem
2711 3493 2869 3533 suam
2915 3476 3131 3544 eﬂ‘udit,
3179 3477 3315 3531 adeo
3355 3483 3417 3532 ut

1850 3568 1910 3627 in
1967 3568 2216 3623 morbum
2260 3583 2479 3639 gravem
2522 3568 2809 3634 incideret,
2857 3584 2966 3637 quo
3010 3569 3248 3623 cruciari
3304 3584 3414 3623 non

1856 3660 2020 3717 desiit
2059 3661 2237 3735 donec
2285 3671 2612 3726 moreretur,
2667 3677 2791 3716 cum
2840 3676 3014 3718 annos
3055 3663 3271 3732 triginta
3327 3676 3416 3717 sc-

1858 3761 2000 3824 ptem
2034 3760 2335 3822 regnasset.
2384 3753 2744 3824 313-315
2778 3742 2969 3809 Filios.
3000 3763 3239 3821 quatuor
3287 3753 3417 3808 reli-

1856 3845 1995 3914 quit,
2023 3859 2273 3915 .quorum
2312 3860 2454 3900 unus
2503 3846 2723 3900 nomine
2774 3845 3099 3910 Archelaus,
3142 3842 3419 3901 secundus

1856 3937 2117 4000 Herodes.
2154 3938 2351 3994 tertius
2381 3937 2689 4009 Philippus,
2727 3948 2957 4006 quartus
2985 3937 3281 4001 Lusanius,
3321 3938 3415 4006 qui

1857 4043 2025 4097 regno
2056 4029 2199 4083 inter
2224 4044 2282 4084 se
2305 4029 2484 4085 diviso
2518 4030 2902 4100 unusquisque
2945 4044 3195 4099 quartam
3242 4028 3415 4098 regio—
3474 4103 3478 4107 ε

1859 4117 1945 4172 nis
1966 4116 2203 4171 Judaicaa
2237 4128 2443 4185 partem
2477 4118 2578 4173 sibi
2599 4119 2919 4187 assumpsit.
2963 4118 3023 4173 In
3071 4124 3274 4173 sortem
3318 4132 3419 4171 au-

1810 4235 1819 4244 ρ
1858 4217 1966 4263 tem
2010 4206 2276 4263 Archelao
2324 4209 2644 4264 acciderunt
2692 4208 3114 4281 Bethlehem_et
3163 4207 3419 4264 Hieroso-

1859 4297 2022 4367 lyma.
2060 4296 2333 4366 Iosephus
2357 4312 2508 4368 ergo,
2544 4298 2740 4353 audito
2788 4306 3061 4352 mortuum
3104 4310 3225 4352 esse
3253 4294 3419 4351 Hero-

1859 4389 2006 4455 dem,
2036 4405 2101 4444 ex
2150 4388 2387 4461 Egypto
2432 4404 2558 4444 cum
2607 4388 2839 4444 Domino
2875 4397 3062 4444 nostro
3098 4388 3321 4445 Christo
3365 4396 3420 4443 et

186 4484 366 4553 ginta.
407 4483 449 4537 A
493 4496 660 4551 regno
699 4481 994 4537 Alexandri
1034 4485 1261 4539 trecenti
1310 4488 1667 4559 undeviginti.
1708 4490 1751 4544 A
1778 4489 1833 4550 D
1862 4489 2032 4536 matre
2056 4480 2231 4550 ipsius
2262 4496 2512 4551 egressus
2549 4468 2670 4547 est,
2715 4480 2947 4536 Domino
2986 4479 3208 4533 Christo
3247 4493 3429 4549 annos

185 4582 441 4640 tempore
468 4588 578 4642 quo
608 4571 867 4628 lsraelitae
910 4588 1005 4643 per
1028 4574 1520 4632 Boehtanasserem
1555 4581 1754 4649 captivi

132 4680 137 4682 ν
187 4661 444 4718 Babelem
473 4662 687 4718 abducti
738 4672 886 4729 sunt,
932 4662 1209 4736 quingenti
1250 4668 1525 4737 octoginta
1555 4670 1684 4723 duo.
1712 4669 1755 4724 A

187 4767 363 4821 regno
390 4750 634 4817 Davidis,
661 4754 808 4807 mille
839 4755 1235 4825 quinquaginta
1262 4773 1476 4814 novem.
1496 4761 1578 4815 Ab
1606 4762 1756 4816 exitu

187 4844 564 4898 lsraelitarum
613 4861 681 4899 ex
721 4846 929 4917 Egypto
985 4848 1131 4903 mille
1179 4852 1423 4907 sexcenti
1475 4854 1756 4924 sexaginta

185 4938 459 5006 quinque.
501 4936 582 4991 Ab
618 4938 929 4993 Abrahamo
959 4939 1044 5013 bis
1080 4941 1228 4995 mille
1267 4949 1482 4997 centum
1532 4952 1753 5013 septua-

187 5028 347 5097 ginta
376 5027 506 5083 duo.
548 5028 593 5081 A
621 5027 858 5083 Phaleko
894 5031 977 5085 bis
1032 5032 1181 5087 mille
1215 5022 1542 5104 septingenti
1576 5036 1758 5091 trede-

186 5121 329 5173 cim.
377 5121 417 5173 A
458 5119 666 5175 diluvio
695 5130 778 5174 ter
809 5123 955 5177 mille
985 5123 1201 5180 ducenti
1232 5126 1589 5197 quadraginta
1620 5143 1756 5197 qua-

190 5222 344 5265 tuor.
373 5212 453 5265 Ab
482 5210 691 5266 Adamo
720 5212 1010 5281 quinquies
1045 5215 1192 5269 mille
1220 5216 1526 5286 quingenti.

288 5300 459 5354 Porro
512 5315 658 5355 anno
718 5302 934 5369 imperii
967 5305 1200 5372 Augusti
1247 5305 1478 5361 Caesaris
1514 5307 1756 5375 quadra-

192 5392 406 5460 gesimo
433 5401 651 5460 quarto,
702 5393 959 5455 Herodis,
1015 5394 1107 5447 lilii
1150 5394 1445 5463 Antipatri,
1482 5397 1757 5451 tricesimo

190 5482 414 5550 quinto,
437 5481 720 5536 venientes
740 5492 857 5536 tres
891 5482 1029 5553 Magi
1054 5485 1122 5538 ab
1146 5484 1373 5540 Oriente
1408 5487 1462 5540 in
1491 5485 1757 5553 Judaeum,

191 5574 569 5643 quaesiverunt
604 5574 695 5628 ubi
715 5585 874 5629 natus
896 5586 1040 5631 esset
1069 5577 1177 5631 Rex
1208 5578 1309 5633 iste
1334 5594 1581 5649 magnus.
1615 5579 1756 5635 Metu

194 5678 331 5733 ergo
364 5664 615 5733 perculso
670 5664 899 5727 Herode,
932 5681 995 5720 ac
1025 5674 1137 5720 tota
1188 5666 1501 5723 Judazorum
1538 5672 1755 5741 regione

196 5753 270 5809 ob
313 5767 501 5808 eorum
544 5755 704 5810 verba
750 5757 1084 5825 perturbata,
1130 5759 1422 5818 accersitos
1457 5759 1640 5833 Magos
1669 5778 1757 5818 ro-

1823 4610 1827 4617 ι
1859 4582 1987 4628 tunc
2030 4583 2265 4643 quatuor
2292 4581 2446 4628 nato.
2483 4571 2709 4627 Timens
2746 4580 2926 4626 autem
2956 4570 3292 4628 Betltlehemi
3325 4568 3419 4624 ha-

1861 4665 2063 4731 bitare,
2091 4666 2162 4720 ob
2193 4664 2545 4729 Archelaum,
2575 4662 3077 4721 Nazaretliisedent
3106 4661 3242 4722 iixit.
3269 4660 3419 4715 idco-

1858 4771 1963 4823 que
1990 4757 2300 4811 Nazarenus
2328 4755 2524 4810 audiit.
2549 4754 2914 4825 PorroLanno
2935 4752 3184 4806 Archelai
3205 4760 3418 4817 octavo,

1861 4845 2123 4900 Dominus
2157 4846 2431 4911 Christus,
2469 4860 2645 4922 annos
2678 4853 2809 4899 tunc
2837 4853 2997 4897 natus
3020 4842 3328 4905 duodecim,
3366 4844 3417 4897 in

1860 4938 2086 5007 templo,
2136 4938 2189 4991 in
2243 4936 2423 4991 medio
2449 4936 2732 4991 doctorum
2765 4935 2984 5001 sedens,
3016 4933 3215 4999 doctos
3251 4932 3417 4989 doce-

1858 5028 1974 5082 bat.
2035 5025 2235 5080 Deinde
2277 5033 2531 5079 mortuus
2573 5031 2660 5079 est
2705 5022 2979 5091 Josephus
3007 5021 3098 5090 qui
3140 5020 3432 5080 Christum.

1858 5118 2220 5183 educaverat;
2255 5127 2506 5171 mortuus
2532 5117 2696 5171 etiam
2738 5114 3206 5170 Arehelauseum
3242 5128 3416 5168 annos

1860 5225 2052 5265 novem
2083 5219 2387 5279 regnasset,
2423 5209 2572 5264 nullo
2609 5207 2760 5276 regni
2793 5205 3013 5260 harede
3034 5205 3247 5262 relicto.
3270 5205 3431 5261 Obiit

1859 5305 2024 5359 etiam
2059 5304 2336 5373 Augustus
2364 5302 2564 5371 Ctesar,
2619 5308 2910 5371 postquam
2946 5314 3119 5355 annos
3147 5300 3416 5368 quinqua-

1858 5398 2010 5466 ginta
2039 5411 2134 5451 sex
2158 5405 2213 5450 et
2242 5382 2572 5452 sexmenses
2599 5393 2965 5463 imperasset;
2994 5390 3081 5444 cui
3110 5391 3162 5443 in
3191 5389 3415 5457 imperio

1859 5488 2121 5543 Romanae
2151 5487 2415 5542 successit
2455 5486 2599 5540 [ilius
2643 5483 2815 5554 ipsius
2861 5482 3133 5543 Tiberius,
3183 5478 3416 5534 Domino

1861 5590 2048 5636 nostro
2079 5582 2299 5634 Christo
2326 5593 2502 5633 annos
2546 5587 2680 5632 tunc
2726 5576 3035 5647 quindecim
3090 5582 3237 5628 nato.
3289 5568 3416 5626 Fuit

1860 5681 2042 5727 autem
2075 5668 2295 5724 Tiberio
2325 5669 2440 5732 regi
2472 5667 2685 5722 amicus
2720 5665 2938 5721 nomine
2966 5662 3200 5726 Pilatus,
3242 5674 3306 5713 ex
3333 5659 3412 5712 in-

1862 5766 1979 5823 suta
2037 5762 2267 5834 quadam
2323 5762 2374 5817 in
2422 5761 2570 5816 ηιιιπί
2624 5758 2808 5814 Romae
2838 5756 3034 5825 vicina,
3080 5771 3200 5826 quae
3246 5752 3413 5809 l’onta
