3950 6348
628 343 733 407 979

621 467 846 513 vocatur
877 461 1042 531 (unde
1084 473 1171 529 ille
1216 477 1421 539 Pilatus

619 558 782 610 quem
820 548 1020 612 Jutltrze
1060 562 1307 622 Archelai
1344 573 1464 628 loco
1498 581 1756 646 praefecit.

691 636 858 695 Porro
881 659 1024 722 anno
1059 657 1207 724 regni
1239 659 1439 720 Tiberii
1473 669 1702 729 Caesaris
1731 678 1947 736 decimo
1975 685 2169 756 quinto

691 733 864 756 ηιμ-ηιξ-
928 735 946 756 ¹
1219 749 1254 756 “

615 733 867 847 :p‘paru'it
918 735 1157 800 Joannes
1219 749 1498 813 Zachariae
1544 763 1689 821 ﬁlius
1756 733 2172 847 liaptista‘T-q-uvi

1607 817 1613 818 ,
1663 817 1685 821 -
1757 817 2024 840 ---γυνη

525 902 527 905 Ι
803 823 1020 887 Ιυίίεεοε
1057 834 1110 890 in
1156 839 1398 902 Iordane
1441 851 1492 905 in
1542 869 1886 922 peccatorum
1922 866 2057 936 ipsis
2080 817 2170 925 ἴθι

1542 909 1886 922 παρη-η.
1922 909 2057 936 .,,....,

617 909 930 1018 inissioncm
985 922 1320 1000 baptizavit;
1367 941 1434 995 ad
1486 960 1645 1013 quem
1692 966 1815 1006 cum
1848 961 2172 1018 accessisset

1307 998 1313 1000 _
1503 998 1514 1013 ,
1697 998 1814 1006 -_--.
1848 998 2170 1018 ..προσωπ-

615 998 876 1064 Dominus
917 1025 1125 1084 noster,
1168 1033 1219 1076 et
1246 1025 1420 1096 ipsum
1471 1035 1523 1088 in
1574 1037 1812 1100 Jordane
1853 1047 2170 1119 baptizavit,

613 1106 786 1150 annos
826 1108 938 1155 tum
977 1119 1165 1164 natum
1209 1119 1450 1186 triginta.
1489 1125 1726 1188 Herodes
1764 1149 1964 1203 autem,
2003 1142 2170 1198 Hero-

612 1183 697 1239 dis
734 1190 826 1244 lilii
856 1196 1127 1267 Antipatri
1164 1208 1326 1275 ﬁlius,
1356 1214 1581 1273 dimissa
1612 1239 1782 1280 uxore
1815 1245 1912 1284 sua
1944 1237 2164 1292 nomine

611 1276 794 1341 Areta,
834 1286 973 1354 regis
1017 1291 1253 1349 Arabum
1304 1299 1437 1371 [ve],
1473 1306 1626 1374 juxta
1673 1314 1819 1370 aliud
1868 1328 2164 1393 exemplar,

622 1367 673 1393 ΑΙ
699 1368 889 1393 [κη-ετ
926 1378 993 1393 ην

610 1367 673 1479 ﬁl
699 1368 890 1479 Gauri]
922 1378 1054 1444 ﬁlia,
1084 1367 1321 1444 uxorem
1339 1367 1526 1453 fratris
1559 1404 1642 1456 sui
1672 1367 2166 1479 Philippifnot‘iii‘ne

1482 1450 1520 1453 ,_
1559 1450 1642 1456 -.._-
1672 1450 1691 1458 -
1717 1450 1921 1479 ...ι-γνι,
1951 1450 2160 1474 "minus:

610 1450 993 1532 llerodiadem,
1039 1471 1156 1540 ipso
1198 1479 1377 1536 adhuc
1426 1486 1570 1551 vivo,
1621 1494 1669 1546 vi
1712 1498 1946 1554 ablatam
1987 1504 2160 1560 duxit.

607 1547 749 1603 Dixit
808 1569 939 1625 ergo
987 1562 1061 1617 illi
1115 1565 1546 1634 Joannes:Non
1603 1585 1729 1640 licet
1785 1592 1879 1645 tibi
1942 1611 2160 1654 uxorem

603 1640 794 1700 fratris
848 1650 923 1704 tui
973 1654 1093 1723 ipso
1129 1661 1344 1720 vivente
1396 1670 1614 1730 ducere.
1667 1677 1845 1742 Quare
1895 1686 2065 1751 ipsum
2105 1692 2159 1747 in

597 1747 872 1793 carcerem
929 1747 1124 1817 conjici
1183 1752 1372 1820 jussit.
1429 1760 1566 1816 Cum
1622 1767 1818 1826 deinde
1871 1779 2158 1836 comitibus

598 1824 716 1879 sitis
746 1832 1051 1890 convivium
1084 1841 1432 1904 instruxisset
1461 1851 1721 1919 Herodes.
1749 1868 2159 1929 comedentibus
2197 1849 2234 1904 Β

596 1914 702 1969 illis
733 1926 785 1972 et
822 1920 1149 1998 bibentibus,
1200 1937 1407 1995 saltans
1447 1914 1769 2006 Herodiadis

593 2006 684 2060 δίο
715 2021 890 2069 eam)“
927 2017 1027 2082 ipsi
1054 2023 1290 2087 Placuit:
1323 2035 1408 2086 cui
1440 2035 1567 2091 ille:
1599 2039 1728 2097 Pete
1761 2061 1788 2099 a
1819 2064 1925 2111 me,
1961 2053 2156 2123 inquit,

593 2100 853 2123 mu--.”
1198 2120 1207 2123 _
1293 2121 1305 2123 _
1344 2108 1357 2119 ι

591 2100 853 2171 quidquid
886 2110 980 2162 tibi
1020 2113 1256 2174 libuerit.
1292 2108 1383 2178 Illa
1417 2142 1544 2198 ergo
1575 2134 1730 2201 petiit
1765 2149 1821 2190 ut
1854 2100 2156 2199 δίῦἱηλῖωηζ

592 2191 676 2245 nis
706 2207 866 2263 caput
905 2201 956 2253 in
1010 2208 1190 2272 patina
1227 2211 1412 2282 daret;
1466 2191 1636 2289 quare
1675 2227 1783 2292 ille,
1825 2229 2033 2292 Joanne
2063 2237 2152 2293 de-

588 2283 774 2337 collari
809 2288 979 2355 iusso,
1015 2310 1175 2366 caput
1211 2302 1382 2370 ipsius
1418 2310 1466 2363 ei
1510 2315 1754 2372 tradidit.
1787 2320 1934 2378 Uxor
1971 2337 2150 2383 autem

589 2374 760 2442 ipsius
807 2383 963 2437 Areto
1015 2390 1080 2442 ad
1138 2403 1345 2459 patrem
1397 2415 1554 2456 Suum
1590 2409 1746 2471 abiit.
1791 2374 2152 2485 qui—proinde

588 2471 662 2524 ira
691 2488 1014 2546 commotus,
1045 2488 1216 2555 copiis
1249 2492 1362 2548 suis
1391 2497 1635 2555 collectis
1661 2516 1850 2560 contra
1885 2508 2148 2568 Herodem

586 2564 877 2634 profectus,
942 2573 1196 2646 belloque
1259 2581 1432 2651 ipsum
1484 2593 1813 2662 aggressus,
1872 2564 2144 2657 sociorum

582 2655 753 2721 ipsius
787 2663 987 2720 multos
1027 2670 1247 2736 occidit,
1295 2677 1479 2750 (alios)
1503 2655 1954 2763 ‘captivos‘ccpit,
1985 2655 2146 2766 oppi;

582 2749 667 2802 dis
719 2767 908 2808 eorum
962 2759 1223 2828 incensis,
1277 2768 1440 2840 idque
1490 2757 1633 2832 anno
1684 2781 1895 2848 imperii
1941 2783 2144 2842 Tiberii

578 2839 810 2898 Caesaris
834 2846 1044 2905 decimo
1075 2865 1286 2911 octavo.

647 2935 804 2988 Anno
853 2947 1031 2992 autem
1090 2947 1239 3014 regni
1298 2946 1549 3018 Herodis,
1606 2955 1696 3010 ﬁlii
1749 2957 1999 3028 Herodis,
2049 2965 2141 3020 filii

576 3019 869 3089 Antipatri,
901 3027 1162 3085 vicesimo
1207 3050 1374 3100 nouo,
1421 3044 1716 3099 cruciﬁxus
1757 3057 1838 3101 est
1883 3049 2140 3111 Dominus

576 3122 761 3166 noster
789 3113 1038 3173 Christus
1078 3123 1164 3178 die
1199 3123 1422 3185 Veneris
1455 3136 1656 3190 mensis
1701 3139 1740 3189 Α
1765 3143 1841 3191 lar
1875 3141 2132 3199 vi-esimo
2160 3138 2201 3194 C

574 3202 757 3267 tertio,
785 3203 1095 3264 Bormahati
1115 3214 1372 3270 vicesimo
1390 3223 1643 3290 septimo,
1668 3226 2028 3302 317-319
2054 3234 2134 3314 id-

489 3289 492 3294 ’
571 3307 678 3360 que
700 3293 801 3348 hoc
825 3309 983 3365 pacto
1017 3318 1031 3354 :
1072 3300 1300 3360 Domino
1325 3289 1514 3364 nostro
1536 3313 1754 3371 Christo
1782 3319 1986 3375 Pascha
2007 3310 2131 3378 cum

564 3764 670 3818 que
697 3752 772 3806 illi
804 3755 1029 3837 tri-ginta
1066 3772 1352 3831 argenteos
1380 3768 1480 3837 ipsi
1511 3771 1809 3842 dedissent,
1837 3779 1928 3834 ille
1958 3792 2122 3843 noctu

564 3840 687 3896 illos
718 3844 774 3898 in
819 3847 995 3903 locum
1033 3852 1122 3907 ubi
1163 3853 1475 3914 Jesus‘cum
1510 3840 1809 3947 discipulis;
1845 3840 2114 3940 suis-fuit,

561 3929 806 3987 adduxit.
837 3934 916 3990 llli
947 3953 1078 4009 ergo
1130 3943 1312 4010 ipsum
1360 3929 1689 4028 prehensum
1745 3929 1810 4010 ad
1843 3959 2119 4032 principes

556 4208 812 4277 praefecto
846 4215 1204 4285 tradiderunt.
1252 4200 1354 4289 Qui
1391 4242 1515 4281 cum
1547 4232 1683 4312 nihil
1711 4246 1902 4318 contra
1935 4200 2110 4306 ipsum

557 4302 847 4368 probatum
898 4305 1191 4374 inveniret.
1229 4313 1364 4370 dixit
1399 4319 1504 4374 illis
1535 4339 1550 4374 :
1583 4302 1721 4392 Quid
1752 4304 1819 4384 de
1858 4302 1970 4386 boc-
1993 4333 2111 4414 viro

552 4390 748 4460 dicitis,
762 4395 884 4461 hoc,
905 4398 1148 4468 inquam,
1167 4419 1292 4474 rege
1306 4390 1648 4468 Iudaeorum?
1670 4407 2015 4501 Responderi:
2024 4429 2101 4479 nt:

552 4481 666 4537 Non
691 4495 774 4539 est
789 4487 946 4542 nobis
970 4505 1061 4544 rex
1092 4503 1288 4560 prater
1312 4495 1600 4555 Caesarem.
1626 4481 1936 4587 Dixit-illis;
1953 4495 2099 4576 ‘Ouid
2135 4483 2179 4538 θ

548 4577 813 4645 ergohuic
827 4581 1056 4638 faciam?
1073 4583 1330 4642 Dixerunt
1344 4589 1418 4644 illi
1439 4609 1454 4647 :
1474 4586 1743 4666 Cruciﬁge
1758 4582 1880 4656 eum
1897 4577 2103 4674 {siquii

547 4666 667 4721 dem
697 4669 1005 4740 religionem
1026 4686 1292 4743 nostram,
1314 4686 1561 4753 corrupit
1586 4702 1648 4740 ac
1671 4689 1838 4760 legem
1859 4702 2099 4751 nostram

544 4756 726 4820 solvit,
755 4774 814 4814 se
849 4759 941 4815 Dei
974 4762 1171 4827 Filium
1204 4781 1326 4824 esse
1349 4781 1672 4839 pretexens.
1697 4756 1944 4838 Iietuens
1973 4800 2101 4856 ergo

545 4846 647 4901 hoc
679 4846 914 4922 [audito]
935 4851 1164 4922 Pilatus,
1181 4860 1431 4916 manibus
1451 4865 1570 4919 suis
1591 4882 1728 4937 aqua
1752 4872 1974 4937 ablttlis,
1992 4846 2096 4934 sea

539 4943 810 5008 sanguine
836 4944 1007 5009 ipsius
1051 4949 1330 5006 innoxium
1373 4959 1766 5027 pronuntiavit,
1795 4966 2097 5024 inclaman-

540 5027 685 5084 tibus
713 5029 915 5089 Judreis
944 5040 1262 5107 sanguinem
1290 5041 1408 5110 ejus
1447 5062 1614 5117 super
1642 5050 1790 5121 ipsos
1820 5055 2094 5126 ipsorum-

531 5135 640 5187 que
672 5121 872 5178 liberos
913 5125 1177 5185 futurum.
1225 5131 1361 5189 Tum
1402 5139 1642 5221 cruciﬁgi
1675 5121 1856 5216 ipsum
1879 5151 2090 5223 jussit;

536 5225 749 5280 unaque
786 5217 1030 5271 cruciﬁxi
1077 5234 1202 5276 sunt
1239 5224 1346 5278 duo
1379 5219 1641 5296 latrones,
1674 5249 1823 5297 unus,
1847 5217 1913 5293 ad
1957 5242 2090 5299 dex-

535 5310 672 5354 tram
722 5303 914 5372 ipsius.
959 5309 1096 5364 alter
1147 5313 1213 5367 ad
1267 5316 1567 5384 sinistram,
1610 5324 1738 5379 hora
1784 5340 1934 5389 sexta
1983 5337 2088 5392 diei

532 5387 799 5460 Veneris;
836 5401 1064 5454 tenebrze
1098 5417 1277 5460 autem
1317 5423 1518 5468 crassa:
1558 5413 1733 5472 instar
1762 5400 1939 5480 noctis
1981 5437 2088 5482 ter-

532 5494 648 5533 ram
695 5489 860 5536 tutam
907 5487 1248 5555 obtexerunt.
1282 5499 1606 5563 obscuratus
1647 5511 1746 5567 fuit
1788 5518 1892 5578 sol.
1922 5521 2087 5594 320

530 5584 893 5638 apparuerunt
957 5584 1142 5650 stellis,
1185 5586 1324 5643 ﬁssa:
1367 5605 1494 5650 sunt
1540 5611 1726 5670 petrae,
1778 5584 2084 5684 mortuique

1540 5665 1555 5669 τ
1714 5665 1723 5670 _
1964 5665 2078 5684 πη-

528 5665 834 5731 complures
880 5684 911 5723 e
941 5675 1204 5741 sepulcris
1247 5683 1361 5739 suis
1394 5702 1848 5755 resurrexerunt.-
1866 5701 2078 5762 Mortuo

527 5767 652 5808 vero
680 5753 905 5815 Domino
936 5774 1124 5835 nostro
1166 5770 1383 5831 Christo
1416 5780 1469 5835 in
1499 5797 1700 5855 cruce,
1733 5790 1882 5850 latus
1905 5795 2075 5866 ipsius

1645 380 2006 450 EUTYCHII
2047 395 2581 470 ALEXANDRINI
2615 415 2832 478 PATR.
3211 437 3214 440 ’
3273 461 3302 480 υ
3741 449 3821 514 930

3743 485 3814 514 που

1465 485 1694 548 Pontius
1741 495 2175 573 denominatus).
2209 514 2254 574 Α
2287 513 2438 571 hasta
2501 525 2913 594 trausﬁxerunt,
2973 535 3114 591 unde
3153 541 3358 601 efﬂuxit
3409 565 3531 605 cum
3586 563 3814 626 sanguiu-

1499 581 1752 626 nrmfecit,
2297 622 2314 626 Α
2334 623 2352 626 -
2368 624 2420 626 αν
2516 611 2551 626 ¹”“

2293 622 2456 674 aqua.
2512 611 2642 669 Post
2686 629 2916 676 mortem
2973 627 3142 696 ipsius
3182 638 3450 694 accedens
3500 645 3584 698 vir
3629 611 3816 716 qdidam

2284 704 2509 758 nomine
2557 706 2848 779 Iosephus,
2901 732 3020 770 cum
3074 723 3190 778 dari
3241 729 3342 782 sibi
3398 733 3634 802 ipsuma
3670 739 3813 796 Pilato

2279 792 2540 858 petiissct,
2575 814 2604 852 e
2651 816 2813 858 cruce
2847 805 3174 875 depositum.
3219 818 3507 892 linteisque
3544 830 3813 887 involutum

2277 883 2330 934 in
2368 899 2722 944 monumento
2759 909 2900 950 novo
2941 903 3083 968 quod
3119 907 3221 959 sibi
3256 911 3541 979 eﬁoderat,
3579 923 3816 987 sepelivit.

2274 975 2460 1042 lapide
2488 982 2692 1034 ostium
2723 981 2842 1053 ejus
2870 990 3184 1051 obstrucns.
3218 1000 3310 1055 Die
3338 1008 3581 1061 crastino
3615 1026 3816 1081 congre-

2271 1066 2376 1132 gati
2413 1069 2553 1135 apud
2588 1068 2817 1128 Pilatum
2849 1077 3041 1146 Judaei,
3081 1087 3337 1145 dixerunt
3378 1095 3484 1149 illis
3520 1117 3533 1152 :
3564 1066 3817 1158 vim}.th

2273 1175 2338 1212 ne
2377 1177 2537 1218 noctu
2593 1175 2912 1228 accedentes
2960 1179 3212 1250 discipuli
3256 1188 3391 1254 ejus,
3435 1207 3632 1262 corpus
3670 1197 3818 1265 ipsius

2271 1251 2627 1322 sulfure-titur,
2663 1262 2955 1334 dicamque
3005 1273 3314 1332 hominibus
3364 1281 3541 1345 ipsum
3592 1287 3646 1338 in
3697 1292 3812 1341 vivis

2268 1358 2408 1398 esse.
2445 1344 2581 1403 Juhe
2620 1365 2750 1421 ergo
2783 1357 3052 1428 obsignari
3104 1365 3335 1432 lapidem
3368 1344 3460 1439 qui
3496 1375 3562 1428 ad
3603 1381 3815 1444 sepulcri

2265 1436 2462 1490 ostium
2503 1448 2604 1494 est.
2657 1443 2954 1514 Respondit
2999 1453 3133 1522 ipsis
3179 1436 3426 1514 Pilatus:
3462 1466 3635 1530 Abite,
3680 1469 3817 1525 fa‘cite

2264 1527 2408 1592 quod
2473 1533 2624 1588 vobis
2664 1536 2838 1591 visum
2904 1541 3084 1601 fuerit.
3148 1547 3226 1602 Illi
3281 1568 3410 1623 ergo
3462 1561 3817 1624 speculatores

2263 1623 2524 1686 quosdam
2585 1628 2860 1685 adhibitos
2915 1638 2980 1688 ad
3042 1641 3350 1707 sepulcrum
3408 1623 3816 1715 custodiendum

2262 1712 2625 1783 collocarunt,
2663 1721 3058 1796 obsignatoque
3090 1724 3262 1800 la'pide
3299 1741 3500 1794 reversi
3541 1753 3696 1796 sunt.
3723 1743 3818 1797 Me.

2265 1797 2351 1849 dia
2400 1800 2600 1859 deinde
2642 1819 2800 1863 nocte
2830 1813 2917 1865 die
2951 1818 3144 1883 primo.
3189 1839 3310 1876 cum
3344 1831 3672 1884 accederent
3711 1850 3815 1885 mu~

2265 1888 2422 1945 lieres
2452 1899 2694 1959 qua'dam
2736 1915 2980 1959 aromata
3013 1918 3064 1959 et
3095 1912 3444 1980 thymiatnata
3483 1935 3673 1974 secum
3702 1924 3818 1978 alle-

2263 1993 2441 2035 rentes
2465 1987 2666 2051 quibus
2697 1994 3003 2058 sepulcrum
3039 2000 3303 2067 suﬁirent,
3339 2022 3466 2060 ecce
3499 2013 3732 2076 angelus
3763 2022 3815 2069 de

2260 2073 2399 2126 caelo
2419 2076 2752 2135 descendens
2776 2085 2952 2151 lapide
2971 2106 2997 2139 a
3029 2098 3359 2150 monumenti
3383 2101 3523 2153 ostio
3547 2104 3814 2166 devoluta,

2261 2160 2358 2228 ipsi
2391 2164 2655 2224 insidebat
2683 2190 2696 2235 ;
2726 2175 2816 2241 qui
2852 2177 2984 2244 ipsis
3007 2181 3140 2236 dixit
3173 2202 3186 2238 :
3224 2183 3300 2239 Nc
3335 2188 3536 2258 timete,
3563 2160 3812 2249 surrexit.

2261 2252 2430 2310 Dicite
2474 2270 2651 2313 autem
2683 2265 2968 2335 discipulis
3001 2273 3121 2338 ejus
3153 2286 3210 2328 ut
3241 2278 3293 2331 in
3330 2292 3564 2335 montem
3591 2285 3815 2341 Galilan

2257 2346 2691 2412 proﬁciscantur.
2728 2355 2798 2409 ibi
2843 2361 2985 2412 enim
3034 2363 3211 2430 ipsum
3248 2374 3596 2428 convmient.
3632 2375 3813 2430 Profe-

2253 2447 2352 2490 ctze
2386 2454 2516 2510 ergo
2550 2446 2803 2501 mulieres
2839 2451 2903 2504 ad
2946 2452 3262 2524 discipulos.
3303 2461 3414 2516 lucc
3447 2465 3581 2533 ipsis
3615 2483 3811 2524 rennu-

2254 2529 2478 2586 tiarunt.
2528 2535 2876 2612 321-323
2936 2545 3208 2605 Satellites
3261 2562 3440 2609 autem
3468 2529 3580 2628 qui
3621 2579 3811 2617 monu-

2253 2630 2490 2700 mentum
2515 2628 2912 2696 custodierunt,
2943 2634 2994 2685 in
3025 2634 3217 2693 faciem
3255 2656 3432 2706 suam,
3465 2656 3805 2703 mortuorum

2251 2687 2442 2780 instar,
2473 2728 2766 2787 conspecto
2804 2724 2992 2791 angelo
3025 2734 3078 2779 et
3111 2729 3240 2795 quid
3299 2731 3522 2798 faceret,
3565 2741 3808 2805 procide~

2248 2811 2395 2856 runt.
2433 2807 2509 2860 Ac
2542 2823 2698 2864 mane
2725 2815 2950 2880 profecti
2992 2815 3217 2897 Judtgis,
3244 2823 3375 2892 quid
3413 2826 3546 2896 ipsis
3574 2831 3808 2884 accidis-

2245 2903 2345 2957 set,
2365 2899 2795 2968 annuntiarunt;
2823 2907 2913 2973 qui
2948 2909 3052 2961 illis
3080 2911 3201 2965 data
3235 2917 3459 2981 pecunia
3492 2920 3756 2975 dixerunt
3784 2939 3803 2978 :

2246 2980 2302 3036 Si
2338 2987 2464 3053 quis
2517 2989 2582 3043 de
2633 2990 2734 3046 boc
2768 3011 2864 3050 vos
2901 2980 3344 3069 itttcrrogaverit,
3375 3006 3537 3062 dicite
3566 3010 3698 3076 ipsi,
3729 3012 3804 3064 di-

2244 3075 2488 3140 scipulos
2537 3080 2706 3146 ipsius
2757 3085 2929 3154 ipsum
2978 3088 3124 3144 furto
3171 3093 3485 3153 abstulisse.
3540 3075 3805 3170 Discipuli

2242 3166 2370 3219 vero
2412 3166 2467 3221 in
2501 3167 2736 3227 Calilacze
2782 3188 3036 3234 montana
3087 3184 3334 3251 profecti,
3385 3189 3457 3244 ibi
3508 3166 3798 3249 Dominum

2237 3264 2483 3310 nostrum
2511 3258 2790 3318 Christum
2835 3282 3232 3340 convenerunt,
3277 3279 3370 3346 qui
3408 3281 3539 3346 ipsis
3575 3283 3803 3341 benedi-

2232 3360 2365 3402 cens
2405 3352 2457 3405 iu
2511 3355 2774 3410 mundum
2823 3361 2989 3428 misit,
3033 3373 3093 3420 ut
3143 3367 3394 3424 homines
3432 3373 3498 3426 ad
3547 3375 3712 3431 ﬁdem
3745 3380 3795 3432 in

2230 3436 2467 3512 Patrem,
2503 3442 2722 3513 Filium,
2767 3457 2820 3503 et
2852 3451 3111 3520 Spiritum
3163 3445 3414 3514 sanctum
3463 3461 3787 3523 invitarent.

2224 3716 2566 3785 congregatis
2594 3719 2874 3788 discipulis
2912 3723 2966 3777 in
2993 3727 3276 3781 cmuaculo
3305 3727 3527 3786 Sibonis
3555 3733 3787 3792 desce-

2225 3807 2304 3860 dit
2337 3808 2394 3862 in
2421 3810 2570 3880 ipsos
2609 3813 2848 3882 Spiritus
2883 3827 3126 3884 sanctus,
3156 3821 3294 3876 adeo
3325 3832 3383 3878 ut
3416 3827 3675 3882 omnibus
3712 3831 3786 3883 lo-

2223 3905 2521 3967 querentur
2552 3902 2772 3975 linguis.
2811 3905 3068 3978 Discipuli
3100 3921 3280 3967 autem
3319 3916 3563 3982 quotidie
3595 3925 3781 3990 sepul-

2220 4003 2370 4043 crum
2398 3999 2451 4045 et
2481 3991 2660 4048 locum
2714 3996 2892 4052 crucis
2931 3999 3174 4054 adibant.
3221 4001 3476 4060 AtJudai
3504 4009 3617 4060 viso
3643 4010 3775 4076 quid

2219 4079 2460 4136 fecerunt
2480 4082 2754 4156 discipuli,
2781 4088 3058 4154 dixerunt,
3084 4089 3258 4147 Locus
3281 4094 3384 4148 iste
3404 4111 3510 4151 non
3535 4102 3776 4153 occulta—

2216 4170 2382 4235 bitur,
2426 4171 2775 4246 futurumque
2805 4187 2890 4233 est
2935 4189 2993 4233 ut
3024 4181 3077 4236 in
3127 4181 3247 4250 ipso
3280 4181 3569 4258 [erigatur]
3600 4189 3766 4245 ediﬁ-

2212 4260 2388 4330 cium;
2435 4264 2655 4332 pulvere
2696 4282 2825 4337 ergo
2870 4268 3122 4324 obrutum
3161 4272 3498 4344 obtegamus,
3533 4293 3600 4332 ne
3639 4283 3765 4349 quis

2212 4354 2386 4423 ipsum
2408 4358 2727 4427 conspiciat,
2751 4368 2847 4416 aut
2867 4362 3034 4418 ullum
3061 4363 3161 4433 ipsi
3188 4366 3470 4435 vestigium
3494 4373 3758 4440 supersit;

2212 4447 2450 4514 quandiu
2481 4448 2625 4503 enim
2659 4449 2908 4510 homines
2943 4455 3252 4524 sepulcrum
3278 4471 3507 4514 vacuum
3530 4477 3757 4532 conspe-

2190 4537 2412 4603 xerint,
2461 4540 2721 4597 credituri
2776 4555 2924 4611 sunt,
2971 4562 3036 4602 ac
3081 4549 3240 4606 ﬁdem
3287 4554 3757 4625 adltibituri,-‘quo

2207 4637 2368 4696 pacto
2420 4631 2769 4702 abrogabitur
2828 4638 2986 4695 nobis
3043 4642 3236 4712 religio
3294 4656 3500 4700 nostra.
3554 4645 3748 4701 Locum

2199 4728 2329 4782 ergo
2355 4717 2576 4786 pulvere
2629 4722 2976 4794 obtexerunt,
3024 4729 3158 4785 adeo
3198 4741 3256 4786 ut
3303 4748 3557 4805 magnum
3605 4736 3750 4792 ﬁeret

2198 4810 2612 4865 stercorarium.

2269 4878 2435 4952 Porro
2458 4897 2664 4956 Pilatus
2687 4900 2963 4962 Tiberium
2995 4922 3172 4978 regem
3196 4911 3264 4966 de
3290 4913 3452 4969 rebus
3479 4915 3543 4969 ad
3576 4915 3747 4970 Domi-

2196 5001 2324 5039 nmn
2375 4995 2622 5045 nostrum
2661 4993 2939 5050 Christum
2989 5001 3359 5067 spectantibus
3405 5020 3499 5074 per
3545 5007 3742 5062 litteras

2192 5077 2355 5151 324
2381 5083 2671 5140 certiorem
2697 5085 2848 5152 fecit,
2872 5104 2975 5143 nec.
3004 5106 3110 5164 non
3141 5093 3210 5148 de
3238 5095 3525 5168 discipulis
3555 5101 3738 5168 ipsius,

2193 5172 2484 5243 multisque
2541 5192 2664 5245 qua:
2717 5179 2788 5233 ab
2845 5179 2981 5250 ipsis
3039 5191 3393 5253 patrarentur
3445 5191 3733 5257 miraculis,

2189 5273 2418 5330 aegrotos
2448 5269 2714 5331 sanando.
2759 5283 3004 5328 mortuos
3049 5277 3425 5334 resuscitando
3453 5299 3467 5345 ;
3497 5282 3586 5351 qui
3619 5298 3732 5353 pro-

2189 5364 2370 5422 pterea
2409 5357 2462 5411 in
2494 5357 2767 5414 Christum
2793 5363 3079 5419 Dominum
3111 5379 3356 5424 nostrum
3394 5373 3614 5429 credere
3643 5389 3728 5430 vo-

2188 5442 2306 5508 luit,
2335 5461 2397 5501 ac
2423 5449 2735 5520 religionem
2764 5452 3125 5510 Christianam
3161 5459 3438 5527 publicare
3463 5480 3480 5527 ;
3503 5473 3555 5517 at
3582 5465 3723 5534 sequi

2187 5532 2242 5588 in
2276 5538 2376 5589 hoc
2411 5539 2590 5608 ipsum
2623 5544 2911 5599 noluerunt
2941 5550 3166 5604 comites
3192 5553 3385 5620 ipsius.
3417 5554 3606 5610 Herodi
3633 5571 3722 5610 su-

2183 5631 2290 5678 tem
2324 5625 2496 5683 iratus
2527 5637 2634 5694 est,
2677 5635 2820 5702 quod
2857 5635 3146 5706 Joannem,
3197 5638 3518 5701 Herodiadis
3547 5646 3717 5702 fratris

2181 5715 2265 5768 sui
2292 5717 2478 5772 uxoris
2509 5723 2708 5790 gratia,
2746 5725 3132 5797 interfecisset,
3158 5741 3212 5788 et
3243 5748 3368 5789 cum
3403 5736 3540 5806 ipsa,
3569 5738 3637 5792 illi
3663 5737 3714 5792 vi

2180 5805 2387 5874 ablata,
2423 5817 2670 5881 stuprum
2703 5819 3087 5888 commisisset,
3119 5827 3375 5898 quietique
3418 5805 3486 5884 de
3509 5828 3709 5884 Christo

3901 5641 3909 5820 Ι

3883 5887 3909 6167 l
