3950 6348
228 343 322 401 981

227 541 276 594 in
309 539 618 607 Hispaniam
645 539 933 608 relegavit,
971 541 1293 608 praefectura
1329 543 1502 610 ipsius
1545 543 1595 595 in
1630 545 1774 596 Pila.

226 639 332 682 tum
360 629 576 682 collata.
606 626 681 679 Eo
710 639 966 697 regnante
1000 633 1218 684 condita
1248 641 1330 686 est
1358 633 1487 686 urbs
1512 631 1778 700 Tiberius,

224 723 296 775 ita
327 722 391 775 de
441 722 654 774 nomine
689 721 891 776 Tiberii
933 725 1277 792 imperatoris
1313 727 1606 796 appellata.
1638 726 1781 782 Obiit

224 811 415 865 deinde
473 810 720 867 Tiberius
767 813 970 879 Ca'sar,
1029 827 1312 884 p05tquam
1369 833 1542 873 annos
1593 820 1778 889 viginti

225 905 380 960 tinos.
413 917 476 957 ac
507 918 744 958 mensem
783 920 949 958 unum
1000 919 1278 973 regnasset
1314 923 1329 962 :
1365 919 1622 977 regnante
1659 921 1779 979 post

224 994 395 1060 ipsum
455 991 588 1045 Caio
637 991 874 1056 Caesare,
932 1009 1102 1051 annos
1156 1007 1392 1064 quatuor
1430 1012 1554 1051 cum
1606 1000 1780 1053 tribus

225 1084 520 1146 mensibus,
557 1085 672 1137 viro
723 1085 960 1139 moribus
1008 1085 1157 1149 feris,
1208 1090 1466 1156 superbo,
1515 1103 1578 1140 ac
1627 1087 1781 1143 valde

225 1190 474 1243 nequam.
519 1174 612 1228 liic
667 1176 896 1231 Pilatum
950 1178 1176 1231 Romam
1234 1181 1558 1233 accersitum
1607 1190 1782 1236 morte

224 1269 493 1322 multavit.
531 1269 772 1338 Prolapsi
805 1279 985 1324 autem
1020 1270 1188 1325 Judaei
1223 1272 1290 1325 ad
1327 1273 1586 1340 majorem
1618 1289 1778 1342 quam

222 1375 327 1426 qua
376 1372 532 1414 antea
585 1361 796 1414 fuerant
829 1363 1145 1439 nequitiam,
1177 1379 1298 1416 cum
1338 1366 1388 1418 in
1423 1365 1571 1433 ipsos
1603 1365 1775 1420 irrue-

225 1458 341 1515 rent
377 1449 630 1513 Romani,
667 1467 912 1519 magnam
969 1467 1154 1506 eorum
1188 1465 1420 1523 stragem
1455 1455 1775 1520 ediderunt;

218 1541 376 1608 cujus
401 1556 523 1594 cum
554 1544 618 1594 ad
651 1543 838 1602 Caium
871 1542 1140 1596 Caesarem
1177 1546 1560 1612 imperatorem
1590 1562 1780 1614 pervc-

217 1632 387 1684 nisset
424 1631 586 1695 fama,
614 1633 702 1684 ille
734 1647 953 1684 suorum
979 1633 1285 1706 quemdam,
1318 1634 1535 1687 nomine
1562 1633 1779 1688 lrtttlum

216 1719 513 1771 Aristobnli
566 1719 755 1784 lilium,
783 1721 873 1787 qui
917 1728 971 1773 et
1020 1720 1292 1788 Agrianus
1341 1724 1647 1791 appellatus
1675 1734 1778 1789 est,

217 1809 609 1879 llierOsolymis
639 1809 900 1876 prmfecit,
951 1810 1149 1864 additis
1181 1813 1341 1864 etiam
1376 1823 1612 1880 quatuor
1656 1832 1783 1885 pro-

217 1902 414 1954 vinciis
446 1917 584 1969 quas
632 1901 884 1964 Herodis,
929 1902 1019 1955 lilii
1064 1902 1360 1972 Antipatri,
1401 1905 1496 1958 lilii
1538 1908 1678 1961 inter
1723 1926 1780 1964 se

215 1993 398 2061 partiti
461 1992 814 2062 325-327
865 1992 1100 2046 fuerant.
1163 1993 1287 2047 Fuit
1347 1996 1622 2063 Agrianus
1682 1999 1781 2054 istc

215 2094 396 2144 prava:
448 2081 904 2143 conversationis,
953 2096 1015 2134 ac
1069 2081 1248 2136 multa:
1303 2086 1546 2139 malitiae-
1582 2090 1683 2152 vir,
1727 2091 1778 2142 in

215 2169 513 2239 discipulos
566 2169 942 2226 crudelitatem
994 2172 1324 2246 [exercens].
1373 2174 1465 2230 llle
1511 2192 1652 2242 erat,
1687 2182 1777 2250 qui

215 2264 549 2333 Stephanum
588 2274 876 2333 martyrem
912 2274 966 2319 et
997 2267 1344 2321 tliaconornm
1379 2270 1683 2339 principem
1711 2289 1776 2327 ac

212 2357 449 2427 primunt
481 2357 746 2430 lapidibus
771 2359 1023 2412 obrutum
1061 2359 1368 2426 interfecit;
1402 2365 1601 2431 quique
1624 2363 1780 2420 Jaco-

213 2449 339 2502 bum
368 2447 593 2502 Joannis
615 2448 832 2502 fratrem
858 2449 1096 2504 Zchedwi
1119 2451 1285 2505 lilium
1315 2453 1495 2522 gladio
1517 2456 1737 2510 sustulit
1761 2474 1776 2524 ;

211 2540 542 2610 Petrumque.
575 2542 626 2594 in
660 2557 936 2596 carcerem
972 2543 1280 2609 conjectum
1313 2559 1344 2599 e
1376 2545 1556 2600 medio
1587 2547 1777 2601 tollere

211 2631 264 2686 iu
299 2633 483 2686 animo
513 2633 921 2704 habuitpquem
954 2644 1132 2689 tamen
1167 2650 1269 2706 0pc
1299 2652 1395 2690 sua
1433 2635 1577 2690 Deus
1602 2655 1632 2693 e
1664 2655 1778 2691 ma-

210 2725 376 2780 nibus
397 2726 514 2794 ejus
535 2727 776 2796 eripuit;
811 2730 903 2796 qui
929 2731 996 2782 ab
1024 2729 1141 2794 ipso
1171 2729 1508 2784 Antiochiam
1540 2729 1774 2801 fugiens,

209 2817 504 2872 Arcadium
553 2819 857 2872 Antiochia:
904 2819 1270 2887 patriarcham
1322 2820 1631 2884 constituit,
1685 2823 1774 2875 cui

213 2925 389 2966 annos
416 2910 605 2978 viginti
642 2919 848 2980 septem
883 2910 1120 2980 przefuit.
1151 2913 1328 2979 Atque
1358 2912 1448 2966 hic
1480 2913 1689 2979 primus
1720 2914 1774 2968 in

209 3005 344 3059 urbe
367 3003 673 3057 Antiochiae
708 3002 1012 3072 patriarcha
1043 3002 1219 3058 factus
1241 3012 1344 3058 εει.
1379 3003 1664 3058 Proiectus
1691 2990 1774 3059 est

1645 344 2007 405 ANNALES.

225 447 484 502 cruciﬁxo
515 447 736 514 gavisus
771 456 947 509 esset;
982 464 1150 516 quare
1197 450 1424 503 Romam
1464 452 1783 505 accersitum
1817 449 1857 504 A
1891 452 2232 509 Antiochiam
2263 496 2274 518 ,

2350 457 2486 510 alios
2553 457 2773 510 Romam
2839 462 3077 529 captivos
3147 463 3441 518 abducens.

1957 541 2126 598 Porro
2170 561 2313 600 anno
2360 547 2572 602 Claudii
2624 548 2856 603 Caesaris
2905 567 3068 614 nono,
3116 553 3443 617 evangelista

1889 633 2100 690 Marcus
2133 637 2185 690 itt
2237 638 2372 691 urbe
2417 640 2758 694 Alexandriae
2805 640 3051 693 homines
3101 644 3162 695 ad
3197 645 3352 697 fidem
3392 647 3446 698 itt

1887 725 2165 780 Christum
2202 727 2486 782 Dominum
2538 739 2784 784 nostrum
2839 731 3082 784 inritavit
3123 751 3135 784 :
3188 735 3285 801 qui
3318 735 3443 786 dttttt

1887 817 2076 870 urbem
2118 819 2512 885 perambularet
2547 822 2798 878 diﬂracta
2847 833 2930 878 est
2975 824 3075 892 ipsi
3122 825 3286 878 calcei
3323 843 3446 878 cor-

1886 907 2063 975 rigia;
2097 923 2266 975 quare
2299 911 2361 962 ad
2383 919 2621 967 sutorem
2657 917 2874 970 nomine
2895 915 3198 969 Hananiam
3234 933 3290 969 se
3323 931 3450 969 con-

1885 999 2025 1063 tulit,
2060 1001 2150 1068 qui
2189 1002 2428 1055 calceum
2474 1002 2644 1072 ipsius
2694 1006 2955 1062 reficeret.
2993 1008 3095 1077 ille
3139 1009 3332 1062 subula
3385 1008 3449 1059 ad

1890 1089 2273 1157 perforandum
2312 1093 2553 1146 calceum
2589 1102 2826 1163 sumpta,
2861 1111 2984 1149 cum
3027 1097 3254 1165 digitum
3291 1113 3448 1150 suum

1887 1179 2242 1247 perforasset.
2299 1184 2435 1238 adeo
2480 1193 2538 1237 ut
2596 1187 2824 1238 multum
2870 1186 3115 1241 elllueret
3165 1187 3450 1253 sanguinis

1889 1287 1988 1325 nec
2017 1273 2137 1328 sine
2194 1273 2377 1329 dolore
2409 1275 2632 1343 ingenti,
2665 1277 2716 1330 in
2753 1275 2992 1331 Marcum
3037 1278 3448 1332 sulnnurmura-

1886 1362 1960 1414 vit
1995 1380 2008 1414 :
2049 1364 2133 1416 ctti
2170 1380 2297 1433 ergo
2339 1365 2554 1420 Marcus
2595 1385 2614 1421 :
2642 1365 2699 1421 Si
2743 1366 3060 1428 credideris.
3094 1367 3445 1437 329-331

1887 1453 2082 1521 inquit,
2121 1457 2170 1508 in
2215 1455 2399 1511 Jesum
2437 1458 2714 1514 Christum
2767 1460 2962 1514 Filium
3011 1460 3122 1523 Dei,
3174 1463 3453 1514 Sanaltitur

1887 1545 2088 1610 digitus
2122 1559 2244 1618 tuus
2287 1567 2299 1601 :
2334 1565 2398 1603 ac
2441 1551 2707 1619 prehenso
2750 1544 2924 1619 ipsius
2966 1551 3154 1620 digito,
3189 1534 3362 1604 dixitt'
3393 1551 3450 1602 ln

1889 1637 2105 1689 nomine
2134 1639 2262 1692 Jesu
2293 1640 2496 1694 Christi
2522 1649 2746 1696 sanetur
2778 1643 2980 1712 digitus
3010 1655 3133 1724 tuus
3161 1660 3175 1708 ;
3200 1643 3289 1710 qni
3320 1657 3450 1704 ergo

1889 1725 2076 1776 eodem
2126 1737 2404 1780 momento
2441 1730 2495 1782 in
2538 1732 2827 1784 sanitatem
2873 1731 3158 1784 restitutus
3189 1740 3291 1792 est,
3326 1744 3450 1784 San-

1889 1814 2049 1881 guine
2083 1816 2318 1882 amplius
2367 1831 2471 1871 ncn
2505 1818 2778 1872 eliluente.
2832 1818 3071 1871 Credidit
3108 1835 3237 1887 ergo
3271 1821 3338 1872 ab
3384 1835 3447 1872 eo

1887 1913 2129 1974 tempore
2183 1907 2458 1962 ilananias
2507 1909 2560 1962 in
2615 1909 2915 1973 Christum,
2971 1910 3112 1962 unde
3156 1911 3448 1978 baptizavit

1884 2012 2004 2048 eum
2038 1996 2256 2051 Marcus
2287 2009 2340 2050 et
2370 1998 2712 2053 Alexandria:
2752 1999 3118 2065 patriarcham
3145 2002 3444 2054 constituit.

1884 2083 2114 2154 Fuitque
2148 2089 2193 2142 is
2229 2088 2664 2154 patriarcharum
2706 2089 2796 2156 qui
2832 2089 3172 2142 Alexandria:
3208 2091 3444 2157 przelccti

1882 2185 2004 2229 sunt
2035 2176 2264 2244 primus.
2297 2175 2596 2231 Constituit
2633 2187 2811 2232 autem
2849 2179 3179 2249 evangelista
3215 2177 3446 2242 Marcus,

1882 2281 1987 2318 una
2018 2280 2141 2320 cum
2185 2266 2429 2321 llanania
2462 2268 2797 2336 patriarcha,
2831 2268 3124 2323 duodecim
3166 2269 3451 2338 presbyte-

1885 2371 1993 2421 ros,
2021 2357 2110 2423 qui
2158 2372 2351 2426 nempe
2379 2372 2502 2411 cum
2543 2359 2848 2426 patriarcha
2880 2373 3183 2425 manerent,
3221 2361 3356 2413 adeo
3390 2369 3449 2414 nt

1881 2463 2004 2503 cum
2033 2458 2246 2504 vaearet
2273 2449 2698 2520 patriarchatus,
2724 2464 2890 2503 unum
2917 2464 2947 2504 e
2996 2450 3283 2504 duodecim
3321 2465 3443 2518 pre-

1881 2541 2113 2612 sbyteris
2131 2541 2414 2612 eligerent,
2436 2543 2594 2609 cnjtts
2623 2524 2785 2612 capiti
2820 2543 3013 2612 reliqui
3043 2543 3291 2598 undecim
3331 2560 3445 2598 ma-

1881 2649 1985 2686 nus
2015 2633 2357 2702 imponentes
2396 2633 2501 2702 ipsi
2557 2633 2944 2688 benetlicerent
2986 2643 3040 2687 et
3081 2634 3446 2702 patriarcham

1880 2733 2171 2789 crearent;
2221 2724 2419 2779 deinde
2454 2724 2631 2778 virum
2687 2725 2920 2794 aliquem
2976 2725 3242 2794 insignem
3282 2727 3450 2796 elige-

1880 2822 2000 2869 rent
2042 2830 2200 2884 quem
2246 2831 2430 2871 secum
2467 2816 2840 2887 presbyterum
2889 2817 3291 2870 constituerent
3326 2818 3446 2870 loco

1880 2907 1998 2976 ejus
2025 2909 2116 2977 qui
2143 2907 2318 2963 factus
2349 2919 2431 2964 est
2460 2908 2796 2977 patriarcha,
2825 2916 2885 2961 ut
2918 2909 2991 2962 ita
3021 2924 3231 2976 semper
3260 2918 3446 2962 exsta-

1879 3005 2003 3052 rent
2035 2998 2344 3054 dnodecim.
2394 2998 2582 3068 Neque
2629 2999 2790 3054 desiit
2834 2997 3176 3053 Alexandriae
3225 3002 3446 3054 institu-

205 3093 406 3154 deiude
431 3093 624 3150 Petrus
653 3091 904 3160 Romam,
931 3093 1074 3162 quod
1102 3109 1245 3148 anno
1271 3094 1419 3166 regni
1451 3093 1567 3148 Caii
1598 3094 1778 3149 Cursa-
1806 3105 1849 3163 ο
1884 3093 1997 3140 tum
2028 3087 2131 3140 hoc
2153 3087 2221 3141 de
2242 3087 2594 3157 presbyteris,
2617 3087 2910 3150 utscilicet
2937 3088 3275 3156 patriarchas
3297 3105 3450 3144 crcao

211 3183 289 3237 ris
336 3183 576 3237 secundo
614 3182 866 3254 contigit.
925 3183 1115 3237 Incidit
1163 3193 1348 3238 autem
1398 3184 1671 3254 Agriantts
1719 3185 1776 3239 in

209 3270 494 3324 morbutn-
524 3286 766 3340 gravem,
822 3286 934 3340 quo
983 3281 1308 3342 consumpta
1365 3289 1532 3330 carne
1581 3274 1774 3344 ipsius,

210 3371 378 3431 atque
409 3362 681 3417 exsiccata
707 3377 956 3432 corpore,
1003 3371 1252 3419 mortuus
1277 3372 1380 3418 est.
1417 3363 1619 3420 Audito
1646 3380 1778 3436 ergo

209 3453 507 3524 Agrianum
534 3461 806 3508 mortuum
835 3469 976 3516 esse,
995 3453 1159 3508 alium
1181 3453 1235 3508 in
1263 3453 1440 3508 locum
1468 3456 1585 3524 ejus
1615 3455 1779 3511 suile-

208 3547 289 3599 cit
343 3545 506 3600 Caius
562 3546 902 3615 imperator,
964 3546 1184 3601 nomine
1238 3547 1402 3601 etiam
1453 3548 1776 3619 Agrianum,

209 3651 374 3705 quem
412 3635 782 3708 Hierosolyma
819 3637 998 3693 misit.

284 3724 456 3781 Porro
479 3743 621 3781 anno
650 3728 801 3795 regni
837 3727 1010 3797 ipsius
1035 3727 1280 3782 secundo
1311 3727 1488 3783 factus
1514 3741 1596 3784 est
1616 3729 1781 3785 Jaco-

214 3820 321 3874 bus
349 3817 573 3889 Iosephi
612 3819 775 3884 filius,
810 3821 905 3890 qui
935 3829 989 3874 et
1018 3819 1187 3875 frater
1227 3804 1641 3877 Dumininostri
1682 3839 1780 3893 ap-

213 3913 470 3979 pellatur,
512 3911 799 3981 episcopus
846 3909 1395 3982 Hierosolymitanus,
1426 3912 1518 3984 qui
1569 3914 1781 3983 primus

213 4001 345 4056 huic
375 3999 584 4056 muneri
622 3997 1009 4072 Hierosolymis
1034 3999 1325 4070 praefectus
1349 4009 1453 4064 est,
1479 4016 1590 4072 quo
1611 4014 1782 4058 annos

212 4092 408 4163 viginti
462 4100 585 4148 octo
633 4091 858 4147 functus
903 4101 1008 4148 est.
1065 4091 1263 4147 Gravia
1313 4100 1495 4148 autem
1546 4093 1704 4148 valde
1750 4107 1781 4147 a

212 4182 418 4239 Iudaeis
468 4194 523 4239 et
572 4182 833 4239 Romanis
886 4183 1030 4252 passi
1088 4193 1218 4238 sunt
1266 4183 1542 4254 discipuli,
1599 4179 1811 4240 multis

215 4277 463 4346 ipsorum
495 4286 669 4331 morte
693 4276 925 4331 aﬂ'ectis.
957 4276 1169 4331 Mortuo
1190 4284 1371 4332 autem
1394 4276 1526 4331 Caio
1547 4276 1780 4343 Caesare,

214 4367 402 4422 Romae
431 4377 554 4436 post
588 4367 765 4436 ipsum
797 4365 1085 4436 imperavit
1114 4365 1280 4437 328
1311 4364 1574 4422 Claudius
1599 4365 1782 4420 Caesar

1879 3187 2003 3232 rent
2032 3193 2097 3232 ex
2142 3178 2476 3250 presbyteris
2515 3178 2826 3241 duodecim,
2877 3195 3050 3248 usque
3093 3181 3158 3232 ad
3207 3191 3448 3250 tempora

1880 3269 2170 3324 Alexandri
2211 3269 2538 3340 patriarcha:
2573 3269 2951 3334 Alexandrini,
2985 3271 3076 3340 qui
3121 3255 3314 3334 fuitlx
3343 3289 3444 3325 nu-

1879 3375 2030 3416 mero
2063 3361 2156 3414 illo
2179 3370 2546 3416 trecentorum
2570 3369 2624 3416 et
2650 3361 2974 3416 octodecim.
3002 3361 3055 3416 is
3081 3372 3257 3416 autem
3278 3365 3449 3416 vetuit

1883 3468 1952 3508 ne
2001 3451 2259 3522 deinceps
2295 3451 2667 3521 patriarcham
2717 3452 3022 3522 presbyteri
3069 3463 3336 3509 crearent.
3385 3455 3450 3508 Et

1880 3544 2120 3599 decrevit
2148 3554 2206 3598 ιιι
2237 3551 2452 3598 mortuo
2480 3543 2793 3613 patriarcha
2823 3543 3180 3600 convenirent
3206 3546 3444 3614 episcopi

1881 3637 1973 3706 qtti
2015 3637 2379 3707 patriarcham
2414 3637 2752 3692 ordinarent.
2787 3636 3039 3691 Decrevit
3079 3637 3207 3692 item
3247 3648 3321 3697 ut.
3353 3647 3463 3692 va—"

1882 3738 2043 3784 cante
2081 3729 2242 3800 332
2271 3729 2666 3799 patriarcham,
2713 3729 2979 3798 eligerent
3009 3745 3073 3783 ex
3123 3746 3449 3799 quacunque

1883 3819 2104 3874 tandem
2139 3821 2376 3889 regione,
2409 3819 2524 3875 sive
2553 3834 2618 3873 ex
2643 3818 2930 3873 duodecim
2965 3819 3073 3873 illis
3100 3820 3448 3888 presbyteris.

1883 3911 1997 3967 sive
2031 3912 2173 3974 aliis,
2195 3911 2381 3964 virum
2410 3911 2646 3981 aliquem
2679 3910 2964 3974 eximium,
2998 3920 3294 3980 perspecta:
3325 3927 3450 3979 pru-

1884 4002 2088 4067 bitatis,
2137 4018 2375 4072 eumque
2427 4001 2797 4071 patriarcham
2838 4014 3106 4056 crearent.
3160 4005 3329 4069 Atque
3377 4004 3451 4055 ita

1885 4097 2105 4152 evanuit
2134 4096 2444 4150 institutum
2479 4094 2610 4149 illttd
2662 4095 2961 4164 antiquius,
3011 4111 3120 4164 quo
3153 4096 3324 4149 creari
3363 4111 3452 4148 so-

1885 4188 2013 4243 litus
2037 4203 2065 4240 a
2091 4187 2424 4258 presbyteris
2452 4187 2761 4257 patriarcha
2787 4227 2802 4250 ,
2832 4197 2880 4241 et
2907 4188 3170 4242 successit
3187 4187 3238 4242 in
3268 4189 3451 4240 locum

1884 4280 2004 4349 ejus
2035 4280 2312 4334 decretum
2346 4279 2413 4334 de
2447 4277 2758 4345 patriarcha
2790 4277 2858 4331 ab
2883 4278 3155 4347 episcopis
3189 4279 3447 4332 creando.

1885 4369 2040 4436 Quod
2071 4379 2251 4426 autem
2279 4376 2532 4439 quaerunt
2570 4361 2886 4441 [nonnulli],
2917 4367 3101 4434 Quare
3141 4370 3450 4436 patriarcha

213 4473 392 4513 annos
422 4457 854 4528 quatuordecim,
891 4473 1000 4525 quo
1045 4457 1348 4526 imperante
1377 4455 1552 4512 fames
1586 4472 1780 4527 magna
1806 4479 1861 4538 Β
1887 4461 2287 4516 Alexandrinus
2319 4467 2544 4515 vocetur
2588 4459 2728 4528 Papa
2782 4458 2961 4528 (cujus
2992 4460 3228 4513 nominis
3283 4459 3449 4527 signi-

215 4561 271 4607 et
307 4550 488 4621 gravis
515 4565 609 4620 per
637 4557 808 4604 totum
838 4550 1024 4604 orbem
1071 4547 1196 4612 fuit,
1227 4549 1386 4614 cujus
1417 4549 1778 4614 vehementia,

215 4652 272 4697 et
322 4652 471 4711 peste
523 4640 722 4695 mortui
773 4649 900 4695 sunt
949 4640 1220 4696 homines.
1271 4638 1526 4709 Ejusdem
1572 4639 1781 4694 Claudii

219 4740 466 4802 tempore
489 4729 707 4798 scripsit
735 4728 1017 4784 Mattheus
1046 4727 1435 4800 Evangeliuum
1467 4744 1626 4783 suunt
1657 4727 1785 4784 Ilie-

219 4825 530 4895 rosolyntis,
593 4824 781 4894 lingua
834 4823 1120 4889 Hebraica,
1173 4823 1319 4894 quod
1375 4821 1566 4879 Graece
1619 4824 1782 4879 vertit

215 4915 457 4972 Joannes
510 4914 864 4984 evangelista.
914 4914 1083 4969 Porro
1137 4913 1308 4969 Judaei
1361 4914 1575 4984 pejores
1620 4929 1782 4984 quam

219 5009 436 5063 fuerant
461 5015 516 5062 et
543 5008 920 5064 sceleratiores
943 5015 1258 5071 evaserunt,
1289 5007 1424 5079 adeo
1443 5015 1500 5060 ut
1526 5007 1618 5061 alii
1649 5007 1785 5061 alios

222 5100 276 5154 in
309 5100 497 5170 plateis
543 5109 599 5153 et
631 5099 862 5167 campis,
896 5113 1004 5167 qua
1062 5106 1216 5152 erant
1268 5099 1506 5165 nequitia
1543 5108 1597 5154 et
1628 5100 1786 5153 mali-

221 5199 320 5258 tia,
351 5179 684 5246 ceciderent.
717 5191 984 5260 Agrianus
1009 5204 1139 5259 ergo
1168 5187 1666 5260 Hierosolymorum
1699 5208 1785 5246 re—

183 5270 185 5272 i
217 5284 411 5353 gimini
443 5283 730 5354 quemdam
764 5282 987 5337 nomine
1017 5280 1235 5336 Festum
1271 5281 1595 5350 praticiens,
1628 5297 1688 5338 se
1718 5283 1785 5337 ab

223 5375 355 5445 ipsis
381 5374 609 5430 Romam
647 5374 772 5444 luga
803 5375 1087 5443 proripuit,
1119 5390 1230 5445 quo
1259 5390 1383 5429 cum
1419 5375 1784 5445 pervenisset,

222 5467 451 5522 Claudio
500 5466 702 5522 Caesari
756 5465 1110 5536 imperatori,
1165 5481 1412 5536 quaenam
1467 5476 1786 5521 exercerent

225 5561 428 5617 scelera
465 5559 659 5625 Judaei.
697 5555 958 5617 narravit.
991 5559 1094 5626 Qui
1125 5575 1276 5630 ergo,
1309 5560 1554 5616 exercitu
1589 5574 1787 5628 magno

232 5650 598 5724 Hierosolyma
632 5651 1170 5718 missoJudaorum,
1221 5667 1326 5707 una
1372 5667 1494 5707 cum
1541 5653 1782 5722 ipsorum

227 5744 487 5801 uxoribus
531 5754 585 5800 et
618 5745 824 5814 liberis,
857 5744 1056 5802 multos
1103 5743 1416 5808 interfecit;
1455 5745 1587 5800 :tlics
1621 5746 1782 5800 etiam

1885 4551 2078 4607 licattts
2099 4564 2202 4612 est.
2229 4550 2419 4615 avus)?
2442 4549 2747 4621 [sciendum
2770 4547 2875 4621 est]
2905 4551 2972 4604 ab
2997 4550 3262 4608 Hanania.
3288 4567 3448 4619 quem

1885 4642 2169 4696 constituit
2205 4641 2419 4695 Marcus
2448 4641 2784 4710 evangelista
2818 4640 3184 4710 patriarcham
3215 4641 3449 4694 Alexan-

1885 4731 2036 4794 drize,
2063 4746 2235 4801 usque
2262 4731 2314 4784 in
2344 4739 2586 4798 tempora
2622 4728 2876 4784 Demetrii
2905 4729 3223 4798 patriarchae
3255 4721 3504 4783 ibidem"

1889 4823 1957 4892 (is
1983 4823 2292 4892 patriarcha
2321 4822 2425 4876 fuit
2445 4822 2852 4877 Alexandrinus
2875 4821 3217 4889 undecimus)
3243 4822 3448 4874 nullum

1888 4913 2061 4969 fuisse
2106 4913 2160 4967 in
2211 4914 2504 4983 provinciis
2549 4913 2766 4982 Egypti
2814 4912 3169 4981 episcopum;
3221 4903 3318 4964 nec
3353 4927 3448 4979 pa-

1888 5005 2140 5060 triarcha:
2174 5015 2302 5059 ante
2339 5019 2462 5059 eum
2495 5012 2757 5058 crearunt
2790 5003 3101 5072 episcopos.
3145 5002 3239 5054 ille
3266 5009 3447 5055 autem

1890 5098 2070 5152 factus
2104 5097 2412 5167 patriarcha
2452 5105 2561 5149 tres
2589 5095 2878 5150 constituit
2907 5095 3210 5162 episcopos.
3237 5091 3301 5144 Et
3332 5093 3444 5159 pri-

1889 5206 2010 5244 mus
2043 5189 2147 5244 fuit
2186 5189 2272 5243 hic
2314 5186 2627 5258 patriarcha
2677 5185 3080 5242 Alexandrinus
3109 5184 3204 5252 qui
3236 5184 3449 5250 episco-

1889 5297 1986 5354 pos
2009 5281 2156 5338 fecit.

1954 5373 2164 5428 Mortuo
2201 5372 2472 5428 Demetrio
2501 5369 2758 5426 suffectus
2787 5374 2871 5421 est
2902 5366 3160 5421 lieraclas
3205 5365 3440 5434 patriar-

1886 5469 1986 5523 cha
2020 5465 2436 5525 Alexandrinus,
2469 5462 2559 5532 qui
2591 5460 2875 5529 episcopos
2909 5458 3196 5512 constituit
3226 5455 3436 5524 viginti.

1891 5562 1964 5616 Ex
1992 5563 2075 5616 his
2105 5577 2247 5616 unus
2277 5570 2413 5623 erat,
2451 5557 2773 5610 Ammonius
2802 5555 3002 5619 dictus,
3043 5551 3316 5619 religionis
3354 5552 3444 5601 dc-

1891 5661 2087 5708 sertur.
2143 5650 2215 5705 De
2248 5665 2354 5718 quo
2386 5647 2548 5703 simul
2586 5661 2651 5701 ac
2676 5647 2742 5702 ad
2810 5645 3088 5699 llcraclam
3137 5641 3312 5694 delata
3367 5653 3450 5692 est

1895 5744 2059 5807 fama,
2094 5739 2440 5811 congregavit
2475 5737 2519 5793 is
2555 5735 2821 5799 synodum
2849 5734 3225 5802 episcoporum
3258 5768 3272 5790 ,
3309 5736 3360 5781 et
3395 5728 3447 5779 in
