3950 6348
498 206 604 270 983

1513 210 1872 273 EUTYCHII
1913 211 2444 276 ALEXANDlilNl
2490 219 2702 278 i'.-\Tll.
3621 222 3708 284 SB!

499 321 684 375 urbem
720 319 989 374 A'nmonii
1017 321 1276 392 perrexit,
1311 321 1403 376 ubi
1446 338 1502 380 re
1543 325 1678 379 satis
1735 323 1954 395 cognita
2007 334 2061 378 ct

2171 330 2388 385 Oriente
2418 333 2612 396 fuerat,
2641 330 2858 384 nomine
2887 330 3296 401 Vespasianum,
3329 329 3510 394 misit,
3541 343 3595 384 ut
3623 337 3712 388 cola

499 424 776 480 perspecta
801 427 924 466 eum
961 413 1026 466 ad
1053 414 1332 468 veritatem
1359 415 1591 472 reduxit.
1637 415 1773 470 Cum
1804 430 1933 470 vero
1967 415 2067 469 ho-

500 502 671 557 mines
690 501 1290 574 audierantepisropos
1345 505 1616 560 vocitare'
1655 505 2022 571 patriarcham
2049 547 2065 572 ,

495 592 647 647 Abba
670 605 765 646 seu
790 591 1000 647 Patrem
1026 632 1041 656 ,
1075 593 1416 664 333-335
1443 597 1584 650 inter
1611 612 1670 651 se
1695 595 1883 651 dixere
1909 609 1924 647 :
1961 594 2070 650 Nos

496 682 818 754 episcopum
843 684 1137 753 quemlibet
1170 685 1348 752 Abba,
1376 701 1470 740 seu
1522 686 1735 742 Patrem
1763 725 1778 750 ,
1831 686 2068 755 appella-

495 781 722 852 mus,.et
750 775 1019 846 appellant
1047 776 1286 845 episcopi
1320 777 1686 846 patriarcham
1711 778 1888 834 Abba.
1916 776 2069 832 Unde

496 881 630 922 sane
659 875 872 938 oportet
904 878 963 923 ut
997 883 1256 925 vocemus
1286 885 1388 924 nos
1418 871 1784 941 patriarcham
1838 869 2064 939 Papam,

495 957 548 1011 id
581 966 684 1025 est,
705 961 915 1026 Arum;
952 976 1076 1015 cum
1107 961 1180 1016 sit
1206 959 1366 1017 Pater
1401 969 1634 1032 patrum.
1663 962 1740 1016 ita
1768 976 1798 1015 a
1825 973 2066 1030 tempore

497 1049 764 1115 iicraclae,
797 1049 1115 1121 patriarcha
1149 1054 1552 1109 Alexandrinus
1581 1053 1760 1108 dictus
1784 1062 1869 1108 est
1896 1049 2063 1118 Papa,

497 1140 674 1204 idest,
698 1144 866 1197 Arus.
905 1144 1196 1215 Postquam
1225 1152 1407 1198 autem
1433 1142 1716 1198 liananias
1748 1142 2064 1212 patriarcha

495 1231 926 1295 Alexandrinus,
946 1248 1108 1303 quem
1130 1231 1344 1287 Marcus
1368 1233 1700 1303 evangelista
1726 1233 1778 1287 in
1807 1232 1937 1288 sede
1966 1247 2065 1287 sua

496 1324 807 1390 constituit,
839 1339 1014 1380 annos
1047 1323 1267 1380 sederat
1297 1323 1489 1392 viginti
1520 1322 1651 1389 duo,
1680 1335 1932 1378 mortuus
1955 1331 2062 1378 est.

490 1416 558 1470 Et
585 1413 865 1486 profectus
897 1423 984 1485 est
1016 1415 1234 1472 Marcus
1262 1414 1596 1486 evangelista
1621 1417 1674 1469 in
1705 1414 1927 1469 Baream
1959 1453 1975 1480 ,
2009 1424 2065 1468 ut

491 1509 736 1562 homines
765 1506 831 1560 ad
867 1506 1024 1560 ﬁdem
1058 1507 1111 1561 in
1136 1506 1418 1566 Christum
1471 1505 1665 1561 Filium
1719 1505 1814 1561 Dei
1862 1505 2064 1560 invita-

490 1608 589 1652 ret.
619 1599 762 1654 Obiit
794 1599 919 1654 dein
943 1597 1207 1654 Claudius
1237 1599 1448 1663 Caesar,
1482 1600 1784 1668 imperator
1813 1636 1828 1661 ,
1856 1605 1912 1652 et
1963 1597 2063 1650 im-

491 1687 698 1755 peravit
726 1686 910 1742 Roma:
937 1698 1058 1758 post
1089 1703 1211 1742 eum
1243 1687 1391 1744 ﬁlius
1423 1690 1544 1758 ejus
1590 1685 1732 1742 Nero
1758 1686 1943 1742 Caesar
1971 1701 2069 1740 an-

490 1779 898 1841 nistredecim,
958 1779 1052 1847 qui
1113 1779 1325 1849 primus
1369 1778 1470 1834 fuit
1523 1779 1972 1848 gravissimorum
2013 1777 2066 1832 in

485 1869 836 1924 Christianos
867 1869 1136 1924 malorum
1161 1879 1375 1935 auctor,
1405 1869 1567 1924 homo
1593 1878 1783 1938 utpote
1845 1870 1899 1924 in
1934 1884 2068 1924 con-

488 1959 594 2012 silii
621 1967 675 2013 et
702 1957 824 2012 vitae
855 1959 1202 2015 instituendas
1246 1960 1458 2014 ratione
1488 1950 1954 2029 im'probissimus.
2001 1959 2069 2014 Et

490 2059 728 2120 tempore
755 2048 982 2117 Neronis
1037 2050 1290 2113 Caesaris.
1324 2053 1544 2121 scripsit
1575 2051 1807 2112 Petrus‘.
1848 2060 2066 2120 aposto-

489 2145 662 2196 lorum
687 2143 961 2213 prineeps,
994 2141 1346 2214 Evangelium
1366 2142 1554 2206 Marci,
1587 2142 1828 2198 dictante
1850 2141 2066 2206 Marco,

490 2239 666 2305 lingua
699 2234 936 2290 Romana
961 2275 974 2299 ,
1006 2236 1058 2290 in
1091 2237 1224 2291 urbe
1255 2237 1469 2302 Romae;
1503 2235 1596 2291 sed
1655 2233 2066 2291 attribuitillud

491 2324 701 2380 Marco.
734 2325 910 2379 Etiam
949 2335 1193 2396 tempore
1225 2325 1392 2392 hujus
1445 2326 1796 2394 imperatoris
1849 2323 2070 2393 scripsit

490 2416 665 2468 Lucas
704 2415 1052 2487 livaugelium
1085 2432 1243 2470 suum
1269 2414 1477 2479 Graec,
1511 2415 1587 2489 ad.
1622 2415 1797 2468 virum
1830 2414 2065 2468 nobilem

484 2525 547 2561 es
577 2508 920 2576 sapientibus
950 2506 1215 2564 Romanis
1235 2548 1251 2572 ,
1284 2507 1373 2561 cui
1426 2521 1626 2562 nomen
1683 2504 2022 2576 TheOphilus
2050 2543 2064 2566 .

486 2599 550 2653 ad
583 2614 741 2667 quem
776 2600 902 2654 item
937 2597 1158 2667 scripsit
1183 2597 1314 2652 Acta
1365 2612 1462 2652 seu
1520 2595 1921 2664 discipulorum
1985 2593 2068 2646 hi-

486 2694 735 2746 storiam.
771 2690 900 2744 Erat
927 2698 1112 2744 autem
1133 2687 1312 2744 Lucas
1340 2687 1670 2758 evangelista
1701 2699 1883 2740 comes
1913 2682 2065 2737 Pauli

427 2789 433 2794 ‘
484 2782 736 2853 apostoli,
766 2795 1000 2850 quocum
1032 2795 1126 2850 per
1149 2787 1368 2851 tempus
1396 2779 1612 2848 aliquod
1649 2780 1873 2834 mansit.
1903 2776 2060 2832 Unde

483 2869 730 2938 estquod
765 2868 960 2922 Paulus
990 2875 1268 2935 apostolus
1324 2867 1489 2938 336
1531 2868 1586 2921 in
1643 2867 1879 2937 quadam
1939 2865 2063 2936 Epi-

2173 421 2324 476 lectis
2351 421 2526 490 copiis
2554 420 2752 476 .indteaa
2783 423 3054 490 regionem
3087 436 3378 490 aggressus
3411 462 3428 485 ,
3475 422 3708 490 populum

2173 510 2487 564 universmn
2521 511 2611 576 (ne
2638 527 2748 565 uno
2775 510 3085 581 superstite)
3122 511 3490 565 internecione
3512 509 3710 575 deleret,

2171 603 2476 670 t'omosque
2506 603 2744 670 ipsorum
2787 610 3041 656 vastaret.
3065 600 3185 667 Quo
3212 603 3394 655 audito
3417 601 3712 672 congregati

2169 694 2364 759 Judaei,
2393 694 2682 750 ditioribus
2707 704 2960 765 sumptus
2994 693 3427 748 ministrantibus
3447 695 3590 747 circa
3607 693 3716 746 Hie

2172 787 2442 857 rosolyma
2475 794 2584 841 tres
2612 768 2928 840 struxerunt
2985 798 3194 849 muros,
3229 777 3437 853 quibus
3490 783 3715 836 turribus

2171 877 2396 930 munitis
2431 893 2494 930 ac
2525 876 2750 933 firmatis
2779 891 2898 932 sese
2935 883 3263 930 tutarentur.
3292 871 3578 928 Profectus
3605 889 3717 943 ergo

2169 969 2223 1022 in
2260 965 2494 1021 Juilteam
2537 965 2900 1035 Vespasianus
2933 964 3135 1019 nullam
3174 965 3227 1024 in
3253 961 3491 1017 Gallilrea
3541 963 3715 1016 urbem

2170 1059 2389 1128 reliquit
2421 1073 2584 1127 quam
2617 1072 2722 1112 non
2762 1057 2993 1111 dirutam
3028 1053 3339 1110 incenderet
3364 1061 3590 1108 :contra
3609 1051 3719 1106 ilic-

2168 1153 2437 1222 rosolyuta
2467 1165 2618 1216 vero,
2651 1149 2793 1219 quod
2824 1151 2962 1204 adeo
3002 1149 3209 1201 munita
3240 1155 3385 1202 esset
3411 1186 3427 1208 ,
3486 1161 3613 1200 cum
3659 1147 3718 1200 ad

2167 1242 2372 1312 aliquid
2425 1240 2754 1296 moliendum
2824 1240 3122 1309 imparatus
3171 1246 3336 1302 esset,
3407 1251 3518 1307 quo
3563 1238 3720 1292 tutius

2168 1350 2256 1390 res
2289 1343 2492 1406 ageret,
2523 1333 2638 1400 ipsa
2669 1347 2811 1386 anno
2840 1330 3052 1401 integro
3080 1329 3290 1384 obsedit
3324 1368 3339 1392 ,
3388 1327 3591 1382 Iudaeis
3644 1329 3718 1381 in-

2167 1423 2326 1478 terim
2354 1421 2490 1476 clam
2524 1431 2684 1477 noctu
2730 1417 3148 1491 erumpentibus
3203 1415 3585 1486 Romanosque
3629 1431 3720 1472 ca:-

2166 1513 2444 1569 dentibus.

2240 1605 2432 1672 Porro,
2474 1617 2717 1676 tempore
2746 1603 2973 1660 Neronis
3011 1603 3195 1658 ﬂoruit
3234 1603 3477 1658 medicus
3508 1601 3723 1670 quidam

2175 1697 2397 1753 nomine
2434 1696 2864 1759 Andromachus,
2901 1693 2992 1762 qui
3040 1692 3234 1747 Neroni
3267 1693 3560 1746 theriacam
3601 1705 3728 1760 pra-

2169 1789 2560 1844 stantissimam
2593 1786 2844 1843 confecit.
2877 1784 3111 1854 (Arabes
3143 1799 3261 1838 eam
3287 1782 3602 1836 Dberlaram
3633 1797 3727 1850 ap-

2171 1881 2417 1950 pellant.)
2444 1878 2670 1935 Occisus
2701 1886 2787 1934 est
2818 1888 2998 1932 autem
3029 1875 3507 1944 Neroimperator,
3531 1872 3727 1925 Romae.

2173 1969 2543 2040 Vespasianus
2574 1969 2742 2039 igitur
2771 1967 2959 2023 audito
2993 1967 3340 2038 interiectum
3371 1979 3495 2020 esse
3529 1977 3729 2033 regem.

2176 2062 2678 2133 Hicrosohmorum
2711 2059 2997 2116 obsidione
3022 2060 3199 2114 soluta
3227 2099 3243 2122 ,
3298 2057 3597 2112 Casaream
3648 2070 3728 2110 re-

2171 2166 2361 2207 versus
2395 2152 2466 2207 ibi
2495 2151 2760 2206 substitit.
2786 2149 3079 2219 Imperavit
3136 2156 3317 2203 autem
3373 2159 3499 2218 post
3548 2147 3722 2216 ipsum

2166 2244 2336 2302 Galba
2365 2253 2570 2314 septem
2600 2256 2836 2305 menses,
2865 2241 3060 2296 deinde
3090 2237 3410 2295 interiectus
3457 2249 3581 2304 est;
3629 2238 3728 2292 im-

2115 2402 2123 2410 κ
2169 2350 2390 2407 perante
2420 2345 2542 2408 post
2574 2338 2753 2407 ipsum
2781 2336 2992 2389 Othone
3043 2342 3154 2389 tres
3201 2346 3438 2387 menses.
3465 2329 3626 2402 κω
3654 2329 3730 2384 Eo

2169 2429 2328 2499 pulso
2355 2422 2483 2481 etim
2519 2426 2846 2494 imperasset
2885 2422 3132 2480 Vitellius
3169 2430 3294 2477 octo
3345 2435 3561 2476 menses
3584 2458 3600 2482 ,
3645 2418 3730 2472 in-

2169 2521 2430 2576 teriectus
2458 2528 2564 2573 est.
2603 2516 2741 2572 Tum
2768 2523 3040 2570 commota
3062 2523 3148 2569 est
3177 2512 3334 2568 valde
3357 2513 3608 2566 universa
3625 2509 3730 2564 Ro-

2170 2625 2454 2666 manorum
2473 2609 2632 2673 ditio,
2664 2607 2950 2662 concitatis
2976 2605 3217 2674 undique
3249 2603 3303 2659 in
3335 2617 3432 2658 eos
3459 2601 3728 2671 gentibus;

2169 2711 2224 2758 at
2250 2709 2374 2770 post
2408 2699 2809 2754 contentionem
2834 2711 3076 2768 gravem,
3095 2703 3149 2750 et
3171 2693 3586 2750 commotionem
3615 2707 3728 2748 nta-

2169 2805 2351 2862 gnam,
2380 2789 2638 2852 ducibus,
2671 2786 2948 2858 praefectis
2975 2800 3039 2841 ac
3069 2784 3287 2850 scribis,
3312 2793 3580 2854 quotquot
3607 2797 3726 2837 cum

2169 2883 2222 2936 in
2247 2880 2617 2936 Romanorum
2646 2887 2793 2934 terra
2824 2885 2936 2931 tum
2962 2877 3016 2932 in
3039 2874 3258 2930 Oriente
3283 2874 3528 2938 fuerunt,
3555 2872 3727 2928 omni-

484 2962 622 3015 stola
649 2975 745 3015 sua
777 2961 931 3023 dicit,
968 2977 986 3011 ι
1023 2957 1197 3014 Lucas
1225 2959 1466 3014 medicus
1489 2975 1584 3015 vos
1608 2960 1830 3015 salutat.
1879 2976 1898 3010 ι
1928 2959 2064 3014 Pre-
2089 2973 2133 3032 ο
2167 2973 2269 3028 bus
2299 2973 2477 3027 visum
2510 2978 2592 3026 est
2629 2967 3045 3038 Vespasianum,
3075 2966 3166 3035 qui
3197 2963 3592 3037 Hierosolymis
3629 2963 3729 3018 οδ.

487 3054 714 3108 hensum
763 3068 892 3107 vero
927 3052 1146 3107 Petrmu
1203 3051 1346 3122 Nero
1406 3051 1587 3108 Caesar
1641 3053 1795 3107 cruci
1847 3051 2054 3122 adigit,

481 3161 708 3216 corpore
740 3146 952 3200 scilicet
989 3144 1228 3209 inverso,
1260 3155 1424 3215 atque
1463 3144 1539 3200 ita
1576 3153 1753 3200 morte
1806 3160 1931 3200 emn
1981 3143 2063 3198 af-

486 3239 610 3294 fecit
648 3253 822 3294 :nam
850 3244 905 3291 ct
934 3235 1150 3290 dixerat
1196 3236 1246 3291 ei
1306 3235 1548 3292 Petrus:
1611 3236 1669 3291 Si
1727 3236 1812 3291 vis
1855 3246 1916 3290 ut
1964 3249 2065 3304 ego

483 3331 633 3385 ιιι-ιιοί
672 3328 879 3398 aliigar,
917 3342 1148 3395 corpore
1169 3343 1254 3383 me
1279 3328 1504 3385 inverso
1540 3328 1696 3399 aliige
1755 3325 1913 3382 cruci
1945 3365 1960 3390 ,
1998 3342 2065 3382 ne

487 3434 636 3473 mors
668 3418 800 3472 mihi
853 3417 1050 3472 atilicta
1083 3417 1280 3474 similis
1347 3419 1418 3473 sit
1464 3421 1511 3474 ei
1554 3434 1675 3488 qua
1725 3417 2066 3488 inﬂigebatur

488 3510 716 3564 Domino
764 3524 884 3563 meo
917 3508 1159 3574 Christo,
1197 3509 1291 3578 qui
1326 3511 1480 3566 cruci
1511 3510 1706 3565 aﬂixus
1730 3520 1812 3565 est
1836 3524 2065 3580 corpore

487 3611 688 3659 erecto.
755 3599 862 3654 Sed
928 3599 1110 3669 gladio
1161 3600 1457 3655 trucidavit
1522 3599 1778 3656 Paulum.
1835 3601 2065 3657 Occisus

488 3699 666 3746 autem
693 3700 776 3747 est
808 3691 1000 3746 Petrus
1021 3692 1123 3746 sub
1149 3706 1356 3746 annum
1395 3693 1719 3748 vicesimum
1755 3695 2061 3748 secundum

489 3792 614 3852 post
639 3783 926 3837 Dominum
967 3790 1222 3837 nostrum
1263 3781 1568 3838 Christum.
1604 3782 1732 3837 Erat
1780 3799 1911 3839 vero
1945 3791 2066 3854 post

493 3878 728 3938 Petrum,
761 3874 934 3930 Linus
964 3874 1278 3944 patriarcha
1315 3873 1502 3928 Romae
1528 3915 1544 3937 ,
1580 3889 1687 3944 qua
1725 3873 1949 3931 iunctus
1978 3875 2060 3930 di-

491 3969 699 4036 gnitate
735 3965 1022 4021 duodecim
1055 3980 1232 4020 annos
1262 3963 1418 4019 (biit.
1453 3964 1522 4021 Et
1557 3965 1644 4020 hic
1695 3965 1907 4035 primus
1950 3975 2070 4023 erat

491 4059 802 4131 patriarcha
833 4057 1135 4113 Romanus.
1166 4057 1299 4112 Erat
1329 4067 1510 4113 autem
1543 4057 1759 4113 Marcus
1790 4055 2067 4135 Evangelii

491 4158 703 4214 auctor,
737 4152 791 4204 in
827 4148 1158 4203 Alexandria
1202 4156 1258 4202 et
1286 4145 1456 4202 Barca
1491 4148 1744 4205 homines
1790 4149 1857 4204 ad
1906 4148 2067 4206 ﬁdem

491 4245 542 4294 in
575 4241 852 4295 Christum
893 4238 1092 4294 Filium
1129 4237 1222 4292 Dei
1257 4237 1500 4293 inritans
1544 4240 1704 4294 annis
1735 4249 1965 4310 septem.
2005 4241 2067 4297 Et

2167 3063 2408 3118 sidendis
2441 3068 2742 3131 occupatus
2781 3057 2978 3120 fuerat,
3027 3055 3258 3124 imperio
3297 3053 3591 3124 pradcere.
3625 3052 3726 3119 Qui

2165 3169 2298 3225 ergo
2331 3168 2456 3208 cum
2485 3151 2732 3206 Casarea
2759 3148 2987 3204 Romam
3016 3145 3291 3218 profectus
3336 3161 3405 3202 eo
3457 3147 3730 3214 pervenis-

2166 3253 2270 3305 set.
2306 3243 2578 3297 irruentes
2606 3241 2700 3311 qui
2751 3236 2940 3292 Romae
2993 3245 3153 3292 erant
3204 3238 3372 3292 duces
3423 3237 3478 3290 io
3541 3236 3727 3290 ducem

2166 3334 2450 3405 quemdam
2485 3333 2708 3388 nomino
2740 3330 3055 3393 Artitinum,
3108 3327 3199 3397 qui
3283 3327 3568 3396 imperium
3630 3325 3728 3381 sibi

2165 3439 2437 3497 occupare
2457 3430 2744 3486 statuerat,
2780 3421 2957 3490 ipsum
3008 3421 3420 3474 interemerunt.
3459 3414 3606 3474 Urbe
3641 3416 3730 3472 de-

2169 3519 2294 3573 inde
2325 3515 2555 3586 egressi,
2587 3511 2923 3583 Vespasiano
2956 3509 3168 3564 obviam
3204 3516 3396 3564 euntes
3418 3547 3434 3571 ,
3458 3507 3620 3577 capiti
3652 3507 3728 3576 ip-

2167 3610 2284 3666 sius
2313 3608 2559 3662 diadema
2590 3606 3010 3675 imposuerunt;
3042 3601 3134 3672 qui
3173 3600 3262 3656 ubi
3309 3599 3497 3654 urbem
3529 3599 3730 3669 ingres-

2169 3715 2262 3756 sns
2293 3697 2432 3753 solio
2458 3697 2607 3765 regio
2638 3694 2952 3759 insedisset,
2985 3693 3308 3749 sceleratum
3352 3705 3418 3746 ac
3476 3691 3722 3771 rebellem

2167 3806 2436 3860 quemque
2467 3791 2613 3843 inter
2648 3785 2923 3844 Romanos
2953 3793 3128 3841 morte
3161 3783 3448 3848 multavit,
3489 3782 3626 3837 adeo
3674 3792 3728 3837 ut

2169 3885 2270 3939 sub
2301 3882 2420 3951 ipso
2450 3879 2504 3935 in
2538 3887 2740 3934 statum
2785 3879 3066 3948 optimust;
3082 3885 3137 3932 et
3169 3875 3523 3946 tranquillum
3575 3875 3726 3929 reda-

2169 3987 2254 4025 cta
2283 3972 2351 4026 sit
2384 3968 2749 4024 Romanorum
2780 3976 2948 4023 terra.
2974 3967 3086 4021 Duo
3113 3974 3300 4022 autem
3365 3967 3466 4035 ipsi
3513 3965 3726 4021 fuerunt

2170 4061 2547 4130 tllii,_quorum
2579 4058 2672 4112 uni
2703 4072 2898 4112 nomen
2931 4055 3092 4112 Titus
3124 4095 3140 4119 .
3165 4054 3320 4111 alteri
3358 4053 3727 4120 Domitianus;

2171 4167 2400 4222 quorum
2438 4149 2798 4205 Domitianum
2831 4148 3006 4217 c0piis
3052 4147 3259 4217 magnis
3300 4145 3628 4202 instructum
3666 4146 3726 4200 ad

2172 4251 2361 4314 gentes
2391 4240 2656 4295 barbaras
2686 4239 2856 4303 misit,
2885 4252 3022 4308 quas
3047 4237 3137 4292 ille
3189 4235 3431 4302 occidit,
3474 4236 3726 4306 diripuit,

489 4345 633 4384 anno
668 4330 880 4400 imperii
910 4328 1144 4383 Neronis
1175 4327 1412 4382 Caesaris
1435 4329 1546 4399 jam
1579 4329 1712 4384 dicti
1737 4305 1934 4400 primo,
1966 4347 2062 4387 oc-
2094 4305 2144 4365 D
2172 4305 2371 4388 delevit
2413 4349 2427 4385 :
2457 4329 2640 4383 Titum
2671 4344 2822 4392 vero,
2864 4305 3108 4383 exercitu
3141 4305 3608 4396 etiam-frequenti
3641 4327 3723 4382 in-

489 4424 634 4478 cisus
660 4432 744 4476 est
777 4421 990 4476 Marcus
1030 4415 1374 4496 Alexandriae
1401 4457 1417 4484 ,
1445 4427 1498 4475 et
1539 4435 1741 4492 corpus
1777 4421 1900 4492 ejus
1943 4402 2064 4493 igne

487 4520 573 4565 εει
604 4520 907 4565 crematum
921 4550 934 4563 .

562 4603 733 4658 Porro
765 4619 908 4658 anno
937 4603 1154 4674 imperii
1190 4603 1427 4660 Neronis
1461 4602 1697 4658 Caesaris
1743 4601 2066 4656 duodecimo

480 4693 822 4749 'constitutus
845 4703 943 4747 .est
971 4693 1215 4763 lgnatius
1240 4692 1552 4764 patriarcha
1586 4691 1889 4747 Antiochiae
1913 4729 1931 4757 ,
1969 4691 2064 4761 qui

489 4800 610 4840 cum
646 4800 821 4840 annos
875 4785 1101 4854 triginta
1137 4783 1277 4841 duos
1317 4785 1668 4853 praefuisset,
1715 4792 1890 4838 morte
1931 4783 2065 4838 atl‘e-

489 4887 610 4932 etus
650 4886 754 4932 est.
792 4875 1009 4931 Mortuo
1044 4885 1228 4933 autem
1297 4876 1458 4932 Festo
1487 4915 1503 4942 ,
1560 4875 2062 4946 Hierosolymorum

491 4969 768 5039 praefecto,
799 4970 1100 5037 relictaque
1156 4967 1296 5024 urbe
1347 4968 1467 5022 sine
1517 4968 1762 5038 principe
1801 4967 1895 5036 qui
1942 4980 2062 5019 eam

495 5061 917 5124 moderaretur,
959 5060 1220 5114 concitati
1249 5058 1424 5114 Judaei
1456 5058 1718 5114 Jacobum
1749 5055 1971 5127 Josephi
2005 5056 2067 5110 li-

495 5151 777 5221 Iium,qui
829 5151 1043 5206 Domini
1083 5151 1254 5206 frater
1307 5150 1505 5213 audit,
1561 5149 1835 5219 lapidibus
1891 5148 2068 5203 donec

497 5254 804 5300 moreretur
881 5244 1190 5314 impetitum
1249 5241 1686 5304 interfecerunt,
1759 5239 2067 5309 multosque

495 5333 846 5405 337-339
871 5333 1261 5402 discipulorum
1285 5332 1617 5386 cruciatibus
1645 5329 1780 5385 male
1807 5331 2066 5384 multatos

496 5429 630 5480 urbe
659 5426 960 5492 ejecerunt.
993 5423 1073 5478 Ex
1107 5424 1236 5477 urbe
1273 5423 1437 5491 igitur
1475 5421 1600 5491 iuga
1641 5421 1880 5491 prolapsi
1905 5421 2063 5474 Chri-

503 5517 686 5576 stiani.
721 5516 1010 5571 Jordanem
1045 5523 1392 5570 transeuntes
1417 5553 1432 5578 ,
1479 5513 1597 5568 loca
1668 5514 1770 5567 ista
1827 5513 2066 5567 incolue-

503 5620 646 5664 runt.
682 5609 775 5667 His
805 5610 1002 5666 auditis
1031 5608 1171 5665 Nero
1199 5608 1384 5664 (ἐπείη
1412 5608 1475 5663 ad
1521 5607 1834 5678 praefectum
1889 5605 1980 5677 qui
2011 5606 2063 5662 in

2171 4429 2466 4484 structttm,
2500 4419 2928 4488 Hierosolymam
2971 4418 3139 4484 misit,
3170 4431 3332 4486 quam
3365 4416 3584 4472 biennio
3637 4418 3726 4472 ob-

2167 4513 2340 4578 sedit;
2398 4511 2758 4566 morientibus
2791 4511 2880 4579 qui
2915 4510 2967 4564 in
2999 4509 3133 4564 urbe
3181 4518 3337 4562 erant
3380 4508 3544 4576 fame,
3602 4510 3728 4564 adeo

2169 4612 2226 4656 ut
2257 4617 2365 4672 pra:
2396 4600 2560 4666 fame,
2595 4611 2934 4655 mortuorum
2965 4613 3028 4653 ac
3057 4607 3307 4652 natorum
3339 4613 3562 4655 suorum
3616 4611 3729 4652 car-

2168 4709 2265 4748 nes
2291 4691 2642 4748 comederent
2673 4710 2687 4746 :
2723 4707 2828 4762 qua
2855 4689 3052 4745 deinde
3101 4698 3258 4758 capta
3303 4704 3496 4746 omnes
3544 4689 3727 4760 341·

2167 4781 2328 4854 343
2353 4782 2447 4849 qui
2490 4781 2542 4836 in
2576 4782 2692 4851 ipsa
2726 4779 2939 4834 fuerant
2972 4791 3080 4834 tam
3107 4795 3286 4836 mares
3313 4794 3477 4849 quam
3505 4779 3724 4834 feminas

2171 4871 2479 4937 interfecit,
2535 4868 3012 4939 proscindcntibus
3063 4864 3408 4939 [militibus]
3457 4882 3727 4938 praegnano

2169 4964 2306 5018 tium
2343 4971 2549 5025 uteros,
2593 4969 2645 5014 et
2676 4961 2913 5014 infantes
2948 4964 3097 5014 saxis
3123 4959 3492 5014 allidentibus.
3527 4958 3718 5013 Urbem

2169 5056 2331 5108 etiam
2366 5064 2419 5109 et
2452 5053 2706 5120 templum
2758 5060 2966 5106 vastata
3012 5049 3271 5104 incendit.
3319 5047 3592 5104 Numerati
3641 5048 3728 5101 de-

2170 5146 2297 5200 inde
2327 5145 2421 5213 qui
2455 5143 2626 5212 ipsius
2653 5141 2811 5212 jussu
2839 5141 3006 5196 occisi
3040 5151 3192 5202 sunt,
3227 5150 3309 5195 ter
3351 5139 3546 5194 millies
3588 5139 3724 5194 mille

2171 5236 2368 5305 reperti
2398 5245 2546 5296 sunt,
2581 5247 2698 5286 cum
2731 5231 2820 5285 alii
2853 5230 3087 5302 Syriam,
3120 5231 3208 5285 alii
3255 5229 3550 5302 Egyptum
3579 5271 3594 5294 ,
3639 5229 3720 5283 alii

2172 5330 2225 5383 in
2263 5340 2461 5382 terram
2494 5323 2746 5389 AlGaur,
2799 5323 3181 5393 prolugissent.
3243 5321 3360 5376 Jam
3413 5337 3443 5376 a
3511 5323 3721 5380 Christo

2172 5427 2298 5474 nato
2327 5418 2391 5471 ad
2424 5415 2921 5485 Hierosolymorum
2955 5429 3050 5484 per
3083 5413 3260 5467 Titum
3304 5413 3572 5467 excidium
3603 5411 3716 5466 anni

2174 5518 2300 5563 sunt
2331 5507 2690 5578 septuaginta.
2726 5505 2807 5559 Ab
2840 5505 3168 5570 Alexandro,
3204 5504 3431 5560 trecenti
3458 5504 3714 5571 octoginta

2174 5618 2388 5660 novem.
2412 5602 2446 5657 Α
2478 5600 2800 5671 Captivitate
2831 5597 3173 5668 Babylonica,
3205 5596 3443 5654 sexcenti
3465 5594 3716 5667 quinqua-

3419 5733 3434 5770 \
