3950 6348
86 279 174 342 935

1469 284 1839 348 ANNALES.

3156 296 3257 356 986

80 403 202 470 κῖιιιπ
232 395 349 449 duo.
387 393 427 446 Λ
461 407 627 460 regno
654 391 894 457 Davidis,
950 394 1093 448 mille
1144 406 1359 449 centum
1409 397 1597 468 viginti
1628 400 1674 456 Α
1706 401 1840 468 perii
1880 400 2000 470 ejus
2036 401 2230 472 quinto
2276 401 2608 456 constitutus
2639 404 2871 462 Cordius
2919 409 3256 466 Alexandriae

82 504 268 545 novem.
299 483 376 538 Ab
402 483 548 538 exitu
591 481 951 535 lsraelitarutn
1001 500 1064 536 ex
1119 485 1354 556 [Egypto
1380 527 1394 550 ,
1452 492 1597 548 mine

75 581 371 651 septingenti
435 579 653 646 triginta
706 580 966 646 quinque.
1021 580 1102 634 Ab
1133 582 1464 650 Ahraltamo,
1515 586 1597 642 bis

73 676 200 728 inille
223 670 426 724 ducenti
460 670 812 740 quadraginta
840 672 968 725 duo.
993 672 1034 726 A
1065 673 1313 740 Phalekn,
1341 675 1423 731 bis
1455 677 1597 733 mille

68 762 359 833 septingenti
395 762 667 830 octoginta
699 773 829 817 tres.
857 761 903 816 Α
934 762 1159 832 Diluvio,
1181 775 1260 820 ter
1289 767 1433 823 mille
1488 777 1594 823 tre-

65 853 633 920 centiquatuordccim.
696 853 778 908 Ah
835 853 1067 920 Adamo,
1096 857 1385 928 quinquies
1446 862 1592 918 mille

61 945 313 1017 quingenti
341 946 706 1014 septuaginta.

129 1035 413 1089 Christiani
445 1043 645 1101 autem,
674 1037 766 1104 qui
799 1035 1014 1092 Iudaeos
1056 1037 1352 1106 fugientes.
1396 1039 1592 1093 Iorda-

59 1144 166 1182 nem
193 1126 536 1192 trajecerant,
563 1137 615 1182 et
665 1126 720 1180 in
765 1127 886 1182 istis
940 1127 1073 1181 locis
1115 1129 1270 1182 sedes
1317 1129 1586 1195 fixerant,

58 1219 227 1272 audito
259 1217 436 1273 Titum
465 1219 655 1273 urbem
685 1219 1018 1273 destruxisse
1037 1218 1333 1275 interfectis
1365 1219 1586 1288 Judmis,

65 1311 471 1379 Hierosolymam
501 1312 612 1381 jam
642 1309 936 1364 desolatam
969 1315 1192 1375 reversi,
1229 1313 1398 1380 ipsam
1432 1313 1583 1367 inco-

62 1399 461 1478 luerunt,354
493 1409 809 1468 structaque
840 1401 942 1454 sibi
993 1399 1124 1456 inibi
1173 1403 1420 1469 ecclesia,
1473 1406 1587 1472 epi-

57 1508 263 1562 scopum
303 1491 599 1560 secundum
635 1490 736 1560 ipsi
767 1492 1127 1561 prafecerunt
1161 1495 1378 1548 nomine
1406 1497 1586 1550 Simo-

60 1600 184 1644 nem,
213 1582 428 1650 Cleopm.
457 1583 646 1635 filium.
679 1583 904 1651 (ileopas
929 1582 1027 1637 iste
1056 1581 1222 1638 frater
1274 1584 1375 1640 fuit
1431 1585 1585 1640 Jose-

55 1676 128 1744 phi
159 1675 246 1742 qui
299 1671 588 1727 Dominum
638 1681 886 1727 nostrum
941 1672 1217 1728 Christum
1283 1675 1581 1743 educavit;
1618 1707 1659 1764 Β

55 1765 234 1830 fuitque
297 1762 441 1829 hoc,
488 1770 630 1816 anno
690 1763 896 1830 imperii
952 1762 1270 1832 Vespasiani
1349 1773 1581 1833 quarto;

50 1856 177 1910 illum
205 1865 406 1924 autem,
431 1866 715 1923 postquam
754 1869 924 1909 annos
960 1855 1149 1924 viginti
1201 1871 1296 1912 sex
1360 1873 1584 1914 munere

49 1949 142 2002 Isto
170 1947 392 2001 functus
421 1946 637 2010 fuisset,
673 1945 944 2000 interfecit
972 1944 1241 2014 Trajanus
1268 1947 1579 2016 imperator.

45 2038 195 2093 Porro
215 2051 361 2090 anno
392 2037 605 2105 imperii
636 2036 808 2104 ipsius
834 2036 995 2090 tertio
1043 2038 1350 2105 patriarcha
1403 2037 1584 2093 Romae

42 2130 356 2184 constitutus
392 2135 473 2182 est
498 2125 798 2190 Dacletius,
829 2136 1035 2180 etcum
1087 2126 1309 2182 biennio
1353 2127 1583 2183 sedisset

45 2230 272 2272 mortuus
302 2225 413 2273 est.
444 2218 602 2272 Anno
632 2217 843 2286 imperii
873 2216 1047 2285 ipsius
1083 2218 1271 2294 quinto
1298 2218 1583 2287 praefectus

37 2316 113 2362 est
139 2307 319 2362 Romae
346 2308 620 2386 Clemens,
655 2308 745 2374 qui
778 2307 1010 2376 scriptor
1059 2307 1182 2374 fuit,
1215 2323 1448 2375 cumque
1482 2325 1582 2362 an-

35 2413 123 2454 nos
147 2414 340 2454 novem
371 2397 605 2454 sedisset
635 2405 886 2454 mortuus
909 2407 1019 2454 est.
1048 2398 1204 2452 Anno
1225 2397 1434 2458 imperii
1459 2397 1578 2458 ejus

31 2504 165 2544 nono
195 2488 547 2545 Alexandria
579 2488 895 2558 patriarcha
931 2489 1264 2544 constitutus
1295 2485 1578 2552 Philetius,

27 2580 108 2652 qui
131 2583 253 2634 eum
286 2593 463 2634 annos
488 2579 746 2635 tredecim
780 2579 1028 2642 sedisset,
1071 2580 1212 2634 diem
1264 2577 1418 2633 obiit.
1474 2577 1579 2633 Ve—

24 2671 304 2740 spasianus
344 2679 527 2726 autem
556 2678 845 2741 postquam
868 2684 992 2724 cum
1028 2669 1234 2724 honore
1261 2677 1316 2724 et
1340 2668 1580 2737 potentia

24 2777 182 2819 annos
220 2779 417 2820 novem
448 2770 502 2817 et
536 2773 740 2831 septem
773 2775 989 2817 menses
1011 2761 1331 2829 imperasset
1357 2800 1373 2825 ,
1430 2776 1580 2814 mor-

19 2861 132 2908 tuus
167 2861 276 2910 est.
313 2854 606 2923 Imperavit
641 2861 765 2922 post
789 2853 968 2921 ipsum
1015 2850 1156 2905 filius
1203 2849 1376 2918 ipsius
1423 2849 1578 2904 Titus

19 2957 178 2999 annos
204 2953 322 2999 tres
352 2953 410 2998 et
433 2943 573 2998 duos
604 2957 842 3007 menses,
870 2941 992 2997 dein
1027 2951 1275 2994 mortuus
1311 2949 1418 2996 est.
1445 2940 1578 2995 Post

1700 494 2032 560 patriarcha,
2058 503 2342 564 postquam
2397 495 2586 550 decem
2617 511 2791 551 annos
2840 501 3069 557 sedisset
3112 503 3255 558 diem

1697 583 1852 638 obiit.
1908 584 2063 642 Anno
2103 587 2345 654 ejusdem
2405 588 2620 642 decimo
2671 589 2886 657 quinto
2918 593 3256 648 Alexandria:

1697 678 2003 746 patriarcha
2038 681 2368 734 constitutus
2405 690 2488 735 est
2522 681 2792 744 Bartnius,
2827 681 2919 750 qui
2969 682 3132 754 348
3155 699 3255 738 au-

1695 783 1798 823 nos
1822 768 2108 823 duodecim
2139 769 2296 836 sedit,
2321 770 2444 825 dein
2479 779 2728 826 mortuus
2757 781 2863 827 est.
2898 771 3110 827 Mortuo
3156 790 3254 828 au-

1695 869 1801 912 tem
1832 858 2136 910 Domitiano
2173 856 2385 913 Caesare
2415 861 2760 930 imperatore,
2787 871 2909 930 post
2938 861 3118 931 ipsum
3150 863 3253 916 Ro-

1693 963 1796 1002 mae
1831 948 2114 1015 imperavit
2138 946 2314 1002 Nerva
2356 947 2540 1002 Caesar
2563 951 2656 1018 qui
2683 960 2735 1004 et
2757 951 3040 1008 llarastius
3069 955 3254 1008 Cresar

1693 1037 1862 1096 audit,
1892 1051 2093 1091 annum
2123 1053 2287 1091 unum
2305 1047 2358 1091 et
2385 1039 2626 1108 quinque
2659 1055 2893 1106 menses,
2923 1043 3050 1098 dein
3086 1045 3246 1111 obiit,

1693 1127 2022 1182 succedente
2047 1129 2149 1197 ipsi
2185 1127 2416 1196 Trajano
2445 1128 2661 1184 Caesare
2684 1168 2703 1194 ,
2750 1131 2842 1201 qui
2895 1142 2952 1186 et
2982 1135 3253 1190 Adrianus

1689 1219 1871 1273 Caesar
1890 1220 2185 1288 appellatus
2210 1229 2312 1285 est,
2338 1221 2430 1291 qui
2463 1219 2646 1276 Romae
2672 1237 2844 1277 annos
2869 1225 3246 1281 novemdecim

1689 1311 1997 1378 imperavit.
2027 1311 2321 1380 Imperator
2376 1315 2477 1368 iste
2524 1330 2720 1382 magna
2792 1315 2844 1369 in
2905 1314 3251 1371 Christianos

1687 1401 1826 1454 mala
1860 1403 2138 1466 excitavit,
2170 1419 2234 1457 ac
2264 1403 2540 1458 diuturnae
2579 1406 2715 1474 ipsis
2753 1406 3013 1470 tristitiae,
3063 1422 3127 1462 ac
3157 1406 3253 1460 ἀοι

1687 1492 1815 1545 loris
1846 1493 2180 1550 vehementis
2214 1503 2410 1550 auctor
2434 1496 2551 1559 fuit,
2589 1498 2716 1551 dum
2750 1498 2949 1552 multos
2982 1508 3250 1570 martyres

1688 1583 1804 1635 neci
1841 1582 2008 1645 dedit,
2046 1584 2331 1639 interfecto
2361 1586 2548 1641 Romae
2577 1587 2783 1655 lgnatio
2807 1590 2898 1656 qui
2931 1589 3246 1656 patriarcha

1686 1671 2060 1729 Antiochenus
2092 1675 2285 1737 fuerat,
2327 1693 2537 1732 necnon
2569 1679 2821 1734 Simeone
2869 1678 3084 1748 Cleopte
3137 1681 3249 1756 filio

1685 1765 1946 1834 episcopo
1977 1764 2492 1837 llierosolymitano,
2524 1785 2683 1837 quem
2719 1771 2874 1823 cruci
2921 1771 3109 1834 allixit,
3151 1789 3249 1826 an-

1683 1870 1784 1910 nos
1817 1863 2005 1910 natum
2033 1865 2246 1911 centum
2307 1857 2519 1927 viginti.
2570 1859 2626 1912 In
2697 1860 3014 1914 servitutem
3078 1862 3248 1930 redigi

1681 1946 2421 2014 etiamjussitChristianos,
2456 1957 2644 2013 utpote
2703 1951 2922 2019 quibus,
2953 1966 3016 2004 ex
3075 1952 3246 2019 ipsius

1683 2035 1974 2092 sententia.
2008 2037 2150 2090 nulla
2204 2046 2352 2091 esset
2411 2037 2600 2106 religio
2654 2049 2747 2094 aut
2780 2040 2884 2094 lex.
2935 2041 3050 2094 Prae
3114 2040 3249 2093 dura

1681 2137 1859 2181 autem
1899 2140 2061 2200 quam
2088 2130 2230 2197 passi
2257 2139 2382 2183 sunt
2413 2131 2707 2185 Christiani
2738 2132 3022 2197 servitute,
3055 2143 3107 2186 et
3133 2147 3251 2200 gra-

1682 2221 1856 2282 vibus,
1882 2221 2081 2289 quibus
2109 2220 2308 2274 sublati
2343 2230 2491 2286 sunt,
2557 2223 2819 2285 ctedibus,
2855 2225 3235 2278 misericordia

1680 2323 1806 2377 erga
1842 2309 1991 2375 ipsos
2043 2308 2219 2363 affecti
2255 2317 2382 2362 sunt
2438 2307 2692 2373 Romani,
2753 2325 2816 2364 ac
2869 2312 3053 2365 testati
3104 2315 3247 2380 apud

1683 2399 2064 2467 imperatorem
2091 2399 2261 2469 ipsius
2293 2401 2596 2455 consiliarii
2635 2417 2700 2458 ac
2725 2402 2894 2456 duces
2928 2417 3052 2457 esse
3080 2403 3247 2458 Chri-

1682 2489 1846 2541 tianis
1882 2488 2195 2555 religionem
2227 2489 2463 2554 firmam,
2501 2505 2565 2545 ac
2593 2491 2762 2557 legem
2796 2491 3018 2554 bonam,
3068 2506 3246 2559 neque

1679 2589 1926 2650 oportere
1962 2579 2112 2649 ipsos
2139 2579 2261 2634 illos
2295 2581 2347 2633 in
2379 2581 2700 2637 servitutem
2735 2581 3006 2648 redigere.
3069 2579 3242 2637 Jussit

1680 2684 1810 2739 ergo
1844 2685 1909 2723 ne
1965 2670 2198 2739 amplius
2238 2671 2383 2726 servi
2431 2671 2638 2737 fierent,
2674 2679 2727 2726 et
2754 2685 2783 2724 a
2812 2671 2956 2725 malo
2988 2672 3123 2742 ipsis
3160 2675 3246 2728 in-

1681 2757 1904 2813 ferendo
1938 2757 2223 2813 abstinuit.

1749 2850 1914 2904 Porro
1940 2859 2179 2918 tempore.
2214 2848 2430 2917 Trajani
2463 2850 2694 2919 Catsaris
2720 2851 3059 2918 imperatoris
3091 2853 3232 2907 scri-

1681 2941 1787 3008 psit
1823 2937 2060 2993 Joannes
2096 2939 2442 3008 Evangeliu‘m
2499 2955 2657 2994 suum
2687 2938 2893 3002 Graece.
2948 2940 3001 2993 in
3064 2941 3242 2998 insula

15 3037 181 3104 ipsum
230 3034 530 3104 imperavit
567 3033 767 3092 .frater
829 3033 952 3102 ejus
1003 3021 1345 3086 Domitianus
1403 3045 1575 3086 annos
1605 3041 1643 3094 C
1680 3030 1870 3085 Patmo
1896 3030 2187 3100 appellata,
2241 3045 2270 3084 e
2322 3039 2465 3085 terra
2522 3030 2683 3093 Asiae,
2739 3046 2862 3099 quae.
2903 3031 3241 3084 Ronneorum

13 3125 343 3195 quindecim.
381 3123 631 3194 Magnam
665 3122 754 3177 hic
817 3121 872 3176 in
927 3120 1146 3177 Iudaeos
1192 3121 1571 3176 crudelitatem

12 3217 276 3283 exercuit,
308 3216 450 3271 adeo
479 3222 540 3269 ut
564 3214 684 3281 ejus
742 3223 986 3284 tempore
1044 3213 1225 3269 nullus
1285 3195 1574 3283 appareret

11 3308 240 3366 Iudaeus.
269 3311 418 3375 Quin
448 3307 585 3378 etin
621 3304 810 3362 animos
838 3305 1024 3362 habuit
1074 3320 1228 3375 reges
1271 3319 1575 3372 eorumque

11 3399 140 3455 ﬁlios
177 3416 208 3455 e
240 3400 432 3455 medio
455 3398 668 3460 tollere,
695 3407 754 3451 ut
783 3411 890 3450 non
930 3405 1072 3452 esset
1107 3396 1159 3450 in
1192 3406 1330 3451 terra
1383 3404 1576 3463 praeter

11 3505 173 3558 Ipsum
203 3504 328 3544 rex.
371 3487 607 3557 Nepotes
644 3502 775 3554 ergo
827 3487 991 3542 etiam
1053 3500 1248 3556 regum
1307 3486 1572 3546 sustulit,

11 3580 323 3646 multosque
354 3593 509 3648 reges
541 3576 835 3632 interfecit.
857 3577 1094 3646 Cumque
1127 3576 1436 3630 nuntiatum
1471 3575 1574 3644 ipsi

11 3675 142 3724 esset
169 3682 428 3723 asserere
469 3666 835 3723 Christianos'
875 3666 1228 3738 345-357
1294 3665 1572 3721 Christum

11 3773 177 3829 regem
211 3775 387 3815 suum
415 3774 558 3822 esse,
596 3774 934 3828 regnumque
960 3760 1133 3829 ipsius
1163 3759 1450 3822 aeternum,
1487 3773 1578 3812 es-

11 3867 156 3920 teque
201 3853 362 3921 ipsos
393 3850 698 3905 exercitum
725 3851 1034 3922 copiosum,
1064 3862 1432 3918 magnamque
1469 3849 1575 3904 ho-

11 3940 202 3997 minum
240 3941 1052 4006 multitudinem,vehementer
1102 3942 1180 3996 ira
1228 3942 1574 4008 excanduit,
1620 4016 1627 4022 ‘

18 4035 272 4104 ussitqne
304 4049 339 4088 e
371 4033 549 4088 medio
577 4033 689 4087 tolli
743 4032 1106 4097 Christianos,
1143 4049 1242 4089 nec
1293 4035 1462 4089 ullum
1517 4035 1572 4089 in

11 4139 154 4194 egno
202 4125 391 4193 ipsius
432 4124 665 4192 relinqui
699 4123 1091 4178 Christianum.
1121 4122 1246 4180 Fult
1270 4133 1383 4179 tum
1407 4123 1576 4180 Joan-

11 4229 85 4271 tes
132 4215 484 4282 evangelista
514 4215 568 4268 in
599 4212 769 4278 Neso,
803 4213 895 4283 qui
931 4216 1032 4267 hoc
1063 4214 1246 4268 audito
1294 4223 1566 4280 metuens,

11 4304 266 4376 Ephesum
298 4306 461 4378 fugit.
498 4306 714 4360 Mittens
742 4314 919 4359 autem
953 4304 1250 4373 imperator
1302 4303 1568 4360 Hieroso-

1680 3133 1822 3176 terra
1857 3131 1961 3176 est.
2019 3119 2275 3190 Ejusdem
2317 3130 2559 3188 tempore
2594 3119 2940 3191 349-351
3004 3119 3244 3188 philoso-

1675 3213 1817 3281 phus
1845 3212 2066 3282 quidam
2105 3212 2206 3267 fuit
2235 3227 2266 3267 e
2292 3209 2660 3265 Romanorum
2714 3210 3082 3279 magnatibus,
3142 3224 3239 3263 no-

1675 3305 1822 3361 mine
1852 3303 2198 3358 Commodius.
2224 3304 2380 3356 Anno
2403 3301 2614 3369 imperii
2650 3299 2891 3368 ejusdem
2924 3309 3076 3355 sexto
3100 3315 3237 3355 con-

1675 3397 1901 3454 stitutus
1926 3407 2010 3452 est
2039 3395 2209 3450 Judas
2237 3395 2533 3466 episcopus
2561 3392 3113 3464 llierosolymitanus,
3144 3393 3239 3451 ubi

1673 3471 1805 3548 cum,
1829 3498 2029 3556 septem
2062 3502 2231 3541 annos
2264 3485 2497 3542 sedisset
2535 3494 2785 3539 mortuus
2812 3494 2914 3538 est.

1743 3581 1900 3634 Anno
1935 3577 2172 3647 ejusdem
2217 3577 2428 3631 decimo
2477 3584 2674 3646 quarto
2705 3575 2997 3630 Zacchaeus
3031 3575 3243 3644 episco-

1675 3686 1777 3741 pus
1817 3669 2337 3740 Hierosolymitanus
2367 3668 2722 3730 constitutus,
2755 3680 2880 3720 cum
2907 3676 3111 3733 septem
3139 3680 3240 3720 ano

1675 3776 1772 3816 nos
1806 3759 2036 3815 sedisset
2070 3759 2212 3812 diem
2257 3758 2413 3812 obiit.
2447 3757 2602 3810 Anno
2631 3755 2878 3826 ejusdem
2922 3765 3078 3810 sexto
3105 3770 3238 3809 cou-

1673 3856 2005 3910 stitutusest
2035 3849 2198 3906 Jeron
2232 3849 2536 3920 patriarcha
2563 3849 2962 3913 An‘tiocltenus,
2995 3849 3086 3918 qui
3112 3865 3236 3902 cum

1681 3960 1858 4002 annos
1886 3945 2073 4015 viginti
2119 3942 2351 3998 sedisset
2402 3948 2651 3995 mortuus
2698 3949 2805 3996 est.
2843 3940 3000 3994 Anno
3029 3939 3241 4010 imperii

1672 4035 1793 4103 ejus
1817 4041 2033 4104 quarto,
2067 4031 2268 4100 Xystus
2305 4032 2610 4101 patriarcha
2643 4029 2829 4084 Romae
2882 4031 3239 4095 constitutus,

1673 4140 1848 4179 annos
1879 4124 2066 4179 decem
2108 4124 2280 4187 sedet,
2327 4122 2451 4177 dein
2500 4123 2749 4176 moritur.
2794 4121 2953 4176 Anno
2993 4121 3238 4192 ejusdem

1673 4215 1884 4270 decimo
1907 4224 2102 4283 quarto
2157 4212 2343 4268 Romae
2373 4212 2685 4279 patriarcha
2720 4214 2894 4268 factus
2931 4222 3014 4267 est
3043 4213 3231 4269 Teles-

1677 4307 1901 4375 phorus.
1958 4305 2047 4373 qui
2097 4319 2219 4356 cum
2279 4316 2451 4358 annos
2501 4303 2754 4357 Undecim
2801 4303 3032 4358 sedisset
3095 4304 3238 4357 diem

11 4413 150 4468 yma,
177 4397 367 4460 Iudae,
401 4395 493 4450 filii
522 4395 768 4464 Iosephi,
821 4393 1217 4462 discipulorum
1267 4393 1429 4450 uni-us
1453 4432 1470 4457 ,
1516 4395 1576 4448 fi-
1613 4385 1655 4439 Ι)
1681 4397 1834 4451 obiit.
1857 4396 2012 4449 Anno
2048 4394 2260 4463 imperii
2290 4393 2409 4463 ejus
2445 4393 2734 4447 undecimo
2758 4395 3092 4448 constitutus
3118 4392 3242 4448 Jus-

12 4488 86 4542 ios
117 4491 447 4558 prehendit,
476 4503 614 4557 quos
657 4487 870 4542 vinctos
921 4484 1262 4554 Romamque
1318 4484 1575 4540 advectos

11 4577 52 4635 le
77 4581 309 4636 Christo
341 4595 410 4635 ac
445 4579 616 4650 ipsius
651 4592 817 4648 regno
847 4577 1219 4646 interrogavit.
1254 4574 1572 4646 Responde-

12 4683 114 4727 'unt
143 4673 249 4735 illi,
281 4686 514 4742 regnum
540 4670 710 4740 ipsius
741 4669 960 4724 cmleste
980 4683 1123 4732 esse,
1145 4682 1249 4722 non
1276 4665 1572 4733 terrenum‘,

15 4779 290 4834 psumque
326 4761 540 4817 ultimis
571 4760 908 4829 temporibus
946 4775 1068 4814 cum
1112 4759 1284 4829 gloria
1335 4774 1529 4829 magna
1555 4799 1572 4824 ,

12 4861 34 4906 .t
61 4854 398 4923 splendore,
423 4857 712 4907 venturum
745 4849 813 4904 ad
858 4849 1183 4919 judicandos
1225 4857 1280 4904 et
1318 4851 1478 4906 vivos
1515 4857 1574 4906 et

11 4955 254 5012 aortuos,
286 4957 359 4998 ac
391 4957 834 5012 unumquemque
869 4941 1024 5011 juxta
1068 4956 1231 5011 opera
1261 4957 1358 4996 sua
1388 4958 1572 4998 remu-

11 5045 350 5090 neraturum.
391 5032 602 5098 Quibus
630 5031 718 5088 ille
745 5032 945 5087 auditis
997 5034 1325 5102 perterritus
1373 5033 1572 5091 liberos

12 5142 70 5181 us
106 5125 359 5191 dimisit,
385 5139 596 5179 necnon
627 5125 836 5179 honore
872 5123 1010 5179 allici
1066 5123 1408 5181 Christianos
1447 5126 1570 5196 jus-

11 5218 70 5279 it,
104 5219 373 5287 ipsisque
399 5231 458 5271 se
482 5231 755 5286 opponere
791 5215 975 5278 desiit.
1055 5245 1058 5248 ι

45 5311 250 5373 Porro,
287 5323 440 5362 anno
469 5308 682 5377 imperii
731 5305 910 5376 ipsius
947 5309 1188 5361 secundo
1237 5307 1570 5367 constitutus

11 5410 71 5455 εει
101 5399 410 5454 Evaristus
441 5398 749 5468 patriarcha
785 5397 994 5463 Romae,
1027 5398 1116 5452 ubi
1152 5413 1275 5450 cum
1320 5406 1443 5452 octo
1470 5413 1572 5452 an-

12 5506 79 5546 nos
116 5489 370 5545 sedisset
421 5497 671 5542 mortuus
699 5497 803 5544 est.
851 5488 1012 5542 Anno
1061 5487 1275 5556 imperii
1314 5487 1562 5557 ejusdem

15 5582 196 5636 ecimo
227 5575 555 5648 patriarcha
590 5578 774 5632 Roma:
802 5576 979 5633 factus
1000 5588 1084 5632 est
1119 5577 1442 5643 Alexander,
1475 5579 1567 5646 qui

11 5671 50 5726 bi
86 5673 284 5727 decem
321 5683 499 5726 annos
527 5668 683 5739 sedit,
714 5668 839 5728 dein
870 5679 1116 5735 mortuus
1141 5676 1245 5727 est.
1276 5667 1435 5727 Auno
1467 5671 1568 5726 lm-

1681 4495 1767 4541 tus
1792 4485 2098 4556 patriarcha
2141 4485 2563 4547 Alexandrinus,
2597 4483 2686 4537 ubi
2729 4483 2914 4538 decem
2944 4499 3120 4540 annos
3151 4500 3241 4540 se-

1675 4577 1775 4642 dit,
1814 4578 1938 4632 dein
1987 4584 2233 4630 mortuus
2274 4581 2375 4629 est.
2424 4573 2500 4628 Eo
2545 4582 2792 4643 tempore
2838 4575 3042 4630 reversi
3066 4573 3238 4628 Judaei

1677 4669 2067 4738 Hierosolyma,
2110 4683 2232 4722 cum
2265 4667 2612 4736 multiplicati
2652 4676 2840 4721 essent
2869 4668 3002 4720 adeo
3037 4676 3097 4718 ut
3136 4667 3240 4719 iui-

1675 4760 1911 4830 pleretur
1936 4758 2067 4825 ipsis
2099 4756 2248 4820 urbs,
2292 4769 2471 4826 regem
2507 4757 2608 4810 sibi
2643 4754 2911 4825 praeficere
2938 4755 3241 4808 constitue-

1676 4856 1843 4914 runt;
1884 4846 2026 4915 quod
2054 4859 2177 4898 cum
2203 4842 2440 4912 Trajano
2473 4845 2849 4897 renuntiatum
2873 4852 3039 4904 esset,
3074 4844 3238 4896 misso

1675 4939 1766 4994 ille
1796 4937 2169 5008 Hierosolyma
2197 4936 2336 4990 duce
2374 4949 2499 4989 cum
2535 4935 2848 5005 ingentibus
2877 4929 3047 5002 copiis
3079 4935 3240 4986 innu-

1677 5044 1856 5084 meros
1888 5026 2158 5082 interfecit
2202 5022 2442 5079 Iudaeos.
2496 5022 2699 5077 Contra
2751 5021 3042 5090 Trajanum
3076 5021 3235 5074 istum

1680 5121 1882 5192 prodiit
1935 5117 2116 5173 Babeli
2162 5117 2380 5170 rebellis
2419 5113 2662 5184 quidam,
2694 5121 2884 5167 contra
2919 5128 3080 5181 quem
3113 5128 3236 5182 pro-

1675 5211 1818 5277 fecto
1863 5208 2101 5276 Trajano
2151 5207 2285 5261 inita
2326 5217 2408 5260 est
2448 5205 2590 5257 inter
2626 5204 2775 5272 ipsos
2815 5218 2993 5273 pugna
3029 5205 3237 5257 acerri-

1675 5315 1782 5362 ma,
1819 5299 1870 5352 in
1907 5313 2012 5367 qua
2047 5297 2200 5350 multi
2247 5312 2310 5350 ex
2363 5304 2590 5361 utroque
2613 5291 2855 5346 exercitu
2901 5292 3031 5346 caesi
3087 5301 3232 5354 sunt,

1675 5393 1897 5461 ipseque
1942 5389 2212 5456 Trajanus
2237 5388 2289 5440 in
2318 5384 2504 5454 praelio
2535 5383 2857 5437 interfectus
2915 5383 3040 5435 Post
3072 5396 3233 5449 quem

1674 5479 1958 5552 imperavit
1989 5479 2166 5534 Elius
2218 5477 2492 5531 Adrianus
2525 5476 2684 5546 352
2722 5475 2902 5528 Οευεεη·
2934 5486 3106 5524 annos
3146 5471 3228 5522 vi-

1672 5575 1828 5646 ginti.
1864 5575 1961 5629 llic
2021 5579 2210 5628 contra
2271 5571 2523 5626 rebellem
2583 5570 2745 5623 istum
2823 5565 3063 5619 Babclem
3106 5579 3231 5631 pro-

1673 5667 1849 5724 fectus
1883 5666 2061 5737 ipsum
2087 5662 2407 5735 profligavit.
2440 5660 2569 5716 Dein
2605 5658 2895 5728 ngyptuut
2925 5654 3227 5711 contendit.
