3950 6348
726 341 829 402 987
1722 337 2087 400 EUTYCilll
2118 336 2316 395 ALEX

2324 334 2643 399 ANDRI‘NI
2679 340 2889 402 PATR.

727 456 920 510 Gravia
955 466 1132 513 autem
1163 459 1313 514 valde
1347 459 1415 512 ab
1440 474 1504 512 eo
1537 458 1680 528 passi
1714 466 1835 512 sunt
1868 457 2100 527 Egyptii
2151 461 2279 512 dum
2311 450 2354 504 Α
2383 462 2467 508 est
2498 453 2776 524 Benjamin
2796 455 3090 526 episcopus
3105 456 3643 528 Hierosolymitanus,
3669 461 3741 525 qui
3757 475 3848 524 pan.

731 557 981 609 homincs
1030 553 1097 607 ad
1158 554 1422 607 idnlorttm
1470 554 1676 607 cultum
1731 553 1994 623 adigeret,
2027 565 2190 621 quam
2217 550 2290 604 ob

731 656 956 698 causam
992 648 1192 701 mullos
1219 648 1386 701 etiam
1410 663 1439 701 e
1469 647 1818 706 Christianis.
1853 654 2029 700 morte
2062 642 2243 698 aﬂ‘ecit
2272 658 2288 695 :

729 734 871 789 inter
903 744 1129 793 ezeteros
1155 737 1272 794 Mar
1306 740 1570 794 Astatium
1612 753 1734 793 cum
1771 753 1938 792 uxore
1983 746 2036 790 et
2079 735 2292 789 duobus

732 827 893 892 filiis;
929 829 1130 897 quibus
1178 831 1385 886 scilicet
1440 831 1560 886 οιιω
1609 845 1771 885 aeneae
1829 827 2055 882 inclusis
2095 841 2290 895 aquam

733 913 1162 986 superfundens,
1205 919 1383 988 ignem
1413 919 1609 974 deinde
1653 918 1962 988 supposuit,
1999 916 2172 971 donec
2202 931 2296 971 co-

729 1023 1051 1078 querentur.
1090 1014 1284 1070 Gravis
1315 1024 1491 1070 autem
1525 1014 1670 1070 lilio
1709 1015 1952 1068 Adriano
1979 1015 2032 1068 in
2067 1027 2296 1081 corpore

732 1119 831 1157 suo
872 1105 1097 1166 morbus
1130 1107 1566 1176 accidit;quare
1607 1107 1733 1161 dum
1769 1108 1947 1161 varias
1984 1113 2297 1175 peragraret

737 1197 986 1264 regiones
1018 1198 1084 1252 ad
1118 1202 1415 1254 remedium
1446 1202 1658 1267 corpori
1685 1209 1737 1254 et
1780 1199 1970 1253 morbo
2017 1214 2118 1252 suo
2150 1213 2298 1267 quae-

734 1289 982 1356 rendum,
1019 1288 1389 1361 Hierosolyma
1413 1292 1511 1359 ipsi
1550 1292 1858 1352 laudarunt,
1889 1305 1996 1354 quo
2018 1306 2140 1343 cum
2175 1303 2298 1355 per-

737 1379 980 1434 venisset
1005 1381 1229 1450 ipsaque
1271 1393 1476 1437 vastata
1518 1383 1805 1442 inveniret,
1839 1382 1972 1435 adeo
2005 1389 2061 1432 ut
2089 1381 2296 1433 nullum

735 1465 805 1518 ibi
856 1463 1194 1540 [aediﬁcium]
1250 1478 1444 1538 praeter
1503 1470 1942 1524 Christianomm
2005 1471 2296 1524 ecclesiam

734 1565 899 1618 esset,
933 1558 1140 1612 exstrui
1178 1558 1344 1627 jussit
1377 1561 1562 1614 urbem
1599 1561 1742 1613 circa
1797 1560 2080 1628 templum,
2115 1573 2303 1612 muro-

735 1661 838 1714 que
867 1646 988 1701 iorti
1019 1650 1160 1719 cingi
1193 1669 1206 1704 :
1241 1651 1383 1720 quod
1413 1667 1532 1706 cum
1565 1653 1818 1706 audirent
1843 1649 2118 1715 Judei,ex
2150 1653 2300 1705 omni

733 1737 1037 1804 provincia,
1069 1740 1331 1808 onmique
1383 1744 1518 1797 urbe
1565 1742 1859 1807 conﬂuere,
1883 1741 2020 1797 adeo
2044 1751 2103 1795 ut
2153 1742 2298 1796 brevi

736 1831 996 1895 temporis
1046 1834 1226 1901 spatio
1287 1835 1602 1904 impleretur
1669 1835 1801 1904 ipsis
1855 1836 2009 1890 urbs.
2059 1834 2302 1902 Cumque

734 1922 891 1974 multi
932 1939 1159 1978 numero
1189 1912 1514 1986 evasissent,
1544 1942 1721 1996 regem
1774 1926 1880 1979 illis
1919 1927 2137 1995 numine
2167 1924 2300 1978 Bai-

739 2010 943 2078 juzium
981 2014 1357 2080 pr:rl'ecerunt.
1390 2014 1544 2080 Quod
1599 2031 1722 2070 cum
1757 2015 1899 2069 Elio
1931 2015 2174 2068 Adriano
2221 2029 2304 2066 re-

741 2105 1050 2157 nuntiatum
1087 2119 1254 2172 eSset,
1289 2108 1438 2160 misit
1475 2107 1561 2161 ille
1586 2108 1780 2160 ducem
1811 2122 1841 2160 e
1872 2107 1988 2161 suis
2016 2104 2302 2174 quemdam

742 2195 954 2261 magnis
1003 2194 1332 2250 instructum
1390 2197 1585 2264 copiis,
1621 2197 1714 2264 qui
1769 2197 1958 2250 urbem
2007 2194 2303 2252 obsideret.

743 2283 948 2339 Morlui
981 2301 1110 2355 ergo
1157 2297 1282 2341 sunt
1320 2287 1413 2357 qui
1458 2287 1510 2340 in
1558 2302 1619 2341 ea
1651 2295 1806 2341 erant
1834 2285 1973 2341 iame
2001 2294 2054 2341 et
2084 2286 2200 2342 siti.
2230 2285 2304 2339 Ea

731 2377 938 2431 deinde
969 2387 1125 2446 capta
1185 2393 1436 2449 magnam
1487 2376 1794 2441 Jndarorum
1832 2386 2069 2447 stragem
2111 2376 2303 2440 edidit,

731 2467 1043 2534 urbemque
1069 2468 1236 2522 diruit
1275 2469 1410 2522 adeo
1437 2477 1494 2521 ut
1518 2469 1785 2523 desertam
1818 2469 2171 2536 relinqueret.
2207 2467 2306 2520 Art-

730 2575 848 2627 .que
884 2561 987 2616 hoc
1019 2561 1267 2614 ultimum
1318 2560 1671 2632 353-355
1696 2572 1780 2640 est
1806 2559 2306 2630 Hierosolymorum

731 2653 1041 2709 excidium.
1074 2653 1316 2707 Fuerunt
1374 2661 1553 2707 autem
1586 2669 1616 2707 e
1649 2652 1876 2718 Iudaeis,
1901 2653 1995 2722 qui
2019 2651 2308 2723 Egyptum

747 2745 1012 2812 fugerent.
1051 2745 1144 2799 alii
1180 2746 1269 2810 qui
1319 2745 1530 2816 Syriam
1585 2757 1637 2798 et
1670 2747 1722 2797 in
1761 2753 1995 2804 montes.
2019 2752 2092 2796 κει
2129 2741 2308 2805 regio-

734 2850 868 2888 Inem
897 2836 1116 2905 Alganr.
1149 2834 1318 2890 Jussit
1343 2851 1470 2889 vero
1496 2851 1609 2897 rex,
1634 2850 1701 2888 ne
1723 2835 1845 2902 quis
1870 2832 2091 2887 Judaeus
2119 2833 2307 2886 urbem

749 2928 1036 2991 incoleret,
1089 2943 1277 2982 verum
1335 2926 1565 2981 interﬁci
1615 2927 1763 2996 ipsos
1811 2934 2090 2994 totamque
2120 2938 2308 2978 eorum

750 3019 970 3088 stirpem
1011 3019 1180 3074 deleri
1215 3036 1232 3081 ;
1278 3020 1465 3074 urbem
1499 3027 1677 3072 autem
1709 3033 1736 3070 a
1763 3015 1964 3070 Graecis
1999 3014 2226 3070 habitari
2255 3024 2310 3070 et

751 3117 817 3173 de
849 3113 1193 3185 imperatoris
1232 3113 1452 3167 nomine
1478 3110 1676 3165 Eliam
1703 3110 1960 3177 appellari
1992 3129 2006 3164 :
2038 3122 2206 3177 quare
2249 3104 2318 3180 ab

753 3222 818 3264 eo
857 3219 1103 3276 tempore
1131 3208 1280 3260 hunc
1317 3219 1490 3273 usque
1521 3203 1663 3257 diem
1689 3201 1830 3256 Elia
1857 3211 2082 3256 vocatur
2108 3215 2124 3254 ε
2153 3211 2315 3269 quara

755 3300 1098 3356 incoluerunt
1134 3297 1330 3361 Grzeci,
1364 3305 1418 3351 et
1468 3297 1533 3349 ad
1575 3304 1786 3365 portam
1825 3294 2018 3362 templis
2059 3308 2181 3362 qua:
2221 3293 2316 3346 AI-

755 3392 896 3446 Baha
927 3389 1205 3462 [pulchra]
1241 3388 1417 3452 audit,
1439 3401 1618 3442 arcem
1643 3393 1983 3444 struxerunt.
2015 3399 2178 3453 super
2207 3398 2316 3450 qua

756 3481 994 3538 tabulam
1046 3495 1298 3552 magnam
1343 3490 1660 3549 posuerunt,
1696 3478 2042 3545 imperatoris
2100 3476 2322 3531 nomine

759 3574 899 3630 lilio
931 3573 1272 3642 inscriptam,
1304 3573 1468 3639 idque
1492 3584 1636 3624 anno
1665 3568 1879 3638 imperii
1906 3566 2077 3636 ipsius
2102 3572 2319 3620 octavo.

760 3669 866 3720 Arx
927 3667 1030 3720 ista
1074 3663 1238 3720 hodie
1289 3663 1358 3718 ad
1388 3671 1598 3731 portam
1659 3658 2163 3729 Hierosolymorum
2217 3655 2322 3710 sita

759 3757 978 3813 Davidis
1007 3754 1314 3812 sacrarium
1360 3753 1686 3822 appellatur.
1721 3751 1839 3805 lam
1872 3751 1940 3805 ab
1966 3748 2183 3804 excidio
2215 3748 2325 3817 pri-

761 3866 848 3905 mo
864 3866 965 3920 per
994 3849 1176 3904 Titum
1199 3847 1346 3904 facto
1367 3847 1434 3901 ad
1463 3847 1567 3902 hoc
1596 3847 1823 3900 alterum
1853 3844 1979 3897 armi
2015 3849 2143 3898 sunt
2167 3840 2329 3910 quin-

759 3942 1021 4012 quaginta
1075 3948 1212 3996 tres.
1271 3938 1492 4008 Impleta
1543 3945 1724 3992 autem
1777 3944 1907 3990 sunt
1952 3931 2326 4002 Hierosolyma

765 4034 987 4098 Grecis,
1021 4033 1114 4103 qui
1150 4047 1276 4086 cum
1327 4030 1674 4086 Christianos
1707 4029 1970 4090 (iunctum,
2025 4023 2170 4081 istud
2228 4022 2330 4078 sub

764 4138 872 4194 quo
907 4131 1023 4176 erat
1057 4121 1402 4189 Sepulcrum,
1463 4127 1518 4173 et
1564 4116 1824 4173 Cranium
1859 4114 2027 4176 adire,
2053 4121 2218 4182 atque
2253 4110 2328 4166 ibi

761 4229 954 4284 preces
988 4213 1219 4266 fundere
1245 4211 1513 4271 viderent,
1537 4223 1635 4264 eos
1691 4207 1797 4262 hoc
1829 4205 2010 4260 facere
2037 4204 2332 4274 prohiben-

765 4317 849 4360 tes
883 4320 1052 4374 super
1101 4303 1284 4358 ilmeto
1315 4302 1573 4372 templum
1604 4298 1799 4356 Veneri
1826 4298 2068 4353 dicatum
2116 4305 2333 4352 struxe-

769 4405 916 4450 runt.

843 4489 998 4540 Anno
1026 4484 1235 4553 imperii
1267 4484 1387 4554 ejus
1409 4492 1562 4540 sexto
1593 4481 1926 4537 constitutus
1955 4487 2038 4534 est
2064 4479 2335 4550 Eugenius

771 4578 1078 4648 patriarcha
1114 4575 1410 4639 Romanus,
1446 4576 1536 4644 qui
1563 4590 1684 4629 cum
1711 4589 1884 4628 annos
1905 4574 2140 4641 qualuo’r
2167 4569 2337 4624 sedis-

768 4678 856 4724 sct
889 4677 1138 4721 mortuus
1167 4677 1269 4720 est.
1301 4670 1460 4719 Anno
1488 4665 1728 4732 ejusdem
1761 4663 1972 4718 decimo
2011 4662 2339 4716 constitutus

770 4768 858 4815 est
888 4756 1104 4812 aiarcus
1131 4755 1440 4826 patriarcha
1472 4755 1768 4820 Rounauus,
1797 4743 2089 4824 qui’annos
2113 4749 2342 4820 quinde-

778 4850 883 4904 cim
917 4849 1080 4912 sedit,
1106 4847 1230 4902 dein
1274 4856 1524 4901 mortuus
1551 4855 1654 4916 es).
1707 4847 1865 4898 Anno
1927 4856 2074 4897 nono
2125 4839 2339 4910 imperii

767 4940 900 5009 .ejus
931 4938 1104 4992 iactus
1143 4945 1226 4991 est
1253 4933 1539 4988 Cornelius
1583 4932 1891 5001 patriarcha
1935 4930 2332 4990 Antiochenus,

776 5030 878 5086 ubi
905 5044 1030 5084 cum
1071 5042 1244 5081 annos
1276 5023 1736 5095 asc-sudeam
1767 5021 1997 5077 sediSSet
2019 5021 2160 5075 diem
2185 5018 2342 5075 obiit.

784 5126 941 5179 Anno
976 5120 1184 5190 imperii
1237 5119 1354 5186 ejus
1382 5114 1624 5187 secundo
1664 5122 1880 5169 creatus
1925 5125 2008 5168 est
2040 5111 2338 5166 Eumenius

777 5213 1092 5284 patriarcha
1125 5207 1546 5271 Alexandrinus,
1571 5205 1661 5275 qui
1698 5219 1820 5258 cum
1847 5219 2019 5258 annos
2052 5203 2338 5258 duodecim

784 5307 1020 5361 sedisset
1053 5313 1300 5358 mortuus
1325 5309 1427 5354 est.
1452 5301 1610 5352 Anno
1638 5296 1879 5366 ejusdem
1910 5295 2120 5349 decimo
2146 5302 2340 5363 quarto

776 5399 1117 5454 constitutus
1145 5404 1229 5450 est
1253 5393 1562 5447 Marcianus
1587 5387 1892 5460 patriarcha
1922 5383 2344 5450 Alexandrinus,

783 5489 884 5558 qui
917 5496 1202 5558 postquam
1245 5498 1418 5538 annos
1458 5483 1646 5537 decem
1679 5479 1913 5535 sedisset
1965 5487 2210 5530 mortuus
2241 5483 2346 5529 est.

789 5580 950 5634 Anno
1000 5577 1211 5646 imperii
1270 5575 1392 5646 cjus
1419 5581 1616 5644 quarto
1675 5570 2005 5626 constitutus
2029 5575 2116 5624 est
2145 5565 2348 5621 Tobias

786 5673 1084 5742 cpiscopus
1143 5669 1693 5738 l-lierosolymitanus,
1721 5665 1811 5719 ubi
1843 5679 1966 5719 cum
2016 5671 2126 5718 tres
2179 5675 2350 5714 annos

791 5763 1026 5818 sedisset
1058 5771 1308 5819 mortuus
1341 5771 1441 5816 est.
1472 5760 1629 5813 Anno
1658 5755 1894 5827 ejusdem
1917 5754 2144 5825 septimo
2176 5749 2348 5807 factus

2391 561 2554 616 quam
2627 559 2802 602 annos
2877 556 2992 603 tres
3047 547 3277 601 sedisset
3324 557 3577 602 mortuus
3623 555 3712 600 est.
3760 551 3851 605 Arus

2390 637 2630 706 ejusdem
2663 638 2896 701 decimo,
2929 639 3102 692 iactus
3130 645 3213 691 est
3243 635 3764 706 Joannes'episcnpus
3784 639 3852 690 lli.

2394 727 2838 797 rosolymitanus.
2873 728 2965 796 qui
2995 743 3116 783 cum
3154 742 3325 782 annos
3363 729 3501 783 duos
3534 728 3744 783 sedisset
3765 746 3853 783 mor-

2395 827 2525 872 tuus
2582 827 2686 872 est.
2749 818 2904 871 Anno
2936 818 3175 886 ejusdem
3238 818 3449 874 decimo
3476 819 3633 872 tertio
3659 821 3855 873 iactusesi

2396 909 2715 965 Matathmus
2747 910 3032 980 episcOpus
3061 909 3600 982 Hierosolymitanus,
3621 912 3759 976 quiet
3778 914 3857 967 duos

2396 1012 2570 1052 annos
2604 997 2766 1060 sedit,
2796 999 2919 1053 dein
2967 1009 3217 1063 mqrtuus
3253 1008 3355 1054 est.
3385 999 3548 1053 Anno
3579 1000 3786 1067 ejusdem
3808 1004 3860 1054 de-

2395 1090 2540 1144 cimo
2587 1092 2780 1157 quinto
2831 1091 3159 1146 constitutus
3209 1100 3292 1146 est
3347 1091 3625 1161 Philippus
3663 1093 3864 1161 episcopis

2399 1179 2938 1250 llierosolymitanus,
2965 1183 3055 1250 qui
3087 1199 3211 1236 cum
3238 1199 3409 1238 annos
3432 1184 3596 1238 etiam
3624 1184 3742 1239 duos
3761 1187 3865 1239 sedis.

2399 1278 2479 1320 sct
2531 1280 2775 1324 mortuus
2831 1281 2935 1327 est.
2981 1276 3137 1327 Anno
3188 1274 3431 1342 eiusdem
3468 1276 3679 1329 decimo
3719 1280 3869 1346 septimo

2399 1359 2576 1414 factus
2603 1371 2686 1416 est
2713 1361 2917 1418 Seneca
2944 1364 3232 1433 episcopus
3281 1365 3798 1436 Hierosolymitanus,
3819 1371 3867 1433 qui

2399 1469 2601 1507 annum
2632 1472 2799 1509 unum
2832 1457 2995 1520 sedit,
3045 1457 3169 1511 dein
3223 1470 3469 1513 mortuus
3497 1469 3605 1514 est.
3629 1457 3765 1512 Anno
3783 1461 3871 1525 eius

2400 1547 2520 1600 dem
2570 1545 2782 1602 decimo
2826 1559 3019 1602 octavo
3052 1557 3267 1605 creatus
3300 1562 3385 1604 est
3426 1550 3618 1606 Justus
3672 1551 3870 1620 episcopis

2404 1637 2944 1709 llierosolymitsnus,
2977 1640 3064 1694 ubi
3093 1657 3215 1696 cmn
3247 1657 3419 1697 annos
3440 1644 3679 1711 quinque
3704 1645 3873 1710 sedisset,

2402 1746 2432 1785 e
2460 1731 2600 1785 viris
2628 1731 2884 1785 excessit.
2937 1731 3146 1787 Mortuo
3179 1745 3357 1788 autem
3415 1735 3564 1790 Elia
3614 1738 3871 1804 imperatore,

2406 1831 2528 1889 post
2575 1822 2750 1889 ipsum
2803 1819 2989 1876 Bonna:
3028 1838 3204 1880 annos
3254 1828 3439 1896 viginti
3490 1827 3633 1881 duos
3680 1825 3873 1892 imperavi:

2405 1913 2713 1968 Antoninus
2741 1915 2922 1970 Czesar
2951 1934 2965 1970 :
2998 1915 3154 1984 cujus
3177 1916 3382 1985 imperii
3413 1933 3557 1970 anno
3583 1919 3756 1986 quinto
3772 1920 3873 1973 facta

2404 2016 2490 2062 est
2557 2007 2818 2060 Anicetus
2873 2007 3180 2074 patriarcha
3209 1995 3608 2078 357-359‘
3637 2008 3872 2062 Romanus:

2405 2098 2547 2153 sedit
2606 2114 2781 2153 annos
2846 2100 3118 2162 undecim,
3161 2101 3286 2154 dein
3339 2111 3589 2155 mortuus
3637 2113 3732 2156 est.
3788 2104 3876 2155 Anne

2405 2189 2645 2258 ejusdem
2673 2189 2910 2271 decimo
2945 2198 3101 2245 sexto
3156 2191 3332 2245 factus
3366 2203 3451 2246 est
3498 2191 3794 2246 Soterichus
3830 2206 3878 2255 pi-

2405 2282 2647 2336 triarcha
2698 2280 2974 2335 Romanus
3007 2300 3020 2334 :
3058 2281 3198 2336 sedit
3233 2296 3405 2334 annos
3455 2284 3608 2345 oeto,
3647 2283 3755 2335 dein
3797 2299 3878 2335 rso:-

2411 2382 2534 2426 tuus
2580 2380 2686 2425 est.
2723 2371 2881 2424 Anno
2926 2371 3140 2438 imperii
3184 2370 3355 2439 ipsius
3396 2381 3602 2440 quarto
3647 2373 3881 2426 constitutas

2410 2470 2494 2516 est
2542 2460 2757 2515 Clarius
2799 2460 3110 2529 patriarcha
3163 2459 3584 2522 Alexandrinus,
3619 2460 3749 2514 sedit
3783 2475 3882 2511 anna

2416 2553 2691 2615 undecim,
2719 2551 2843 2605 dein
2873 2557 3124 2605 mortuus
3155 2558 3257 2604 est.
3292 2551 3452 2605 Anno
3485 2550 3726 2618 ejusdem
3752 2549 3882 2604 decisa

2411 2643 2609 2711 quinto
2637 2641 2967 2695 constitutus
2991 2622 3075 2695 est
3102 2628 3369 2709 Agrabius
3393 2642 3701 2708 patriarcha
3733 2640 3885 2693 Alem-

2411 2734 2626 2798 drinus,
2663 2733 2755 2800 qui
2805 2747 2976 2786 annos
3033 2731 3316 2786 duodecim
3346 2731 3512 2793 sedit,
3563 2731 3687 2785 dein
3726 2742 3887 2782 mauu-4

2412 2831 2520 2878 est.
2555 2822 2714 2877 Anno
2766 2822 2977 2889 imperii
3035 2821 3211 2891 ipsius
3264 2823 3425 2876 tertio
3465 2833 3683 2876 creatus
3708 2831 3777 2876 est
3811 2819 3890 2872 Enn

2415 2913 2728 2983 patriarcha
2780 2913 3160 2969 Anti'ocheuus
3192 2954 3208 2980 ,
3267 2915 3408 2969 sedit
3473 2915 3640 2968 annis
3696 2914 3849 2967 tredeci

2415 3005 2541 3058 dein
2569 2992 2725 3060 obiit'.
2757 3007 2912 3060 Anno
2935 3005 3178 3074 ejusdem
3202 3005 3419 3064 decimo
3464 3015 3624 3062 sexto
3647 3015 3828 3060 creatus
3850 3013 3890 3056 es

2343 3101 2387 3160 ο
2420 3096 2753 3167 Theophilus
2784 3097 3089 3166 patriarcha
3117 3097 3504 3159 Antiochenus.
3533 3099 3631 3168 qui
3660 3114 3769 3152 cum
3788 3111 3888 3149 arma

2410 3176 2606 3257 'viginti
2641 3204 2807 3242 unum
2827 3189 3058 3244 sedisset
3082 3197 3330 3242 mortuus
3355 3199 3460 3243 est.
3481 3189 3640 3244 Anno
3663 3188 3835 3258 imperii
3850 3187 3888 3252 ip-

2416 3282 2531 3337 sius
2565 3282 2742 3352 primo
2807 3282 3141 3338 constitutus
3169 3289 3251 3336 est
3294 3281 3420 3336 Levi
3455 3283 3738 3352 episcOpus
3772 3279 3887 3333 Hiera-

2417 3373 2812 3446 solymitanus;
2865 3375 3005 3428 sedit
3036 3389 3211 3429 annos
3253 3374 3515 3444 quinque,
3567 3373 3690 3427 dein
3726 3382 3885 3426 mortua

2417 3475 2519 3521 est.
2542 3467 2698 3520 Anno
2714 3463 2958 3534 ejusdem
2983 3475 3139 3520 sexto
3160 3464 3491 3519 constitutus
3507 3473 3594 3520 est
3617 3461 3888 3532 Ephremrré'

2420 3573 2622 3625 scopas
2663 3555 3225 3627 Hierosolymitanus;
3261 3554 3402 3612 sedit
3445 3570 3624 3610 annos
3661 3554 3799 3614 duos,
3825 3551 3888 3602 dein

2425 3660 2671 3702 mortuus
2699 3656 2803 3702 est.
2830 3647 2987 3700 Anno
3011 3642 3256 3713 ejusdem
3280 3657 3475 3702 octavo
3497 3645 3677 3700 factus
3695 3654 3768 3699 est
3791 3644 3891 3695 Ars:-

2423 3737 2550 3790 nius
2565 3737 2854 3804 episcopus
2871 3733 3415 3805 ﬂlerosolymitanus.
3433 3734 3526 3802 qui
3540 3748 3666 3788 cum
3685 3743 3823 3786 annos
3837 3741 3892 3779 IN

2427 3827 2660 3882 sedisset
2689 3836 2941 3881 mortuus
2971 3835 3077 3882 est.
3105 3826 3259 3879 Anno
3279 3824 3522 3890 ejusdem
3548 3823 3809 3879 undecimo
3823 3832 3892 3873 csa-

2426 3918 2652 3973 stitutus
2682 3915 2823 3970 Juda
2879 3917 3172 3986 episcopus
3205 3914 3741 3985 ilicrosolymitanus,
3767 3906 3894 3964 dull!

2429 4008 2589 4064 annis
2610 4008 2772 4071 sedit,
2798 4005 2923 4061 dein
2952 4006 3107 4062 obiit.
3133 4004 3250 4060 Jam
3288 4019 3416 4060 vero
3449 4019 3479 4058 a
3504 4003 3707 4060 Jacobo
3732 3999 3894 4074 «mea

2438 4099 2941 4170 llierosolymitano
2995 4097 3196 4167 primo,
3242 4109 3417 4164 usque
3453 4095 3520 4150 ad
3574 4093 3758 4149 ludam
3802 4091 3890 4142 ista

2417 4191 2682 4262 ejusdem
2715 4191 2817 4245 loci
2838 4190 3193 4260 episcopum,
3224 4187 3443 4243 luerunt
3465 4186 3730 4258 episcopi,
3756 4175 3890 4252 quid

2435 4283 2525 4339 isti
2577 4281 3030 4352 praeﬁciebantur,
3065 4278 3400 4333 circumcisi.
3429 4276 3592 4331 Anno
3621 4273 3803 4342 imperii
3837 4272 3891 4319 Ar-

2438 4375 2610 4430 tonini
2635 4373 2849 4429 decimo
2898 4371 3060 4425 tertio
3097 4370 3428 4424 constitutus
3461 4376 3549 4422 est
3577 4367 3733 4438 360
3767 4361 3890 4417 litat!

2364 4441 2408 4496 θ
2447 4467 2739 4534 episcopus
2776 4461 3323 4529 Hierosolymitanus,
3351 4458 3440 4512 ubi
3463 4474 3640 4538 annos
3669 4468 3775 4512 octo
3801 4452 3889 4506 salit

2436 4557 2564 4611 dein
2607 4563 2859 4608 mortuus
2891 4561 2997 4606 est.
3047 4552 3204 4606 Anno
3235 4549 3483 4618 ejusdem
3519 4552 3764 4604 vicesimo
3797 4542 3888 4613 prii!j

2437 4658 2654 4702 creatus
2682 4652 2766 4698 est
2788 4644 3083 4698 Cassianus
3110 4644 3402 4713 episcopus
3447 4639 3888 4712 liierosolymitan'a

2438 4738 2532 4812 qui
2558 4753 2679 4791 cum
2711 4750 2886 4790 annos
2923 4735 3161 4804 quinque.
3197 4733 3429 4789 sedisset
3462 4733 3609 4788 diem
3640 4732 3774 4786 obiit.

2509 4827 2722 4884 Mortuo
2744 4824 3019 4880 Antonino
3046 4823 3279 4886 Caesare,
3315 4822 3417 4892 ipsi
3447 4822 3507 4879 in
3537 4823 3753 4892 imperio
3770 4823 3888 4872 sucus

2442 4922 2516 4978 sit
2545 4919 2777 4986 “arcus,
2813 4918 2905 4987 qui
2937 4917 3191 4970 Aurelius
3217 4915 3419 4980 (ἔθεεν,
3453 4929 3555 4970 nec
3585 4930 3690 4970 non
3722 4906 3886 4965 Antoni!

2443 5023 2496 5069 et
2518 5014 2691 5068 Verus
2715 5009 3014 5078 appellatus
3036 5011 3141 5068 cst,
3162 5008 3253 5076 qui
3272 5021 3396 5060 cum
3429 5020 3607 5061 annos
3634 4997 3886 5060 novemdetil

2447 5106 2770 5174 imperasset
2794 5116 2824 5154 e
2852 5100 2993 5156 vivis
3017 5098 3274 5153 excessit.
3300 5095 3507 5169 Magn;
3535 5097 3625 5151 hic
3649 5085 3884 5150 calamitatis.

2447 5204 2500 5249 et
2531 5196 2767 5250 tristitiae
2794 5194 3067 5249 diuturna
3097 5189 3427 5253 Christianis
3475 5199 3667 5244 auctor
3700 5186 3793 5241 fuit.
3818 5179 3884 5230 ωά·

2449 5290 2522 5342 tis
2553 5287 2656 5342 sub
2679 5288 2798 5356 ipso
2842 5283 3158 5356 martyrium
3213 5282 3412 5353 passis.
3446 5279 3578 5350 Ejus
3608 5287 3807 5346 tempore
3833 5276 3884 5316 ⁵³⁵

2451 5394 2554 5448 gna
2614 5378 2718 5434 fuit
2766 5377 2961 5438 fames,
3019 5374 3366 5441 siccitasque,
3396 5380 3451 5425 et
3501 5374 3690 5442 pestis,
3717 5367 3808 5420 dum

2452 5445 2730 5526 biennium
2763 5484 2870 5522 nun
2900 5468 3128 5536 plueret,
3154 5466 3288 5519 adeo
3316 5473 3376 5517 ut
3408 5478 3598 5532 parum
3627 5462 3800 5514 abessel
3819 5445 3882 5514 455‘

2452 5573 2506 5617 et
2550 5576 2644 5616 rex
2677 5571 2728 5614 et
2759 5559 2989 5628 populus
3035 5554 3461 5624 imperioipsius
3502 5552 3739 5608 subditus
3759 5545 3881 5597 iam?

2453 5661 2605 5724 peste
2628 5653 2864 5722 perirent
2886 5669 2898 5703 :
2925 5649 3019 5722 qui
3033 5663 3160 5717 ergo
3175 5647 3516 5702 Christianos
3535 5639 3878 5725 rogarunluii"

2448 5723 2617 5804 .cihus
2640 5761 2668 5800 a
2692 5743 2922 5800 Domino
2938 5757 3040 5799 suo
3051 5740 3286 5810 pluviam
3308 5739 3679 5804 impetrarent.
3709 5723 3876 5790 lilisisi’ii

2333 1779 2376 1831 Β
