3950 6348
128 379 222 441 989

1518 381 1887 441 ANNALES-

3201 388 3305 452 9'31)

129 505 299 558 preces
322 490 387 545 ad
427 492 711 547 Dominum
761 493 1137 560 fundentibus,
1178 512 1424 565 magnam
1463 498 1654 566 pluvia:
1683 498 1724 552 Α
1755 498 1844 551 ubi
1880 506 2024 552 esset
2072 497 2315 567 ipsorum
2369 498 2625 554 dominus
2672 498 2774 567 ipsi
2835 500 3157 561 iudicarent,
3203 504 3300 567 illi,

122 570 323 647 copiam
349 582 590 647 demisit,
630 599 735 652 quo
763 594 921 653 pacto
950 587 1159 653 sublata
1200 597 1286 643 est
1314 598 1366 643 et
1401 589 1570 645 fames
1602 598 1654 643 et

125 676 299 743 pestis.
337 675 447 730 Sub
471 676 590 743 ipso
618 678 671 728 in
695 673 897 732 Graecia
920 677 1103 733 ﬂoruit
1133 679 1375 746 Magnius
1412 682 1653 749 sapiens.

121 768 264 820 Anno
292 767 499 835 imperii
524 768 766 834 ejusdem
790 770 1026 824 secundo
1050 774 1377 830 constitutus
1393 783 1473 827 est
1495 773 1656 828 Eleu-

122 858 314 913 tberius
358 858 669 926 patriarcha
718 858 1020 926 Romanus,
1048 864 1137 930 qui
1167 876 1448 932 postquam
1478 880 1653 920 annos

119 952 411 1019 quindecim
444 948 700 1015 sedisset,
735 961 981 1010 mortuus
1009 966 1114 1010 est.
1147 955 1363 1022 Imperii
1408 956 1649 1026 ejusdem

120 1056 251 1095 anno
272 1040 482 1094 decimo
526 1044 758 1111 septimo
782 1043 956 1100 factus
986 1044 1171 1101 Victor
1210 1046 1395 1101 Romae
1425 1047 1653 1115 patriar-

119 1134 212 1187 cha
243 1132 425 1186 decem
453 1147 628 1187 annos
688 1133 845 1196 sedit.
894 1136 1015 1190 dein
1061 1148 1308 1203 mortuus
1344 1145 1447 1191 est.
1498 1138 1656 1190 Anno
1710 1126 1721 1139 ’

116 1214 343 1298 ejusdem
376 1223 567 1289 quinto
602 1225 929 1281 constitutus
968 1237 1047 1281 est
1069 1226 1320 1280 Julianus
1350 1227 1653 1295 patriarcha

115 1313 508 1371 Alexandrinus
541 1331 822 1383 annosque
851 1316 1033 1370 decem
1064 1317 1222 1381 sedit,
1245 1316 1367 1372 dein
1409 1329 1654 1372 mortuus

114 1413 210 1457 est.
258 1401 414 1457 Anno
472 1404 681 1458 decimo
737 1406 1087 1477 361-363
1110 1407 1301 1476 quinto
1324 1410 1654 1463 constitutus

118 1508 193 1551 est
230 1498 533 1555 Demetrius
568 1501 872 1569 patriarcha
910 1501 1332 1565 Alexandrinus,
1357 1504 1452 1570 qui
1481 1518 1653 1556 annos

116 1588 467 1655 quadraginta
506 1599 618 1645 tres
646 1590 808 1653 sedit,
842 1589 964 1643 dein
990 1599 1238 1644 mortuus
1278 1600 1380 1645 est.
1434 1590 1654 1647 Primus

115 1680 199 1733 ille
230 1680 660 1745 patriarcharum
697 1680 982 1747 episcopos
1012 1681 1063 1733 in
1095 1678 1310 1750 Egypti
1341 1680 1543 1734 ditione
1566 1695 1657 1731 on-

1754 604 1868 657 prm
1895 589 2059 641 animi
2094 591 2450 659 generositate
2481 606 2542 644 ac
2584 591 2787 644 domini
2821 592 2903 646 sui
2932 594 3173 646 servandi
3206 594 3303 648 de-

1754 682 1978 745 siderio,
2009 682 2135 737 illud
2168 683 2345 739 facere
2374 694 2695 739 recusarunt
2731 701 2745 737 :
2782 690 2835 737 et
2884 684 2953 737 ab
3001 685 3304 738 Alexandro

1755 773 1819 827 ad
1874 774 2199 828 Pcreunium
2254 790 2427 828 annos
2463 775 2632 831 fuisse
2681 776 3005 844 quingentos
3058 785 3111 828 et
3146 777 3303 828 sede-

1754 866 1855 919 cim
1893 882 1907 919 :
1938 866 2101 934 idque
2133 879 2273 917 anno
2306 866 2518 933 imperii
2554 866 2837 921 Commodi
2864 866 3097 919 Caesaris
3125 865 3309 935 365-

1752 956 1912 1026 367
1945 972 2107 1010 nono.
2136 956 2257 1010 Haec
2276 957 2535 1013 Galenus.

1826 1048 2029 1101 Floruit
2052 1050 2215 1101 etiam
2268 1046 2510 1113 ejusdem
2544 1058 2783 1117 tempore
2816 1048 3169 1104 Democrates
3206 1064 3308 1101 sa-

1756 1140 1931 1208 piens.
1979 1139 2139 1193 Anno
2178 1140 2397 1209 imperii
2443 1141 2612 1208 ipsius
2641 1151 2829 1195 octavo
2855 1150 3066 1195 creatus
3096 1151 3177 1195 est
3205 1140 3309 1195 1e-

1755 1232 2003 1299 phiriuus
2046 1218 2366 1301 patriarcha
2402 1232 2697 1297 Romanus,
2730 1234 2819 1300 qui
2864 1248 3035 1286 annos
3086 1234 3305 1287 octodev

1755 1324 1859 1376 cim
1889 1322 2045 1391 sedit,
2085 1324 2206 1378 dein
2242 1331 2482 1379 mortuus
2506 1333 2609 1377 est.
2641 1324 2794 1377 Anno
2821 1325 2936 1391 ejus
2967 1324 3156 1392 quinto
3182 1338 3311 1377 con-
3394 1326 3399 1331 ’

1753 1414 1977 1469 stitutus
2005 1423 2091 1469 est
2112 1414 2371 1484 Serapion
2428 1415 2732 1483 patriarcha
2778 1415 3171 1477 Antiochenus,
3216 1416 3310 1481 qui

1752 1518 1873 1559 cum
1920 1506 2107 1561 decem
2165 1521 2339 1561 annos
2388 1508 2639 1568 sedisset,
2692 1516 2937 1560 mortuus
2995 1515 3097 1559 est.
3157 1511 3312 1558 Anno

1752 1596 1992 1663 ejusdem
2018 1592 2192 1666 primo
2215 1590 2658 1653 constitutus'est
2703 1596 3067 1668 Symmachus
3094 1598 3311 1665 episco-

1757 1702 1856 1753 pus
1879 1684 2422 1758 Hierosolymitauus,
2449 1689 2534 1743 ubi
2562 1704 2683 1743 cum
2711 1689 2847 1743 duos
2887 1694 3055 1742 annos
3082 1688 3310 1742 sedisset

112 1770 328 1823 dinavit.
362 1771 518 1823 Anno
548 1770 758 1838 imperii
783 1771 1028 1839 ejusdem
1053 1771 1264 1826 decimo
1288 1772 1478 1839 quinto
1504 1786 1655 1825 crea-
1685 1813 1726 1867 Β
1758 1786 2003 1833 mortuus
2034 1786 2140 1834 est.
2176 1780 2336 1835 Anno
2380 1780 2496 1846 ejus
2525 1782 2681 1834 tertio
2712 1783 2889 1837 factus
2920 1792 3003 1836 est
3038 1783 3313 1836 Cabianus

112 1871 189 1915 tus
215 1871 298 1915 est
338 1860 606 1915 Maximus
635 1862 940 1928 patriarcha
988 1863 1383 1923 Antiochenus,
1424 1862 1515 1915 ubi
1553 1877 1652 1914 no-

113 1968 222 2004 vem
260 1968 433 2007 annos
458 1953 619 2019 sedit,
648 1952 773 2005 dein
810 1964 1059 2009 mortuus
1088 1964 1192 2008 est.
1231 1956 1385 2007 Anno
1411 1954 1653 2019 ejusdem

110 2050 297 2110 quarto
331 2043 511 2095 factus
538 2052 621 2097 est
649 2041 918 2097 Eusebius
950 2042 1241 2110 episcopus
1266 2041 1656 2111 Hierosolymio

110 2145 281 2201 ianus,
308 2136 400 2203 qui
448 2150 573 2187 cum
617 2150 791 2189 annos
821 2136 957 2190 duos
996 2135 1227 2189 sedisset
1260 2144 1506 2190 mortuus
1554 2147 1654 2191 est.

111 2214 256 2280 Anno
281 2225 407 2294 ejus
434 2235 589 2280 sexto
624 2234 845 2281 creatus
869 2234 953 2279 est
986 2223 1163 2279 Julius
1191 2226 1499 2295 patriarcha
1534 2227 1659 2281 Hie-

116 2318 551 2389 rosolymitanus,
604 2318 694 2386 qui
723 2333 847 2371 cum
879 2333 1052 2372 annos
1080 2318 1216 2373 duos
1257 2319 1485 2373 sedisset
1513 2334 1659 2373 mor-

111 2417 232 2461 tuus
262 2415 367 2461 est.
417 2408 576 2462 Anno
624 2407 863 2483 ejusdem
897 2407 1111 2463 decimo
1158 2407 1334 2462 factus
1382 2417 1466 2463 est
1489 2409 1659 2465 Maxi-

108 2514 228 2572 mus
256 2500 546 2568 episcopus
578 2499 1121 2569 liierosuiymitanus,
1153 2502 1247 2571 qui
1302 2517 1475 2557 annos
1513 2519 1655 2571 qua-

107 2600 224 2645 tuor
268 2590 435 2654 sedit,
470 2590 595 2645 dein
636 2599 881 2646 mortuus
907 2600 1008 2645 est.
1038 2593 1194 2646 Anno
1229 2593 1470 2661 ejusdem
1504 2593 1657 2647 deci-

106 2697 190 2737 mo
237 2682 433 2751 quinto
466 2679 668 2734 ibidem
722 2680 1055 2735 constitutus
1088 2689 1171 2734 est
1218 2681 1507 2749 episcopus
1555 2681 1654 2735 Ju-

104 2772 292 2837 lianus,
326 2774 421 2844 qui
458 2787 579 2829 cum
604 2774 743 2827 duos
776 2788 949 2827 annos
970 2772 1203 2827 sedisset
1240 2782 1490 2828 mortuus
1526 2782 1649 2828 est:

104 2880 241 2919 anno
270 2872 451 2920 autem
485 2863 693 2918 decimo
708 2863 937 2932 septimo
964 2862 1188 2926 Gabius,
1221 2864 1313 2932 qui
1341 2871 1452 2917 tres
1478 2877 1651 2919 annos

103 2957 252 3019 sedit,
280 2956 404 3011 dein
427 2964 676 3010 mortuus
705 2964 810 3009 est.
846 2954 921 3009 Eo
946 2964 1188 3024 tempore
1215 2955 1436 3023 scripsit
1465 2956 1655 3009 Deme-

102 3044 233 3099 trius
265 3044 575 3115 patriarcha
622 3044 1027 3099 Alexandrinus
1055 3044 1123 3098 ad
1159 3044 1390 3100 Gabium
1442 3045 1656 3115 episco-

1757 1864 2039 1938 episcOpus
2088 1868 2645 1939 Hierosolymitanus,
2679 1876 2769 1941 qui
2806 1888 2928 1926 cum
2984 1885 3094 1927 tres
3141 1888 3312 1927 annos

1758 1961 2008 2023 sedisset,
2068 1969 2315 2016 mortuus
2346 1966 2464 2016 est.
2498 1964 2655 2016 Anno
2688 1963 2806 2030 ejus
2847 1973 2997 2018 sexto
3032 1964 3203 2019 factus
3231 1975 3313 2017 est

1756 2049 2003 2106 Julianus
2025 2051 2311 2120 episcOpus
2346 2052 2889 2123 Hierosolymitanus.
2912 2056 3006 2123 qui
3038 2070 3159 2109 cum
3186 2069 3317 2123 qua-

1758 2150 1882 2196 tuor
1929 2157 2101 2197 annos
2146 2143 2373 2198 sedisset
2410 2134 2656 2199 mortuus
2697 2157 2804 2199 est.
2851 2146 3010 2199 Auno
3064 2144 3310 2212 ejusdem

1760 2231 2047 2286 undecimo
2090 2236 2529 2287 constitutus‘est
2560 2232 2705 2287 Elias
2737 2234 3025 2302 episc0pus
3058 2233 3313 2286 HierOso-

1759 2321 2067 2390 lymitanus,
2097 2324 2187 2392 qui
2224 2323 2361 2377 duos
2395 2338 2566 2378 annos
2589 2323 2749 2387 sedit,
2780 2324 2901 2377 dein
2936 2332 3183 2378 mortuus
3206 2332 3309 2377 est.

1756 2413 1915 2485 Anno
1949 2414 2160 2485 imperii
2184 2415 2358 2484 ipsius
2380 2414 2613 2476 decimo,
2636 2415 2807 2467 exorti
2841 2415 3016 2470 Persre
3046 2415 3313 2477 Babelem.

1760 2484 2041 2571 Amidum,
2079 2514 2132 2558 et
2185 2504 2419 2559 Persiam
2459 2511 2843 2573 occuparunt,
2908 2502 3094 2576 [duce]
3128 2520 3317 2573 nempe

1758 2596 2057 2650 Azdashiro
2084 2595 2194 2651 ﬁlio
2226 2594 2443 2661 Babeci,
2476 2596 2569 2648 filii
2602 2595 2818 2660 Sasani,
2865 2595 3196 2659 Estochrita,
3225 2595 3314 2662 qui

1760 2688 1967 2756 primus
2000 2702 2205 2755 regum,
2232 2687 2409 2758 denuo
2443 2687 2494 2739 in
2529 2685 2769 2740 Persiam
2804 2687 3082 2756 regnavit,
3126 2687 3319 2741 litteris

1761 2778 1826 2831 ad
1870 2791 2057 2831 omnes
2089 2787 2198 2831 tum
2248 2777 2351 2831 sibi
2406 2778 2613 2833 vicinos
2641 2777 2836 2832 Persia)
2882 2794 3055 2847 reges,
3089 2789 3196 2832 tum
3226 2780 3316 2847 qui

1763 2868 1977 2938 longius
2008 2868 2060 2921 in
2089 2869 2212 2922 aliis
2248 2870 2473 2923 aberant
2513 2869 2837 2938 provinciis,
2870 2869 3104 2923 tribuum
3141 2882 3317 2937 reges.

1758 2959 1918 3024 datis,
1945 2959 2141 3028 quibus
2178 2959 2327 3027 ipsos
2372 2960 2439 3014 ad
2485 2960 2588 3015 sibi
2618 2959 3042 3013 assentiendum
3075 2968 3138 3012 er
3159 2974 3313 3025 opem

1762 3051 2035 3106 ferendam
2064 3050 2361 3113 invitavit,
2405 3068 2643 3107 monens
2694 3068 2763 3105 ne
2807 3052 2907 3119 ipsi
2964 3052 3217 3105 adversos
3261 3067 3320 3105 se

104 3151 225 3205 [tum
300 3134 878 3207 llieroso'ymilauums
941 3135 1233 3191 Minimum
1288 3136 1653 3203 Ρθιτίποῑηηι
1684 3161 1726 3220 ο
1758 3143 2094 3213 praeberent,
2133 3150 2360 3197 mortem
2386 3152 2439 3196 et
2476 3156 2665 3213 poenas
2696 3143 2741 3196 si
2774 3142 2825 3196 id
2863 3140 3104 3196 facerent
3138 3142 3318 3194 mina-

101 3228 519 3294 Antiocbenum,
553 3237 610 3283 et
650 3228 923 3284 Victorem
954 3230 1321 3298 patriarcbam
1347 3227 1655 3284 Romanum

102 3321 166 3381 de
191 3322 405 3377 ratione
427 3321 670 3391 computi
695 3320 977 3376 Paschalis
1002 3327 1059 3375 et
1088 3319 1285 3388 jejunii
1315 3318 1661 3376 Christiano-

102 3427 243 3480 rum,
261 3422 319 3473 et
352 3413 651 3483 quomodo
676 3425 708 3466 a
757 3410 1027 3467 Paschate
1079 3410 1391 3465 Judaeorum
1423 3410 1659 3466 deduca-

103 3511 225 3569 tur;
252 3501 322 3559 de
361 3515 470 3572 qua
507 3516 573 3558 re
609 3501 813 3557 multos
852 3510 1151 3556 exararunt
1181 3500 1349 3555 libros
1368 3509 1432 3554 .et
1455 3498 1659 3569 episto-

102 3590 205 3660 las,
226 3593 406 3648 donec
438 3606 505 3647 eo
533 3591 626 3660 qui
657 3591 767 3660 jam
794 3589 1112 3645 observatur
1148 3588 1311 3645 modo
1323 3586 1661 3647 Christiano-

103 3701 219 3741 rum
270 3685 484 3742 Pascba
528 3685 970 3748 constituerent;
1011 3684 1176 3753 idque
1198 3682 1327 3754 quia
1354 3682 1652 3738 Christiani

106 3784 224 3844 post
262 3791 565 3832 ascensum
585 3775 799 3832 Domini
828 3774 992 3847 365.
1016 3775 1217 3830 Christi
1245 3775 1525 3839 incretos,
1564 3773 1659 3829 ubi

104 3867 296 3923 festum
321 3866 578 3936 baptismi
608 3866 999 3929 celebrassent,
1021 3866 1109 3931 die
1131 3852 1656 3934 crastinojejunium

104 3958 467 4030 quadraginta
496 3956 972 4029 dierumtincipere
996 3958 1277 4035 solebant,
1306 3959 1447 4027 quod
1469 3957 1661 4012 deinde

103 4052 413 4115 solvebant,
447 4051 591 4107 sicut
641 4049 775 4105 fecit
834 4049 1097 4122 Dominus
1146 4049 1423 4114 Christus,
1474 4056 1679 4118 utpote:

103 4142 193 4209 qui
224 4150 517 4213 postquam
551 4140 859 4209 baptizatus
890 4140 947 4195 in
986 4138 1226 4195 Jordane
1256 4140 1452 4195 fuisset
1482 4143 1536 4193 in
1565 4138 1659 4194 de-

104 4227 621 4297 ssrttsm'ablit,.ubi
657 4232 1010 4306 quadraginta
1040 4234 1158 4290 dies
1187 4234 1408 4304 jejunus
1439 4235 1656 4289 mansit.

108 4324 270 4399 iidem
292 4338 424 4378 cum
456 4321 629 4378 Judmi
661 4322 871 4399 Pascha
917 4324 1258 4380 celebrarent
1288 4325 1433 4379 idem
1464 4326 1659 4380 obser-

105 4394 305 4475 varunt
339 4417 564 4473 festum.
598 4417 677 4472 Ita
706 4394 841 4487 ergo
873 4424 1186 4473 statuerunt
1206 4418 1535 4487 patriarcha
1568 4418 1681 4473 isti:

1760 3246 1868 3290 tus.
1904 3234 1983 3290 Ad
2031 3250 2169 3305 quos
2201 3249 2333 3305 ergo
2362 3233 2450 3289 ubi
2501 3235 2868 3303 pervenissent
2893 3233 3087 3287 litteras
3123 3243 3176 3286 et
3206 3233 3323 3301 epi-

1760 3328 1931 3390 stolae.
1969 3327 2127 3383 valde
2156 3327 2232 3381 illi
2268 3327 2503 3392 timere;
2537 3327 2627 3380 alii
2662 3326 2804 3381 ultro
2840 3326 3006 3395 368
3032 3325 3275 3379 obsecuti
3304 3363 3319 3385 ,

1763 3418 1976 3488 ipsique
2003 3419 2068 3471 ad
2104 3432 2261 3488 opem
2302 3416 2376 3470 illi
2430 3417 2703 3472 ferendam
2751 3417 2980 3486 proiecti
3020 3424 3183 3477 sunt,
3231 3413 3319 3487 alii

1758 3508 2028 3566 donecrad
2078 3510 2225 3580 ipsos
2279 3510 2564 3564 accederet
2598 3517 2902 3569 manentes,
2955 3518 3064 3560 tum
3117 3506 3198 3561 vel
3246 3504 3321 3557 illi

1760 3611 1954 3675 sponte
1986 3602 2451 3671 obsequebantur,
2484 3601 2565 3655 vel
2602 3599 2753 3654 inviti
2808 3599 3011 3654 servire
3055 3584 3323 3666 cogeban-

1758 3703 1870 3760 tur,
1904 3693 2009 3749 alii"
2033 3707 2241 3748 moram
2266 3700 2562 3746 traxerunt
2598 3691 2772 3745 donec
2812 3689 3012 3744 caedem
3040 3700 3093 3744 et
3130 3687 3322 3743 interi~

1760 3794 1874 3841 tum
1898 3793 2230 3856 paterentur.
2268 3780 2434 3839 Nemo
2466 3788 2645 3837 autem
2683 3781 2755 3835 illi
2790 3780 3106 3849 obsequium
3143 3786 3325 3832 matu-

1759 3878 1876 3932 rius
1908 3868 2189 3948 praestitit,
2214 3874 2374 3945 quem
2399 3888 2508 3929 non
2540 3874 2888 3928 beneficentia
2922 3887 3018 3926 sua
3054 3886 3315 3924 remune-

1758 3968 1926 4041 ravit,
1954 3966 2168 4037 ipsique
2193 3965 2518 4036 dignitatem
2556 3964 2728 4025 auxit.
2775 3963 2931 4017 titulo
2966 3963 3142 4017 solum
3179 3961 3325 4030 regis

1700 4094 1718 4113 ς
1758 4067 2003 4128 excepto,
2024 4073 2134 4128 quo
2162 4057 2457 4121 neminem,
2489 4055 2611 4131 ipso
2642 4063 2891 4124 excepto,
2919 4053 3167 4124 insigniri
3198 4068 3323 4122 per-

1760 4148 2243 4226 missumsNeque
2277 4162 2305 4201 a
2337 4146 2546 4201 ditione
2578 4145 2645 4200 ad
2673 4146 2959 4206 ditionem,
3000 4160 3028 4196 a
3070 4159 3236 4212 regno
3258 4143 3323 4197 ad

1748 4244 1989 4311 regnum
2015 4278 2033 4305 ,
2056 4254 2097 4294 ‘a
2122 4239 2352 4319 regione
2389 4238 2454 4291 ad
2491 4238 2764 4307 regionem
2812 4236 3041 4290 transire
3080 4234 3324 4297 destitit.

1758 4333 1933 4388 donec
1952 4330 2016 4384 ad
2046 4329 2231 4384 urbem
2261 4318 2502 4393 Saturni,
2538 4343 2658 4398 quae
2684 4334 2765 4412 est
2789 4344 2818 4381 e
2841 4327 3059 4395 regione
3084 4325 3324 4389 Mascen,

1760 4420 2123 4492 pervenisset,
2142 4433 2263 4490 qua
2286 4426 2341 4474 ct
2365 4422 2473 4472 Arx
2508 4418 2826 4487 appellatur,
2853 4416 2906 4471 in
2934 4431 3039 4485 qua
3070 4430 3128 4469 se
3150 4416 3327 4468 muni-

107 4507 390 4563 Paschalis
414 4515 758 4577 computum,
784 4516 851 4561 'ut
873 4507 1183 4578 jejunarent
1207 4504 1662 4580 Cliristianiqua-
1691 4509 1737 4567 Β
1763 4520 1913 4569 verat
1939 4527 2038 4567 rex
2065 4510 2359 4566 Aisavradi.
2404 4508 2555 4563 Illam
2609 4508 2863 4563 diuturna
2894 4505 3178 4561 obsidione
3210 4506 3329 4558 ciu-

105 4602 346 4672 draglnta
371 4598 519 4662 dies,
552 4599 751 4655 deinde
782 4599 871 4655 die
912 4598 1197 4657 Paschalis
1236 4599 1503 4670 jejunium
1527 4602 1659 4657 ‘sol-

106 4700 337 4755 verem...
964 4680 967 4685 ’

170 4783 317 4841 Obiit
347 4791 528 4840 autem
560 4783 775 4841 larens
798 4785 981 4840 Caesar
1011 4786 1325 4854 imperator,
1359 4782 1660 4852 imperante

110 4888 233 4942 post
293 4877 476 4948 ipsum
542 4876 727 4931 Romae
764 4876 1062 4933 Commodo
1109 4876 1346 4939 Caesare,
1398 4874 1657 4931 Antonini

110 4969 237 5031 lilio,
271 4982 442 5032 annos
473 4968 776 5023 duodecim.
802 4968 943 5034 Eius
964 4980 1207 5039 tempore
1228 4966 1410 5025 ﬂoruit
1437 4967 1490 5019 iu
1514 4966 1663 5021 Gne-

106 5074 290 5114 corum
330 5059 558 5120 ditione.
611 5059 743 5114 urbe
792 5059 1072 5130 Pergamo,
1115 5057 1370 5113 ~Galenus
1417 5058 1657 5127 sapiens,

108 5150 237 5204 artis
289 5150 515 5205 medicae
549 5159 759 5206 auctor.
816 5150 985 5203 Porro
1035 5151 1284 5203 meminit
1339 5146 1658 5204 Galenusin

110 5242 368 5298 librorum
400 5258 624 5297 suorum
660 5242 858 5305 indice,
910 5256 969 5297 se
1011 5240 1308 5296 Commodo
1344 5240 1657 5310 imperatori

110 5334 387 5391 educando
414 5334 584 5407 {quod
637 5335 703 5388 ad
752 5334 1058 5406 sanitatem]
1098 5332 1407 5403 praefectum
1468 5332 1693 5386 fuisse.‘

112 5423 350 5479 ﬂeminit
389 5426 551 5479 etiam
606 5438 878 5478 sermone
908 5424 1082 5493 primo
1103 5423 1226 5477 libri
1263 5422 1351 5490 qui
1387 5420 1463 5476 De
1492 5420 1659 5474 animi

112 5516 340 5571 moribus
368 5517 709 5580 inscribitur,
745 5516 913 5571 fuisse
942 5526 1179 5583 tempore
1214 5504 1505 5569 Commodi
1546 5514 1661 5568 im-

110 5609 396 5674 peratoris,
432 5596 637 5674 virum,
674 5606 895 5661 nomine
923 5604 1271 5670 Pereunium,
1312 5606 1403 5674 qui
1434 5620 1558 5659 cum
1593 5604 1659 5659 ad

113 5711 290 5751 necem
318 5712 347 5752 a
374 5695 673 5753 Commodo
698 5700 983 5767 quaesitus,
1017 5696 1265 5767 fugisset,
1295 5702 1456 5767 atque
1484 5696 1657 5763 impe-

117 5801 260 5845 rator
292 5789 428 5847 duos
449 5790 541 5860 qui
578 5791 655 5847 illi
707 5791 918 5848 fuerant
965 5805 1151 5847 servos
1182 5789 1512 5856 verberaret,
1548 5803 1655 5859 quo

1738 4614 1902 4661 ctam
1940 4619 2065 4660 cum
2096 4602 2301 4657 nullam
2326 4599 2575 4683 capiendi
2612 4594 2878 4652 rationem
2920 4595 3188 4649 inveniret
3220 4596 3326 4649 As.

1668 4719 1673 4723 ·
1762 4695 1973 4760 dashir,
1998 4686 2185 4748 arcem
2219 4690 2525 4747 ascendens
2556 4689 2699 4758 regis
2744 4686 3038 4765 (Alsawadi
3096 4684 3323 4753 scilicet)

1761 4785 1869 4839 ﬁlia
1894 4784 1961 4838 ad
1990 4781 2275 4837 Azdashiri
2308 4780 2494 4846 copias
2517 4776 2945 4848 periustrandas,
2990 4789 3113 4828 cum
3153 4772 3336 4827 Aeda—

1761 4874 1896 4931 shiri
1926 4874 2203 4939 conspecti
2230 4870 2409 4925 forma
2437 4870 2540 4938 ipsi
2565 4868 2829 4939 placeret,
2859 4880 3046 4921 amore
3078 4864 3198 4932 ejus
3236 4876 3335 4917 ca-

1760 4972 1852 5036 pta
1883 4972 1991 5020 est.
2041 4960 2761 5031 Prehensaeigitur‘sagitue
2791 4973 2914 5012 cum
2966 4949 3100 5011 haec.
3126 4956 3333 5010 inscri-

1760 5059 1957 5128 psisset
1983 5070 1996 5106 :
2028 5052 2087 5108 Si
2107 5053 2235 5107 mihi
2255 5050 2555 5122 promiseris
2585 5059 2880 5103 terms-em
2911 5064 2993 5101 me
3022 5046 3322 5107 ducturum,

1756 5148 2002 5202 iudicabo
2040 5147 2135 5199 tibi
2164 5149 2332 5199 locum
2375 5159 2479 5213 quo
2514 5143 2700 5195 urbem
2744 5142 2880 5195 hanc
2909 5152 3088 5205 capere
3130 5135 3322 5205 possis,

1759 5254 1879 5294 eam
1942 5237 2297 5292 Azdashirum
2333 5248 2531 5289 versus
2557 5233 2723 5303 jecit;
2774 5230 2862 5285 cui
2912 5244 3035 5283 cum
3088 5226 3324 5295 placeret

1760 5332 1903 5400 quod
1932 5331 2247 5399 scripserat,
2276 5327 2532 5393 sagittam
2580 5326 2687 5377 hoc
2719 5320 2983 5388 inscripto
3034 5330 3323 5387 responso:

1761 5422 2095 5476 Prmsliturus
2124 5437 2239 5473 sum
2272 5418 2364 5472 (ibi
2386 5417 2525 5487 quod
2551 5413 2752 5483 petiist‘
2798 5412 2867 5465 ad
2894 5411 3063 5479 ipsam
3088 5406 3319 5462 remisit.

1761 5515 1913 5582 Quod
1947 5529 2070 5568 cum
2106 5514 2325 5583 legisset
2354 5510 2466 5573 illa,
2499 5505 2779 5575 rescripsit
2809 5542 2824 5557 .
2882 5503 2975 5557 Est
3026 5500 3141 5555 urbi
3190 5497 3318 5552 huic

1762 5614 1914 5676 porta
1954 5620 2119 5675 parva
2164 5603 2317 5657 lateri
2357 5600 2447 5654 uni
2481 5605 2871 5667 superstructa,
2904 5594 2957 5648 in
3003 5593 3122 5646 loco
3173 5588 3264 5642 tali
3298 5604 3345 5639 τη

1763 5696 1944 5750 addita
2000 5695 2102 5749 loci
2156 5690 2537 5761 descriptione.
2591 5684 2856 5740 Azdashir
2890 5697 3017 5751 ergo
3050 5691 3315 5733 conversa

1761 5785 2104 5858 369-371
2150 5782 2211 5836 ad
2248 5783 2424 5837 ircum
2472 5781 2633 5835 istum
2683 5772 2951 5833 exercims
3001 5770 3080 5825 sui
3123 5778 3324 5839 parte,
