3950 6348
615 278 715 345 9‘3!

1618 291 1917 352 EUTYCH
1934 294 1980 351 ll
2014 294 2545 355 ALEXANDRINI
2588 300 2801 359 l’A'l‘ll.

3702 299 3784 360 992

614 408 675 446 ex
714 402 864 462 parte
896 393 996 448 alia
1031 393 1151 449 illos
1179 411 1353 465 pugna
1400 409 1698 469 occupatos
1726 400 1975 465 detinuit,
2013 413 2173 471 atque
2202 409 2247 462 Α
2273 422 2377 474 que
2406 408 2457 460 iu
2488 409 2674 463 Persia
2709 417 2853 463 sunt.
2882 406 3433 466 Bnlnnan-Azdashir.
3466 419 3587 472 qua-
3614 415 3687 458 est
3707 406 3787 460 Ev-

615 483 687 536 ita
736 495 924 553 aperto
975 486 1092 540 loco
1145 490 1213 542 ab
1266 489 1414 544 urbis
1464 490 1654 544 incolis
1712 491 1955 561 neglecto
1991 507 2167 561 regem

614 573 784 643 ipsius
812 574 1202 631 interfecerunt
1226 620 1240 642 ,
1278 580 1570 649 otnniaque
1614 595 1733 650 qua
1769 582 1821 634 in
1856 582 1969 650 ipsa
2018 590 2172 635 erant

611 675 969 735 occuparunt.
1014 667 1150 721 Tum
1190 672 1439 736 praestitit
1488 671 1756 726 Azulashir
1802 670 1980 743 [juxta
2036 672 2170 727 alios

612 755 864 829 Ardshir]
902 758 1023 812 Illic
1071 761 1215 829 regis
1253 762 1395 829 quod
1442 762 1517 816 illi
1568 762 1842 831 pollicitus
1879 762 2073 826 fuerat,
2114 778 2174 818 se

611 860 730 900 eam
765 848 972 901 scilicet
1004 864 1227 905 uxorem
1263 850 1575 927 ducturum.
1603 852 1771 907 Nocte
1807 862 1984 908 autem
2023 868 2169 922 qua-

612 936 735 992 dam
766 938 1093 994 decumbens
1116 940 1233 1010 ipsa
1270 942 1325 997 in
1365 943 1525 1007 lecto,
1550 944 1617 998 de
1649 944 1766 999 loco
1799 943 1852 996 in
1883 958 1992 1013 quo
2024 945 2173 1012 jace-

570 1034 575 1039 '
614 1040 699 1085 ret
737 1040 948 1100 questa,
1012 1042 1121 1087 tota
1157 1043 1313 1089 nocte
1347 1033 1612 1089 insomnis
1646 1035 1963 1103 permansit.
2013 1034 2174 1100 Qua:—

619 1130 775 1176 rente
804 1138 936 1192 ergo
966 1124 1058 1177 illo
1087 1122 1240 1195 [quid
1278 1123 1473 1195 esset],
1504 1138 1633 1180 ecce
1656 1125 1759 1180 sub
1794 1125 1962 1180 linteo
2001 1126 2173 1195 ipsius
2199 1112 2213 1129 ’

614 1214 667 1267 in
720 1213 863 1268 lecto
897 1213 1083 1268 folium
1120 1215 1219 1269 fuit
1258 1216 1594 1283 oleagineum
1625 1256 1641 1281 ,
1679 1218 1824 1286 quod
1882 1216 2169 1287 vestigium

528 1324 529 1327 η
614 1306 726 1359 cuti
760 1305 878 1375 eius
915 1306 1285 1375 impresserat.
1316 1307 1539 1378 Rogavit
1559 1321 1688 1378 ergo
1719 1308 1889 1370 illam,
1920 1321 2027 1376 quo
2050 1307 2174 1362 cibo

616 1387 785 1466 ipsam
822 1412 1046 1466 pascere
1079 1398 1272 1453 solitus
1292 1406 1436 1453 esset
1463 1406 1633 1467 pater;
1670 1400 2034 1467 respondente
2057 1398 2169 1453 ills:

615 1486 707 1541 Illa
745 1488 945 1558 quibus
1002 1489 1273 1559 praecipue
1318 1489 1578 1543 vescebar
1643 1496 1799 1543 erant
1850 1487 1948 1544 llos
1998 1487 2173 1553 lactis,

617 1579 790 1641 l‘avus,
825 1590 879 1634 et
918 1580 1186 1645 medulla;
1223 1580 1361 1635 dixit
1392 1580 1697 1636 Azdasbir:
1728 1578 1844 1635 Non
1880 1579 1995 1634 scio
2031 1593 2174 1648 quo-

614 1667 777 1721 modo
799 1658 923 1737 quis
961 1678 1163 1737 patrem
1190 1662 1342 1723 tuum
1368 1707 1385 1733 ,
1413 1669 1466 1723 in
1497 1678 1547 1723 te
1577 1668 1808 1729 amando
1834 1709 1849 1732 .
1880 1676 1933 1723 et
1969 1668 2175 1723 honore

613 1753 914 1817 alliciendo,
939 1764 1146 1823 tequet;
1179 1772 1301 1811 cum
1330 1772 1460 1828 ergo
1488 1772 1595 1813 non
1625 1757 1769 1813 aliud
1802 1757 1903 1828 ipsi
1936 1772 2035 1827 pro
2060 1772 2175 1811 ma-

614 1844 738 1915 gnis
775 1846 945 1915 ipsius
983 1846 1036 1900 in
1070 1856 1123 1901 te
1166 1847 1377 1903 meritis
1406 1863 1568 1918 quam
1592 1848 1796 1905 eadem
1834 1847 2176 1917 rependeris,

614 1938 805 1991 merita
833 1946 978 1992 certe
1019 1952 1079 1993 es
1116 1938 1233 2006 ipsa
1267 1953 1335 2002 ne
1360 1940 1419 1994 in
1458 1949 1602 1993 terra
1651 1948 1926 2008 superstes
1956 1937 2177 2004 sinaris,

615 2038 777 2098 atque
813 2044 913 2099 ego
946 2030 1020 2083 illi
1050 2030 1171 2099 jura
1207 2045 1307 2087 sua
1339 2031 1629 2101 rependam
1665 2050 1680 2087 :
1721 2048 1843 2087 cum
1894 2033 2035 2087 enim
2083 2033 2182 2089 ob-

613 2119 894 2195 caeeavcrit
924 2134 1078 2175 amor
1113 2121 1303 2177 oculos
1336 2127 1462 2176 tuos
1483 2161 1501 2187 ,
1530 2131 1587 2176 et
1614 2122 1951 2177 intellectum
1982 2123 2171 2177 turba-

615 2210 754 2265 verit
790 2209 924 2265 adeo
964 2219 1023 2264 ut
1069 2211 1383 2265 meritorum
1430 2213 1603 2281 patris
1643 2212 1717 2267 tui
1763 2212 1930 2268 oblita
1983 2212 2177 2280 fueris,

617 2316 723 2356 non
752 2315 973 2371 possum
1017 2315 1118 2371 ego
1166 2302 1266 2355 hac
1305 2317 1370 2357 ex
1406 2311 1565 2373 parte
1594 2318 1622 2358 a
1662 2313 1713 2359 te
1762 2319 1989 2360 securus
2031 2320 2176 2361 esse.

613 2391 751 2447 Tum
775 2395 943 2464 jussit
972 2393 1182 2465 capillis
1214 2393 1399 2450 cauda:
1425 2395 1549 2465 equi
1582 2394 1868 2452 ferocioris
1906 2396 2177 2468 alligatam

614 2486 818 2556 raptari
850 2502 866 2540 :
898 2486 1041 2555 quod
1072 2492 1128 2541 et
1160 2484 1361 2540 factum
1390 2483 1565 2540 donec
1611 2493 1723 2541 tota
1770 2485 1875 2555 ipsi
1927 2487 2172 2557 corporis

614 2589 905 2645 compages
936 2575 1278 2631 membratim
1312 2575 1731 2645 discerperetur.

686 2666 849 2737 372
901 2665 1113 2722 Mortuo
1158 2666 1456 2723 Commodo
1499 2668 1754 2735 Caesare,
1809 2667 2177 2725 Romanorum

616 2757 971 2826 imperatore,
1004 2760 1270 2811 successit
1305 2756 1407 2827 ipsi
1457 2758 1709 2814 Pertinax
1748 2759 1932 2814 Caesar
1975 2758 2177 2813 Roma-

616 2863 811 2902 norum
853 2847 1167 2916 imperator,
1214 2849 1306 2917 qui
1332 2887 1349 2913 ,
1385 2862 1507 2904 cum
1548 2850 1726 2905 tribus
1765 2851 2053 2906 mensibus
2093 2867 2178 2907 re-

614 2947 851 3008 gnasset,
877 2938 1194 2995 interfectus
1225 2952 1342 3005 cst;
1377 2940 1676 3009 imperante
1707 2954 1829 3013 post
1866 2944 2039 3012 ipsum
2070 2941 2193 2995 Ro-

2272 497 2479 567 phrata:
2512 498 2728 553 Basora:
2750 538 2764 561 ,
2792 497 3112 559 Astarabad,
3151 513 3268 566 quae
3296 504 3375 551 est
3403 493 3789 558 Coreli-Bisan,

2274 586 2377 640 sita
2425 586 2569 641 inter
2610 586 2763 643 vicos
2809 586 3007 656 Tigris,
3040 594 3094 639 ct
3134 587 3317 639 urbem
3356 583 3469 638 Suk
3507 582 3792 647 il-Ahwaz,

2273 691 2544 745 unamque
2587 676 2749 731 triunt
2782 677 2997 731 urbium
3056 690 3175 743 quae
3226 684 3351 729 sunt
3400 674 3454 727 in
3505 670 3792 726 Al—Sawad:

2274 778 2469 836 praeter
2502 777 2610 823 tres
2654 768 2813 823 urbes
2846 782 3069 837 quarum
3105 780 3210 820 una
3242 776 3325 820 est
3356 766 3582 827 Alchat,
3608 777 3720 829 qua:
3748 764 3799 815 ad

2273 856 2607 912 occidentem
2637 858 2740 911 sita
2767 866 2850 911 est
2877 855 3110 925 regionis
3144 852 3551 909 transﬂuvialis.
3590 852 3688 905 alia
3721 851 3803 903 Ba-

2276 946 2377 1000 har
2414 946 2605 1001 Samer
2650 946 2706 1001 itt
2752 945 3113 1009 Caramania,
3158 944 3315 999 tertia
3362 945 3494 999 urbs
3542 943 3802 1013 Al-Ayela.

2280 1040 2426 1093 Obiit
2454 1038 2649 1093 deinde
2680 1037 2948 1092 Azdashir
2982 1046 3265 1106 postquam
3299 1049 3468 1089 annos
3494 1035 3806 1102 quatuor-de-

2273 1130 2378 1184 cim
2420 1136 2473 1184 et
2507 1144 2601 1184 sex
2634 1143 2848 1183 menses
2873 1137 3169 1196 regnasset.
3198 1126 3458 1195 Regnavit
3496 1134 3617 1193 post
3650 1126 3807 1193 ipsum

2276 1220 2418 1274 illius
2452 1220 2624 1289 ipsius
2656 1220 2838 1275 Sabur
2874 1219 2987 1274 Ebn
3023 1219 3311 1281 Azdashir,
3345 1233 3518 1272 annos
3562 1218 3772 1285 triginta
3796 1258 3809 1279 .

2274 1327 2514 1366 mensem
2550 1328 2753 1375 unum;
2792 1312 2954 1381 idque
2996 1325 3141 1366 anno
3177 1309 3391 1379 imperii
3425 1308 3613 1364 Severi
3657 1308 3815 1362 Cass-

2276 1406 2371 1467 ris,
2404 1403 2748 1474 imperatoris
2779 1402 3047 1467 Romani,
3092 1401 3437 1456 duodecimo.
3482 1399 3697 1454 Mortuo
3736 1400 3817 1454 Sec

2277 1507 2404 1546 vero
2430 1492 2665 1554 Caesare.
2699 1491 2883 1547 Romae
2912 1500 3031 1562 post
3067 1491 3239 1562 ipsum
3267 1507 3357 1547 sex
3387 1506 3561 1545 annos
3590 1490 3819 1559 regnavit

2274 1581 2541 1636 Antonius
2598 1581 2779 1636 Caesar
2820 1580 3099 1637 Caracalla
3158 1580 3324 1648 (quod
3382 1586 3507 1641 est.
3564 1578 3799 1641 Calvus).

2275 1669 2431 1723 Anno
2480 1671 2689 1738 imperii
2726 1669 2846 1738 ejus
2874 1670 3033 1724 tertio
3078 1669 3255 1723 l'actus
3286 1677 3369 1722 est
3414 1666 3698 1721 Aurianus
3738 1681 3819 1735 pa-

2280 1760 2515 1814 triarcha
2546 1758 2843 1821 Romanus,
2882 1759 2971 1824 qui
3004 1766 3241 1824 quatuor
3273 1771 3445 1810 annos
3495 1755 3639 1810 sedit
3662 1796 3680 1820 ,
3712 1756 3820 1808 dein

2279 1858 2547 1906 mortuus.
2574 1852 2729 1905 Anno
2768 1849 2942 1919 ipsius
2969 1848 3131 1919 376
3160 1848 3339 1916 primo
3370 1857 3590 1901 creatus
3614 1856 3701 1901 est
3735 1844 3823 1898 Va-

2280 1941 2395 1996 lens
2418 1940 2709 2011 episcopus
2746 1939 3291 2009 Hierosolymitanns,
3323 1939 3413 2005 qui
3441 1953 3567 1993 cum
3592 1945 3709 1994 tres
3736 1953 3823 1992 an-

2278 2045 2379 2085 nos
2410 2030 2656 2094 sedisset,
2686 2040 2933 2085 mortnus
2958 2038 3060 2085 est.

2346 2120 2503 2176 Anno
2528 2122 2774 2191 ejusdem
2803 2122 2995 2191 quinto
3022 2121 3354 2176 constitutus
3396 2127 3482 2175 est
3537 2118 3827 2174 Delitianus

2280 2212 2571 2281 episcopus
2620 2210 3163 2283 llierosolymitanns,
3225 2211 3317 2279 qui
3378 2224 3553 2264 annos
3600 2217 3827 2278 quatuor

2278 2300 2439 2363 sedit,
2469 2300 2593 2355 dein
2632 2309 2877 2355 mortuus
2906 2310 3010 2355 est.
3043 2299 3196 2366 Quod
3226 2298 3291 2352 ad
3325 2298 3615 2361 Saburem,
3646 2297 3830 2354 Persa-

2280 2411 2397 2448 rum
2442 2410 2621 2465 regem
2657 2432 2673 2457 ,
2719 2409 2929 2449 summa
2979 2393 3068 2449 ille
3115 2406 3238 2446 eum
3291 2390 3500 2461 iustitia
3561 2390 3714 2445 inter
3743 2391 3826 2445 bo-

2280 2486 2453 2540 tnines
2484 2493 2730 2539 versatus
2758 2495 2843 2539 est
2870 2502 2884 2537 :
2912 2486 3188 2553 cepitque
3216 2483 3528 2551 provincias
3555 2481 3763 2545 visere,
3790 2490 3834 2535 ct

2278 2579 2528 2648 regiones
2558 2576 2817 2633 colendas
2847 2592 3061 2632 curare.
3095 2578 3354 2642 Annoqne
3388 2576 3538 2644 regni
3561 2574 3648 2629 sui
3678 2576 3831 2628 unde-

2277 2671 2419 2724 cimo
2445 2678 2655 2733 exacto,
2682 2652 3008 2737 cum‘copiis
3032 2667 3147 2723 suis
3175 2668 3362 2720 urbem
3390 2665 3626 2729 Nisibin,
3656 2667 3713 2719 in
3743 2680 3837 2733 qua

2277 2763 2445 2829 capite
2474 2775 2539 2814 ex
2579 2758 2837 2815 Antonini
2867 2758 3159 2814 Caracallae
3211 2757 3562 2826 imperatoris
3610 2756 3835 2811 Romani

2275 2850 2517 2905 exercitu
2551 2864 2659 2903 non
2698 2863 2881 2918 paucas
2911 2855 3108 2910 erant,
3162 2849 3475 2917 prolectus,
3531 2861 3655 2901 eam
3700 2846 3840 2901 ohsi-
3909 2866 3917 2918 ί

2280 2945 2441 2997 dione
2473 2943 2538 2996 ad
2569 2953 2783 3011 tempus
2830 2940 3043 3002 cinxit,
3074 2953 3269 3007 capere
3323 2952 3452 2992 vero
3486 2952 3597 2991 non
3650 2937 3839 3007 potuit.

616 3029 793 3125 manis
817 3028 1033 3083 Juliano
1057 3028 1285 3091 Caesare.
1312 3030 1526 3125 duobus
1558 3030 1856 3095 mensibus,
1890 3039 2010 3100 post
2037 3044 2177 3099 quos
2200 3061 2245 3125 ο
2278 3033 2412 3089 Cum
2442 3047 2574 3102 ergo
2619 3047 2677 3088 se
2706 3045 2825 3087 eam
2865 3045 3171 3100 expugnare
3213 3044 3320 3084 non
3367 3042 3530 3097 posse
3577 3036 3839 3091 cerneret,

617 3119 937 3175 interfectus
972 3120 1134 3173 etiam
1171 3129 1277 3175 est.
1324 3118 1588 3189 Regnavit
1620 3129 1739 3190 post
1782 3121 1956 3190 ipsum
1993 3120 2177 3177 Roma
2208 3117 2245 3125 “
2277 3124 2444 3196 jussit
2470 3138 2635 3193 prope
2657 3124 2826 3190 ipsam
2863 3121 3321 3191 prapugnsculum
3345 3119 3541 3181 altum,
3567 3117 3834 3187 amplum,

615 3213 670 3279 in
708 3210 980 3269 Romanos
1030 3213 1266 3268 Severus
1299 3213 1481 3267 Caesar
1521 3228 1697 3267 annos
1747 3214 2174 3280 septemdecim,

618 3302 779 3371 idque
828 3318 971 3355 anno
1034 3311 1226 3371 quarto
1267 3303 1415 3372 regni
1466 3300 1755 3357 Azdashiri
1792 3301 1905 3355 Ebn
1959 3301 2175 3358 Babeci.

574 3404 580 3409 ‘
619 3391 854 3462 Fuitqne
885 3394 1180 3461 imperator
1210 3393 1315 3448 iste
1344 3392 1602 3458 Severus,
1632 3392 1713 3445 vir
1750 3405 1983 3460 nequam
2012 3430 2029 3455 ,
2067 3408 2179 3446 ma-

619 3498 849 3552 gnarum
881 3481 1207 3539 Christianis
1228 3483 1597 3539 calamitatum
1621 3484 2023 3553 multorumque
2046 3499 2175 3538 cru-

617 3576 859 3630 cistuum
889 3582 1105 3637 auctor,
1147 3574 1305 3641 cujus
1347 3582 1592 3642 tempore
1626 3573 1940 3645 martyrium
1976 3572 2179 3642 ubique

622 3663 909 3718 subierunt
960 3662 1261 3718 Christiani
1295 3662 1704 3733 quamplurimi.
1745 3663 1881 3717 Tum
1928 3672 1980 3717 et
2013 3661 2183 3735 Egy-

621 3770 773 3831 ptum
810 3758 1111 3828 profectus,
1159 3773 1349 3814 omnes
1387 3759 1478 3828 qui
1509 3758 1583 3813 ibi
1620 3768 1674 3814 et
1724 3760 2063 3814 Alexandriae
2095 3774 2183 3815 es-

622 3863 746 3905 sent
776 3850 1116 3905 Christianos
1145 3850 1438 3914 interemit,
1488 3858 1543 3905 et
1586 3850 1849 3905 ecclesias
1874 3850 2059 3914 diruit,
2093 3865 2184 3905 ex-

622 3953 834 4000 structo
864 3944 1199 3999 Alexandriae
1227 3942 1451 4011 templo.
1478 3940 1621 4011 quod
1656 3939 1884 3995 Deorum
1921 3942 2179 4013 templum

624 4035 923 4088 vocitatum
966 4043 1072 4088 est.
1109 4034 1266 4087 Anno
1298 4031 1507 4101 imperii
1557 4031 1729 4099 ipsius
1773 4029 2183 4099 decimoquarto

624 4125 802 4180 factus
832 4133 918 4181 est
948 4124 1191 4178 Calixtus
1215 4122 1523 4199 patriarcha
1558 4121 1856 4188 Romanus,
1910 4121 2005 4191 qui
2057 4136 2181 4177 cum

623 4232 717 4272 ses
753 4231 925 4271 annos
953 4216 1182 4271 sedisset
1212 4222 1458 4269 mortuus
1482 4222 1585 4268 est.

693 4309 849 4369 Anno
875 4306 1117 4375 ejusdem
1154 4306 1315 4361 tertio
1360 4304 1694 4360 constitutus
1723 4310 1807 4359 est
1836 4304 2182 4371 Asclepiades

2284 3233 2388 3271 una
2412 3232 2535 3270 cum
2572 3226 2721 3270 turre
2754 3213 2986 3278 exstrui,
3019 3213 3070 3265 in
3093 3210 3260 3280 quod,
3297 3209 3386 3264 ubi
3422 3209 3639 3263 ﬁnitum
3681 3215 3841 3271 esset,

2284 3308 2587 3363 ascendens
2620 3309 2734 3376 ipse
2762 3320 2889 3361 cum
2919 3303 3197 3358 exercitus
3237 3302 3320 3356 sui
3358 3300 3681 3369 praecipuis,
3706 3315 3841 3370 qua-

2283 3412 2498 3467 cunque
2530 3397 2671 3451 intra
2708 3396 2895 3449 urbem
2925 3400 3107 3449 essent
3139 3393 3263 3446 inde
3302 3392 3608 3460 prospexit,
3636 3405 3742 3449 nec
3763 3404 3842 3443 sa-

2285 3490 2434 3561 gittis
2461 3502 2558 3544 eos
2597 3496 2777 3556 petere
2806 3485 3175 3547 destiterunt,
3223 3482 3357 3536 adeo
3390 3492 3452 3537 ut
3482 3497 3591 3536 non
3628 3480 3842 3535 auderet

2282 3596 2348 3635 ex
2400 3580 2535 3649 ipsis
2562 3578 2837 3649 quispiam
2892 3576 3037 3631 iuras
3070 3574 3274 3643 egredi.
3309 3572 3507 3627 Urbem
3560 3571 3735 3642 igitur
3779 3569 3839 3623 illi

2285 3671 2483 3726 dedere
2531 3671 2585 3724 in
2636 3670 2818 3723 animo
2850 3668 3197 3728 habuerunt,
3244 3673 3300 3719 at
3333 3664 3508 3719 delato
3560 3664 3629 3718 ad
3678 3666 3840 3733 ipsum

2286 3764 2475 3817 nuntio
2502 3761 2712 3817 hostem
2746 3758 3033 3830 quemdam
3082 3757 3321 3812 subditos
3354 3756 3527 3826 ipsius
3582 3772 3655 3810 ex
3703 3763 3842 3825 parte

2284 3850 2585 3905 Chorasani
2617 3849 2909 3912 invasisse,
2939 3847 3028 3901 ille
3062 3845 3128 3900 ad
3156 3843 3536 3900 Nisebensium
3568 3853 3841 3913 magnates

2288 3944 2506 4012 mittens
2535 3940 2839 4010 eligendum
2866 3939 2999 4008 ipsis
3036 3938 3337 4007 proposuit,
3364 3944 3545 3989 utrum
3577 3937 3842 4004 relinque-

2287 4042 2368 4087 ret
2401 4033 2541 4102 spud
2569 4032 2717 4101 ipsos
2752 4030 2845 4099 qui
2889 4030 3011 4083 illos
3043 4028 3208 4092 bello,
3239 4043 3410 4096 usque
3457 4031 3588 4080 dum
3622 4027 3740 4096 ipse
3771 4040 3843 4077 re-

2286 4131 2623 4185 verteretur,
2655 4122 3013 4181 lacess'erent,
3065 4132 3131 4171 an
3176 4130 3299 4171 cum
3346 4116 3464 4185 ipso
3495 4116 3661 4185 377
3696 4113 3843 4185 379

2289 4214 2467 4270 foedus
2500 4228 2736 4283 pangere
2753 4213 2955 4267 vellent
2985 4226 3051 4266 ne
3085 4209 3491 4279 propugnaculo
3521 4217 3651 4261 ante
3681 4207 3841 4276 ipsius

2290 4305 2525 4361 reditum
2559 4318 2752 4357 manus
2784 4304 3151 4357 admoverent.
3179 4300 3263 4353 illi
3297 4315 3425 4368 ergo
3457 4298 3639 4354 foedus
3670 4309 3728 4353 et
3757 4313 3837 4367 pa-

627 4397 932 4467 patriarcha
963 4397 1366 4458 Antiochenus,
1398 4397 1489 4465 qui
1539 4408 1712 4452 annos
1756 4412 1947 4451 novem
1996 4397 2176 4462 sedit,
2210 4403 2255 4459 ι)
2282 4408 2428 4453 ctum
2460 4410 2582 4450 cum
2628 4394 2744 4463 ipso
2777 4393 3018 4448 inierunt
3061 4392 3195 4446 nihil
3227 4405 3286 4445 se
3318 4392 3384 4443 de
3433 4388 3836 4459 propugnaculo

626 4491 751 4543 dein
786 4496 1033 4543 mortuus
1064 4496 1169 4542 est.
1211 4488 1371 4542 Anno
1407 4488 1649 4555 ejusdem
1690 4486 2015 4542 duodecimo
2056 4502 2185 4541 eon-

628 4581 850 4634 stitutus
879 4586 962 4633 est
997 4578 1279 4632 Philemon
1309 4576 1617 4647 patriarcha
1661 4576 2055 4641 Antiochenus,
2085 4576 2181 4646 qui

625 4687 751 4726 cum
789 4671 1049 4725 tredecim
1084 4682 1257 4724 annos
1295 4667 1530 4723 sedisset
1554 4708 1569 4731 ,
1606 4676 1856 4722 mortuus
1891 4676 1996 4723 est.
2026 4669 2184 4722 Anno

628 4763 839 4832 imperii
872 4761 1044 4831 ipsius
1073 4761 1246 4830 primo
1277 4760 1451 4816 factus
1498 4769 1582 4817 est
1624 4759 1855 4829 Capiton
1894 4762 2184 4829 episcopus

626 4853 1168 4923 Hierosolymitanus,
1202 4852 1292 4905 ubi
1333 4865 1457 4905 cum
1489 4860 1727 4925 quatuor
1758 4866 1929 4906 annos
1956 4851 2187 4905 sedisset

625 4955 874 5003 mortuus
898 4953 1001 4999 est.
1029 4946 1182 4998 Anno
1203 4942 1553 5015 373-375
1576 4943 1817 5015 eiusdem
1840 4951 1989 4998 sexto
2014 4943 2187 4997 factus

625 5049 712 5093 est
742 5034 1009 5091 Maximus
1030 5034 1319 5102 episcopus
1352 5033 1905 5102 Hierosolymitanus,
1936 5032 2027 5087 ubi
2061 5048 2184 5088 cum

630 5137 865 5199 quatuor
892 5142 1065 5181 annos
1094 5126 1325 5183 sedisset
1358 5132 1607 5181 mortuus
1626 5132 1730 5179 est.
1756 5125 1913 5177 Anno
1941 5124 2185 5193 ejusdem

627 5220 839 5275 decimo
871 5218 1196 5273 constitutus
1232 5228 1317 5271 est
1347 5216 1614 5270 Antonius
1660 5216 1950 5284 episcopus
1986 5215 2180 5270 Hiero-

630 5312 1014 5383 solymltanus.
1042 5309 1133 5378 qui
1174 5309 1419 5377 quinque
1464 5322 1637 5361 annos
1667 5307 1825 5370 sedit,
1870 5306 2005 5361 dein
2039 5320 2191 5359 mor-

631 5414 756 5457 tuus
806 5412 914 5455 est.
954 5399 1220 5457 Azdashir
1273 5414 1401 5452 vero
1445 5397 1638 5453 Babeci
1684 5396 1853 5462 lillus,
1903 5395 2186 5450 Persarum

631 5508 745 5558 rex,
780 5500 979 5560 quanta
1014 5490 1127 5545 ﬁeri
1162 5489 1337 5559 potuit
1372 5504 1497 5543 cum
1518 5487 1733 5557 justitia
1766 5488 1905 5541 inter
1938 5487 2186 5541 homines

633 5591 879 5638 versatus
906 5591 1025 5646 est;
1055 5598 1150 5637 ses
1195 5584 1358 5636 etiam
1407 5580 1570 5634 urbes
1615 5578 1899 5643 condidit,
1942 5578 2189 5633 videlicet

568 5682 571 5685 ·
640 5672 819 5729 -ubcm
854 5673 1006 5737 Jaur,
1032 5673 1228 5728 urbem
1246 5669 1510 5725 Azdashir
1549 5667 1823 5737 Acborha,
1865 5683 1985 5738 quae
2031 5676 2191 5724 utra:-

2286 4496 2614 4543 mutaturos.
2642 4485 2778 4541 Cum
2825 4491 3004 4539 autem
3040 4484 3108 4537 ab
3156 4482 3289 4549 ipsis
3334 4484 3681 4544 recessisset,
3716 4478 3838 4533 Nisi-

2289 4583 2485 4635 benses
2516 4579 2687 4633 muris
2734 4577 2887 4631 urbis
2939 4590 3153 4628 manum
3194 4572 3586 4634 admoventes,
3640 4571 3777 4640 ipsis
3814 4583 3838 4621 a

2285 4681 2435 4742 parte
2460 4673 2571 4725 arci
2601 4672 2846 4739 proxima
2876 4667 3093 4726 dirutis,
3118 4665 3263 4718 illam
3298 4662 3433 4717 urbe
3466 4677 3582 4717 sua
3607 4662 3834 4715 additam

2286 4776 2442 4815 muro
2478 4759 2604 4814 forti
2638 4758 2947 4813 cinxerunt.
2992 4752 3208 4807 Mortuo
3259 4764 3382 4805 vero
3418 4748 3703 4803 Antonino
3738 4746 3837 4801 Ca!-

2297 4864 2418 4905 sare
2448 4847 2813 4902 Romanorum
2851 4845 3193 4913 imperatore,
3238 4846 3364 4909 post
3409 4838 3591 4909 ipsum
3643 4837 3704 4891 in
3736 4836 3835 4889 illos

2287 4939 2531 5008 regnavit
2570 4937 2873 4990 Marcianus
2902 4932 3083 4988 Caesar
3123 4944 3323 4984 annum
3356 4938 3409 4982 et
3439 4932 3583 4981 duos
3615 4939 3833 4980 menses.

2288 5030 2417 5084 Dein
2455 5030 2546 5083 illo
2578 5026 2861 5082 interfecto
2888 5023 3172 5092 imperavit
3217 5019 3487 5073 Antonius
3508 5016 3696 5072 Casar
3719 5018 3836 5069 alter

2286 5134 2459 5175 annos
2490 5128 2598 5173 tres
2626 5127 2681 5171 et
2707 5130 2920 5170 menses
2950 5127 3161 5173 novem,
3188 5110 3346 5178 idque
3384 5122 3533 5162 anno
3568 5108 3724 5174 regni
3751 5104 3835 5159 διο

2287 5214 2438 5284 poris
2470 5213 2609 5281 regis
2650 5210 2936 5265 Persarum
2974 5208 3408 5275 decimoqnarto.
3454 5202 3606 5257 Misit
3634 5201 3727 5254 hic
3754 5200 3833 5252 Ni-

2289 5305 2447 5361 sibim
2498 5303 2797 5358 exercitum
2860 5312 3113 5369 magnum
3146 5296 3239 5366 qtti
3272 5295 3445 5365 ipsam
3486 5295 3832 5361 propugnaret

2291 5406 2345 5451 et
2372 5394 2706 5451 defenderet.

2360 5487 2530 5542 Porro
2560 5500 2703 5539 anno
2725 5482 2934 5551 imperii
2964 5478 3221 5534 Antonini
3252 5476 3482 5533 Caesaris
3510 5476 3691 5546 primo
3720 5490 3827 5529 cono

2293 5576 2517 5631 stitutus
2592 5580 2677 5629 est
2730 5571 2977 5627 Bitianus
3042 5567 3350 5637 patriarcha
3406 5564 3709 5631 Romanus,
3758 5559 3828 5630 qui

2298 5684 2469 5726 annos
2499 5667 2736 5740 quinque
2768 5662 2931 5729 sedit,
2960 5660 3082 5717 dein
3118 5668 3366 5715 mortuus
3398 5667 3502 5714 est.
3533 5658 3691 5712 Anno
3716 5654 3828 5723 ejus-
