3950 6348
125 324 214 389 993

1517 310 1886 373 ANNALES.

3201 318 3306 379 Sili

126 430 235 483 dem
267 429 496 488 secundo
546 427 871 481 constitutus
912 432 995 478 est
1043 422 1297 478 iiabunas
1342 420 1644 492 patriarcha
1676 430 1721 483 Α
1747 422 2075 477 constitutus
2104 432 2190 478 cst
2222 422 2512 479 Narcissus
2540 424 2824 493 cpiscopus
2853 424 3305 496 ilierosolytuita-

123 519 491 581 Antiochenus,
529 519 620 588 qui
658 528 939 588 postquam
968 532 1139 570 annos
1170 530 1360 571 novem
1389 516 1641 579 sedisset,

123 618 347 664 mortuus
383 619 484 665 est.
512 611 743 677 Sapores
769 623 892 661 vero
921 607 1205 661 Azdashiri
1252 605 1412 670 (ilius,
1452 604 1645 659 Persa-

122 714 227 753 rum
255 714 341 753 rex
390 698 597 751 Nisibin
639 711 885 750 reversus
942 711 1064 749 cum
1099 695 1319 750 vidisset
1357 695 1487 765 quid
1520 710 1647 765 pro-

120 789 395 858 pugnaculo
427 786 698 851 fecissent,
725 786 925 839 fraudis
958 785 1076 839 illos
1108 785 1384 852 incusans,
1412 784 1645 841 Fraudu-

119 879 276 933 lemer
304 877 522 947 (inquit)
562 887 614 930 et
662 877 846 932 dolose
878 877 1063 947 egistis
1091 894 1104 941 ;
1143 878 1391 947 ipsosque
1420 876 1645 950 [denuo]

114 971 329 1024 obsedit.
363 967 499 1021 Cum
527 976 705 1023 autem
742 970 864 1038 post
893 968 1116 1023 multum
1156 970 1410 1039 temporis
1448 970 1518 1024 ibi
1565 971 1645 1025 in-

114 1068 374 1127 sumptum
406 1058 592 1113 urbem
625 1074 928 1130 expugnare
960 1061 1285 1130 nequivisset
1310 1101 1325 1127 ,
1354 1076 1496 1129 aegre
1541 1060 1645 1115 hoc

113 1148 276 1217 ipsum
306 1146 515 1201 habuit.
550 1147 690 1202 Dixit
723 1163 852 1219 ergo
878 1151 1168 1205 comitibus
1194 1150 1345 1207 suis:
1375 1149 1511 1203 Num
1560 1163 1647 1202 re-

112 1237 275 1307 perire
304 1240 525 1305 potestis
555 1239 605 1292 in
644 1241 882 1295 exercitu
916 1248 1101 1294 nostro
1126 1241 1452 1310 quempiam,
1483 1238 1647 1307 380

108 1327 191 1396 qui
230 1342 334 1383 non
373 1328 464 1383 illo
495 1330 637 1397 quod
692 1346 789 1385 nos
833 1332 1067 1398 patimur
1102 1328 1368 1399 angatur!
1414 1328 1648 1398 inquisi-

108 1416 393 1488 tioneergo
427 1423 568 1472 facta
592 1420 728 1474 duos
758 1421 1078 1475 invenerunt
1107 1420 1251 1473 viros
1282 1420 1405 1474 vino
1434 1428 1486 1472 et
1514 1433 1645 1472 can-

106 1507 175 1563 tui
208 1508 579 1577 indulgentes;
614 1511 813 1580 quibus
850 1510 938 1565 ille
982 1525 995 1560 :
1027 1510 1281 1579 Apparet,
1314 1509 1511 1579 inquit,
1552 1526 1647 1580 pa-

106 1612 212 1653 rum
245 1601 396 1656 vobis
423 1603 574 1657 cordi
609 1616 730 1657 esse
765 1617 853 1655 res
888 1590 1124 1666 nostras,
1158 1616 1281 1656 cum
1314 1603 1404 1657 ita.
1422 1615 1517 1655 vos
1559 1616 1645 1668 ge-

105 1690 227 1743 ratis
259 1704 322 1745 ac
370 1693 416 1746 si
463 1691 599 1744 nihil
648 1694 713 1757 ad
750 1683 845 1747 vos
895 1700 1199 1761 spectarent
1250 1706 1370 1761 quae
1413 1691 1643 1759 agimus.

1754 530 1889 581 nus,
1920 514 2010 584 qui
2038 526 2317 585 postquam
2355 531 2528 570 annos
2552 516 2835 570 duodecim
2871 518 3117 581 sedisset,
3146 516 3304 586 fugit.

1754 605 1963 661 Mortuo
2000 596 2306 662 Alexandro
2335 608 2571 673 Caesare,
2607 609 2812 674 iloniae,
2842 611 3099 665 Romanis
3131 610 3302 677 impe-

1753 696 1893 749 ravit
1942 694 2267 751 Maximinus
2315 697 2497 751 Caesar
2526 696 2692 767 385
2740 704 2851 751 tres
2883 711 3053 751 annos
3083 713 3100 750 :
3129 698 3302 766 'idque

1752 799 1894 839 anno
1940 787 2089 854 regni
2125 786 2346 854 Saporis
2388 786 2673 840 Azdashiri
2711 785 2803 839 lilii
2846 785 3134 838 Persarum
3164 784 3308 854 regis

1753 877 2054 931 tricesimo.
2114 875 2439 931 Maximinus
2490 877 2785 945 imperator
2833 877 2933 929 iste
2991 888 3307 944 magnarum

1750 965 2075 1020 Christianis
2105 952 2472 1018 3a1amitatum
2494 974 2546 1019 et
2568 965 2801 1019 tristitiae
2829 967 3098 1019 diuturnae
3120 973 3311 1020 auctor

1751 1056 1877 1118 fuit,
1912 1056 2352 1109 Christianorum
2387 1064 2565 1124 strage
2599 1056 2742 1109 edita
2780 1056 3201 1126 hominibusque
3235 1054 3307 1109 ad

1752 1146 2018 1199 idolorum
2042 1185 2055 1209 ,
2094 1158 2212 1214 quae
2245 1144 2362 1213 ipse
2397 1158 2496 1213 pro
2529 1144 2635 1199 diis
2666 1144 2889 1208 habuit,
2930 1146 3133 1200 cultum
3176 1161 3308 1214 pro-

1752 1238 1951 1307 lapsis,
1998 1236 2380 1309 episcopisque
2412 1252 2518 1292 non
2564 1236 2754 1306 paucis
2787 1252 2818 1290 e
2850 1237 3025 1291 medio
3058 1238 3309 1301 sublatis,

1755 1330 1893 1383 inter
1914 1344 2053 1398 quos
2085 1327 2269 1381 Babila
2302 1327 2606 1382 Antiochiae
2637 1327 2945 1409 patriarcha
2979 1342 2993 1381 :
3023 1325 3312 1382 Narcissus

1751 1433 1877 1489 ergo
1900 1420 2189 1487 episcopus
2213 1416 2737 1488 Hierosolymitanus
2760 1417 2945 1472 audito
2968 1416 3311 1472 interfectum

1749 1523 1870 1563 esse
1901 1507 2139 1563 Babilam
2183 1508 2547 1576 patriam-ham
2583 1508 3001 1572 Antiochenum,
3034 1507 3153 1577 fuga
3187 1520 3317 1571 pro-

1742 1601 1937 1669 lapsus
1990 1600 2302 1654 cathedram
2351 1600 2615 1655 deseruit.
2674 1600 2829 1653 Anno
2882 1600 3045 1669 igitur
3098 1598 3313 1669 imperii
3356 1663 3360 1666 h

1754 1690 2191 1759 ipsius'secundo
2224 1690 2399 1745 factus
2433 1690 2564 1744 Dius
2595 1690 2886 1760 cpiscopus
2920 1688 3337 1759 Hierosolymi-~

103 1779 511 1850 Responderunt
542 1781 617 1836 illi
643 1797 656 1834 :
687 1782 744 1836 Si
786 1792 837 1838 te
869 1757 1006 1838 male
1039 1757 1316 1848 habeat,vo
1351 1757 1471 1849 rex,
1502 1784 1648 1839 urbis
1680 1757 1725 1817 Β
1753 1757 1933 1839 tanus.
1960 1780 2075 1833 vice
2100 1778 2364 1841 Narcissi,
2391 1795 2564 1834 annos
2589 1757 2699 1835 tres
2726 1757 2889 1843 sedit,
2922 1780 3041 1833 dein
3070 1757 3313 1833 mortuus

101 1868 253 1941 hujus
291 1879 487 1937 status,
518 1884 799 1941 speramus
833 1887 923 1937 ea,
961 1888 1058 1927 nos
1087 1888 1204 1927 eam
1233 1889 1394 1942 quam
1433 1874 1525 1928 tibi
1570 1875 1652 1928 in-

99 1960 327 2016 dicaturi
381 1977 574 2018 sumus
636 1965 845 2017 ratione
902 1972 1182 2033 capturos.
1245 1963 1464 2019 Dicente
1534 1966 1648 2031 illo,

98 2050 349 2117 Quaenam
402 2066 533 2121 ergo
590 2051 723 2105 illa?
766 2052 1179 2121 responderunt,
1209 2063 1281 2129 ,ιιι
1333 2069 1650 2123 progressus

97 2141 204 2211 ipse
230 2156 355 2195 cum
381 2142 555 2209 copiis
584 2141 693 2195 tuis
719 2141 967 2195 manibus
991 2142 1199 2210 junctis
1230 2158 1416 2212 preces
1447 2144 1512 2198 ad
1545 2143 1651 2198 Do-

97 2228 293 2284 tainum
334 2231 575 2286 fundatis
623 2246 731 2301 quo
779 2232 931 2286 vobis
981 2240 1039 2286 ut
1092 2233 1275 2287 urbem
1333 2235 1650 2305 expugnetis

92 2321 372 2375 concedat.
402 2322 559 2387 Quod
610 2338 731 2377 cum
786 2322 1004 2378 fecisset
1056 2321 1311 2392 Sapores,
1360 2340 1456 2380 nec
1490 2327 1649 2399 quid-

92 2420 252 2474 quam
288 2408 551 2478 prodesse
584 2409 811 2473 videret,
842 2411 976 2465 dixit
1010 2412 1182 2482 ipsis:
1222 2414 1518 2470 Consilium
1560 2433 1651 2471 vc-

88 2507 258 2552 strum
307 2500 505 2565 secuti,
567 2500 719 2554 nihili
775 2504 998 2558 subesse
1048 2504 1297 2560 efﬁcaciae
1352 2507 1598 2584 videmus
1631 2548 1647 2575 ,

89 2589 212 2658 quid
244 2603 380 2660 ergo
402 2590 514 2659 jam
548 2591 767 2645 dicitis?
792 2591 1232 2663 Responderunt:
1264 2594 1555 2653 Metuimus
1584 2614 1650 2653 ne

89 2677 478 2749 vilipenderint
509 2682 755 2737 homines
784 2684 1070 2738 consilium
1113 2694 1393 2751 nostrum;
1427 2688 1570 2757 quod
1603 2687 1649 2743 si

86 2772 371 2825 curaveris
403 2779 460 2825 ut
486 2773 713 2828 sinceris
748 2776 1035 2830 affectibus
1066 2790 1253 2831 omnes
1286 2776 1457 2831 instar
1484 2778 1649 2834 unius

87 2873 283 2928 preces
307 2861 572 2927 fundant,
601 2866 710 2919 voti
734 2866 812 2919 tui
846 2882 1067 2936 compos
1090 2867 1221 2921 eris.
1260 2866 1493 2938 Sapores
1520 2884 1650 2938 ergo

84 2952 409 3007 convocatis
444 2956 733 3010 comitibus
770 2958 885 3011 suis
914 2958 1122 3026 rogavit
1161 2965 1219 3010 ut
1250 2958 1483 3014 sinceris
1513 2959 1650 3015 alie-

1750 1880 1856 1924 est.
1887 1870 2050 1922 Anno
2086 1870 2297 1938 imperii
2331 1869 2451 1937 ejus
2482 1870 2641 1923 tertio
2670 1878 2887 1924 creatus
2907 1879 2988 1923 est
3021 1865 3315 1922 Flavianus
3346 1916 3351 1919 .

1750 1962 2057 2031 patriarcha
2090 1961 2391 2025 Romanus,
2419 1961 2507 2021 ubi
2538 1972 2824 2031 postquam
2850 1976 3023 2015 annos
3050 1961 3309 2015 tredecim

1751 2054 2016 2117 sedisset,
2052 2054 2270 2108 occisus
2298 2062 2403 2108 est.
2441 2053 2601 2109 Anno
2645 2055 2819 2124 ipsius
2859 2054 3104 2109 secundo
3137 2052 3315 2107 factus

1751 2142 2043 2215 Dionysius
2088 2145 2397 2214 patriarcha
2445 2146 2876 2211 Alexandrinus,
2937 2146 3029 2216 qui
3081 2146 3317 2215 scriptor

1750 2235 1872 2300 fuit,
1919 2250 2091 2290 annos
2134 2237 2522 2306 septemdecim
2569 2237 2731 2301 sedit,
2764 2236 2888 2291 dein
2919 2245 3168 2290 mortuus
3205 2246 3312 2290 est.

1747 2327 1908 2382 Anno
1949 2330 2111 2381 etiam
2166 2329 2409 2383 secundo
2452 2329 2661 2395 imperii
2712 2328 2884 2396 ipsius
2933 2335 3182 2381 mortuus
3228 2335 3314 2380 est

1751 2418 1992 2488 Sapores
2024 2418 2309 2473 Azdashiri
2348 2419 2493 2473 filius
2519 2433 2611 2472 rex
2650 2402 2964 2481 Persarum,
2997 2427 3120 2487 post
3150 2432 3310 2488 quem

1751 2514 1996 2583 regnavit
2039 2511 2274 2566 Hormoz
2328 2509 2552 2583 Saporis
2595 2508 2739 2565 ﬁlius
2781 2508 2906 2581 (qui
2948 2517 3032 2562 est
3080 2505 3313 2560 llormoz

1749 2581 2046 2672 Al;iiorri)
2092 2615 2294 2656 annum
2347 2581 2515 2655 unum
2564 2609 2618 2654 et
2662 2614 2878 2654 menses
2924 2598 3143 2662 decem,
3192 2604 3317 2666 post

1750 2710 1888 2764 quos
1934 2703 2185 2749 mortuus
2258 2701 2360 2746 est.
2386 2693 2542 2746 Anno
2578 2690 2741 2745 tertio
2778 2685 2989 2758 imperii
3033 2687 3314 2741 Maximini
3362 2723 3382 2743 .

1752 2782 1983 2838 Caesaris
2029 2796 2256 2851 regnum
2307 2781 2360 2835 in
2395 2781 2585 2836 Persas
2634 2778 2873 2834 obtinuit
2918 2778 3147 2831 Bahram
3177 2774 3316 2827 Bor-

1751 2874 1892 2928 mozi
1926 2874 2093 2937 filius,
2141 2872 2453 2941 qui-annos
2490 2882 2600 2925 tres
2646 2872 2768 2924 cum
2812 2868 2991 2925 tribus
3029 2866 3314 2923 mensibus

1706 2966 2015 3033 ~regnavit.
2069 2964 2227 3018 Anno
2279 2963 2440 3016 tertio
2497 2961 2751 3016 Bahratni
2810 2962 2953 3030 regis
3012 2957 3305 3017 Persarum

83 3042 266 3098 ctibus
291 3053 349 3098 et
379 3058 514 3113 pura
550 3055 727 3101 mente
764 3045 1052 3118 [agerent].
1094 3048 1359 3103 Asserunt
1385 3064 1513 3120 ergo
1542 3066 1647 3106 non
1678 3080 1721 3136 ο
1752 3056 2106 3129 385-387
2152 3055 2287 3109 obiit
2315 3053 2643 3109 Maximinus
2685 3052 2892 3115 Caesar,
2936 3050 3312 3104 Romanorum

82 3134 233 3199 prius
267 3133 423 3204 ipsos
452 3135 612 3191 bina's
638 3138 949 3207 concepisse
978 3137 1223 3206 preculas
1252 3150 1413 3209 quam
1445 3155 1474 3193 a
1500 3156 1649 3197 sum-

80 3237 169 3275 mo
196 3222 266 3277 ad
299 3225 470 3277 imum
502 3224 632 3281 fisso
676 3227 828 3281 urbis
856 3243 1008 3281 mttro
1036 3238 1278 3298 apertum
1312 3231 1383 3284 sit
1410 3232 1647 3300 spatium

79 3328 190 3380 quo
220 3316 436 3370 intrare
467 3325 685 3385 possent
716 3318 995 3383 homines;
1018 3335 1126 3388 quo
1157 3319 1306 3375 valde
1342 3324 1514 3377 territi
1554 3340 1650 3378 ur-

78 3399 163 3461 bis
191 3406 393 3462 incolae
419 3424 433 3461 :
471 3406 593 3471 Hic,
623 3408 896 3478 inquiunt,
928 3410 1131 3465 fraudis
1161 3421 1359 3465 nostrae
1395 3414 1516 3469 finis
1543 3424 1646 3471 est.

78 3493 372 3566 Ingressus
402 3513 531 3582 ergo
559 3500 746 3556 urbem
770 3502 1005 3572 Sapores
1039 3506 1310 3562 interfecit
1328 3510 1646 3579 quicunque

78 3583 132 3638 in
166 3602 374 3642 manus
410 3588 586 3659 ipsius
635 3604 997 3660 pervenerunt
1046 3597 1192 3650 viros
1230 3597 1369 3651 bello
1404 3597 1648 3661 idoneos,

76 3675 331 3745 reliquos
371 3677 492 3745 ejus
519 3680 722 3735 incolas
752 3682 1107 3754 381-383
1138 3690 1382 3755 captivos
1406 3687 1646 3753 abduxit,

78 3779 455 3837 magnamque
486 3770 536 3823 in
567 3784 633 3823 eo
652 3787 812 3840 opum
843 3776 947 3827 vim
982 3776 1205 3843 reperit.
1232 3773 1434 3830 Locum
1468 3785 1649 3830 autem

74 3857 174 3925 qui
203 3858 262 3935 in
300 3873 463 3912 muro
494 3859 656 3914 fissus
681 3871 762 3915 est
790 3878 852 3916 ea
886 3865 1046 3919 modo
1093 3866 1322 3935 relinqui
1358 3867 1557 3936 jussit,
1595 3873 1653 3921 ut

76 3963 143 4005 eo
183 3960 493 4020 conspecto
541 3952 789 4008 homines
840 3943 1146 4026 exemplum
1188 3966 1467 4027 caperent.
1517 3956 1651 4011 Dein

74 4040 265 4096 varias
314 4028 373 4094 in
404 4039 560 4112 Syria
594 4044 759 4098 urbes
787 4048 946 4114 cepit,
979 4047 1166 4101 multis
1218 4048 1392 4112 caesis,
1438 4048 1653 4102 multis-

74 4150 181 4202 que
210 4134 453 4204 captivis
484 4135 658 4190 factis.
682 4135 899 4191 Terram
925 4139 1084 4192 etiam
1115 4138 1424 4195 Graecorum
1454 4141 1657 4208 ingres-

72 4239 174 4278 sus
195 4239 462 4294 magnam
488 4239 673 4280 eorum
694 4235 924 4296 stragem
944 4227 1134 4291 edidit,
1154 4229 1325 4298 captis
1350 4227 1576 4281 Kalonia
1601 4234 1655 4279 et

72 4314 457 4385 Cappadocia.

144 4407 381 4461 Mortuo
415 4409 689 4461 Antonino
722 4407 933 4462 Caesare
955 4449 970 4472 ,
1015 4406 1198 4468 Romae
1230 4420 1352 4479 post
1385 4411 1558 4480 ipsum
1597 4410 1650 4464 in

1753 3147 2081 3215 imperator;
2131 3151 2258 3213 post
2305 3158 2468 3213 quem
2514 3142 2757 3210 regnavit
2791 3140 3065 3209 Pupienus
3108 3140 3313 3205 Caesar,

1750 3237 1843 3307 qui
1882 3246 1936 3291 et
1968 3234 2221 3289 Julianus
2261 3235 2568 3304 appellatus
2599 3241 2703 3296 est,
2746 3240 2858 3287 tres
2892 3246 3144 3294 menses,
3188 3231 3313 3285 dein

1751 3328 1969 3383 occisus
1997 3336 2112 3391 est;
2146 3326 2449 3396 imperante
2480 3333 2601 3393 post
2628 3324 2806 3397 ipsum
2842 3323 3025 3376 Roma:
3051 3321 3317 3378 Romanis

1750 3416 2025 3472 Gordiano
2072 3416 2283 3471 Caesare
2333 3431 2510 3471 annos
2558 3412 2816 3484 quatuor.
2876 3414 3047 3483 Cujus
3097 3413 3315 3482 imperii

1751 3524 1897 3563 anno
1937 3510 2112 3576 primo
2162 3508 2495 3562 constitutus
2539 3514 2623 3562 est
2670 3505 2965 3560 Flavianus
3007 3505 3315 3574 patriarcha

1752 3599 2151 3664 Antiochenus,
2179 3602 2269 3669 qui
2307 3614 2481 3653 annos
2517 3598 2769 3653 undecim
2802 3597 2967 3660 sedit,
3006 3596 3132 3650 dein
3168 3610 3318 3648 mor-

1754 3699 1880 3744 tuus
1919 3698 2025 3745 est.
2056 3688 2215 3746 Anno
2257 3688 2469 3758 imperii
2516 3689 2688 3757 ipsius
2731 3685 2974 3765 secundo
3017 3685 3196 3738 factus
3234 3694 3319 3737 est

1752 3780 2057 3837 Germanus
2105 3780 2399 3852 episcopus
2448 3778 3017 3847 Hierosolymitanus,
3068 3776 3316 3844 quicum

1754 3889 1924 3928 annos
1956 3884 2194 3943 quatuor
2233 3873 2499 3939 sedisset,
2537 3882 2786 3925 mortuus
2825 3878 2932 3923 est.
2966 3872 3125 3923 Anno
3168 3866 3322 3935 ejus-

1753 3965 1876 4020 dem
1931 3967 2093 4020 tertio
2143 3961 2389 4022 mortuus
2436 3971 2522 4018 est
2566 3961 2798 4017 Bahram
2854 3958 3108 4013 ilormozi
3153 3957 3320 4020 illius,

1755 4071 1848 4109 rex
1881 4053 2204 4117 Persarum;
2242 4061 2365 4122 post
2410 4066 2571 4123 quem
2608 4051 2853 4120 regnavit
2895 4049 3126 4114 Bahram
3171 4043 3320 4098 Bah—

1755 4147 1890 4201 rami
1924 4146 2067 4201 filius
2107 4145 2160 4200 in
2197 4143 2431 4207 Persas,
2466 4157 2641 4197 annos
2688 4138 3096 4210 septemdecim.
3148 4135 3320 4205 Cujus

1755 4248 2001 4308 tempore
2033 4237 2289 4307 prodiens
2333 4234 2554 4305 quidam
2603 4233 2815 4303 origine
2858 4230 3047 4295 Persa,
3096 4228 3320 4282 nomine

1755 4330 1920 4395 Mani,
1948 4328 2367 4382 Manichaeorum
2396 4325 2680 4395 religionis
2710 4332 2896 4377 auctor
2923 4323 3045 4384 fuit,
3068 4331 3319 4373 asserens

1756 4436 1816 4476 se
1848 4423 2164 4490 prophetam
2206 4433 2347 4484 esse,
2383 4432 2545 4487 quem
2580 4416 2915 4486 prehensum
2960 4410 3199 4466 medium
3231 4408 3319 4461 di-

70 4496 371 4553 Romanos
418 4499 656 4567 regnavit
693 4499 998 4553 Alexander
1042 4500 1223 4555 Caesar
1261 4516 1430 4557 annos
1474 4502 1655 4556 trede-
1684 4492 1729 4547 ο
1759 4507 1889 4567 vis",
1934 4511 2189 4575 Balaam,
2240 4509 2495 4562 Bahrami
2550 4508 2717 4571 ﬁlius,
2770 4504 2944 4573 captis
2996 4505 3222 4570 insuper
3253 4516 3318 4553 ex

73 4592 209 4657 cim,
250 4591 425 4657 idque
455 4605 597 4644 anno
630 4595 774 4658 regni
806 4591 1028 4661 Saporis
1063 4592 1157 4645 lilii
1186 4593 1471 4647 Azdashiri
1507 4595 1653 4665 regis

71 4683 388 4738 Persarum
424 4682 912 4752 decimo-septimo.
948 4684 1062 4737 Sub
1098 4699 1161 4738 eo
1190 4699 1322 4753 pace
1354 4693 1407 4739 et
1442 4685 1653 4739 incolu-

74 4775 285 4828 mitate
343 4772 516 4842 gavisi
551 4784 676 4827 sunt
720 4773 1039 4829 Christiani.
1075 4774 1243 4829 Mater
1282 4778 1425 4829 enim
1460 4777 1654 4845 ipsius,

70 4866 319 4919 nomine
351 4863 785 4934 Mama,magno
829 4866 881 4918 in
925 4864 1268 4920 Christianos
1308 4880 1491 4919 amore
1526 4880 1655 4933 pro-

71 4955 312 5026 pendit.
351 4953 511 5007 Anno
542 4954 754 5024 imperii
790 4954 1186 5023 ipsinslprimo-
1206 4957 1542 5012 constitutus
1575 4966 1658 5010 est

74 5046 391 5102 Hcraclius
417 5046 728 5116 patriarcha
762 5048 1181 5113 Alexandrinus,
1213 5048 1302 5100 ubi
1330 5063 1453 5102 cum
1483 5063 1655 5103 annos

78 5139 364 5194 tredecim
387 5138 637 5203 sedisset,
665 5147 909 5193 mortuus
932 5146 1034 5193 est.
1062 5124 1190 5207 Ejus
1215 5148 1459 5207 tempore
1477 5140 1657 5210 appel-

76 5234 238 5287 latus
298 5236 383 5284 est
436 5222 742 5299 patriarcha
793 5231 1188 5286 Alexandrinus
1238 5230 1419 5295 Baba,
1472 5231 1522 5286 id
1580 5239 1661 5285 est

78 5338 256 5379 avus:
298 5324 455 5375 Anno
488 5323 695 5391 imperii
723 5323 842 5391 ejus
874 5324 1034 5377 tertio
1060 5334 1281 5377 creatus
1311 5332 1395 5377 est
1428 5323 1660 5383 Anterus

76 5412 415 5485 patriarcha
450 5411 729 5467 Romanus
755 5454 769 5477 ,
820 5416 911 5481 qui
952 5428 1125 5468 annos
1161 5414 1448 5467 duodecim
1498 5414 1658 5479 sedit,

78 5508 218 5559 dein
254 5512 509 5557 mortuus
544 5512 648 5557 est.
687 5504 842 5556 Anno
870 5506 1111 5573 ejusdem
1138 5514 1326 5557 octavo
1359 5503 1534 5558 factus
1562 5502 1660 5555 Ba-

76 5598 197 5651 hila
275 5594 585 5663 patriarcha
635 5595 1046 5660 Antiochenus,
1099 5608 1270 5648 annos
1324 5603 1449 5648 octo
1498 5595 1659 5658 sedit,

118 5676 121 5685 γ

77 5687 221 5831 (\ein
281 5694 532 5742 mortuus
585 5694 689 5741 est.
736 5687 892 5741 Anno
940 5688 1149 5757 imperii
1204 5687 1372 5763 ipsius
1423 5686 1662 5742 secundo

1760 4600 1931 4669 ipsius
1969 4597 2197 4654 asseclis
2244 4604 2299 4650 et
2347 4596 2441 4665 qui
2491 4596 2611 4665 ejus
2654 4593 2981 4649 sententiam
3030 4590 3324 4658 amplecte-

1755 4700 1945 4745 rentur
2001 4690 2136 4744 viris
2182 4687 2475 4751 ducentis,
2532 4701 2671 4756 quos
2721 4684 2997 4753 capitibus
3050 4678 3324 4733 immersis

1757 4783 1871 4837 luto
1928 4776 2103 4836 infixit
2156 4780 2330 4835 donec
2383 4790 2757 4841 morerentur,
2817 4775 3044 4829 dicens:
3091 4770 3322 4824 Hortum

1757 4889 1918 4942 quem
1967 4873 2069 4927 feci
2112 4871 2426 4925 hominibus
2467 4869 2586 4923 viee
2616 4868 2875 4923 arborum
2906 4862 3170 4932 plantavi.
3211 4860 3325 4928 Ap-

1758 4960 1937 5029 pellati
1985 4970 2165 5013 autem
2213 4966 2343 5012 sunt
2382 4956 2697 5025 religionem
2749 4952 2922 5021 ipsius
2965 4946 3232 5019 professi,
3269 4955 3324 4999 et

1758 5049 2083 5103 sententiain
2134 5045 2406 5114 amplexi,
2463 5042 2766 5107 Manichaei,
2820 5042 2978 5096 titulo
3030 5039 3324 5109 agnomina

1760 5138 1931 5207 ipsius
1962 5138 2102 5191 Mani
2127 5137 2437 5206 desumpto.

1829 5230 1998 5285 Porro
2030 5244 2174 5284 anno
2216 5230 2379 5296 regni
2414 5226 2669 5280 Bahrami
2717 5225 2808 5278 filii
2862 5224 3113 5291 Babrami
3158 5222 3325 5275 tertio

1760 5331 2011 5377 mortuus
2037 5330 2118 5375 est
2165 5318 2477 5374 Cardianus
2513 5316 2693 5373 Czcsar
2725 5315 3093 5381 Romanorum
3149 5314 3321 5383 impc-

1761 5426 1930 5478 rator,
1968 5414 2267 5482 imperante
2299 5422 2422 5480 post
2468 5411 2640 5477 ipsum
2677 5408 2863 5461 Romae
2905 5405 3162 5460 limnanis
3196 5405 3323 5458 Phi-

1762 5508 1907 5576 lippo
1931 5504 2163 5567 Caesare,
2184 5504 2351 5573 388
2366 5518 2536 5556 annos
2564 5488 2796 5570 septem,
2822 5500 2911 5568 qui
2946 5500 2999 5551 in
3028 5497 3317 5551 Dominum

1760 5598 2038 5653 Christum
2074 5597 2322 5650 credidit.
2353 5597 2511 5647 Anno
2542 5594 2753 5663 imperii
2787 5592 2957 5661 ipsius
2990 5592 3167 5659 primo
3195 5602 3324 5639 con-

1763 5691 1983 5745 stitutus
2008 5698 2091 5745 cst
2118 5688 2425 5744 Gordianus
2457 5685 2746 5755 cpiscopus
2782 5680 3320 5750 Ilicrosolymitanus,
