3950 6348
659 172 765 233 993

1654 156 2027 222 EUTYCllll
2071 148 2605 215 ALEXAXDRle
2649 146 2873 209 PATR.

3750 137 3809 201 lii

662 287 752 339 uhi
778 298 896 337 cum
929 282 1167 351 quinque
1195 295 1369 335 annos
1395 279 1625 335 sedisset
1651 290 1899 333 mortuus
1927 287 2027 332 est.
2064 277 2219 328 Anno
2248 272 2295 331 Α
2322 269 2505 324 ϐωεθτ
2538 266 2725 327 audit,
2758 278 2931 318 annos
2971 258 3279 329 quindecim
3301 297 3315 321 ,
3356 254 3523 324 idque
3555 267 3692 351 anno
3720 256 3811 351 regis“

665 375 835 444 ipsius
870 383 1064 441 quarto
1094 386 1343 425 reversus
1378 369 1667 425 Narcissus
1704 371 1994 439 episc0pus
2030 366 2220 420 Hiero-

664 468 1024 538 solymitanus
1067 466 1158 535 qui
1211 464 1443 533 fugerat,
1493 480 1696 518 annum
1742 464 1881 519 sedit
1926 478 2048 516 cum
2080 460 2222 515 Gor-

664 561 849 623 diano,
880 573 990 627 quo
1030 557 1223 611 deinde
1269 564 1504 618 mortuo,
1546 557 1689 611 sedit
1728 566 1851 625 post
1880 555 2054 622 ipsum
2090 551 2224 605 Nar-

667 650 847 703 cissus
905 663 1079 701 annos
1124 647 1332 710 decem,
1388 646 1515 700 dein
1571 655 1817 700 mortuus
1868 655 1992 708 est,
2051 658 2223 719 annos

666 751 825 795 natus
871 750 1087 795 centum
1134 752 1188 793 et
1222 739 1520 795 sexdecim.
1573 738 1631 792 In
1684 736 1993 807 Philippum
2044 744 2220 789 autem

664 832 932 886 Caesarem
980 832 1364 901 imperatorem
1410 831 1656 885 insiliens
1698 829 1807 884 dux
1848 826 2092 898 quidam,
2125 842 2224 879 no-

668 922 811 975 mine
843 920 1073 983 Decius,
1102 920 1218 988 ipso
1260 919 1545 976 interfecto
1586 920 1868 989 imperium
1918 916 2221 983 occupavit,

669 1012 1022 1080 regnavitque
1057 1011 1241 1065 Romae
1271 1011 1326 1065 in
1370 1009 1645 1064 Romanos
1673 1024 1845 1063 annos
1872 1006 2034 1071 duos,
2065 1005 2226 1076 idque

669 1117 814 1155 anno
845 1102 994 1172 regni
1035 1102 1291 1156 Bahrami
1334 1101 1426 1155 lilii
1470 1101 1717 1155 Bahrami
1758 1104 1900 1171 regis
1940 1096 2223 1154 Persarum

2325 360 2571 413 Bahrami
2640 358 2729 410 lilii
2810 358 3059 407 liahrami
3117 358 3406 403 Persarum
3476 360 3618 414 regis
3666 358 3763 396 dect

2323 463 2536 522 quarto.
2572 450 2730 503 Anno
2763 445 2971 513 imperii
3006 442 3178 510 ipsius
3225 441 3400 508 primo
3431 436 3817 488 constitutus'm

2327 542 2593 595 Maximus
2626 537 2931 609 patriarcha
2962 532 3381 594 Alexandrinus,
3413 529 3504 597 qui
3538 541 3703 580 annos
3724 537 3820 579 octn-

2323 636 2497 689 decim
2530 633 2692 693 sedit,
2727 630 2850 683 dein
2884 635 3133 679 mortuus
3164 629 3265 677 est.
3300 623 3496 675 Eodem
3530 634 3669 673 anno
3699 618 3820 672 factus

2324 738 2408 783 est
2442 736 2495 780 et
2542 724 2743 777 Lucius
2780 718 3089 787 patriarcha
3123 714 3437 776 Romanus,
3472 714 3563 781 qui
3600 726 3715 764 cum
3746 721 3820 761 crta

2327 833 2542 873 menses
2594 814 2825 869 sedisset
2878 816 3129 865 mortuus
3179 816 3283 860 est.
3338 803 3467 857 Post
3524 818 3642 855 eum
3701 800 3823 853 factus

2327 910 2567 966 Estatius
2614 906 2810 960 ibidem
2841 901 3175 974 patriarcha,
3218 914 3309 952 sex
3356 910 3531 949 annos
3566 895 3720 956 sedit,
3745 892 3823 945 tlritt

2330 1012 2577 1057 mortuus
2601 1008 2707 1054 est.
2742 998 2898 1052 Anno
2933 994 3175 1064 ejusdem
3212 1003 3405 1045 octavo
3430 990 3752 1043 constitutus
3778 994 3827 1039 est

2325 1089 2534 1165 Xystus
2571 1089 2880 1161 patriarcha
2911 1086 3148 1147 ibidem,
3184 1084 3277 1153 qui
3317 1096 3440 1137 cum
3488 1094 3674 1134 novem
3705 1092 3827 1131 annos

2810 354 3059 407 liahrami
3117 353 3406 403 Persarum
3476 346 3618 414 regis
3666 346 3816 397 decimo

667 1169 979 1247 decimoIA
1000 1192 1171 1246 Decio
1198 1191 1305 1246 isto
1337 1193 1771 1260 persecutionem
1801 1169 2021 1259 gravem
2059 1191 2230 1245 mala-
2329 1184 2563 1241 sedisset
2596 1190 2847 1236 mortuus
2880 1186 2984 1233 est.
3022 1175 3222 1231 Eodem
3259 1188 3402 1227 anno
3444 1169 3830 1225 constitutusesl

666 1298 774 1353 que
808 1298 1001 1354 magna
1030 1285 1174 1353 passi
1204 1292 1335 1338 sunt
1364 1281 1684 1348 Christiani,
1711 1282 1840 1338 dum
1869 1285 1937 1337 ex
1970 1283 2037 1337 iis
2067 1281 2229 1335 innu-

670 1387 851 1428 meros
891 1372 1247 1442 interfecerit.
1278 1372 1593 1444 lartyrium
1640 1374 1743 1428 sub
1788 1375 1909 1443 ipso
1939 1373 2230 1428 subierunt

666 1464 1083 1532 quamplurimi,
1138 1463 1289 1517 inter
1322 1479 1462 1532 quos
1498 1464 1672 1518 morte
1719 1462 1944 1519 electus
1979 1469 2062 1519 est
2105 1460 2233 1516 Fla-

669 1555 861 1609 vianus
880 1552 1066 1609 Romae.
1095 1554 1427 1622 patriarcha.
1458 1554 1661 1609 Deinde
1680 1554 2013 1625 Carthagine
2036 1556 2227 1609 urbem

669 1644 939 1713 Ephesum
980 1645 1257 1715 profectus
1292 1646 1344 1699 in
1392 1647 1565 1715 ipsius
1596 1647 1775 1701 medio
1802 1646 2061 1715 templum
2113 1663 2229 1700 ma-

648 1739 833 1806 gnum
864 1737 1139 1792 exstruxit
1180 1738 1232 1791 in
1262 1751 1373 1806 quo
1407 1735 1551 1791 idola
1590 1738 1818 1801 statuit,
1849 1737 2023 1806 jussis
2053 1736 2235 1791 homi-

668 1824 833 1878 nibus
876 1823 986 1879 illis
1027 1825 1234 1878 cultum
1289 1825 1581 1894 prtstare,
1612 1835 1669 1879 et
1708 1824 1981 1880 sacriﬁcia
2016 1825 2234 1888 offerre,

668 1916 778 1970 illis
821 1918 912 1984 qui
963 1915 1016 1970 id
1065 1915 1248 1970 facere
1295 1926 1620 1971 recusarent
1664 1926 1894 1972 mortem
1948 1916 2231 1973 inferens:

667 2006 1025 2073 quamobrem
1083 2007 1204 2063 neci
1253 2006 1377 2062 data
1424 2017 1509 2062 est
1564 2023 1756 2079 magna
1797 2007 2233 2063 Christianorum

670 2098 998 2164 multitudo,
1038 2114 1179 2167 quos
1225 2115 1391 2167 super
1426 2099 1624 2169 Ephesi
1672 2100 2125 2169 muro'patibulis
2152 2100 2235 2153 af-

671 2189 805 2241 liait.
828 2186 1023 2243 Decius
1044 2188 1207 2241 etiam
1231 2187 1529 2257 imperator
1543 2198 1856 2257 assumptus
1876 2186 2231 2257 389-391

668 2293 701 2331 e
733 2286 1047 2347 magnatum
1083 2276 1283 2347 Ephesi
1322 2278 1444 2332 filiis
1476 2293 1677 2347 pueros
1708 2287 1941 2347 septem,
1977 2281 2125 2347 ipsos
2161 2278 2237 2331 rei

673 2370 940 2423 vestiaris
961 2384 1075 2423 sua
1095 2368 1374 2438 prazfecit;
1402 2384 1638 2439 quorum
1665 2369 1887 2439 nomina
1914 2379 2042 2424 sunt
2066 2370 2237 2423 Masi-

674 2461 911 2522 mianus,
946 2460 1259 2526 Amliehus,
1296 2438 1534 2526 Dianas,
1570 2438 1888 2530 lauimus,
1924 2462 2237 2530 Dionysius,

675 2552 966 2615 Antonius,
995 2524 1260 2608 Joannes.
1297 2524 1525 2621 Septem?
1556 2524 1646 2607 ιςίί
1672 2551 1906 2620 juvenes
1931 2524 2237 2607 cuuividola

676 2655 783 2695 non
816 2641 1081 2704 colerent,
1120 2653 1311 2695 nutum
1347 2640 1552 2695 factum
1582 2649 1668 2697 est
1701 2643 1800 2697 hoc
1827 2643 1939 2711 regi
1973 2658 2066 2711 per
2089 2642 2239 2697 dels-

614 2744 630 2759 σ
675 2739 864 2786 tores:
895 2745 1065 2799 quare
1098 2732 1275 2796 iratus
1311 2731 1427 2801 ipse
1475 2733 1597 2787 illus
1628 2733 1683 2786 in
1730 2747 2011 2787 carcerem
2042 2734 2237 2801 conjici

676 2821 877 2890 jussit,
907 2821 1103 2878 deinde
1144 2826 1211 2877 ad
1250 2825 1553 2878 exercitum
1600 2824 1883 2893 profectus
1917 2826 2039 2881 illos
2068 2826 2242 2881 donec

2260 1601 2305 1655 Β

2331 1275 2594 1330 Dominus
2625 1272 2926 1325 Antiochiae
2958 1265 3260 1338 patriarcha
3297 1264 3387 1332 qui
3418 1277 3541 1317 cum
3573 1270 3679 1314 tres
3708 1272 3831 1311 annos

2332 1367 2567 1423 sedisset
2612 1371 2862 1418 mortuus
2912 1368 3016 1415 est.
3066 1357 3224 1411 Anno
3271 1355 3517 1423 ejusdem
3568 1349 3833 1405 duodecimo

2332 1455 2683 1530 393-395
2713 1462 2929 1509 creatus
2959 1463 3042 1507 est
3077 1449 3395 1505 Timotheus
3428 1444 3624 1499 ibidem
3654 1443 3833 1511 patriar-

2336 1552 2459 1613 cha,
2495 1552 2586 1619 qui
2620 1558 2673 1602 et
2712 1553 2997 1616 postquam
3032 1554 3140 1596 tres
3172 1553 3345 1594 annos
3378 1537 3610 1591 sedisset
3645 1543 3836 1587 mortuus

2334 1651 2435 1696 est.
2474 1642 2630 1692 Anno
2659 1634 2871 1705 imperii
2907 1632 3079 1701 ipsius
3117 1632 3308 1698 quinto
3342 1626 3516 1681 factus
3548 1635 3629 1679 est
3659 1622 3837 1676 Alexan-

2335 1734 2432 1788 der
2456 1730 2742 1800 episcopus
2768 1725 3315 1793 llierosolymitanus,
3340 1734 3503 1787 quem
3533 1731 3655 1772 cum
3679 1723 3836 1782 septem

2335 1835 2510 1877 annos
2557 1819 2827 1880 sedisset,
2886 1825 3062 1868 morte
3107 1810 3285 1866 an‘ecit
3335 1811 3635 1878 imperator
3686 1805 3775 1858 iste
3804 1806 3835 1855 in

2340 1913 2473 1968 urbe
2501 1910 2773 1973 Caesarea,
2814 1908 2976 1976 idque
3024 1917 3166 1958 anno
3210 1899 3421 1971 imperii
3466 1900 3552 1953 sui
3586 1896 3837 1951 undecimo.

2336 2007 2496 2060 Anno
2521 2002 2763 2070 ejusdem
2796 2000 3007 2054 decimo
3043 2006 3238 2063 quarto
3271 1993 3606 2047 constitutus
3641 2000 3717 2043 est
3741 1987 3837 2041 lar-

2337 2098 2513 2155 aaban
2551 2096 2842 2166 episcOpus
2886 2087 3445 2156 ilierosolymitanus,
3488 2083 3582 2151 qui
3610 2095 3767 2133 annos
3788 2082 3839 2131 ri-

2340 2190 2474 2261 ginti
2510 2203 2675 2241 unum
2708 2186 2866 2245 sedit,
2901 2181 3025 2235 dein
3060 2186 3311 2233 mortuus
3338 2182 3445 2229 est.
3481 2173 3638 2227 Anno
3665 2172 3839 2240 septimo

2318 2281 2552 2352 'imperii
2598 2278 2808 2335 Calieni
2845 2275 3075 2330 Caesaris
3109 2272 3428 2327 interfectus
3470 2281 3559 2323 est
3590 2266 3865 2341 Cyprianus.

2328 2384 2549 2444 martyr
2582 2375 2634 2425 in
2668 2369 2867 2439 oppido
2897 2367 3047 2444 dicto
3089 2366 3389 2433 Arsagena.
3435 2356 3690 2415 Crudelis
3711 2370 3842 2411 aute-

2341 2466 2441 2519 fuit
2467 2442 2753 2533 Calitenus
2775 2442 3082 2530 [Galienu‘s]
3104 2455 3287 2511 Caesar
3312 2454 3364 2505 in
3394 2451 3742 2511 Christianos,
3766 2461 3843 2501 ms-

2341 2570 2569 2625 gnorum
2608 2551 2717 2607 illis
2757 2551 3018 2603 malorum
3052 2555 3264 2601 auctor.
3300 2545 3432 2615 Ejus
3466 2544 3634 2597 filium
3659 2582 3673 2607 ,
3697 2543 3774 2612 qui
3800 2544 3842 2591 ad

2340 2647 2539 2701 bellum
2562 2660 2687 2700 cum
2714 2641 2895 2697 Persis
2924 2642 3219 2711 gerendum
3246 2636 3524 2708 profectus
3547 2644 3651 2701 est,
3676 2643 3842 2703 captum

2340 2739 2517 2793 Persa
2534 2737 2600 2791 ad
2621 2735 2944 2789 Bahramum
2967 2732 3130 2787 lilium
3148 2731 3401 2785 Bahrami
3418 2729 3692 2783 Persarum
3709 2740 3846 2793 regem

2343 2832 2639 2891 miserunt,
2670 2826 2763 2896 qui
2806 2825 2982 2895 capite
3009 2822 3184 2893 ipsum
3228 2822 3533 2882 truncavit,
3576 2834 3678 2888 quo
3704 2817 3847 2870 auditu

682 2921 1052 2968 reverteretur
1094 2914 1323 2968 dimisit.
1374 2914 1714 2978 imperatore
1751 2912 1893 2987 ergo
1950 2916 2084 2971 urbe
2116 2932 2241 2988 pro-
2268 2928 2313 2983 (ι
2347 2934 2539 2992 magna
2586 2918 2812 2973 tristitia
2857 2915 3082 2970 affectus
3112 2922 3196 2969 est
3236 2911 3521 2968 Galitenus
3560 2910 3737 2971 Ca-sar,
3765 2916 3849 2963 et:

683 3003 848 3068 fectu,
876 3005 1127 3059 omnibus
1148 3020 1269 3074 quae
1299 3004 1573 3058 habebant
1602 3005 1656 3061 in
1700 3006 2096 3078 eleemosynam
2131 3008 2245 3064 dis-

682 3096 900 3150 tributis
941 3096 1011 3148 ad
1055 3103 1292 3150 montem
1339 3111 1618 3175 magnum,
1654 3095 1835 3154 Chaos
1880 3100 2243 3169 appellatum,

683 3187 750 3239 ad
799 3196 1007 3255 partem
1059 3187 1255 3255 Ephesi
1306 3189 1624 3243 orientalem
1668 3190 1931 3261 profecti,
1979 3194 2031 3245 in
2082 3208 2245 3262 specu

682 3280 915 3347 quodam
972 3295 1171 3350 magno
1216 3283 1309 3350 qui
1362 3284 1415 3335 in
1467 3284 1586 3350 ipso
1635 3284 1735 3336 fuit
1786 3299 1846 3338 se
1898 3284 2245 3353 abdiderunt,

686 3370 829 3422 unde
856 3384 999 3423 unus
1032 3372 1231 3439 aliquis
1271 3387 1336 3425 ex
1391 3372 1523 3439 ipsis
1561 3375 1806 3440 quotidie
1838 3375 2026 3427 urbem
2050 3354 2247 3443 perso-

685 3470 847 3514 natus
901 3462 1341 3530 ingrediebatur,
1398 3472 1455 3516 ut
1502 3464 1634 3533 quid
1689 3463 1756 3519 de
1813 3464 1945 3533 ipsis
2002 3466 2248 3519 dicerent

687 3555 935 3607 homines
978 3555 1209 3615 audiret,
1252 3556 1505 3623 victuque
1536 3558 1669 3625 ipsis
1704 3566 2020 3623 comparato
2068 3572 2249 3611 rever-

690 3657 789 3695 sus
819 3643 924 3696 illis
954 3643 1241 3696 indicaret.
1271 3644 1514 3697 Reverso
1549 3646 1714 3714 igitur
1742 3646 2063 3712 imperatori
2096 3659 2159 3701 ac
2184 3647 2249 3700 de

689 3732 826 3799 ipsis
865 3734 1074 3800 roganti
1104 3749 1229 3787 cum
1260 3735 1571 3787 nuntiatum
1609 3744 1774 3800 esset,
1814 3735 1984 3790 fuisse
2021 3737 2167 3805 ipsos
2193 3730 2245 3790 in

688 3832 874 3877 monte
921 3826 977 3876 in
1032 3826 1326 3893 spelunca,
1362 3826 1526 3893 jussit
1572 3826 1689 3894 ipse
1731 3827 1938 3881 obstrui
1983 3828 2252 3896 spelunca:

691 3915 940 3979 aditum,
985 3924 1043 3967 ut
1088 3916 1161 3969 ibi
1210 3928 1576 3969 morerentur.
1626 3917 1767 3972 Deus
1815 3926 1998 3970 autem
2046 3929 2248 3987 septem

688 4006 977 4076 juvenibus
1014 4004 1143 4060 istis
1185 4011 1435 4060 so‘mnum
1470 4008 1719 4070 immisit,
1764 4008 2076 4076 quo'instar
2107 4023 2251 4062 mor-

696 4107 908 4150 tuorum
944 4097 1306 4151 dormierunt.
1342 4099 1570 4162 Quidam
1612 4113 1742 4167 ergo
1786 4115 1847 4152 ex
1895 4100 2067 4167 ipsius
2114 4115 2247 4169 prte-

710 4187 865 4241 fcctis
899 4199 1115 4255 sumpta
1146 4188 1345 4241 lamina
1382 4190 1630 4257 plumbea
1665 4190 1947 4243 historiam
1984 4192 2249 4259 ipsorum,

2348 3014 2490 3069 malo
2524 3009 2853 3067 Christianis
2886 3006 3174 3061 inferendo
3203 3002 3460 3059 cessavit.
3496 3002 3649 3055 Anno
3682 2996 3849 3067 imperii

2344 3103 2734 3171 ipsius‘quinto
2765 3109 3008 3153 mortuus
3035 3105 3118 3151 est
3146 3095 3376 3149 Bahram
3396 3134 3411 3158 ,
3454 3086 3595 3147 filius
3623 3090 3848 3151 Bahraini,

2345 3195 2635 3261 Persarum
2668 3204 2801 3249 rex:
2836 3201 2954 3259 post
2985 3202 3146 3259 quem
3180 3187 3423 3258 regnavit
3449 3185 3692 3250 Bahram,
3721 3182 3846 3236 etiam

2346 3286 2599 3340 Bahrami
2634 3284 2795 3348 illius,
2832 3283 2923 3351 qui
2955 3292 3008 3336 et
3042 3281 3260 3335 Shahan
3300 3277 3444 3333 Shah
3485 3276 3650 3341 audit,
3681 3290 3846 3327 menses

2346 3383 2600 3445 quatuor,
2637 3373 2763 3426 dein
2803 3380 3052 3424 mortuus
3091 3380 3197 3430 est.
3229 3368 3559 3422 succedente
3596 3365 3690 3435 ipsi
3722 3365 3848 3416 fratre

2346 3468 2519 3536 ipsius
2550 3464 2721 3519 Narsa
2753 3464 2861 3517 lilio
2892 3461 3172 3523 Bahrami,
3197 3459 3302 3534 lilii
3333 3458 3582 3528 Saporis,
3608 3456 3689 3510 lilii
3714 3455 3849 3510 Διάιο

2346 3561 2503 3622 sliiri,
2535 3557 2633 3611 lilii
2663 3556 2856 3619 Babec,
2892 3553 2985 3607 lilii
3022 3551 3213 3607 Szisaui
3240 3568 3256 3617 ;
3287 3551 3376 3620 qui
3419 3552 3473 3605 in
3510 3549 3690 3605 Persas
3715 3561 3849 3613 annus

2350 3667 2540 3706 novem
2588 3648 2868 3717 regnavit,
2906 3644 3032 3699 dein
3076 3654 3327 3698 mortuus
3373 3654 3477 3697 est.
3511 3645 3658 3697 Anno
3684 3638 3845 3708 imperii

2350 3742 2591 3812 ejusdem
2624 3725 2891 3810 (videlicet
2919 3735 3130 3791 Galieni
3160 3736 3409 3805 Caesaris)
3442 3723 3648 3789 decimo
3675 3740 3841 3803 quarto,

2350 3832 2513 3903 396
2556 3846 2781 3901 regnum
2824 3831 2877 3883 in
2914 3829 3109 3884 Persas
3149 3828 3385 3883 obtinuit
3427 3826 3674 3889 liormoz,
3710 3824 3845 3876 Nam

2352 3926 2529 3987 illius,
2578 3924 2737 3976 annis
2781 3932 2990 3991 septem
3042 3930 3095 3976 et
3144 3922 3385 3990 quinque
3420 3921 3716 3983 mensibus,
3755 3914 3841 3969 deis

2352 4010 2597 4069 mortuus
2622 4024 2727 4067 est.

2422 4103 2635 4157 Mortuo
2670 4111 2848 4156 autem
2886 4100 3109 4156 Galicno
3134 4100 3371 4165 Caesare,
3407 4101 3745 4155 Romanorum
3767 4095 3839 4147 imo

2356 4206 2637 4265 pcratore,
2690 4195 2977 4263 imperavit
3026 4202 3146 4262 post
3197 4196 3375 4262 ipsum
3422 4194 3604 4247 Romae
3643 4190 3837 4244 Claudius

694 4287 748 4332 et
790 4277 918 4346 quid
967 4279 1103 4345 ipsis
1144 4296 1267 4333 cum
1320 4279 1646 4346 imperatore
1694 4278 1853 4333 Decio
1899 4283 2249 4350 contigisset,
2288 4260 2328 4314 θ
2359 4260 2566 4353 δεθείη,
2608 4260 2809 4341 annum
2864 4260 3063 4352 unum,
3098 4260 3261 4354 idque
3309 4301 3453 4339 anno
3490 4286 3630 4354 regni
3664 4282 3836 4337 Hormo:

694 4373 1019 4440 inscripsit;
1060 4386 1222 4440 quam
1256 4371 1451 4424 deinde
1482 4385 1621 4424 arcae
1648 4386 1817 4425 aeneis
1860 4371 2109 4435 inclusit,
2149 4389 2252 4443 qua

698 4462 753 4514 in
784 4476 947 4528 specu
980 4459 1167 4512 relicta
1206 4446 1427 4527 janua'm
1463 4460 1633 4529 ipsius
1653 4460 1946 4513 obstruxit.

770 4552 930 4621 392
991 4550 1205 4604 Mortuo
1269 4550 1430 4603 Decio
1480 4551 1694 4613 Caesare
1752 4554 2081 4619 imperatore
2134 4556 2255 4622 post

696 4644 874 4712 ipsum
922 4640 1106 4695 Romae
1148 4641 1200 4693 in
1254 4639 1532 4695 Romanos
1567 4641 1851 4709 imperium
1902 4642 2259 4697 obtinuerunt

697 4746 874 4785 atiiios
912 4731 1085 4795 duos,
1127 4730 1484 4798 imperatores
1515 4731 1623 4785 duo
1664 4730 1855 4785 Galius
1891 4742 1946 4785 et
1987 4731 2256 4797 Julianus,

699 4821 975 4886 Cmsares;
1015 4818 1177 4888 idque
1204 4832 1349 4871 anno
1376 4819 1525 4887 regni
1568 4818 1818 4872 Bahrami
1860 4820 1953 4872 lilii
1986 4820 2258 4885 Bahrami,

702 4910 985 4963 Persarum
1022 4910 1185 4977 regis,
1216 4910 1559 4963 duodecimo.
1592 4912 1749 4964 Anno
1777 4911 1994 4979 imperii
2021 4912 2259 4980 ipsorum

703 5004 879 5071 primo
908 5000 1196 5054 Cornelius
1226 5001 1408 5053 Romae
1434 5001 1740 5069 patriarcha
1768 5004 2096 5055 constitutus
2122 5002 2261 5056 duos

699 5108 875 5147 unitos
905 5094 1068 5157 sedit,
1092 5093 1216 5146 dein
1258 5102 1507 5147 mortuus
1531 5103 1636 5147 est.
1674 5092 1879 5147 Eodem
1912 5109 2057 5147 anno
2086 5094 2263 5149 factus

702 5197 785 5239 est
830 5184 1134 5239 Demetrius
1185 5183 1493 5252 patriarcha
1544 5184 1954 5249 Antiochenus,
2000 5186 2091 5255 qui
2139 5194 2263 5239 octo

704 5291 876 5330 annos
906 5276 1066 5336 sedit,
1102 5258 1227 5328 dein
1262 5284 1508 5328 mortuus
1546 5283 1648 5329 est.
1686 5275 1931 5341 Mortuus
1963 5284 2046 5331 est
2082 5286 2259 5331 autem

706 5368 957 5422 Julianus
981 5369 1297 5435 imperator,
1315 5377 1371 5421 et
1394 5367 1698 5421 octodecim
1727 5377 1847 5437 post
1877 5366 2069 5422 diebus
2094 5370 2262 5422 inter-

710 5457 885 5515 fectus
934 5458 1162 5523 Galius,
1211 5458 1423 5529 imperii
1466 5473 1735 5526 consors,
1793 5454 2095 5531 imperante
2140 5469 2264 5531 post

711 5555 855 5620 ipsos
902 5552 1159 5621 Romanis
1204 5551 1406 5621 Galitio
1450 5554 1701 5626 Caesare,
1736 5557 1828 5627 qui
1864 5569 1917 5611 et
1954 5558 2264 5612 Alterianus

2362 4378 2646 4433 Persarum
2673 4377 2817 4446 regis
2842 4375 3021 4428 tertio.
3040 4376 3192 4428 Anno
3218 4376 3425 4443 imperii
3449 4370 3831 4427 ClaudiiCzsarit

2361 4470 2535 4538 primo
2568 4467 2899 4521 constitutus
2936 4476 3014 4519 est
3050 4462 3248 4519 Paulus
3277 4467 3585 4535 patriarcha
3616 4460 3836 4518 Antioche-

2361 4567 2495 4618 nus,
2545 4553 2637 4621 qui
2688 4566 2813 4605 cum
2861 4566 3035 4605 annos
3081 4560 3205 4605 octo
3248 4553 3480 4609 sedisset
3527 4556 3831 4608 mortuusat.

2356 4644 2787 4714 Cognominatus
2844 4653 2927 4697 est
2994 4652 3171 4697 autem
3228 4642 3432 4700 Paulus
3482 4646 3830 4701 Somaisetaw.

2360 4736 2503 4803 quod
2533 4750 2597 4788 ex
2627 4736 2821 4788 incolis
2846 4732 3113 4789 Somaiset
3142 4744 3307 4799 esset,
3333 4735 3541 4808 fuitque
3562 4738 3684 4791 idem
3703 4741 3830 4785 auctor

2361 4824 2630 4879 haereseos
2681 4824 3137 4879 Paulicianorum.
3184 4825 3287 4891 Qui
3333 4831 3577 4884 eamdem
3617 4812 3719 4882 cum
3757 4825 3828 4890 iw

2361 4914 2516 4969 fidem
2565 4914 2796 4983 professi
2830 4924 3001 4991 .sunt,
3049 4918 3403 4985 eamdemque
3447 4918 3733 4973 sententiam
3755 4924 3825 4963 au-

2364 5008 2524 5073 plesi,
2551 5022 2578 5060 a
2611 5007 2826 5060 nomine
2860 5006 3034 5075 ipsius
3060 5006 3250 5069 l’aulo,
3279 5009 3590 5063 Pauliciani.
3619 5001 3822 5063 Sentenlil

2361 5105 2539 5149 autem
2568 5094 2715 5148 Pauli
2748 5097 3082 5149 Samosetani
3119 5098 3231 5150 haec
3259 5106 3413 5152 erat:
3445 5099 3700 5153 Dominum
3723 5094 3823 5147 Chn-

2362 5198 2502 5241 stum
2550 5186 2823 5241 hominem
2867 5184 3037 5241 fuisse
3079 5203 3105 5239 a
3153 5188 3357 5243 Deitate
3390 5202 3615 5245 creatum
3652 5186 3820 5256 ejusdem

2362 5292 2485 5331 cum
2519 5286 2763 5331 nostrum
2788 5278 2971 5346 aliquo
3000 5278 3338 5343 substantias,
3364 5290 3418 5334 et
3447 5282 3727 5351 principium
3743 5270 3819 5323 Γίῖῖι

2364 5384 2391 5421 a
2432 5369 2597 5421 Maria
2632 5368 2836 5433 fuisse,
2886 5369 3172 5439 ipsumque
3208 5371 3442 5425 electum
3476 5373 3624 5427 fuisse
3658 5378 3703 5422 ut
3726 5370 3818 5418 eam

2364 5460 2614 5515 Salvator
2666 5461 2985 5515 substantia:
3041 5463 3325 5527 humanae,
3391 5466 3655 5520 comitante
3697 5460 3813 5527 ipsa!

2364 5555 2535 5624 gratia
2581 5554 2761 5608 divina
2806 5562 2860 5609 et
2888 5554 2939 5607 in
2981 5554 3098 5624 ipso
3133 5555 3407 5613 habitante
3454 5574 3540 5623 per
3576 5550 3815 5611 amorem“
