3950 6348
66 242 151 301 997
1448 229 1597 289 ANN
1609 229 1815 290 ALES.

3127 233 3229 294 998

65 347 383 406 voluntatem,
438 342 666 410 ideoque
731 348 975 392 vocatum
1026 354 1146 394 esse
1199 337 1394 390 Filium
1459 335 1570 387 Dei.
1610 339 1650 392 Α
1679 331 1860 386 Titum
1902 342 2102 386 vastata
2150 333 2277 387 anni
2322 341 2448 388 sunt
2491 334 2706 389 ducenti
2752 351 2870 390 sex.
2916 334 2994 391 Ad
3031 336 3168 394 idem
3198 353 3229 390 a

66 437 186 489 Dixit
212 435 362 489 etiam
407 432 573 486 Deum
612 445 770 482 uuam
802 445 926 483 esse
967 419 1352 490 substantiam,
1391 439 1581 478 unam-

59 543 148 594 que
174 539 489 594 personam,
536 536 709 587 neque
741 521 794 573 in
832 519 1066 575 Verbum
1095 517 1368 576 credebat.
1406 528 1580 582 neque

59 621 102 671 itt
138 615 381 685 Spiritum
427 621 700 665 sanctum.
748 612 874 664 Post
923 619 1153 664 mortem
1193 609 1358 678 igitur
1408 607 1581 674 ipsius

54 705 341 777 congregati
376 712 504 758 sunt
546 702 787 772 episcopi
827 701 1084 754 tredecim
1127 703 1180 752 in
1222 701 1355 754 urbe
1385 699 1582 752 Antio-

55 803 225 858 cbena,
255 795 344 863 qui
373 795 426 847 in
461 793 633 862 ipsius
669 793 868 846 laetum
901 800 954 845 et
989 790 1310 844 sententiam
1342 788 1576 857 inquisi-

55 892 247 945 verunt,
287 891 490 936 etcum
553 879 753 948 ipsum,
815 889 871 934 et
933 887 1201 949 quotquot
1255 876 1578 932 sententiam

51 979 152 1044 ejus
183 971 634 1043 amplecterentur
653 971 990 1024 anathemate
1011 969 1356 1023 devovissent
1377 967 1579 1020 reversi

49 1078 179 1120 sunt.
473 1068 481 1076 '
1419 1113 1422 1116 r

107 1153 449 1225 397-399
480 1153 690 1227 Mortuo
712 1152 937 1207 Claudio
963 1151 1177 1206 Caesare
1206 1150 1579 1204 Romanorum

51 1247 372 1316 imperatore,
407 1253 528 1313 post
559 1245 736 1315 ipsum
782 1243 1040 1298 Romanis
1076 1241 1261 1296 Romae
1297 1240 1583 1309 imperavit

48 1337 278 1392 Aurelius
305 1336 486 1392 Caesar
517 1351 694 1391 annos
728 1337 1005 1406 quinque,
1047 1327 1211 1402 idque
1241 1347 1386 1385 anno
1428 1330 1579 1399 regni

49 1429 275 1482 llormozi
317 1428 412 1482 lilii
440 1427 629 1488 Narza:
659 1428 799 1497 regis
838 1427 1126 1482 Persarum
1171 1436 1388 1494 quarto.
1425 1422 1582 1476 Anno

50 1521 236 1589 imperii
267 1520 472 1575 Aurelii
501 1521 731 1575 Caesaris
765 1521 940 1589 primo
976 1518 1314 1570 constitutus
1346 1523 1426 1568 est
1455 1513 1581 1566 Dio-

53 1611 214 1678 nysius
242 1612 553 1679 patriarcha
593 1608 895 1672 Romanus,
927 1605 1024 1676 qui
1057 1616 1182 1660 octo
1215 1619 1392 1660 annos
1417 1604 1580 1669 sedit,

50 1699 147 1752 dein
205 1707 455 1754 mottutts
507 1707 611 1753 est.
667 1700 825 1752 Anno
877 1705 1077 1766 quarto
1135 1695 1350 1763 imperii
1408 1693 1582 1764 ipsius

46 1796 238 1843 erectus
292 1799 377 1844 est
434 1788 613 1844 Neron
641 1790 947 1860 patriarcha
999 1787 1439 1849 Alexandrinus,
1492 1785 1582 1838 ubi

43 1879 392 1935 novcmdecim
433 1894 610 1935 annos
644 1879 806 1942 sedit,
839 1879 965 1934 dein
1001 1889 1249 1932 mortuus
1281 1886 1390 1934 est.
1424 1875 1580 1930 Chri-

39 1971 181 2024 stiani
216 1980 402 2025 autem
429 1970 782 2024 Alexandrini
830 1971 883 2022 in
923 1968 1199 2038 speluncis
1241 1975 1295 2020 et
1331 1966 1584 2021 domibus

39 2061 160 2112 clam
189 2061 458 2120 orabant,
506 2068 654 2112 metu
687 2046 1100 2121 Romanorum,
1136 2071 1204 2110 ne
1236 2056 1382 2125 ipsos
1419 2055 1587 2126 truci-

37 2155 246 2216 darent,
289 2165 470 2222 neque
515 2149 808 2208 manifesto
839 2164 900 2204 se
939 2147 1232 2205 exhibebat
1273 2147 1583 2216 patriarcha

38 2242 82 2294 in
106 2242 428 2295 Alexandria
455 2258 471 2308 ;
505 2250 563 2296 at
579 2256 702 2295 cum
732 2228 1044 2310 patriarcha
1070 2249 1350 2303 crearetur
1380 2237 1588 2306 Neron,

35 2334 111 2386 ille
137 2349 195 2386 se
228 2332 524 2387 manifesto
556 2331 826 2395 exhibuit,
857 2345 1035 2400 neque
1069 2329 1278 2384 destitit
1308 2328 1585 2392 Romanos

34 2425 368 2490 demulcere,
417 2426 591 2479 donec
631 2425 972 2478 Alexandriae
1008 2424 1298 2478 ecclesiam
1342 2420 1587 2477 Dominae

32 2514 201 2570 Mariae
267 2505 485 2570 sacram
555 2523 885 2570 exstrueret.
960 2513 1118 2567 Anno
1182 2512 1426 2580 imperii‘
1463 2512 1585 2580 ejus

29 2608 245 2675 quinto,
305 2616 561 2662 mortuus
612 2616 698 2663 est
754 2607 991 2661 Hormo:
1048 2603 1238 2660 Narzae
1292 2603 1436 2660 illius
1491 2618 1582 2667 rex

31 2698 332 2760 Persarum,
371 2696 460 2752 cui
493 2698 676 2752 nullus
704 2705 844 2762 erat,
872 2711 1032 2766 quem
1067 2706 1444 2770 successorem
1479 2693 1586 2755 sibi

29 2790 418 2856 constitueret,
453 2788 618 2856 illius.
654 2786 784 2841 Erat
815 2775 996 2840 tamen
1023 2801 1090 2840 ex
1117 2786 1384 2844 uxoribus
1415 2783 1586 2854 ipsius

26 2881 266 2952 quaedam
316 2880 579 2951 gravida,
633 2895 796 2950 quatn
850 2893 974 2932 cum
1027 2883 1275 2948 gogasset
1328 2875 1582 2945 pOpulus,

1683 425 1899 479 Christo
1930 436 2078 489 nato,
2109 425 2323 480 ducemi
2370 427 2710 494 septuaginta
2749 443 2865 482 sex.
2905 429 2983 483 Ad
3027 428 3168 483 idem
3198 444 3227 482 s

1683 529 1850 585 regno
1879 515 2195 581 Alexandri,
2245 515 2601 587 ἀοι-403
2631 517 2906 584 quingenti
2939 519 3230 587 nonaginta

1681 608 1943 676 quinque.
1975 606 2052 664 Ad
2097 608 2239 662 idem
2273 622 2303 661 a
2330 610 2645 676 captzvitate
2677 608 3017 678 Babylonica,
3054 611 3230 664 Octin-

1681 701 1827 765 genti
1861 701 2254 770 quinquaginta
2290 708 2434 754 octo.
2470 700 2547 752 Ad
2581 699 2721 753 idem
2755 714 2783 753 a
2829 698 3048 766 Davide,
3083 700 3231 754 mille

1682 791 1908 845 trecenti
1933 790 2148 858 triginta
2176 791 2437 860 quinque.
2468 791 2548 844 Ad
2580 789 2720 844 idem
2749 790 2819 843 ab
2847 789 2991 844 exitu
3022 790 3234 846 Israeli-

1683 890 1860 934 tarum
1914 895 1980 932 ex
2039 878 2308 950 Egypto,
2359 879 2506 934 mille
2559 881 2816 950 nongenti
2876 880 3230 949 quadraginta

1685 986 1847 1024 unus.
1888 969 1969 1022 Ad
2012 970 2151 1023 idem
2181 971 2254 1022 ab
2281 960 2610 1030 Abrahamo,
2657 969 2742 1023 bis
2787 971 2933 1024 mille
2971 969 3238 1037 quadrin-

1685 1057 1828 1128 genti
1870 1056 2233 1126 quadraginta
2279 1065 2423 1111 octo.
2472 1056 2550 1110 Ad
2601 1057 2742 1109 idem
2784 1072 2813 1108 a
2845 1056 3113 1123 Pbaleko,
3154 1057 3238 1111 bis

1684 1147 1830 1200 tnille
1856 1147 2110 1216 nongenti
2140 1148 2410 1216 octoginta
2436 1161 2651 1219 novem.
2677 1147 2756 1199 Ad
2781 1146 2924 1199 idem
2949 1162 2978 1200 a
3008 1147 3234 1210 diluvio,

1684 1243 1768 1290 ter
1813 1237 1960 1291 mille
2005 1236 2284 1306 quingenti
2323 1237 2537 1307 viginti.
2578 1237 2658 1290 Ad
2708 1237 2848 1290 idem
2895 1237 2964 1291 ab
3007 1227 3235 1301 Adamo,

1683 1326 1976 1397 quinquies
2005 1328 2148 1382 mille
2172 1327 2496 1398 septingenti
2533 1328 2876 1397 septuaginta
2908 1341 3023 1382 sex.

1755 1512 2028 1582 Imperare
2057 1521 2236 1566 autem
2259 1509 2474 1583 [carpit]
2507 1508 2876 1564 Diocletianus
2906 1524 3052 1564 anno
3087 1510 3240 1580 regni

1681 1601 1938 1672 Saporis,
1968 1601 2060 1655 lilii
2096 1601 2372 1665 llormoxi,
2399 1599 2690 1673 Persarum
2721 1600 2894 1670 regis,
2912 1590 3226 1664 undecimo,

1689 1709 1792 1748 una
1821 1709 1944 1749 cum
1978 1693 2100 1762 ipso
2132 1694 2434 1762 imperante
2461 1692 2806 1758 Maximiano,
2839 1696 2932 1763 qui
2959 1702 3013 1750 et
3041 1695 3242 1750 Curius

1659 1786 1990 1856 (appellatus
2038 1794 2168 1850 est;
2215 1788 2531 1853 potitusque
2575 1794 2661 1840 est
2707 1785 2764 1839 in
2807 1783 3244 1842 Romanos.int-

1686 1875 1838 1943 perio
1868 1873 2027 1928 annis
2059 1873 2244 1943 viginti
2277 1888 2407 1928 uno.
2455 1872 2767 1944 Magnarum
2807 1875 2882 1935 illi
2916 1875 3242 1932 Christianis

1686 1965 2081 2030 calamitatum,
2103 1977 2156 2021 et
2182 1968 2418 2022 tristitiae
2451 1968 2742 2034 diuturna},
2787 1970 3245 2039 cruciatuumque

1687 2058 1929 2125 graVium
1980 2071 2044 2111 ac
2087 2059 2489 2127 persecutiois
2514 2060 2666 2114 durae
2712 2068 2968 2120 auctores
3001 2060 3243 2126 fuerunt,

1685 2144 1823 2199 adeo
1869 2155 1930 2199 ut
1976 2145 2181 2215 majora
2221 2148 2349 2202 sint
2381 2164 2542 2218 quam
2575 2164 2696 2217 qua:
2735 2149 2969 2220 exprimi
3012 2159 3244 2219 possunt

1686 2237 1848 2300 mala,
1885 2238 2135 2306 quazillis
2173 2238 2493 2302 intulerunt,
2519 2254 2623 2307 qua
2653 2241 2818 2304 caede,
2849 2256 2954 2309 qua
2977 2239 3242 2295 bonorum

1693 2326 2062 2396 publicatione
2085 2343 2102 2392 ;
2129 2328 2428 2383 interfectis
2445 2343 2509 2382 ex
2535 2331 2667 2398 ipsis
2687 2344 2919 2398 quorum
2949 2345 2981 2384 a
3005 2333 3245 2394 nemine,

1686 2428 1915 2487 excepto
1943 2417 2077 2482 Deo,
2113 2435 2378 2476 numerus
2409 2421 2536 2476 iniri
2567 2430 2767 2490 potest,
2828 2436 2894 2476 ac
2925 2424 3243 2493 martyrium

1684 2524 1875 2565 eorum
1916 2500 2160 2583 tempore
2211 2511 2391 2581 passis
2441 2513 2677 2568 millenis
2729 2523 3030 2582 martyrum
3084 2515 3248 2568 milli-

1687 2600 1814 2656 bus.
1849 2595 2023 2656 Iidem
2052 2613 2303 2656 sanctum
2335 2601 2622 2672 Georgium
2657 2603 2824 2657 variis
2856 2604 3246 2674 suppliciorum

1687 2693 1981 2761 generibus
2031 2694 2333 2747 cruciatum
2370 2694 2426 2747 in
2476 2678 2785 2757 Palaestina,
2839 2702 3016 2747 morte
3058 2691 3251 2748 aﬂecc-

1691 2789 1821 2838 runt
1853 2802 1868 2840 :
1911 2785 2007 2854 qui
2040 2793 2267 2839 sanctus
2298 2800 2327 2838 a
2354 2783 2693 2855 Cappadocia
2728 2799 2901 2855 genus
2929 2786 3102 2840 duxit.
3155 2784 3249 2840 ln-

1690 2874 2022 2942 terfecerunt
2060 2876 2227 2929 etiam
2255 2884 2509 2929 sanctum
2557 2875 2780 2938 Minam,‘
2829 2871 2994 2947 ἦ,οό
3032 2890 3246 2930 necnon

25 2973 182 3028 sciret
227 2988 412 3028 necne
456 2981 636 3026 utrum
670 2969 724 3024 in
771 2981 926 3023 utero
971 2983 1212 3037 puerum
1245 2981 1313 3021 an
1346 2966 1581 3036 puellam
1610 2978 1656 3035 α
1689 2975 1943 3019 sanctum
1997 2964 2296 3030 Victorem,
2350 2965 2679 3019 l'hieinitum
2706 3004 2722 3028 ,
2779 2955 3133 3020 Abimaebum
3193 2973 3250 3021 et

21 3073 278 3133 gestaret,
313 3063 596 3132 respondit
624 3062 716 3115 illa
755 3059 988 3115 :Motum
1013 3057 1326 3128 embryonis
1347 3057 1413 3111 ad
1441 3057 1585 3110 latus
1636 3045 1644 3057 ’

22 3154 270 3211 dextrum
325 3154 544 3218 sentio,
597 3166 722 3206 cum
773 3148 1108 3230 gestaminis,
1139 3146 1587 3216 levitate,~quod

21 3246 280 3300 indicium
331 3252 416 3299 est
466 3243 633 3298 fetum
691 3241 991 3296 masculum
1033 3254 1175 3294 esse.
1228 3238 1411 3294 Gavisi
1462 3251 1594 3307 ergo

21 3337 88 3388 illi
151 3336 412 3390 diadema
479 3344 636 3389 utero
709 3331 955 3386 mulieris
1032 3330 1191 3385 istius
1252 3329 1588 3398 alligant-st,

19 3441 249 3498 eumque
304 3426 474 3479 lilium
526 3425 852 3494 peperisset,
914 3423 1092 3478 Sabur
1135 3413 1441 3492 appellatus
1481 3432 1586 3476 est.

19 3517 174 3589 400
204 3519 418 3585 Estque
451 3517 538 3571 ille
567 3517 708 3570 idem
737 3516 828 3585 qui
857 3513 1151 3577 Dul-Ectal'
1199 3512 1585 3586 {Scapularum

20 3609 308 3684 Dominus]
350 3609 766 3678 cognominatus
828 3616 950 3673 est;
1003 3608 1138 3664 inde.
1185 3607 1587 3678 scilicet.quod

19 3717 134 3755 cmn
164 3715 352 3773 regem
378 3700 613 3771 aliquem
641 3697 910 3764 vinceret,
936 3698 1325 3767 scapulamilli
1355 3698 1587 3754 luxaret.

19 3791 204 3864 Magna
260 3802 482 3858 autem,
531 3790 704 3861 ipsius
754 3805 956 3856 causa,
1011 3791 1196 3848 laztitia
1237 3788 1420 3846 allecti
1455 3798 1590 3846 sunt

19 3883 213 3940 Persae.
281 3940 286 3945 κ
1069 3929 1072 3932 .

79 3967 552 4042 Μότιυοᾉυτειίο
579 3972 794 4029 Caesare
817 3972 1200 4034 Romanorum
1232 3972 1584 4043 ittiperatore,

19 4079 132 4137 post
163 4047 352 4139 ipsum
377 4077 689 4135 regnarunt
725 4057 968 4120 Tacitus.
986 4066 1041 4120 et
1078 4064 1359 4120 Kurianus
1391 4051 1585 4119 novem

19 4176 270 4224 menses,
320 4158 450 4214 dein
489 4159 657 4214 occisi
705 4166 854 4213 sunt.
908 4159 1218 4228 imperante
1261 4158 1587 4227 post-ipsos

19 4251 239 4305 llaruno
269 4251 497 4305 Caesare
535 4264 709 4304 annos
755 4266 887 4310 sex;
922 4249 1086 4317 idque
1114 4266 1268 4304 anno
1298 4249 1445 4318 regni
1490 4248 1587 4302 Sa-

1692 3054 2047 3115 Mercnritrm,
2089 3058 2248 3111 Auno
2278 3055 2490 3126 imperil
2523 3057 2762 3126 ipsorum
2802 3052 3244 3110 decimocottsti-

1695 3157 1846 3203 tuuis
1871 3158 1955 3204 est
1993 3150 2179 3204 Petrus
2207 3129 2515 3218 pauiarcba
2538 3149 2958 3216 Alexandrinus,
2992 3149 3246 3220 seditque

1674 3255 1868 3296 annos
1929 3241 2118 3297 decem
2167 3257 2183 3295 :
2229 3225 2353 3296 dein
2404 3255 2548 3296 anno
2607 3241 2936 3296 eorutndem'
2987 3242 3252 3297 vicesimo

1674 3336 2033 3408 Alexandriae
2065 3318 2245 3406 gladio
2275 3345 2439 3407 caput
2471 3338 2571 3403 ipsi
2599 3348 2935 3409 amputatum
2962 3349 3067 3395 est.
3092 3341 3251 3395 Anno

1691 3428 1906 3498 imperii
1943 3427 2185 3498 ipsorum
2225 3429 2771 3497 primo'constitutus
2822 3439 2906 3486 est
2943 3431 3249 3503 Eutychius

1692 3519 1998 3587 patriarcha
2038 3517 2356 3584 Romanus,
2404 3522 2499 3591 qui
2539 3536 2664 3576 cum
2700 3536 2876 3578 annos
2909 3532 3038 3578 octo
3071 3524 3250 3580 sedis-

1691 3618 1776 3663 set
1796 3617 2054 3664 ‘monttt‘us
2090 3620 2195 3665 est.
2247 3611 2408 3665 Anno
2437 3612 2753 3668 eorumdem
2787 3628 2931 3668 nono
2958 3613 3136 3671 lactus
3167 3625 3252 3670 est

1689 3688 1898 3774 Gabiu's
1930 3699 2147 3773 [Caius]
2191 3705 2504 3770 patriarcha
2543 3702 2780 3769 ibidem,
2823 3704 2915 3772 qui
2963 3706 3249 3760 duodecim

1679 3805 1866 3846 annos
1891 3793 2058 3856 sedit,
2120 3793 2246 3847 dein
2293 3802 2540 3849 mortuus
2574 3802 2680 3849 est.
2731 3797 2890 3848 Anno
2920 3793 3134 3862 imperii
3156 3811 3253 3851 eo-

1689 3882 1934 3936 rumdern
1981 3883 2194 3938 decimo
2237 3885 2570 3938 constitutus
2612 3892 2700 3938 est
2737 3881 2898 3939 Euris
2941 3886 3251 3956 patriarcha

1688 3967 2209 4044 Antiochenus,:qui
2243 3976 2496 4030 undecim
2529 3989 2702 4031 annos
2738 3978 2903 4039 sedit,
2937 3978 3065 4032 dein
3100 3995 3249 4033 mor-

1689 4077 1819 4122 tuus
1861 4076 1968 4122 est.
2018 4070 2176 4121 Anno
2207 4067 2520 4122 eorudem
2549 4068 2742 4136 quinto
2790 4070 3123 4125 constitutus
3166 4081 3250 4125 est

1648 4156 1972 4231 blamunes
2023 4152 2336 4228 episcopus
2372 4156 2915 4228 llierosolymitanus.
2975 4160 3067 4214 ubi
3127 4175 3248 4214 cum

1689 4246 1951 4300 tredecim
1975 4262 2147 4301 annos
2181 4249 2412 4302 sedisset
2445 4257 2694 4302 mortuus
2721 4259 2825 4302 est.
2845 4249 3003 4303 Anno
3028 4264 3254 4304 eorum-

19 4343 162 4410 poris
206 4342 307 4396 lilii
359 4338 614 4396 llormozi
661 4339 952 4398 Persarum
1004 4345 1145 4409 regis
1191 4341 1374 4396 tertio.
1425 4318 1662 4392 Anno.D
1689 4338 1810 4392 dem
1843 4337 2054 4392 decimo
2089 4347 2284 4392 octavo
2332 4347 2562 4393 creatus.
2596 4348 2680 4394 est
2721 4337 3017 4395 Zebedteus
3047 4340 3254 4407 episcoo

19 4432 229 4501 imperii
267 4416 486 4484 ﬁaruni
523 4431 684 4482 tertio
709 4443 926 4484 creatus
955 4438 1041 4484 est
1067 4428 1314 4484 Philetus
1345 4428 1580 4498 patriar-

19 4521 111 4575 cha
158 4520 490 4585 Romanus,
538 4519 630 4576 ubi
678 4535 802 4573 cum
849 4532 1026 4574 annos
1069 4520 1584 4589 quinquesedisset

19 4623 270 4668 mortuus
307 4624 426 4672 est.
473 4613 632 4664 Anno
675 4611 921 4679 ejusdem
965 4610 1210 4666 secundo
1250 4609 1583 4664 constitutus

19 4714 94 4759 est
143 4703 398 4774 Cyrillus
454 4702 767 4770 patriarcha
806 4700 1366 4769 Antiochenus,.qui
1405 4714 1583 4754 annos

20 4793 336 4862 quindecim
371 4792 528 4855 sedit,
556 4785 680 4846 dein
700 4802 962 4845 mortuus
991 4802 1095 4844 est.
1121 4787 1336 4843 Mortuo
1358 4788 1583 4844 Hanno

19 4887 230 4940 Casare
255 4883 629 4938 Romanorum
653 4882 979 4949 imperatore
1001 4881 1246 4950 regnavit
1260 4890 1383 4950 post
1402 4881 1578 4947 ipsum

19 4976 188 5031 Carus
228 4975 447 5039 Caesar,
493 4986 705 5041 unaque
752 4971 866 5025 bini
918 4971 1090 5040 ipsius
1145 4972 1237 5024 lilii
1276 4971 1470 5025 Carius
1526 4978 1580 5025 et

19 5068 410 5131 Numerianus,
443 5081 614 5120 annos
639 5065 799 5129 duos,
824 5055 984 5142 idque
1003 5067 1148 5118 anno
1172 5067 1322 5134 regni
1353 5065 1580 5120 Saboris

19 5159 281 5216 llurmoai
310 5158 407 5212 lilii
437 5172 602 5212 nono.
633 5157 918 5211 Crudelem
949 5156 1038 5210 hic
1068 5171 1124 5210 se
1156 5170 1282 5226 erga
1309 5154 1577 5210 Christia-

19 5267 116 5305 nos
143 5250 436 5314 exhibuit;
467 5248 720 5316 idemque
750 5256 832 5302 est
863 5248 958 5316 qui
988 5243 1252 5309 Kosmum
1285 5258 1336 5300 et
1363 5246 1581 5300 Damia-

19 5359 142 5396 num
182 5341 421 5406 fratres,
462 5350 728 5408 martyres
760 5349 934 5391 morte
973 5337 1168 5392 affecit.
1201 5336 1413 5390 Mortuo
1441 5335 1580 5390 Caro

19 5439 236 5492 Dasare
263 5474 282 5498 ,
310 5435 391 5487 'ac
434 5431 749 5487 interiectis.
777 5431 903 5485 ﬁliis
935 5431 1128 5500 ipsius,
1172 5430 1355 5484 Romae
1389 5431 1445 5485 itt
1475 5428 1579 5484 Ro-
1613 5490 1615 5492 ,

19 5541 216 5580 manos
256 5525 485 5593 imperio
514 5524 714 5592 potitus
744 5531 828 5576 est
854 5519 1219 5576 Diocletianus
1246 5520 1448 5575 Caesar.

76 5615 209 5672 Jam
240 5615 310 5671 ad
336 5616 622 5685 imperium
649 5613 972 5672 Diocletiani
995 5617 1064 5667 ab
1089 5611 1462 5681 Hierosolyma
1484 5627 1579 5682 per

1692 4444 1794 4499 pus
1824 4427 1984 4483 Hiero
2001 4429 2386 4499 solyntitanus,
2413 4431 2500 4498 qui
2528 4431 2710 4484 decem
2735 4446 2904 4484 annos
2936 4432 3095 4493 sedit,
3127 4431 3252 4485 dein

1687 4529 1936 4574 mortuus
1984 4532 2093 4575 est.
2170 4519 2415 4579 Fuerunt
2476 4529 2658 4588 autem
2717 4519 2880 4574 Petro
2929 4523 3250 4591 patriarchae

1686 4607 2061 4664 Alexandrino
2115 4609 2366 4679 discipuli
2419 4610 2551 4674 duo,
2604 4625 2838 4679 quorum
2885 4615 2991 4665 uni
3049 4627 3249 4666 nomen

1684 4701 1944 4764 Achillas,
1975 4700 2131 4753 alteri
2164 4701 2490 4756 Alexander.
2525 4699 2763 4770 Fuitque
2790 4685 3136 4754 Alexandria)
3166 4703 3252 4755 in-

1685 4791 1860 4844 ﬁdelis
1891 4791 2112 4860 quidam
2167 4793 2389 4847 nomine
2447 4793 2634 4855 Arius,
2684 4793 2783 4861 qui
2820 4779 3038 4846 Patrem
3068 4793 3247 4848 solum

1685 4881 1853 4936 Deum
1882 4899 2003 4938 esse
2034 4885 2294 4946 asseruit,
2359 4876 2553 4936 Filium
2592 4896 2771 4937 autem
2803 4891 3070 4944 creatum,
3105 4898 3246 4938 con-

1683 4975 1900 5041 ditum;
1962 4989 2026 5027 ac
2085 4975 2263 5029 fuisse
2287 4974 2500 5029 Patrem
2557 4988 2678 5048 eum
2701 4979 2831 5028 “non
2879 4984 3022 5027 esset
3054 4971 3254 5029 Filius.

1687 5063 1837 5118 Dixit
1868 5079 2000 5134 ergo
2025 5061 2227 5119 Petrus
2257 5064 2536 5133 discipulis
2590 5064 2708 5120 suis
2737 5084 2750 5116 :
2787 5063 3051 5118 Dominus
3089 5063 3250 5118 Chri-

1681 5169 1804 5212 stus
1833 5157 1963 5210 Ario
1991 5158 2079 5210 isti
2103 5155 2403 5220 maledixit,
2429 5165 2615 5210 cavete
2646 5155 2812 5221 igitur
2834 5170 2900 5208 ne
2930 5155 3129 5223 ipsum,
3152 5155 3248 5210 aui

1684 5251 1860 5321 ipsius
1896 5243 2101 5304 dictum
2130 5246 2480 5319 ‘05-‘07
2513 5245 2813 5316 recipiatis.
2860 5245 3062 5301 Videns
3097 5249 3250 5300 enim

1681 5343 1736 5398 in
1768 5356 1962 5398 somno
1986 5341 2266 5396 Christum
2298 5340 2544 5392 vestibus
2571 5337 2784 5402 scissis,
2813 5353 2937 5391 cum
2970 5353 3249 5407 rogassem

1682 5434 1856 5503 ipsum
1882 5448 1898 5486 :
1924 5433 2171 5498 Domine,
2197 5418 2326 5499 quis
2343 5425 2534 5482 vestes‘
2551 5434 2677 5482 tuas
2705 5423 2997 5482 laceravit?
3023 5442 3252 5496 respon-

1683 5527 1763 5580 dit
1797 5525 1951 5589 mihi,
1995 5523 2178 5576 Arius.
2235 5519 2436 5573 Cavete
2491 5533 2621 5590 ergo
2666 5534 2733 5576 ne
2765 5518 2940 5588 ipsum
2976 5518 3030 5573 in
3061 5516 3249 5572 Eccle-

1683 5616 1818 5670 siam
1845 5613 2130 5670 vobiscum
2161 5609 2482 5665 admittatis.
