3950 6348
658 342 764 406 999

1676 346 2043 411 EUTYCHII
2085 345 2388 409 ALEXAN
2402 346 2620 409 DRINI
2660 347 2876 408 PATR.

3753 344 3845 410 1000

725 456 932 522 Quinto
957 465 1136 512 autem
1164 466 1292 527 post
1311 456 1532 511 Petrum
1567 457 1932 526 patriarcham
1994 455 2224 513 interfe-
2253 470 2298 524 Α
2328 457 2444 526 ipse
2475 455 2624 511 Roha
2659 457 2890 529 fugiens,
2921 471 2983 512 ac
3011 455 3326 527 Byzantium
3351 454 3658 524 profectus,
3689 466 3847 524 patrem

655 561 805 602 ctum
841 561 1005 611 anno,
1071 549 1401 602 constitutus
1460 556 1544 602 est
1601 547 1865 613 Achillas,
1925 549 2225 618 discipulus

655 636 851 706 ipsius,
904 635 1218 704 patriarcha
1254 636 1700 702 Alexandrinus;
1763 637 1852 690 ubi
1903 651 1999 692 sex
2052 649 2226 691 annos

653 725 818 790 sedit,
851 724 973 779 dein
1029 733 1279 780 mortuus
1326 735 1431 782 est.
1460 728 1625 785 Arius
1687 735 1871 782 autem
1924 728 2226 782 amicorum

655 828 882 869 suorum
910 829 1013 883 ope
1035 826 1225 870 contra
1253 817 1528 871 Achillam
1557 818 1844 900 implorata
1869 817 1969 886 ipsi
2000 815 2226 871 simula-

655 913 735 960 vit
765 907 993 962 rediisse
1024 923 1084 963 se
1115 909 1183 962 ab
1210 910 1317 963 ista
1360 910 1634 964 sententia
1663 910 1851 979 impia,
1901 909 2118 978 istaque
2146 905 2231 960 in-

655 997 965 1064 fidelitate;
1010 1015 1180 1067 quare
1240 1001 1419 1069 ipsum
1452 1009 1508 1055 et
1556 1003 1610 1054 in
1647 1000 1951 1056 Ecclesiam
2001 998 2224 1052 admisit

655 1090 902 1143 Achillas
947 1096 1022 1144 et'
1055 1089 1440 1160 presbyterum
1489 1093 1798 1147 constituit.
1859 1089 2230 1144 Diocletianus

655 1195 788 1236 vero
843 1195 939 1234 rex
965 1179 1316 1237 Christianos
1377 1183 1618 1252 undique
1661 1182 2008 1252 conquisitos
2057 1189 2232 1236 morte

619 1319 622 1322 .
656 1271 840 1326 aifecit
882 1287 898 1324 :
952 1287 1098 1341 quos
1126 1273 1255 1326 dum
1289 1289 1540 1342 quarere
1564 1284 1837 1344 pergeret,
1890 1290 2015 1330 cum
2048 1271 2114 1328 ad
2151 1274 2233 1327 lo-

657 1378 784 1416 cum
821 1363 1133 1417 Dalmitiam
1164 1363 1371 1416 dictum
1407 1366 1762 1433 pervenisset,
1796 1363 1938 1420 Deus
1972 1365 2026 1417 in
2053 1364 2230 1431 ipsum

659 1453 956 1509 vindictam
987 1471 1141 1510 suam
1171 1455 1390 1520 effudit,
1441 1455 1579 1511 adeo
1607 1465 1668 1511 ut
1695 1458 1876 1512 soluto
1905 1469 2136 1525 corpore
2173 1453 2230 1508 in

661 1546 911 1602 morbum
944 1562 1165 1618 gravem
1203 1549 1495 1615 incideret,
1534 1551 1826 1618 plagasque
1865 1562 2059 1616 graves
2093 1560 2229 1617 con-

659 1638 924 1704 traheret,
957 1641 1093 1694 adeo
1124 1648 1188 1693 ut
1220 1655 1432 1694 vermes
1461 1642 1795 1710 produceret
1824 1653 2024 1706 corpus
2057 1637 2230 1706 ipsius

657 1727 811 1798 quia
845 1742 1012 1782 carne
1042 1729 1212 1796 ipsius
1242 1730 1298 1783 in
1337 1738 1540 1783 terram
1566 1730 1900 1794 deciderent,
1938 1728 2228 1798 linguaque

652 1830 723 1870 ex
771 1829 868 1871 ore
904 1815 1190 1884 deflueret,
1235 1818 1424 1888 itaque
1454 1826 1704 1872 mortuus
1745 1820 1838 1872 sit.
1871 1816 2231 1872 Maximianus
2263 1798 2306 1855 Β

655 1921 808 1972 vero,
848 1907 944 1977 qui
965 1908 1226 1963 Alcurius
1246 1910 1556 1980 appellatus
1581 1923 1684 1972 est.
1725 1909 1782 1964 in
1816 1911 2067 1963 morbum
2096 1908 2233 1962 inci—

655 1995 756 2062 dit,
791 2013 900 2067 quo
931 1999 1188 2054 adustum
1218 2011 1303 2055 est
1332 2016 1537 2070 corpus
1569 2001 1761 2070 ipsius,
1788 2003 1922 2054 adeo
1949 2007 2007 2052 ut
2039 1999 2235 2052 carbo-

655 2092 745 2144 nis
767 2091 941 2144 instar
967 2099 1156 2158 esset;
1219 2090 1486 2162 Tarsique
1521 2102 1768 2146 mortuus
1793 2100 1898 2158 est,
1931 2091 2262 2160 imperante

659 2190 781 2253 pest
818 2185 968 2252 iluos
990 2180 1290 2247 Maxentio,
1320 2168 1638 2237 Maximiani
1667 2183 1800 2248 tilio,
1824 2196 2037 2250 unaque
2060 2181 2232 2235 Maxi-

653 2270 842 2325 minno
872 2269 1046 2324 altero
1065 2307 1082 2334 ,
1129 2271 1220 2338 qui
1251 2277 1305 2322 et
1337 2268 1663 2324 Galerianus
1690 2269 1883 2332 audiit,
1931 2283 2104 2323 annos
2133 2282 2233 2322 no-

654 2376 778 2416 vem
810 2379 828 2417 :
858 2340 1213 2432 idque'anno
1242 2358 1411 2430 ωε
1444 2361 1595 2429 regni
1655 2358 1884 2430 Saporis
1932 2358 2030 2412 lilii
2085 2357 2230 2412 Hor-

654 2449 799 2507 mosi
823 2446 1010 2506 Persa
1045 2448 1322 2503 tricesimo
1365 2448 1631 2503 secundo.
1681 2448 1995 2502 Diviserunt
2027 2448 2080 2501 bi
2113 2442 2234 2502 ‘im-

657 2543 868 2612 perium
894 2541 1032 2612 adeo
1063 2537 1521 2604 utMaximianus,
1539 2540 1633 2608 qui
1656 2537 1910 2594 Galerius
1929 2539 2231 2609 appellatus

657 2607 764 2698 est,
786 2632 842 2686 in
871 2607 1149 2686 Orie‘ntem
1180 2639 1233 2685 et
1252 2630 1492 2700 Syriam,
1520 2607 1829 2697 terramque
1859 2607 2228 2682 ll'omanorum

659 2734 943 2796 regnaret;
972 2723 1280 2781 Maxentius
1304 2737 1432 2778 vero
1462 2721 1649 2776 Roma:
1679 2730 1736 2776 et
1778 2722 1832 2774 in
1865 2721 2037 2790 ipsius
2069 2718 2230 2774 terri-

557 2823 560 2825 ’
658 2817 821 2871 toria.
852 2815 1100 2870 Fuerunt
1128 2823 1308 2869 autem
1339 2814 1392 2868 in
1416 2805 1765 2869 Christianos
1799 2811 1975 2866 instar
2010 2804 2229 2864 leonum

655 2908 1022 2971 saevientium,
1071 2914 1129 2962 et
1160 2905 1430 2960 malorum
1505 2905 1934 2970 exsiliorumque
1973 2900 2079 2955 illis
2127 2914 2227 2955 au-

656 3011 838 3054 ctores
863 3012 984 3068 qua
1011 2996 1328 3052 describere
1363 3008 1524 3048 nemo
1543 2997 1742 3064 p‘oteat,
1763 2991 2057 3062 qualiaque
2084 2987 2231 3043 haud

655 3090 857 3142 fecerat
890 3085 1016 3156 quis
1041 3101 1108 3140 ex
1139 3085 1208 3141 iis
1237 3084 1330 3155 qui
1383 3092 1790 3163 antecesserant
1821 3083 2067 3151 regibus.
2119 3081 2225 3135 lm-

2335 3090 2547 3162 deserta
2575 3081 2996 3176 projicerenttrr.
3049 3108 3226 3161 Morte
3258 3115 3372 3160 tum
3413 3107 3593 3161 affecti
3626 3081 3757 3162 sunt
3779 3106 3879 3159 Ser-

651 3178 865 3245 peratit
898 3191 1006 3230 una
1048 3190 1174 3229 cum
1221 3175 1356 3244 ipsis
1399 3175 1685 3244 Byzantio,
1723 3173 2081 3243 partibusque
2123 3171 2226 3239 ipsi

651 3267 1030 3336 adjacentibus
1063 3264 1364 3331 Constans,
1409 3264 1758 3320 Constantini
1806 3257 1986 3336 pater,
2034 3265 2231 3320 virse-

650 3363 835 3424 datus,
858 3357 1171 3427 religiosus,
1191 3357 1458 3410 idolorum
1476 3357 1624 3420 osdr,
1645 3355 1977 3410 Christianis
1991 3355 2222 3410 amicus.

659 3446 763 3501 llie
803 3447 858 3500 in
901 3455 1090 3516 partes
1119 3444 1524 3514 ﬂesOpotantiac
1569 3459 1634 3498 ac
1680 3442 1873 3507 Rohz.
1925 3447 2227 3515 profectus,

648 3541 778 3591 dum
811 3536 866 3590 in
899 3536 1100 3606 oppido
1130 3536 1364 3605 quodam
1389 3534 1556 3588 liohze
1583 3536 1799 3605 Caphar
1826 3538 2039 3590 Phacar
2081 3535 2227 3608 [vico

647 3626 826 3699 figuli]
868 3631 1015 3682 dicto
1087 3627 1453 3691 subsisteret,
1503 3627 1639 3680 vidit
1674 3627 1750 3681 ibi
1787 3627 2072 3683 mulierem
2101 3629 2227 3698 pul-

649 3719 867 3781 chram;
915 3719 1241 3784 formosam,
1279 3717 1498 3771 nomine
1543 3715 1828 3784 Helenam,
1859 3735 1979 3790 qua:
2020 3735 2050 3773 a
2087 3720 2224 3774 Bar-

648 3811 767 3864 sica
797 3811 1059 3879 episcOpo
1102 3807 1346 3863 Rohensi
1382 3808 1450 3862 ad
1495 3808 1657 3864 fidem
1688 3809 2061 3866 Christianam
2093 3826 2227 3868 cou-

649 3916 808 3956 versa
846 3903 1044 3966 fuerat,
1096 3915 1197 3955 nec
1225 3916 1332 3955 non
1362 3900 1544 3971 legere
1571 3901 1840 3959 didicerat
1869 3918 2068 3972 :quam
2097 3918 2223 3961 cum

647 4007 678 4046 a
713 4003 868 4063 patre
901 3993 1127 4062 petitam
1154 3991 1211 4046 in
1247 4007 1472 4046 uxorem
1497 3991 1604 4048 sibi
1631 3994 1903 4060 duxisset,
1925 4010 1988 4049 ea
2009 3996 2078 4049 ab
2106 3997 2224 4066 ipso

646 4083 869 4156 gravida
899 4085 1042 4138 facta
1066 4094 1150 4157 est
1175 4100 1190 4149 ;
1217 4097 1439 4138 reverso
1461 4085 1658 4140 deinde
1679 4085 1985 4140 Constante
2016 4085 2224 4157 Byzan-

648 4179 810 4242 tium,
840 4178 1052 4247 peperit
1079 4174 1283 4232 Helena
1315 4175 1484 4230 litium
1505 4177 1817 4246 pulchrum,
1848 4188 2219 4244 mansuetum,

647 4272 927 4326 intellectu
985 4271 1300 4339 praeditum,
1368 4267 1498 4321 mali
1554 4266 1877 4338 fugientem,
1937 4271 2224 4338 sapientiai

645 4372 943 4427 amantem,
978 4363 1232 4416 videlicet
1283 4357 1726 4424 Constantinum,
1754 4362 1845 4430 qui
1883 4359 2051 4415 Rohae
2081 4361 2214 4415 edu-

643 4466 802 4510 catus
828 4448 1143 4548 Grzecorutn
1176 4453 1511 4548 sapientiam
1543 4450 2216 4548 addidiciuﬂaximiatius
2249 4451 2291 4505 D
2321 4469 2486 4520 suum
2536 4448 2882 4538 perspgcwm
2942 4475 3194 4539 habeam,
3247 4476 3398 4542 dein,
3433 4448 3525 4531 libi
3560 4448 3699 4548 quo;
3739 4476 3860 4531 mm

642 4556 850 4609 autem,
881 4546 973 4614 qui
1006 4545 1262 4598 Galerius
1291 4540 1472 4601 dictus
1499 4553 1584 4598 est
1605 4581 1621 4608 ,
1659 4545 1743 4596 vir
1775 4544 1877 4597 fuit
1907 4559 2086 4615 asper,
2117 4560 2216 4598 au-

648 4639 775 4697 dax,
827 4634 1162 4691 Christianis
1212 4635 1369 4689 valde
1425 4633 1696 4702 infensus,
1744 4635 1945 4704 quique
2015 4637 2218 4692 multos

645 4723 996 4798 409—411
1029 4727 1274 4796 ipsorum
1306 4727 1431 4780 neci
1469 4725 1659 4793 daret;
1689 4727 2038 4792 mulierosus,
2081 4727 2218 4781 adeo

647 4830 706 4872 ut
737 4833 844 4872 non
870 4820 1210 4886 relinqueret
1237 4816 1566 4872 Christianis
1620 4817 1785 4871 filiam
1842 4818 2077 4887 aliquam
2112 4821 2220 4872 vir-

640 4912 820 4980 ginem
847 4924 1013 4980 quam
1046 4924 1159 4964 non
1199 4909 1528 4979 prehensam
1569 4923 1633 4962 ac
1665 4910 1910 4962 vitiatam
1941 4909 2219 4964 interfice-

641 5012 760 5067 ret;
809 5001 1114 5070 eodemque
1170 5000 1331 5054 modo
1382 5008 1692 5053 tractarunt
1744 5001 1975 5055 comites
2039 5001 2216 5071 ipsius

641 5091 884 5162 virgines
918 5090 1400 5155 Christianorum;
1432 5091 1690 5159 ipsosque
1720 5091 1919 5159 opibus
1952 5090 2216 5159 spoliatos

641 5181 1014 5247 trucidarunt,
1049 5180 1186 5234 adeo
1221 5189 1280 5232 ut
1311 5181 1457 5252 male
1485 5180 1777 5234 admodum
1807 5179 1877 5234 ab
1911 5181 2044 5249 ipsis
2073 5189 2218 5239 esset

641 5274 992 5328 Christianis.
1022 5272 1105 5326 Ad
1133 5272 1383 5328 eumdem
1412 5280 1737 5341 pervenerat
1771 5275 1912 5326 fama
1944 5273 2218 5329 Constan-

643 5368 764 5428 tini,
790 5365 1016 5430 scrlicet,
1038 5381 1157 5421 esse
1179 5381 1302 5420 eum
1335 5380 1558 5435 puerum
1591 5375 1956 5432 mansuetum,
1981 5368 2104 5421 tnali
2130 5369 2218 5421 fu-

642 5460 902 5528 gientem,
965 5459 1260 5526 mult-.eque
1330 5458 1608 5534 scicntize,
1691 5474 1961 5528 quemque
2019 5475 2213 5529 magno

651 5552 950 5605 fruiturum
1005 5552 1234 5619 imperio
1288 5551 1747 5604 annuntiaverant
1790 5553 1881 5619 qui
1924 5567 2046 5605 cum
2101 5554 2217 5621 ipso

645 5653 800 5694 erant
852 5643 1150 5710 astrologi;
1194 5656 1365 5710 quare
1413 5651 1588 5695 morte
1645 5643 1793 5695 illum
1837 5645 2053 5698 allicere
2103 5654 2216 5697 stu-

648 5733 765 5786 duit
801 5751 814 5786 :
851 5737 995 5802 quod
1030 5747 1151 5786 cuni
1187 5734 1554 5789 Constantino
1603 5743 1786 5787 notum
1821 5735 2018 5788 laetum
2051 5747 2213 5803 chct,

2327 563 2484 604 suum
2515 549 2674 611 adiit,
2706 549 2798 618 qui
2827 565 3051 620 regnum
3085 549 3185 618 ipsi
3216 548 3462 602 tradidit.

2401 641 2698 710 Aliquanto
2739 648 2865 709 post
2906 649 3152 694 mortuus
3181 648 3266 693 est
3297 639 3598 702 Constans,
3623 637 3851 694 Constat.

2326 732 2425 787 tini
2455 741 2633 802 pater.
2685 730 2828 786 Deus
2857 737 3038 785 autem
3076 730 3129 784 in
3164 730 3559 784 Maximianum
3610 730 3856 798 imperato-

2327 839 2442 878 rem
2495 821 2715 877 morboa
2757 835 2950 889 graves
2999 821 3248 886 immisit,
3278 821 3416 873 adeo
3461 829 3692 874 ut‘raro
3727 817 3858 888 ipsiet

2327 915 2614 978 deflueret,
2667 922 2723 968 et
2774 913 2830 967 in
2890 921 3091 965 terrain
3156 912 3430 982 proiectus
3483 919 3752 972 maneret,
3793 925 3858 965 nec

2328 1005 2454 1076 quis
2485 1005 2552 1059 ad
2598 1005 2774 1071 ipsum
2811 1001 3093 1056 accederet
3135 1002 3215 1055 vel
3264 1001 3524 1054 accedere
3552 1008 3757 1070 posset.
3797 998 3861 1054 Ii-

2328 1098 2433 1153 rati
2451 1107 2577 1153 sunt
2605 1111 2732 1167 ergo
2761 1097 2895 1152 socii
2922 1097 3092 1165 ipsius
3115 1096 3243 1148 illud
3275 1098 3418 1164 quod
3448 1096 3550 1164 ipsi
3575 1095 3860 1165 contigerat,

2328 1193 2462 1262 quin
2506 1200 2561 1245 et
2601 1191 2704 1260 ipsi
2739 1187 2942 1242 inimici
2992 1187 3203 1241 miserti
3255 1197 3385 1241 sunt
3413 1187 3536 1256 ejus
3568 1187 3638 1240 ob
3681 1201 3747 1240 ea
3779 1202 3863 1250 qua

2329 1298 2529 1352 passus
2566 1290 2672 1338 est.
2724 1281 2847 1348 Ipse
2885 1295 3015 1334 vero
3049 1279 3115 1332 ad
3150 1295 3209 1333 se
3239 1294 3516 1342 reversus,
3569 1277 3683 1332 Hoc
3720 1278 3864 1332 forsan

2328 1375 2476 1443 quod
2506 1375 2683 1444 patior
2720 1371 2941 1443 (inquit)
2966 1370 3092 1425 inde
3129 1369 3259 1424 mihi
3288 1370 3506 1433 accidit,
3551 1371 3701 1438 quod
3743 1369 3867 1423 Chri-

2331 1469 2546 1525 stianos
2573 1464 2962 1520 interfecerim.
3006 1463 3238 1518 Litteras
3269 1478 3400 1533 ergo
3432 1463 3486 1517 in
3526 1479 3727 1518 omnes
3778 1479 3867 1532 pro-

2331 1561 2541 1618 vincias
2582 1572 2718 1613 suas
2762 1557 2935 1619 dedit,
2982 1567 3040 1609 ut
3081 1555 3450 1617 Christianos,
3496 1554 3809 1624 quicunque
3829 1555 3865 1609 in

2328 1648 2646 1706 carceribus
2675 1655 2888 1712 essent,
2920 1645 3281 1709 dimitterent,
3329 1657 3533 1713 eosque
3576 1645 3786 1698 honore
3811 1645 3867 1698 al-

2333 1741 2576 1804 licerenf,
2622 1755 2724 1795 nec
2764 1739 2934 1793 ullum
2986 1738 3054 1794 iis
3093 1738 3355 1794 damnum
3384 1737 3548 1809 412
3593 1738 3868 1801 inferrent;

2337 1827 2590 1904 rogarent
2641 1841 2821 1886 autem
2855 1840 2913 1886 ut
2943 1832 3085 1885 inter
3143 1832 3472 1901 precandum
3516 1847 3616 1901 pro
3677 1833 3867 1900 impera-

2333 1933 2453 1979 tore
2477 1937 2602 1978 vcta
2637 1922 2952 1977 funderent.
2977 1921 3278 1977 Orantibus
3308 1937 3436 1991 ergo
3456 1937 3556 1992 pro
3581 1924 3870 1991 imperatore

2330 2016 2662 2072 Christianis
2701 2029 2766 2068 ac
2797 2029 2986 2084 preces
3024 2013 3410 2078 tundentibus,
3463 2013 3605 2068 Deus
3629 2014 3737 2083 ipsi
3759 2017 3870 2068 sani-

2334 2114 2499 2160 tatem
2536 2103 2799 2168 restituit,
2840 2106 2978 2158 adeo
3013 2113 3073 2158 ut
3107 2103 3314 2159 viribus
3359 2110 3412 2156 et
3439 2104 3685 2158 sanitate
3715 2105 3871 2157 melius

2331 2212 2493 2267 quam
2524 2205 2684 2251 antea
2721 2193 3000 2263 gauderet.
3057 2195 3155 2250 llle
3190 2209 3321 2250 vero
3362 2196 3454 2249 ubi
3485 2196 3723 2250 sanitati
3750 2197 3871 2249 resti-

2333 2297 2482 2343 tutus
2511 2287 2908 2352 convaluisset,
2944 2288 3012 2340 ad
3046 2287 3306 2355 majorem
3341 2286 3646 2356 impietatis
3679 2289 3871 2357 gradum

2331 2395 2495 2450 quam
2555 2387 2716 2434 antea
2767 2379 3091 2450 prolapsus,
3139 2379 3195 2433 in
3251 2394 3445 2434 omnes
3487 2379 3736 2435 ditiones
3779 2395 3872 2435 sim

2331 2472 2599 2535 scribens,
2625 2470 2976 2526 Christianos
3005 2471 3181 2526 occidi
3204 2471 3399 2540 jussit,
3431 2479 3485 2525 et
3517 2487 3586 2526 ne
3610 2472 3874 2542 professio.

2331 2561 2417 2616 nis
2445 2561 2568 2631 ejus
2606 2561 2886 2632 quispiam
2933 2562 2987 2616 in
3018 2561 3247 2631 imperio
3281 2561 3456 2631 ipsius
3477 2563 3873 2632 relinqueretur,

2332 2668 2469 2708 neve
2496 2655 2687 2709 urbem
2727 2664 2818 2709 aut
2853 2654 3114 2725 oppidum
3147 2654 3386 2710 incolere
3416 2655 3757 2720 sinerentur,
3807 2657 3874 2708 sed

2333 2745 2554 2816 penitus
2604 2746 3067 2816 exstirparentur.
3146 2745 3428 2802 lnterfecti
3491 2757 3622 2800 sunt
3685 2762 3810 2817 ergo
3861 2763 3878 2798 ε

2331 2836 2686 2898 Christianis,
2723 2851 2830 2906 qua
2863 2836 2989 2898 viri.
3033 2852 3139 2906 qua
3171 2835 3404 2899 feminae,
3438 2851 3547 2907 qua
3575 2836 3880 2905 pueri”pr

2333 2941 2421 2980 res
2451 2941 2614 2995 quam
2644 2926 2738 2996 qui
2771 2927 3048 2980 numerari
3085 2927 3318 2996 possint,
3365 2928 3502 2980 adeo
3542 2934 3603 2980 ut
3630 2941 3746 2994 pra:
3769 2928 3882 2979 neci-

2332 3032 2517 3091 sorum
2549 3017 2905 3072 multitudine
2940 3019 3198 3087 plaustris
3228 3017 3393 3073 delati
3423 3017 3479 3070 in
3513 3033 3704 3082 mare,
3755 3028 3804 3070 et
3844 3019 3880 3067 in

3911 2551 3926 2943 Ι

3901 2943 3926 3234 l

3917 3234 3926 3305 l

3921 3674 3926 3947 Ι

3917 4416 3926 4766 J

2328 3199 2453 3270 gius
2481 3207 2536 3254 et
2568 3199 2816 3254 Bacchus
2845 3203 2898 3253 in
2933 3201 3068 3254 urbe
3101 3199 3485 3270 Cappadociae,
3530 3200 3696 3270 cujus
3720 3199 3877 3253 incola

2328 3299 2508 3346 erant.
2564 3290 2858 3346 lnterl'ecta
2899 3304 2982 3348 est
3009 3301 3063 3346 et
3103 3301 3289 3346 sancta
3323 3291 3583 3346 Barbara.
3632 3293 3792 3347 Anno
3816 3307 3876 3342 se-

2327 3382 2508 3437 cundo
2563 3383 2777 3454 imperii
2813 3382 3130 3439 Maximiani
3175 3384 3352 3440 factus
3401 3394 3488 3440 est
3521 3383 3776 3438 Vitellius
3805 3398 3874 3449 pa-

2328 3474 2568 3530 triarcha
2595 3475 2996 3542 Antiochenus,
3033 3478 3127 3533 ubi
3162 3493 3284 3533 cum
3325 3492 3420 3532 se:
3459 3492 3640 3533 annos
3673 3478 3876 3532 sedisset

2327 3573 2580 3620 mortuus
2611 3573 2718 3620 est.
2778 3566 2937 3622 Anno
2971 3568 3186 3637 imperii
3221 3569 3341 3638 ejus
3375 3568 3539 3622 tertio
3568 3579 3786 3623 creatus
3815 3578 3874 3619 est

2326 3653 2614 3710 Marcellus
2659 3657 2973 3726 patriarcha
3024 3657 3324 3723 Romanus,
3381 3659 3478 3728 qui
3535 3675 3716 3714 annos
3758 3660 3873 3712 duos

2328 3747 2500 3809 sedit,
2550 3745 2675 3801 dein
2718 3757 2968 3803 mortuus
3006 3757 3110 3803 est.
3159 3746 3330 3803 Porro
3381 3749 3619 3819 Saporea
3651 3736 3868 3804 liora-oti

2329 3835 2473 3890 filius
2499 3835 2791 3892 Persarum
2820 3854 2913 3894 rex
2933 3877 2950 3905 ,
3001 3853 3123 3894 cum
3175 3839 3288 3909 jam
3329 3840 3596 3910 grandior
3628 3839 3798 3895 factus
3819 3838 3870 3891 ad

2325 3931 2542 4008 aetatem
2584 3926 2885 3996 jurenilem
2927 3930 3288 4000 pervenisset,
3321 3941 3578 4001 recteque
3627 3934 3869 3986 constitu-

2335 4026 2449 4070 tum
2488 4027 2647 4094 esset
2669 4035 2896 4090 regnum
2936 4022 3125 4092 ipsius,
3159 4023 3344 4077 audita
3377 4022 3695 4078 Maximiani
3726 4025 3869 4090 impe-

2322 4107 2526 4162 ratoris
2582 4108 2938 4182 513-515
3003 4113 3374 4170 Romanorum
3433 4115 3604 4180 fama,
3667 4126 3718 4171 et
3760 4114 3866 4184 quid

2322 4197 2654 4254 Christianis
2683 4200 2924 4258 faceret:
2983 4205 3278 4259 comitibus
3306 4205 3425 4260 suis
3447 4243 3463 4270 ,
3509 4203 3648 4260 Volo
3672 4194 3864 4276 ‘(inquitl

2321 4303 2423 4358 ego
2457 4287 2827 4344 Romanorum
2862 4293 3136 4363 regionem
3162 4297 3310 4350 solus
3337 4297 3570 4366 ingredi,
3615 4306 3676 4351 ut
3708 4312 3863 4366 regunt

2331 4380 2575 4447 ipsorum
2630 4390 2796 4452 atque
2843 4382 3183 4439 exercituum
3239 4393 3463 4454 statum,
3504 4396 3561 4442 et
3610 4388 3860 4458 regionum

2317 4557 2626 4630 perfecero,
2676 4561 2730 4614 in
2787 4578 3014 4633 regnum
3059 4581 3238 4619 meum
3291 4582 3611 4624 reversurus
3660 4577 3858 4632 sum,ul

2318 4659 2467 4720 post,
2515 4652 2856 4724 experientia
2913 4654 3166 4721 edoctus,
3197 4672 3293 4712 eos
3349 4659 3653 4728 aggrediar.
3685 4660 3860 4711 Carere

2317 4757 2449 4812 ergo
2498 4745 2678 4814 ipsum
2728 4745 3018 4814 jusserunt
3067 4748 3295 4803 comites
3344 4748 3544 4818 ipsius,
3584 4749 3711 4820 quid
3753 4749 3855 4801 inde

2317 4833 2423 4904 ipsi
2453 4847 2778 4890 eventurum
2817 4837 3072 4893 timerent
3099 4838 3430 4896 indicantes.
3487 4841 3584 4897 Ille
3609 4858 3732 4898 vero
3749 4857 3856 4894 coa-

2317 4923 2634 4979 sulentibus
2663 4925 2796 4994 ipsis
2825 4928 3136 4984 auscultare
3165 4929 3361 4996 noluit,
3418 4934 3512 4987 sed
3557 4933 3855 4988 dissimulate

2319 5011 2513 5067 habitu
2566 5016 2842 5083 profectus
2894 5028 2980 5071 est
3009 5017 3180 5074 donec
3213 5022 3266 5075 in
3312 5023 3676 5078 Romanorum
3709 5023 3852 5090 regie-

2311 5098 2448 5158 ἠοω
2481 5107 2846 5174 pervenisset,
2878 5109 2966 5163 ubi
2999 5110 3066 5164 ad
3098 5119 3311 5182 tempus
3345 5115 3572 5179 mansit,
3622 5116 3721 5168 huc
3745 5113 3848 5165 illa:

2317 5209 2664 5250 ςινουηιιειιε.

2391 5283 2642 5355 Dumque
2676 5289 2748 5340 ita
2785 5302 2844 5342 se
2878 5287 3125 5355 haberet,
3165 5305 3295 5347 ecce
3342 5293 3551 5347 audivit
3574 5287 3842 5346 laximiani

2319 5375 2490 5427 ﬁlium
2546 5378 2861 5430 convivium
2927 5378 3238 5447 instruere;
3291 5395 3356 5436 ac
3397 5383 3632 5452 jussisse
3677 5389 3840 5453 patrem

2322 5467 2496 5535 ipsius
2533 5478 2588 5520 ut
2616 5469 2940 5524 accedentes
2973 5472 3254 5527 hominum
3303 5475 3468 5528 etiam
3498 5475 3668 5528 infimi
3699 5468 3837 5526 conri-

2321 5560 2410 5610 vio
2441 5559 2582 5626 ejus,
2616 5569 2906 5630 postquam
2941 5565 3264 5619 comedendi
3302 5565 3464 5620 linem
3503 5567 3835 5622 fecissent!»-

2325 5651 2480 5714 IlilL‘S,
2518 5654 2801 5709 adessent.
2839 5656 3126 5711 Profectus
3161 5667 3241 5711 est
3267 5674 3397 5729 ergo
3435 5659 3662 5729 Sapores
3689 5655 3832 5710 habili:

2325 5744 2556 5799 mendici
2613 5749 2851 5814 indutus,
2914 5762 2967 5803 ut
3027 5751 3185 5805 coetui
3241 5751 3365 5806 huic
3415 5752 3682 5808 interesset
3722 5747 3830 5796 Dum
