3950 6348
189 268 304 338 i002

1585 283 1946 360 AN'NALES.

3251 309 3384 374 3002

176 398 342 441 autem
391 387 502 455 ipse
537 403 737 443 mensae
767 393 1140 459 accumberet,
1190 411 1317 452 ecce
1350 398 1713 459 Maximianus
1745 415 1785 467 Α
1815 409 2007 464 audito
2040 411 2278 482 linguam
2334 416 2579 484 ipsorum
2609 417 2876 475 intellexit
2908 402 3167 493 sapores.
3223 427 3389 500 420

178 481 458 548 imperator
509 495 604 530 vas
644 481 914 548 quoddam
967 497 996 535 e
1043 487 1188 540 vasis
1216 487 1460 556 Saporis,
1505 494 1594 546 cui
1639 493 1722 548 iii-

172 573 373 637 sculpta
403 580 519 627 erat
552 572 723 639 ipsius
755 574 930 644 imago
951 615 964 639 ,
1021 579 1277 644 protulit,
1310 583 1359 633 in
1391 598 1502 650 quo
1533 585 1722 638 biben-

136 665 289 726 2ilum
341 663 655 727 imperatori
703 665 1052 732 praebuerunt
1099 676 1242 724 servi
1292 673 1430 742 ejus,
1470 690 1568 728 nec
1615 691 1719 730 non

120 770 127 777 '
170 753 231 802 iis
259 753 346 816 qui
381 749 526 802 circa
562 749 738 817 ipsum
786 765 968 809 essent
1015 760 1347 826 proceribus,
1378 762 1555 817 donec
1602 779 1723 832 per-

168 843 267 890 lato
296 838 511 891 tandem
552 842 742 908 poculo
771 844 835 896 ad
869 847 1152 913 quemdam
1187 865 1216 904 e
1245 853 1598 930 sapientibus
1639 856 1720 923 lp-

171 943 347 979 sonitu
377 929 464 995 qui
497 939 549 980 et
575 931 877 1005 astrologia:
903 943 953 986 et
983 935 1479 1005 physiognomonite
1508 940 1719 994 deditus

166 1019 282 1076 fuit,
335 1016 421 1068 iile
475 1019 712 1086 inspecta
764 1021 1011 1092 imagine,
1070 1041 1193 1078 cum
1250 1038 1304 1080 et
1349 1036 1508 1080 antea
1556 1026 1721 1098 416

161 1106 379 1172 Saporis
411 1107 463 1158 in
495 1121 752 1161 consessu
777 1112 1016 1166 sedentis
1056 1116 1264 1166 vultum
1294 1116 1670 1184 conspexisset
1699 1135 1713 1170 :

163 1190 322 1246 Video
377 1195 598 1262 (inquit)
648 1197 790 1250 inter
838 1200 1252 1255 discumbentes
1283 1205 1572 1270 quemdam
1623 1209 1714 1274 qui

159 1285 437 1352 imaginem
463 1295 514 1339 et
550 1287 773 1355 figuram
809 1289 968 1341 istam
1000 1292 1197 1357 poculo
1225 1291 1352 1346 huic
1385 1293 1712 1364 insculptam

158 1375 360 1439 refert;
404 1377 544 1439 quod
586 1377 630 1428 si
667 1377 782 1444 ipse
814 1377 1050 1447 Sapores
1099 1394 1208 1433 non
1257 1381 1351 1446 sit,
1412 1399 1520 1437 non
1551 1385 1714 1438 estin

156 1479 295 1520 terra
333 1469 606 1535 quispiam
647 1468 749 1536 ipsi
799 1471 1052 1524 similior.
1107 1471 1350 1541 negante
1384 1489 1518 1544 ergo
1549 1474 1715 1529 Maxi-

148 1557 327 1610 miano
355 1560 683 1625 imperatore
732 1559 987 1627 quisnam
1022 1563 1114 1616 ille
1137 1573 1315 1629 esset;
1365 1566 1490 1619 ille:
1547 1567 1716 1621 Video

150 1648 371 1716 (inquit)
428 1646 484 1698 in
521 1647 620 1700 hoc
655 1649 854 1716 poculo
893 1649 1118 1721 Saporis
1169 1651 1491 1722 imaginem,
1545 1664 1712 1724 atque

145 1739 233 1790 hic
264 1737 355 1791 ille
390 1745 475 1792 est
512 1754 526 1789 :
560 1739 938 1808 preliensaque
971 1740 1194 1808 Saporis
1225 1759 1388 1798 manu
1437 1746 1613 1814 ipsum
1647 1749 1712 1802 ad
1750 1749 1792 1807 Β

146 1839 325 1894 regem
363 1826 612 1890 adduxit,
666 1826 761 1895 qui
791 1828 970 1895 ipsum
1005 1830 1257 1898 quisnam
1284 1843 1431 1888 esset
1460 1838 1711 1904 rogavit?

142 1914 228 1965 cui
280 1913 522 1981 Sapores
559 1930 572 1967 :
605 1911 734 1967 Sum
788 1930 888 1984 ego
943 1932 1148 1985 pauper
1193 1920 1417 1989 quidam
1455 1939 1485 1977 e
1521 1925 1715 1983 Persia:

145 2006 361 2058 incolis.
398 2005 724 2074 Suspicatus
756 2022 884 2061 vero
923 2007 1286 2066 Maximianus
1319 2014 1449 2067 illud
1476 2018 1621 2084 quod
1663 2020 1713 2072 in

142 2111 260 2164 ipso
299 2097 791 2162 animadverterat,
838 2101 1126 2170 ipsumque
1165 2103 1308 2156 haud
1356 2121 1482 2157 vera
1531 2107 1714 2162 dicere

141 2189 478 2258 percipiens,
512 2192 890 2245 vehementius
919 2192 1096 2260 ipsum
1139 2193 1515 2263 interrogavit.
1563 2196 1706 2272 Dixit

137 2279 307 2347 igitur
355 2281 491 2350 ipsis
549 2282 833 2351 Saporcs:
884 2284 1146 2349 QuOniam
1189 2286 1329 2354 quod
1381 2300 1566 2340 verum
1633 2300 1714 2343 est

138 2372 326 2435 vultis,
358 2386 480 2425 sum
508 2387 606 2442 ego
642 2389 672 2427 e
702 2372 901 2429 Persia:
931 2375 1184 2440 ducibus,
1212 2376 1370 2445 cujus
1400 2387 1554 2446 pater
1586 2393 1709 2434 eum

135 2462 188 2514 in
225 2476 415 2531 regem
448 2463 688 2531 graviter
709 2464 1050 2534 deliquisset,
1085 2466 1177 2523 ille
1210 2469 1387 2536 ipsum
1415 2469 1708 2538 interfecit,

133 2554 336 2621 opibus
367 2553 541 2622 ipsius
572 2554 788 2609 ablatis.
845 2555 953 2626 Ego
1002 2571 1153 2627 ergo,
1205 2557 1336 2611 mihi
1362 2571 1611 2615 metuens
1640 2563 1706 2616 ad

135 2652 231 2692 vos
263 2654 354 2693 me
380 2641 612 2706 contuli,
650 2657 877 2710 sperans
906 2659 992 2698 me
1023 2644 1079 2698 in
1113 2647 1330 2714 regione
1361 2658 1532 2702 vestra
1555 2665 1712 2704 secu-

131 2745 249 2781 rum
284 2729 428 2785 fore.
450 2731 530 2784 Ad
567 2736 881 2801 pauperiem
907 2745 1086 2789 autem
1117 2737 1398 2799 redactus.
1433 2751 1482 2793 et
1516 2755 1705 2796 neces-

129 2824 292 2876 sitate
349 2823 641 2892 impulsus,
699 2827 806 2880 huc
854 2828 976 2882 veni
1028 2840 1139 2897 prae
1188 2844 1250 2882 ea
1305 2844 1414 2898 qua
1476 2835 1708 2902 urgebar

127 2914 298 2980 fame,
367 2916 662 2984 indigentia
712 2932 776 2971 ac
823 2927 1170 2988 paupertate.
1214 2917 1423 2974 Miserti
1467 2936 1598 2991 ergo
1627 2925 1707 2991 ip-

125 3003 270 3067 sius,
325 3017 457 3058 vera
497 3004 674 3073 ipsum
731 3005 931 3060 dixisse
980 3009 1106 3072 rati,
1134 3023 1260 3062 eum
1323 3010 1599 3068 dimittere
1652 3015 1703 3066 in

123 3086 314 3149 animo
361 3096 690 3150 habuerunt.
745 3096 927 3151 Vetuit
977 3111 1157 3152 autem
1213 3099 1336 3152 illos
1363 3101 1556 3157 doetus
1590 3103 1698 3169 ille,
1733 3085 1776 3141 θ

98 3185 328 3240 «licens
358 3202 374 3238 :
411 3186 609 3242 Sciatis
639 3190 781 3242 hunc
806 3191 1095 3258 ipsummet
1126 3189 1386 3258 Saporem
1404 3207 1526 3247 esse
1568 3212 1581 3247 :
1620 3211 1706 3251 ve-

130 3277 456 3331 hementius
513 3293 644 3344 ergo
704 3279 806 3348 ipsi
862 3282 1064 3335 instate
1129 3279 1303 3335 donec
1359 3298 1555 3337 verum
1625 3287 1694 3340 de

120 3381 182 3420 se
247 3367 413 3421 vobis
473 3367 694 3423 indicet.
752 3361 1062 3424 [inminebat
1115 3369 1510 3444 417-419
1571 3391 1702 3446 ergo

125 3459 230 3528 ipsi
265 3458 642 3514 Maximianus
675 3459 987 3530 imperator,
1028 3467 1228 3520 eaedem
1264 3470 1505 3524 minatus
1538 3478 1702 3539 atque

123 3549 231 3603 hac
279 3550 465 3604 solum
515 3549 828 3606 conditione
889 3555 1240 3610 securitatem
1294 3559 1591 3627 pollicitus,
1652 3562 1698 3614 si

118 3655 273 3703 vere,
306 3643 437 3709 quis
469 3651 636 3707 esset,
678 3642 968 3698 indicaret.
1013 3645 1156 3700 Dixit
1196 3645 1475 3716 Sapor-cs:
1505 3651 1696 3704 Mirum

115 3741 202 3787 est
226 3730 388 3800 quod
422 3733 623 3800 putetis
650 3730 909 3801 Saporem
955 3736 1191 3806 inopiam
1229 3749 1283 3804 et
1317 3751 1695 3810 paupertatem

118 3827 173 3877 in
227 3824 465 3892 regione
512 3832 693 3878 vestra
750 3825 1076 3893 electurum,
1109 3831 1291 3898 potius
1337 3848 1499 3900 quam
1537 3843 1593 3886 ut
1641 3835 1696 3889 in

119 3929 298 3984 regno
328 3914 821 3991 suocsubsisteret.
855 3917 936 3971 Illi
963 3935 1092 3975 vero
1126 3922 1232 3975 hoc
1270 3923 1338 3977 ab
1375 3939 1442 3978 eo
1469 3939 1694 3994 respon-

113 4013 254 4061 sum
300 4022 416 4062 non
469 4019 818 4076 acceperunt,
879 3998 1054 4066 dorice
1097 4028 1155 4066 se
1207 4029 1393 4070 revera
1433 4015 1691 4087 Saporem

110 4114 244 4154 esse
288 4098 586 4156 confessus
617 4112 788 4154 esset.
822 4099 986 4158 Jussu
1017 4119 1147 4173 ergo
1174 4103 1491 4160 Maximiani
1528 4108 1696 4178 impe-

113 4191 347 4244 ratoris.
387 4205 561 4244 vaccae
612 4190 800 4260 figura:
836 4206 982 4247 cava:
1025 4209 1055 4249 e
1091 4196 1258 4250 coriis
1308 4197 1521 4253 bovinis
1567 4215 1693 4254 con-

111 4287 301 4347 tectae,
365 4282 656 4349 impositus
700 4293 818 4345 est,
849 4299 956 4352 qua
1004 4285 1199 4340 deinde
1228 4288 1444 4344 occlusa
1496 4290 1690 4360 vigiles

110 4373 216 4443 ipsi
254 4379 312 4426 et
342 4372 596 4426 custodes
625 4373 882 4440 prtefei-it.
1008 4388 1010 4391 ·
1059 4369 1075 4384 ⁸

183 4466 338 4519 Tum
393 4461 593 4518 Persia:
656 4466 926 4534 regiunem
972 4483 1255 4536 aggressus
1311 4469 1690 4532 Maximianus.

109 4569 329 4626 magna
366 4555 542 4608 tribus
589 4555 830 4622 ipsorum
876 4563 1080 4625 strage,
1134 4560 1297 4613 urbes
1330 4561 1486 4616 ruina
1516 4573 1697 4618 vasta-

104 4653 184 4702 vit
224 4667 240 4702 :
278 4663 386 4701 nec
418 4661 521 4699 non
548 4647 771 4700 arbores
794 4646 1112 4717 palmasque
1134 4653 1458 4720 amputavit,
1489 4653 1695 4732 Sapore

63 4791 65 4793 .
105 4743 348 4794 interim
381 4741 554 4807 ipsum
585 4752 911 4808 quocunque
936 4741 1036 4793 iret
1064 4743 1379 4798 comitante.
1405 4743 1587 4813 Neque
1621 4749 1691 4798 ita

103 4843 167 4883 se
214 4827 430 4881 habere
454 4823 613 4879 desiit
641 4824 815 4881 donec
849 4827 915 4879 ad
942 4825 1313 4882 Jondi-Sabur
1337 4833 1690 4899 pervenisset,

104 4921 162 4973 in
197 4934 320 4990 qua
353 4920 663 4972 tnunierant
689 4933 748 4974 se
774 4917 1064 4975 Persarum
1101 4922 1391 4990 primores,
1445 4925 1605 4993 cujus
1640 4936 1692 4978 et

98 5011 417 5074 dimidium
453 5010 722 5063 machinis
772 5011 826 5064 in
862 5027 981 5065 eam
1019 5011 1245 5067 directis
1287 5015 1555 5081 deiecerat
1585 5017 1687 5070 uisi

98 5101 263 5170 quod
296 5101 475 5169 ipsam
513 5101 720 5168 ingredi
769 5117 877 5155 non
924 5115 1122 5172 posset.
1180 5103 1360 5160 Rebus
1403 5116 1583 5162 autem
1619 5109 1689 5160 ita

97 5209 164 5248 se
201 5191 546 5246 habentibus
579 5203 736 5246 nocte
780 5195 1012 5262 quadam
1045 5195 1300 5248 custodes
1343 5195 1552 5265 Sapore
1582 5212 1678 5250 ne-

97 5281 416 5354 gligentius
447 5282 628 5334 habito
663 5291 902 5351 portam,
939 5298 1030 5352 per
1062 5284 1311 5352 quain,iti
1344 5286 1567 5352 ﬁguram
1599 5288 1709 5365 ill--

89 5375 196 5446 jici
250 5372 478 5429 solebat
509 5373 687 5435 cibus,
744 5388 852 5427 non
889 5375 1302 5429 obseraverant.
1345 5375 1472 5429 Erat
1503 5385 1683 5430 autem

97 5480 218 5520 nox
275 5461 578 5528 Osbauan,
638 5463 810 5532 (juxta
841 5465 990 5518 aliud
1034 5465 1330 5534 exemplar,
1394 5481 1498 5520 nox
1528 5465 1684 5534 festa)

96 5548 456 5622 fueruntque
509 5552 657 5608 circa
715 5556 890 5623 ipsum
923 5570 987 5608 ex
1038 5557 1232 5609 incolis
1277 5558 1502 5620 Abvazi,
1548 5573 1684 5626 quos

96 5645 361 5704 Romani
390 5645 633 5716 captivos
661 5655 939 5714 ceperant,
974 5647 1151 5711 multi,
1177 5663 1407 5716 quorum
1432 5664 1682 5704 sermone
1728 5716 1730 5718 ν

442 5743 712 5800 ΡΑτιιοι..
758 5741 874 5800 Gn.
920 5740 1085 5801 CXI.

1828 499 1997 554 Erant
2021 512 2198 557 autem
2234 505 2369 572 ipsis
2399 516 2550 565 utres
2582 511 2702 565 oleo
2746 515 2917 580 pleni.
2969 516 3174 574 Horum
3221 499 3387 591 igitur

1824 591 2040 645 cuidam
2072 605 2232 650 noctu
2258 598 2324 652 ad
2353 613 2410 663 se
2441 609 2635 655 vocato
2661 603 2837 656 dixit:
2872 606 2946 658 Ex
2974 605 3061 662 his
3090 618 3261 664 utrem
3294 613 3380 665 ali-

1825 698 1986 750 quem
2039 697 2319 755 acceptum
2369 691 2421 744 in
2481 709 2567 748 me
2623 694 2896 762 effundas,
2933 699 3077 768 quod
3127 717 3247 757 cum
3295 702 3386 758 ille

1825 773 2030 828 fecerat
2055 778 2416 835 madefactum
2451 793 2534 838 est
2566 786 2742 840 lorum
2775 804 2885 857 quo
2915 793 3250 848 constrictus
3281 804 3383 850 est.

1826 865 2093 934 Egressus
2117 882 2270 936 ergo,
2331 873 2504 924 instar
2547 873 2735 930 bestiae
2770 878 2998 935 incessit
3022 882 3196 937 donec
3233 886 3383 938 urbis

1825 960 2242 1026 portte'pmpior
2263 958 2443 1016 factus
2462 965 2816 1022 exclamaret.
2852 969 3385 1045 lnclamantibusquc

1820 1044 1995 1109 ipsum
2032 1049 2355 1106 custodibus
2389 1068 2585 1108 nomen
2612 1072 2770 1111 suum
2801 1057 3099 1126 indicavit,
3131 1066 3223 1132 qui
3251 1044 3381 1120 voce

1817 1135 1936 1201 ejus
1964 1138 2172 1203 agnita,
2226 1152 2438 1209 portam
2468 1145 2619 1201 urbis
2648 1147 2752 1216 ipsi
2788 1161 3138 1216 aperuerunt.
3190 1153 3382 1220 Quam.

1818 1227 2053 1293 primum
2105 1240 2284 1286 autem
2345 1236 2534 1290 urbem
2581 1238 2860 1309 ingressus
2899 1251 3008 1311 est,
3057 1260 3253 1314 magno
3307 1247 3380 1300 illi

1815 1317 2016 1385 gaudio
2043 1321 2248 1388 perfusi
2282 1339 2472 1380 vocem
2525 1333 2870 1387 sustulerunt
2897 1333 3066 1389 Deum
3098 1337 3382 1392 laudantes

1817 1421 1881 1459 ac
1909 1410 2270 1469 celebrantes.
2343 1415 2662 1488 Experrecti
2711 1423 2880 1492 igitur
2910 1425 3224 1482 Maximiani
3247 1428 3382 1484 socii

1817 1501 2095 1569 suppetias
2154 1505 2292 1573 ipsis
2325 1522 2355 1561 a
2388 1518 2541 1580 tergo
2562 1513 2852 1570 advenisse
2886 1520 2988 1571 rati
3029 1527 3178 1574 sunt.
3238 1516 3384 1575 Dixit

1816 1597 1994 1644 autem
2029 1593 2263 1664 Sapores
2291 1599 2399 1653 illis
2431 1606 2522 1672 qui
2551 1607 2606 1660 in
2641 1621 2767 1663 arce
2798 1617 2955 1663 erant
2984 1626 2998 1663 :
3038 1611 3232 1668 Parate
3263 1627 3381 1679 vos,

1819 1689 1877 1733 nt
1895 1696 2018 1737 cum
2051 1701 2330 1755 campana:
2354 1706 2547 1746 sonum
2566 1697 2846 1754 audieritis
2879 1702 2932 1752 in
2967 1699 3116 1768 ipsos
3139 1702 3382 1758 irritatis.

1820 1770 1973 1836 Quod
2011 1790 2132 1830 cum
2167 1778 2448 1846 fecissent,
2477 1785 2534 1838 in
2554 1785 2734 1856 fugam
2763 1803 2946 1844 coram
2976 1793 3106 1860 ipsis
3134 1794 3383 1849 conversi

1819 1873 1946 1917 sunt
1973 1865 2208 1923 Romani
2236 1886 2252 1924 :
2279 1887 2419 1940 quos
2450 1875 2629 1945 gladio
2659 1880 2910 1946 insecuti,
2945 1896 3197 1951 magnam
3233 1883 3386 1954 ipso-

1819 1971 1935 2009 rum
1970 1968 2208 2029 stragem
2260 1964 2577 2033 ediderunt,
2628 1969 2860 2042 direptis
2896 1989 3018 2044 quae
3063 1975 3197 2044 ipsis
3226 1985 3385 2032 erant

1817 2050 2012 2114 opibus
2052 2059 2106 2106 et
2151 2055 2700 2121 thesauris..Deinde
2741 2061 2981 2133 Sapores
3007 2065 3378 2124 Romanorum

1817 2140 2092 2207 regionem
2150 2144 2431 2215 ingressus
2470 2165 2723 2220 magnam
2751 2168 2941 2210 eorum
2981 2165 3218 2228 stragem
3270 2160 3384 2214 edi-

1815 2229 1912 2290 dit,
1949 2233 2255 2302 multasque
2288 2242 2516 2296 vastavit
2548 2244 2732 2310 urbes,
2779 2247 2970 2303 multis
3000 2250 3127 2304 inde
3151 2251 3382 2320 captivis

1815 2321 2088 2378 abductis.
2127 2325 2385 2384 Grassata
2433 2340 2520 2387 est
2559 2342 2742 2390 autem
2785 2339 2841 2392 in
2876 2340 3250 2397 Romanorum
3296 2359 3384 2399 re-
3461 2387 3469 2394 .

1814 2413 1974 2480 gione
2023 2415 2194 2473 fames
2241 2421 2446 2489 gravis,
2496 2427 2775 2495 pestisque
2821 2440 2876 2485 et
2921 2432 3102 2501 plaga,
3136 2434 3271 2488 adeo
3321 2443 3382 2490 ut

1814 2514 2062 2563 mortuos
2105 2523 2215 2578 prae
2256 2513 2606 2571 multitudine
2643 2519 2881 2587 ipsorum
2912 2524 3147 2593 sepelire
3185 2527 3378 2598 nequi-

1813 2606 1954 2652 rent.
2010 2599 2200 2670 Itaque
2249 2603 2390 2659 bello
2425 2604 2673 2677 Saporis,
2723 2612 2866 2666 fame
2898 2605 2931 2677 ,ί
2961 2617 3268 2683 pestilentia
3323 2627 3379 2673 et

1811 2698 1986 2748 morte
2031 2705 2061 2744 a
2106 2694 2432 2751 Christianis
2490 2699 2881 2760 interliclendis
2953 2709 3156 2764 detenti
3229 2719 3376 2766 sunt.

1809 2776 1981 2835 Porro
2007 2779 2336 2872 Maxentius,
2371 2786 2739 2847 Romanorum
2769 2796 3126 2871 kal-423
3152 2803 3378 2872 impera.

1812 2881 1917 2938 tor,
1952 2875 2208 2930 omnibus
2261 2865 2354 2947 qui
2401 2889 2529 2936 ante
2566 2882 2746 2952 ipsum
2784 2865 3184 2957 i'niperavErant
3223 2865 3376 2965 pejor

1809 2959 1933 3027 fuit,
1971 2977 2162 3020 omnes
2192 2968 2286 3036 qui
2337 2968 2522 3026 Romae
2552 2984 2731 3043 erant,
2801 2983 3074 3050 praecipue
3107 2959 3375 3041 Christia-

1810 3067 1911 3107 nos
1942 3092 1958 3117 ,
2007 3057 2074 3110 in
2117 3051 2440 3116 servitutem
2473 3066 2746 3137 redigens,
2790 3073 2986 3138 Opibus
3021 3076 3263 3145 ipsorum
3295 3081 3378 3136 di-

1799 3145 2002 3213 reptis,
2033 3149 2353 3208 mulieribus
2380 3164 2434 3210 et
2461 3161 2647 3226 pueris
2679 3161 3007 3222 interfectis.

1880 3236 2013 3291 Cum
2043 3253 2170 3308 ergo
2197 3244 2445 3298 audirent
2466 3245 2649 3304 Romae
2680 3253 2889 3319 incolae,
2929 3256 3195 3326 imperare
3225 3262 3371 3318 Con-

1807 3335 2125 3401 stantinum,
2156 3338 2440 3409 ipsumque
2473 3343 2598 3396 mali
2643 3359 2879 3414 osorem,
2924 3351 3048 3404 boni
3096 3365 3366 3413 amantem

1803 3441 1945 3490 esse,
1981 3435 2142 3497 atque
2177 3429 2404 3499 imperio
2429 3432 2601 3514 ipsius
2625 3424 2869 3494 subditos
2891 3444 3280 3514 tranquillitate.
3307 3464 3370 3501 ac

1804 3532 1933 3584 pace
1970 3519 2074 3574 sub
2112 3521 2228 3590 ipso
2261 3523 2388 3585 frui,
2436 3512 2644 3582 litteras
2690 3531 2758 3585 ad
2802 3517 2986 3600 ipsum
3037 3512 3373 3608 scripserunt

1799 3623 1990 3663 eorum
2022 3613 2311 3682 primores,
2343 3618 2544 3685 quibus
2571 3618 2751 3690 ipsum
2790 3639 3050 3696 rogarunt
3094 3644 3157 3685 ac
3194 3635 3368 3701 petie-

1801 3709 1947 3764 runt,
1999 3713 2055 3756 ut
2087 3705 2284 3772 ipsosa
2318 3708 2571 3766 Maxentii
2603 3715 2863 3772 servitute
2895 3717 3163 3776 liberaret.
3193 3723 3371 3781 Lectis

1800 3792 1888 3844 ille
1923 3795 2158 3862 ipsorum
2193 3801 2387 3856 litteris
2414 3819 2761 3882 magnacum
2797 3808 3101 3868 adiceretur
3123 3815 3366 3885 tristitia,

1797 3885 1995 3940 dubius
2037 3889 2212 3955 haesit,
2233 3893 2363 3962 quid
2394 3891 2598 3950 faceret
2618 3898 2859 3954 nescius.
2887 3899 3022 3955 Dum
3051 3913 3227 3959 autem
3252 3907 3366 3962 haec

1798 3979 1980 4031 animo
2004 3982 2260 4045 volveret,
2286 3999 2411 4041 ecce
2435 3990 2687 4056 apparuit
2708 3991 2784 4045 illi
2807 3992 2933 4062 ipso
2961 3999 3204 4064 meridie,
3231 4017 3366 4056 crux

1795 4081 1825 4120 e
1842 4069 2012 4125 stellis
2035 4070 2264 4141 fulgens,
2281 4077 2426 4131 circa
2456 4093 2616 4147 quam
2639 4084 2900 4153 scriptum
2921 4099 3060 4156 erat,
3087 4090 3199 4146 [loc
3218 4095 3366 4164 signa

1796 4162 1984 4217 t'iuces.
2017 4161 2301 4233 Egressus
2341 4185 2469 4240 ergo
2503 4174 2668 4229 sociis
2694 4178 2809 4232 suis
2833 4179 2970 4234 dixit
3002 4201 3015 4238 :
3069 4183 3366 4243 Vidistisne

1793 4254 1934 4322 quod
1965 4270 2062 4323 ego
2088 4257 2222 4312 ridi?
2249 4268 2645 4331 responderunt
2673 4269 2746 4322 illi
2775 4287 2790 4324 :
2819 4269 3010 4328 Etiam.
3043 4275 3121 4332 Ex
3143 4293 3206 4333 eo
3233 4295 3366 4351 ergo

1794 4353 2036 4416 tempore
2100 4349 2412 4420 religionem
2481 4356 2831 4416 christianam
2908 4369 3188 4436 amplexus
3259 4349 3359 4429 est.

1801 4435 2036 4508 Fuitque
2069 4442 2193 4507 hoc,
2221 4459 2364 4500 anno
2395 4447 2461 4500 ab
2483 4451 2632 4504 obitu
2661 4455 2830 4521 patris
2857 4435 3028 4527 ipsius
3048 4460 3361 4522 Constantis

1800 4541 1973 4587 sexto.
1998 4533 2392 4612 Constantinus
2417 4556 2546 4611 ergo
2570 4543 2863 4601 instructus
2890 4551 3062 4619 copiis
3081 4557 3360 4613 omnibus-

1799 4638 1902 4690 que
1934 4625 1998 4678 ad
2053 4625 2384 4683 Maxentium
2425 4632 2797 4691 Romanorum
2839 4641 3220 4710 imperatorem
3265 4664 3360 4717 op-

1800 4717 2143 4785 pugnandum
2175 4723 2401 4788 paratis,
2436 4739 2653 4779 crucem
2682 4735 2925 4798 magnam
2967 4736 3221 4802 confecit,
3254 4756 3358 4809 qua

1799 4810 1991 4864 vexillo
2019 4811 2439 4883 superimposita
2462 4820 2737 4886 profectus
2777 4831 2865 4886 est.
2900 4823 3225 4885 Maxentium
3262 4842 3357 4902 a‘g-

1797 4915 2109 4968 gressurus.
2152 4902 2455 4962 Maxentius
2489 4925 2617 4964 vero
2640 4913 2823 4968 audito
2848 4920 3259 4977 Constantinum
3292 4928 3358 4979 ad

1796 4994 1994 5048 bellum
2025 4997 2127 5065 ipsi
2171 4998 2511 5056 inferendum
2545 5006 2826 5071 accedere,
2851 5025 2909 5064 se
2936 5020 2989 5064 et
3029 5012 3146 5081 ipse
3198 5030 3358 5085 para-

1793 5088 1890 5149 vit,
1917 5087 2193 5160 ﬂuvioque
2209 5095 2299 5161 qui
2323 5093 2508 5151 Romae
2529 5098 2740 5170 adjacet
2766 5109 2926 5170 ponte
2956 5110 3154 5170 strato,
3175 5111 3359 5178 capias

1792 5197 1920 5237 suas
1946 5198 2136 5240 omnes
2170 5188 2423 5255 educens,
2451 5206 2575 5246 cum
2601 5195 2960 5251 Constantino
2987 5198 3152 5272 424
3174 5205 3360 5272 praelia

1792 5275 2089 5330 contendit.
2122 5277 2476 5333 Constantino
2519 5291 2695 5334 autem
2739 5286 2962 5338 victoria
3000 5291 3188 5356 potito,
3239 5309 3357 5344 ma-

1791 5348 2002 5432 gnaque
2032 5367 2300 5421 sociorum
2350 5368 2604 5422 Maxentii
2651 5381 2830 5440 strage
2871 5376 3036 5440 edita,
3084 5377 3215 5444 fugit
3269 5381 3358 5432 ille

1789 5467 1912 5507 cum
1934 5457 2142 5525 exiguis
2166 5473 2352 5512 eorum
2383 5459 2626 5528 reliquiis
2657 5466 2723 5516 ad
2770 5462 2964 5518 Urbem
2986 5450 3354 5547 contendens.

1792 5549 1937 5604 Eliso
1964 5565 2089 5604 vero
2124 5551 2223 5604 sub
2249 5553 2381 5620 ipsis
2411 5565 2593 5621 ponte,
2639 5558 2958 5612 submersus
2981 5569 3067 5612 est
3093 5574 3215 5620 cum
3241 5578 3356 5617 suis

1791 5642 2114 5707 Maxentius,
2141 5644 2275 5699 adeo
2317 5658 2375 5700 ut
2402 5663 2517 5727 qua
2549 5651 2742 5705 mersis
2770 5665 2871 5716 qua
2898 5651 3055 5706 caesis
3104 5653 3352 5722 implere-

2846 5744 2922 5804 32
