3950 6348
569 194 708 262 1003

1579 171 1949 260 Ευτινοιιιι
1984 198 2520 260 ALEXANDBINl
2551 199 2783 258 .ra'rn.

3635 92 3914 286 ιπ

3653 204 3802 286 ιοοιῒ

573 317 658 360 tur
682 305 896 361 ﬂuvius.
931 305 1144 374 Egressi
1180 323 1309 377 ergo
1347 307 1570 361 llottiaui
1619 323 1740 361 cum
1783 307 2002 362 coronis
2044 322 2138 360 au-
2171 317 2211 371 Α
2246 311 2425 365 exutis
2485 312 2729 366 vestibus
2798 313 2849 364 in
2887 312 3061 364 lacum
3109 327 3166 366 se
3200 312 3490 381 projicieus
3546 314 3597 367 in
3632 301 3763 369 Chri-

572 400 697 459 reis,
739 397 1078 468 diversisque
1127 399 1455 452 ludicrarum
1515 412 1566 453 ct
1611 403 1760 454 tusus
1809 398 2138 469 generibus,

569 488 1328 554 Constantinooccurrerunt,
1372 500 1564 560 magna
1595 491 1666 544 ob
1715 491 1888 559 ipsius
1932 488 2133 542 adven-

574 591 683 632 tum
729 581 904 634 laetitia
958 581 1151 634 allecti.
1183 581 1274 634 ille
1302 581 1389 634 tibi
1434 581 1620 634 urbem
1654 580 1928 646 ingressus
1970 587 2137 642 esset,

573 682 869 741 martyrum
906 671 1332 725 cbristianorum
1391 670 1650 740 crurique
1678 668 1981 732 aﬂixorum,
2014 683 2139 722 eor-

569 778 696 833 pnra
735 762 1151 832 sepelirijussit.
1185 759 1333 829 lique
1355 761 1446 830 qui
1474 761 1596 832 luga
1643 776 1704 816 se
1743 758 2137 821 subduxerant,

569 865 622 908 et
646 869 784 924 quos
813 853 1063 907 exsulare
1097 853 1337 922 jusserat
1378 851 1708 913 Maxentius,
1735 851 1787 904 iu
1819 851 2048 920 patriam
2081 858 2134 904 et

527 967 531 970 ν
570 950 744 1001 locum
772 961 928 999 suum
967 946 1164 998 reversi
1201 951 1346 998 sunt.
1372 942 1526 1010 Quod
1551 941 1702 997 sicui
1729 941 1857 1010 qttid
1887 948 2131 1010 ereptum

568 1040 782 1104 luisset,
825 1037 954 1092 illud
993 1037 1094 1106 ipsi
1131 1035 1391 1092 restituit.
1431 1034 1646 1104 Septem
1692 1047 1822 1100 ergo
1850 1032 2041 1086 diebus
2079 1032 2134 1084 in

567 1129 712 1198 regis
736 1137 788 1182 et
809 1125 995 1180 crucis
1018 1125 1278 1179 honorem
1321 1121 1518 1177 festum
1557 1120 1927 1183 celebrarunt,
1966 1120 2130 1174 eden-

566 1227 672 1283 tcs,
696 1218 946 1272 bibentes
975 1224 1030 1271 et
1071 1214 1253 1270 laetitia
1297 1211 1527 1283 perfusi.
1583 1211 1708 1266 Haec
1739 1200 1862 1265 cum
1891 1211 2133 1266 audisset

569 1310 915 1374 Maximinus,
966 1307 1218 1364 Galerius
1267 1304 1615 1374 appellatus,.
1658 1317 1852 1372 magna
1908 1301 1997 1355 ille
2053 1303 2130 1355 ira

567 1411 898 1459 exaestuans,
945 1396 1193 1451 rollectis
1218 1394 1390 1463 copiis
1427 1393 1548 1448 suis
1577 1391 1851 1466 profectus
1879 1400 1962 1445 est
1991 1389 2134 1445 Cou-

567 1490 868 1544 stantinum
900 1485 1039 1541 bello
1060 1497 1441 1554 aggressurus.
1467 1481 1585 1550 Quo
1613 1480 1806 1538 audito
1821 1479 2130 1534 Constanti-

569 1597 669 1633 nus
705 1580 868 1634 etiam
909 1575 1193 1632 instructis
1235 1573 1414 1644 capiis
1448 1571 1724 1642 rebusque
1759 1571 1986 1641 paratis,
2030 1572 2130 1642 ipsi

567 1671 778 1726 obviam
817 1669 933 1723 ivit.
989 1665 1265 1720 Maximini
1305 1673 1484 1719 autem
1535 1665 1784 1730 comites,
1815 1662 1934 1718 visa
1966 1679 2130 1732 super

573 1765 769 1818 vexillo
800 1779 983 1830 cruce,
1025 1763 1079 1816 in
1107 1763 1284 1836 fugam
1308 1778 1493 1820 coram
1535 1762 1657 1834 ipso
1684 1762 1930 1820 conversi
1976 1768 2123 1822 sunt,

565 1868 704 1923 quos
749 1852 930 1921 gladio
972 1853 1252 1909 insecutus
1297 1867 1550 1923 magnam
1577 1853 1846 1922 ipsorum
1888 1859 2124 1916 strauem

564 1944 752 2007 edidit,
783 1944 902 1999 aliis
927 1944 1087 2019 etiam
1120 1944 1347 2014 captivis
1387 1943 1563 2008 lactis,
1601 1943 1725 1997 aliis
1752 1942 1922 2011 ipsius
1966 1939 2124 1994 tidem

565 2035 998 2105 implorantibus,
1015 2037 1150 2091 adeo
1166 2045 1222 2091 ut
1238 2034 1559 2090 Maximinus
1575 2036 1750 2090 nudus
1768 2035 2000 2103 fugiens,
2018 2048 2126 2086 non

565 2135 804 2180 cessaret
823 2124 1173 2198 δεδι-427
1209 2142 1236 2181 a
1263 2128 1381 2182 loco
1411 2127 1491 2202 ad
1511 2127 1687 2181 locutu
1718 2142 1776 2181 se
1803 2125 2132 2190 subducere,

565 2214 738 2268 donec
764 2215 828 2268 ad
863 2215 1048 2270 urbem
1076 2229 1229 2270 suam
1259 2215 1587 2285 perveniret,
1613 2216 1705 2271 ubi
1744 2215 1969 2270 deorum
2001 2230 2127 2270 suo-

568 2319 686 2356 rum
730 2287 1098 2369 saeriltrulos,
1155 2305 1685 2376 praistigiatoresque
1720 2313 1774 2360 et
1811 2304 2032 2369 seiolos,
2073 2305 2128 2360 in

565 2408 702 2464 quos
728 2407 913 2447 sutore
934 2409 1254 2468 propensus,
1277 2405 1332 2449 et
1357 2410 1386 2448 a
1403 2395 1602 2465 quibus
1622 2394 1910 2450 consilium
1938 2409 2133 2464 capere

567 2485 764 2539 solitus
783 2487 979 2550 luerat,
1005 2493 1364 2557 congregatos
1390 2486 1568 2556 capite
1589 2486 1880 2550 truncavit,
1901 2500 1969 2540 ne
1990 2485 2036 2540 si
2073 2485 2126 2538 in

567 2588 764 2627 manus
784 2574 1124 2628 Constantini
1151 2574 1453 2629 inciderent
1478 2575 1690 2627 illorqu
1725 2588 1826 2644 ope
1863 2581 2127 2628 uteretur.

637 2664 778 2718 Deus
805 2676 986 2719 autem
1014 2665 1338 2720 Maximiano
1371 2666 1547 2735 ignem
1588 2665 1644 2719 in
1676 2676 1917 2720 ventrem
1944 2664 2126 2718 immi—

566 2758 663 2821 sit,
697 2759 789 2828 qui
815 2773 936 2811 eum
1001 2757 1136 2811 adeo
1173 2757 1392 2822 torruit,
1439 2768 1498 2812 ut
1557 2768 1940 2826 rumperentur
1998 2755 2126 2824 ipsi,

566 2867 676 2918 pra:
724 2851 905 2905 calore
937 2864 1099 2918 quem
1150 2850 1298 2904 intus
1361 2850 1553 2912 sensit,
1612 2850 1824 2903 viscera
1855 2846 2024 2916 :quin
2073 2856 2128 2900 et

2162 1629 2205 1690 Β

2250 411 2395 456 stum
2436 402 2688 463 credidit,
2721 404 2985 471 istamque
3031 417 3060 457 e
3104 402 3223 458 lure
3258 420 3512 460 coronam
3562 407 3763 476 accepit.

2246 491 2381 545 Tum
2409 509 2438 546 e
2467 493 2675 561 piscina
2708 502 2980 548 extractos
3005 495 3130 549 dum
3165 495 3404 562 plaustro
3425 501 3767 566 asportandos

2243 582 2604 651 imponerent,
2625 594 2871 653 repertus
2893 597 2974 639 cst
2998 586 3137 639 inter
3163 586 3310 654 ipsos
3335 586 3550 655 juvenis
3573 591 3766 656 quidam

2246 673 2485 728 nondum
2545 681 2816 740 mortuus,
2882 691 3040 745 quem
3099 676 3221 731 ideo
3262 682 3547 742 .tctictum,
3605 690 3768 734 astans

2245 774 2414 818 mater
2445 765 2618 834 ipsius
2671 767 2893 822 sustulit
2943 773 3001 819 ut
3052 765 3106 819 in
3164 767 3466 836 plaustrum
3506 784 3612 822 una
3664 785 3767 824 cum

2243 855 2476 910 mortuis
2507 855 2831 925 conjicerct,
2863 858 3008 926 quod
3060 873 3187 912 cum
3233 873 3348 913 eam
3395 857 3574 911 facere
3613 860 3770 928 prohi-

2241 944 2450 1009 berent,
2487 946 2614 1016 quia
2657 947 2836 1002 adlmc
2870 948 3095 1013 viveret,
3130 948 3306 1003 ille-in
3334 947 3577 1000 humeris
3619 949 3772 1017 ipsius

2244 1045 2498 1091 mortuus
2529 1048 2635 1092 est.
2673 1036 2851 1103 Quare
2898 1047 2950 1092 ct
2983 1038 3153 1108 ipsum
3187 1038 3240 1092 in
3277 1040 3576 1109 plaustrum
3606 1035 3771 1105 injecit

2243 1141 2349 1179 una
2377 1142 2501 1180 cum
2540 1128 2894 1198 martyribus,
2928 1144 3067 1197 quos
3094 1138 3245 1183 extra
3299 1129 3486 1181 urbem
3527 1125 3770 1180 Sebasten

2239 1214 2471 1269 eductos
2498 1225 2944 1270 concremarunt.
2971 1215 3108 1270 Cum
3141 1225 3321 1271 autem
3368 1215 3483 1268 haec
3528 1213 3774 1268 audiisset

2238 1301 2978 1375 Constantinus,litterisque
3007 1305 3107 1375 ipsi
3135 1305 3258 1360 facti
3288 1305 3371 1360 sui
3396 1303 3773 1373 turpitudinem

2237 1395 2648 1464 exprobrasset,
2704 1411 2881 1468 neque
2932 1398 3022 1451 ille
3070 1404 3252 1451 tamen
3301 1395 3612 1459 desineret,
3656 1394 3773 1462 quin

2237 1483 2591 1558 ‘29-‘31
2624 1487 2804 1555 potius
2831 1484 3074 1542 collectis
3102 1486 3276 1555 copiis
3307 1485 3372 1539 ad
3405 1485 3607 1539 bellum
3643 1484 3776 1538 Con-

2239 1576 2485 1629 stautino
2531 1576 2876 1631 inferendum
2941 1576 3398 1646 proﬁcisceretur,
3451 1575 3599 1630 misit
3644 1571 3776 1635 Con-

2233 1668 2508 1720 stantinus
2560 1669 2867 1744 exercitum
2919 1667 3014 1739 qui
3070 1683 3192 1724 cum
3246 1669 3366 1738 ipso
3428 1667 3484 1722 in
3532 1667 3772 1737 Bithynia

2237 1758 2423 1827 pralio
2453 1757 2718 1823 conﬂixit,
2751 1773 2780 1812 ιι
2802 1773 2914 1829 quo
2951 1773 3076 1813 cum
3136 1757 3448 1830 proﬂigatus
3493 1767 3664 1822 esset,
3693 1771 3776 1811 ea-

2236 1859 2358 1918 ptus
2383 1849 2551 1903 etiam
2586 1856 2672 1904 est
2703 1856 2760 1902 et
2792 1847 2860 1903 ad
2892 1846 3309 1905 Constantinum
3339 1848 3656 1919 perductus,
3689 1847 3773 1916 qui

2235 1943 2414 2010 ipsum
2474 1939 2530 1994 in
2580 1942 2770 1995 urbem
2827 1938 3273 1996 Thessalonicam
3323 1937 3585 2009 relegavit
3632 1954 3649 1992 :
3696 1937 3776 1991 cui

2236 2034 2527 2104 prze‘l’ectus
2551 2049 2676 2090 cum
2711 2043 3025 2100 conaretur,
3053 2034 3229 2104 copiis
3271 2048 3302 2089 e
3329 2032 3775 2089 Thessalonicen-

2235 2121 2389 2174 sibus
2411 2121 2678 2184 collectis,
2730 2120 3148 2177 Constantinum
3185 2123 3378 2176 iterum
3418 2121 3564 2177 bello
3612 2121 3774 2175 laces-

2235 2226 2376 2274 sere,
2408 2211 2561 2267 misit
2616 2213 2733 2283 ipse
2757 2215 2848 2283 qui
2900 2221 3066 2285 caput
3111 2213 3190 2268 illi
3245 2220 3575 2284 amputaret.
3626 2212 3776 2266 Chri-

2238 2303 2583 2356 stianismum
2612 2311 2792 2358 autem
2849 2303 3135 2373 amplexus
3178 2314 3263 2360 est
3304 2303 3700 2359 Constantinus
3729 2303 3776 2356 in

2241 2392 2374 2444 urbe
2397 2393 2541 2445 dicta
2573 2391 2910 2458 Nicomedia,
2941 2386 3102 2463 idque
3129 2409 3274 2449 anno
3296 2394 3510 2464 imperii
3538 2393 3626 2448 sui
3653 2393 3779 2445 duo-

2237 2481 2452 2536 decimo
2489 2498 2503 2536 :
2536 2481 2812 2553 jussitque
2840 2483 2894 2538 in
2941 2483 3199 2539 omnibus
3233 2483 3548 2554 regionibus
3574 2479 3776 2538 exstrui

2237 2573 2525 2638 ecclesias,
2582 2575 2820 2644 erogatis
2874 2589 2904 2629 e
2962 2575 3305 2646 vectigalium
3366 2588 3590 2629 suorum
3658 2574 3780 2628 ﬂare

2238 2667 2476 2719 nummis
2509 2665 2576 2719 ad
2610 2666 2968 2720 ecclesiarum
3003 2680 3132 2722 vasa
3175 2664 3530 2722 conﬁcienda.

2310 2755 2486 2812 Primo
2519 2757 2730 2827 imperii
2761 2757 2938 2826 ipsius
2964 2770 3107 2811 anno
3134 2757 3472 2813 constitutus
3521 2752 3779 2809 Eusebius

2238 2845 2543 2914 patriarcha
2581 2843 2859 2901 Romanus
2917 2861 3011 2901 sex
3057 2861 3230 2901 annos
3263 2845 3423 2910 sedit,
3464 2844 3586 2899 dein
3642 2859 3778 2897 mur-

565 2943 875 2998 excidentes
903 2942 1004 3010 ipsi
1035 2941 1176 2995 oculi
1213 2942 1266 2994 in
1301 2952 1498 2994 terram
1535 2940 1876 3002 deciderunt,
1902 2939 2128 2993 adusrao
2155 2943 2202 3004 c
2233 2946 2360 2991 tuus
2391 2948 2494 2994 est.
2546 2938 2706 2992 Anno
2739 2938 2951 3008 imperii
3005 2938 3249 3006 ejusdem
3310 2938 3541 3008 septimo
3600 2935 3776 2990 factus

566 3049 672 3104 que
709 3049 837 3089 caro
890 3034 956 3087 ab
1007 3033 1225 3086 ossibus
1284 3043 1531 3100 separata
1581 3040 1686 3094 cst,
1743 3031 1812 3082 ita
1855 3040 1912 3082 ut
1956 3036 2129 3082 morte

567 3122 1072 3192 pessima-periret.
1135 3119 1400 3176 Omnibus
1445 3136 1574 3190 ergo
1631 3120 1996 3173 Romanorum
2049 3119 2130 3172 di-

567 3212 808 3266 tionibus
845 3211 1142 3280 tranquille
1177 3219 1228 3264 ct
1279 3211 1331 3264 in
1364 3227 1494 3280 pace
1546 3210 1827 3278 imperavit
1857 3208 2126 3262 Constan-

567 3304 737 3366 tinus,
769 3301 930 3368 idque
964 3316 1108 3353 auno
1138 3301 1348 3369 imperii
1396 3298 1644 3369 Saporis,
1700 3297 1951 3351 llormozi
2009 3299 2123 3362 lilii,

566 3391 852 3447 Persarum
889 3392 1029 3460 regis
1060 3390 1474 3460 quadragesimo
1529 3390 1724 3458 primo.
1772 3389 1898 3440 Erat
1943 3397 2124 3440 autem

564 3480 1158 3543 Cunstanliuus,—lilius
1185 3481 1508 3540 Cutistantii,
1570 3481 1662 3531 lilii
1715 3477 1970 3539 Valentii,
2030 3478 2123 3531 lilii

563 3575 769 3635 Arsisi,
824 3572 917 3627 lilii
974 3572 1140 3635 Decii,
1192 3571 1282 3623 lilii
1353 3568 1566 3623 Claudii
1628 3570 1978 3636 imperatoris
2028 3568 2122 3636 qui

567 3666 750 3717 [toruae
794 3663 984 3716 ﬂoruit
1035 3669 1280 3730 tempore
1336 3659 1737 3728 apostolorum.
1798 3659 1927 3712 Erat
1993 3673 2122 3710 vero

563 3755 923 3810 Cotistantino
974 3758 1084 3805 dux
1137 3765 1299 3825 quem
1362 3751 1587 3810 amavit,
1651 3757 1704 3802 et
1766 3747 1834 3800 ad
1889 3750 2120 3802 honores

563 3849 762 3906 evexit,
814 3843 1030 3896 nomine
1061 3839 1340 3903 Licinius;
1402 3854 1692 3908 quemque,
1729 3839 1852 3891 data
1903 3837 2003 3906 ipsi
2066 3839 2118 3889 iu

565 3951 786 3990 uxorem
819 3947 1010 3988 sorore
1045 3946 1142 3984 sua
1173 3929 1577 3992 Constantinia,
1612 3927 1795 3980 Romae
1846 3927 2118 3996 pra-fecit;

557 4028 756 4098 jubetts
791 4025 965 4094 ipsum
997 4023 1331 4077 clitistianos
1381 4020 1584 4073 honore
1631 4019 1862 4078 allicere,
1911 4017 2118 4085 magni-

563 4138 668 4191 que
721 4121 920 4179 facere,
989 4131 1088 4170 nec
1143 4116 1386 4182 ipsorum
1448 4111 1538 4163 ulli
1607 4125 1828 4163 nocere.
1879 4106 2117 4161 Licmius

562 4225 740 4265 autem
783 4207 1068 4277 imperium
1103 4205 1330 4271 adeptus
1357 4201 1421 4252 ad
1490 4199 1754 4252 idolorum
1787 4197 1988 4251 cultum
2032 4212 2119 4248 re-

2231 3038 2315 3082 cst
2356 3028 2680 3084 Meletianus
2709 3030 3018 3097 patriarcha
3059 3029 3360 3091 Romanus,
3401 3028 3650 3098 quicum
3690 3041 3777 3081 an-

2233 3135 2332 3174 nos
2371 3127 2609 3190 quatuor
2638 3120 2875 3176 sedisset
2907 3130 3158 3174 mortuus
3190 3127 3294 3175 est.
3338 3118 3496 3173 Anno
3522 3133 3656 3172 vero
3685 3133 3777 3170 un-

2228 3211 2438 3266 decimo
2489 3211 2689 3265 ibidem
2741 3211 3052 3281 patriarcha
3116 3211 3444 3266 constitutus
3496 3209 3774 3270 Silvester,

2231 3317 2405 3358 annos
2450 3303 2643 3372 viginti
2695 3312 2817 3358 octo
2844 3302 3002 3366 sedit,
3031 3300 3157 3357 dein
3194 3311 3440 3356 mortuus
3474 3311 3579 3357 est.
3624 3301 3775 3354 Anno

2228 3394 2566 3463 principatus
2597 3392 2715 3461 ejus
2743 3408 2890 3446 nono
2927 3393 3257 3448 celebratum
3281 3402 3364 3448 est
3397 3393 3692 3448 concilium
3723 3395 3771 3446 in

2229 3482 2359 3535 urbe
2393 3480 2590 3535 Nicaea.
2624 3482 2781 3536 Auno
2813 3483 2971 3536 etiatn
3005 3484 3213 3552 imperii
3242 3481 3588 3538 Constantini
3628 3486 3776 3538 tertio

2229 3579 2448 3626 creatus
2493 3578 2575 3625 est
2627 3569 2942 3626 Philonicus
2998 3574 3304 3642 patriarcha
3363 3575 3769 3636 Autiochenus.

2228 3661 2319 3730 qui
2355 3662 2595 3729 quinque
2627 3676 2798 3716 annos
2835 3663 2991 3729 sedit,
3048 3664 3171 3718 dein
3207 3675 3452 3721 mottuus
3486 3676 3588 3720 est.
3627 3672 3774 3719 Anno

2223 3751 2468 3818 ejusdem
2503 3766 2646 3805 nono
2678 3754 3010 3807 constitutus
3034 3763 3116 3808 est
3136 3755 3452 3823 Apollonius
3471 3757 3768 3822 patriarcha

2223 3843 2623 3906 Antiochenus,
2676 3845 2769 3913 qui
2814 3843 2974 3915 432
3026 3837 3424 3914 ειιιη’(ιιιῑιι‹μιο
3477 3863 3653 3901 annos
3691 3863 3768 3899 se-

2225 3931 2417 3993 (lisset,
2453 3942 2702 4008 mortuus
2734 3942 2836 3986 est.
2873 3935 3029 3986 Anno
3061 3934 3298 4001 ejusdem
3335 3934 3548 3988 decimo
3585 3936 3767 4002 quinte

2227 4024 2399 4075 laetus
2433 4034 2515 4075 est
2551 4023 2749 4075 ibidem
2794 4025 3102 4091 patriarcha
3140 4023 3480 4088 Eustathius,
3513 4027 3604 4092 qui
3654 4033 3765 4078 octo

2222 4124 2390 4163 annos
2420 4110 2580 4173 sedit,
2639 4110 2761 4163 dein
2807 4120 3048 4164 mortuus
3095 4121 3198 4166 est.
3231 4112 3398 4180 Cujus
3439 4113 3762 4182 principatus

2223 4217 2364 4255 anno
2393 4203 2580 4270 quinto
2615 4201 2714 4253 fuit
2751 4202 3038 4254 concilium
3078 4201 3376 4256 Nicanum.
3424 4203 3578 4255 Auno
3612 4205 3761 4256 etiam

562 4318 773 4364 versus,
803 4263 873 4352 ad
905 4306 1133 4351 mortem
1172 4293 1295 4348 duci
1351 4292 1514 4360 jussit
1568 4290 1920 4343 christianos.
1975 4281 2116 4342 Mar-
2149 4263 2194 4320 θ
2227 4292 2438 4360 imperii
2477 4292 2823 4344 Constantini
2883 4294 3058 4360 primo
3107 4291 3435 4346 constitutus
3486 4301 3566 4345 est
3628 4295 3762 4345 .tson

562 4395 758 4463 tyrium
797 4403 924 4458 ergo
957 4386 1058 4440 sub
1084 4386 1203 4453 ipso
1231 4381 1370 4450 passi
1399 4388 1524 4434 sunt
1571 4379 1889 4431 Theodorus
1937 4378 2112 4442 miles,

563 4483 904 4550 metropolita
965 4476 1129 4548 428
1199 4471 1534 4534 Bat-kettsis,
1597 4485 1720 4523 cum
1787 4470 2113 4538 martyribus

561 4575 941 4644 quadraginta,
995 4570 1086 4636 qui
1140 4583 1205 4620 ex
1271 4566 1404 4618 urbe
1461 4554 2113 4628 Sebastia'Cappadocize

562 4676 734 4718 t.'l':lltl.
771 4662 1101 4714 1⁴ἰιιι;.ιιιι;ιιι
1138 4658 1237 4724 ipsi
1295 4657 1347 4708 itt
1392 4652 1636 4706 Sebastia
1680 4650 1972 4718 pra-lectus
2019 4666 2114 4700 no-

565 4758 705 4807 mine
752 4749 1018 4820 Agricola,
1068 4749 1156 4813 qui
1191 4740 1543 4810 quadraginta
1588 4746 1852 4806 martyres
1904 4735 2113 4801 Cappa-

559 4852 719 4898 dorcs
746 4842 1037 4910 prehensus
1067 4837 1118 4888 in
1172 4833 1437 4903 piscinam
1475 4843 1628 4896 aqua:
1669 4827 1842 4879 nudos
1890 4824 2110 4890 abjecit,

562 4952 684 4991 cum
736 4938 878 4985 esset
941 4930 1030 4980 nix
1086 4928 1398 4984 vehemens,
1466 4921 1609 4971 unde
1664 4918 1862 4982 frigore
1914 4912 2110 4965 mortui

561 5033 708 5080 sunt.
742 5021 893 5075 Unus
929 5027 1134 5071 tantum
1164 5030 1227 5067 ex
1257 5012 1388 5080 ipsis
1442 5011 1494 5061 iu
1548 5007 1822 5066 balneum,
1869 5003 2011 5072 quod
2048 5004 2112 5054 ad

563 5118 710 5169 lacus
741 5113 910 5179 ripam
950 5107 1145 5168 fuerat,
1181 5113 1435 5171 egressus
1478 5109 1560 5149 est
1594 5105 1651 5146 ut
1691 5095 1762 5147 ibi
1805 5110 1862 5146 se
1917 5093 2112 5144 calefa-

567 5213 737 5268 ceret,
764 5216 922 5270 qucm
957 5197 1216 5250 dcetdeus
1246 5195 1296 5244 in
1333 5191 1506 5261 ipsum
1537 5187 1787 5240 balneum
1821 5184 2110 5238 interiecit.

566 5298 860 5353 Prtelcctus
902 5300 1107 5352 autem,
1136 5287 1228 5357 qui
1265 5282 1593 5337 satellitibus
1629 5294 1656 5330 a
1688 5280 1885 5348 quibus
1934 5286 2115 5328 custo-

561 5388 844 5440 diebantur
874 5387 1123 5451 praeerat,
1150 5391 1273 5429 cum
1293 5369 1651 5440 quadraginta
1682 5384 1709 5418 e
1741 5369 1860 5418 luce
1883 5380 2113 5417 coronas

560 5477 773 5530 cmlitus
824 5475 876 5524 in
907 5480 1222 5538 ,martytum
1275 5465 1508 5517 istorum
1543 5459 1718 5524 capita
1767 5455 2114 5509 descendisse

559 5572 822 5623 cerneret,
881 5576 1037 5612 unam
1099 5565 1296 5613 autem,
1335 5564 1557 5606 vacuam
1615 5547 1906 5611 tttattsisse,
1977 5546 2092 5613 ipse

2216 4384 2501 4449 episcopus
2571 4381 3088 4452 llierusolymitauus
3121 4375 3152 4444 ,’
3185 4382 3276 4451 qui
3349 4398 3538 4434 novem
3603 4397 3762 4435 annos

2219 4470 2386 4530 sedit.
2436 4472 2561 4524 dein
2626 4482 2871 4524 mortuus
2906 4481 3007 4526 est.
3064 4474 3219 4525 Λιιηο
3268 4473 3478 4540 imperii
3528 4473 3758 4537 ejusdem

2216 4561 2443 4620 decimo,
2467 4563 2897 4614 eoustitutuscst
2928 4558 3195 4613 Macarius
3233 4562 3426 4614 ibidem
3459 4565 3761 4633 episcopus,

2217 4651 2308 4716 qui
2372 4651 2743 4702 uovemdecitn
2794 4665 2965 4703 annos
3013 4651 3171 4716 sedit,
3227 4651 3347 4704 dein
3388 4666 3631 4707 mortuus
3669 4668 3756 4709 est.

2217 4744 2370 4793 Α‹.ιιο
2426 4742 2762 4808 principatus
2825 4741 2942 4810 ejus
3016 4741 3229 4794 decimo
3284 4743 3614 4797 celebratum
3688 4755 3758 4798 est

2215 4829 2501 4881 concilium
2533 4829 2825 4884 Nietenum.
2862 4832 3018 4882 Anno
3049 4829 3210 4882 etiam
3256 4831 3466 4898 imperii
3504 4833 3756 4885 Constan-

2216 4918 2312 4969 tini
2354 4917 2542 4985 quinto
2589 4917 2765 4970 laetus
2803 4925 2888 4969 est
2934 4919 3238 4972 Alexander
3285 4919 3590 4986 patriarcha
3642 4920 3754 4971 Ale-

2216 5007 2532 5061 xandrinus.
2604 5007 2702 5058 Hic
2727 5006 2870 5058 Petri
2904 5009 3155 5076 martyris
3185 5008 3509 5076 patriarchae
3537 5008 3754 5060 Alexan-

2214 5096 2378 5157 drini,
2410 5097 2502 5164 qui
2535 5097 2748 5150 occisus
2782 5106 2885 5158 est,
2915 5096 3236 5164 discipulus,
3267 5095 3536 5165 [idemque
3585 5101 3750 5151 socius

2215 5186 2434 5238 Achilla:
2489 5185 2808 5254 patriarcha:
2861 5185 3231 5248 Alexandrini,
3287 5200 3460 5240 annos
3531 5188 3746 5241 sedecim

2215 5277 2372 5339 sedit,
2420 5277 2544 5330 dein
2591 5283 2839 5330 mortuus
2867 5285 2973 5330 est.
3014 5278 3168 5330 Anno
3203 5277 3542 5346 principatus
3594 5279 3745 5346 ipsius

2215 5367 2425 5420 decimo
2448 5367 2636 5434 quinto
2671 5366 3001 5420 celebratum
3031 5373 3112 5421 est
3143 5368 3434 5420 concilium
3465 5366 3742 5420 Nicaenutn.

2214 5459 2519 5510 Alexander
2545 5458 2808 5526 siquidem
2830 5459 3132 5526 patriarcha
3159 5458 3557 5512 Alexandrinus
3581 5459 3741 5509 Arium

2215 5550 2496 5603 ecclesiam
2533 5551 2738 5618 ingredi
2773 5552 2961 5614 vetuit,
2997 5548 3155 5616 eique
3179 5548 3503 5615 maledixit,
3540 5549 3739 5603 dicens:
