3950 6348
177 118 295 180 1005

1590 108 1950 167 ΑΝΝΛΙΕΞ.

3208 84 3346 151 1006

173 228 461 284 Maledictus
493 236 574 280 ρει
630 226 829 287 Arius;
884 226 1021 279 dixit
1076 228 1218 279 enim
1282 224 1442 278 nobis
1490 221 1689 275 Petrus
1720 231 1761 281 Α
1793 235 1990 287 corpus
2014 208 2739 285 assttmpsisse,'eteSpiritu
2778 215 3001 283 sancto;
3045 204 3354 275 factumque

170 319 453 389 patriarcha
499 327 791 384 antequam
811 317 1127 386 martyrium
1158 316 1396 369 subiret:
1426 312 1697 365 Malcdixit

172 414 297 463 [it-us
335 410 479 467 Arin,
534 420 601 459 ne
636 420 765 473 ergo
796 407 973 473 ipsum
1024 405 1324 474 recipiatis,
1382 417 1557 471 neque
1609 417 1698 454 vo-

166 506 355 557 hiscum
391 499 457 555 ,in
512 495 808 552 Ecclesium
869 497 1189 551 admittatis.
1226 495 1459 549 Praerat
1516 503 1695 546 autem

165 592 271 647 urbi
294 592 488 659 Asyuto
506 604 534 642 e
548 588 754 642 ditione
769 588 982 658 IEgypti
1003 589 1292 657 episcopus
1307 584 1700 649 nomineMelc-

164 678 513 747 titts,quiArii
544 679 869 734 sententiam
898 678 1176 746 amplexus
1195 673 1546 748 ἥδε-435
1576 683 1692 738 est;

162 772 327 826 eidem
348 783 479 838 ergo
498 769 660 823 etiam
705 768 984 823 maledixit
1026 766 1333 823 Alexander
1360 766 1695 836 patriarcha.

158 861 320 915 Porro
369 858 473 912 fuit
532 859 873 914 Alexandria
936 860 1195 928 templum
1249 873 1505 928 magnum
1553 854 1695 923 quod

156 949 415 1005 exstruxit
435 949 716 1019 Cleopatra
750 951 928 1020 regina
956 949 1164 1003 nomini
1208 947 1429 1001 Saturni
1457 945 1677 999 dedica-

159 1048 288 1101 tum,
324 1038 379 1091 in
416 1052 526 1106 quo
574 1036 782 1092 idolum
834 1052 1034 1092 areum
1090 1050 1345 1105 magnum
1396 1043 1512 1088 erat
1554 1030 1699 1102 quod

157 1127 374 1182 Michael
403 1129 712 1198 appellatus
739 1139 843 1193 est,
885 1129 972 1191 cui
1000 1128 1343 1182 Alexandria
1394 1134 1447 1180 et
1477 1123 1698 1195 Egypti

162 1220 343 1274 incola
390 1218 479 1273 die
513 1220 720 1273 mensis
754 1216 967 1282 lletuﬁ,
1024 1218 1117 1286 qui
1160 1216 1377 1272 Tishrin
1431 1218 1700 1285 posterior

151 1316 249 1372 est,
297 1304 493 1361 festum
551 1319 807 1375 magnum
857 1306 1225 1367 celebrabant,
1270 1306 1473 1357 multas
1523 1303 1697 1368 eidem

153 1397 352 1452 hostias
381 1397 750 1452 immolantes.
773 1396 909 1451 Cum
939 1411 1066 1467 ergo
1096 1396 1437 1451 Alexandria
1469 1396 1699 1462 patriar-

148 1486 244 1540 cha
274 1486 452 1541 factus
478 1495 625 1543 esset
652 1487 977 1553 Alexander,
1017 1486 1203 1556 ibique
1232 1487 1532 1540 obtinuerit
1565 1486 1719 1540 fides.

1798 320 1876 367 est
1905 310 2033 364 illud
2067 310 2313 364 Christus
2330 322 2491 361 unus.
2520 303 2770 361 Christus
2792 314 2922 369 ergo
2945 299 3080 352 duos
3108 312 3331 365 compre

1812 400 1999 455 hcndit
2030 400 2382 470 signiﬁcatus,
2406 396 2644 451 Verbum
2673 402 2728 447 et
2761 404 2983 460 corpus;
3018 403 3139 456 qua
3176 397 3349 442 tamen

1799 502 2025 561 utraque
2046 502 2227 545 creata
2245 500 2392 543 sunt.
2416 487 2553 541 Tum
2574 484 2912 556 respondens
2936 482 3010 535 illi
3028 480 3350 535 Alexander:

1800 583 1894 637 Dic
1945 583 2071 637 mihi
2141 581 2359 651 (inquit)
2392 595 2549 649 quem
2581 588 2742 649 putas
2792 576 2962 632 teneri
3018 588 3121 629 nos
3172 572 3355 642 potius

1800 674 1998 739 colere,
2027 674 2249 727 illumne
2295 672 2388 740 qui
2440 685 2540 724 nos
2589 668 2817 731 creavit,
2852 684 2917 720 an
2972 666 3064 735 qui
3097 678 3197 719 nos
3242 679 3347 717 non
3424 706 3427 709 ,

1808 763 2048 827 creavitl?
2081 759 2459 830 Respondente
2489 758 2642 819 Ario,
2676 758 2824 811 illum
2851 757 2941 825 qui
2990 772 3089 811 nos
3119 754 3357 814 creavit;

1812 854 1949 907 dixit
1984 852 2328 907 Alexander:
2372 847 2427 903 Si
2460 863 2591 917 ergo
2638 847 2843 902 creavit
2899 862 3003 900 nos
3048 845 3241 908 Filius,
3278 847 3355 898 ttti

1800 945 2011 1008 dixisti,
2080 944 2262 1013 sitque
2331 943 2474 995 idem
2536 950 2780 1005 creatus,
2839 946 2953 992 tum
3012 936 3206 991 Filium
3265 939 3355 1003 qui

1801 1044 2023 1091 creatus
2056 1044 2161 1101 est,
2196 1034 2370 1104 magis
2399 1032 2580 1088 colere
2608 1030 2877 1094 tenemur,
2924 1045 3089 1100 quam
3144 1027 3355 1083 Patrem

1802 1130 2145 1192 increatum;
2177 1129 2285 1180 imo
2319 1124 2537 1180 futurus
2563 1130 2646 1178 est
2673 1122 2854 1179 cultus
2880 1120 3057 1176 Patris
3092 1121 3358 1176 creatoris

1800 1218 2107 1284 infidelitas,
2135 1216 2314 1272 cultus
2349 1231 2474 1271 vero
2500 1213 2621 1269 Filii
2652 1214 2818 1268 creati
2877 1213 3043 1278 fides;
3076 1212 3224 1282 quod
3269 1213 3357 1268 ab-

1798 1305 2088 1359 surdorum
2122 1304 2582 1360 absurdissimum
2616 1313 2720 1358 est.
2769 1300 2981 1357 Placuit
3020 1317 3151 1372 ergo
3180 1304 3355 1373 impc~

1800 1395 1991 1459 ratori,
2021 1404 2076 1449 et
2102 1396 2197 1463 qui
2224 1389 2450 1449 aderant
2477 1394 2713 1457 casteria,
2736 1394 3025 1449 Alexandri
3056 1397 3361 1460 sententia;

1801 1486 1916 1539 Arii
1950 1494 2130 1541 autem
2156 1475 2397 1539 absurda
2436 1484 2552 1539 visa
2574 1493 2679 1540 est.
2712 1480 2845 1539 Alia
2891 1486 3054 1539 etiam
3092 1489 3353 1555 quastio-

147 1576 463 1642 cbristiana,
505 1578 675 1632 voluit
712 1578 803 1632 ille
830 1576 1099 1645 confringi
1149 1575 1352 1630 idolum
1378 1585 1431 1630 et
1454 1576 1566 1630 tolli
1617 1588 1702 1629 sa-
1734 1573 1777 1627 Β
1806 1588 1901 1628 nes
1933 1574 2113 1629 multa
2135 1573 2280 1629 inter
2312 1588 2405 1628 eos
2432 1574 2646 1645 agitata
2670 1582 2818 1629 sunt.
2851 1573 3020 1629 .lussit
3046 1591 3179 1645 ergo
3205 1575 3351 1632 Con-

146 1665 369 1732 crilicia,
405 1682 643 1737 cumque
672 1667 1005 1721 obsisterent
1047 1666 1152 1736 ipsi
1189 1660 1702 1730 'Alexandriui,'ille

146 1757 341 1812 astutia
370 1757 522 1826 ipsos
545 1758 878 1827 aggressus:
921 1754 1125 1811 Idolum
1154 1755 1373 1828 (inquit)
1408 1756 1551 1811 istud
1568 1756 1701 1810 nulli

145 1848 365 1902 omnino
397 1849 473 1901 rei
505 1848 635 1902 utile
658 1855 775 1913 est;
801 1847 945 1918 quod
991 1848 1037 1902 si
1067 1846 1263 1902 festum
1295 1847 1427 1901 illud
1448 1846 1701 1900 Michaeli
1741 1893 1750 1899 .

145 1936 341 2005 angelo
379 1935 812 1999 celebraveritis,
864 1938 1023 2005 eique
1071 1935 1278 1990 hostias
1329 1937 1463 1995 istas
1498 1935 1704 1990 consti-

144 2024 384 2086 ttteritis,
420 2023 536 2092 ipse
564 2037 664 2093 pro
689 2022 843 2078 vobis
867 2025 1008 2092 apud
1046 2022 1215 2077 Deum
1261 2023 1565 2079 intercedet
1586 2039 1704 2078 ma-

139 2116 394 2185 iorisque
456 2103 609 2171 vobis
653 2116 795 2170 'boni
852 2130 1039 2179 causa,
1086 2131 1248 2185 quam
1304 2116 1510 2173 idolum
1556 2116 1701 2171 istud

144 2210 362 2264 futurus
394 2216 503 2263 est.
534 2206 919 2261 Annuentibus
949 2220 1079 2275 ergo
1105 2206 1232 2273 illis,
1274 2221 1337 2261 ex
1386 2206 1529 2262 idolo
1566 2222 1699 2262 con-

141 2298 319 2353 fracto
347 2314 571 2355 crucem
602 2298 877 2365 confecit;
915 2299 1171 2369 templum
1223 2314 1377 2362 vero,
1425 2299 1703 2355 Michaelis

138 2389 430 2445 ecclesiam
461 2391 755 2460 appellavit
784 2390 998 2460 (estque
1031 2390 1121 2444 illa
1157 2380 1388 2446 ecclesia
1428 2408 1549 2460 qua
1587 2392 1703 2445 Ca-

137 2494 293 2533 sarea
334 2489 529 2533 vocata
556 2488 671 2547 est;
707 2489 760 2534 et
791 2481 916 2551 igne
962 2480 1121 2549 periit
1161 2495 1281 2535 cum
1326 2480 1701 2537 Occidentales

137 2570 525 2626 Alexandriam
582 2572 811 2639 ingressi
861 2587 980 2626 eam
1012 2554 1350 2644 vastarunt);
1413 2588 1700 2628 ecusecra-

136 2672 302 2731 taque
335 2672 467 2717 sunt
514 2660 711 2717 festum
774 2672 826 2716 et
878 2663 1111 2717 victima
1172 2662 1416 2718 Micttaeli
1474 2663 1699 2733 angelo;

137 2753 285 2807 unde
314 2762 373 2808 et
402 2753 583 2808 adhuc
617 2753 887 2823 Caphtita
934 2754 989 2807 in
1019 2753 1249 2825 Egypto
1276 2763 1332 2810 et
1376 2751 1699 2810 Alexandria

133 2861 201 2900 eo
224 2830 317 2900 die
348 2845 547 2900 festum
574 2844 815 2899 Michaeli
836 2847 1026 2916 angelo
1052 2846 1349 2911 celebrant,
1376 2855 1429 2901 et
1451 2845 1697 2902 victimas

133 2936 583 3005 quamplurimas
613 2936 847 2991 cadunt.

203 3010 383 3099 5.36
411 3026 546 3081 Cum
594 3040 724 3095 ergo
755 3025 1062 3081 Alexander
1110 3027 1421 3096 patriarcha
1470 3028 1703 3083 Alexan-

130 3118 359 3183 drinus,
391 3116 584 3171 Arium
619 3116 922 3171 Ecclesiam
949 3118 1153 3187 ingredi
1187 3118 1519 3187 prohiberet,
1543 3120 1701 3189 eique

129 3208 517 3271 malediceret.
557 3206 837 3276 profectus
890 3207 980 3261 ille
1020 3207 1086 3261 ad
1139 3207 1557 3262 Constantinum
1596 3209 1699 3262 im-

127 3296 447 3368 peratorem
482 3313 638 3366 opem
679 3300 747 3352 ab
800 3299 919 3367 ipso
964 3306 1155 3351 contra
1202 3298 1569 3354 Alexandrum
1608 3315 1701 3370 pa-

127 3388 437 3444 triarcham
468 3389 639 3458 petiit.
689 3388 927 3444 Comites
951 3399 1131 3443 autem
1174 3405 1232 3445 se
1273 3391 1403 3445 Ario
1457 3395 1700 3461 prabue-

122 3491 262 3537 runt
312 3481 559 3549 episcopi
599 3483 723 3546 duo,
746 3494 977 3550 quorum
996 3495 1134 3535 unus
1153 3481 1370 3535 nomine
1404 3480 1698 3539 Eumenius

130 3571 154 3645 [
186 3571 271 3625 al.
306 3568 644 3642 Eusebius],
671 3570 993 3625 Nicomedia
1019 3571 1211 3639 episc.,
1253 3572 1387 3626 alter
1433 3572 1698 3631 Eusebius

125 3662 306 3716 Phila
332 3661 644 3731 episcopus,
680 3674 835 3730 opem
865 3676 894 3714 a
925 3660 1288 3716 Constantino
1321 3664 1693 3732 implorantes.

124 3753 365 3808 Dicente
414 3753 543 3806 Atio
577 3768 589 3804 :
618 3752 920 3806 Alexander
975 3754 1283 3819 patriarcha
1359 3756 1559 3824 iniuria
1610 3772 1697 3812 me

119 3844 344 3908 all'ecit,
377 3853 432 3898 et
481 3842 719 3899 Ecclesia
757 3844 1029 3898 immerito
1077 3846 1306 3914 expulit,
1364 3860 1417 3900 et
1459 3849 1696 3918 impeta-

122 3945 312 3989 torem
341 3944 561 4003 rogante
587 3945 645 3986 ut
670 3933 819 3987 illum
857 3944 1186 3998 accerseret,
1241 3952 1349 4006 quo
1374 3953 1557 3991 coram
1589 3940 1693 3993 im-

119 4033 392 4095 peratore
419 4040 545 4077 cum
595 4025 710 4093 ipso
757 4024 1081 4093 disputaret.
1140 4027 1540 4084 Constantinus
1566 4046 1695 4100 ergo

119 4116 438 4183 imperator
464 4115 633 4168 misso
660 4115 1042 4171 Alexandriam
1077 4120 1265 4172 nuntio
1316 4120 1463 4172 illum
1511 4135 1693 4175 accero

119 4206 283 4270 sivit,
360 4204 659 4273 Ariumquc
720 4208 1009 4260 c0nveuire
1071 4206 1198 4261 fecit
1248 4223 1355 4277 quo
1406 4224 1526 4261 cum
1578 4212 1693 4279 ipso

1801 1662 2079 1731 stantinus
2107 1664 2474 1719 Alexandrum
2504 1667 2864 1735 patriarcham
2909 1665 3042 1721 Ario
3071 1668 3350 1724 omnibus-

1801 1768 1909 1824 que
1942 1755 2036 1825 qui
2069 1754 2313 1810 eamdem
2348 1756 2807 1827 amplecterentur
2832 1758 3158 1813 sententiam
3189 1761 3355 1814 male-

1802 1846 2004 1901 dicere.
2042 1843 2189 1899 Dixit
2214 1853 2395 1901 autem
2426 1846 2734 1901 Alexander
2776 1846 3139 1902 Constantino
3183 1850 3358 1920 impe-

1803 1934 1971 1989 ratori
1998 1951 2013 1988 :
2053 1934 2205 1989 Haud
2235 1937 2345 2002 ita;
2377 1934 2504 2005 quin
2537 1936 2717 2005 potius
2741 1936 2965 1991 mittens
2999 1952 3091 1991 rex
3134 1940 3358 2007 patriar-
3422 1986 3432 1993 .

1801 2026 1934 2081 chas
1950 2036 2004 2081 et
2023 2027 2305 2096 episcopos
2328 2037 2589 2089 accersat,
2616 2036 2675 2080 ut
2699 2030 2770 2083 sit
2800 2028 2954 2082 nobis
2974 2030 3282 2095 concilium,
3300 2030 3354 2085 in

1801 2130 1911 2186 quo
1928 2130 2038 2170 rem
2061 2116 2402 2183 deﬁniamus,
2424 2118 2661 2187 Arioqtte
2680 2119 3087 2186 maledicamus,
3104 2131 3157 2175 et
3176 2138 3355 2177 veram

1802 2205 1962 2262 ﬁdem
2035 2221 2389 2276 exponamus.
2430 2207 2794 2276 omnibusque
2844 2217 3023 2263 notam
3070 2208 3358 2267 faciamus.

1871 2296 2091 2353 Mittens
2117 2311 2247 2369 ergo
2272 2297 2666 2353 Constantinus
2705 2313 2797 2352 rex
2828 2298 2886 2351 in
2932 2314 3122 2356 omnes
3156 2302 3357 2371 passim

1804 2392 2073 2462 regiones,
2093 2390 2431 2461 patriarchas
2454 2398 2508 2443 et
2534 2389 2815 2460 episcopos
2830 2388 2995 2461 ιω
3018 2397 3356 2457 convocavit,

1802 2486 1937 2540 adeo
1971 2494 2029 2539 ut
2048 2493 2171 2553 post
2195 2496 2395 2535 annum
2423 2490 2478 2536 et
2507 2480 2647 2536 duos
2707 2496 2921 2538 menses
2948 2480 3127 2539 Nicea
3159 2498 3359 2540 conve-

1803 2576 1982 2630 nirent
2044 2575 2129 2629 bis
2187 2574 2337 2627 mille
2368 2572 2723 2643 quadraginta
2755 2580 2881 2627 octo
2914 2574 3176 2643 episcopi,
3232 2590 3359 2631 sen-

1805 2666 1995 2721 tentiis
2023 2672 2079 2721 et
2112 2664 2470 2733 religionibus
2516 2663 2661 2718 inter
2696 2677 2755 2717 se
2779 2664 3167 2733 discrepantes.
3192 2664 3357 2720 Erant

1804 2772 1869 2811 ex
1895 2757 2004 2812 illis
2033 2756 2126 2827 qui
2160 2756 2490 2809 atlirmarent
2516 2752 2795 2809 Christum
2848 2762 2902 2808 et
2932 2754 3153 2811 Matrem
3186 2759 3357 2827 ipsius

1803 2849 1940 2903 duos
1966 2862 2090 2903 esse
2140 2847 2274 2903 deos
2307 2854 2505 2919 prater
2551 2841 2718 2900 Deum
2750 2843 3064 2917 [summum
3090 2848 3144 2922 ε]
3200 2861 3356 2906 erant

1731 2933 1772 2989 C
1811 2940 1862 2992 hi
1904 2938 2149 3004 Barbari,
2180 2948 2233 2992 et
2260 2934 2562 2992 Harianita
2615 2936 2929 2993 audierunt.
2964 2938 3131 2993 Erant
3160 2943 3252 3009 qui
3276 2942 3355 2997 di-

1805 3043 1988 3087 cereut
2018 3031 2295 3103 Christum
2331 3043 2360 3084 a
2394 3029 2552 3085 Patre
2585 3043 2727 3095 esse,
2760 3031 2931 3086 instar
2963 3029 3191 3089 ﬂamma
3219 3035 3358 3104 ignis

1804 3137 1924 3192 qua
1950 3122 2017 3177 ab
2039 3121 2160 3192 igne
2194 3119 2507 3185 flammante
2550 3120 2899 3191 dependeret,
2962 3138 3063 3178 nec
3123 3126 3357 3194 priorem

1802 3215 2115 3271 diminuere
2138 3213 2457 3283 posterioris
2496 3213 2565 3269 ab
2616 3214 2734 3284 ipso
2764 3215 3174 3272 derivationem.
3202 3220 3357 3274 Erat-

1801 3322 1906 3376 que
1936 3306 2051 3361 hac
2076 3305 2295 3360 Sabellii
2347 3314 2402 3362 et
2450 3306 2784 3362 asseciarum
2841 3307 3015 3378 ipsius
3064 3314 3356 3369 sententia.

1799 3396 2139 3453 Asserebant
2189 3398 2279 3452 alii
2316 3393 2593 3468 Virginem
2651 3396 2874 3454 Mariam
2938 3401 3354 3475 haudquaquam

1798 3487 1975 3557 ipsum
2017 3503 2208 3543 novem
2238 3489 2520 3545 mensibus
2571 3490 2624 3544 in
2684 3500 2841 3547 utero
2878 3503 3141 3565 gestasse,
3170 3512 3353 3552 verum

1800 3579 1975 3648 ipsum
2005 3593 2100 3649 per
2136 3587 2347 3635 uterum
2374 3580 2554 3651 ipsius
2598 3582 2769 3639 instar
2801 3598 2955 3654 aqua
2988 3601 3084 3656 per
3112 3588 3353 3644 canalem

1798 3669 2115 3733 transiissc;
2148 3668 2384 3724 Verbum
2422 3670 2686 3740 siquidem
2716 3688 2811 3742 per
2844 3689 3031 3731 aurem
3082 3677 3253 3747 ipsius
3278 3679 3355 3733 in-

1742 3812 1745 3815 ,
1796 3774 2041 3829 gressum
2064 3759 2135 3814 ibi
2162 3760 2342 3833 statim
2385 3762 2589 3817 exiisse
2615 3765 2703 3819 ubi
2739 3766 2921 3835 egredi
2953 3768 3091 3822 solet
3126 3768 3303 3824 infans
3338 3787 3354 3826 :

1796 3860 1917 3913 qua
1948 3849 2225 3903 sententia
2266 3848 2439 3904 Eliani
2473 3861 2525 3905 et
2567 3853 2877 3922 sequacium
2904 3855 3074 3927 ipsius
3102 3856 3224 3912 fuit.
3252 3859 3356 3914 Alii

1797 3940 2072 3995 Christum
2120 3941 2394 3998 hominem
2461 3943 2632 4001 fuisse
2686 3961 2718 4001 a
2771 3948 3054 4005 divinitate
3086 3962 3352 4017 creatum,

1796 4030 2035 4099 ejusdem
2080 4046 2201 4086 cum
2237 4042 2487 4088 nostrum
2537 4036 2719 4106 aliquo
2748 4038 3103 4105 substantia,
3154 4040 3355 4112 ﬁliique

1798 4122 2119 4193 principium
2159 4140 2185 4176 a
2218 4123 2384 4177 Maria
2425 4126 2619 4192 fuisse,
2661 4127 2947 4199 ipsumque
2976 4131 3207 4187 electum
3258 4138 3348 4205 qui

1796 4213 2114 4267 substantia
2172 4214 2425 4269 humana
2496 4217 2756 4273 liberator
2821 4230 2986 4284 esset,
3060 4225 3355 4281 comitante

118 4297 562 4366 disputationem
597 4298 841 4351 haberet.
889 4296 1064 4353 .lussit
1100 4300 1265 4369 igitur
1308 4270 1771 4380 Constantinusp
1798 4304 1971 4373 ipsum
2002 4306 2172 4375 gratia
2215 4306 2423 4371 divina,
2455 4318 2508 4360 et
2550 4308 2602 4361 in
2636 4310 2752 4379 ipso
2796 4327 2892 4381 per
2916 4270 3154 4368 amorem
3186 4327 3235 4370 et
3262 4270 3354 4371 vo:

115 4388 328 4442 Arium
349 4386 668 4437 sententiam
690 4400 843 4439 suam
866 4387 1155 4454 explicare.
1173 4386 1310 4439 Tum
1330 4389 1491 4440 Arius
1512 4408 1523 4441 :
1548 4389 1698 4449 Dico,

115 4478 335 4547 inquit,
359 4477 575 4530 Patrem
619 4476 789 4531 fuisse
812 4493 935 4531 cum
970 4492 1074 4531 non
1099 4484 1244 4531 esset
1265 4475 1471 4541 Filius;
1502 4477 1699 4533 deinde

1797 4398 2056 4449 Iuntatem
2086 4396 2387 4460 habitante,
2425 4398 2657 4468 ideoque
2706 4405 3029 4470 appellatum
3066 4406 3234 4462 fuisse
3264 4408 3323 4463 Fi

1801 4484 1931 4538 lium
1965 4485 2076 4539 Dei.
2116 4485 2365 4541 Dicentes
2403 4488 2563 4541 etiam
2599 4489 2763 4544 Deum
2805 4494 3162 4549 substantiam
3190 4506 3349 4551 unam

117 4572 315 4640 ipsum
348 4570 413 4623 de
441 4584 581 4622 novo
614 4569 931 4636 produxisse
961 4567 1154 4622 Filium
1189 4568 1281 4637 qui
1317 4567 1415 4620 fuit
1463 4568 1535 4620 illi
1566 4566 1698 4621 Vera

1799 4590 1919 4630 esse
1940 4616 1954 4640 ,
1977 4585 2030 4629 et
2063 4592 2346 4645 personam
2372 4595 2555 4646 unam,
2583 4597 2699 4649 qua
2724 4586 2894 4639 tribus
2913 4589 3224 4643 nominibus
3254 4606 3348 4658 ap-

113 4663 284 4722 bum,
315 4661 421 4715 nisi
447 4662 589 4728 quod
618 4661 684 4715 de
710 4676 847 4715 novo
873 4660 1171 4729 productus
1196 4669 1249 4713 et
1276 4670 1492 4715 creatus
1514 4660 1701 4714 fuerit.

120 4752 351 4805 Deinde
383 4752 604 4805 tradidit
642 4752 801 4805 Pater
828 4752 984 4815 Filio,
1018 4750 1114 4819 qui
1147 4750 1381 4806 Verbum
1410 4751 1581 4820 ipsius
1606 4768 1702 4819 ap-

116 4833 394 4900 pellatur,
418 4832 725 4900 imperium,
753 4832 958 4902 fuitque
983 4836 1071 4888 ille
1105 4838 1362 4891 cwlorum
1381 4850 1434 4893 et
1452 4851 1621 4902 teme,
1640 4851 1693 4894 et

113 4923 380 4975 omnium
400 4937 520 4989 qua
539 4921 677 4975 inter
696 4937 756 4976 ea
775 4910 905 4977 sunt
950 4926 1216 4989 conditor,
1246 4928 1388 4981 sicut
1438 4931 1490 4982 in
1512 4928 1689 4982 Evan-

113 5015 276 5083 gelio
324 5022 512 5065 sancto
556 5021 805 5079 testatur,
837 5015 1057 5070 dicens:
1086 5016 1221 5069 Data
1250 5032 1326 5071 est
1353 5020 1477 5072 mihi
1521 5025 1689 5075 omnis

106 5112 364 5170 potestas
386 5104 438 5153 in
457 5107 609 5155 catos
630 5114 675 5154 et
702 5105 757 5155 in
791 5116 984 5156 terram
1008 5106 1028 5135 ⁸
1048 5123 1061 5159 ;
1085 5105 1181 5160 iuit
1203 5122 1329 5177 ergo
1375 5110 1463 5163 ille
1503 5125 1687 5163 eorum

116 5192 397 5249 conditor
429 5207 492 5245 ea
517 5208 637 5261 qua
670 5193 768 5262 ipsi
811 5196 933 5248 data
962 5196 1038 5250 esl
1072 5195 1440 5269 [potestate.]
1491 5201 1690 5255 Deinde

106 5281 493 5356 537-539
516 5281 751 5339 Verbum
816 5286 942 5341 illud
975 5298 1155 5358 postea
1185 5304 1248 5344 ex
1276 5290 1441 5345 Maria
1481 5293 1689 5363 virgine

185 5487 210 5517 ³
270 5484 460 5541 Matth.
490 5500 679 5552 xxvut,
708 5488 794 5544 18.

1796 4665 2047 4732 pellatur,
2082 4683 2183 4721 nec
2212 4667 2265 4721 iu
2297 4670 2552 4734 Verbunt,
2581 4688 2679 4726 nec
2717 4673 2768 4725 in
2803 4674 3063 4743 Spiritum
3097 4690 3343 4733 sam-tum

1796 4757 2076 4811 credentes
2091 4762 2112 4811 ':
2135 4758 2621 4833 θαλίαι-443
2641 4764 2748 4818 hac
2779 4770 3045 4821 sententia
3070 4768 3218 4822 Pauli
3248 4772 3349 4825 Sa-

1793 4849 2055 4901 mosateni
2075 4842 2394 4917 patriarcha
2414 4852 2758 4919 Autioclieni,
2775 4860 2996 4925 ejusque
3018 4870 3343 4916 sectatorqu

1796 4939 1883 5007 qui
1919 4938 2219 4995 Pauliciani
2255 4944 2506 4998 audiunt.
2564 4945 2730 4999 Erant
2772 4958 2825 5001 et
2864 4949 2954 5015 qui
3018 4962 3343 5019 assercrcnt,

1798 5038 1910 5084 tres
1940 5046 2061 5086 esse
2101 5032 2248 5093 deos,
2286 5035 2373 5102 qui
2404 5050 2508 5088 nor:
2544 5038 2697 5092 aliter
2735 5053 2794 5091 se
2826 5040 3055 5094 habeant
3086 5058 3249 5110 quant
3285 5056 3343 5098 ut

1794 5121 1989 5185 bonus,
2023 5132 2074 5176 ct
2107 5126 2303 5186 malus,
2351 5135 2403 5179 et
2430 5110 2517 5195 qui
2554 5128 2713 5179 medii
2745 5130 2815 5181 sit
2840 5131 2979 5185 inter
3014 5148 3111 5187 eos
3137 5145 3340 5203 tempe-

1796 5215 2066 5277 ramenti;
2121 5231 2242 5284 qua
2292 5216 2583 5271 Marcionis
2632 5220 2904 5275 maledicti
2959 5231 3013 5275 et
3067 5225 3337 5277 sociorum

1798 5302 1969 5369 ipsius
2036 5307 2299 5357 εεηιιοιιιίιι
2359 5306 2576 5374 :quiet
2632 5306 2965 5363 aliirmarunt
3019 5310 3335 5365 Marcioncm
