3950 6348
574 221 706 282 1007

1568 211 1937 273 EUTYCHII
1961 209 2490 272 ALEXANDRI‘NI
2533 212 2747 274 PATR.

3638 235 3738 299 1008

569 326 868 398 principem
913 327 1282 397 apostolorum
1319 339 1459 385 esse.
1513 325 1675 377 Petro
1707 323 1957 391 apostolo
1988 321 2125 390 rejc-
2158 331 2199 382 Α
2231 317 2555 385 Sﬂibatnm,
2578 322 2766 377 Cihaci
2826 323 3019 377 feriam
3058 328 3294 384 tertiam,
3318 328 3491 387 Natus
3523 344 3603 388 εει
3652 352 3746 411 (ει-8η

567 429 677 476 cto.
709 420 809 472 Alii
836 414 1117 491 [denique]
1137 423 1493 471 asseruerunt
1519 413 1858 467 divinitatem
1885 411 2083 466 Christi
2108 429 2122 476 ;

569 527 689 583 qttte
717 511 869 564 Pauli
901 508 1133 578 apostoli
1164 506 1435 564 sententia
1465 514 1569 567 est,
1611 519 1710 557 nec
1762 517 1869 566 non
1915 503 2125 572 episco-

549 614 755 672 porum
779 611 1146 656 trecentorum
1174 609 1229 654 et
1256 597 1576 652 octodecim.

637 694 858 748 Auditis
893 695 1132 763 ipsorum
1167 689 1453 746 sententiis
1483 687 1711 742 miratus
1743 694 1826 744 est
1854 685 2124 741 Constan-

567 789 713 840 tinus
745 799 838 838 rex
871 785 1015 838 hanc
1037 779 1484 852 discrepantiam,
1510 780 1780 848 domoque
1807 778 1939 849 ipsis
1958 792 2122 848 sepo-

569 877 673 930 sita
716 876 768 930 in
799 890 904 944 qua
942 875 1057 928 loca
1097 873 1230 944 ipsis
1261 873 1496 942 paravit,
1535 871 1931 942 disputationes
1976 871 2121 937 ipsos

565 968 760 1022 habere
786 951 972 1034 jtrssit,
1003 975 1062 1018 ιιι
1093 973 1384 1036 perspecto
1429 965 1570 1033 apud
1613 977 1772 1032 quem
1799 975 1928 1016 vera
1976 967 2121 1014 esset

565 1059 718 1123 ﬁdes,
759 1061 937 1128 ipsum
988 1067 1332 1127 sequeretur.
1393 1056 1470 1109 illi
1527 1068 1658 1124 ergo
1695 1061 1996 1108 tercentum
2065 1058 2120 1105 et

560 1150 865 1206 octodecim
900 1151 954 1202 in
1014 1163 1177 1203 unam
1226 1147 1406 1212 Iidem,
1470 1161 1744 1217 unamque
1797 1144 2116 1200 sententiam

559 1249 954 1299 consenserunt
1001 1240 1382 1308 disputantes,
1439 1237 1547 1292 illis
1593 1235 1932 1308 argumentis
2003 1236 2118 1289 suis

558 1335 865 1404 superiores
920 1337 1238 1391 evaserunt,
1297 1328 1570 1397 iidemque
1618 1341 1802 1382 veram
1865 1326 2116 1380 declarao

559 1422 936 1492 runt;reliqui
963 1430 1142 1476 autem
1181 1421 1423 1490 episcopi
1467 1419 1759 1474 sententiis
1805 1429 1860 1472 et
1903 1416 2118 1486 religio-

559 1522 718 1575 nibus
746 1519 886 1572 inter
922 1533 981 1572 se
1023 1516 1223 1570 diversi
1254 1514 1496 1568 fuerunt.
1534 1511 1647 1567 Rex
1681 1526 1812 1581 ergo
1858 1509 2116 1565 trecentis

557 1621 609 1666 et
637 1609 941 1666 octodecim
991 1607 1263 1678 episcOpis
1301 1604 1424 1659 istis
1455 1605 1572 1658 loco
1609 1603 1846 1673 quodam
1884 1591 2117 1670 'pr0prio

2230 411 2490 467 Dominus
2518 424 2703 468 noster
2757 414 2916 471 Jestts
2975 416 3230 475 Christus
3283 424 3549 479 vicesimo
3595 430 3746 496 quinto

2226 503 2313 556 die
2344 505 2554 558 Canuni
2593 507 2815 574 prioris,
2865 509 3057 563 Cibaci
3095 513 3353 568 vicesimo
3376 511 3545 584 nono,
3575 518 3751 591 fuitque

2225 594 2343 648 dies
2363 595 2482 660 ejus
2509 596 2703 653 natalis
2734 599 2863 651 feria
2899 602 3079 656 tertia.
3117 602 3264 656 ltiem
3330 622 3462 661 vero
3525 610 3749 681 baptismi

2226 684 2398 752 ipsius
2451 686 2630 753 reperi
2689 686 2857 741 fuisse
2907 691 3042 758 cycli
3091 692 3286 746 solaris
3316 694 3526 750 decimo
3556 711 3751 767 qu:trln;

2223 775 2358 844 t-ycli
2391 776 2598 831 lunaris
2626 777 2841 831 decimo
2878 795 3043 843 nono,
3085 798 3204 836 cum
3239 792 3384 839 esset
3415 797 3602 854 epacte
3653 793 3755 847 solis

2223 872 2332 920 tres
2358 877 2412 920 et
2438 867 2724 923 dimidium
2783 879 2837 925 et
2901 888 3004 926 una
3031 884 3244 943 quarta,
3276 877 3416 931 luna:
3443 895 3568 934 vero
3595 885 3636 906 “
3664 901 3676 936 :
3708 900 3753 938 ac

2221 959 2430 1025 primus
2463 961 2678 1014 Canuni
2710 964 3032 1029 posterioris
3062 967 3197 1031 dies,
3239 966 3369 1023 feria
3401 971 3610 1038 quinta,
3637 989 3757 1029 meo~

2221 1049 2298 1102 sis
2331 1046 2543 1104 Tubahi
2598 1050 2922 1137 Sabbatum.
2952 1053 3083 1110 Fuit
3134 1072 3266 1129 ergo
3318 1059 3584 1129 baptisma
3617 1063 3758 1131 ipsius

2221 1142 2433 1196 illustre
2455 1144 2540 1198 die
2568 1141 2774 1208 Martis,
2809 1157 2962 1220 sexto
2985 1146 3174 1204 Canun
3193 1151 3539 1220 posterioris,
3571 1152 3758 1210 Tubahi

2221 1235 2528 1291 undecimo.
2579 1238 2701 1293 Dies
2765 1249 2941 1294 autem
2983 1244 3356 1299 crncilixionis
3388 1245 3560 1316 ipsius
3588 1248 3758 1303 saluti-

2221 1327 2345 1381 fera:
2374 1327 2540 1400 m
2566 1330 2754 1384 incidit
2779 1332 2830 1403 in
2865 1332 3136 1388 decimum
3171 1351 3371 1391 nonum
3401 1339 3536 1408 cycli
3567 1339 3759 1403 solaris,

2219 1418 2357 1487 cycli
2410 1434 2576 1473 vero.
2608 1420 2812 1476 lunaris
2860 1422 3425 1495 decimumquartum,
3478 1442 3602 1482 cum
3644 1445 3762 1485 esset

2211 1513 2398 1573 epacte
2439 1504 2575 1559 soiis
2615 1515 2822 1575 septem
2863 1523 2989 1563 cum
3029 1499 3282 1578 diinidio,
3325 1514 3467 1570 luna:
3506 1532 3637 1572 vero
3673 1523 3706 1541 "
3740 1541 3753 1576 :

2211 1589 2265 1648 et
2325 1595 2535 1664 primus
2602 1600 2807 1654 mensis
2864 1601 3032 1666 Adar,
3090 1601 3225 1657 feria
3290 1607 3507 1675 quinta,
3566 1611 3760 1679 primus

529 1712 608 1756 ,et
649 1701 832 1772 amplo
861 1711 1050 1770 parato
1101 1699 1218 1768 ipse
1263 1697 1316 1751 in
1366 1711 1556 1752 eorum
1609 1695 1788 1750 medio
1847 1691 2114 1755 consedit,
2148 1668 2186 1720 Β
2213 1697 2394 1742 autem
2434 1690 2640 1744 mensis
2680 1690 2975 1747 Bormahat
3013 1693 3150 1751 feria
3188 1668 3398 1766 prima,
3457 1668 3509 1755 et
3559 1668 3763 1757 indau-

556 1805 889 1864 acceptaque
917 1790 1203 1856 annulum,
1229 1787 1469 1860 gladium
1527 1794 1582 1840 et
1622 1792 1898 1854 sceptrum
1955 1796 2115 1838 suum

516 1952 520 1957 _
557 1885 691 1953 ipsis
711 1883 954 1945 tradidit,
973 1881 1162 1936 dicens
1179 1879 1344 1950 ipsis:
1371 1876 1536 1933 Vobis
1562 1876 1721 1931 hodie
1745 1875 1804 1930 io
1829 1874 2112 1942 imperium

559 1990 737 2032 meum
768 1980 1087 2044 potestatem
1123 1973 1394 2033 concessi,
1423 1978 1481 2024 ut
1517 1969 1571 2022 in
1599 1982 1666 2023 eo
1707 1964 1875 2038 ω
1906 1963 2116 2019 faciatis

556 2065 819 2136 quidquid
855 2064 1032 2119 facere
1064 2063 1221 2118 vobis
1254 2061 1473 2132 expedit
1523 2072 1710 2115 eorum
1740 2071 1861 2128 qua!
1883 2055 1949 2110 ad
1983 2055 2116 2110 reli-

555 2160 768 2226 gionem
797 2157 899 2212 rite
944 2154 1324 2211 stabiliendam
1370 2161 1428 2209 et
1477 2151 1716 2206 ﬁdelium
1767 2147 2113 2205 commodum

556 2257 813 2321 spectant.
845 2247 950 2313 illi,
978 2246 1087 2317 regi
1114 2245 1500 2300 benedicentes
1521 2251 1575 2296 et
1599 2241 1775 2310 ipsum
1801 2239 1980 2310 gladio
2013 2250 2116 2292 suo

557 2343 868 2403 cinxerunt,
897 2338 1194 2393 dicentes:
1237 2334 1423 2390 Fidem
1483 2332 1837 2388 ehristisnam
1896 2327 2112 2404 publice

556 2422 900 2502 profitearis,
973 2442 1200 2496 eamque
1276 2436 1604 2494 propugnes.
1675 2419 2115 2488 Composuerunt

554 2525 714 2579 etiam
749 2524 850 2593 ipsi
904 2521 1075 2576 libros
1124 2517 1508 2588 quadraginta,
1538 2513 1631 2584 qtti
1694 2510 2115 2568 constitutiones

547 2624 604 2692 et
636 2616 779 2686 leges
816 2612 1158 2669 continerent
1198 2629 1212 2664 :
1245 2624 1474 2679 quarunt
1508 2607 1632 2661 alia
1658 2605 1788 2674 quid
1825 2603 1936 2669 regi
1971 2603 2115 2656 scire
2145 2608 2149 2612 ’

553 2715 605 2760 et
643 2704 819 2759 facere
840 2700 1122 2772 expediret
1157 2693 1532 2770 [docnerunt,]
1559 2695 1679 2748 alite
1710 2693 1838 2764 quid
1893 2692 1962 2746 ab
2001 2692 2115 2759 epi-

565 2794 766 2864 scopis,
800 2808 864 2849 ex
918 2791 986 2847 iis
1027 2804 1146 2860 qua:
1198 2793 1252 2844 in
1284 2787 1417 2857 ipsis
1463 2787 1849 2876 cpmprehcnsa
1907 2794 2110 2845 essent,

525 2924 529 2928 ς
555 2885 670 2939 lteri
701 2884 940 2940 deceret.
969 2877 1199 2937 Concilii
1228 2880 1484 2949 princeps
1511 2874 1576 2932 vet
1599 2890 1800 2945 praeses
1829 2882 1948 2930 erat
1986 2874 2113 2927 Ale-

2211 1793 2333 1833 rum
2378 1777 2591 1835 Pascha
2628 1780 2718 1837 die
2755 1781 2937 1849 lovis,
2996 1784 3159 1839 Δάαι-ἱ
3210 1789 3470 1845 vicesimo
3508 1793 3761 1856 secundo.

2213 1872 2305 1940 qui
2353 1871 2665 1928 Bormahati
2717 1887 2834 1928 erat
2880 1876 3170 1933 vicesimus
3204 1891 3413 1936 sextus.
3467 1882 3644 1953 Atque
3675 1885 3763 1940 hoc

2214 1965 2421 2020 indicat
2477 1967 2766 2022 Dominum
2804 1966 2992 2024 Jesum
3054 1969 3258 2026 Pascha
3310 1987 3435 2028 cum
3487 1974 3760 2046 discipulis

2213 2057 2330 2110 suis
2369 2056 2674 2114 comedisse
2712 2058 2800 2113 die
2857 2059 3043 2125 Jovis;
3103 2047 3425 2118 cruciﬁxum
3485 2064 3654 2120 fuisse
3689 2069 3764 2121 die

2216 2144 2464 2211 Veneris,
2515 2149 2682 2206 Adari
2734 2152 2997 2208 vicesimo
3041 2156 3224 2219 tertio,
3268 2155 3581 2212 Bormahati
3637 2163 3767 2215 rice-

2213 2238 2648 2308 simo’septimo;
2673 2254 2737 2294 ac
2767 2243 3134 2298 resurrexisse
3189 2246 3279 2300 die
3303 2246 3455 2308 solis.
3506 2247 3670 2302 Aiari
3699 2250 3765 2301 ri-

2214 2331 2418 2383 cesimo
2449 2331 2665 2400 quinto,
2717 2329 3030 2387 Bormahati
3084 2334 3345 2390 vicesimo
3401 2352 3567 2392 nono.
3622 2338 3766 2393 Chri-

2214 2422 2412 2475 stianis
2451 2411 2601 2485 sero,
2635 2423 2711 2475 nti
2759 2423 2872 2490 jam
2905 2425 3167 2487 diximus,
3203 2429 3257 2481 in
3283 2443 3437 2482 more
3465 2440 3603 2490 erat.
3633 2439 3768 2499 post-

2214 2528 2375 2580 quam
2411 2511 2728 2582 Epiphaniae
2755 2513 2953 2568 festum
3006 2515 3376 2572 celebrasscnt
3407 2521 3498 2572 die
3515 2522 3766 2584 crastino,

2213 2603 2575 2674 quadraginta
2593 2605 2710 2661 dies
2751 2605 3024 2675 jejunare,
3054 2607 3181 2662 dein
3232 2610 3504 2680 jejunium
3541 2613 3766 2675 solvere,

2213 2711 2453 2766 cumque
2478 2695 2652 2752 Judzei
2706 2697 2919 2753 Pascha
2978 2700 3318 2755 celebrarent
3377 2703 3518 2757 idem
3575 2705 3762 2759 festum

2216 2803 2326 2842 una
2357 2787 2661 2852 celebrare,
2685 2789 2832 2858 quod
2865 2789 2984 2846 dies
3021 2792 3302 2847 Paschalis
3327 2801 3449 2847 cum
3473 2797 3664 2866 jejunii
3691 2812 3768 2850 so.

2221 2880 2433 2934 iutione
2461 2888 2605 2934 erat.
2640 2878 2909 2936 Vetarunt
2941 2894 3120 2938 autem
3151 2885 3301 2954 ipsos
3334 2887 3525 2941 Patres
3554 2888 3768 2942 trecenti

558 2979 763 3032 xander
795 2973 1100 3044 patriarcha
1152 2968 1574 3056 Alexandrinus.
1607 2978 1662 3024 et
1694 2964 1958 3045 [cnmeo]
2000 2965 2111 3018 Eu-
2141 3000 2183 3056 ε
2218 2969 2522 3026 octodecim
2567 2971 2670 3027 hoc
2697 2971 2899 3037 facere,
2948 2975 3210 3044 Ῑυιηιιιεε
3247 2977 3454 3033 p35,.“
3509 2977 3766 3034 Chmm.

555 3070 795 3126 sialititts
828 3066 1136 3136 patriarcha
1166 3053 1558 3127 Antiochenus,
1590 3068 1646 3115 et
1703 3058 1970 3113 Macarius
1999 3058 2113 3125 epi-

554 3174 750 3232 scopus
783 3155 1321 3228 Hicroso'yuitsnus,
1365 3153 1638 3225 Sylvester
1681 3150 1981 3222 patriarcha
2007 3150 2116 3204 Ro-

555 3265 747 3306 tnanus
798 3249 1014 3302 nomine
1049 3259 1151 3301 suo
1181 3243 1320 3300 duos
1371 3244 1519 3299 misit
1568 3241 1896 3304 sacerdotes,
1944 3255 2110 3293 unum

556 3321 774 3397 nomine
791 3337 1096 3403 Victorem,
1137 3337 1366 3391 alterum
1402 3333 1728 3397 Vicentium,
1757 3334 1846 3401 qui
1890 3333 1943 3385 in
1998 3331 2112 3384 Arii

555 3408 941 3500 sociorumque
995 3428 1169 3499 ipsius
1206 3424 1825 3481 excommunicationem
1883 3436 2114 3476 consen-

557 3531 778 3586 serunt;
812 3522 1074 3593 ipsisque,
1103 3535 1167 3575 ac
1220 3518 1473 3572 omnibus
1515 3517 1604 3587 qui
1652 3514 1899 3570 eamdem
1947 3512 2112 3582 protl-

557 3623 805 3672 terentur
860 3611 1214 3676 sententiam,
1260 3609 1692 3670 ,maicdixcrunt.
1743 3605 1891 3660 Fidei
1945 3605 2108 3660 etiam

554 3706 949 3762 confessionem
985 3704 1298 3768 ediderunt,
1327 3707 1648 3763 statuentes,
1672 3697 1864 3752 Filium
1890 3712 1920 3751 a
1953 3696 2112 3750 Patre

555 3810 678 3853 ante
729 3797 913 3852 omnia
965 3795 1162 3852 secula
1211 3791 1453 3864 genitum
1509 3779 1713 3858 fuisse;
1751 3790 2111 3858 eamdemque

557 3890 802 3959 ejusdem
843 3903 968 3943 eum
1025 3887 1186 3940 l‘atre
1252 3895 1482 3946 natura,
1536 3883 1868 3937 increaturn.
1914 3879 2106 3944 Porro,

556 3981 675 4034 urbi
709 3975 1179 4047 Constantinopoli
1201 3973 1571 4045 patriarcham
1606 3971 1966 4041 praefecerunt
1999 3969 2110 4024 hie-

555 4068 892 4138 trOphancm.
912 4065 1056 4120 inter
1072 4079 1163 4119 eos
1181 4068 1340 4118 etiam
1361 4061 1609 4116 convenit
1636 4061 1839 4115 Pascha
1860 4060 2110 4114 christia-

557 4173 745 4213 norum
775 4157 862 4211 die
912 4155 1189 4207 Dominico
1229 4162 1349 4221 post
1391 4147 1696 4203 Jndmorum
1728 4146 1934 4202 Pascha
1963 4148 2107 4201 cele-

2219 3076 2411 3116 norunt
2441 3061 2704 3117 celebrari
2763 3065 2851 3118 die
2888 3063 3194 3132 Dontinico,
3216 3066 3426 3123 Pascha
3461 3067 3763 3125 Judaeum

2219 3153 2465 3224 proxime
2503 3166 2799 3244 sequente:
2832 3157 3290 3229 prohibentesque
3340 3163 3423 3217 vel
3487 3177 3596 3219 una
3652 3179 3766 3218 cum

2214 3244 2438 3312 ludatis,
2471 3247 2556 3302 vel
2581 3257 2708 3302 ante
2739 3249 2889 3317 ipsos
2944 3249 3140 3307 festum
3197 3252 3303 3309 hoc
3351 3269 3534 3324 agere,
3589 3269 3768 3311 verum

2214 3349 2408 3392 curare
2429 3346 2488 3390 ut
2533 3352 2749 3407 semper
2779 3337 2983 3396 Pascha
3003 3341 3438 3400 Christianorum
3467 3343 3767 3401 Judaeum:

2217 3426 2426 3480 Pascha
2447 3437 2798 3496 sequeretur.

2284 3516 2606 3572 Statuerunt
2634 3520 2798 3574 etiam
2825 3535 2895 3575 ne
2919 3521 3210 3592 episcopus
3267 3523 3390 3592 quis
3423 3541 3645 3580 uxorem
3671 3526 3763 3580 ba-

2214 3610 2384 3665 beret.
2403 3611 2450 3664 A
2469 3617 2709 3680 tempore
2731 3612 2875 3666 enim
2899 3614 3290 3683 apostolorum,
3315 3630 3485 3684 usque
3509 3619 3576 3668 ad
3595 3619 3766 3672 eonci-

2213 3703 2342 3758 iiunt
2391 3711 2756 3756 trecentorum
2811 3704 3113 3759 octodecim
3161 3712 3356 3761 uxores
3402 3708 3538 3777 ipsis
3589 3718 3762 3768 erant,

2211 3794 2345 3846 adeo
2375 3802 2434 3846 ttt
2462 3793 2506 3846 si
2545 3794 2668 3862 quis
2723 3793 2813 3862 qui
2876 3809 3096 3849 uxorem
3144 3794 3370 3850 duxerat
3418 3795 3759 3869 m-“l

2209 3883 2498 3953 episcopus
2546 3883 2997 3948 constitueretur,
3043 3895 3283 3940 maneret
3315 3888 3432 3955 ipsa
3487 3902 3612 3941 cum
3658 3887 3756 3947 illo.

2213 3987 2388 4040 neque
2432 3972 2502 4026 ab
2546 3987 2633 4036 _.eo
2684 3973 2976 4036 recederet,
3008 3975 3250 4043 exceptis
3290 3975 3636 4043 patriarchis.
3662 3977 3762 4032 illis

2209 4064 2353 4116 enim
2384 4077 2578 4118 uxores
2600 4077 2707 4116 non
2753 4072 2932 4129 erant,
2977 4079 3154 4133 neque
3201 4067 3552 4135 coniugatum
3583 4084 3760 4139 quem-

2215 4169 2376 4220 quam
2414 4152 2478 4205 ad
2515 4169 2712 4207 munus
2745 4154 2876 4208 illud
2907 4157 3297 4224 prorchehanl.
3331 4151 3496 4213 Perro
3542 4162 3754 4216 Alexan-

557 4250 1032 4316 brandu‘m,neque
1048 4246 1232 4299 eodem
1253 4238 2107 4296 dieconcurreredebereJudreo-
2144 4234 2184 4287 D
2213 4248 2330 4306 der,
2371 4243 2634 4296 Achillam
2665 4246 2871 4298 socium
2924 4262 3108 4311 suum,
3145 4253 3234 4317 qui
3285 4261 3411 4304 ante
3463 4253 3634 4321 ipsum
3670 4266 3755 4319 pa-

559 4359 674 4395 rum
706 4354 756 4394 et
797 4339 1217 4396 Christianorum
1242 4334 1470 4389 Pascha.
1497 4331 1899 4388 Coniirmarnnt
1919 4329 2111 4402 “5-

557 4433 713 4507 M7
729 4433 888 4487 etiam
909 4430 1177 4485 calculum
1201 4426 1485 4483 Paschatis
1503 4435 1556 4480 et
1574 4425 1767 4494 jejunii
1793 4441 1819 4477 a
1842 4422 2110 4476 Demetrio

559 4525 863 4595 patriam-ba
896 4519 1288 4582 Alexandrino,
1325 4515 1533 4572 Gaiano
1563 4516 1821 4584 episcopo
1866 4513 2112 4568 ilic-roso.

560 4620 835 4688 tymitano,
863 4611 1090 4665 Maximo
1119 4607 1419 4676 patriarcha
1441 4605 1801 4665 Antiocheno,
1819 4614 1872 4660 et
1899 4601 2111 4657 Victore

559 4706 859 4778 patriarcha
881 4704 1123 4757 ltomano
1135 4699 1512 4761 constitutum;
1527 4696 1745 4765 loreque
1756 4694 1946 4764 jejunii
1967 4692 2108 4760 apud

557 4795 884 4852 christianos
956 4790 1279 4856 seintionem
1345 4787 1536 4842 eodem
1601 4787 1689 4841 die
1742 4801 1851 4856 quo
1901 4785 2108 4839 Pascha

558 4889 820 4956 ipsorum,
847 4882 1057 4936 scilicet
1100 4879 1380 4934 Dominico
1402 4878 1710 4942 Judreorum
1747 4876 1951 4933 Pascha
1981 4892 2109 4946 pro-

559 4979 699 5033 xime
728 4981 1014 5043 sequente.
1041 4971 1217 5040 lnqnit
1270 4969 1398 5024 Said
1459 4968 1680 5026 Patricii
1738 4970 1904 5033 illius,
1940 4967 2111 5023 medi-

558 5068 690 5122 cina:
719 5063 994 5118 studiosus
1024 5080 1037 5114 :
1068 5059 1220 5113 Scire
1246 5049 1378 5112 aveo
1405 5073 1516 5126 quo
1545 5057 1632 5112 die
1663 5057 1978 5126 septimame
2013 5070 2110 5108 na-

559 5169 648 5211 tus
682 5155 752 5210 sit
789 5153 1060 5206 Dominus
1107 5160 1293 5203 noster
1326 5146 1489 5202 .iesus
1521 5147 1796 5211 Christus,
1829 5149 2108 5215 item,quo

557 5252 643 5303 die
677 5239 1287 5311 cruciﬁxussit,etqnoti
1311 5239 1512 5311 iuerint
1541 5237 1656 5294 dies
1685 5238 1810 5302 isti;
1862 5239 1915 5290 in
1972 5238 2108 5290 hanc

559 5341 874 5410 igitur'rem
908 5343 966 5389 ut
1019 5333 1350 5402 inquirerem
1383 5344 1552 5384 annos
1579 5331 1883 5392 revolvens,
1932 5329 2107 5397 reperi

560 5424 732 5497 ipsum
767 5427 1086 5481 duodecimo
1117 5423 1254 5494 cycli
1283 5422 1476 5477 solaris
1499 5429 1685 5475 natum
1719 5421 1888 5476 fuisse
1910 5425 1974 5487 ",
2006 5438 2108 5474 nu-

559 5518 690 5572 meri
720 5519 852 5589 cyeii
905 5518 1133 5577 lunaris,
1190 5515 1469 5582 fuisseque
1509 5521 1622 5566 tum
1681 5522 1928 5580 epactum
1975 5514 2108 5568 solis

560 5622 746 5670 unum,
797 5607 960 5662 Luna
998 5609 1203 5671 vero“,
1230 5605 1460 5676 primum
1499 5604 1704 5659 Canuni
1744 5604 1937 5673 prioris
1969 5604 2105 5658 diem

2221 4334 2461 4388 triarcha
2495 4333 2901 4389 Alexandrinus
2956 4325 3173 4401 fuerat,
3208 4331 3276 4393 de
3310 4341 3480 4409 gradu
3548 4343 3756 4411 patriar-

2215 4426 2358 4480 chali
2390 4425 2613 4493 dejeeit,
2639 4424 2768 4494 quia
2797 4425 2925 4480 Ario
2961 4438 3180 4498 recepto
3239 4440 3427 4485 contra
3479 4433 3620 4488 Petri
3674 4449 3756 4504 pa-

2215 4515 2469 4570 triarcha:
2506 4514 2860 4569 Alexandrini
2895 4515 3214 4572 mandatum
3249 4518 3472 4576 fecerat.
3509 4521 3588 4577 illi
3641 4537 3752 4578 vero

2182 4605 2446 4679 _trecenti
2467 4605 2772 4660 octodecim
2804 4605 2869 4660 ad
2912 4606 3029 4660 loca
3061 4622 3159 4661 sua
3190 4608 3401 4664 honore
3456 4610 3634 4666 allecti
3668 4627 3750 4667 re-

2210 4695 2468 4760 dierunt;
2531 4696 2692 4765 idque
2751 4710 2897 4750 anno
2956 4698 3303 4753 Constantini
3360 4702 3502 4768 regis
3557 4703 3749 4757 decimo

2214 4801 2379 4840 nono.
2438 4787 2563 4840 Tria
2622 4796 2802 4841 autem
2862 4788 3076 4843 decreta
3133 4788 3303 4844 edidit
3353 4791 3744 4848 Constantinus.

2213 4879 2476 4941 Primum,
2512 4889 2568 4934 ut
2607 4880 2902 4936 contractis
2941 4868 3099 4940 idoiis
3137 4899 3327 4939 omnes
3356 4899 3546 4941 eorum
3595 4892 3741 4942 culto-

2210 4983 2298 5023 res
2329 4983 2358 5022 e
2385 4971 2561 5023 medio
2589 4971 2924 5024 tollerentur.
2957 4972 3296 5035 Secundum,
3337 4991 3413 5030 ne
3455 4979 3578 5046 quis
3607 4988 3740 5033 nota-

2210 5061 2277 5113 rii
2302 5060 2534 5115 forensis
2567 5060 2744 5114 oﬁieio
2768 5061 3084 5133 fungeretur
3108 5073 3302 5134 praeter
3325 5064 3738 5122 Christianorum

2213 5149 2437 5212 liberos,
2470 5149 2741 5218 iidemque
2772 5151 3059 5220 prtefectus
3090 5163 3143 5210 et
3196 5155 3366 5209 duces
3398 5167 3601 5212 essent.
3633 5157 3740 5211 Ter-

2215 5242 2366 5303 tium,
2402 5252 2460 5295 ut
2491 5240 2578 5294 die
2612 5241 2916 5308 Passionis,
2937 5251 2998 5298 et
3022 5244 3195 5312 ipsum
3219 5259 3478 5313 sequente
3521 5251 3607 5302 die
3655 5249 3738 5303 νει

2211 5333 2375 5393 neris,
2401 5337 2469 5386 ab
2518 5335 2665 5386 omni
2701 5348 2865 5403 Opere
2923 5335 3261 5391 abstinerent
3319 5338 3583 5404 homines,
3631 5353 3740 5394 nere

2212 5428 2263 5478 in
2301 5425 2488 5477 iisdem
2516 5427 2758 5492 praelium
2813 5426 2981 5479 ullum
3033 5431 3484 5484 committeretur.
3523 5431 3579 5485 in
3614 5448 3737 5484 man-

2209 5516 2350 5568 datis
2372 5516 2533 5569 etiam
2569 5516 2712 5568 dedit
2770 5518 3164 5573 Constantinus
3213 5519 3508 5588 imperator
3533 5522 3736 5576 Macario

2210 5596 2458 5676 episcopo
2509 5591 3021 5677 llierosoiyuiitano,
3067 5617 3127 5664 ut
3189 5612 3425 5679 sepulcri
3482 5626 3535 5669 et
3585 5613 3733 5670 erucis
