3950 6348
159 297 269 360 1069

1540 257 1937 383 ΛΝΝΑμΕᾱ’

3123 232 3125 235 ν
3206 274 3339 340 toto

151 413 249 465 lora
279 405 624 477 perquireret,
657 415 709 460 et
737 407 1001 461 ecclesias
1038 415 1293 462 strueret.
1321 405 1467 462 Dixit
1522 409 1680 477 quin-
1707 409 1752 468 Α
1782 408 2052 480 perierat:
2091 419 2263 462 annos
2310 402 2500 476 viginti
2535 412 2645 473 tres
2702 402 2858 466 sedit,
2905 401 3029 456 dein
3092 405 3339 480 mortuus

150 501 287 555 etiam
333 499 532 553 lielena
581 497 926 552 Constantini
957 508 1173 551 mater:
1224 495 1358 551 Vovi
1416 513 1518 568 ego
1575 499 1679 550 itu-
1777 507 2064 579 est,Ann9
2101 501 2268 575 456
2309 499 2520 569 imperii
2553 496 2799 566 ejusdem
2851 495 3114 549 vicesimo
3167 473 3330 545 tertio

149 605 248 644 ram
279 606 356 644 me
401 588 774 659 Hierosolyma
818 597 874 641 nt
932 589 1247 658 perquisitis
1294 588 1427 643 locis
1478 591 1680 644 sanctis

149 683 250 749 ipsa
277 679 512 734 {adiﬁciis
533 694 747 734 ornem.
773 679 903 734 Cum
933 697 1062 749 ergo
1093 696 1338 748 magnam
1371 680 1473 749 ipsi
1507 695 1667 748 epum

145 773 330 839 cupiam
358 771 585 841 largitus
618 781 782 836 esset,
806 771 1043 842 profecta
1077 770 1158 826 est
1201 771 1361 844 5.52
1407 774 1543 841 ipsa,
1577 787 1680 826 una

145 879 252 917 cum
275 861 502 916 Macario
526 862 805 933 episc0pu,
835 863 1204 935 Hierosolyma
1217 864 1284 918 ad
1303 880 1514 920 crucem
1537 881 1683 933 qna:-

145 950 370 1012 rcndam.
402 951 492 1004 ubi
524 953 839 1007 convocatis
883 952 1194 1008 Iudaeorum
1229 941 1601 1024 Hierosolyma
1633 966 1688 1029 et

147 1047 362 1097 montem
395 1040 626 1095 Galilaete
683 1043 1040 1098 incolentium
1071 1052 1298 1098 centum
1341 1045 1495 1104 viris.
1558 1059 1681 1098 cum

142 1149 200 1187 ex
222 1134 320 1188 illis
354 1135 539 1188 decem
577 1134 872 1200 elegisset,
896 1134 1093 1189 deinde
1115 1151 1178 1189 ex
1216 1135 1349 1203 ipsis
1380 1143 1519 1197 tres,
1547 1150 1683 1198 quu-

144 1237 250 1275 rum
280 1221 365 1274 ttni
404 1237 596 1276 nomen
657 1221 846 1286 Judas,
881 1223 1089 1292 rogavit
1128 1233 1187 1277 ut
1242 1223 1343 1292 ipsi
1407 1224 1523 1276 loca
1566 1239 1688 1276 sau-

141 1321 219 1367 cta
250 1313 585 1379 indicarent;
622 1313 696 1368 illi
741 1329 869 1370 vero
910 1313 1245 1376 abnuerunt,
1302 1314 1547 1367 dicentes
1584 1314 1685 1366 sibi

141 1404 306 1458 locum
339 1412 524 1459 notum
583 1420 693 1462 non
719 1421 870 1471 esse;
929 1421 1100 1475 quare
1153 1405 1300 1474 ipsos
1359 1405 1411 1458 in
1468 1413 1684 1475 puteum

139 1512 268 1565 aqua
293 1512 535 1552 vacuum.
559 1496 816 1568 coniecit.
867 1498 959 1553 ubi
993 1512 1113 1552 eum
1149 1504 1356 1567 septem
1389 1497 1507 1552 dies
1563 1513 1686 1567 per-

140 1586 460 1642 tuansissent
511 1586 648 1640 nihil
688 1585 914 1642 edentes
947 1588 1028 1642 vel
1063 1587 1332 1649 bibentes,
1388 1586 1524 1641 dixit
1579 1599 1685 1640 ter-

139 1678 240 1731 tius
270 1677 360 1760 iile
407 1669 629 1731 nomine
683 1674 854 1732 Judas
909 1678 1076 1733 sociis
1134 1679 1288 1734 suis:
1329 1677 1487 1732 Pater
1522 1691 1686 1732 'meus

137 1767 247 1823 loca
272 1767 387 1829 illa,
422 1783 544 1836 quae
570 1768 798 1836 inquirit
826 1768 1021 1824 mulier
1066 1769 1194 1832 ista,
1247 1769 1375 1822 mihi
1408 1768 1688 1829 indicavit,

139 1873 302 1928 eaque
335 1859 477 1929 patri
537 1874 638 1916 suo
692 1862 761 1915 ab
818 1875 922 1916 aro
973 1860 1232 1915 indicata-
1274 1858 1462 1914 fuisse.
1502 1859 1692 1914 Excla-

138 1959 341 2006 tnantes
373 1965 502 2021 ergo
543 1949 737 2021 reliqui
788 1951 922 2014 duo,
983 1964 1107 2004 cum
1160 1966 1189 2004 e
1241 1959 1405 2019 puteo
1463 1949 1690 2006 extracti

135 2037 388 2120 fuissent,
423 2039 639 2095 Helena:
670 2050 992 2105 narrarunt,
1024 2039 1154 2110 quid
1208 2039 1345 2111 ipsis
1372 2052 1695 2098 narraverat

130 2129 318 2188 ludas.
353 2131 525 2198 Quem
557 2147 682 2188 cum
727 2132 909 2204 ﬂagris
962 2134 1096 2190 caedi
1156 2134 1438 2204 iussisset,
1475 2134 1693 2191 confes-

131 2238 222 2277 sus
253 2231 338 2277 est
375 2222 462 2277 ille
510 2238 570 2278 se
609 2224 804 2278 locum-
838 2238 1040 2289 nosse;
1096 2224 1481 2295 profectusque
1519 2225 1694 2280 donec

129 2313 196 2367 ad
227 2313 350 2368 loca
391 2313 481 2368 ubi
518 2325 704 2371 essent
758 2317 1068 2382 sepulcrum
1120 2327 1175 2372 et
1226 2318 1471 2373 craniunt
1508 2335 1692 2386 perve-

133 2405 371 2486 nissent,
403 2403 526 2476 (fuit
554 2413 734 2486 autem
768 2405 922 2462 locus
971 2406 1214 2463 ﬁmotum
1275 2406 1555 2478 magnum)
1590 2408 1694 2462 ibi-

128 2510 235 2565 que
263 2482 460 2564 preces
491 2482 726 2552 fundens
749 2498 886 2552 dixit
918 2497 1204 2563 :Domine,
1225 2501 1270 2554 si
1295 2497 1460 2554 fuerit
1491 2500 1545 2554 in
1574 2500 1693 2554 loco

129 2587 236 2655 isto
265 2585 603 2657 sepulcrum,
636 2585 718 2645 fac
759 2596 818 2642 ut
870 2596 1138 2644 tremente
1193 2588 1281 2643 hic
1342 2598 1484 2642 terra
1537 2594 1696 2645 exeat

129 2677 344 2740 funtus,
378 2692 487 2744 quo
521 2677 762 2732 credam.
796 2677 1086 2734 Tremente
1143 2694 1274 2750 ergo
1325 2679 1446 2734 loco
1485 2679 1697 2735 exiente

126 2769 254 2823 inde
291 2767 447 2823 fumo
477 2769 848 2834 suaveolente,
874 2770 1126 2828 credidit.
1160 2770 1406 2840 Cumque
1434 2770 1694 2840 iussisset

122 2863 334 2919 Helena
360 2863 539 2918 locum
571 2863 790 2930 pulvere
844 2864 1062 2927 nudari,
1098 2872 1481 2934 apparuerunt
1516 2866 1697 2934 sepul-

121 2971 280 3010 crum
325 2963 386 3009 et
419 2955 666 3009 cranium
703 2971 718 3011 :
760 2963 816 3010 at
843 2954 1018 3011 tribus
1073 2955 1144 3010 ibi
1205 2957 1463 3013 crucibus
1517 2973 1699 3027 reper-

1781 602 2025 647 trortuus
2053 601 2133 647 est
2162 589 2540 658 Metrophanes
2586 583 2896 655 patriarcha
2961 579 3341 636 Constantino-

1782 686 2047 753 po'itanus
2092 699 2214 739 cum
2251 692 2362 736 tres
2411 694 2585 734 annos
2623 677 2944 732 cathedram
3003 680 3338 738 occupasset,

1784 778 2066 846 factusque
2126 784 2209 830 est
2262 783 2380 841 post
2435 773 2612 841 ipsum
2678 766 2987 823 Alexander
3038 762 3342 831 patriarcha

1780 869 2450 938 Constantinopolitanus,
2497 867 2588 932 qtti
2629 871 2752 917 octo
2803 874 2975 914 annos
3016 855 3188 920 sedit',
3226 854 3345 906 dein

1784 969 2034 1015 mortuus
2067 966 2171 1014 est.
2206 957 2378 1010 Porro
2433 955 2707 1010 Eusebius
2755 949 3084 1006 Nicomedim
3139 946 3349 1014 episeo-

1784 1073 1884 1124 pus
1916 1065 1970 1110 et
2000 1056 2187 1108 socius
2224 1051 2421 1121 ipsius,
2471 1051 2796 1116 quibusuna
2831 1062 2949 1099 eum
3003 1043 3132 1097 Ario
3181 1040 3351 1093 malo-

1786 1146 2040 1198 dixerunt
2075 1144 2301 1197 trecenti
2333 1149 2385 1195 et
2436 1139 2762 1199 octodecim,
2803 1137 2867 1190 ad
2928 1134 3348 1203 Constantinum

1792 1236 2112 1291 accedentes
2143 1248 2298 1302 opem
2349 1231 2524 1300 ipsius
2569 1230 2953 1300 implorarunt,
3011 1233 3263 1293 rogantes
3295 1232 3353 1275 ut

1790 1328 2025 1395 receptis
2057 1326 2191 1396 ipsis
2248 1323 2688 1378 maledictionem
2739 1319 2947 1373 irritam
2999 1314 3243 1368 faceret:
3296 1327 3355 1366 se

1789 1421 2056 1491 siquidem
2093 1418 2223 1472 Ario
2252 1418 2476 1483 eiusque
2528 1412 2852 1469 sententiam
2897 1406 3160 1477 amplexis
3187 1403 3357 1458 male-

1789 1516 1992 1579 dicere,
2018 1513 2375 1574 eamdemque
2420 1523 2583 1578 quam
2614 1503 2871 1558 *trerenli
2922 1497 3224 1554 octodecim
3279 1494 3353 1548 illi

1789 1606 1945 1660 {idem
1975 1603 2237 1673 profiteri.
2267 1599 2519 1668 Receptis
2550 1611 2679 1664 ergo
2725 1593 2858 1662 ipsis
2881 1606 2977 1646 rex
3021 1585 3358 1642 maledictio-

1791 1707 1913 1744 nem
1943 1690 2188 1754 sustulit,
2211 1696 2265 1741 et
2301 1685 2593 1742 Eusebium
2629 1679 3102 1736 Nicotuediensem
3138 1687 3355 1730 assum-

1795 1790 1946 1852 ptum
1991 1778 2364 1850 patriarcham
2412 1769 2893 1842 Constantinopoli
2935 1766 3199 1838 praefecit.
3255 1763 3359 1818 lle-

1796 1875 1915 1930 lena
1937 1881 2116 1926 autem
2151 1869 2318 1925 misso
2376 1867 2515 1921 duce
2577 1864 2811 1936 quodam
2861 1861 3048 1915 multis
3091 1859 3362 1914 instructo

1794 1964 2032 2035 opihus,‘
2059 1961 2344 2018 ecclesiam
2382 1957 2550 2012 Rohre
2581 1955 2874 2019 exstruxit,
2896 1953 3005 2017 cui,
3027 1959 3087 2006 ut
3102 1959 3156 2006 et
3190 1947 3360 2006 eccleo

1796 2053 1894 2108 siis
1921 2050 2310 2121 Hierosolymis
2338 2046 2659 2110 exstructis,
2697 2060 2820 2099 cum
2853 2042 3017 2097 finem
3073 2040 3363 2109 imposuis-

1796 2147 1938 2204 sent,
1969 2135 2280 2196 consecrari
2348 2150 2443 2190 eas
2497 2133 2669 2189 voluit
2723 2133 3042 2200 imperator,
3083 2140 3243 2198 quem
3305 2125 3358 2179 in

1799 2233 1957 2286 finem
1986 2229 2276 2286 Eusebium
2300 2226 2665 2298 patriarcham
2696 2209 3358 2291 Constantinopolitanum

1798 2323 2165 2394 Hierosolyma
2202 2320 2469 2392 proficisci
2497 2318 2682 2388 iussit,
2733 2316 2917 2383 ibique
2978 2314 3358 2382 episcoporum

1795 2415 2088 2472 concilium
2117 2414 2356 2470 indicere
2381 2418 2438 2465 ut
2475 2411 2715 2464 locorum
2765 2403 3159 2461 consecrationi
3191 2402 3362 2458 inte-r-

1795 2521 1998 2567 essent.
2065 2507 2402 2578 Scripsitque
2464 2501 2860 2559 Constantinus
2930 2501 3225 2568 imperator
3294 2495 3360 2548 ad

1797 2602 2157 2658 Athanasium
2187 2597 2552 2668 patriarcham
2597 2590 3031 2647 Alexandrinum
3073 2595 3132 2641 ttt
3160 2594 3216 2640 et
3249 2584 3364 2654 ipse

1797 2690 2126 2748 detlicationi
2161 2688 2249 2743 isti
2289 2687 2596 2749 interesset,
2636 2691 2694 2736 ut
2744 2683 2890 2735 dicto
2949 2693 3050 2733 suo
3096 2677 3364 2744 obseque-

1798 2794 1968 2848 retur,
1995 2797 2094 2837 nec
2120 2781 2167 2836 ei
2187 2776 2547 2852 557-559
2568 2774 2973 2844 immorigerum
2999 2786 3058 2825 se
3083 2769 3361 2838 praeberet,

1802 2891 2054 2930 monens.
2081 2867 2269 2939 Nepoti
2297 2870 2458 2923 etiam
2492 2881 2614 2931 suo,
2639 2865 2727 2920 cui
2770 2877 2965 2919 nomen
3005 2859 3360 2920 Deltnatinus,

1803 2971 1855 3022 in
1885 2966 2154 3021 mandatis
2186 2963 2355 3024 dedit,
2402 2969 2459 3016 ut
2494 2959 2782 3014 concilium
2823 2956 2954 3010 illud
2982 2954 3172 3019 adiret,
3202 2961 3363 3022 atque

119 3049 214 3154 tis,
240 3049 534 3116 Quomodo
558 3050 758 3120 (inquit
789 3048 1417 3122 Ilolena)dignoscemus
1445 3067 1692 3119 quanam
1723 3095 1768 3154 ο
1804 3060 1856 3114 in
1893 3059 2028 3113 urbe
2065 3057 2207 3128 Tyro
2245 3063 2511 3109 maneret.

119 3139 374 3211 ipsarum
394 3155 526 3196 crux
537 3141 740 3197 Christi
759 3141 944 3197 fuerit?
962 3142 1136 3212 Prope
1153 3151 1331 3198 autem
1345 3142 1699 3217 $53-$55

125 3233 270 3302 ipsis
305 3231 486 3286 adfuit
521 3233 743 3300 quidam
781 3233 970 3287 morbo
1017 3233 1305 3287 admodum
1338 3235 1488 3304 gravi
1546 3233 1700 3287 labo-

119 3339 260 3380 rans
299 3323 447 3379 adeo
483 3325 720 3379 utnulla
776 3325 970 3379 salutis
1022 3339 1148 3395 spes
1203 3324 1310 3395 ipsi
1368 3336 1696 3393 superesset,

120 3418 218 3471 cui
253 3415 529 3485 impositas
556 3431 750 3472 cruces
802 3416 974 3486 prima
1004 3425 1057 3472 et
1112 3418 1350 3472 secunda
1392 3416 1529 3470 nihil
1578 3431 1700 3485 pro-

124 3510 404 3570 fuerunt;
453 3508 855 3576 quamprimum
903 3517 1086 3562 autem
1125 3507 1282 3562 tertia
1343 3508 1450 3578 ipsi
1485 3510 1700 3565 admota

117 3597 254 3660 fuit,
284 3597 530 3652 surrexit
553 3602 789 3666 aegrotus
807 3596 997 3652 morbo
1027 3611 1128 3653 suo
1158 3598 1370 3667 penitus
1417 3599 1698 3666 liberatus,

112 3704 182 3743 ac
221 3688 459 3744 sanitati
493 3690 794 3744 restitutus.
827 3686 1151 3744 Unde’novit
1195 3688 1395 3745 Helena
1425 3707 1544 3748 eam
1593 3692 1700 3747 Do-

114 3769 268 3834 inlini
309 3780 488 3834 nostri
529 3779 756 3846 Christi,
788 3795 893 3833 non
931 3781 1051 3836 sine
1103 3783 1455 3838 veneratione
1504 3799 1702 3840 memo-

109 3871 342 3935 randi,
376 3884 592 3924 crucem
649 3868 843 3925 fuisse.
891 3869 1066 3936 Quam
1115 3887 1246 3942 ergo
1299 3873 1469 3930 thecae
1524 3890 1701 3932 aureae

108 3961 449 4033 impositam
499 3948 684 4016 secum
726 3964 1025 4031 asportavit
1058 3979 1073 4027 ;
1107 3972 1160 4020 et
1191 3970 1557 4037 quodcunque
1601 3965 1702 4022 Do-

106 4055 280 4109 mino
313 4064 507 4108 nostro
527 4052 750 4108 Christo
803 4055 1146 4110 reconditum
1180 4055 1358 4112 fuerat
1408 4057 1475 4113 ad
1529 4058 1697 4115 lilium

105 4163 288 4203 suum
328 4145 754 4217 Constantinum
786 4147 1034 4203 abduxit.
1082 4147 1495 4221 Exstructisque
1524 4147 1696 4208 eccle-

101 4241 191 4296 sia
229 4238 720 4302 Resurrectionis.
751 4249 804 4294 et
829 4241 1017 4295 cranio
1066 4249 1119 4295 et
1150 4243 1382 4298 ecclesia
1430 4245 1698 4300 Constan-

104 4333 216 4387 tini
258 4345 489 4386 reversa
514 4340 619 4396 est,
664 4331 1090 4402 inssoMacario
1129 4333 1388 4404 episcopo
1437 4335 1697 4391 Hieroso-

99 4424 316 4496 lymita
329 4437 401 4478 no
433 4423 666 4492 reliquas
687 4415 946 4480 ecclesias
970 4432 1279 4480 exstruere.

182 4512 434 4568 Factum
467 4519 551 4566 est
588 4511 689 4566 hoc
715 4526 860 4565 anno
899 4512 1111 4580 imperii
1158 4513 1504 4566 Constanttni
1555 4515 1701 4570 vice-

94 4605 262 4658 simo
292 4603 565 4658 secundo.
615 4601 785 4658 Porro
837 4619 864 4657 a
918 4613 1048 4658 nato
1093 4589 1322 4659 Domino
1365 4601 1585 4659 Christo
1631 4606 1698 4660 ad

94 4695 506 4752 inventionem
549 4695 732 4751 crucis
767 4694 894 4749 anni
948 4695 1168 4750 fuerunt
1225 4698 1450 4752 trecenti
1509 4697 1697 4768 viginti

89 4798 268 4843 octo.
332 4788 490 4842 Anno
559 4796 737 4842 autem
803 4788 1014 4857 imperii
1050 4787 1392 4844 Constantini
1440 4791 1699 4844 vicesimo

91 4883 313 4948 primo
348 4879 683 4934 constitutus
718 4889 802 4934 est
844 4880 1182 4934 Athanasius
1233 4882 1563 4949 patriarcha.
1587 4883 1700 4936 Ale-
1739 4923 1741 4925 .

89 4972 464 5036 xandrinus,
502 4973 592 5041 qui
624 4971 856 5040 scriptor
916 4972 1064 5026 fuit:
1113 4988 1287 5028 annos
1342 4963 1699 5044 quadraginta

94 5081 211 5120 sex
285 5063 462 5117 sedit.
505 5065 662 5116 Anno
720 5063 932 5132 imperii
991 5064 1165 5133 ipsius
1229 5066 1493 5121 vicesimo
1539 5068 1700 5122 tertio

87 5155 474 5212 constitutus
506 5165 588 5208 est
623 5153 869 5208 Valerius
936 5158 1246 5226 patriarcha
1303 5159 1699 5226 Antiochenus,

85 5248 197 5300 «:tti
247 5260 441 5298 annos
494 5246 742 5300 undecim
801 5244 964 5313 sedit,
1019 5250 1214 5306 deinde
1271 5261 1518 5309 mortuus
1567 5264 1700 5309 est:

84 5340 378 5394 A-rianus
410 5337 528 5391 fuit.
561 5338 718 5393 Anno
765 5339 1011 5408 eiusdem
1047 5343 1304 5399 vicesimo
1358 5359 1502 5400 nono
1531 5343 1706 5401 faetus

81 5439 191 5484 est
231 5427 622 5483 Maximianus
669 5431 960 5500 episcopus
1009 5430 1561 5504 Hierosolymitanus,
1625 5441 1706 5491 vir

90 5517 392 5580 Immitis,
417 5527 469 5571 et
525 5520 611 5573 cui
641 5521 836 5578 oculus
890 5521 1078 5579 dexter
1134 5531 1378 5593 tempore
1421 5527 1702 5583 seditionis

182 5707 201 5732 ⁷
248 5701 425 5756 Jnan.
460 5703 560 5766 1,5
594 5718 712 5770 sqq.

1870 3150 2002 3206 Cum
2056 3162 2184 3217 ergo
2217 3146 2284 3201 de
2314 3144 2730 3200 consecratione
2783 3143 2924 3196 inter
2954 3140 3102 3209 ipsos
3149 3154 3360 3194 conve-

1802 3247 1996 3310 uisset,
2027 3240 2402 3312 Hierosolyma
2435 3236 2742 3298 tendentes,
2777 3233 2831 3288 in
2866 3232 2998 3288 urbe
3047 3230 3192 3300 Tyro
3226 3245 3363 3287 eon-

1801 3336 2004 3408 gregati
2034 3341 2192 3398 sunt;
2223 3315 2314 3387 ubi
2342 3328 2634 3385 adfuerunt
2659 3325 3023 3380 Maximianus
3046 3321 3364 3378 Monocttlus

1801 3431 2093 3500 cpiscopus
2127 3422 2680 3494 Hierosolymitanus,
2731 3417 3070 3472 Athanasius
3131 3415 3364 3482 patriar-

1801 3519 1903 3573 cha
1927 3514 2351 3578 Alexandrinus,
2379 3509 2631 3566 Valerius
2664 3506 2973 3578 patriarcha
2996 3505 3366 3561 Antiochenus

1807 3626 1930 3666 cum
1989 3604 2260 3679 episcOpis
2311 3600 2683 3672 compluribus
2738 3600 3046 3668 magnaque
3083 3596 3363 3650 hominum

1805 3698 2173 3756 multitudine.
2222 3694 2346 3750 Fuit
2389 3692 2591 3749 ibidem
2639 3693 2693 3746 in
2743 3688 2978 3744 concilio
3007 3687 3230 3758 quidam
3272 3700 3368 3741 no-

1805 3775 1949 3849 mine
1977 3789 2298 3854 Eumenius,
2329 3799 2550 3857 unaque
2590 3800 2713 3840 cum
2763 3783 2882 3852 ipso
2909 3781 3094 3852 plures
3119 3780 3210 3851 qui
3253 3780 3365 3832 Arii

1803 3883 2130 3942 sententiam
2172 3879 2662 3949 amplectebantur.
2696 3871 2996 3928 Suhinnuit
3039 3885 3171 3941 ergo
3201 3868 3368 3924 Euse-

1804 3976 1919 4031 bius
1959 3970 2266 4044 patriarcha
2312 3964 2952 4035 ConstantinOpolitanus
3002 3961 3266 4016 Eumenio
3310 3967 3366 4013 ιιι

1802 4063 2150 4136 (ιυωειίοιιθηι
2173 4061 2468 4115 Athanasio
2499 4056 2822 4130 patriarchae
2849 4052 3219 4110 Alexandrino
3248 4064 3365 4104 mo-

1801 4166 1970 4212 veret.
2007 4153 2278 4210 Eusebius
2309 4151 2602 4221 siquidem,
2629 4147 2729 4203 etsi
2765 4146 2832 4200 ad
2882 4160 3063 4216 regem
3119 4157 3368 4198 reversus

1803 4249 2084 4319 professus
2133 4255 2278 4302 esset
2319 4259 2378 4299 se
2415 4242 2546 4298 Ario
2588 4240 2947 4303 contrarium,
2993 4237 3133 4292 idem
3185 4245 3365 4290 tamen

1803 4356 1926 4396 cum
1983 4341 2076 4407 illo
2131 4336 2419 4398 sentiebat,
2469 4343 2632 4401 atque
2677 4332 2980 4388 asserebat.
3049 4330 3195 4382 Dixit
3235 4343 3366 4398 ergo

1732 4423 2152 4487 DEumeuius:
2200 4429 2319 4484 Non
2376 4428 2661 4483 affirmavit
2715 4425 2878 4480 Arius
2934 4424 3217 4480 Christum
3281 4436 3368 4476 res

1805 4535 2044 4583 creasse,
2100 4535 2312 4582 verum,
2360 4533 2454 4588 per
2512 4516 2686 4586 ipsum
2741 4530 2830 4570 res
2883 4515 3057 4570 fuisse
3110 4523 3363 4566 creatas:

1806 4616 1980 4683 ipsum
2009 4613 2152 4669 enim
2183 4610 2416 4666 Verbum
2447 4623 2570 4663 esse
2598 4608 2691 4662 Dei
2724 4623 2834 4676 quo
2867 4615 3050 4662 creata
3094 4613 3222 4661 sunt
3252 4619 3365 4658 cm-

1807 4705 1917 4759 lum
1947 4710 2002 4758 et
2029 4710 2171 4756 terra
2207 4719 2220 4755 :
2253 4714 2471 4755 creasse
2506 4698 2651 4753 enim
2688 4698 2852 4764 Deum
2885 4712 2972 4750 res
3012 4711 3106 4765 per
3129 4693 3364 4747 Verbum

1808 4811 1988 4861 suum,
2021 4804 2072 4850 at
2097 4791 2333 4848 Verbum
2386 4792 2504 4856 eius
2551 4805 2637 4842 res
2678 4789 2813 4843 istas
2857 4802 2964 4841 non
3013 4799 3230 4840 creasse
3267 4801 3282 4838 :
3314 4795 3366 4838 t't

1808 4885 1950 4939 sicut
1970 4884 2108 4938 dixit
2128 4867 2388 4936 Dominus
2405 4878 2655 4932 Christus
2681 4878 2734 4931 in
2757 4877 3072 4946 Evangelio,
3101 4875 3166 4928 Et
3190 4876 3365 4928 omnia

1807 4992 1896 5045 per
1943 4975 2112 5043 ipsum
2142 4976 2372 5044 fuerunt,
2401 4982 2451 5026 et
2479 4973 2592 5024 sine
2623 4973 2733 5039 ipso
2781 4987 2883 5024 non
2923 4971 3024 5038 fuit
3057 4970 3364 5039 quidquam,

1809 5083 1988 5121 eorum
2019 5082 2136 5135 qua:
2171 5067 2405 5133 fuerunt.
2437 5064 2700 5129 Dixitque
2727 5080 2742 5116 :
2776 5063 2876 5116 Per
2921 5063 3091 5131 ipsum
3125 5062 3228 5127 fuit
3255 5061 3363 5113 vim

1803 5171 1849 5213 et
1884 5160 1988 5212 rita
2027 5158 2119 5211 lux
2147 5167 2258 5212 erat
2277 5157 2563 5209 hominum.
2593 5153 2720 5210 Item
2757 5173 2770 5208 :
2811 5154 2871 5208 In
2917 5154 3116 5207 mtme
3146 5153 3271 5223 fuit,
3316 5164 3365 5205 et

1808 5251 2031 5305 mundus
2061 5248 2225 5322 460
2255 5266 2344 5318 per
2375 5252 2544 5316 ipsum
2585 5248 2756 5316 factus
2791 5258 2865 5301 est
2895 5256 2938 5301 '.
3000 5247 3207 5301 Retulit
3235 5263 3362 5316 ergo

1805 5359 1893 5398 res
1925 5359 2015 5411 per
2062 5343 2237 5411 ipsum
2296 5340 2466 5394 factas
2518 5338 2706 5400 fuisse,
2759 5353 2861 5390 non
2915 5346 3095 5391 autem
3148 5336 3211 5409 ob
3246 5337 3363 5405 ipso

1803 5436 1971 5490 facias
2005 5449 2156 5489 esse:
2194 5431 2336 5495 llaec,
2383 5429 2586 5496 inquit,
2630 5437 2746 5482 erat
2786 5428 2897 5481 Arii
2950 5429 3238 5485 sententia.
3273 5443 3362 5481 ve-

1745 5528 1754 5538 ’
1803 5542 1920 5582 ιἰιιιι
1954 5524 2180 5581 trecenti
2210 5522 2508 5578 octodecim
2539 5519 2635 5582 illi,
2675 5518 2864 5586 inique
2896 5536 3016 5573 eum
3057 5521 3173 5588 ipso
3200 5533 3362 5585 agen-
