3950 6348
211 383 333 450 1013

207 502 346 548 rente
369 489 524 541 Petro
547 499 560 532 :
595 480 827 534 Domine,
857 481 1113 536 nunquam
1139 474 1226 527 ego

206 584 317 644 edi,
369 588 549 629 vocem
591 571 655 623 ad
692 578 814 616 eum
874 555 1109 612 secundo
1162 547 1413 602 venisse:
1465 530 1724 603 Quidquid

210 627 334 727 Deli:
363 663 622 737 purgavit,
666 671 726 709 ne
765 661 818 705 tu
857 647 1072 720 polluite
1095 642 1160 705 ¹³,
1193 653 1255 690 ac
1287 643 1368 688 ter
1409 631 1512 683 hoc
1541 627 1613 678 illi
1642 639 1728 677 re-

489 763 641 806 ocem
667 785 682 806 ,
725 743 848 798 dein
896 747 1113 790 rursum
1139 731 1190 782 in
1222 725 1421 780 omium
1456 716 1724 772 sublatum

206 941 337 1009 apud
385 949 444 988 se
474 929 782 999 perplexum
833 920 1072 974 haesisse.
1103 911 1215 965 Hoc
1237 921 1365 976 ergo
1401 905 1537 960 viso,
1563 911 1733 965 eoque

210 994 346 1097 quod
371 1024 423 1076 in
454 1016 741 1085 Evangelio
763 1027 863 1065 suo
888 1014 1076 1062 sancto
1103 1001 1239 1056 dixit
1268 994 1526 1048 Dominus
1552 994 1732 1041 uoster

208 1073 469 1173 Christus,
494 1110 858 1177 praeceperunt
881 1097 1035 1150 nobis
1065 1093 1254 1146 Petrus
1283 1095 1336 1141 et
1361 1081 1559 1136 Paulus
1587 1073 1733 1128 omni

207 1219 368 1262 carne
407 1197 651 1267 cujusvis
691 1194 905 1245 tandem
935 1179 1298 1255 quadrupedis
1351 1173 1520 1230 vesci.
1568 1179 1737 1237 quare

209 1306 261 1350 et
301 1305 494 1360 porcus
529 1279 598 1342 let
638 1291 829 1337 cmtera
890 1285 1222 1346 quaecunque
1274 1262 1528 1319 animalia
1582 1257 1739 1313 nobis

209 1381 468 1452 permissa
500 1359 644 1452 sunt.
671 1371 842 1426 Jussit
867 1381 995 1434 ergo
1038 1365 1329 1428 imperator
1371 1350 1592 1407 mactari
1622 1361 1742 1412 por-

209 1489 322 1534 cos,
351 1449 688 1542 569-5371
714 1470 1006 1522 eorumque.
1028 1465 1214 1502 carnes
1243 1455 1424 1500 coetas
1467 1443 1518 1493 in
1575 1439 1740 1492 frusta

208 1560 418 1616 concidi
452 1566 504 1608 el.
538 1555 602 1609 ad
646 1550 994 1606 ecclesiarum
1025 1550 1211 1612 portas
1247 1555 1340 1608 per
1370 1546 1538 1590 totum
1571 1533 1742 1599 ipsius

210 1665 432 1720 regnum
466 1643 748 1700 Dominico
775 1636 1054 1692 Paschatis
1097 1632 1280 1694 statui,
1324 1642 1432 1696 quo
1476 1625 1646 1679 cuivis
1679 1637 1740 1674 ex

211 1713 437 1798 ecclesia
460 1733 747 1804 egredienti
771 1728 1006 1784 buccella
1025 1724 1205 1779 carnis
1232 1718 1468 1789 porcina:
1494 1713 1736 1781 porrige-
1777 1731 1816 1783 Β

211 1840 380 1891 retur,
406 1836 461 1880 et
490 1821 729 1892 quisquis
757 1834 874 1874 eam
893 1832 996 1871 non
1018 1815 1199 1869 ederet
1220 1817 1394 1864 morte
1423 1805 1742 1860 adiceretur,

211 1934 320 1989 quo
355 1927 511 1988 pacto
537 1912 809 1969 interfecta
828 1917 908 1975 est
931 1919 1119 1972 magna
1138 1900 1416 1954 hominum
1443 1893 1748 1949 multitudo.

281 2006 597 2079 Byzantium
655 2001 816 2055 etiam
883 2009 1036 2050 muro
1075 1993 1314 2062 cinctum
1355 1983 1751 2042 Conatantinus

213 2073 509 2166 inperator
547 2083 1052 2154 Constantinopolin
1101 2079 1416 2149 appellavit,
1459 2088 1603 2129 anno
1651 2073 1755 2126 im-

213 2161 346 2255 perii
373 2183 462 2238 sui
491 2177 787 2234 tricesimo.
821 2174 990 2247 Porro
1020 2177 1227 2224 mortua
1257 2174 1343 2220 est
1369 2162 1573 2219 Helena
1611 2161 1755 2216 Con-

213 2253 442 2330 stantini
495 2275 667 2342 mater
708 2266 815 2334 jam
845 2259 1209 2330 octogenaria.
1253 2253 1548 2322 imperavit
1577 2261 1757 2307 autem

211 2359 608 2419 Constantinus
649 2368 818 2409 annos
848 2353 1068 2422 triginta
1097 2348 1257 2412 duos,
1292 2347 1416 2402 dein
1443 2344 1600 2411 obiit,
1635 2357 1757 2398 cum

210 2454 390 2496 annos
407 2438 686 2521 sexaginta
704 2435 944 2504 quinque
959 2431 1381 2504 vixisset.tribus
1397 2429 1597 2483 reiictis
1617 2426 1766 2489 (iliis,

207 2544 450 2600 quorum
480 2517 611 2581 natu
639 2526 934 2580 maximum
969 2523 1071 2575 sibi
1107 2520 1482 2589 c0gnominem
1505 2517 1773 2572 Constano

213 2583 396 2674 t'iuum
430 2616 740 2688 appellavit,
772 2602 1073 2671 secundum
1103 2583 1382 2679 de'p'atris
1411 2607 1499 2663 sui
1551 2583 1770 2660 nomine

215 2710 577 2782 Constantem
599 2746 615 2774 ,
653 2706 874 2761 tertium
912 2717 1041 2758 vero
1079 2700 1496 2763 Constantium;
1537 2709 1772 2766 quorum

213 2793 1138 2872 Constantinum,Constantinopoli
1157 2810 1174 2859 ;
1191 2790 1564 2856 Constantem,
1582 2788 1774 2842 Antio-

217 2891 363 2948 chia:
391 2887 563 2960 Syrize
593 2887 956 2951 Damascena,
988 2895 1043 2938 et
1089 2881 1358 2953 Egypto;
1398 2872 1774 2942 Constantem,

170 3055 176 3059 _
217 2981 348 3036 urbi
383 2978 569 3033 Romae
593 2975 857 3047 praefecit.
884 2974 1128 3044 Sapores
1155 2986 1283 3028 vero
1320 2970 1574 3026 [ἴοι-ωοῑί
1611 2969 1778 3035 illius,

217 3071 520 3126 Persarum
532 3028 652 3132 rex,
663 3028 849 3137 urbem
865 3028 1020 3121 Susis
1031 3065 1387 3130 exstinctam,
1397 3028 1832 3117 Choat-Saburc
1863 3028 1967 3085 “ei

217 3161 540 3231 appellavit,
573 3157 734 3214 aliam
766 3158 817 3210 in
851 3157 1069 3225 regione
1093 3153 1308 3220 Sawad,
1338 3150 1779 3216 Phiruz—Sabur;

221 3249 396 3304 urbes
436 3249 600 3304 etiam
648 3248 703 3301 in
759 3244 946 3300 Sindia
968 3253 1036 3300 et
1090 3242 1334 3310 Sejestan
1379 3243 1648 3308 condidit,
1681 3255 1782 3297 nec

216 3349 333 3389 non
383 3332 590 3386 multos
615 3327 800 3394 eﬂodit
837 3326 1052 3390 ﬂuvios,
1082 3325 1446 3398 fornicesque,
1484 3328 1540 3376 et
1578 3328 1771 3386 pontes

214 3422 517 3479 exstruxit.
538 3419 702 3475 Senio
725 3427 903 3474 autem
930 3418 1041 3488 jam
1067 3415 1322 3470 confecto
1340 3409 1620 3467 labefacta!
1645 3415 1774 3463 sunt

218 3515 396 3578 vires,
417 3520 480 3566 et
500 3509 749 3580 caligavit
777 3509 944 3573 visus,
985 3504 1292 3575 superciliis
1325 3502 1379 3557 in
1421 3501 1611 3556 oculos
1641 3513 1771 3568 pro-

218 3601 559 3658 minentibus
582 3617 598 3654 :
617 3613 786 3668 quare
814 3599 988 3667 legato
1008 3581 1351 3668 adllndorum
1373 3604 1552 3660 regem
1582 3589 1772 3655 misso,

131 3761 133 3763 ι
221 3687 501 3741 medicum
535 3643 1089 3754 αδῖριᾶᾏὲῖἷῖἷῗᾷξξ
1100 3643 1252 3750 ergo
1268 3643 1576 3748 vei—us‘artis
1607 3643 1771 3749 ὦτά

218 3776 464 3844 peritum
492 3775 777 3844 quemdam
807 3771 1024 3827 nomine
1074 3768 1360 3837 Georgium
1406 3765 1614 3821 remisit
1635 3793 1661 3829 ,-
1683 3765 1774 3834 qui

221 3869 411 3934 ipsum
457 3862 995 3940 sanitatirestituit,
1031 3860 1171 3916 adeo
1225 3868 1290 3912 ut
1329 3855 1779 3912 conﬁrmarentur

222 3956 336 4021 ipsi
365 3954 539 4014 nervi.
577 3943 1000 4020 reddereturque
1016 3951 1188 4011 visus,
1218 3955 1274 4001 et
1298 3960 1494 4016 equum
1517 3955 1778 4000 conscen-

219 4045 368 4099 dere
400 4045 622 4097 valeret.
652 4038 828 4097 Iussit
875 4054 1017 4109 ergo.
1047 4038 1202 4092 illum
1247 4037 1436 4092 urbem
1476 4022 1638 4106 quam
1671 4033 1779 4090 sibi
1825 4073 1828 4078 .

215 4136 397 4196 vellet
423 4132 759 4206 incolendam
788 4130 1007 4199 eligere.
1052 4129 1146 4183 Ille
1191 4129 1324 4183 urbe
1370 4123 1779 4186 ChOat—Sabur,

217 4239 360 4294 qua:
391 4231 448 4277 et
490 4221 661 4276 Corcb
712 4219 1038 4286 appellatur,
1083 4224 1274 4283 estque
1322 4214 1452 4269 urbs
1499 4212 1659 4276 Susa,
1707 4214 1778 4268 ibi

221 4328 409 4380 usque
445 4313 571 4372 dum
606 4323 636 4362 e
667 4309 800 4362 vivis
826 4304 1109 4362 excederet
1139 4303 1421 4358 habitavit.
1514 4319 1516 4321 ν

300 4401 504 4456 Totum
529 4405 706 4452 autem
736 4395 874 4464 quod
913 4392 1045 4447 vixit
1086 4391 1262 4446 Sabur
1317 4391 1573 4457 spatium.
1606 4405 1773 4442 anno-

222 4504 360 4543 rum
411 4491 530 4540 erat
586 4482 926 4551 septuaginta
994 4479 1258 4536 duorum;
1313 4476 1510 4542 quibus
1568 4475 1774 4527 exactis

224 4584 488 4634 mortuus
515 4584 616 4629 est.
649 4571 909 4640 Regnavit
932 4578 1050 4636 post
1087 4569 1264 4634 ipsum
1314 4566 1367 4618 in
1402 4564 1597 4619 Persas
1631 4564 1772 4618 illius

223 4668 412 4737 ipsius
443 4663 671 4718 Ardsltir
701 4661 894 4713 Sabnri
945 4658 1088 4710 ﬁlius
1130 4670 1302 4709 annos
1350 4665 1602 4722 quatuor,
1655 4654 1775 4706 dein

225 4764 487 4824 mortuus
538 4760 622 4805 est
676 4765 691 4802 :
756 4748 915 4814 idque
971 4759 1114 4798 anno
1170 4744 1380 4809 imperii
1435 4742 1778 4797 Constantini

226 4845 331 4900 lilii
397 4838 741 4897 Constantini
795 4835 1136 4890 Bummorum
1186 4833 1531 4902 imperatoris
1585 4823 1778 4901 pfinto.

222 4935 362 4990 Post
429 4931 605 5000 ipsum
663 4929 717 4983 in
795 4926 992 4981 Persas
1047 4928 1299 4992 regnavit
1371 4925 1538 4978 frater
1605 4924 1778 4992 ipsius

230 5021 419 5088 Sapor
465 5016 654 5085 Sapori
715 5015 854 5068 ﬁlius
909 5029 1076 5086 annos
1135 5011 1518 5081 quinquaginta
1570 5012 1678 5064 duo
1729 5020 1784 5064 et

234 5121 464 5162 menses
517 5113 770 5174 quatuor,
815 5104 974 5172 idque
1022 5117 1161 5155 anno
1211 5101 1359 5168 regni
1412 5096 1808 5160 Constantini,'

237 5200 338 5254 ﬁlii
378 5195 719 5251 Constantini
751 5194 1089 5258 RllllliEOI'lllll
1149 5192 1507 5259 imperatoris,
1570 5192 1784 5258 quinto.

235 5295 408 5345 Anno
457 5287 666 5355 imperii
708 5287 951 5351 ejusdem
1003 5289 1190 5350 quinto
1239 5283 1289 5334 in
1357 5283 1576 5334 fratrem
1617 5281 1790 5348 ipsius

236 5381 627 5435 Constantium
667 5377 850 5430 Bonta:
883 5378 1093 5429 irruens
1124 5374 1404 5439 praticetus
1435 5372 1654 5438 quidam
1695 5387 1791 5423 no-

239 5472 398 5525 mine
446 5469 741 5523 Maxentius
789 5469 960 5535 ipsum
1007 5467 1221 5519 occidit.
1273 5465 1389 5528 Quo
1434 5465 1615 5514 audito
1646 5464 1791 5515 Con-

239 5559 519 5616 stantinus
547 5557 884 5613 Constantini
928 5557 1066 5610 filius
1114 5555 1539 5608 missoexercitu
1593 5567 1784 5618 magno

328 5681 375 5707 "
405 5680 519 5730 Act.
553 5691 603 5733 ι,
641 5675 703 5726 13
734 5690 850 5742 sqq.

1249 422 1568 510 immundum
1598 441 1719 512 quid
1748 430 1793 490 Α
1823 431 1940 486 Max

1949 431 2175 490 cntium,
2208 429 2498 484 omnesque
2532 412 2624 481 qui
2670 423 2791 465 cum
2841 404 2934 459 illo
2966 400 3019 454 in
3067 395 3249 451 l'ratris
3277 390 3360 445 sui

1825 521 2022 577 easdem
2055 512 2457 582 conspirarant,
2502 519 2531 558 e
2575 499 2752 555 medio
2782 493 3024 556 sustulit,
3075 487 3367 552 Romaeque

1826 557 2022 577 μων...
2057 557 2457 582 ...,....,,..__-__-,

1826 617 1998 667 virum
2043 604 2328 678 quemdam
2365 595 2726 653 nominesuo
2771 583 3027 654 prtelecit.
3076 579 3230 634 Anno
3268 557 3408 626 itii--

1827 703 1959 772 perii
1988 666 2228 768 ejusdem
2269 689 2522 759 septimo,
2567 681 2742 736 factus
2770 684 2854 730 est
2901 671 3110 724 Marcus
3143 666 3370 735 patriar-

1831 795 1929 846 elta
1959 783 2250 847 Romanus,
2291 779 2385 848 qui
2421 790 2539 831 cum
2572 783 2744 824 annos
2786 766 2923 818 duos
2949 758 3200 828 sedisset,
3231 761 3378 806 mur:

1832 893 1956 937 tuus
1990 887 2093 934 est.
2143 876 2296 929 Anno
2335 866 2572 933 ejusdem
2616 873 2762 914 nono
2815 851 3143 911 constitutus
3190 841 3377 918 473-

1832 971 1992 1046 475
2040 975 2123 1042 est
2160 963 2336 1018 Julius
2365 953 2697 1029 patriarcha
2733 945 3029 1000 Romanus,
3094 933 3186 1002 qui
3218 940 3386 982 annos

2449 1042 2458 1046 “
2659 1045 2666 1046 ί
2769 1045 2776 1046 ί
2843 1038 2880 1046 μ-
2953 1026 3096 1046 ιη..-
3146 1017 3378 1046 “hu-Jan-

1836 1017 2140 1128 Iq'u'iridecim
2175 1049 2334 1106 sedit,
2365 1017 2505 1113 dein
2537 1045 2781 1091 mortuus
2803 1038 2907 1086 est.
2945 1026 3100 1080 Anno
3143 1017 3379 1090 ejusdem

2456 1120 2459 1124 ’
2770 1121 2789 1128 ·
2815 1121 2827 1128 ·
2937 1118 2948 1128 ·
3087 1127 3090 1128 ν
3139 1104 3377 1128 μευ-..ιω

1839 1104 2134 1128 ιιυη-ι-νν--π
2187 1104 2194 1106 ν
2323 1104 2330 1106 -
2447 1104 2453 1113 .

1839 1147 2092 1202 vicesimo
2144 1145 2336 1209 quarto
2390 1120 2717 1207 constitutus
2770 1118 3023 1173 Linarius
3070 1104 3412 1181 patriarcbai

1841 1239 2136 1295 Romanus,
2170 1242 2263 1283 sex
2310 1236 2480 1278 annos
2504 1199 2664 1278 sedit,
2685 1211 2808 1266 dein
2840 1212 3083 1260 mortuus
3108 1209 3212 1253 est.
3231 1197 3386 1248 Anno

1843 1324 2053 1396 imperii
2078 1285 2196 1389 ejus
2229 1313 2489 1370 vicesimo
2523 1303 2854 1361 constitutus
2903 1300 2986 1349 est
3012 1288 3246 1360 Cyrillus
3271 1285 3391 1352 cpi-_

1843 1377 2607 1486 sedpusHicrosolymitanus,
2633 1393 2725 1447 tibi
2755 1401 2878 1444 cum
2937 1391 3109 1435 annos
3150 1377 3390 1445 quinque

1843 1466 2094 1568 sedisset,
2135 1500 2290 1567 l‘ttgit.
2317 1466 2410 1548 ⁷Εο
2446 1498 2690 1555 tempore
2730 1473 3037 1545 congregati
3091 1466 3204 1522 Arii
3249 1476 3396 1516 asse-

1844 1603 1958 1661 rlte,
1990 1608 2112 1650 cum
2152 1587 2405 1645 omnibus
2433 1581 2556 1649 ejus
2579 1569 2905 1630 sententiam
2939 1558 3221 1630 amplexis,
3252 1550 3390 1619 apud

1847 1641 1958 1661 κων,
1993 1641 2112 1650 η---
2159 1641 2219 1645 ν,
2462 1641 2479 1649 _

1847 1693 2225 1756 imperatorem
2289 1668 2688 1732 Constantium,
2766 1648 2832 1713 de
2884 1654 2992 1737 Iiide
3039 1658 3092 1703 et
3130 1641 3393 1701 sententia

1849 1742 1944 1831 sua
1967 1773 2164 1843 optima
2193 1776 2422 1836 quaeque
2452 1756 2828 1827 praedicantes,
2853 1748 3144 1822 'treeentos
3171 1745 3224 1791 et
3246 1742 3394 1787 octo-

1849 1834 2020 1920 decim
2069 1834 2328 1924 illoslqui
2372 1850 2563 1904 Nicaea:
2601 1841 2988 1897 convenerant,
3029 1841 3259 1886 errasse,
3287 1834 3334 1872 et
3369 1836 3399 1874 a

1851 1969 1980 2011 vero
2021 1954 2074 2004 in
2116 1941 2403 2004 sententia
2430 1950 2529 1992 sua
2557 1932 2828 1990 deviasse,
2857 1924 2982 1978 dum
3027 1919 3225 1972 Filium
3256 1914 3402 1978 ejus-

1851 2049 1969 2100 dem
1997 2055 2118 2097 esse
2163 2031 2480 2093 substantia:
2511 2039 2632 2082 cum
2689 2019 2848 2074 Patre
2897 2014 3229 2070 assererem,
3253 2003 3398 2057 dixe-

1854 2143 1980 2191 ruttt
2009 2149 2023 2185 :
2049 2129 2216 2185 ‘Vetes
2234 2137 2358 2192 ergo
2393 2111 2693 2187 (inquiunt)
2741 2109 2858 2164 boc-
2893 2102 3024 2163 dici,
3072 2112 3197 2154 cum
3249 2107 3404 2148 error

1852 2229 1956 2291 sit;
1989 2221 2133 2294 quod
2187 2225 2240 2270 et
2289 2187 2468 2268 tacere
2511 2202 2707 2262 statuit
2741 2199 3061 2266 imperator.
3112 2187 3189 2242 Eo
3222 2194 3400 2239 autem

1855 2273 2304 2382 tet'tporesuper
2353 2298 2522 2355 cranii
2559 2287 2768 2366 '[locoJ
2818 2285 2912 2356 qui
2965 2286 3052 2336 est
3113 2273 3401 2343 Golgotlta.

1856 2404 2032 2459 medio
2059 2399 2148 2455 die
2196 2389 2449 2462 apparuit
2489 2363 2694 2439 cruxe
2743 2378 2887 2438 luce,
2929 2387 2961 2425 a
3012 2378 3156 2423 terra
3202 2363 3400 2418 emittm

1856 2506 2029 2563 usque
2073 2486 2384 2560 pertingens
2430 2485 2484 2530 et
2544 2473 2611 2526 ad
2664 2474 2905 2523 montem
2956 2461 3229 2515 Olivarum
3283 2466 3410 2522 pro-

1856 2542 2032 2646 teris—a1
2065 2542 2223 2646 cujus
2241 2542 2380 2628 lucis
2403 2563 2697 2636 splendore
2721 2555 2988 2611 occultata
3015 2559 3098 2604 est
3134 2547 3227 2600 lux
3252 2542 3406 2598 solis.

2016 2635 2231 2728 omnes,
2265 2660 2358 2732 qui
2392 2635 2451 2714 in,
2482 2655 2612 2708 urbe
2642 2641 3129 2714 Hierosolymitana
3162 2635 3406 2694 aderant,

1859 2771 1968 2817 tant
2015 2755 2196 2823 magni
2244 2731 2406 2819 quam
2467 2743 2616 2814 parvi
2673 2739 3097 2804 conspexerunt,
3147 2731 3409 2804 praesente

1859 2801 2542 2915 etiamu-C;rillo‘episcopo
2591 2801 3120 2908 Hierosolymitano;
3159 2813 3250 2883 qui
3280 2801 3411 2880 ergo

1863 2938 2058 2996 litteris
2085 2931 2268 2990 statim
2296 2905 2516 2996 scriptis
2567 2905 2949 2992 imperatorem
2996 2910 3073 2964 rei
3125 2905 3406 2960 certiorem

1971 3039 2090 3089 ens,
2113 3021 2250 3076 dixit
2273 3033 2290 3073 :
2317 2992 2436 3070 Sub
2476 3018 2631 3082 patre
2663 3009 2783 3070 tuo‘,
2813 3003 2988 3060 beata)
3010 2995 3281 3056 memoria;
3310 2992 3411 3045 im-

1866 3083 2146 3188 peratore,
2201 3105 2454 3179 apparuit
2511 3114 2648 3156 crux
2714 3092 2926 3151 Domini
2979 3087 3178 3146 Clirlsti
3241 3083 3409 3139 stellis

1866 3177 2141 3282 {efﬁgiata}
2187 3177 2368 3252 medio
2395 3191 2481 3246 die
2526 3183 2763 3247 incmlo,
2792 3195 2858 3237 ac
2901 3179 3013 3248 jam
3065 3182 3120 3230 te
3160 3177 3416 3242 regnante

2402 3280 2429 3282 _
2481 3278 2541 3282 ,Α
2787 3272 2801 3282 _
3247 3258 3412 3282 "an

1869 3258 2184 3368 adigeretur
2209 3283 2360 3353 felix)
2385 3278 2551 3353 576
2577 3272 2828 3368 apparuit
2850 3283 3014 3340 super
3036 3263 3218 3322 Cranii
3247 3258 3414 3334 [loco]

1869 3351 2066 3442 cru-xc
2105 3380 2226 3434 luce
2253 3351 2698 3443 cujus—splendor
2731 3362 2866 3418 'solis
2917 3356 3268 3429 splendorem
3299 3351 3416 3420 ipso

1870 3437 2095 3528 meridie
2125 3437 2363 3536 superat.
2385 3437 2713 3524 Litterisque
2734 3450 2847 3506 suis
2877 3447 2980 3518 ipsi
3012 3444 3185 3501 suasit
3217 3457 3283 3496 ne
3307 3437 3421 3493 Arii

1873 3561 2151 3633 ipsiusque
2195 3535 2522 3624 sequacium
2570 3540 2901 3601 sententiam
2957 3535 3377 3605 amplecteretur
3404 3567 3419 3589 ,

1872 3625 2167 3727 titpotequi
2198 3660 2229 3700 a
2260 3655 2388 3697 vero
2431 3636 2709 3695 deviantes
2751 3631 2820 3689 ad
2867 3625 3244 3682 inﬁdelitatem
3294 3632 3421 3690 pro-

1874 3713 2011 3812 lapsi
2059 3713 2264 3799 essent,
2325 3729 2525 3802 quibus
2571 3721 2925 3778 maledixerat
2968 3721 3329 3787 trecentorum
3369 3713 3443 3759 et.

1873 3828 2173 3900 octodecim
2196 3801 2600 3893 oepiseoporum
2651 3810 2942 3867 concilium
2967 3846 2982 3868 ,
3055 3801 3418 3866 omnibusque

1874 3921 1967 3993 qui
2013 3896 2153 3972 idem
2201 3927 2326 3967 eum
2382 3897 2515 3980 ipsis
2569 3907 2891 3960 assererent.
2951 3895 3246 3963 Imperator
3295 3901 3425 3954 ergo

1881 3976 2139 4077 acceptis
2173 4000 2360 4076 Cyr-illi
2403 3976 2610 4053 litteris
2664 4005 2890 4060 magna,
2940 3987 3012 4042 ob
3051 3983 3142 4037 illa
3184 3993 3304 4048 quas
3354 3976 3422 4029 ad

1877 4104 2051 4172 ipsum
2082 4069 2394 4165 scripserat,
2435 4085 2623 4163 ltetitia
2669 4081 2892 4136 affectus
2915 4085 3021 4140 est,
3064 4084 3118 4129 et
3151 4069 3218 4125 ad
3242 4082 3426 4121 verum

1879 4206 2130 4249 reversus
2163 4186 2330 4242 vetuit
2363 4179 2572 4236 admitti
2601 4175 2714 4231 Arii
2749 4170 3098 4230 sententiam.
3169 4232 3172 4234 γ

1951 4281 2028 4334 Eo
2059 4288 2300 4345 tempore
2333 4262 2833 4333 Constantinopoli,
2874 4255 3196 4323 Antiochiae,
3228 4249 3428 4308 Babcli,

1805 4361 1857 4419 D
1886 4379 1938 4423 et
1969 4338 2332 4422 Alexandriae,
2365 4354 2646 4429 przevaluit
2677 4351 2791 4407 Arii
2845 4347 3137 4409 sententia,
3163 4342 3320 4410 cujus
3369 4338 3431 4391 (i-

1873 4463 1993 4516 dem
2027 4468 2080 4513 et
2106 4453 2436 4511 sententiam
2467 4449 2559 4518 qui
2591 4446 3070 4514 amplecterentur,
3114 4436 3331 4490 nomine
3365 4432 3432 4483 ab

1873 4550 2044 4619 ipsius
2073 4546 2311 4609 nomine,
2348 4541 2501 4603 Ario,
2529 4537 2761 4591 deducto
2793 4532 2980 4586 Ariani
3017 4526 3234 4582 vocitati
3282 4530 3434 4578 sunt.

1878 4647 2033 4697 Auno
2061 4636 2268 4707 imperii
2324 4631 2626 4690 Constantii
2663 4629 2754 4682 lilii
2803 4621 3150 4679 Constantini
3197 4617 3438 4672 secundo

1879 4731 2208 4788 constitutus
2247 4736 2330 4780 est
2363 4723 2659 4794 Cyprianus
2689 4716 2994 4788 patriarcha
3041 4711 3437 4767 Antioclienus,

1889 4829 1982 4897 qui
2019 4825 2251 4888 Arianns
2275 4833 2411 4883 erat,
2444 4829 2494 4869 cl.
2528 4830 2651 4868 eam
2696 4810 2974 4865 biennium
3012 4806 3261 4866 sedisset,
3299 4816 3437 4854 tuor-

1889 4894 2017 4974 t‘uus
2054 4923 2157 4970 est.
2204 4915 2358 4966 Anno
2390 4908 2593 4977 imperii
2623 4906 2739 4974 ejus
2780 4910 2975 4970 quarto
3011 4898 3182 4951 fartus
3218 4894 3442 4948 estma-

1905 5009 2016 5064 sius
2071 5001 2377 5074 patriarcha
2423 4995 2811 5054 Autiocltenus,
2858 4992 2946 5059 qui
2997 5001 3167 5041 annos
3209 4994 3443 5052 quatuor

1898 5097 2059 5158 sedit,
2092 5095 2215 5147 dein
2264 5099 2511 5143 mortuus
2551 5095 2654 5136 est.
2699 5081 2794 5135 llic
2825 5082 2987 5134 etiam
3036 5080 3270 5129 Arianus
3322 5076 3441 5125 fuit.

1897 5190 2050 5240 Anno
2073 5182 2312 5252 ejusdem
2345 5189 2530 5232 octavo
2581 5174 2754 5228 lactus
2784 5183 2866 5224 est
2896 5169 3174 5223 Eustatius
3217 5166 3445 5234 patriar-

1890 5279 1988 5332 cha
2014 5274 2405 5333 Antiocltenns,
2454 5269 2544 5336 qtti
2599 5279 2769 5317 annos
2810 5263 3046 5330 quinque
3096 5259 3256 5315 sedit.
3308 5256 3430 5307 dein

1897 5378 2145 5421 mortuus
2173 5372 2294 5418 est:
2342 5363 2431 5430 qui
2485 5359 2647 5413 etiam
2708 5357 2962 5408 Ariantts.
3008 5356 3160 5404 Anno
3204 5347 3440 5418 ejusdem

1895 5460 2104 5512 decimo
2136 5458 2293 5510 tertio
2323 5461 2538 5506 creatus
2565 5461 2645 5505 est.
2682 5448 2789 5502 Leo
2815 5447 3121 5515 patriarcha
3157 5443 3423 5494 Antioche

1917 5568 2038 5612 nus,
2074 5553 2182 5616 ipse
2216 5549 2371 5600 etiam
2405 5545 2655 5604 Atiantts,
2693 5543 2783 5593 ubi
2831 5553 3020 5592 novent
3081 5549 3245 5590 annos
3288 5531 3447 5590 Srtlil,
