3950 6348
559 223 693 286 1015

1573 202 1940 299 EUTYCHII
1983 225 2518 302 ALEXANDRINI
2553 243 2771 305 pars.

3633 248 3730 314 ltlll}

550 353 676 406 dein
734 363 982 411 mortuus
1017 369 1118 414 est.
1167 362 1466 431 Imperator
1515 363 1876 439 $77-$79
1925 382 2092 423 autem

2201 325 2384 415 ipsum
2436 348 2744 406 trucidan'di
2795 351 3000 416 animo,
3056 351 3233 407 adorti
3290 358 3438 407 sunt.
3491 352 3731 419 Quicum

557 444 723 499 misso
775 445 1042 513 Eudoxio,
1083 451 1233 506 urbis
1282 453 1547 510 Jermana:
1599 458 1878 528 episcopo,
1927 460 2105 530 ipsum

551 535 852 590 Antiochiae
898 541 1264 606 patriarebam
1317 545 1574 613 praefecit.
1609 547 1962 606 .Maniehzens
2019 553 2106 608 hic

555 635 702 690 erat;
739 629 986 683 eumdem
1037 647 1159 685 cum
1193 635 1467 690 biennium
1503 640 1804 695 Antiochia:
1846 643 2104 707 sedisset,

552 714 844 784 imperator
871 719 1381 792 ConstantinOpolin
1430 731 1726 793 transtulit,
1779 730 1868 784 ubi
1919 732 2104 788 decem

549 810 706 862 annis
739 824 963 866 munere
1005 815 1355 882 patriarchali
1403 817 1623 875 functus
1657 830 1760 885 est,
1794 823 1918 878 dein
1965 841 2108 880 mor-

550 906 696 950 tuus.
724 895 882 953 Anno
911 901 1172 958 vicesimo
1214 907 1456 962 secundo
1492 910 1702 978 imperii
1757 911 1928 981 ipsius
1974 930 2108 969 con-

546 987 769 1042 stitutus
809 999 893 1046 est
951 993 1284 1052 Athanasius
1340 1000 1646 1066 patriarcha
1693 1003 2104 1070 Antiochenus.

544 1077 638 1146 qui
668 1089 720 1133 et
757 1079 1086 1138 Manichacus
1116 1085 1246 1153 fuit;
1280 1089 1376 1142 ubi
1407 1107 1527 1145 cum
1557 1101 1792 1160 quatuor
1813 1109 1987 1151 annos
2014 1112 2108 1152 se-

545 1164 737 1231 disset,
789 1181 1037 1228 mortuus
1086 1188 1189 1230 est.
1235 1175 1381 1232 Idem
1437 1197 1528 1234 rex
1572 1197 1718 1237 anno
1769 1184 1980 1254 imperii
2021 1187 2105 1242 sui

545 1257 742 1325 primo,
794 1259 963 1316 Paulo
1017 1268 1329 1334 patriarcha
1381 1271 1992 1348 Constantinopolitano
2053 1278 2106 1333 in

544 1350 793 1404 exsilium
846 1354 1036 1421 misso,
1089 1359 1204 1413 vice
1232 1359 1350 1427 ejus
1383 1363 1700 1426 Eusebium.
1732 1368 1891 1422 etiam
1939 1369 2110 1426 Mani-

545 1438 775 1503 chteum,
825 1445 1188 1512 patriarcham
1225 1441 1440 1506 ibidem
1490 1457 1807 1519 constituit;
1853 1461 1946 1530 qui
1984 1478 2105 1516 cum

547 1537 657 1585 tres
684 1547 857 1589 annos
884 1537 1141 1601 sedisset,
1174 1552 1428 1599 mortuus
1459 1555 1563 1600 est.

609 1619 728 1689 Quo
771 1641 901 1693 ergo
941 1639 1192 1696 mortuo,
1251 1635 1551 1705 imperator
1595 1639 1823 1694 Paulum
1877 1646 2109 1710 patriar-

537 1713 722 1782 cham,
758 1733 786 1770 a
827 1735 884 1774 se
923 1720 1133 1790 pridem
1170 1725 1492 1792 relegatum,
1534 1731 1807 1786 cathedrae
1851 1748 1966 1787 sua:
2021 1750 2109 1787 re-

539 1804 738 1867 stituit.
774 1823 937 1878 quam
975 1819 1088 1868 tres
1123 1830 1293 1869 annos
1325 1822 1637 1887 occupavit,
1685 1822 1810 1876 dein
1853 1833 2107 1879 mortuus

535 1905 637 1949 est.
676 1902 835 1954 Anno
881 1903 1096 1973 imperii
1144 1907 1389 1974 ejusdem
1419 1911 1632 1966 decimo
1663 1915 1995 1970 constitutus
2023 1926 2108 1971 est

540 1981 890 2048 Macedonius
935 1997 1244 2063 patriarcha
1294 1999 1960 2074 Constantinopolitanns,
2007 2015 2108 2076 qui

539 2079 803 2146 Spiritum
857 2098 1109 2142 sanctum
1147 2101 1391 2147 creatum
1441 2110 1561 2150 esse
1608 2102 1882 2164 asseruit;
1919 2102 2103 2156 deet-m

535 2185 710 2256 annos
761 2174 928 2238 sedit,
966 2177 1092 2231 dein
1132 2185 1385 2238 mortttus
1421 2193 1526 2238 est.
1568 2186 1725 2242 Anno
1761 2176 1972 2256 imperii
2017 2192 2102 2244 sui

534 2254 801 2312 vicesimo
843 2263 1020 2329 primo
1052 2265 1352 2335 imperator
1387 2270 1695 2328 Eudoxiutn
1733 2254 2101 2346 patriarchatn

533 2345 930 2405 Antiochenum
961 2393 977 2417 ,
1027 2354 1542 2430 ConstantinOpolin
1591 2345 1938 2427 translatum.
2003 2369 2107 2422 ibi-

435 2507 443 2518 .
532 2439 654 2493 dem
689 2443 1055 2511 patriarcham
1085 2453 1377 2505 constituit
1415 2472 1428 2508 :
1465 2456 1563 2509 fuit
1597 2457 1683 2512 hic
1729 2459 2098 2525 Manichzens;

531 2532 715 2587 decem
772 2549 946 2592 annos
1002 2541 1184 2605 sedit,
1240 2543 1368 2598 dein
1435 2540 1686 2602 mortuus
1739 2558 1843 2603 est.
1902 2551 2094 2616 Porro,

530 2620 772 2694 Egyptii
808 2635 978 2695 atque
1018 2631 1401 2694 Alexandrini.
1432 2652 1555 2690 cum
1589 2641 1838 2707 plerique
1907 2625 2094 2696 Ariani

529 2724 583 2770 et
636 2715 916 2772 Manichaei
970 2730 1192 2783 essent.
1252 2725 1471 2795 Egypti
1535 2739 1697 2798 atque
1756 2733 2099 2788 Alexandriae

529 2809 790 2864 ecclesias
814 2825 1154 2881 occupantes
1185 2814 1354 2887 $80
1387 2834 1479 2872 eas
1509 2830 1824 2884 tenuerunt.
1858 2840 1958 2878 nec
1989 2842 2094 2880 non

534 2899 587 2952 in
618 2901 981 2957 Athanasium
1017 2906 1390 2974 patriarcham
1428 2910 1880 2978 Alexandrinum,
1919 2916 2092 2985 ipsum

2213 441 2337 509 fuga
2368 457 2425 496 se
2455 443 2524 496 ab
2557 443 2688 512 ipsis
2719 443 3030 512 eripuisset,
3065 443 3140 497 illi
3169 443 3476 498 ileraclium
3515 442 3735 501 Hieroso.

2211 533 2367 603 lymis
2391 536 2703 602 episcopum
2740 534 3094 603 praefecerunt
3113 573 3130 600 ,
3159 533 3263 589 fuit
3291 537 3339 592 is
3372 536 3632 598 Arianus,
3657 547 3738 594 tm

2211 637 2384 676 annos
2417 625 2582 686 sedit,
2615 624 2740 678 dein
2771 635 3020 679 mortuus
3049 633 3156 678 est.
3181 625 3340 681 Anno
3381 625 3592 696 imperii
3624 629 3739 695 ejus-

2208 711 2329 765 dem
2382 713 2623 767 secundo
2673 722 2893 768 creatus
2943 722 3029 768 est
3079 712 3403 770 Meletianus
3461 718 3738 786 patriarcha

2207 803 2602 868 Antiochenus,
2651 805 2746 875 qui
2794 805 3130 860 orthodoxus
3181 804 3315 869 fuit;
3344 822 3518 862 annos
3577 808 3734 877 viginti

2207 895 2450 964 quinque
2496 895 2660 958 sedit,
2712 896 2872 964 cujus
2920 896 3260 966 praefectura:
3320 912 3464 952 anno
3513 900 3743 956 vicesiqu

2210 986 2390 1055 primo
2421 987 2759 1060 celebratum
2812 996 2895 1043 est
2951 987 3430 1056 Constantinopoli
3481 995 3742 1046 concilium

2209 1078 2535 1133 secundum.
2561 1075 2674 1134 Sub
2699 1079 2801 1134 hoc
2833 1081 3160 1151 imperatore
3191 1082 3502 1153 patriarcha
3531 1085 3747 1138 Alexan-

2207 1169 2400 1225 drinus
2427 1169 2528 1224 fuit
2556 1171 2917 1237 Athanasius;
2951 1172 3593 1242 Constantinopolitanus
3617 1216 3632 1239 ,
3659 1177 3735 1230 liu-

2210 1257 2417 1314 doxius
2466 1259 2828 1325 Manichmus;
2890 1259 3185 1325 Romanus,
3245 1261 3516 1316 Linarius.
3573 1261 3746 1318 Eodem

2208 1349 2512 1420 imperante
2565 1351 2750 1407 floruit
2796 1352 3030 1408 Basilius
3083 1353 3344 1410 Cesareae
3392 1353 3749 1425 Cappadocia.

2207 1458 2330 1512 qua:
2381 1443 2434 1496 in
2495 1443 2866 1499 Romanorum
2904 1445 3111 1500 ditione
3142 1454 3246 1507 est.
3295 1444 3627 1516 episcolms;
3671 1462 3752 1501 nec

2210 1517 2322 1588 non
2364 1533 2696 1612 Gregorius_,
2742 1534 2979 1591 Naziuu
3030 1535 3325 1604 episcopus
3352 1549 3368 1587 :
3396 1535 3549 1589 urbis
3596 1543 3753 1588 autem

2211 1627 2368 1680 istius
2425 1624 2659 1680 Naziazu
2713 1626 2911 1683 incolze
2959 1640 3152 1680 omnes
3197 1624 3346 1680 Sabii
3405 1636 3584 1680 erant.
3633 1625 3750 1679 Cum

2217 1731 2346 1786 ergo
2377 1715 2669 1786 Gregorius
2715 1717 3008 1785 episc0pus
3058 1717 3435 1771 Nazianzenus
3478 1715 3758 1771 orationem

2226 1807 2452 1862 haberet
2507 1807 2561 1862 in
2614 1806 2789 1860 Natali
2844 1807 3048 1862 Christi
3111 1807 3322 1861 Domini
3379 1809 3576 1868 nostri,
3623 1805 3760 1874 cujus

2218 1899 2377 1954 initio
2431 1899 2681 1954 diceret:
2717 1896 2889 1967 Natus
2946 1909 3029 1972 est
3077 1897 3376 1961 Christus,
3440 1897 3761 1967 gloricate;

2216 1990 2471 2044 Christus
2520 1989 2588 2044 de
2642 1988 2806 2054 cmlo,
2851 1991 3124 2059 excipite;
3181 1989 3435 2044 Christus
3479 1989 3534 2044 in
3593 1997 3759 2050 terra,

2215 2081 2487 2147 exaltate;
2523 2097 2757 2152 eamque
2790 2097 2974 2138 coram
3012 2083 3144 2152 ipsis
3197 2082 3503 2146 recitasset,
3560 2081 3596 2136 ii
3648 2079 3761 2135 illn-

2216 2175 2411 2228 denles
2441 2175 2618 2242 ipsum
2648 2173 2879 2229 irridere
2913 2184 3216 2242 cmperunt.
3248 2172 3386 2227 Cum
3413 2187 3541 2242 ergo
3573 2171 3761 2232 adven-

2217 2275 2424 2322 tassent
2484 2266 2783 2337 Epiphania
2832 2265 2993 2320 aliam
3041 2266 3204 2320 etiam
3470 2265 3760 2320 orationem

2213 2357 2542 2426 composuit,
2594 2356 2647 2409 in
2681 2370 2788 2425 qua
2820 2355 3111 2409 Sabiorum
3144 2355 3465 2421 religionem
3509 2354 3761 2412 traduxit,

2214 2449 2474 2518 ipsosque
2528 2448 2742 2515 probris
2793 2441 2993 2512 affecit,
3032 2461 3152 2501 eam
3204 2447 3411 2503 scilicet
3465 2447 3572 2502 sub
3616 2446 3762 2515 cujus

2213 2541 2431 2594 initium
2491 2539 2666 2593 dicit:
2703 2536 2942 2592 Rursum
2995 2537 3155 2593 Iesus
3205 2553 3392 2599 meus.
3444 2549 3500 2592 et
3552 2553 3760 2592 rursum

2213 2631 2551 2700 mysterium.
2590 2629 2859 2699 Tempore
2903 2631 3065 2684 etiam
3113 2629 3315 2685 Juliani
3361 2641 3628 2700 apostata:
3672 2632 3760 2684 llo.

2211 2725 2322 2777 ruit
2354 2723 2504 2775 Anba
2541 2722 2832 2787 Antonius.
2874 2723 2966 2791 qui
2998 2722 3209 2791 primus
3237 2732 3352 2776 erat
3383 2722 3761 2776 monachorum

2209 2813 2428 2884 )
2492 2815 2766 2868 desertum
2832 2813 3210 2875 incolentium,
3275 2813 3365 2868 ubi
3425 2814 3761 2867 monasteriis

2206 2907 2500 2960 exstructis
2531 2904 2827 2960 monachos
2879 2907 3252 2975 congregavit.
3304 2903 3412 2960 Nec
3459 2919 3567 2958 non
3617 2903 3759 2957 Anba

531 2991 841 3046 trucidandi
875 2996 1082 3062 animo,
1111 2998 1413 3062 irruerunt,
1437 3002 1523 3056 ille
1553 3019 1684 3058 vero
1712 3005 1836 3076 fuga
1865 3008 1934 3062 ab
1965 3010 2097 3076 ipsis
2211 2999 2428 3053 Flavius
2478 2999 2530 3051 in
2590 2997 2748 3069 Syria
2793 2998 2886 3067 qni
2941 2997 3148 3066 primus
3203 3007 3319 3052 erat
3371 2997 3757 3054 monachorum

529 3081 774 3152 dilapsus
823 3085 1078 3150 delituit,
1128 3104 1252 3143 cum
1299 3091 1410 3159 jam
1463 3109 1689 3151 munere
1745 3100 2090 3166 patriarchali

437 3192 448 3214 .
529 3173 715 3228 decem
763 3176 922 3232 annis
964 3177 1181 3235 functus
1234 3179 1465 3248 fuisset;
1524 3187 1972 3257 constitutusqne
2013 3200 2092 3244 est

533 3263 846 3334 Gregorius,
876 3268 967 3337 qtti
997 3268 1331 3327 Maniehreus
1365 3273 1484 3337 fuit,
1521 3277 1826 3342 patriarcha
1856 3281 2091 3334 Alexan-

533 3352 750 3412 drinus.
787 3355 880 3421 qui
911 3370 1088 3412 annos
1125 3358 1313 3413 decem
1350 3363 1513 3426 sedit,
1546 3364 1670 3418 dein
1705 3378 1952 3423 mortuus
1981 3379 2087 3424 est.

532 3443 629 3496 ltlo
662 3454 896 3511 mortuo,
949 3448 1285 3506 Athanasius
1341 3457 1651 3523 patriarcha
1688 3457 2090 3515 Alexandrinus

531 3536 584 3589 in
617 3536 790 3591 locum
832 3553 992 3593 suum
1032 3557 1304 3609 reversus,
1341 3553 1454 3600 tres
1484 3561 1658 3603 annos
1692 3550 1854 3605 sedit.
1887 3549 2085 3607 Eodem

528 3636 770 3696 tempore
790 3627 1267 3700 Constantinopoli
1293 3635 1674 3691 Alexandriam
1702 3641 1924 3696 veniens
1950 3656 2088 3710 pra:-

529 3717 703 3774 iectus
732 3720 957 3788 quidam
993 3725 1217 3780 nomine
1250 3725 1534 3796 Syrianus,
1567 3730 1658 3797 qui
1693 3731 1932 3786 Arianns
1958 3733 2082 3798 fuit,

525 3811 883 3866 Athanasium
918 3816 1288 3883 patriarcham
1320 3819 1373 3872 in
1406 3820 1583 3874 locum
1607 3824 1902 3890 quemdam
1929 3824 2088 3880 Tibe-

525 3901 673 3955 riada
739 3905 942 3959 dictum
1000 3907 1301 3976 relegavit,
1365 3913 1672 3978 patriarcha
1739 3916 2084 3971 Alexandria!

523 3996 819 4049 constituto
867 3998 1133 4066 Gecrgio,
1186 4001 1274 4067 qui
1312 4001 1549 4057 Arianns
1621 4005 1740 4069 fuit,
1797 4021 2082 4076 annosque

526 4096 620 4135 sex
654 4084 810 4136 sedit.
851 4083 981 4156 Dein
1018 4087 1150 4141 abiit
1182 4088 1448 4158 Syrianns
1492 4091 1780 4159 prtefeetus
1811 4093 2085 4149 Constan-

525 4172 790 4237 tinOpolin
829 4173 1136 4241 petiturus;
1172 4192 1281 4241 quo
1316 4162 1637 4231 Alexandria
1667 4181 1911 4246 prolecm
1934 4181 2084 4236 urbis

523 4263 642 4325 ejus
668 4264 858 4317 incolae
881 4264 1167 4320 Melchiani
1191 4267 1479 4337 Georgium
1501 4271 1860 4337 patriareham
1882 4272 2079 4335 adorti,

2205 3089 2462 3144 Iordanis
2507 3087 2780 3144 desertum
2826 3088 3179 3144 incolentium
3211 3099 3265 3143 et
3315 3089 3369 3143 in
3414 3090 3534 3159 ipso
3576 3104 3758 3143 mona-

2201 3181 2334 3235 ehos
2363 3178 2609 3247 collegit,
2641 3187 2694 3233 et
2729 3180 3064 3234 monasteria
3104 3180 3334 3248 locaque
3366 3179 3757 3252 quamplurima

2198 3270 2495 3324 exstruxit.
2527 3267 2846 3324 Nuntiatum
2887 3282 3068 3324 autem
3102 3279 3186 3326 est
3227 3269 3448 3325 Iuliano
3499 3278 3760 3338 apostata:

2200 3362 2515 3430 imperatori
2566 3362 2828 3415 statuisse
2859 3361 3119 3431 Saporem
3169 3362 3390 3430 Saporis
3422 3361 3593 3416 filium
3633 3360 3757 3414 Per

2198 3467 2383 3512 ;arum
2434 3465 2637 3519 regem,
2681 3451 2854 3519 ipsum
2913 3452 3051 3506 bello
3096 3452 3338 3523 aggredi.
3373 3454 3588 3508 Paratis
3635 3469 3760 3522 ergo

2197 3542 2371 3611 t-opiis
2425 3540 2708 3609 proiectus
2761 3549 2844 3595 est
2891 3539 3143 3596 Julianus
3192 3543 3295 3612 ipsi
3347 3545 3400 3596 in
3447 3536 3755 3599 occursitm.

2196 3633 2381 3688 Pravae
2413 3641 2594 3686 autem
2623 3637 3067 3689 conversationis
3094 3635 3290 3704 ipsius,
3317 3635 3568 3705 deique-
3589 3653 3653 3690 ac
3678 3635 3760 3688 in-

2196 3726 2458 3779 tentionis
2489 3725 2644 3780 make
2676 3726 2874 3794 gratia.
2908 3729 3167 3796 quodque
3201 3729 3456 3783 homines
3487 3732 3558 3784 ad
3585 3728 3759 3782 idolo-

2196 3819 2407 3869 latriam
2465 3817 2743 3885 impellere
2793 3817 3060 3881 studeret,
3113 3817 3317 3874 factum
3350 3828 3429 3874 est
3586 3820 3754 3887 ipsum

2192 3906 2378 3974 praelio
2431 3905 2706 3960 devictum
2771 3908 3098 3963 intertlceret
3164 3907 3400 3979 Sapores
3460 3911 3750 3966 Persarum

2191 4012 2306 4060 rex,
2336 4012 2698 4067 magnamque
2729 4000 3050 4068 sequacium
3086 4001 3258 4071 ipsius
3284 4009 3521 4072 stragem
3550 4002 3755 4059 ederet.

2190 4087 2463 4142 Memoriae
2491 4099 2672 4143 autem
2711 4090 2945 4159 prodidit
2975 4091 3207 4147 Basilius
3244 4091 3504 4149 Caesareae
3545 4095 3747 4164 Cappa-

2189 4181 2362 4234 dociae
2393 4181 2709 4249 episcopus.
2738 4197 2796 4236 se
2819 4182 2942 4236 loco
2973 4199 3074 4238 suo
3099 4185 3376 4240 sedentem
3409 4197 3538 4240 ante
3566 4187 3754 4242 oculos

2192 4270 2429 4322 tabulam
2483 4269 2742 4325 habuisse
2795 4271 2848 4324 in
2907 4288 3012 4340 qua
3063 4273 3280 4342 depicta
3333 4284 3451 4329 erat
3498 4275 3750 4331 Mercurii

528 4358 703 4419 ipsum
756 4357 1103 4421 interiecmm
1143 4360 1266 4428 igne
1319 4372 1666 4426 cremarunt,
1724 4379 2083 4432 reversusque

2201 4359 2443 4427 :nartyris
2495 4358 2731 4428 elligies;
2796 4361 2924 4413 dum
2984 4377 3113 4415 vero
3167 4365 3406 4418 tabulam
3462 4366 3750 4434 inspiceret

521 4458 598 4500 est
638 4448 690 4499 in
742 4450 915 4501 locum
956 4465 1128 4502 suum
1185 4451 1537 4507 Athanasius.
1593 4453 1795 4508 Eodem
1840 4465 2084 4524 tempore

525 4541 782 4603 pl'OCt'uiS
831 4541 1094 4608 agitatum
1148 4559 1295 4596 mare
1346 4548 1508 4598 multa
1546 4546 1888 4600 Alexandria:
1936 4547 2079 4609 loca,

527 4643 621 4677 nec
676 4643 780 4681 no
836 4632 1120 4694 ecclesias,
1159 4647 1298 4700 aqua
1333 4634 1535 4688 obruit.
1585 4635 1728 4690 Obiit
1758 4645 1937 4691 autem
1978 4638 2079 4689 im-

524 4726 738 4782 perator
768 4719 1124 4777 Constantius
1163 4722 1506 4777 Constantini
1544 4726 1684 4779 illius
1733 4742 1856 4780 eum
1911 4728 2083 4797 impe-

525 4811 660 4860 rium
695 4826 865 4865 annos
902 4813 1089 4879 viginti
1123 4822 1356 4881 quatuor
1387 4826 1723 4883 orcupasset.

599 4898 721 4952 Post
772 4918 927 4969 qnetn
988 4903 1039 4955 in
1101 4903 1378 4957 Romanos
1427 4908 1562 4960 duos
1611 4923 1784 4962 annos
1830 4910 2078 4976 regnavit

523 4991 769 5045 Julianus
807 4994 1095 5060 imperator
1119 4995 1206 5061 qui
1237 4997 1391 5049 dem
1423 4997 1727 5065 abnegavit,
1748 5000 1910 5068 idque
1935 5016 2078 5054 anno

524 5083 667 5147 regni
707 5082 929 5149 Saporis
967 5084 1057 5134 lilii
1085 5084 1308 5152 Saporis
1330 5084 1620 5140 Persarum
1651 5090 1794 5156 regis
1818 5091 2076 5142 vicesimo

523 5173 712 5234 ptimo.
763 5172 1060 5238 Imperator
1093 5175 1193 5227 iste
1231 5175 1497 5237 Julianus,
1547 5178 1650 5230 lide
1685 5177 2074 5249 $81-$83

517 5261 821 5311 Christiana
857 5261 1146 5330 abnegata,
1177 5265 1425 5317 homines
1459 5267 1524 5318 ad
1564 5267 1829 5319 idolorum
1864 5270 2070 5320 cultum

521 5348 776 5401 reducere
816 5351 1048 5410 studuit,
1093 5368 1452 5421 magnamque
1489 5366 1786 5423 martyrum
1823 5359 2073 5410 multitu-

517 5440 696 5488 dinem
730 5447 901 5489 morte
930 5439 1133 5492 all'erit.
1168 5443 1324 5493 Anno
1370 5444 1577 5509 imperii
1616 5444 1734 5511 ejus
1779 5445 1973 5511 primo,
2007 5459 2068 5498 ex

515 5527 708 5579 int-olis
750 5528 1285 5598 llierosolymdrum,
1345 5535 1438 5596 qui
1492 5535 1601 5586 Arii
1658 5547 1836 5602 partes
1873 5552 2070 5603 seque-

522 5621 736 5684 bantur,
784 5620 1040 5690 Cyrillum
1094 5622 1403 5691 episcopum
1480 5627 2065 5694 llietosolymitanum,

2189 4446 2532 4514 disparnissc
2579 4449 2837 4519 martyris
2871 4449 3099 4520 eigiem
3131 4469 3144 4504 :
3174 4455 3317 4522 quod
3353 4455 3478 4509 dum
3517 4456 3605 4509 ille
3649 4458 3747 4508 mi-

2189 4546 2428 4598 raretur,
2471 4547 2592 4606 post
2626 4541 2900 4595 tnodicutn
2933 4544 3194 4610 temporis
3234 4545 3472 4611 Spatium
3502 4548 3744 4600 eamdem

2186 4630 2238 4682 in
2273 4631 2510 4683 tabulam
2545 4633 2794 4699 rediisse,
2827 4643 2986 4703 atque
3021 4634 3376 4708 $85-$87
3404 4638 3458 4692 in
3489 4656 3745 4694 mucrone

2186 4721 2385 4774 lanceae
2410 4723 2603 4789 quat-in
2631 4725 2872 4790 praedicti
2898 4729 3154 4796 martyris
3181 4744 3341 4782 manu
3377 4731 3591 4798 depicta
3618 4732 3741 4791 fuit,

2467 4814 2596 4881 quid
2633 4815 2810 4869 simile
2844 4815 2967 4869 fuit.
3002 4818 3122 4884 Quo
3154 4822 3345 4889 majori
3381 4825 3741 4878 admiratione

2184 4920 2496 4971 percussus.
2536 4906 2771 4961 Basilius
2807 4910 3101 4978 episcopus
3133 4913 3395 4969 confusus
3430 4917 3604 4980 haesit,
3639 4918 3737 4970 do-

2183 5010 2280 5046 nrt:
2325 4995 2426 5062 ipsi
2473 4999 2817 5051 nuntiaretur
2867 4998 3145 5052 Julianunt
3201 5013 3497 5069 apostatam
3553 5005 3736 5058 eadem

2181 5083 2313 5135 hora
2367 5087 2421 5137 in
2480 5088 2667 5154 praelio
2724 5090 3026 5153 occidisse;
3071 5093 3212 5145 unde
3271 5094 3500 5148 Basilius
3551 5110 3732 5149 notum

2183 5175 2371 5228 habuit
2414 5181 2609 5243 ipsum,
2647 5179 2716 5232 ob
2743 5195 2996 5248 magnum
3028 5199 3138 5252 quo
3188 5185 3522 5239 christianos
3552 5204 3734 5255 prose-

2180 5277 2338 5320 cutus
2395 5279 2474 5320 est
2549 5270 2758 5332 odium,
2816 5288 3090 5340 quemque
3139 5289 3457 5340 promovere
3504 5288 3732 5332 conatus

2176 5369 2257 5410 est
2291 5359 2554 5412 idolorum
2605 5363 2834 5427 cultum,
2889 5380 2914 5414 a
2968 5363 3234 5418 Mercurio
3283 5379 3518 5438 martyre
3565 5371 3731 5424 inter-

2177 5445 2371 5499 fectum
2383 5487 2396 5500 .

2249 5537 2440 5591 Occiso
2468 5538 2681 5594 Juliano
2715 5543 3043 5609 imperatore
3085 5552 3350 5610 apostata,
3383 5558 3505 5614 post
3550 5550 3725 5619 ipsum

2178 5625 2435 5681 Romanis
2468 5647 2665 5686 annum
2705 5650 2872 5688 umtm
2907 5635 3186 5702 imperavit
3214 5635 3516 5702 Jovianus;
3569 5640 3725 5706 idque
