3950 6348
84 278 192 340 1017

1385 270 1791 344 ~=ANNALES

3092 277 3221 344 1318

77 407 194 446 anno
225 389 361 457 regni
412 389 634 451 Saporis
685 389 778 444 filii
831 390 1055 462 Saporis
1106 393 1393 448 Persarum
1431 381 1574 466 regis
1604 379 1653 450 Î‘
1681 397 1916 466 nus,qui
1946 395 2090 451 Petri
2113 395 2444 466 patriarchae
2474 392 2822 451 Alexandrini
2860 388 3221 445 antecessoris

81 481 304 538 vicesimo
332 479 528 546 primo.
560 479 686 534 Fuit
731 480 994 536 Iovianus
1050 482 1151 538 fide
1201 485 1573 549 orthodoxae,

71 571 318 641 religionis
391 570 703 626 christiana:
755 585 1160 642 propugnator;
1229 584 1282 628 at
1337 577 1576 641 profecto

71 670 231 716 contra
259 659 429 728 ipsum
481 660 668 714 rebelli
709 663 965 730 quodam,
1016 663 1129 728 ipse
1168 666 1232 718 ad
1269 665 1466 720 bellum
1499 667 1572 721 illi

65 750 374 805 inferendum
429 765 750 819 progressus
800 763 1046 806 mortuus
1097 766 1177 809 est
1230 757 1283 810 in
1321 758 1426 821 via,
1457 758 1574 812 loco

63 841 272 908 quodam
306 838 476 894 Dades
504 829 672 893 dicto.
707 840 971 909 Regnavit
1007 851 1126 912 post
1159 845 1333 913 ipsum
1365 849 1416 901 in
1467 847 1576 901 Ro.

60 942 228 981 manas
256 925 450 982 Valens
479 943 652 987 annos
680 931 962 984 duodecim
1001 949 1015 986 :
1047 933 1209 1000 idque
1253 951 1395 988 anno
1425 937 1572 1003 regni

60 1019 257 1086 Saporis
318 1018 410 1070 filii
477 1017 698 1086 Saporis
753 1021 1036 1076 Persarum
1105 1025 1244 1094 regis
1314 1027 1591 1097 vicesimo,

56 1114 249 1173 quarto.
297 1106 454 1162 Anno
500 1110 707 1178 imperii
758 1110 873 1178 ejus
917 1113 1078 1167 tertio
1115 1116 1442 1169 constitutus
1490 1126 1574 1170 est

56 1196 318 1250 bamasius
354 1198 658 1265 patriarcha
696 1199 996 1266 Romanus,
1047 1186 1138 1270 qui
1176 1218 1352 1256 annos
1381 1205 1574 1272 viginti

55 1294 162 1341 octo
202 1286 364 1352 sedit,
412 1287 536 1342 dein
588 1296 834 1344 niortuus
879 1298 960 1345 est
997 1309 1012 1344 :
1045 1291 1199 1360 cujus
1247 1295 1579 1362 praefectura:

52 1392 179 1430 anno
231 1377 435 1431 decimo
489 1380 722 1448 septimo
771 1381 1103 1435 celebratum
1149 1396 1234 1438 est
1285 1387 1574 1441 concilium

52 1467 326 1543 secundum
350 1468 1000 1538 Constantinopolitanum
1023 1512 1036 1524 .
1063 1477 1220 1530 Anno
1253 1487 1448 1546 quarto
1475 1479 1576 1532 im-

51 1560 166 1626 perii
200 1558 429 1613 Valentii
461 1561 794 1616 constitutus
825 1571 908 1617 est
931 1563 1234 1621 Democlius
1266 1569 1574 1636 patriarcha

55 1649 690 1716 Constantinopolitauus,
742 1653 1196 1719 quiManicbaaus
1241 1661 1362 1724 fttit,
1399 1676 1573 1717 annos

50 1739 277 1792 undecim
312 1740 475 1805 sedit,
509 1739 633 1794 dein
666 1753 912 1798 mortuus
940 1745 1108 1817 5.88
1135 1758 1238 1804 est.
1289 1751 1446 1807 Anno
1477 1753 1576 1806 im-

51 1829 171 1896 perii
206 1830 384 1896 ipsius
422 1825 951 1912 primo'constitutus
978 1845 1061 1890 est
1091 1837 1252 1894 Arvis
1287 1841 1575 1911 episcopus

43 1921 574 1992 Hierosolymitanus,
606 1925 696 1992 qui
723 1933 776 1978 et
815 1924 1143 1984 Manichacus
1189 1931 1306 1997 fuit,
1353 1945 1408 1987 et
1451 1948 1574 1990 cum

39 2027 199 2067 annos
215 2015 466 2082 quinque
495 2013 744 2081 sedisset,
776 2026 1024 2072 mortuus
1041 2027 1144 2074 est.
1173 2021 1328 2076 Anno
1363 2005 1574 2091 imperii

31 2099 260 2166 ejusdem
356 2103 590 2168 septimo
643 2103 819 2160 factus
852 2115 956 2186 est
1006 2106 1242 2166 Hilarius
1292 2113 1580 2184 episcopus

30 2189 571 2262 llierosolytnitanus.
601 2196 690 2264 qui
737 2196 974 2253 Arianus
1030 2209 1181 2268 erat;
1238 2216 1408 2258 annos
1439 2219 1576 2273 qua-

25 2290 141 2336 tuor
188 2284 358 2347 sedit,
426 2284 549 2337 dein
589 2295 834 2339 mortuus
885 2296 986 2340 est.
1050 2287 1127 2340 Eo
1175 2300 1390 2345 mortuo
1421 2293 1578 2345 rediit

25 2373 260 2442 Cyrillus
292 2374 590 2445 episcopus
627 2376 1168 2448 Hierosolymitanus,
1203 2381 1292 2450 qui
1334 2383 1401 2437 ab
1423 2385 1578 2436 Arias

21 2464 102 2519 nis
135 2465 388 2535 fugerat,
438 2466 492 2520 in
537 2466 934 2533 loeumsuum,
985 2469 1076 2524 ubi
1118 2485 1292 2527 annos
1343 2471 1575 2527 sederim

21 2558 195 2619 sedit,
253 2558 389 2612 dein
442 2567 692 2612 mortuus
735 2567 837 2612 est.
891 2558 1089 2614 Totum
1145 2579 1273 2634 ergo
1319 2544 1622 2633 temporis\

21 2650 250 2716 spatium
291 2663 409 2718 quo
439 2650 754 2720 episcopatu
790 2649 1011 2706 functus
1036 2660 1122 2708 est
1143 2652 1379 2724 Cyrillus
1404 2669 1575 2708 anno.-

21 2745 128 2794 ium
162 2751 288 2795 erat
343 2741 568 2817 triginta
599 2742 789 2795 trium.
822 2743 1181 2814 Episcopatus
1228 2745 1402 2814 ipsius
1435 2761 1577 2802 anno

21 2833 275 2888 vicesimo
309 2833 549 2900 septimo
598 2834 701 2887 fuit
739 2835 1028 2889 concilium
1069 2835 1576 2912 constantinopoliv

26 2939 194 2979 anum
231 2925 574 2979 secundum.
599 2925 743 2992 Quin
769 2936 822 2979 et
850 2926 1196 2980 Alexandrini
1221 2927 1574 2982 Athanasium

21 3013 388 3069 mriarcbam
442 3013 626 3068 animo
667 3015 841 3084 ipsum
878 3015 1185 3070 trucidandi
1217 3015 1388 3071 adorti
1420 3028 1568 3082 sunt,
1600 3013 1642 3071 C
1677 3007 2048 3079 [conferendo]
2112 3009 2398 3074 dissensio,

21 3107 84 3159 lle
139 3122 283 3161 vero
345 3105 472 3174 fuga
532 3107 818 3175 prolapsus
866 3107 1100 3162 delituit.
1165 3109 1394 3162 Lucium
1443 3126 1572 3181 ergo

21 3199 296 3260 trianum,
336 3199 406 3252 ad
425 3199 852 3266 patriarchalem
883 3197 1224 3254 Alexandria:
1253 3201 1570 3265 dignitatem

21 3300 331 3344 vexerunt.
383 3288 635 3358 Quinqttc
682 3300 858 3344 autem
905 3291 1104 3359 elapsis
1133 3292 1410 3344 mensibus
1439 3306 1573 3345 con-

21 3381 284 3436 enientes
329 3382 570 3455 episcopi
619 3381 864 3455 nonnulli
925 3396 1034 3434 una
1076 3396 1196 3434 cum
1243 3381 1573 3435 christiano-

21 3483 103 3522 llm
156 3467 566 3523 Melchitarum
623 3469 977 3524 multitudine
1029 3469 1198 3522 Lucio
1249 3471 1573 3538 patriarcha:

21 3558 443 3618 ualedixerunt,
497 3558 670 3627 ipsnm
722 3559 775 3611 in
806 3557 1056 3613 exsilium
1092 3559 1438 3628 pepulerunt,
1485 3574 1574 3614 re-

21 3660 304 3719 :rsu5que
342 3644 690 3701 Athanasius
719 3645 1033 3713 patriarcha
1087 3648 1142 3700 in
1179 3646 1362 3702 sedem
1393 3663 1570 3705 suam.

22 3751 150 3793 usam
222 3739 425 3791 donec
481 3746 786 3790 moreretur
832 3737 1139 3804 occupavit.
1192 3737 1570 3792 Patriarchatu

21 3837 156 3884 item
222 3828 470 3882 functus
511 3835 594 3881 est
623 3842 798 3882 annos
822 3829 1180 3898 quadraginta
1235 3846 1351 3884 sex.
1414 3831 1574 3885 Anno

22 3920 200 3987 iperii
266 3917 515 3972 Valentii
551 3926 743 3973 octavo
775 3921 1113 3976 constitutus
1139 3931 1217 3975 est
1254 3922 1449 3979 Petrus
1480 3939 1574 3992 pa-

21 4010 220 4065 iarcba
273 4007 716 4072 Alexandrinus,
775 4025 936 4078 quem
985 4025 1108 4066 cum
1156 4013 1340 4065 animo
1394 4014 1570 4081 ipsum

26 4100 276 4154 cidendi
335 4099 526 4152 adorti
573 4107 754 4153 essent
784 4101 970 4156 Ariani
1001 4102 1117 4170 ipse
1151 4102 1272 4170 fuga
1312 4118 1370 4158 se
1395 4105 1572 4172 prori-

22 4191 74 4243 it
111 4187 540 4263 ÎµÎ´Î´-491.
578 4188 783 4244 Deinde
831 4191 946 4246 sedi
995 4205 1108 4246 suae
1152 4193 1399 4249 redditus
1444 4211 1566 4249 cum

21 4294 69 4329 m
103 4293 215 4333 88X
249 4291 451 4330 annos
479 4287 799 4346 occupasset
834 4286 1084 4333 mortuus
1114 4289 1218 4335 Î´Îµá¿–..

24 4365 394 4422 Concitavit
443 4374 623 4419 autem
659 4367 880 4434 quidam
917 4379 1104 4423 contra
1142 4369 1448 4425 Valentium
1481 4387 1569 4428 re-

22 4462 279 4516 nionem
323 4458 392 4510 in
431 4457 748 4517 Occidente,
777 4453 964 4511 contra
995 4475 1154 4525 quem
1205 4463 1295 4514 ille
1326 4453 1450 4516 cum
1478 4478 1569 4517 co-

30 4569 56 4607 s
87 4551 223 4607 suis
263 4546 564 4617 profectus
595 4549 647 4600 in
681 4548 822 4602 bello
849 4536 1072 4614 occidit,
1116 4553 1416 4620 imperante
1447 4567 1570 4623 post

22 4658 134 4696 .um
189 4637 495 4693 Romanis
538 4636 706 4692 fratre
735 4638 904 4706 ipsius
937 4640 1161 4695 Valente
1209 4659 1384 4698 annos
1435 4657 1564 4704 tres.

21 4750 118 4802 lue
153 4743 335 4785 anno
372 4728 528 4796 regni
563 4726 805 4796 Saporis,
837 4730 931 4785 lilii
965 4730 1190 4798 Saporis
1272 4733 1562 4789 Persarum

21 4821 118 4893 gis,
194 4817 520 4874 tricesimo
571 4827 746 4873 sexto.
797 4817 968 4874 Porro
1029 4831 1274 4892 tempore
1325 4826 1567 4881 Valentis

22 4910 379 4980 peratoris.
419 4907 759 4962 Alexandria:
808 4908 911 4964 fuit
961 4912 1043 4964 vir
1075 4915 1295 4980 quidam
1349 4919 1568 4972 nomine

22 5006 312 5078 eâ€™odorus
333 5000 441 5069 qui
469 4999 840 5054 Melchitarum
874 5004 1196 5057 sententiam
1233 5006 1566 5074 disputando

21 5100 259 5162 ~batttr,
298 5093 650 5149 Arianorum
684 5082 862 5149 autem
907 5097 1219 5152 refutabat:
1261 5116 1418 5169 quem
1443 5117 1568 5166 ergo

21 5199 176 5244 itum
220 5185 371 5242 Arii
432 5185 702 5238 maledicti
745 5186 1006 5249 asseclze,
1055 5190 1251 5244 vim-tis
1296 5192 1562 5253 manibus,

21 5295 234 5335 torum
274 5274 538 5345 pedibus
564 5276 881 5344 alligarunt,
910 5293 1048 5346 quos
1073 5281 1270 5334 deinde
1297 5281 1346 5334 in
1376 5297 1564 5350 campo

23 5383 302 5427 cursum
379 5365 706 5427 incitarunt,
757 5366 933 5418 donec
967 5368 1257 5438 discerptis
1293 5373 1565 5425 membro-

21 5482 50 5516 Î¹Î¹
75 5456 515 5528 compagibus
563 5460 876 5528 martyrium
914 5475 1102 5524 passus
1135 5466 1222 5515 sit.
1273 5467 1428 5516 Anno
1463 5467 1564 5517 im-

23 5555 61 5608 ii
135 5547 439 5604 Valentis
499 5545 867 5600 Romanorum
917 5551 1256 5616 imperatoris
1315 5557 1557 5610 secundo

31 5645 312 5700 stitutus
376 5646 466 5690 cst
500 5635 820 5691 Timotheus
877 5640 1177 5704 patriarcha
1232 5644 1554 5697 Aicxandri-

1681 490 1763 544 Sui
1801 489 1970 544 frater
2006 489 2144 554 fuit;
2181 499 2388 556 septem
2414 501 2583 540 annos
2617 484 2778 547 sedit,
2810 483 2935 536 dein
2972 488 3232 534 mortuus.

1679 589 1783 634 est.
1815 579 1974 632 Anno
2012 590 2194 633 autem
2231 577 2563 646 praefecturae
2591 573 2764 640 ipsius
2795 569 3220 626 sexto-habitum

1678 675 1763 722 est
1819 669 2112 723 concilium
2173 661 2832 734 CunstautinopOIitauum
2894 659 3194 716 secundum

1680 757 1957 812 Exstruxit
1983 767 2163 812 autem
2189 755 2504 811 Timotheus
2553 749 2854 822 patriarcha
2886 747 3222 803 Alexandria:

1676 849 1936 903 ecclesias
1958 849 2278 917 complures.
2302 856 2354 901 et
2374 854 2720 899 monumenta
2741 855 2847 894 non
2873 854 3063 907 pauca.
3086 837 3222 890 Mul-

1680 947 1760 994 tos
1781 939 1940 993 etiam
1969 939 2036 994 ab
2065 939 2178 1012 Arii
2209 937 2468 991 sententia
2498 936 2563 989 ad
2606 931 2982 987 Melchitarutn
3017 926 3222 982 doctri-

1679 1046 1801 1082 nam
1869 1030 2155 1082 convertit.
2211 1030 2364 1079 Auno
2428 1026 2635 1094 imperii
2686 1019 2930 1089 ejusdem
2983 1017 3220 1087 Valentis

1680 1117 2044 1169 Romanorum
2091 1115 2432 1182 imperatoris
2461 1113 2719 1170 secundo,
2761 1110 3092 1163 constitutus
3139 1115 3222 1156 cst

1680 1205 1942 1273 Evagrius
1971 1190 2298 1273 patriarcha
2347 1202 2506 1286 492
2540 1200 3182 1268 Constantiuopnlitanus
3209 1213 3222 1247 :

1678 1297 1838 1350 ï¬dem
1880 1296 1966 1349 hic
2003 1296 2373 1367 Melchitarum
2411 1293 2710 1362 professus,
2761 1306 2880 1343 cum
2908 1295 3043 1344 duos
3071 1304 3223 1345 mett-

1677 1403 1764 1443 ses
1812 1387 2043 1443 sedisset
2094 1389 2146 1441 in
2182 1387 2431 1441 exsilium
2489 1385 2675 1451 pulsus
2717 1391 2817 1436 est.
2849 1380 3047 1439 Valens
3093 1396 3224 1448 ergo

1675 1479 1972 1546 imperator
2002 1477 2268 1532 accersito
2298 1476 2560 1545 Gregorio
2594 1473 2938 1527 Nazianzeno
2965 1510 2981 1534 ,
3042 1473 3249 1537 ipsum.

1675 1552 1824 1626 sedis
1852 1556 2470 1637 Constantinopolitanae
2517 1581 2703 1620 curam
2738 1563 3023 1632 suscipere
3041 1562 3223 1632 jussit,

1675 1661 1833 1730 cujus
1865 1676 1993 1729 ergo
2032 1675 2120 1715 res
2153 1667 2391 1728 quatuor
2425 1672 2600 1711 annos
2637 1653 3058 1720 administravit,
3102 1653 3224 1707 dein

1678 1760 1923 1805 mortuus
1952 1759 2058 1804 est.
2094 1748 2210 1803 Sub
2239 1750 2424 1802 eodem
2460 1747 2685 1822 Valente
2710 1744 3078 1817 Romanorum
3123 1744 3224 1808 im-

1677 1853 1926 1912 peratore
1955 1847 2114 1894 natus
2145 1847 2228 1893 est
2259 1850 2478 1894 sanctus
2518 1834 2857 1905 Euthymius.
2887 1866 2897 1876 -
2922 1832 3227 1919 Conciliari:
3267 1850 3272 1859 Î¹

1679 1937 1859 1983 autem
1898 1928 2119 1997 quidam
2151 1927 2205 1981 in
2252 1926 2544 1984 Occidente
2585 1919 3088 2000 contraValeutem
3138 1938 3228 1977 re-

1675 2019 2006 2086 bellionem,
2055 2017 2322 2072 adversus
2375 2032 2536 2083 quem
2583 2000 2706 2070 cum
2765 2015 2881 2083 ipse
2929 2013 3224 2079 exercitum

1677 2110 1941 2172 duxisset,
2004 2108 2294 2164 commisso
2347 2107 2486 2160 inter
2539 2109 2686 2175 ipsos
2745 2104 2990 2176 pluribus
3037 2104 3227 2159 diebus

1677 2202 1884 2272 praelia,
1925 2201 2044 2255 loco
2071 2201 2304 2266 quodam
2334 2197 2542 2252 Taraka
2579 2197 2744 2252 dicto.
2781 2197 2833 2249 in
2881 2195 3058 2265 fugam
3093 2209 3239 2268 con-_

1678 2305 1869 2346 versus
1909 2289 2108 2344 Valens
2157 2289 2450 2356 imperator
2499 2287 2566 2341 ad
2615 2288 2790 2341 vicum
2839 2289 3124 2356 quemdam
3169 2284 3222 2338 in

1679 2381 1883 2435 ditione
1907 2378 2389 2446 Adrianopolitana
2437 2377 2704 2445 confugit,
2753 2375 2844 2430 ubi
2892 2377 3066 2444 ipsum
3119 2390 3223 2436 uua

1679 2486 1800 2525 cum
1833 2470 1950 2524 vico
1999 2470 2124 2538 igne
2170 2466 2417 2524 immisso
2462 2467 2896 2522 combusserun'.
2950 2465 3227 2521 Successit

1679 2561 1782 2629 ipsi
1823 2559 1962 2613 filius
1990 2559 2359 2623 Valentianus,
2399 2571 2635 2623 quocum
2681 2543 2789 2610 una
2819 2555 3078 2612 Romanis
3126 2557 3250 2609 iure

1679 2650 1885 2722 perarit
1918 2647 2210 2702 Gratianus
2239 2654 2348 2701 tres
2389 2661 2578 2700 annos.
3056 2653 3062 2660 â€˜

1749 2737 1962 2792 Mortuo
2017 2737 2212 2792 deinde
2257 2736 2520 2792 Gratiano
2571 2736 2920 2804 imperatore,
2969 2752 3068 2791 nec
3121 2753 3226 2790 non

1682 2811 1874 2896 paucis
1893 2836 2014 2896 post
2049 2829 2222 2898 ipsum
2250 2828 2439 2882 diebus
2487 2828 2810 2896 imperatore
2844 2832 3005 2882 etiam
3041 2829 3230 2882 Valeo;

1683 2919 1850 2978 tiano.
1881 2926 2001 2975 orta
2032 2927 2116 2974 est
2147 2919 2289 2973 inter
2341 2917 2630 2972 Romanos
2663 2931 2856 2985 magna
2890 2921 2955 2972 de
2998 2919 3227 2988 imperio

2479 3005 2788 3064 dicentibus
2851 3009 3224 3076 quibusdam:

1675 3100 1965 3168 Imperium
2015 3100 2068 3153 in
2121 3115 2220 3154 nos
2277 3109 2454 3154 teneat
2509 3115 2707 3154 unuse
2742 3099 2863 3154 [illis
2923 3097 3224 3151 Valcntiani

1673 3192 2016 3261 imperatoris
2048 3191 2222 3259 magni
2248 3208 2263 3256 ;
2289 3192 2432 3245 aliis:
2470 3189 2546 3245 Ne
2574 3192 2795 3258 imperet
2828 3175 2980 3244 nobis
3003 3189 3102 3246 nisi
3122 3191 3224 3244 ali-

1673 3285 1794 3351 quis
1820 3299 1844 3335 a
1872 3283 2027 3337 nobis
2057 3284 2336 3351 probatus,
2379 3283 2469 3350 qui
2501 3283 2656 3336 ï¬dem
2700 3282 3053 3337 christianam
3083 3297 3223 3352 pro-

1675 3351 1897 3444 puguel.
1943 3374 2082 3439 Quin
2131 3383 2186 3428 et
2222 3374 2595 3442 discrepantes
2649 3373 2868 3429 fuerunt
2902 3351 3228 3427 christiano-

1673 3480 1792 3519 rum
1828 3466 2129 3533 opiniones,
2159 3473 2213 3519 et
2240 3465 2426 3518 divisa:
2452 3464 2758 3527 sententiae,
2788 3463 2986 3532 quibus
3012 3463 3226 3523 tandem

1677 3558 1956 3626 praetraluit
1971 3559 2320 3622 Arianorum,
2336 3566 2391 3612 et
2414 3555 2920 3611 Macedonianorum
2940 3549 3226 3614 sententia.
3245 3617 3258 3621 Î‘,

1673 3648 2022 3721 493495
2055 3650 2157 3703 Sex
2191 3664 2323 3715 ergo
2354 3647 2637 3702 mensibus
2665 3648 2971 3700 ronturhati
3009 3662 3226 3701 manse-

1674 3754 1800 3793 runt
1835 3742 2041 3808 absque
2074 3741 2421 3809 imperatore.
2470 3738 2656 3808 Neque
2687 3740 2832 3792 ullus
2877 3754 2941 3814 eo
2986 3748 3224 3808 tempore

1673 3831 2138 3899 Constantinopoli
2191 3830 2403 3898 praefuit
2455 3829 2786 3898 patriarcha.
2824 3827 2952 3882 Nam
2991 3843 3018 3880 a
3051 3838 3227 3882 morte

1673 3921 1914 3991 Gregorii
1961 3922 2202 3990 episcopi
2238 3918 2588 3983 Nazianzeni,
2616 3921 2708 3988 qui
2740 3919 2888 3974 sedis
2912 3919 3227 3974 Constanti-

1675 4013 1997 4080 nopolitanae
2025 4025 2207 4065 curam
2238 4019 2500 4080 gesserat,
2538 4026 2708 4064 vacua
2747 4011 3006 4063 remansit
3035 4009 3225 4063 cathe-

1672 4106 1766 4157 dra
1823 4103 1975 4157 nullo
2009 4102 2235 4156 sufl'eeto
2261 4102 2588 4169 patriarcha.
2648 4100 3046 4154 Convenicntes
3097 4116 3226 4169 ergo

1674 4203 1956 4250 senatores
1987 4204 2041 4248 et
2071 4194 2240 4248 duces
2271 4193 2562 4262 quemdam
2592 4209 2658 4246 ex
2688 4193 2956 4261 episcopis
3007 4193 3225 4245 nomine

1671 4285 1890 4354 Cyrum,
1922 4285 2094 4337 virum
2131 4287 2358 4353 probum
2383 4296 2432 4337 et
2461 4281 2733 4350 egregium
2765 4298 2778 4333 :
2806 4281 2882 4334 Te
2927 4281 3220 4351 (inquiunt)

1671 4386 1955 4443 acceptum
2013 4376 2299 4435 habemus,
2330 4384 2385 4428 et
2412 4374 2779 4442 quodcunque
2818 4373 2912 4425 tibi
2955 4372 3022 4426 de
3064 4371 3223 4426 nobis

1670 4476 1908 4520 statuere
1939 4467 2115 4520 visum
2149 4465 2307 4518 fuerit
2333 4483 2347 4530 ;
2381 4467 2471 4519 tibi
2497 4480 2624 4531 ergo
2650 4463 2921 4531 eptionem
2957 4462 3224 4530 permitti-

1670 4573 1812 4620 ntus,
1839 4564 1897 4608 ut
1923 4556 2097 4608 virum
2127 4556 2281 4624 cujus
2308 4556 2405 4608 tibi
2439 4571 2616 4608 mores
2648 4554 2856 4622 probati
2896 4552 3096 4606 fuerint
3123 4565 3222 4603 no-

1669 4645 1752 4699 bis
1782 4661 1959 4714 regem
1991 4648 2294 4699 constituas
2333 4663 2346 4697 :
2379 4647 2422 4698 si
2466 4645 2608 4697 enim
2662 4643 2868 4710 absque
2927 4657 3051 4707 rege
3103 4656 3223 4710 pcr-

1671 4737 2033 4790 manserimus
2052 4752 2080 4789 a
2104 4734 2284 4788 Persis
2303 4735 2530 4802 aliisque
2555 4732 2830 4795 timemus,
2857 4747 2922 4784 ne
2951 4732 3224 4799 regionem

1675 4837 1911 4881 nostram
1953 4827 2268 4879 invadentes
2305 4824 2485 4886 nobis,
2522 4839 2631 4891 prae
2671 4823 2988 4890 opinionum
3035 4820 3222 4871 multi-

1670 4917 1854 4972 tudine
1889 4926 1941 4970 et
1969 4916 2394 4984 differentiarum
2423 4915 2815 4984 magnitudine,
2851 4911 3218 4981 prazvalcntes,

1672 5024 1772 5062 nos
1827 5009 2074 5077 perdant.
2135 5006 2435 5074 Respondit
2484 5007 2617 5072 ipsis
2664 5007 2947 5073 episcOpus
2982 5021 2995 5055 :
3035 5002 3088 5056 Si
3120 5021 3221 5072 ego

1668 5099 1843 5150 virum
1902 5099 2134 5167 aliquem
2180 5099 2409 5152 electum
2460 5097 2614 5151 vobis
2670 5111 2847 5163 regem
2908 5095 3220 5160 prarfeccro,

1670 5203 1859 5241 vereor
1896 5203 1962 5240 ne
1991 5189 2114 5241 dum
2151 5188 2270 5241 aliis
2303 5187 2585 5256 placuerit,
2620 5187 2738 5237 aliis
2771 5199 2894 5236 vero
2923 5202 3051 5244 non,
3085 5188 3220 5240 bella

1669 5281 1810 5333 inter
1841 5297 1936 5334 vos
1963 5289 2017 5334 et
2058 5281 2232 5334 caedes
2264 5281 2524 5332 oriantur.
2588 5277 2785 5329 Vâ€™crum
2822 5292 2940 5344 quae
2990 5277 3115 5330 mihi
3168 5277 3220 5330 in

1669 5384 1900 5424 tuentem
1935 5381 2082 5424 venit
2119 5371 2387 5424 sententia
2416 5367 2570 5421 vobis
2617 5368 2918 5433 ettplii-aho,
2959 5382 3118 5434 quam
3172 5368 3232 5419 si-

1669 5462 1897 5528 amplexi
1926 5460 2137 5516 fueritis
2164 5472 2215 5514 et
2245 5461 2370 5512 mihi
2407 5469 2460 5512 et
2484 5458 2637 5511 voltis
2692 5457 2875 5510 utilior
2906 5468 2986 5510 est
3018 5460 3214 5510 futura.

1669 5553 1927 5617 Quaenam
1953 5553 2249 5619 (inquiunt)
2278 5551 2378 5603 ista
2403 5549 2522 5602 est?
2565 5547 2858 5616 Respondit
2883 5546 3208 5614 episc0pus:

1673 5643 1739 5696 Ut
1778 5661 1870 5706 per
1904 5653 2066 5696 totam
2093 5643 2277 5695 urbem
2309 5633 2982 5707 Constantinopolitanam,
3010 5652 3215 5705 pranso-
