3950 6348
197 472 315 537 tul

1575 463 1940 526 ANNALES.

3243 456 3378 524 1022

189 572 241 627 in
275 583 434 642 τίνειιο
462 578 553 624 tuo
586 571 842 626 denotant
867 541 893 626 t:
933 571 1182 626 columna
1240 569 1377 624 locis
1422 584 1528 638 qua
1555 568 1714 623 indu-
1742 569 1787 629 Δ
1813 569 2123 639 episcOpum
2177 567 2744 640 Hierosolym‘itanum,
2810 566 3030 632 litteris,
3077 549 3223 635 ipsos
3265 580 3368 618 una

189 673 268 716 tus
293 676 371 724 es,
406 659 496 714 Dei
529 660 582 714 in
616 670 668 716 te
697 661 943 732 gratiam,
979 677 1082 731 qua
1114 661 1311 738 saeculo
1337 669 1427 714 tuo
1454 659 1670 720 mirebis
1697 675 1713 712 :

185 767 291 810 tres
323 754 489 808 stella:
521 770 640 820 (pne
665 763 716 808 te
749 737 1057 818 cinxerunt,
1091 737 1357 822 baptisma
1381 767 1488 821 quo
1515 752 1715 807 tinctus

183 861 241 902 es
285 846 336 899 in
382 845 599 900 nomine
651 846 830 899 Patris
877 855 932 918 et
985 844 1103 898 Filii
1142 852 1195 898 et
1235 843 1468 913 Spiritus
1521 843 1713 897 sancti.

183 935 341 989 Stella
373 951 490 1000 quae
514 951 545 990 e
569 937 708 991 caelo
729 935 781 988 in
811 946 972 1004 caput
1003 944 1151 989 tuum
1185 935 1485 996 descendit,
1516 947 1712 988 corona

182 1030 265 1074 tua
300 1021 442 1088 regia
473 1031 577 1086 ρει,
602 1037 764 1090 quam
805 1031 863 1076 ut
921 1023 1099 1076 vidisti
1150 1025 1203 1077 in
1257 1025 1386 1078 duas
1423 1031 1603 1091 partes
1635 1021 1717 1076 di-

180 1113 307 1174 vidi,
337 1113 408 1164 ita
458 1111 695 1187 futurum
725 1121 806 1166 est
832 1121 889 1166 ut
911 1115 1140 1177 sintgtihi
1197 1116 1325 1168 dum
1388 1129 1582 1188 regnas
1617 1111 1713 1168 ﬁlii

179 1205 302 1257 duo.
335 1202 528 1257 Sontes
553 1213 604 1258 et
626 1196 847 1258 arbores
875 1205 1221 1274 iul’rugiferae.
1242 1214 1428 1274 gentes
1449 1213 1574 1258 sunt
1597 1218 1714 1272 qua;

177 1293 228 1345 in
263 1293 545 1345 Dominum
585 1292 858 1348 Christum
918 1310 1024 1349 non
1079 1296 1320 1349 credunt.
1379 1294 1713 1355 Tentorium,

175 1383 414 1438 Ecclesia
441 1391 524 1438 est
557 1401 570 1437 :
607 1399 779 1454 agnus
815 1400 970 1454 quem
1007 1385 1061 1440 in
1119 1386 1237 1453 ejus
1299 1384 1477 1439 medio
1510 1383 1714 1442 vidisti.

175 1472 513 1527 Eucharistia
579 1491 594 1527 :
659 1488 798 1542 aqua
849 1474 970 1527 lacti
1039 1473 1272 1536 similis,
1324 1473 1612 1540 baptisma,
1664 1478 1720 1524 et

171 1563 623 1631 quemadmodum
657 1565 840 1619 vidisti
878 1577 1074 1633 agnum
1119 1564 1290 1617 instar
1317 1561 1543 1616 ﬂammae
1581 1560 1721 1628 ignis

169 1668 293 1707 cum
331 1669 473 1720 aqua
500 1655 556 1709 in
589 1654 785 1710 caelum
807 1654 1116 1714 ascendere.
1151 1656 1223 1708 ita
1257 1667 1323 1707 eo
1346 1651 1586 1707 ascendit
1621 1650 1720 1702 Eu-

167 1746 448 1800 charistia.
481 1744 827 1816 505.507
851 1744 1054 1808 Clavis,
1083 1752 1319 1812 potestas
1356 1749 1439 1799 est
1470 1742 1562 1796 tibi
1593 1742 1719 1795 data

170 1835 236 1888 ad
258 1833 569 1903 praefectum
592 1835 840 1890 Ecclesiae
871 1834 1120 1888 mandato
1144 1843 1234 1887 tuo
1259 1830 1717 1913 constituendum.

169 1922 252 1978 Ttt
282 1932 466 1979 autem
497 1925 624 1979 mihi
645 1926 848 1980 clavem
871 1923 1163 1989 tradidisti,
1187 1923 1238 1978 id
1266 1931 1348 1977 est
1375 1937 1460 1975 me
1485 1923 1717 1988 patriar-

173 2017 335 2069 cham
371 2015 691 2071 constitues.
750 2015 933 2084 Murus
971 2022 1174 2076 autem,
1222 2028 1322 2082 pax
1359 2020 1444 2066 est
1477 2019 1533 2066 et
1572 2022 1720 2065 trau-

166 2104 412 2174 qnillitas
436 2106 487 2158 in
517 2119 683 2174 regno
716 2114 810 2158 tuo
836 2087 1034 2156 futura.
1069 2100 1190 2155 Haec
1219 2101 1319 2155 visi
1349 2100 1423 2154 tui
1451 2100 1718 2170 interpre-

166 2195 302 2251 tatio
346 2206 452 2251 est.
484 2193 793 2264 Respondet
821 2191 1167 2248 Theodosius
1195 2208 1210 2246 :
1237 2190 1405 2258 Quam
1456 2191 1594 2246 belle
1623 2190 1718 2260 (uti

169 2287 367 2354 frater)
398 2285 782 2355 interpretatus
829 2285 926 2339 est
968 2285 1076 2354 Ego
1108 2283 1252 2338 enim
1287 2292 1343 2336 ut
1371 2284 1471 2338 sim
1507 2298 1624 2345 rex,
1666 2292 1719 2336 tu

165 2379 507 2447 patriarcha,
567 2377 696 2431 illud
745 2384 830 2431 est
854 2376 998 2446 quod
1050 2389 1324 2444 nunquam
1379 2374 1492 2429 ﬁeri
1523 2382 1719 2442 potest.

173 2465 375 2524 Verum
407 2481 572 2537 surge
604 2477 667 2523 ut
692 2481 797 2521 una
834 2465 901 2522 ad
929 2480 1066 2546 opus
1097 2476 1346 2520 nostrum
1408 2464 1723 2534 proﬁciscao

166 2575 317 2614 mur.
353 2557 634 2627 Progressi
660 2564 837 2612 autem
873 2571 996 2611 cum
1033 2555 1282 2610 homines
1325 2554 1392 2610 ad
1433 2554 1719 2610 ecclesiam

164 2652 380 2705 itantes
425 2655 715 2704 cernerent
774 2655 1078 2717 rogarunt:
1118 2645 1373 2712 Qua-nam
1422 2656 1564 2702 esset
1619 2646 1724 2702 iste

165 2739 330 2797 dies?
361 2755 394 2794 a
427 2739 622 2809 quibus
652 2754 968 2809 responsum
1001 2738 1267 2802 tulerunt,
1304 2736 1604 2792 Ecclesium
1633 2753 1726 2807 pe-

167 2832 340 2886 timus
377 2832 438 2884 ut
481 2830 758 2885 videamus
781 2844 938 2898 quem
977 2828 1136 2884 nobis
1160 2844 1338 2898 regem
1362 2829 1629 2884 electurus
1645 2829 1724 2896 _sit

168 2924 342 2979 Deus.
391 2921 534 2976 Dixit
556 2936 686 2990 ergo
719 2920 1050 2990 Theophilus
1075 2919 1408 2982 Theodosio.
1442 2921 1644 2976 Eamus
1669 2929 1723 2975 et

167 3029 274 3069 nos
305 3028 418 3068 una
445 3027 570 3067 cum
596 3011 820 3081 reliquis
847 3011 914 3066 ad
943 3011 1228 3066 ecclesiam
1253 3023 1269 3063 :
1315 3010 1500 3064 forsan
1539 3025 1724 3065 verum

113 3096 124 3111 “
168 3105 423 3159 futurum
476 3112 556 3157 est
592 3102 922 3159 insomnium
961 3111 1140 3169 tuum.
1172 3100 1306 3156 Cum
1348 3110 1526 3154 autem
1557 3101 1729 3156 eccle-

165 3195 312 3251 siam
337 3192 566 3263 ingressi
589 3200 856 3255 orassent,
882 3192 1019 3247 dixit
1044 3191 1343 3258 Theophilo
1363 3191 1727 3259 Theodosius,

169 3284 370 3342 Vestes
406 3295 536 3340 sunt
560 3285 717 3341 nobis
746 3285 1002 3354 squalidae
1027 3293 1082 3339 et
1106 3283 1265 3349 tritae,
1301 3299 1443 3353 pone
1470 3300 1601 3355 ergo
1634 3285 1726 3338 hoc

157 3379 358 3435 mines
389 3373 771 3441 consistamus,
803 3383 862 3430 ut
890 3375 1020 3445 quid
1056 3375 1298 3430 futurum
1330 3374 1724 3430 sitvideamus.

161 3467 314 3523 Cum
342 3480 473 3537 ergo
493 3464 660 3521 ﬁnitis
693 3464 887 3526 sacris,
914 3471 1218 3519 cessassent
1280 3464 1547 3529 homines,
1601 3479 1728 3518 ecce

165 3559 296 3613 avis
354 3570 548 3626 magna
600 3570 705 3610 ore.
741 3570 843 3611 suo
879 3568 1134 3610 coronam
1165 3569 1234 3609 ex
1284 3554 1403 3610 luce
1433 3564 1646 3616 tenens,
1672 3557 1725 3610 in

163 3664 344 3721 quam
379 3663 504 3703 cum
537 3647 673 3702 duas
709 3645 870 3701 horas
901 3645 1088 3701 oculos
1145 3645 1505 3701 intendissent
1555 3645 1730 3700 homi-

165 3757 274 3798 nes
304 3753 330 3796 :
359 3739 636 3805 Miserere,
664 3753 698 3792 o
726 3737 966 3802 Domine,
1017 3737 1438 3808 ingeminantes.
1473 3737 1730 3792 advolans

164 3833 266 3888 illa
301 3844 563 3886 coronam
596 3829 754 3882 istam
775 3829 1005 3883 lucidam
1038 3827 1334 3882 Theodosii
1366 3829 1530 3896 capiti
1562 3829 1733 3897 impo-

165 3922 314 3987 suit,
347 3921 508 3988 cujus
541 3935 674 3988 ergo
704 3919 882 3973 statim
914 3919 980 3974 ad
1008 3921 1178 3973 altare
1206 3919 1424 3988 gestati,
1457 3917 1732 3974 vestibus4

164 4029 284 4084 que
325 4012 472 4068 tritis
496 4011 756 4080 squalidis
782 4011 950 4074 exuti,
998 4019 1164 4080 atque
1213 4010 1532 4066 indumento
1582 4009 1731 4080 regio
1768 4054 1804 4059 ,λ

165 4101 393 4167 amicti,
413 4101 575 4171 capiti
605 4101 852 4155 diadema
884 4099 1092 4169 regium
1149 4100 1315 4171 508
1369 4116 1492 4156 cum
1555 4101 1729 4171 impo—

163 4193 406 4254 suisset,
460 4191 670 4261 ipsique
730 4191 1096 4246 benedixissct
1144 4194 1449 4260 episcopus,
1516 4206 1660 4260 equo
1697 4207 1728 4245 e

166 4283 353 4353 regiis
387 4282 625 4349 quodam
661 4269 849 4336 vectus
893 4289 1000 4342 est,
1043 4281 1279 4334 nondum
1319 4281 1432 4335 haec
1461 4298 1580 4350 qua:
1627 4282 1730 4337 sibi

163 4373 496 4430 evenissent
529 4375 778 4437 credens,
810 4371 1150 4432 cingentibus
1189 4371 1365 4441 ipsum
1396 4372 1735 4427 consiliariis

162 4474 225 4521 et
287 4463 526 4519 ducibus
573 4463 745 4518 donec
781 4463 845 4515 ad
877 4462 1044 4516 Daroil
1073 4462 1257 4528 Balat,
1280 4464 1333 4516 id
1363 4475 1438 4517 est
1479 4465 1730 4530 palatium

1818 676 1942 716 cum
1978 659 2256 729 episcopis
2294 659 2409 714 suis
2442 655 3141 729 ConstantinOpoliadessc
3185 655 3370 724 jussi',

1824 758 1882 803 ut
1909 749 1976 804 de
2022 749 2125 804 ﬁde
2158 749 2458 804 christiana
2487 746 2870 816 disquirerent,
2919 762 3150 821 eamque
3203 746 3371 814 expli-

1819 852 1994 899 catam
2045 843 2355 898 hominibus
2399 842 2610 898 darent.
2657 841 3032 897 Convenerunt
3092 857 3224 913 ergo
3274 857 3366 911 pa—

1815 935 2063 988 triarchae
2087 922 2206 987 curn
2230 934 2496 1002 episcopis
2530 917 2650 988 suis
2680 933 3230 1002 Constantinopolim,
3261 946 3368 986 uno

1814 1027 2037 1088 excepto
2069 1019 2298 1072 Damaso
2331 1019 2638 1089 patriarcha
2689 1017 2953 1084 Romano,
2986 1022 3078 1088 qui
3116 1021 3232 1088 ipse
3261 1035 3368 1073 non

1815 1109 1979 1169 venit,
2003 1116 2055 1160 at
2075 1107 2140 1160 ad
2165 1106 2528 1161 Theodosium
2551 1094 2730 1161 verain
2753 1107 2914 1168 ﬁdem
2945 1105 3184 1176 l‘eamqne
3205 1108 3372 1176 expli-

1815 1199 1989 1245 catam
2025 1191 2368 1263 509-511
2405 1203 2454 1246 et
2489 1194 2813 1262 expositam,
2846 1194 3087 1262 scripsit.
3136 1195 3372 1264 Congre-

1819 1280 1924 1348 gati
1957 1291 2082 1334 sunt
2137 1297 2265 1351 ergo
2324 1283 2798 1349 Constantinopoli
2860 1285 3373 1354 episcopi'cmitum

1747 1366 1757 1374 ”
1819 1371 2230 1438 quinquaginta.
2266 1365 2504 1440 Concilii,
2535 1373 2785 1441 praesides
2830 1384 2982 1428 erant
3030 1375 3369 1438 Timotheus,

1820 1455 2124 1529 patriarcha
2155 1461 2575 1524 Alexandrinus,
2610 1463 2852 1517 Mclctins
2885 1465 3271 1527 Antiocheims,
3319 1473 3370 1518 et

1820 1551 2054 1620 Cyrillus
2098 1551 2594 1622 Hierosolymorum
2649 1554 2975 1623 episcopus;
3025 1542 3373 1624 quibus‘tra-

1819 1642 1954 1696 didit
1982 1641 2318 1697 Theodosius
2351 1644 2646 1712 imperator
2669 1645 2876 1699 litteras
2908 1645 3122 1700 Damasi
3148 1649 3372 1714 patriar-

1821 1732 1936 1786 cha:
1966 1733 2216 1794 Ruinam,
2252 1733 2303 1785 in
2363 1732 2563 1801 quibus
2601 1733 2758 1787 fidem
2797 1749 2976 1789 veram
3013 1735 3376 1804 descripserat

1822 1831 1982 1890 atque
2011 1818 2374 1890 explicaverat
2409 1841 2422 1877 :
2456 1823 2653 1892 quibus
2701 1825 2852 1879 lectis
2895 1834 2948 1880 et
2993 1827 3278 1894 expositis.
3314 1825 3369 1879 in

1822 1913 2088 1974 eamdem,
2115 1928 2276 1981 quam
2310 1913 2425 1984 ipse
2459 1916 2772 1982 scripserat,
2819 1915 2939 1970 tidei
2965 1916 3366 1970 confcssioncm

1824 2017 2233 2062 consenserunt.
2247 2008 2454 2084 Deinde
2481 2008 3096 2076 Macedon'iiopinionem
3147 2012 3210 2062 ad
3243 2025 3374 2082 exa-

1825 2111 1944 2149 men
1979 2090 2320 2157 revocarunt,
2349 2097 2506 2164 cujus
2533 2097 2776 2151 doctrina
2812 2098 2931 2160 fuit,
2967 2098 3224 2166 Spiritum
3249 2113 3376 2152 san-

1825 2189 1969 2237 ctum
2013 2172 2294 2237 non'esse
2348 2182 2536 2248 Deum,
2589 2199 2773 2238 verum
2837 2193 3097 2248 creatum,
3149 2184 3374 2239 factum.

1827 2270 1967 2325 Dixit
2013 2285 2142 2340 ergo
2181 2270 2524 2336 Timotheus,
2563 2272 2865 2340 patriarcha
2916 2258 3310 2326 Alexandrinus
3356 2286 3395 2329 ι.

1824 2361 1940 2416 Non
1994 2348 2138 2416 aliud
2181 2362 2319 2440 apud
2384 2377 2484 2418 nos
2539 2362 2805 2431 significat
2868 2361 3102 2430 Spiritus
3156 2373 3377 2418 sanctus

1825 2469 1983 2522 quam
2008 2451 2268 2522 Spiritum
2318 2453 2411 2508 Dei
2441 2469 2458 2519 ;
2495 2468 2601 2508 non
2626 2463 2708 2508 est
2737 2462 2914 2507 autem
2967 2451 3202 2529 Spiritus
3259 2451 3376 2516 Dei,

1827 2543 1974 2600 aliud
2006 2560 2167 2616 quam
2203 2543 2313 2598 vita
2355 2544 2568 2614 ipsius;
2617 2547 2662 2598 si
2700 2559 2828 2613 ergo
2859 2543 3158 2606 dixerimus
3204 2542 3376 2611 Spiri-

1828 2645 1942 2691 tum
1977 2644 2225 2692 sanctum
2282 2644 2524 2691 creatum
2580 2650 2728 2702 esse,
2779 2635 3069 2691 asseriuius
3115 2633 3374 2703 Spiritum

1829 2727 1921 2782 Dei
1945 2736 2185 2782 creatum
2217 2710 2381 2792 esse;
2429 2725 2513 2780 sin
2541 2725 2801 2797 Spiritum
2837 2725 2926 2780 Dei
2966 2733 3203 2778 creatum
3234 2736 3374 2802 esse,

1830 2817 1991 2872 vitam
2019 2817 2180 2872 etiam
2221 2817 2394 2886 ipsius
2423 2826 2660 2871 creatam
2707 2831 2828 2871 esse
2853 2832 2868 2880 ;
2893 2815 3066 2884 .quod
3117 2815 3166 2892 _si
3210 2814 3374 2867 vitam

1827 2905 2000 2976 ipsius
2019 2916 2252 2960 creatam
2286 2903 2751 2971 aﬂirmaveritnus,
2771 2914 3176 2959 autumaremus
3197 2903 3372 2971 ipsum

1796 2994 1936 3052 'vita
1972 3011 2189 3062 carere;
2217 3005 2398 3066 atque
2423 2995 2530 3050 hoc
2577 3003 2892 3050 asserentes
2938 2995 3154 3064 penitus
3201 2994 3376 3060 ipsum

1828 3087 2244 3158 abnegabimus:
2278 3085 2368 3154 qui
2396 3093 2574 3140 autem
2608 3082 2776 3138 Deum
2814 3092 2976 3152 negat
3006 3083 3380 3138 maledictionc

1831 3177 2028 3247 dignus
2057 3183 2161 3230 est.
2189 3161 2608 3234 Consenticntes
2636 3189 2766 3241 ergo
2794 3172 2862 3232 in.
2885 3172 3186 3227 Macedonii
3217 3191 3244 3223 ιι
3270 3173 3408 3224 alc-’

1827 3265 2143 3328 dictionem,
2175 3265 2352 3332 ipsum
2402 3276 2526 3318 cum
2585 3261 2813 3317 asseclis
2861 3261 2976 3320 suis
3011 3261 3376 3328 ‘devovernnt,

1826 3371 1927 3410 nec
1973 3362 2080 3409 nun
2109 3351 2453 3422 patriarchas
2511 3351 2616 3420 ipsi
2675 3351 3047 3417 succedentes,
3096 3351 3186 3419 qui
3240 3350 3378 3402 idem

1824 3461 1946 3501 cum
1993 3447 2108 3514 ipso
2135 3444 2454 3500 docuerunt.
2505 3439 2898 3496 Maledixerunt
2933 3443 3092 3495 etiam
3143 3439 3378 3493 Sabellio

1827 3538 2008 3608 Libya:
2042 3536 2203 3608 512
2234 3535 2497 3605 episcopo
2525 3534 2753 3602 ejusque
2782 3533 3028 3597 asseclis,
3056 3533 3196 3599 quod
3227 3545 3376 3585 assc-

1828 3617 1974 3685 reret.
2000 3627 2238 3690 Patrem,
2283 3625 2500 3692 Filium,
2531 3633 2586 3680 et
2617 3625 2878 3692 Spiritum
2929 3633 3174 3680 sanctum
3218 3639 3378 3677 unam

1826 3737 1948 3778 esse
1978 3735 2301 3792 personam;
2338 3733 2548 3772 necnon
2579 3699 2915 3786 Apollinario
2945 3717 3174 3785 ejusque
3193 3730 3384 3782 sequa~
3410 3764 3412 3766 ,

1827 3814 2003 3877 cibus,
2043 3811 2188 3882 quod
2239 3810 2530 3864 alﬁrmaret
2575 3823 2776 3876 corpus
2821 3807 3024 3882 Christi
3078 3798 3379 3861 intellectus

1827 3918 2023 3973 expers
2058 3917 2202 3958 esse.
2241 3901 2412 3956 Porro
2442 3899 2763 3954 deﬁnierunt
2817 3891 3097 3966 Spiritum
3131 3897 3378 3971 sanctum

1829 4004 2124 4052 creatorem
2153 4009 2276 4048 esse
2303 3999 2361 4047 et
2403 3992 2728 4050 increatum,
2765 3989 2932 4043 Deum
2981 4006 3200 4055 verum,
3238 3991 3382 4059 ejus-

1828 4089 1950 4144 dem
1980 4102 2101 4141 cum
2121 4085 2352 4140 Patreet
2381 4081 2517 4137 Filio
2539 4092 2762 4144 naturae,
2787 4081 3148 4136 substantiam
3185 4097 3378 4147 unam,
3436 4146 3443 4153 _

1830 4189 2073 4233 naturam
2110 4191 2267 4230 unam
2292 4192 2308 4240 ;
2335 4175 2595 4228 addentes
2627 4170 2746 4225 tidei
2777 4171 3033 4242 Symbolo
3061 4175 3202 4240 quod
3230 4187 3382 4224 com-

1829 4275 2126 4336 posuerunt
2151 4264 2372 4322 trecenti
2403 4261 2699 4319 octodecim
2743 4264 3006 4332 episc0pi,
3041 4262 3133 4331 qui
3185 4259 3382 4314 Nicazc

1832 4367 2195 4412 convenerant
2229 4375 2244 4412 :
2281 4355 2349 4409 Et
2380 4357 2434 4410 in
2490 4356 2750 4420 Spiritum
2801 4364 3041 4410 sanctum
3102 4353 3382 4406 Dominum

1833 4450 2195 4515 viviﬁcantem,
2225 4448 2316 4516 qui
2341 4463 2406 4501 ea:
2455 4446 2497 4511 Γ
2502 4457 2614 4502 atre
2639 4446 2912 4517 procedit,
2944 4448 3031 4515 qui
3072 4463 3186 4496 cum
3226 4444 3384 4496 Patre

163 4555 418 4625 regium,
461 4554 640 4622 ipsum
674 4553 1045 4617 deduxissem.
1102 4554 1295 4607 deinde
1354 4555 1724 4608 redeuntibus.
1758 4533 1881 4593 Det
1922 4537 2063 4592 Filio
2088 4539 2247 4592 simul
2301 4541 2560 4593 adoretur
2609 4551 2655 4593 et
2716 4538 3160 4608 congloriﬁcatur.
3222 4536 3385 4600 ldque

247 4645 546 4713 Imperavit
605 4660 733 4711 ergo
786 4642 1124 4698 Theodosius
1178 4644 1454 4706 Romanis,
1521 4647 1611 4711 qui
1676 4660 1730 4698 et

163 4735 527 4792 Theodosius
559 4732 783 4799 Magnus
813 4735 1110 4801 appellatus
1143 4745 1246 4793 est,
1279 4749 1449 4792 annos
1474 4747 1632 4799 "scpte
1650 4752 1727 4787 m-

165 4827 387 4888 deciut,
417 4825 578 4892 idque
607 4839 752 4878 anno
773 4826 921 4892 regni
949 4824 1188 4891 Saporis,
1228 4825 1320 4876 lilii
1352 4823 1576 4894 Saporis
1604 4823 1733 4876 Per-

166 4929 374 4971 sarum
407 4915 573 4982 regis,
599 4915 1008 4983 quadragesimo
1031 4915 1296 4968 secundo.
1322 4913 1456 4967 Tum
1489 4913 1737 4969 Theodo-

163 5002 329 5062 sium
383 5018 563 5068 regem
618 5005 1006 5058 convenientes
1039 5005 1359 5066 _consiliarii
1403 5013 1457 5057 et
1496 5004 1731 5072 praefecti

165 5098 439 5151 dixerunt
475 5095 575 5162 ipsi
613 5111 628 5148 :
660 5090 1094 5163 Corruptae'sum
1125 5096 1402 5148 hominum
1429 5098 1731 5157 sententiae.

166 5185 510 5251 praevalente
540 5185 679 5252 apud
713 5184 857 5249 ipsos
887 5185 993 5235 Arii
1016 5193 1070 5237 et
1111 5184 1401 5238 Macedonii
1437 5183 1720 5248 doctrina;

165 5277 285 5330 hoc
319 5289 449 5341 ergo
468 5281 526 5326 ut
547 5289 726 5342 cures,
756 5266 1016 5343 (idemque
1044 5271 1402 5333 Christianam
1462 5276 1733 5328 defensam

167 5364 445 5428 explices,
475 5363 664 5417 litteris
684 5364 752 5418 ad
780 5380 966 5419 omnes
999 5365 1334 5431 patriarchas
1367 5371 1420 5418 et
1452 5365 1733 5433 episcopos

169 5453 355 5514 datis,
378 5453 670 5506 convenire
689 5463 784 5507 eos
806 5453 1012 5522 jubcas,
1038 5462 1094 5506 nt
1112 5455 1178 5506 de
1208 5455 1308 5507 hac
1337 5437 1397 5507 re
1426 5453 1732 5522 dispiciunt,

186 5542 475 5618 ﬁdemque
508 5542 855 5596 christianam
876 5543 1194 5611 explicatam
1217 5545 1365 5598 dcnt.
1399 5543 1757 5603 Theodosius

169 5648 323 5699 ergo
359 5648 448 5686 rex
487 5634 704 5701 scriptis
741 5634 803 5686 ad
833 5634 1170 5686 Timotheum
1208 5633 1566 5701 patriarcham
1610 5634 1734 5688 Ale-

173 5719 542 5785 xandrinum,
599 5723 867 5776 leletium
915 5726 1273 5791 patriarcham
1317 5725 1732 5789 Antiochennm,

177 5808 484 5867 Damasum
540 5814 908 5882 patriarcham
976 5813 1315 5876 Romanum,
1368 5823 1419 5868 ct
1479 5815 1732 5880 Cyrillum

1835 4631 1976 4698 quod
2014 4630 2236 4685 trecenti
2275 4630 2576 4684 octodecim
2611 4629 2699 4683 isti
2728 4630 2781 4683 in
2830 4629 2950 4682 lidei
2985 4643 3142 4696 quam
3202 4626 3384 4678 edide-

1833 4730 1959 4774 runt
1987 4722 2328 4776 confessione
2360 4722 2625 4776 dixissent
2653 4731 2899 4775 tantum:
2943 4719 3006 4772 Et
3047 4721 3097 4770 in
3127 4719 3381 4784 Spiritum

1834 4820 2090 4863 sanctum.
2148 4810 2466 4866 Statuerunt
2488 4813 2652 4865 etiam
2693 4810 2930 4875 Patrem,
2967 4809 3157 4863 Filium
3190 4818 3241 4861 et
3267 4808 3385 4874 Spi-

1835 4901 1997 4953 ritum
2030 4911 2302 4967 sanctum,
2354 4911 2465 4956 tres
2498 4918 2620 4957 esse
2671 4917 2954 4971 personas,
2993 4909 3101 4953 tres
3135 4903 3384 4968 ItyPOSla‘

1835 5006 1940 5053 ses,
1971 5001 2022 5043 et
2053 5000 2164 5045 tres
2193 4994 2573 5060 proprietates,
2626 4993 2889 5046 unitatem
2923 4994 2977 5046 in
3019 4992 3304 5052 Trinitatc,
3331 4999 3383 5042 et

1835 5081 2151 5134 Trinitatem
2201 5085 2254 5134 in
2282 5084 2506 5144 unitate,
2535 5083 2826 5137 essentiam
2865 5098 3023 5136 unam
3055 5082 3104 5132 in
3137 5083 3382 5149 personis

1835 5173 2029 5233 tribus,
2059 5171 2222 5226 Deum
2261 5189 2450 5236 unum,
2485 5173 2841 5227 substantiam
2899 5189 3077 5235 unam,
3133 5185 3377 5225 naturam

1836 5280 1992 5316 unam
2020 5279 2036 5328 ;
2074 5279 2280 5317 necnon
2319 5279 2517 5332 corpus
2551 5264 2760 5318 Domini
2788 5265 2986 5319 Christi
3016 5265 3192 5318 anima
3222 5266 3381 5317 intel-

1836 5355 2016 5421 ligcnti
2054 5355 2305 5408 rationali
2339 5357 2640 5423 prmditum.
2673 5356 2839 5409 Porro
2876 5357 3163 5424 quemdam
3186 5371 3247 5409 ex
3291 5372 3378 5408 sa-

1835 5446 2094 5501 tellitibus
2142 5447 2303 5516 regiis
2360 5449 2574 5500 nomine
2625 5444 2948 5509 Victoriam,
3018 5449 3374 5516 patriarcham

1835 5537 2488 5604 ConstantinOpolitanum
2556 5536 3008 5602 constituerunt;
3079 5546 3379 5590 statuerunt

1833 5631 1993 5683 etiam
2028 5627 2385 5696 patriarcham
2429 5628 2726 5680 Romanum
2751 5627 2944 5680 ordine
2968 5627 3195 5694 primum
3221 5626 3334 5676 fore
3361 5642 3374 5684 ;

1836 5719 2513 5787 Constantinopolitannm,
2554 5721 2851 5775 secundum
2883 5737 2896 5782 ;
2931 5717 3379 5777 Alexandrinum,

1836 5815 2092 5877 tertium;
2157 5811 2552 5866 Antiocbenum
2633 5829 2757 5866 vero
2816 5819 3091 5875 quartum.
3157 5810 3347 5876 Episco
