3950 6348
601 222 734 290 102’)

601 428 951 500 διε-515
974 429 1261 499 or'narnnt,
1312 449 1433 490 cum
1467 436 1617 505 prius
1648 438 1934 506 episcopus
1978 445 2146 497 esset,

604 529 702 568 nec
736 518 856 583 quis
890 530 1010 571 ante
1039 519 1167 573 illud
1198 532 1410 590 tempus
1432 523 1736 591 patriarcha
1772 524 2151 596 Hierosolymis

610 609 918 679 praefuisSet
950 626 963 671 ;
1000 610 1155 676 eique
1183 610 1358 662 locum
1395 613 1640 680 quintum
1672 614 2037 683 assignarunt,
2074 626 2154 667 at-

605 714 709 769 que
735 699 842 769 [his
878 698 1136 770 peractis]
1168 699 1559 755 discesserunt.

677 788 796 840 Jam
839 803 867 841 a
900 789 1131 842 concilio
1161 790 1334 857 primo
1384 792 1763 860 episeopontm
1794 771 2152 847 trecentorum

606 880 926 939 octodecim,
964 879 1053 949 qui
1104 881 1156 933 in
1223 880 1350 935 urbe
1378 880 1586 935 Niemna
1640 880 2031 947 convenerunt,
2089 886 2153 938 ad

609 971 909 1024 secundum
954 969 1054 1023 hoc
1091 972 1144 1022 in
1199 986 1305 1036 quo
1352 972 1814 1038 Constantinopoli
1848 974 2156 1042 congregati

608 1067 735 1110 sunt
766 1059 1002 1127 epis-rupi
1038 1067 1252 1112 centum
1286 1059 1693 1128 quinquaginta,
1723 1062 1812 1129 qui
1846 1061 2159 1129 Macedonio

608 1146 832 1211 ejusque
859 1147 1184 1213 sequacibus
1222 1146 1637 1210 maledixcrunt,
1674 1149 1804 1202 anni
1838 1158 1965 1202 sunt
2000 1151 2163 1219 quin-

609 1235 868 1299 quaginta
922 1244 1066 1288 octo.
1109 1234 1276 1288 Porro
1326 1234 1642 1292 Timotheus
1697 1239 2000 1307 patriarcha
2036 1240 2157 1293 Ale~

612 1325 902 1377 xandriuus
926 1327 1266 1392 patriarchis.
1294 1329 1562 1393 cpiscopis
1584 1340 1635 1382 et
1663 1331 1941 1383 monachis
1966 1345 2154 1394 carne,

611 1414 763 1468 festis
804 1415 1115 1478 ῐὶυιιιὶιιίεἰκ,
1152 1416 1291 1469 vesci
1332 1417 1591 1484 permisit,
1626 1417 2040 1472 Manichaeorum
2071 1419 2164 1488 qui

611 1500 861 1559 Sadilteui
898 1505 1145 1572 appellati
1171 1514 1295 1559 sunt
1314 1521 1501 1572 causa,
1526 1517 1584 1562 ut
1616 1510 1686 1562 ita
1718 1510 1957 1577 diguosci
1990 1518 2166 1577 posset

611 1612 641 1647 ο
672 1606 778 1664 pati
795 1595 990 1648 iarehis
1006 1604 1058 1649 et
1078 1596 1345 1665 episcopis
1377 1598 1622 1665 quisnam
1648 1598 1969 1653 Manichmus
1991 1602 2163 1662 esset;

617 1692 678 1736 ut
723 1684 827 1736 hoc
863 1692 1018 1751 pacto
1044 1684 1289 1736 carnium
1322 1701 1416 1737 esu
1469 1688 1620 1739 irrita
1668 1686 1988 1741 redderetur
2017 1686 2161 1755 ipso-

2283 1716 2346 1755 ire
2371 1702 2706 1753 contradicat
2741 1711 2794 1755 ct
2846 1701 3259 1755 Mauiclneornm
3316 1710 3520 1757 sectam
3583 1712 3768 1759 astruat.

615 1790 732 1825 rum
786 1774 974 1843 religio
1006 1782 1059 1825 et
1099 1775 1441 1828 solrerentur
1490 1776 1655 1845 leges.
1712 1775 1988 1830 Maniclttei
2023 1777 2167 1831 enim

616 1879 714 1916 nec
747 1873 980 1917 mactare
1016 1864 1217 1917 animal
1274 1865 1484 1918 licitum
1546 1868 1772 1930 ducunt,
1827 1881 1928 1920 nec
1983 1881 2169 1929 carne.

614 1954 697 2006 vel
735 1955 842 2006 alio
875 1956 1126 2023 quopiam
1164 1953 1307 2022 quod
1345 1956 1413 2009 ab
1445 1956 1720 2011 animante
1777 1941 2047 2027 provenit,
2086 1958 2169 2010 nl-

617 2049 832 2100 iatcnus
861 2055 1176 2099 Vescuntur.
1209 2044 1566 2113 Metmpolitae
1621 2058 1797 2101 autem
1837 2060 1890 2102 et
1918 2051 2164 2119 episcopi

576 2173 584 2181 -
614 2139 851 2209 .‘Egyptii
898 2139 1139 2207 plerique
1168 2139 1445 2195 Manichaei
1478 2148 1654 2195 erant.
1690 2139 2016 2196 l’atriarclue
2042 2159 2171 2213 ergo

615 2232 923 2296 orthodoxi,
962 2247 1082 2285 cum
1117 2232 1387 2299 episCOpis
1409 2239 1462 2286 et
1497 2233 1798 2293 manachis.
1829 2250 1992 2289 carne
2026 2236 2160 2299 suis,

628 2320 780 2374 festis
814 2320 1127 2383 Dominicis,
1165 2322 1566 2389 vesiebantur;
1627 2322 2044 2378 Manichaeorum
2076 2340 2171 2378 au-

618 2421 726 2464 tem
759 2414 1139 2480 metropolitae.
1176 2429 1296 2465 cum
1333 2413 1603 2482 episcopis
1635 2422 1687 2469 et
1724 2415 2005 2469 monachis
2029 2415 2169 2480 suis,

620 2502 688 2554 iis
723 2502 1088 2565 abstinebant,
1124 2512 1282 2571 atque
1319 2518 1504 2556 carum
1557 2505 1672 2558 vice
1722 2504 1959 2573 piscibus
1988 2521 2171 2560 resec-

624 2591 843 2652 bantur,
877 2608 969 2647 eos
999 2594 1183 2646 carnis
1219 2594 1336 2646 loco
1382 2603 1672 2662 ponentes.
1729 2610 1850 2649 cunt
1904 2597 2079 2664 pisces
2114 2598 2168 2650 in

620 2682 975 2737 aniiuantium
1013 2699 1237 2737 numero
1267 2686 1397 2738 sint.
1460 2683 1571 2738 Hoc
1606 2687 1997 2740 observabatur
2033 2697 2171 2740 tem-

621 2789 750 2844 pore
781 2773 951 2828 Manis
985 2774 1147 2846 516
1207 2776 1439 2831 haeretici
1505 2777 1751 2831 infidelis.
1782 2778 1897 2844 Ipso
1947 2795 2071 2830 vero
2121 2789 2174 2831 et

618 2867 737 2933 ejus
802 2866 1025 2918 asse-clis
1068 2882 1097 2915 e.
1161 2867 1334 2917 melio
1373 2866 1619 2929 sublatis,
1668 2870 1867 2921 reversi
1908 2878 2034 2922 sunt
2078 2886 2172 2937 pa-

1591 232 1948 294 !UTYCHH
1979 232 2498 295 ALEXANDRIN!
2531 230 2743 293 PATR-

601 350 738 407 ’μου
800 323 962 397 etiam
1012 321 1564 410 Illierosolyntitanum
1626 343 1783 397 titulo
1833 343 2151 412 patriarcha:
2178 343 2225 402 Δ
2248 354 2294 397 et
2325 330 2543 398 vescere.
2580 342 2795 397 Dicente
2829 340 2958 395 illo:
3000 340 3365 411 Nequaquam,
3393 341 3618 404 nomine.
3640 346 3720 399 nihil

2248 438 2385 488 enim
2416 450 2640 504 unquam
2683 435 3007 486 immundum
3060 445 3152 485 aut
3190 436 3450 499 impurum
3506 437 3665 488 comedi
3683 442 3721 493 “.

2252 526 2447 580 Vocem
2480 524 2731 593 secundo,
2751 527 2815 577 ad
2853 524 3024 592 ipsum
3070 524 3279 577 venisse
3310 540 3324 576 :
3359 524 3616 592 Quidquid
3648 545 3727 594 par-

2252 618 2449 686 gaverit
2497 614 2654 680 Deus,
2706 625 2761 667 tu
2810 631 2871 668 ne
2906 613 3125 682 polluite
3149 627 3168 665 :
3200 629 3261 668 ac
3312 630 3436 667 cum
3475 616 3574 669 hoc
3602 617 3656 670 illi
3681 627 3731 672 tu

2255 727 2281 760 a
2318 724 2447 762 voce
2480 708 2764 776 repetitum
2814 706 3022 771 fuisset,
3079 724 3305 762 rursum
3366 708 3422 762 in
3480 711 3735 766 caelumsu-

2256 799 2458 852 lilatnm
2519 798 2688 853 fuisse
2737 797 2985 852 linteum.
3036 797 3337 852 Confirmat
3396 807 3572 852 autem
3626 802 3735 854 hoc:
3780 870 3781 873 η

2263 2158 2405 2221 aqua
2440 2152 2599 2222 520
2648 2151 2868 2206 abluere
2898 2153 3207 2211 noluerunt,
3243 2163 3360 2204 cum
3382 2148 3636 2217 ‘plerique
3662 2149 3779 2215 ipso-

3629 234 3709 302 ιθξι

2259 889 2418 943 Petro
2449 890 2674 951 dictum,
2723 905 2845 944 eum
2887 905 3026 943 unus
3059 905 3089 943 e
3127 890 3397 957 primariis
3453 892 3688 957 apostolis
3707 911 3738 947 et

2259 982 2377 1034 fidei
2412 981 2682 1035 columnis
2729 980 2910 1043 fuerit,
2969 979 3125 1045 cuius
3182 978 3407 1051 [dicta]
3463 980 3675 1048 recipere
3710 998 3737 1034 ιιι

2263 1069 2508 1138 amplecti
2543 1070 2713 1126 decet,
2751 1067 3121 1121 illud.Domini
3153 1069 3358 1122 CltriSti
3396 1069 3619 1131 factum,
3640 1076 3741 1138 quod

2264 1167 2496 1211 mactato
2530 1168 2842 1213 vesceretur
2868 1166 2920 1210 et
2958 1158 3165 1225 quaevis
3219 1160 3473 1211 animalia
3521 1174 3613 1212 esu
3642 1160 3744 1213 licita

2263 1263 2404 1304 esse.
2465 1248 2644 1315 Quare
2704 1250 2999 1316 suspicioni
3055 1248 3322 1304 obnoxius
3374 1249 3433 1303 fit
3500 1250 3753 1319 quicunque

2266 1341 2445 1394 carnis
2473 1355 2623 1393 esum
2675 1350 2957 1393 aversatus
2995 1338 3153 1393 fuerit
3184 1348 3238 1392 et
3270 1340 3505 1393 alienant
3553 1354 3613 1394 se
3639 1354 3661 1393 a
3689 1342 3757 1391 Do-

2270 1431 2397 1484 mini
2432 1431 2603 1485 nostri
2636 1431 2837 1485 Christi
2892 1432 3143 1485 institqu
3195 1432 3433 1485 ostendit
3484 1441 3538 1485 et
3570 1448 3598 1483 a
3646 1431 3761 1485 Petra

2269 1519 2633 1585 apostolorum
2663 1520 2985 1589 coryplueo;
3033 1520 3169 1573 adeo
3202 1529 3260 1573 ttt
3294 1520 3570 1575 sententia
3603 1532 3763 1581 nostra,

2271 1609 2516 1677 quisquis
2549 1616 2780 1663 mactato
2817 1624 2921 1662 non
2991 1618 3256 1673 vescatur,
3289 1610 3532 1677 religioni
3564 1611 3766 1663 christia-

3753 1451 3761 1478 ι

3754 1564 3763 1581 9

3757 1744 3768 1759 .

3753 1900 3775 1931 il

3753 1986 3777 2016 ιο

3753 2074 3780 2107 li

3753 2167 3779 2196 i-

3753 2258 3784 2287 In
3822 2234 3835 2255 ⁸

3753 2344 3788 2367 ’1.

3753 2513 3791 2555 tl.

3753 2610 3796 2645 τη.

2269 1795 2512 1859 exceptis
2545 1794 2867 1861 patriarchis
2902 1802 2955 1846 et
2993 1792 3264 1861 episcopis
3292 1802 3346 1845 et
3383 1793 3471 1859 qui
3498 1793 3656 1845 vitam
3686 1809 3770 1845 IDO-

2273 1882 2534 1936 nasticam
2577 1881 2806 1949 professi
2861 1881 3098 1945 fuerint;
3146 1898 3269 1933 eum
3329 1881 3378 1932 hi
3437 1881 3617 1933 carnis
3660 1896 3775 1934 esum

2273 1987 2376 2023 non
2406 1981 2665 2039 respuant
2696 1970 2838 2039 quod
2876 1986 3001 2023 eum
3051 1969 3298 2022 illicitum
3335 1976 3539 2035 putent,
3570 1967 3659 2022 sed
3686 1969 3777 2020 alis-

2274 2042 2509 2115 tinentia:
2531 2070 2585 2115 et
2608 2061 2916 2115 reverentiae
2936 2061 3125 2120 gratia.
3149 2058 3287 2124 Quin
3311 2069 3364 2113 et
3379 2057 3551 2112 (ἓνκαὶ
3584 2072 3665 2112 res
3682 2073 3780 2111 suas

2271 2259 2387 2296 rum
2445 2242 2716 2296 Manirbmi
2770 2251 2988 2296 essent:
3023 2240 3291 2294 Maniclmi
3333 2247 3512 2293 autem
3563 2241 3784 2293 lationem
3822 2234 3835 2255 ‘

2269 2348 2402 2400 aqua
2431 2331 2779 2400 peragendam
2802 2346 2905 2383 non
2928 2329 3174 2399 probant.
3195 2330 3367 2397 Atque
3393 2327 3477 2383 bis
3497 2328 3653 2399 longo
3678 2337 3788 2381 tem-

2277 2422 2425 2492 poris
2458 2422 2687 2475 decursu
2714 2419 3062 2482 confirmatis,
3096 2419 3269 2472 adhuc
3293 2419 3523 2471 instituti
3554 2418 3641 2471 sui
3669 2425 3793 2471 terr-

2272 2526 2361 2563 ces
2424 2519 2657 2569 manent,
2712 2523 2777 2561 ne
2824 2522 3016 2575 aquam
3068 2507 3130 2557 ad
3174 2505 3456 2560 lavandum
3516 2505 3791 2558 adhibeant.

2273 2601 2352 2652 Ab
2372 2614 2506 2668 aqua
2529 2606 2702 2652 autem
2720 2597 2782 2649 ad
2812 2597 3093 2650 lavandum
3116 2595 3413 2649 adhibenda
3438 2610 3531 2648 eos
3556 2594 3796 2649 abstiner-

2272 2688 2458 2743 dirunt
2496 2688 2758 2750 nonnulli,
2790 2689 2858 2741 ob
2891 2688 3158 2741 intensum
3199 2686 3432 2754 regionis
3456 2702 3587 2752 suae,
3616 2700 3799 2748 unath
3829 2686 3833 2690 ’
3873 2698 3875 2745 t

2269 2796 2421 2847 aquae
2453 2780 2506 2833 in
2552 2794 2612 2832 ea
2650 2778 2838 2845 frigus.
2868 2778 2998 2831 adeo
3020 2786 3077 2829 ut
3107 2777 3238 2844 ipsis
3266 2777 3457 2846 frigida
3490 2792 3550 2830 se
3575 2777 3802 2830 abluere.

2271 2880 2460 2941 hyeme
2517 2871 2837 2939 prasertim,
2877 2870 3290 2938 haudquaquam
3356 2868 3627 2936 expediat,
3676 2867 3805 2918 ideo-

623 2956 873 3009 triarcba-
924 2957 1235 3022 orthodoxi,
1287 2973 1407 3009 cttm
1466 2958 1733 3026 epierpis
1788 2969 1840 3013 et
1898 2975 2070 3011 ntona.
2093 2960 2173 3014 bis
2199 3003 2241 3061 C
2274 2976 2377 3027 que
2401 2975 2497 3014 nec
2526 2961 2691 3029 ipsam
2722 2961 2791 3013 ob
2814 2959 3025 3029 frigoris
3056 2959 3442 3013 vehementiam
3464 2966 3805 3035 contrectant.

622 3049 762 3110 suis,
796 3049 859 3100 ad
896 3049 1207 3100 institutum
1249 3064 1407 3101 suum
1464 3049 1744 3118 antiquum
1774 3059 1828 3102 et
1860 3063 1888 3101 a
1930 3051 2173 3106 carnium

598 3152 719 3191 -esu
762 3138 914 3194 festis
953 3138 1245 3192 Dominicis
1278 3137 1644 3192 abstinebant.
1680 3139 1859 3206 luquit
1896 3139 2023 3193 Said
2058 3141 2172 3193 Ebn

626 3229 808 3282 Batrik
867 3230 1147 3283 medicinae
1185 3230 1488 3292 studiosus,
1549 3246 1654 3282 non
1695 3230 1945 3299 permisit
1997 3213 2178 3284 Timo-

627 3320 786 3374 theus
819 3321 1122 3389 patriarcha
1157 3319 1558 3373 Alexandrinus
1587 3319 1707 3373 ideo
1738 3321 1997 3376 carnibus
2030 3322 2175 3376 vesci

627 3410 782 3466 festis
834 3409 1152 3471 Dominicis.
1206 3410 1349 3478 quod
1409 3409 1684 3464 Manicluei
1726 3411 1981 3480 appellati
2024 3410 2178 3467 Sadi-

626 3500 726 3554 luci
761 3514 947 3556 earum
978 3500 1091 3553 rice
1122 3499 1360 3566 piscibus
1391 3508 1632 3561 utantur,
1659 3515 1847 3553 verum
1880 3502 2027 3572 quod
2059 3517 2179 3558 car-

627 3593 777 3646 nium
810 3605 904 3645 esu
938 3590 1274 3643 immolatum
1330 3588 1626 3654 innuebat;
1656 3590 1833 3662 pisces
1867 3601 2046 3647 autem
2084 3609 2180 3662 pro

630 3682 905 3737 immolato
936 3697 1040 3735 non
1071 3681 1357 3735 habentur.
1411 3681 1527 3733 Alia
1585 3696 1715 3735 vero
1755 3659 2176 3736 Manichmorum

631 3781 777 3827 secta
810 3787 930 3840 quae
959 3771 1305 3834 Sammacun,
1346 3769 1395 3822 id
1428 3778 1511 3824 est
1568 3771 1786 3839 piscarii
1820 3772 2177 3841 appellantur,

633 3866 816 3931 pisces
868 3858 1246 3921 comedebant,
1298 3858 1443 3927 quod
1506 3859 1539 3912 ii
1594 3874 1691 3928 pro
1736 3861 2014 3914 immolato
2072 3879 2176 3916 non

636 3952 966 4015 habeantur;
1001 3961 1053 4003 at
1085 3951 1151 4003 ab
1180 3966 1274 4002 esu
1306 3952 1507 4009 carnis,
1544 3952 1686 4019 quod
1748 3952 2024 4006 iunnolata
2061 3954 2181 4005 fue-

634 4044 706 4096 rit
741 4038 1247 4095 abstinentﬂerum
1308 4050 1492 4094 errant
1544 4042 1705 4095 etiam
1756 4042 2037 4097 Madichaai
2084 4059 2205 4108 ap»

635 4133 816 4202 pelluti
837 4130 1087 4196 Saiiiltzei,
1119 4132 1208 4197 qui
1244 4132 1416 4200 pisces
1448 4132 1565 4186 loco
1587 4133 1773 4187 carnis
1802 4133 2023 4192 habent,
2055 4148 2177 4185 cum

640 4222 899 4276 Dominus
930 4221 1179 4274 Christus
1213 4236 1403 4275 carnes
1432 4220 1765 4287 comederit;
1819 4223 1962 4278 unde
1993 4238 2180 4277 neces-

637 4314 782 4367 sario
819 4311 1071 4365 omnibus
1117 4310 1207 4379 qui
1244 4311 1398 4363 fidem
1445 4310 1799 4367 christianum
1861 4313 2182 4384 profitentur
2215 4317 2258 4372 D
2287 4314 2624 4367 abstinebant
2677 4325 2836 4378 quam
2895 4326 2960 4363 ne
3015 4309 3478 4376 dignoscerentur.

639 4402 922 4466 incumbit,
957 4410 1014 4454 ut
1044 4415 1206 4455 carne
1240 4409 1557 4463 vescantur,
1586 4400 1792 4452 Domini
1827 4401 1998 4454 nostri
2028 4403 2184 4453 Chri-

641 4495 711 4547 sti
766 4493 1033 4561 exemplo,
1084 4509 1190 4545 uno
1239 4492 1428 4545 saltem
1486 4491 1779 4561 quotannis
1841 4493 1949 4547 die.
1984 4509 2088 4560 quo
2122 4493 2187 4545 ab

644 4583 840 4637 animis
872 4583 986 4637 suis
1034 4582 1345 4648 scrupulum
1401 4590 1705 4639 amoveant.
1739 4589 1901 4650 atque
1933 4583 2184 4636 omnibus

646 4685 833 4728 notum
872 4672 1074 4727 faciant
1100 4673 1405 4726 contrarios
1468 4673 1562 4725 ire-
1602 4687 1660 4725 se
1714 4673 1971 4740 improha:
2019 4671 2187 4724 Mani-

647 4765 913 4816 chaeorum
932 4770 1108 4815 serue.
1136 4763 1189 4814 In
1216 4761 1363 4814 Actis
1382 4776 1508 4814 vero
1537 4759 2186 4827 scriptumest“,f’etrum,

648 4870 771 4907 cum
807 4854 857 4906 in
914 4855 1046 4906 urbe.
1070 4851 1237 4920 .loppe
1263 4860 1406 4906 esset
1449 4852 1593 4905 domi
1627 4852 1843 4904 coriarii
1881 4850 2188 4918 cujusdam.

651 4946 739 4998 cui
771 4959 964 4998 nomen
1003 4944 1218 5006 Simon,
1253 4954 1414 5010 atque
1448 4943 1642 4995 mdium
1680 4952 1875 4995 tectum
1919 4941 2049 4992 hora
2085 4940 2188 4991 dici

652 5044 800 5088 sexta
833 5043 1045 5087 oratum
1080 5032 1505 5095 conscendisset,
1544 5046 1742 5085 somno
1783 5031 1929 5098 gravi
1980 5044 2194 5094 correp-

655 5135 765 5174 tum
797 5120 1134 5182 dormivisse,
1166 5132 1323 5188 atque
1358 5117 1714 5188 517-519
1742 5119 1942 5189 interea
1997 5118 2191 5170 t-mlum

655 5222 897 5280 apertum
937 5210 1160 5274 vidisse,
1214 5210 1354 5263 unde
1387 5209 1669 5263 descendit
1700 5209 1921 5261 linteum
1957 5208 2094 5274 quod
2128 5206 2191 5259 ad

656 5313 855 5355 terram
892 5316 1066 5371 usque
1098 5280 1440 5370 pcrtingeret,
1470 5301 1522 5352 in
1559 5314 1665 5366 quo
1688 5297 1931 5367 cujusvis
1956 5298 2196 5364 quadru-

660 5391 874 5460 pedium
913 5393 1126 5461 generis
1161 5406 1279 5460 qur.
1336 5388 1389 5441 iu
1422 5398 1564 5443 terra
1617 5399 1742 5441 sunt
1795 5388 1971 5454 aliqua
2022 5396 2195 5445 erant,

628 5482 1008 5549 .ferarumque
1065 5489 1134 5542 et,
1174 5480 1451 5551 reptilium
1512 5487 1564 5531 et
1619 5478 1934 5538 volucrium,
1991 5490 2200 5542 unaque

662 5582 841 5633 vocem
859 5570 1393 5633 audiissedieentem,
1436 5572 1592 5630 Πενις,
1624 5567 1771 5619 Pctre
1823 5581 1988 5631 stu-ge,
2030 5574 2196 5616 morm

844 5683 959 5741 Act.
988 5700 1039 5747 χ,
1084 5686 1142 5737 13
1177 5699 1257 5744 sq.

2344 3049 2753 3104 lilaniclneorum
2787 3066 2911 3103 vero
2937 3048 3044 3104 duo
3070 3050 3299 3109 suut.uti
3333 3048 3444 3118 jam
3475 3049 3682 3103 dictum
3715 3058 3806 3110 εει,

2273 3148 2490 3209 genere.
2542 3140 2633 3193 alii
2667 3138 2938 3192 Samakiui
2973 3139 3199 3207 (idest)
3229 3139 3445 3207 piscarii
3482 3155 3499 3203 ;
3530 3139 3620 3191 alii
3671 3137 3810 3191 Sadi-
3885 3123 3888 3181 ι

2277 3231 2412 3285 kitii.
2491 3228 2765 3285 Samakini
2843 3230 3157 3295 priestitutis
3214 3231 3421 3298 aliquot
3484 3229 3811 3299 singulorum

2278 3322 2541 3377 mensium
2615 3320 2807 3376 diebus
2856 3319 3139 3388 jejunaut;
3199 3319 3444 3374 Sadikini
3502 3328 3685 3375 autem
3722 3318 3811 3386 per

2277 3420 2440 3465 totam
2493 3410 2654 3464 vitam
2709 3410 2979 3480 jeiunant,
3037 3409 3169 3463 nihil
3213 3424 3435 3478 prorsus
3485 3409 3630 3463 aliud
3667 3423 3815 3476 quam

2276 3503 2418 3572 quod
2451 3501 2765 3571 produxerit
2803 3510 2942 3555 terra
2971 3499 3336 3554 eomedeutes.
3374 3498 3511 3553 Cum
3546 3513 3680 3566 ergo
3708 3496 3814 3549 ﬁdei

2277 3591 2588 3646 christiana:
2620 3590 3014 3660 professionem
3072 3589 3126 3643 in
3155 3603 3214 3643 se
3276 3590 3616 3658 susciperent
3673 3587 3815 3643 Satti-

2280 3681 2410 3743 kini,
2442 3689 2735 3737 metuentes
2788 3696 2854 3734 ne
2883 3680 2926 3733 si
2979 3694 3011 3734 a
3064 3678 3308 3733 carnium
3344 3695 3441 3733 esu
3472 3679 3817 3736 abstinerent.

2279 3775 2497 3843 quinam
2531 3780 2716 3827 essent
2752 3779 3060 3840 perspecto,
3118 3779 3289 3825 morte
3321 3768 3690 3833 adicerentur,
3728 3769 3820 3825 sibi

2280 3865 2413 3933 ipsis
2446 3864 2648 3930 jejttnia
2683 3861 3100 3927 constituentes.
3153 3861 3223 3916 ob
3257 3860 3393 3917 festa
3424 3860 3748 3916 Natiritatis
3777 3870 3821 3913 et

2282 3954 2339 4008 Β.
2372 3953 2607 4024 Virginis
2658 3961 2712 4007 et
2748 3953 3111 4022 apostolorum
3167 3951 3503 4021 jejunarunt,
3539 3968 3569 4005 a
3601 3952 3822 4019 piscium

2280 4061 2373 4099 esu
2410 4045 2530 4098 istis
2581 4042 2803 4110 jejuuiis
2842 4057 2900 4097 se
2934 4044 3294 4104 continentes,
3349 4042 3492 4109 quod
3535 4042 3659 4096 ideo
3699 4041 3823 4095 fece-

2283 4146 2408 4189 runt
2446 4144 2503 4188 ut
2551 4134 2665 4187 dies
2694 4133 2819 4186 anni
2865 4132 3171 4200 jejunantes
3233 4132 3596 4195 absolverent,
3660 4144 3824 4199 neque

2283 4225 2439 4278 aliam
2495 4225 2564 4277 ob
2596 4237 2816 4276 causam
2858 4221 3085 4289 piscium
3140 4235 3234 4273 esu
3285 4220 3428 4273 inter
3472 4220 3824 4288 jejuuandum

3560 4308 3826 4362 Successu

2289 4403 2479 4456 deinde
2529 4404 2783 4468 temporis
2838 4401 3094 4452 diuturno
3135 4397 3482 4469 521-523
3542 4399 3726 4453 evenit
3779 4404 3828 4447 nt

2290 4493 2524 4559 ipsorum
2561 4491 2758 4544 factum
2815 4491 2917 4543 hoc
2958 4490 3303 4541 imitarentur
3346 4486 3689 4544 Nestoriaui.
3729 4486 3826 4539 Ja-

2288 4579 2545 4632 cobita‘et
2572 4577 2862 4637 Maronitas,
2904 4580 3040 4647 apud
3074 4590 3209 4645 quos
3233 4577 3331 4651 hoc
3357 4578 3406 4629 iu
3439 4594 3643 4630 morem
3683 4580 3826 4629 abiit.

2290 4670 2423 4722 Tum
2453 4680 2505 4722 et
2536 4668 2843 4722 Grtecorum
2879 4667 3247 4719 Melchitarum
3282 4667 3529 4719 nonnulli
3577 4670 3683 4720 hoc
3718 4683 3827 4735 pro-

2289 4759 2498 4820 bantes,
2537 4757 2674 4809 idem
2705 4757 2864 4810 etiam
2915 4758 3013 4823 ipsi
3058 4771 3245 4811 eorum
3279 4757 3526 4824 exetnplo
3564 4756 3829 4813 fecerunt.

2292 4848 2512 4915 piscium
2547 4862 2697 4899 esum
2731 4845 3063 4914 jejuniorum
3110 4846 3338 4899 istorum
3391 4861 3512 4914 qua:
3548 4847 3828 4901 recensui-

2293 4950 2411 4988 ums
2441 4943 2676 5002 tcmpOre
2703 4935 3045 4999 omittcutcs;
3095 4932 3165 4985 illi
3203 4934 3469 5000 praecipue
3503 4949 3702 4994 eorum
3746 4936 3827 5001 qui

2293 5029 2347 5080 in
2386 5026 2692 5090 regionibus
2745 5026 2943 5093 degunt
2978 5027 3027 5077 in
3063 5026 3260 5093 quibus
3317 5024 3717 5077 Mohammedis
3756 5041 3829 5075 re-

2293 5119 2415 5184 ligio
2473 5116 2661 5169 floret:
2720 5116 2862 5183 quod
2921 5125 3096 5168 tamen
3158 5114 3832 5168 nececousuetudinibxzs

2295 5201 2581 5254 ttaditioue
2632 5200 2890 5263 acceptis,
2949 5213 3046 5253 nec
3080 5214 3109 5252 e
3146 5199 3304 5253 rebus
3360 5200 3608 5253 mandato
3651 5201 3830 5267 aliquo

2295 5291 2545 5345 Stahilitis
2577 5292 2715 5355 apud
2750 5291 2893 5354 ipsos
2929 5296 3031 5343 cst.
3064 5287 3236 5344 Graeci
3271 5291 3415 5342 enim
3464 5290 3736 5344 Melchitz
3764 5289 3832 5357 pi-

2295 5382 2465 5433 scium
2524 5395 2617 5433 esu
2676 5380 2885 5433 duobus
2939 5379 3129 5432 diebus
3209 5374 3531 5447 insignibus,
3586 5380 3829 5433 \iileiicet

2299 5471 2545 5524 Mercurii
2583 5478 2634 5523 et
2691 5469 2939 5529 Veneris,
2997 5483 3090 5535 per
3144 5478 3307 5520 totum
3370 5469 3496 5521 anui
3548 5470 3829 5523 decursus!

2300 5561 2591 5621 abstinent,
2630 5567 2685 5611 ιιι
2725 5569 2775 5611 et
2810 5560 2894 5610 die
2928 5556 3244 5624 παραμονῆς
3294 5555 3530 5625 [r’gilia'l
3566 5572 3671 5624 quo
3716 5568 3823 5606 aut:
