  <div class='ocr_page' id='page_1' title='image "/cluster/home/n/w/nwhite01/storage/ocr_20150623/100/hvd.32044010574994/1436.png"; bbox 0 0 3950 6348; ppageno 0'>
   <div class='ocr_carea' id='block_1_1' title="bbox 122 321 228 383">
    <p class='ocr_par' dir='ltr' id='par_1_1' title="bbox 122 321 228 383">
     <span class='ocr_line' id='line_1_1' title="bbox 122 321 228 383; baseline -0.028 0"><span class='ocrx_word' id='word_1_1' title='bbox 122 321 228 383; x_wconf 73' lang='grc'><strong>1025</strong></span> 
     </span>
    </p>
   </div>
   <div class='ocr_carea' id='block_1_2' title="bbox 1430 305 1794 366">
    <p class='ocr_par' dir='ltr' id='par_1_2' title="bbox 1430 305 1794 366">
     <span class='ocr_line' id='line_1_2' title="bbox 1430 305 1794 366; baseline 0.003 -2"><span class='ocrx_word' id='word_1_2' title='bbox 1430 305 1794 366; x_wconf 81' lang='lat' dir='ltr'><strong>ANNALES.</strong></span> 
     </span>
    </p>
   </div>
   <div class='ocr_carea' id='block_1_3' title="bbox 3043 275 3338 360">
    <p class='ocr_par' dir='ltr' id='par_1_3' title="bbox 3043 275 3338 360">
     <span class='ocr_line' id='line_1_3' title="bbox 3043 275 3338 360; baseline -0.01 0"><span class='ocrx_word' id='word_1_3' title='bbox 3043 297 3048 312; x_wconf 77' lang='lat'><strong><em>&#39;</em></strong></span> <span class='ocrx_word' id='word_1_4' title='bbox 3117 275 3338 360; x_wconf 58' lang='lat' dir='ltr'><strong>me:</strong></span> 
     </span>
    </p>
   </div>
   <div class='ocr_carea' id='block_1_4' title="bbox 116 387 3258 493">
    <p class='ocr_par' dir='ltr' id='par_1_4' title="bbox 116 387 3258 493">
     <span class='ocr_line' id='line_1_4' title="bbox 116 387 3258 493; baseline -0.007 -15"><span class='ocrx_word' id='word_1_5' title='bbox 116 428 302 480; x_wconf 71' lang='lat' dir='ltr'><strong>Natalettt</strong></span> <span class='ocrx_word' id='word_1_6' title='bbox 347 408 613 493; x_wconf 48' lang='lat' dir='ltr'><strong>jejnn‘ant,</strong></span> <span class='ocrx_word' id='word_1_7' title='bbox 675 436 772 476; x_wconf 86' lang='lat' dir='ltr'><strong>nec</strong></span> <span class='ocrx_word' id='word_1_8' title='bbox 828 435 935 474; x_wconf 90' lang='lat' dir='ltr'><strong>non</strong></span> <span class='ocrx_word' id='word_1_9' title='bbox 993 419 1080 474; x_wconf 89' lang='lat' dir='ltr'><strong>die</strong></span> <span class='ocrx_word' id='word_1_10' title='bbox 1136 404 1456 489; x_wconf 79' lang='grc' dir='ltr'><strong>παραμὸνῆς</strong></span> <span class='ocrx_word' id='word_1_11' title='bbox 1501 419 1590 486; x_wconf 89' lang='lat' dir='ltr'><strong>qui</strong></span> <span class='ocrx_word' id='word_1_12' title='bbox 1626 425 1667 479; x_wconf 79' lang='grc' dir='ltr'><strong>Α</strong></span> <span class='ocrx_word' id='word_1_13' title='bbox 1699 416 1828 483; x_wconf 99' lang='lat' dir='ltr'><strong>piat.</strong></span> <span class='ocrx_word' id='word_1_14' title='bbox 1858 413 2007 468; x_wconf 80' lang='lat' dir='ltr'><strong>Dixit</strong></span> <span class='ocrx_word' id='word_1_15' title='bbox 2033 427 2160 483; x_wconf 82' lang='lat' dir='ltr'><strong>ergo</strong></span> <span class='ocrx_word' id='word_1_16' title='bbox 2184 391 2515 480; x_wconf 80' lang='lat' dir='ltr'><strong>Theophilus</strong></span> <span class='ocrx_word' id='word_1_17' title='bbox 2541 415 2562 463; x_wconf 65' lang='grc' dir='ltr'><strong>τ’</strong></span> <span class='ocrx_word' id='word_1_18' title='bbox 2591 387 2697 478; x_wconf 78' lang='lat' dir='ltr'><strong>Ego</strong></span> <span class='ocrx_word' id='word_1_19' title='bbox 2719 410 2806 464; x_wconf 89' lang='lat' dir='ltr'><strong>illa</strong></span> <span class='ocrx_word' id='word_1_20' title='bbox 2840 407 3258 478; x_wconf 75' lang='lat' dir='ltr'><strong>interpretabor.</strong></span> 
     </span>
    </p>
   </div>
   <div class='ocr_carea' id='block_1_5' title="bbox 113 509 1600 586">
    <p class='ocr_par' dir='ltr' id='par_1_5' title="bbox 113 509 1600 586">
     <span class='ocr_line' id='line_1_5' title="bbox 113 509 1600 586; baseline -0.006 -16"><span class='ocrx_word' id='word_1_21' title='bbox 113 515 406 586; x_wconf 75' lang='lat' dir='ltr'><strong>Epiphaniam</strong></span> <span class='ocrx_word' id='word_1_22' title='bbox 436 514 724 582; x_wconf 50' lang='lat' dir='ltr'><strong>praecedit;</strong></span> <span class='ocrx_word' id='word_1_23' title='bbox 757 511 952 580; x_wconf 83' lang='lat' dir='ltr'><strong>quibus</strong></span> <span class='ocrx_word' id='word_1_24' title='bbox 980 510 1168 564; x_wconf 91' lang='lat' dir='ltr'><strong>diebus</strong></span> <span class='ocrx_word' id='word_1_25' title='bbox 1194 510 1332 563; x_wconf 86' lang='lat' dir='ltr'><strong>inter</strong></span> <span class='ocrx_word' id='word_1_26' title='bbox 1356 509 1600 578; x_wconf 78' lang='lat' dir='ltr'><strong>ieiunan-</strong></span> 
     </span>
    </p>
   </div>
   <div class='ocr_carea' id='block_1_6' title="bbox 112 599 1578 673">
    <p class='ocr_par' dir='ltr' id='par_1_6' title="bbox 112 599 1578 673">
     <span class='ocr_line' id='line_1_6' title="bbox 112 599 1578 673; baseline -0.007 -13"><span class='ocrx_word' id='word_1_27' title='bbox 112 613 212 660; x_wconf 86' lang='lat' dir='ltr'><strong>dum</strong></span> <span class='ocrx_word' id='word_1_28' title='bbox 237 605 456 673; x_wconf 90' lang='lat' dir='ltr'><strong>piscibus</strong></span> <span class='ocrx_word' id='word_1_29' title='bbox 484 603 625 656; x_wconf 93' lang='lat' dir='ltr'><strong>haud</strong></span> <span class='ocrx_word' id='word_1_30' title='bbox 679 612 993 663; x_wconf 88' lang='lat' dir='ltr'><strong>vescuntur,</strong></span> <span class='ocrx_word' id='word_1_31' title='bbox 1026 601 1150 670; x_wconf 90' lang='lat' dir='ltr'><strong>quia</strong></span> <span class='ocrx_word' id='word_1_32' title='bbox 1185 599 1272 653; x_wconf 90' lang='lat' dir='ltr'><strong>die</strong></span> <span class='ocrx_word' id='word_1_33' title='bbox 1295 616 1320 653; x_wconf 90' lang='lat' dir='ltr'><strong>s</strong></span> <span class='ocrx_word' id='word_1_34' title='bbox 1355 600 1487 654; x_wconf 91' lang='lat' dir='ltr'><strong>istos</strong></span> <span class='ocrx_word' id='word_1_35' title='bbox 1514 614 1578 651; x_wconf 90' lang='lat' dir='ltr'><strong>eo</strong></span> 
     </span>
    </p>
   </div>
   <div class='ocr_carea' id='block_1_7' title="bbox 110 690 1602 760">
    <p class='ocr_par' dir='ltr' id='par_1_7' title="bbox 110 690 1602 760">
     <span class='ocr_line' id='line_1_7' title="bbox 110 690 1602 760; baseline -0.005 -10"><span class='ocrx_word' id='word_1_36' title='bbox 110 699 204 750; x_wconf 85' lang='lat' dir='ltr'><strong>dem</strong></span> <span class='ocrx_word' id='word_1_37' title='bbox 233 698 329 749; x_wconf 87' lang='lat' dir='ltr'><strong>loco</strong></span> <span class='ocrx_word' id='word_1_38' title='bbox 367 696 564 748; x_wconf 83' lang='lat' dir='ltr'><strong>habent</strong></span> <span class='ocrx_word' id='word_1_39' title='bbox 614 707 722 760; x_wconf 87' lang='lat' dir='ltr'><strong>quo</strong></span> <span class='ocrx_word' id='word_1_40' title='bbox 751 691 1010 760; x_wconf 79' lang='lat' dir='ltr'><strong>jejunium</strong></span> <span class='ocrx_word' id='word_1_41' title='bbox 1065 706 1340 757; x_wconf 71' lang='lat' dir='ltr'><strong>magnum.</strong></span> <span class='ocrx_word' id='word_1_42' title='bbox 1396 690 1602 756; x_wconf 82' lang='lat' dir='ltr'><strong>Quibus</strong></span> 
     </span>
    </p>
   </div>
   <div class='ocr_carea' id='block_1_8' title="bbox 106 781 1603 858">
    <p class='ocr_par' dir='ltr' id='par_1_8' title="bbox 106 781 1603 858">
     <span class='ocr_line' id='line_1_8' title="bbox 106 781 1603 858; baseline -0.005 -16"><span class='ocrx_word' id='word_1_43' title='bbox 106 805 208 858; x_wconf 80' lang='lat' dir='ltr'><strong>ergo</strong></span> <span class='ocrx_word' id='word_1_44' title='bbox 231 803 254 841; x_wconf 90' lang='lat' dir='ltr'><strong>e</strong></span> <span class='ocrx_word' id='word_1_45' title='bbox 277 785 468 839; x_wconf 65' lang='lat' dir='ltr'><strong>(ira-cis</strong></span> <span class='ocrx_word' id='word_1_46' title='bbox 501 787 675 836; x_wconf 83' lang='lat' dir='ltr'><strong>visunt</strong></span> <span class='ocrx_word' id='word_1_47' title='bbox 708 795 791 837; x_wconf 85' lang='lat' dir='ltr'><strong>est</strong></span> <span class='ocrx_word' id='word_1_48' title='bbox 821 783 1024 836; x_wconf 70' lang='lat' dir='ltr'><strong>Natalis</strong></span> <span class='ocrx_word' id='word_1_49' title='bbox 1069 783 1129 836; x_wconf 89' lang='grc' dir='ltr'><strong>Β.</strong></span> <span class='ocrx_word' id='word_1_50' title='bbox 1157 781 1412 852; x_wconf 77' lang='lat' dir='ltr'><strong>Virginis,</strong></span> <span class='ocrx_word' id='word_1_51' title='bbox 1444 791 1603 851; x_wconf 87' lang='lat' dir='ltr'><strong>atque</strong></span> 
     </span>
    </p>
   </div>
   <div class='ocr_carea' id='block_1_9' title="bbox 109 874 1597 949">
    <p class='ocr_par' dir='ltr' id='par_1_9' title="bbox 109 874 1597 949">
     <span class='ocr_line' id='line_1_9' title="bbox 109 874 1597 949; baseline -0.005 -16"><span class='ocrx_word' id='word_1_52' title='bbox 109 879 427 949; x_wconf 77' lang='lat' dir='ltr'><strong>apostolorum</strong></span> <span class='ocrx_word' id='word_1_53' title='bbox 462 876 636 943; x_wconf 78' lang='lat' dir='ltr'><strong>gratia.</strong></span> <span class='ocrx_word' id='word_1_54' title='bbox 687 876 949 945; x_wconf 84' lang='lat' dir='ltr'><strong>jejunare,</strong></span> <span class='ocrx_word' id='word_1_55' title='bbox 981 875 1079 928; x_wconf 85' lang='lat' dir='ltr'><strong>tria</strong></span> <span class='ocrx_word' id='word_1_56' title='bbox 1115 876 1216 928; x_wconf 88' lang='lat' dir='ltr'><strong>ista</strong></span> <span class='ocrx_word' id='word_1_57' title='bbox 1245 874 1450 943; x_wconf 90' lang='lat' dir='ltr'><strong>jejunia</strong></span> <span class='ocrx_word' id='word_1_58' title='bbox 1502 877 1597 928; x_wconf 87' lang='lat' dir='ltr'><strong>oh-</strong></span> 
     </span>
    </p>
   </div>
   <div class='ocr_carea' id='block_1_10' title="bbox 104 951 1599 1036">
    <p class='ocr_par' dir='ltr' id='par_1_10' title="bbox 104 951 1599 1036">
     <span class='ocr_line' id='line_1_10' title="bbox 104 951 1599 1036; baseline -0.005 -11"><span class='ocrx_word' id='word_1_59' title='bbox 104 980 304 1030; x_wconf 86' lang='lat' dir='ltr'><strong>servant,</strong></span> <span class='ocrx_word' id='word_1_60' title='bbox 332 951 509 1036; x_wconf 75' lang='lat' dir='ltr'><strong>pisces</strong></span> <span class='ocrx_word' id='word_1_61' title='bbox 543 969 758 1020; x_wconf 90' lang='lat' dir='ltr'><strong>interim</strong></span> <span class='ocrx_word' id='word_1_62' title='bbox 792 964 1160 1031; x_wconf 89' lang='lat' dir='ltr'><strong>comedentes,</strong></span> <span class='ocrx_word' id='word_1_63' title='bbox 1218 979 1448 1033; x_wconf 91' lang='lat' dir='ltr'><strong>quorum</strong></span> <span class='ocrx_word' id='word_1_64' title='bbox 1501 980 1599 1018; x_wconf 91' lang='lat' dir='ltr'><strong>esu</strong></span> 
     </span>
    </p>
   </div>
   <div class='ocr_carea' id='block_1_11' title="bbox 106 1055 1599 1124">
    <p class='ocr_par' dir='ltr' id='par_1_11' title="bbox 106 1055 1599 1124">
     <span class='ocr_line' id='line_1_11' title="bbox 106 1055 1599 1124; baseline -0.006 -11"><span class='ocrx_word' id='word_1_65' title='bbox 106 1058 313 1113; x_wconf 74' lang='lat' dir='ltr'><strong>.llercurii</strong></span> <span class='ocrx_word' id='word_1_66' title='bbox 342 1059 427 1111; x_wconf 89' lang='lat' dir='ltr'><strong>cui</strong></span> <span class='ocrx_word' id='word_1_67' title='bbox 486 1066 692 1112; x_wconf 85' lang='lat' dir='ltr'><strong>tantum</strong></span> <span class='ocrx_word' id='word_1_68' title='bbox 723 1066 775 1111; x_wconf 91' lang='lat' dir='ltr'><strong>et</strong></span> <span class='ocrx_word' id='word_1_69' title='bbox 801 1055 1048 1124; x_wconf 53' lang='lat' dir='ltr'><strong>,Veneris</strong></span> <span class='ocrx_word' id='word_1_70' title='bbox 1080 1055 1272 1108; x_wconf 88' lang='lat' dir='ltr'><strong>diebus</strong></span> <span class='ocrx_word' id='word_1_71' title='bbox 1306 1056 1599 1106; x_wconf 84' lang='lat' dir='ltr'><strong>abstinent.</strong></span> 
     </span>
    </p>
   </div>
   <div class='ocr_carea' id='block_1_12' title="bbox 104 1139 1606 1208">
    <p class='ocr_par' dir='ltr' id='par_1_12' title="bbox 104 1139 1606 1208">
     <span class='ocr_line' id='line_1_12' title="bbox 104 1139 1606 1208; baseline -0.005 -7"><span class='ocrx_word' id='word_1_72' title='bbox 104 1149 272 1201; x_wconf 77' lang='lat' dir='ltr'><strong>Eodem</strong></span> <span class='ocrx_word' id='word_1_73' title='bbox 301 1148 523 1208; x_wconf 84' lang='lat' dir='ltr'><strong>modo.si</strong></span> <span class='ocrx_word' id='word_1_74' title='bbox 551 1147 634 1200; x_wconf 92' lang='lat' dir='ltr'><strong>cui</strong></span> <span class='ocrx_word' id='word_1_75' title='bbox 657 1147 826 1200; x_wconf 88' lang='lat' dir='ltr'><strong>visum</strong></span> <span class='ocrx_word' id='word_1_76' title='bbox 849 1151 934 1198; x_wconf 88' lang='lat' dir='ltr'><strong>est</strong></span> <span class='ocrx_word' id='word_1_77' title='bbox 965 1142 1152 1197; x_wconf 87' lang='lat' dir='ltr'><strong>diebus</strong></span> <span class='ocrx_word' id='word_1_78' title='bbox 1169 1141 1412 1195; x_wconf 79' lang='lat' dir='ltr'><strong>Mercurii</strong></span> <span class='ocrx_word' id='word_1_79' title='bbox 1444 1139 1606 1194; x_wconf 78' lang='lat' dir='ltr'><strong>etVe-</strong></span> 
     </span>
    </p>
   </div>
   <div class='ocr_carea' id='block_1_13' title="bbox 102 1231 1601 1305">
    <p class='ocr_par' dir='ltr' id='par_1_13' title="bbox 102 1231 1601 1305">
     <span class='ocr_line' id='line_1_13' title="bbox 102 1231 1601 1305; baseline -0.003 -17"><span class='ocrx_word' id='word_1_80' title='bbox 102 1238 225 1289; x_wconf 87' lang='lat' dir='ltr'><strong>neris</strong></span> <span class='ocrx_word' id='word_1_81' title='bbox 261 1251 344 1304; x_wconf 88' lang='lat' dir='ltr'><strong>per</strong></span> <span class='ocrx_word' id='word_1_82' title='bbox 375 1244 543 1288; x_wconf 83' lang='lat' dir='ltr'><strong>totum</strong></span> <span class='ocrx_word' id='word_1_83' title='bbox 596 1249 795 1287; x_wconf 89' lang='lat' dir='ltr'><strong>annum</strong></span> <span class='ocrx_word' id='word_1_84' title='bbox 851 1231 1119 1300; x_wconf 86' lang='lat' dir='ltr'><strong>jejunare,</strong></span> <span class='ocrx_word' id='word_1_85' title='bbox 1161 1231 1237 1284; x_wconf 89' lang='lat' dir='ltr'><strong>illi</strong></span> <span class='ocrx_word' id='word_1_86' title='bbox 1276 1232 1601 1305; x_wconf 88' lang='lat' dir='ltr'><strong>permissum</strong></span> 
     </span>
    </p>
   </div>
   <div class='ocr_carea' id='block_1_14' title="bbox 95 1320 1599 1392">
    <p class='ocr_par' dir='ltr' id='par_1_14' title="bbox 95 1320 1599 1392">
     <span class='ocr_line' id='line_1_14' title="bbox 95 1320 1599 1392; baseline -0.004 -13"><span class='ocrx_word' id='word_1_87' title='bbox 95 1335 162 1379; x_wconf 78' lang='lat' dir='ltr'><strong>est</strong></span> <span class='ocrx_word' id='word_1_88' title='bbox 186 1328 330 1379; x_wconf 88' lang='lat' dir='ltr'><strong>etiam</strong></span> <span class='ocrx_word' id='word_1_89' title='bbox 367 1324 432 1378; x_wconf 89' lang='lat' dir='ltr'><strong>ad</strong></span> <span class='ocrx_word' id='word_1_90' title='bbox 462 1339 658 1377; x_wconf 89' lang='lat' dir='ltr'><strong>nonam</strong></span> <span class='ocrx_word' id='word_1_91' title='bbox 679 1323 925 1392; x_wconf 89' lang='lat' dir='ltr'><strong>jejunare</strong></span> <span class='ocrx_word' id='word_1_92' title='bbox 949 1331 1003 1376; x_wconf 89' lang='lat' dir='ltr'><strong>et</strong></span> <span class='ocrx_word' id='word_1_93' title='bbox 1032 1321 1276 1389; x_wconf 85' lang='lat' dir='ltr'><strong>piscibus</strong></span> <span class='ocrx_word' id='word_1_94' title='bbox 1306 1320 1599 1375; x_wconf 86' lang='lat' dir='ltr'><strong>abstinere.</strong></span> 
     </span>
    </p>
   </div>
   <div class='ocr_carea' id='block_1_15' title="bbox 98 1409 1602 1481">
    <p class='ocr_par' dir='ltr' id='par_1_15' title="bbox 98 1409 1602 1481">
     <span class='ocr_line' id='line_1_15' title="bbox 98 1409 1602 1481; baseline -0.001 -17"><span class='ocrx_word' id='word_1_95' title='bbox 98 1413 256 1481; x_wconf 67' lang='lat' dir='ltr'><strong>Neque</strong></span> <span class='ocrx_word' id='word_1_96' title='bbox 282 1414 417 1464; x_wconf 88' lang='lat' dir='ltr'><strong>enim</strong></span> <span class='ocrx_word' id='word_1_97' title='bbox 451 1411 553 1464; x_wconf 92' lang='lat' dir='ltr'><strong>hoc</strong></span> <span class='ocrx_word' id='word_1_98' title='bbox 582 1425 804 1464; x_wconf 89' lang='lat' dir='ltr'><strong>necesse</strong></span> <span class='ocrx_word' id='word_1_99' title='bbox 841 1417 943 1467; x_wconf 86' lang='lat' dir='ltr'><strong>est,</strong></span> <span class='ocrx_word' id='word_1_100' title='bbox 974 1425 1071 1463; x_wconf 87' lang='lat' dir='ltr'><strong>nec</strong></span> <span class='ocrx_word' id='word_1_101' title='bbox 1106 1409 1336 1478; x_wconf 88' lang='lat' dir='ltr'><strong>cuipiam</strong></span> <span class='ocrx_word' id='word_1_102' title='bbox 1376 1409 1602 1477; x_wconf 88' lang='lat' dir='ltr'><strong>permis-</strong></span> 
     </span>
    </p>
   </div>
   <div class='ocr_carea' id='block_1_16' title="bbox 92 1489 1603 1570">
    <p class='ocr_par' dir='ltr' id='par_1_16' title="bbox 92 1489 1603 1570">
     <span class='ocr_line' id='line_1_16' title="bbox 92 1489 1603 1570; baseline -0.003 -15"><span class='ocrx_word' id='word_1_103' title='bbox 92 1519 194 1570; x_wconf 80' lang='lat' dir='ltr'><strong>sum</strong></span> <span class='ocrx_word' id='word_1_104' title='bbox 239 1499 391 1570; x_wconf 67' lang='grc'><strong>524</strong></span> <span class='ocrx_word' id='word_1_105' title='bbox 423 1510 481 1553; x_wconf 93' lang='lat' dir='ltr'><strong>ut</strong></span> <span class='ocrx_word' id='word_1_106' title='bbox 510 1500 713 1569; x_wconf 89' lang='lat' dir='ltr'><strong>jejunia</strong></span> <span class='ocrx_word' id='word_1_107' title='bbox 749 1501 1042 1554; x_wconf 88' lang='lat' dir='ltr'><strong>observans</strong></span> <span class='ocrx_word' id='word_1_108' title='bbox 1076 1489 1302 1567; x_wconf 79' lang='lat' dir='ltr'><strong>piscium</strong></span> <span class='ocrx_word' id='word_1_109' title='bbox 1333 1515 1485 1554; x_wconf 88' lang='lat' dir='ltr'><strong>esum</strong></span> <span class='ocrx_word' id='word_1_110' title='bbox 1521 1501 1603 1552; x_wconf 90' lang='lat' dir='ltr'><strong>iu—</strong></span> 
     </span>
    </p>
   </div>
   <div class='ocr_carea' id='block_1_17' title="bbox 94 1568 1603 1658">
    <p class='ocr_par' dir='ltr' id='par_1_17' title="bbox 94 1568 1603 1658">
     <span class='ocr_line' id='line_1_17' title="bbox 94 1568 1603 1658; baseline -0.004 -14"><span class='ocrx_word' id='word_1_111' title='bbox 94 1568 536 1658; x_wconf 38' lang='lat' dir='ltr'><strong>tcr&#39;jejnna—ndum</strong></span> <span class='ocrx_word' id='word_1_112' title='bbox 571 1568 793 1651; x_wconf 81' lang='lat' dir='ltr'><strong>abnuat,</strong></span> <span class='ocrx_word' id='word_1_113' title='bbox 852 1587 951 1638; x_wconf 90' lang='lat' dir='ltr'><strong>nisi</strong></span> <span class='ocrx_word' id='word_1_114' title='bbox 1005 1587 1195 1640; x_wconf 86' lang='lat' dir='ltr'><strong>diebus</strong></span> <span class='ocrx_word' id='word_1_115' title='bbox 1250 1585 1502 1640; x_wconf 77' lang='lat' dir='ltr'><strong>Mercurii</strong></span> <span class='ocrx_word' id='word_1_116' title='bbox 1551 1597 1603 1639; x_wconf 87' lang='lat' dir='ltr'><strong>et</strong></span> 
     </span>
    </p>
   </div>
   <div class='ocr_carea' id='block_1_18' title="bbox 96 1675 1604 1749">
    <p class='ocr_par' dir='ltr' id='par_1_18' title="bbox 96 1675 1604 1749">
     <span class='ocr_line' id='line_1_18' title="bbox 96 1675 1604 1749; baseline -0.002 -20"><span class='ocrx_word' id='word_1_117' title='bbox 96 1681 290 1733; x_wconf 77' lang='lat' dir='ltr'><strong>Veneris</strong></span> <span class='ocrx_word' id='word_1_118' title='bbox 327 1678 426 1749; x_wconf 80' lang='lat' dir='ltr'><strong>{uti</strong></span> <span class='ocrx_word' id='word_1_119' title='bbox 452 1678 562 1747; x_wconf 90' lang='lat' dir='ltr'><strong>jam</strong></span> <span class='ocrx_word' id='word_1_120' title='bbox 591 1677 796 1731; x_wconf 89' lang='lat' dir='ltr'><strong>dictum</strong></span> <span class='ocrx_word' id='word_1_121' title='bbox 831 1676 937 1748; x_wconf 87' lang='lat' dir='ltr'><strong>est]</strong></span> <span class='ocrx_word' id='word_1_122' title='bbox 990 1685 1042 1731; x_wconf 88' lang='lat' dir='ltr'><strong>et</strong></span> <span class='ocrx_word' id='word_1_123' title='bbox 1071 1676 1125 1728; x_wconf 88' lang='lat' dir='ltr'><strong>in</strong></span> <span class='ocrx_word' id='word_1_124' title='bbox 1153 1675 1358 1744; x_wconf 81' lang='lat' dir='ltr'><strong>jejunio</strong></span> <span class='ocrx_word' id='word_1_125' title='bbox 1392 1691 1604 1746; x_wconf 77' lang='lat' dir='ltr'><strong>magno,</strong></span> 
     </span>
    </p>
   </div>
   <div class='ocr_carea' id='block_1_19' title="bbox 90 1765 1607 1834">
    <p class='ocr_par' dir='ltr' id='par_1_19' title="bbox 90 1765 1607 1834">
     <span class='ocr_line' id='line_1_19' title="bbox 90 1765 1607 1834; baseline -0.001 -14"><span class='ocrx_word' id='word_1_126' title='bbox 90 1784 171 1822; x_wconf 85' lang='lat' dir='ltr'><strong>nec</strong></span> <span class='ocrx_word' id='word_1_127' title='bbox 200 1785 302 1822; x_wconf 88' lang='lat' dir='ltr'><strong>non</strong></span> <span class='ocrx_word' id='word_1_128' title='bbox 337 1769 476 1821; x_wconf 88' lang='lat' dir='ltr'><strong>binis</strong></span> <span class='ocrx_word' id='word_1_129' title='bbox 510 1767 715 1834; x_wconf 66' lang='lat' dir='ltr'><strong>vigiliis</strong></span> <span class='ocrx_word' id='word_1_130' title='bbox 751 1781 868 1834; x_wconf 69' lang='lat' dir='ltr'><strong>qua:</strong></span> <span class='ocrx_word' id='word_1_131' title='bbox 929 1767 1063 1819; x_wconf 87' lang='lat' dir='ltr'><strong>festa</strong></span> <span class='ocrx_word' id='word_1_132' title='bbox 1117 1765 1320 1818; x_wconf 81' lang='lat' dir='ltr'><strong>Natalis</strong></span> <span class='ocrx_word' id='word_1_133' title='bbox 1374 1774 1428 1819; x_wconf 89' lang='lat' dir='ltr'><strong>et</strong></span> <span class='ocrx_word' id='word_1_134' title='bbox 1477 1765 1607 1834; x_wconf 87' lang='lat' dir='ltr'><strong>Epi-</strong></span> 
     </span>
    </p>
   </div>
   <div class='ocr_carea' id='block_1_20' title="bbox 88 1854 1604 1929">
    <p class='ocr_par' dir='ltr' id='par_1_20' title="bbox 88 1854 1604 1929">
     <span class='ocr_line' id='line_1_20' title="bbox 88 1854 1604 1929; baseline -0.001 -19"><span class='ocrx_word' id='word_1_135' title='bbox 88 1861 281 1929; x_wconf 67' lang='lat' dir='ltr'><strong>phaniae</strong></span> <span class='ocrx_word' id='word_1_136' title='bbox 321 1858 650 1925; x_wconf 65' lang='lat' dir='ltr'><strong>praecedunt.</strong></span> <span class='ocrx_word' id='word_1_137' title='bbox 686 1858 754 1908; x_wconf 87' lang='lat' dir='ltr'><strong>At</strong></span> <span class='ocrx_word' id='word_1_138' title='bbox 809 1856 1052 1908; x_wconf 88' lang='lat' dir='ltr'><strong>nonnulli</strong></span> <span class='ocrx_word' id='word_1_139' title='bbox 1113 1854 1421 1909; x_wconf 60' lang='lat' dir='ltr'><strong>Graecorum</strong></span> <span class='ocrx_word' id='word_1_140' title='bbox 1477 1856 1604 1909; x_wconf 82' lang='lat' dir='ltr'><strong>Mel-</strong></span> 
     </span>
    </p>
   </div>
   <div class='ocr_carea' id='block_1_21' title="bbox 85 1943 1606 2015">
    <p class='ocr_par' dir='ltr' id='par_1_21' title="bbox 85 1943 1606 2015">
     <span class='ocr_line' id='line_1_21' title="bbox 85 1943 1606 2015; baseline -0.001 -12"><span class='ocrx_word' id='word_1_141' title='bbox 85 1951 337 2003; x_wconf 89' lang='lat' dir='ltr'><strong>chitarum</strong></span> <span class='ocrx_word' id='word_1_142' title='bbox 371 1948 425 2001; x_wconf 88' lang='lat' dir='ltr'><strong>in</strong></span> <span class='ocrx_word' id='word_1_143' title='bbox 451 1945 694 2015; x_wconf 86' lang='lat' dir='ltr'><strong>jejuniis,</strong></span> <span class='ocrx_word' id='word_1_144' title='bbox 739 1944 895 1998; x_wconf 89' lang='lat' dir='ltr'><strong>etiam</strong></span> <span class='ocrx_word' id='word_1_145' title='bbox 951 1945 1010 1998; x_wconf 84' lang='grc' dir='ltr'><strong>Β.</strong></span> <span class='ocrx_word' id='word_1_146' title='bbox 1048 1943 1286 2014; x_wconf 77' lang='lat' dir='ltr'><strong>Virginis</strong></span> <span class='ocrx_word' id='word_1_147' title='bbox 1315 1946 1485 2014; x_wconf 76' lang='lat' dir='ltr'><strong>gratia</strong></span> <span class='ocrx_word' id='word_1_148' title='bbox 1514 1952 1606 2002; x_wconf 84' lang='lat' dir='ltr'><strong>ob-</strong></span> 
     </span>
    </p>
   </div>
   <div class='ocr_carea' id='block_1_22' title="bbox 83 2023 1601 2109">
    <p class='ocr_par' dir='ltr' id='par_1_22' title="bbox 83 2023 1601 2109">
     <span class='ocr_line' id='line_1_22' title="bbox 83 2023 1601 2109; baseline -0.001 -13"><span class='ocrx_word' id='word_1_149' title='bbox 83 2041 366 2105; x_wconf 83' lang='lat' dir='ltr'><strong>servandis,</strong></span> <span class='ocrx_word' id='word_1_150' title='bbox 404 2054 434 2092; x_wconf 91' lang='lat' dir='ltr'><strong>a</strong></span> <span class='ocrx_word' id='word_1_151' title='bbox 467 2023 824 2109; x_wconf 28' lang='lat' dir='ltr'><strong>piscinm&#39;esu</strong></span> <span class='ocrx_word' id='word_1_152' title='bbox 857 2054 914 2093; x_wconf 90' lang='lat' dir='ltr'><strong>se</strong></span> <span class='ocrx_word' id='word_1_153' title='bbox 949 2040 1247 2093; x_wconf 89' lang='lat' dir='ltr'><strong>continent.</strong></span> <span class='ocrx_word' id='word_1_154' title='bbox 1284 2039 1450 2104; x_wconf 84' lang='lat' dir='ltr'><strong>Quem</strong></span> <span class='ocrx_word' id='word_1_155' title='bbox 1481 2054 1601 2094; x_wconf 85' lang='lat' dir='ltr'><strong>mo-</strong></span> 
     </span>
    </p>
   </div>
   <div class='ocr_carea' id='block_1_23' title="bbox 80 2128 1603 2212">
    <p class='ocr_par' dir='ltr' id='par_1_23' title="bbox 80 2128 1603 2212">
     <span class='ocr_line' id='line_1_23' title="bbox 80 2128 1603 2212; baseline -0.002 -28"><span class='ocrx_word' id='word_1_156' title='bbox 80 2149 178 2187; x_wconf 87' lang='lat' dir='ltr'><strong>rem</strong></span> <span class='ocrx_word' id='word_1_157' title='bbox 209 2131 509 2185; x_wconf 89' lang='lat' dir='ltr'><strong>hauserunt</strong></span> <span class='ocrx_word' id='word_1_158' title='bbox 544 2145 572 2183; x_wconf 93' lang='lat' dir='ltr'><strong>e</strong></span> <span class='ocrx_word' id='word_1_159' title='bbox 612 2130 788 2199; x_wconf 86' lang='lat' dir='ltr'><strong>typico</strong></span> <span class='ocrx_word' id='word_1_160' title='bbox 818 2129 990 2184; x_wconf 86' lang='lat' dir='ltr'><strong>sancti</strong></span> <span class='ocrx_word' id='word_1_161' title='bbox 1024 2128 1136 2182; x_wconf 85' lang='lat' dir='ltr'><strong>Mar</strong></span> <span class='ocrx_word' id='word_1_162' title='bbox 1163 2128 1351 2193; x_wconf 60' lang='lat' dir='ltr'><strong>Saba;</strong></span> <span class='ocrx_word' id='word_1_163' title='bbox 1390 2143 1488 2212; x_wconf 55' lang='grc' dir='ltr'><strong>ιλθο</strong></span> <span class='ocrx_word' id='word_1_164' title='bbox 1521 2139 1603 2184; x_wconf 90' lang='lat' dir='ltr'><strong>est</strong></span> 
     </span>
    </p>
   </div>
   <div class='ocr_carea' id='block_1_24' title="bbox 78 2219 1605 2288">
    <p class='ocr_par' dir='ltr' id='par_1_24' title="bbox 78 2219 1605 2288">
     <span class='ocr_line' id='line_1_24' title="bbox 78 2219 1605 2288; baseline -0.001 -13"><span class='ocrx_word' id='word_1_165' title='bbox 78 2226 123 2275; x_wconf 90' lang='lat' dir='ltr'><strong>in</strong></span> <span class='ocrx_word' id='word_1_166' title='bbox 175 2236 362 2276; x_wconf 90' lang='lat' dir='ltr'><strong>eorum</strong></span> <span class='ocrx_word' id='word_1_167' title='bbox 420 2221 744 2275; x_wconf 83' lang='lat' dir='ltr'><strong>abstinentia</strong></span> <span class='ocrx_word' id='word_1_168' title='bbox 799 2221 900 2274; x_wconf 88' lang='lat' dir='ltr'><strong>ista</strong></span> <span class='ocrx_word' id='word_1_169' title='bbox 953 2228 1254 2288; x_wconf 88' lang='lat' dir='ltr'><strong>peccatum.</strong></span> <span class='ocrx_word' id='word_1_170' title='bbox 1317 2219 1420 2284; x_wconf 85' lang='lat' dir='ltr'><strong>Qui</strong></span> <span class='ocrx_word' id='word_1_171' title='bbox 1470 2220 1605 2273; x_wconf 88' lang='lat' dir='ltr'><strong>alias</strong></span> 
     </span>
    </p>
   </div>
   <div class='ocr_carea' id='block_1_25' title="bbox 72 2310 1600 2379">
    <p class='ocr_par' dir='ltr' id='par_1_25' title="bbox 72 2310 1600 2379">
     <span class='ocr_line' id='line_1_25' title="bbox 72 2310 1600 2379; baseline -0.001 -15"><span class='ocrx_word' id='word_1_172' title='bbox 72 2314 256 2365; x_wconf 82' lang='lat' dir='ltr'><strong>statuit</strong></span> <span class='ocrx_word' id='word_1_173' title='bbox 293 2313 409 2379; x_wconf 90' lang='lat' dir='ltr'><strong>ipse</strong></span> <span class='ocrx_word' id='word_1_174' title='bbox 447 2321 649 2379; x_wconf 82' lang='lat' dir='ltr'><strong>peccat,</strong></span> <span class='ocrx_word' id='word_1_175' title='bbox 703 2310 912 2378; x_wconf 82' lang='lat' dir='ltr'><strong>legique</strong></span> <span class='ocrx_word' id='word_1_176' title='bbox 944 2311 1271 2364; x_wconf 86' lang='lat' dir='ltr'><strong>contradicit</strong></span> <span class='ocrx_word' id='word_1_177' title='bbox 1295 2319 1347 2363; x_wconf 87' lang='lat' dir='ltr'><strong>et</strong></span> <span class='ocrx_word' id='word_1_178' title='bbox 1380 2311 1600 2363; x_wconf 86' lang='lat' dir='ltr'><strong>manda-</strong></span> 
     </span>
    </p>
   </div>
   <div class='ocr_carea' id='block_1_26' title="bbox 72 2397 1606 2460">
    <p class='ocr_par' dir='ltr' id='par_1_26' title="bbox 72 2397 1606 2460">
     <span class='ocr_line' id='line_1_26' title="bbox 72 2397 1606 2460; baseline -0.001 -6"><span class='ocrx_word' id='word_1_179' title='bbox 72 2415 174 2454; x_wconf 87' lang='lat' dir='ltr'><strong>tum</strong></span> <span class='ocrx_word' id='word_1_180' title='bbox 209 2397 395 2456; x_wconf 77' lang='lat' dir='ltr'><strong>solvit.</strong></span> <span class='ocrx_word' id='word_1_181' title='bbox 431 2402 501 2456; x_wconf 79' lang='lat' dir='ltr'><strong>Lit</strong></span> <span class='ocrx_word' id='word_1_182' title='bbox 548 2411 723 2454; x_wconf 85' lang='lat' dir='ltr'><strong>autem</strong></span> <span class='ocrx_word' id='word_1_183' title='bbox 762 2402 826 2454; x_wconf 87' lang='lat' dir='ltr'><strong>ad</strong></span> <span class='ocrx_word' id='word_1_184' title='bbox 878 2402 1155 2454; x_wconf 82' lang='lat' dir='ltr'><strong>historiam</strong></span> <span class='ocrx_word' id='word_1_185' title='bbox 1198 2400 1265 2453; x_wconf 89' lang='lat' dir='ltr'><strong>de</strong></span> <span class='ocrx_word' id='word_1_186' title='bbox 1299 2400 1606 2460; x_wconf 85' lang='lat' dir='ltr'><strong>Theodosio</strong></span> 
     </span>
    </p>
   </div>
   <div class='ocr_carea' id='block_1_27' title="bbox 64 2491 1606 2561">
    <p class='ocr_par' dir='ltr' id='par_1_27' title="bbox 64 2491 1606 2561">
     <span class='ocr_line' id='line_1_27' title="bbox 64 2491 1606 2561; baseline -0.001 -16"><span class='ocrx_word' id='word_1_187' title='bbox 64 2505 112 2547; x_wconf 67' lang='lat' dir='ltr'><strong>tt</strong></span> <span class='ocrx_word' id='word_1_188' title='bbox 143 2493 463 2561; x_wconf 82' lang='lat' dir='ltr'><strong>Theophilo,</strong></span> <span class='ocrx_word' id='word_1_189' title='bbox 517 2493 571 2544; x_wconf 90' lang='lat' dir='ltr'><strong>in</strong></span> <span class='ocrx_word' id='word_1_190' title='bbox 620 2507 724 2559; x_wconf 88' lang='lat' dir='ltr'><strong>qua</strong></span> <span class='ocrx_word' id='word_1_191' title='bbox 785 2493 1084 2545; x_wconf 82' lang='lat' dir='ltr'><strong>enarranda</strong></span> <span class='ocrx_word' id='word_1_192' title='bbox 1119 2491 1340 2554; x_wconf 87' lang='lat' dir='ltr'><strong>fuimus,</strong></span> <span class='ocrx_word' id='word_1_193' title='bbox 1372 2506 1606 2546; x_wconf 74' lang='lat' dir='ltr'><strong>reverta-</strong></span> 
     </span>
    </p>
   </div>
   <div class='ocr_carea' id='block_1_28' title="bbox 66 2580 1611 2652">
    <p class='ocr_par' dir='ltr' id='par_1_28' title="bbox 66 2580 1611 2652">
     <span class='ocr_line' id='line_1_28' title="bbox 66 2580 1611 2652; baseline -0.001 -16"><span class='ocrx_word' id='word_1_194' title='bbox 66 2601 202 2638; x_wconf 89' lang='lat' dir='ltr'><strong>mur.</strong></span> <span class='ocrx_word' id='word_1_195' title='bbox 236 2583 578 2652; x_wconf 86' lang='lat' dir='ltr'><strong>Theophilus</strong></span> <span class='ocrx_word' id='word_1_196' title='bbox 611 2580 902 2636; x_wconf 86' lang='lat' dir='ltr'><strong>Theodosii</strong></span> <span class='ocrx_word' id='word_1_197' title='bbox 956 2582 1096 2650; x_wconf 77' lang='lat' dir='ltr'><strong>regis</strong></span> <span class='ocrx_word' id='word_1_198' title='bbox 1129 2583 1333 2636; x_wconf 88' lang='lat' dir='ltr'><strong>amicus</strong></span> <span class='ocrx_word' id='word_1_199' title='bbox 1371 2582 1438 2635; x_wconf 89' lang='lat' dir='ltr'><strong>ad</strong></span> <span class='ocrx_word' id='word_1_200' title='bbox 1487 2598 1611 2651; x_wconf 89' lang='lat' dir='ltr'><strong>por-</strong></span> 
     </span>
    </p>
   </div>
   <div class='ocr_carea' id='block_1_29' title="bbox 61 2675 1606 2746">
    <p class='ocr_par' dir='ltr' id='par_1_29' title="bbox 61 2675 1606 2746">
     <span class='ocr_line' id='line_1_29' title="bbox 61 2675 1606 2746; baseline -0.001 -18"><span class='ocrx_word' id='word_1_201' title='bbox 61 2687 165 2730; x_wconf 86' lang='lat' dir='ltr'><strong>tam</strong></span> <span class='ocrx_word' id='word_1_202' title='bbox 191 2677 374 2746; x_wconf 76' lang='lat' dir='ltr'><strong>ipsius</strong></span> <span class='ocrx_word' id='word_1_203' title='bbox 410 2675 672 2744; x_wconf 78' lang='lat' dir='ltr'><strong>integrum</strong></span> <span class='ocrx_word' id='word_1_204' title='bbox 715 2690 911 2727; x_wconf 88' lang='lat' dir='ltr'><strong>annum</strong></span> <span class='ocrx_word' id='word_1_205' title='bbox 950 2682 1189 2728; x_wconf 88' lang='lat' dir='ltr'><strong>moratus</strong></span> <span class='ocrx_word' id='word_1_206' title='bbox 1235 2675 1410 2744; x_wconf 86' lang='lat' dir='ltr'><strong>ipsum</strong></span> <span class='ocrx_word' id='word_1_207' title='bbox 1463 2675 1606 2728; x_wconf 86' lang='lat' dir='ltr'><strong>haud</strong></span> 
     </span>
    </p>
   </div>
   <div class='ocr_carea' id='block_1_30' title="bbox 58 2762 1604 2833">
    <p class='ocr_par' dir='ltr' id='par_1_30' title="bbox 58 2762 1604 2833">
     <span class='ocr_line' id='line_1_30' title="bbox 58 2762 1604 2833; baseline -0.003 -14"><span class='ocrx_word' id='word_1_208' title='bbox 58 2774 434 2821; x_wconf 84' lang='lat' dir='ltr'><strong>convenerat:</strong></span> <span class='ocrx_word' id='word_1_209' title='bbox 489 2762 734 2833; x_wconf 83' lang='lat' dir='ltr'><strong>quamvis</strong></span> <span class='ocrx_word' id='word_1_210' title='bbox 789 2763 932 2817; x_wconf 86' lang='lat' dir='ltr'><strong>enim</strong></span> <span class='ocrx_word' id='word_1_211' title='bbox 983 2763 1222 2829; x_wconf 83' lang='lat' dir='ltr'><strong>quotidie</strong></span> <span class='ocrx_word' id='word_1_212' title='bbox 1281 2763 1347 2816; x_wconf 92' lang='lat' dir='ltr'><strong>ad</strong></span> <span class='ocrx_word' id='word_1_213' title='bbox 1396 2773 1604 2832; x_wconf 79' lang='lat' dir='ltr'><strong>portant</strong></span> 
     </span>
    </p>
   </div>
   <div class='ocr_carea' id='block_1_31' title="bbox 60 2854 1606 2925">
    <p class='ocr_par' dir='ltr' id='par_1_31' title="bbox 60 2854 1606 2925">
     <span class='ocr_line' id='line_1_31' title="bbox 60 2854 1606 2925; baseline 0.001 -18"><span class='ocrx_word' id='word_1_214' title='bbox 60 2857 203 2925; x_wconf 81' lang='lat' dir='ltr'><strong>regis</strong></span> <span class='ocrx_word' id='word_1_215' title='bbox 233 2854 507 2908; x_wconf 80' lang='lat' dir='ltr'><strong>accedens</strong></span> <span class='ocrx_word' id='word_1_216' title='bbox 533 2854 801 2922; x_wconf 87' lang='lat' dir='ltr'><strong>janitores</strong></span> <span class='ocrx_word' id='word_1_217' title='bbox 829 2867 1063 2921; x_wconf 72' lang='lat' dir='ltr'><strong>-rogaret</strong></span> <span class='ocrx_word' id='word_1_218' title='bbox 1095 2861 1258 2921; x_wconf 90' lang='lat' dir='ltr'><strong>atque</strong></span> <span class='ocrx_word' id='word_1_219' title='bbox 1294 2863 1606 2922; x_wconf 84' lang='lat' dir='ltr'><strong>precaretur</strong></span> 
     </span>
    </p>
   </div>
   <div class='ocr_carea' id='block_1_32' title="bbox 57 2941 1612 3012">
    <p class='ocr_par' dir='ltr' id='par_1_32' title="bbox 57 2941 1612 3012">
     <span class='ocr_line' id='line_1_32' title="bbox 57 2941 1612 3012; baseline 0.001 -17"><span class='ocrx_word' id='word_1_220' title='bbox 57 2954 112 2996; x_wconf 74' lang='lat' dir='ltr'><strong>ut</strong></span> <span class='ocrx_word' id='word_1_221' title='bbox 146 2946 220 2995; x_wconf 91' lang='lat' dir='ltr'><strong>ab</strong></span> <span class='ocrx_word' id='word_1_222' title='bbox 262 2945 388 3012; x_wconf 89' lang='lat' dir='ltr'><strong>ipso</strong></span> <span class='ocrx_word' id='word_1_223' title='bbox 429 2942 491 2994; x_wconf 87' lang='lat' dir='ltr'><strong>ad</strong></span> <span class='ocrx_word' id='word_1_224' title='bbox 543 2956 716 3009; x_wconf 82' lang='lat' dir='ltr'><strong>regem</strong></span> <span class='ocrx_word' id='word_1_225' title='bbox 753 2941 994 2994; x_wconf 89' lang='lat' dir='ltr'><strong>chartam</strong></span> <span class='ocrx_word' id='word_1_226' title='bbox 1049 2941 1340 3006; x_wconf 84' lang='lat' dir='ltr'><strong>deferrent,</strong></span> <span class='ocrx_word' id='word_1_227' title='bbox 1392 2943 1460 2996; x_wconf 89' lang='lat' dir='ltr'><strong>ab</strong></span> <span class='ocrx_word' id='word_1_228' title='bbox 1505 2945 1612 2997; x_wconf 83' lang='lat' dir='ltr'><strong>illis</strong></span> 
     </span>
    </p>
   </div>
   <div class='ocr_carea' id='block_1_33' title="bbox 1707 496 3256 572">
    <p class='ocr_par' dir='ltr' id='par_1_33' title="bbox 1707 496 3256 572">
     <span class='ocr_line' id='line_1_33' title="bbox 1707 496 3256 572; baseline -0.003 -17"><span class='ocrx_word' id='word_1_229' title='bbox 1707 504 1875 558; x_wconf 87' lang='lat' dir='ltr'><strong>Theta</strong></span> <span class='ocrx_word' id='word_1_230' title='bbox 1901 503 2130 572; x_wconf 89' lang='lat' dir='ltr'><strong>primum</strong></span> <span class='ocrx_word' id='word_1_231' title='bbox 2159 509 2241 555; x_wconf 91' lang='lat' dir='ltr'><strong>est</strong></span> <span class='ocrx_word' id='word_1_232' title='bbox 2271 499 2403 562; x_wconf 65' lang='grc' dir='ltr'>Θεὸς</span> <span class='ocrx_word' id='word_1_233' title='bbox 2427 498 2572 567; x_wconf 91' lang='lat' dir='ltr'><strong>quod</strong></span> <span class='ocrx_word' id='word_1_234' title='bbox 2602 507 2687 552; x_wconf 89' lang='lat' dir='ltr'><strong>est</strong></span> <span class='ocrx_word' id='word_1_235' title='bbox 2719 500 2859 553; x_wconf 86' lang='lat' dir='ltr'><strong>Deus</strong></span> <span class='ocrx_word' id='word_1_236' title='bbox 2883 515 2898 562; x_wconf 92' lang='lat'><strong>;</strong></span> <span class='ocrx_word' id='word_1_237' title='bbox 2927 496 3256 562; x_wconf 83' lang='lat' dir='ltr'><strong>secundum,</strong></span> 
     </span>
    </p>
   </div>
   <div class='ocr_carea' id='block_1_34' title="bbox 1710 585 3257 655">
    <p class='ocr_par' dir='ltr' id='par_1_34' title="bbox 1710 585 3257 655">
     <span class='ocr_line' id='line_1_34' title="bbox 1710 585 3257 655; baseline -0.005 -11"><span class='ocrx_word' id='word_1_238' title='bbox 1710 590 2049 646; x_wconf 87' lang='lat' dir='ltr'><strong>Theodosius</strong></span> <span class='ocrx_word' id='word_1_239' title='bbox 2105 605 2234 654; x_wconf 79' lang='lat' dir='ltr'><strong>rex;</strong></span> <span class='ocrx_word' id='word_1_240' title='bbox 2264 587 2508 650; x_wconf 85' lang='lat' dir='ltr'><strong>tertium,</strong></span> <span class='ocrx_word' id='word_1_241' title='bbox 2551 585 2879 655; x_wconf 85' lang='lat' dir='ltr'><strong>Theophilus</strong></span> <span class='ocrx_word' id='word_1_242' title='bbox 2926 586 3257 654; x_wconf 75' lang='lat' dir='ltr'><strong>patriarcha.</strong></span> 
     </span>
    </p>
   </div>
   <div class='ocr_carea' id='block_1_35' title="bbox 1710 679 3259 752">
    <p class='ocr_par' dir='ltr' id='par_1_35' title="bbox 1710 679 3259 752">
     <span class='ocr_line' id='line_1_35' title="bbox 1710 679 3259 752; baseline -0.004 -14"><span class='ocrx_word' id='word_1_243' title='bbox 1710 685 1846 738; x_wconf 85' lang='lat' dir='ltr'><strong>Tum</strong></span> <span class='ocrx_word' id='word_1_244' title='bbox 1879 683 2094 738; x_wconf 86' lang='lat' dir='ltr'><strong>sublato</strong></span> <span class='ocrx_word' id='word_1_245' title='bbox 2138 681 2454 752; x_wconf 88' lang='lat' dir='ltr'><strong>pavimento</strong></span> <span class='ocrx_word' id='word_1_246' title='bbox 2495 693 2744 748; x_wconf 74' lang='lat' dir='ltr'><strong>magnam</strong></span> <span class='ocrx_word' id='word_1_247' title='bbox 2785 679 2888 732; x_wconf 86' lang='lat' dir='ltr'><strong>sub</strong></span> <span class='ocrx_word' id='word_1_248' title='bbox 2917 693 2980 732; x_wconf 90' lang='lat' dir='ltr'><strong>eo</strong></span> <span class='ocrx_word' id='word_1_249' title='bbox 3016 681 3259 747; x_wconf 66' lang='lat' dir='ltr'><strong>pecuniae</strong></span> 
     </span>
    </p>
   </div>
   <div class='ocr_carea' id='block_1_36' title="bbox 1710 769 3259 842">
    <p class='ocr_par' dir='ltr' id='par_1_36' title="bbox 1710 769 3259 842">
     <span class='ocr_line' id='line_1_36' title="bbox 1710 769 3259 842; baseline -0.003 -16"><span class='ocrx_word' id='word_1_250' title='bbox 1710 775 1814 827; x_wconf 87' lang='lat' dir='ltr'><strong>vim</strong></span> <span class='ocrx_word' id='word_1_251' title='bbox 1848 775 2063 842; x_wconf 89' lang='lat' dir='ltr'><strong>reperit,</strong></span> <span class='ocrx_word' id='word_1_252' title='bbox 2100 775 2256 842; x_wconf 86' lang='lat' dir='ltr'><strong>cujus</strong></span> <span class='ocrx_word' id='word_1_253' title='bbox 2312 788 2431 826; x_wconf 90' lang='lat' dir='ltr'><strong>cum</strong></span> <span class='ocrx_word' id='word_1_254' title='bbox 2487 787 2583 840; x_wconf 90' lang='lat' dir='ltr'><strong>per</strong></span> <span class='ocrx_word' id='word_1_255' title='bbox 2633 771 2844 824; x_wconf 84' lang='lat' dir='ltr'><strong>litteras</strong></span> <span class='ocrx_word' id='word_1_256' title='bbox 2900 769 3259 824; x_wconf 80' lang='lat' dir='ltr'><strong>Theodosium</strong></span> 
     </span>
    </p>
   </div>
   <div class='ocr_carea' id='block_1_37' title="bbox 1706 860 3260 931">
    <p class='ocr_par' dir='ltr' id='par_1_37' title="bbox 1706 860 3260 931">
     <span class='ocr_line' id='line_1_37' title="bbox 1706 860 3260 931; baseline -0.001 -15"><span class='ocrx_word' id='word_1_257' title='bbox 1706 879 1883 931; x_wconf 78' lang='lat' dir='ltr'><strong>regem</strong></span> <span class='ocrx_word' id='word_1_258' title='bbox 1915 864 2200 916; x_wconf 88' lang='lat' dir='ltr'><strong>certiorem</strong></span> <span class='ocrx_word' id='word_1_259' title='bbox 2256 863 2498 923; x_wconf 87' lang='lat' dir='ltr'><strong>fecisset,</strong></span> <span class='ocrx_word' id='word_1_260' title='bbox 2532 861 2810 930; x_wconf 74' lang='lat' dir='ltr'><strong>rescripsit</strong></span> <span class='ocrx_word' id='word_1_261' title='bbox 2846 861 2937 915; x_wconf 88' lang='lat' dir='ltr'><strong>ille</strong></span> <span class='ocrx_word' id='word_1_262' title='bbox 2972 877 2986 913; x_wconf 92' lang='lat'><strong>:</strong></span> <span class='ocrx_word' id='word_1_263' title='bbox 3024 860 3260 915; x_wconf 79' lang='lat' dir='ltr'><strong>Pecunia</strong></span> 
     </span>
    </p>
   </div>
   <div class='ocr_carea' id='block_1_38' title="bbox 1706 939 3263 1022">
    <p class='ocr_par' dir='ltr' id='par_1_38' title="bbox 1706 939 3263 1022">
     <span class='ocr_line' id='line_1_38' title="bbox 1706 939 3263 1022; baseline -0.001 -17"><span class='ocrx_word' id='word_1_264' title='bbox 1706 939 1808 1005; x_wconf 83' lang='lat' dir='ltr'><strong>ista</strong></span> <span class='ocrx_word' id='word_1_265' title='bbox 1845 953 2104 1006; x_wconf 87' lang='lat' dir='ltr'><strong>ecclesias</strong></span> <span class='ocrx_word' id='word_1_266' title='bbox 2131 960 2373 1006; x_wconf 85' lang='lat' dir='ltr'><strong>exstrue.</strong></span> <span class='ocrx_word' id='word_1_267' title='bbox 2417 951 2580 1021; x_wconf 75' lang='lat'><strong>528</strong></span> <span class='ocrx_word' id='word_1_268' title='bbox 2613 952 2895 1007; x_wconf 80' lang='lat' dir='ltr'><strong>Exstruxit</strong></span> <span class='ocrx_word' id='word_1_269' title='bbox 2925 967 3054 1022; x_wconf 77' lang='lat' dir='ltr'><strong>ergo</strong></span> <span class='ocrx_word' id='word_1_270' title='bbox 3086 950 3263 1005; x_wconf 89' lang='lat' dir='ltr'><strong>Theo-</strong></span> 
     </span>
    </p>
   </div>
   <div class='ocr_carea' id='block_1_39' title="bbox 1714 1025 3264 1112">
    <p class='ocr_par' dir='ltr' id='par_1_39' title="bbox 1714 1025 3264 1112">
     <span class='ocr_line' id='line_1_39' title="bbox 1714 1025 3264 1112; baseline 0.001 -20"><span class='ocrx_word' id='word_1_271' title='bbox 1714 1041 1900 1110; x_wconf 87' lang='lat' dir='ltr'><strong>philus</strong></span> <span class='ocrx_word' id='word_1_272' title='bbox 1970 1043 2281 1111; x_wconf 86' lang='lat' dir='ltr'><strong>patriarcha</strong></span> <span class='ocrx_word' id='word_1_273' title='bbox 2357 1025 2640 1096; x_wconf 75' lang='lat' dir='ltr'><strong>ecclesiam</strong></span> <span class='ocrx_word' id='word_1_274' title='bbox 2720 1059 2993 1112; x_wconf 78' lang='lat' dir='ltr'><strong>magnam.</strong></span> <span class='ocrx_word' id='word_1_275' title='bbox 3043 1041 3264 1096; x_wconf 85' lang='lat' dir='ltr'><strong>nomine</strong></span> 
     </span>
    </p>
   </div>
   <div class='ocr_carea' id='block_1_40' title="bbox 1710 1132 3265 1202">
    <p class='ocr_par' dir='ltr' id='par_1_40' title="bbox 1710 1132 3265 1202">
     <span class='ocr_line' id='line_1_40' title="bbox 1710 1132 3265 1202; baseline -0.001 -16"><span class='ocrx_word' id='word_1_276' title='bbox 1710 1132 1999 1188; x_wconf 86' lang='lat' dir='ltr'><strong>Theodosii</strong></span> <span class='ocrx_word' id='word_1_277' title='bbox 2055 1133 2218 1199; x_wconf 82' lang='lat' dir='ltr'><strong>regis,</strong></span> <span class='ocrx_word' id='word_1_278' title='bbox 2261 1148 2421 1202; x_wconf 89' lang='lat' dir='ltr'><strong>quam</strong></span> <span class='ocrx_word' id='word_1_279' title='bbox 2459 1141 2625 1186; x_wconf 89' lang='lat' dir='ltr'><strong>totam</strong></span> <span class='ocrx_word' id='word_1_280' title='bbox 2648 1138 2810 1186; x_wconf 85' lang='lat' dir='ltr'><strong>‘auro</strong></span> <span class='ocrx_word' id='word_1_281' title='bbox 2842 1134 3075 1187; x_wconf 89' lang='lat' dir='ltr'><strong>obducto</strong></span> <span class='ocrx_word' id='word_1_282' title='bbox 3105 1147 3265 1186; x_wconf 90' lang='lat' dir='ltr'><strong>orna-</strong></span> 
     </span>
    </p>
   </div>
   <div class='ocr_carea' id='block_1_41' title="bbox 1710 1220 3263 1299">
    <p class='ocr_par' dir='ltr' id='par_1_41' title="bbox 1710 1220 3263 1299">
     <span class='ocr_line' id='line_1_41' title="bbox 1710 1220 3263 1299; baseline 0 -23"><span class='ocrx_word' id='word_1_283' title='bbox 1710 1223 1837 1287; x_wconf 89' lang='lat' dir='ltr'><strong>vit,</strong></span> <span class='ocrx_word' id='word_1_284' title='bbox 1891 1224 2016 1292; x_wconf 89' lang='lat' dir='ltr'><strong>quin</strong></span> <span class='ocrx_word' id='word_1_285' title='bbox 2070 1233 2124 1276; x_wconf 92' lang='lat' dir='ltr'><strong>et</strong></span> <span class='ocrx_word' id='word_1_286' title='bbox 2183 1223 2318 1277; x_wconf 89' lang='lat' dir='ltr'><strong>alias</strong></span> <span class='ocrx_word' id='word_1_287' title='bbox 2370 1222 2568 1277; x_wconf 89' lang='lat' dir='ltr'><strong>multas</strong></span> <span class='ocrx_word' id='word_1_288' title='bbox 2620 1220 2960 1299; x_wconf 71' lang='lat' dir='ltr'><strong>Alexandria:</strong></span> <span class='ocrx_word' id='word_1_289' title='bbox 3006 1223 3263 1276; x_wconf 84' lang='lat' dir='ltr'><strong>ecclesias</strong></span> 
     </span>
    </p>
   </div>
   <div class='ocr_carea' id='block_1_42' title="bbox 1710 1301 3265 1380">
    <p class='ocr_par' dir='ltr' id='par_1_42' title="bbox 1710 1301 3265 1380">
     <span class='ocr_line' id='line_1_42' title="bbox 1710 1301 3265 1380; baseline -0.001 -13"><span class='ocrx_word' id='word_1_290' title='bbox 1710 1313 1929 1376; x_wconf 88' lang='lat' dir='ltr'><strong>struxit,</strong></span> <span class='ocrx_word' id='word_1_291' title='bbox 1975 1328 2004 1366; x_wconf 90' lang='lat' dir='ltr'><strong>e</strong></span> <span class='ocrx_word' id='word_1_292' title='bbox 2059 1328 2288 1380; x_wconf 88' lang='lat' dir='ltr'><strong>quarum</strong></span> <span class='ocrx_word' id='word_1_293' title='bbox 2336 1301 2579 1366; x_wconf 88' lang='lat' dir='ltr'><strong>numero.</strong></span> <span class='ocrx_word' id='word_1_294' title='bbox 2598 1320 2726 1366; x_wconf 88' lang='lat' dir='ltr'><strong>sttnt</strong></span> <span class='ocrx_word' id='word_1_295' title='bbox 2774 1313 3000 1367; x_wconf 85' lang='lat' dir='ltr'><strong>ecclesia</strong></span> <span class='ocrx_word' id='word_1_296' title='bbox 3053 1312 3265 1367; x_wconf 79' lang='lat' dir='ltr'><strong>Sanctae</strong></span> 
     </span>
    </p>
   </div>
   <div class='ocr_carea' id='block_1_43' title="bbox 1707 1400 2716 1458">
    <p class='ocr_par' dir='ltr' id='par_1_43' title="bbox 1707 1400 2716 1458">
     <span class='ocr_line' id='line_1_43' title="bbox 1707 1400 2716 1458; baseline 0 -2"><span class='ocrx_word' id='word_1_297' title='bbox 1707 1402 1887 1457; x_wconf 74' lang='lat' dir='ltr'><strong>Maria:</strong></span> <span class='ocrx_word' id='word_1_298' title='bbox 1921 1412 1973 1457; x_wconf 88' lang='lat' dir='ltr'><strong>et</strong></span> <span class='ocrx_word' id='word_1_299' title='bbox 2004 1403 2228 1458; x_wconf 86' lang='lat' dir='ltr'><strong>ecclesia</strong></span> <span class='ocrx_word' id='word_1_300' title='bbox 2256 1401 2439 1458; x_wconf 88' lang='lat' dir='ltr'><strong>Sancti</strong></span> <span class='ocrx_word' id='word_1_301' title='bbox 2468 1400 2716 1456; x_wconf 82' lang='lat' dir='ltr'><strong>Joannis.</strong></span> 
     </span>
    </p>
   </div>
   <div class='ocr_carea' id='block_1_44' title="bbox 1806 1494 3262 1564">
    <p class='ocr_par' dir='ltr' id='par_1_44' title="bbox 1806 1494 3262 1564">
     <span class='ocr_line' id='line_1_44' title="bbox 1806 1494 3262 1564; baseline -0.001 -14"><span class='ocrx_word' id='word_1_302' title='bbox 1806 1497 1973 1550; x_wconf 87' lang='lat' dir='ltr'><strong>Porro</strong></span> <span class='ocrx_word' id='word_1_303' title='bbox 2001 1495 2112 1548; x_wconf 86' lang='lat' dir='ltr'><strong>nati</strong></span> <span class='ocrx_word' id='word_1_304' title='bbox 2143 1506 2267 1549; x_wconf 89' lang='lat' dir='ltr'><strong>sunt</strong></span> <span class='ocrx_word' id='word_1_305' title='bbox 2299 1494 2604 1548; x_wconf 79' lang='lat' dir='ltr'><strong>Theodosio</strong></span> <span class='ocrx_word' id='word_1_306' title='bbox 2649 1495 2958 1564; x_wconf 88' lang='lat' dir='ltr'><strong>imperatori</strong></span> <span class='ocrx_word' id='word_1_307' title='bbox 2998 1498 3104 1549; x_wconf 90' lang='lat' dir='ltr'><strong>duo</strong></span> <span class='ocrx_word' id='word_1_308' title='bbox 3144 1495 3262 1558; x_wconf 88' lang='lat' dir='ltr'><strong>filii,</strong></span> 
     </span>
    </p>
   </div>
   <div class='ocr_carea' id='block_1_45' title="bbox 1713 1585 3260 1653">
    <p class='ocr_par' dir='ltr' id='par_1_45' title="bbox 1713 1585 3260 1653">
     <span class='ocr_line' id='line_1_45' title="bbox 1713 1585 3260 1653; baseline 0 -14"><span class='ocrx_word' id='word_1_309' title='bbox 1713 1601 1940 1652; x_wconf 88' lang='lat' dir='ltr'><strong>quorum</strong></span> <span class='ocrx_word' id='word_1_310' title='bbox 1993 1594 2121 1638; x_wconf 88' lang='lat' dir='ltr'><strong>natu</strong></span> <span class='ocrx_word' id='word_1_311' title='bbox 2180 1585 2371 1653; x_wconf 81' lang='lat' dir='ltr'><strong>majori</strong></span> <span class='ocrx_word' id='word_1_312' title='bbox 2429 1600 2626 1639; x_wconf 90' lang='lat' dir='ltr'><strong>nomen</strong></span> <span class='ocrx_word' id='word_1_313' title='bbox 2685 1587 2879 1640; x_wconf 88' lang='lat' dir='ltr'><strong>indidit</strong></span> <span class='ocrx_word' id='word_1_314' title='bbox 2937 1586 3260 1652; x_wconf 81' lang='lat' dir='ltr'><strong>Arcadium;</strong></span> 
     </span>
    </p>
   </div>
   <div class='ocr_carea' id='block_1_46' title="bbox 1711 1673 3262 1745">
    <p class='ocr_par' dir='ltr' id='par_1_46' title="bbox 1711 1673 3262 1745">
     <span class='ocr_line' id='line_1_46' title="bbox 1711 1673 3262 1745; baseline 0.001 -17"><span class='ocrx_word' id='word_1_315' title='bbox 1711 1676 1927 1739; x_wconf 89' lang='lat' dir='ltr'><strong>minori,</strong></span> <span class='ocrx_word' id='word_1_316' title='bbox 1995 1673 2289 1728; x_wconf 88' lang='lat' dir='ltr'><strong>Honorium</strong></span> <span class='ocrx_word' id='word_1_317' title='bbox 2358 1692 2372 1730; x_wconf 90' lang='lat'><strong>:</strong></span> <span class='ocrx_word' id='word_1_318' title='bbox 2424 1677 2644 1745; x_wconf 87' lang='lat' dir='ltr'><strong>quibus,</strong></span> <span class='ocrx_word' id='word_1_319' title='bbox 2695 1691 2814 1729; x_wconf 89' lang='lat' dir='ltr'><strong>cum</strong></span> <span class='ocrx_word' id='word_1_320' title='bbox 2870 1678 3262 1742; x_wconf 83' lang='lat' dir='ltr'><strong>adolevissent,</strong></span> 
     </span>
    </p>
   </div>
   <div class='ocr_carea' id='block_1_47' title="bbox 1721 1763 3260 1835">
    <p class='ocr_par' dir='ltr' id='par_1_47' title="bbox 1721 1763 3260 1835">
     <span class='ocr_line' id='line_1_47' title="bbox 1721 1763 3260 1835; baseline 0.001 -19"><span class='ocrx_word' id='word_1_321' title='bbox 1721 1763 1964 1834; x_wconf 61' lang='lat' dir='ltr'><strong>quaesivit</strong></span> <span class='ocrx_word' id='word_1_322' title='bbox 1993 1764 2083 1832; x_wconf 92' lang='lat' dir='ltr'><strong>qui</strong></span> <span class='ocrx_word' id='word_1_323' title='bbox 2131 1764 2282 1832; x_wconf 88' lang='lat' dir='ltr'><strong>ipsos</strong></span> <span class='ocrx_word' id='word_1_324' title='bbox 2307 1764 2514 1817; x_wconf 85' lang='lat' dir='ltr'><strong>litteras</strong></span> <span class='ocrx_word' id='word_1_325' title='bbox 2549 1766 2788 1820; x_wconf 79' lang='lat' dir='ltr'><strong>doceret.</strong></span> <span class='ocrx_word' id='word_1_326' title='bbox 2814 1767 2946 1820; x_wconf 91' lang='lat' dir='ltr'><strong>Cum</strong></span> <span class='ocrx_word' id='word_1_327' title='bbox 2986 1781 3115 1835; x_wconf 78' lang='lat' dir='ltr'><strong>ergo</strong></span> <span class='ocrx_word' id='word_1_328' title='bbox 3151 1765 3260 1834; x_wconf 73' lang='lat' dir='ltr'><strong>[to-</strong></span> 
     </span>
    </p>
   </div>
   <div class='ocr_carea' id='block_1_48' title="bbox 1728 1854 3262 1926">
    <p class='ocr_par' dir='ltr' id='par_1_48' title="bbox 1728 1854 3262 1926">
     <span class='ocr_line' id='line_1_48' title="bbox 1728 1854 3262 1926; baseline 0.002 -18"><span class='ocrx_word' id='word_1_329' title='bbox 1728 1871 1869 1908; x_wconf 86' lang='lat' dir='ltr'><strong>mam</strong></span> <span class='ocrx_word' id='word_1_330' title='bbox 1899 1854 2135 1909; x_wconf 87' lang='lat' dir='ltr'><strong>misisset</strong></span> <span class='ocrx_word' id='word_1_331' title='bbox 2164 1856 2450 1924; x_wconf 56' lang='lat' dir='ltr'><strong>quaesitum</strong></span> <span class='ocrx_word' id='word_1_332' title='bbox 2482 1856 2653 1909; x_wconf 86' lang='lat' dir='ltr'><strong>virum</strong></span> <span class='ocrx_word' id='word_1_333' title='bbox 2676 1858 2972 1926; x_wconf 83' lang='lat' dir='ltr'><strong>sapientem</strong></span> <span class='ocrx_word' id='word_1_334' title='bbox 3003 1858 3092 1926; x_wconf 91' lang='lat' dir='ltr'><strong>qui</strong></span> <span class='ocrx_word' id='word_1_335' title='bbox 3128 1857 3262 1911; x_wconf 84' lang='lat' dir='ltr'><strong>libe-</strong></span> 
     </span>
    </p>
   </div>
   <div class='ocr_carea' id='block_1_49' title="bbox 1721 1943 3258 2024">
    <p class='ocr_par' dir='ltr' id='par_1_49' title="bbox 1721 1943 3258 2024">
     <span class='ocr_line' id='line_1_49' title="bbox 1721 1943 3258 2024; baseline 0.003 -28"><span class='ocrx_word' id='word_1_336' title='bbox 1721 1959 1805 1997; x_wconf 90' lang='lat' dir='ltr'><strong>ros</strong></span> <span class='ocrx_word' id='word_1_337' title='bbox 1839 1959 1968 1998; x_wconf 88' lang='lat' dir='ltr'><strong>suos</strong></span> <span class='ocrx_word' id='word_1_338' title='bbox 2023 1943 2356 2010; x_wconf 85' lang='lat' dir='ltr'><strong>institueret,</strong></span> <span class='ocrx_word' id='word_1_339' title='bbox 2412 1945 2485 1999; x_wconf 87' lang='lat' dir='ltr'><strong>ibi</strong></span> <span class='ocrx_word' id='word_1_340' title='bbox 2539 1947 2923 2015; x_wconf 83' lang='lat' dir='ltr'><strong>philosophum</strong></span> <span class='ocrx_word' id='word_1_341' title='bbox 2974 1947 3258 2024; x_wconf 73' lang='lat' dir='ltr'><strong>quemdam</strong></span> 
     </span>
    </p>
   </div>
   <div class='ocr_carea' id='block_1_50' title="bbox 1718 2034 3261 2112">
    <p class='ocr_par' dir='ltr' id='par_1_50' title="bbox 1718 2034 3261 2112">
     <span class='ocr_line' id='line_1_50' title="bbox 1718 2034 3261 2112; baseline 0.003 -26"><span class='ocrx_word' id='word_1_342' title='bbox 1718 2034 1936 2087; x_wconf 85' lang='lat' dir='ltr'><strong>nomine</strong></span> <span class='ocrx_word' id='word_1_343' title='bbox 1960 2035 2220 2112; x_wconf 84' lang='lat' dir='ltr'><strong>Arsauem</strong></span> <span class='ocrx_word' id='word_1_344' title='bbox 2255 2043 2600 2103; x_wconf 87' lang='lat' dir='ltr'><strong>repererunt,</strong></span> <span class='ocrx_word' id='word_1_345' title='bbox 2641 2051 2801 2106; x_wconf 85' lang='lat' dir='ltr'><strong>quem</strong></span> <span class='ocrx_word' id='word_1_346' title='bbox 2837 2037 2906 2092; x_wconf 88' lang='lat' dir='ltr'><strong>ad</strong></span> <span class='ocrx_word' id='word_1_347' title='bbox 2943 2037 3120 2108; x_wconf 76' lang='lat' dir='ltr'><strong>ipsum</strong></span> <span class='ocrx_word' id='word_1_348' title='bbox 3156 2038 3261 2092; x_wconf 79' lang='lat' dir='ltr'><strong>mi-</strong></span> 
     </span>
    </p>
   </div>
   <div class='ocr_carea' id='block_1_51' title="bbox 1717 2125 3257 2195">
    <p class='ocr_par' dir='ltr' id='par_1_51' title="bbox 1717 2125 3257 2195">
     <span class='ocr_line' id='line_1_51' title="bbox 1717 2125 3257 2195; baseline 0.003 -17"><span class='ocrx_word' id='word_1_349' title='bbox 1717 2135 1922 2186; x_wconf 89' lang='lat' dir='ltr'><strong>serunt,</strong></span> <span class='ocrx_word' id='word_1_350' title='bbox 1975 2126 2063 2192; x_wconf 86' lang='lat' dir='ltr'><strong>qui</strong></span> <span class='ocrx_word' id='word_1_351' title='bbox 2097 2140 2226 2193; x_wconf 76' lang='lat' dir='ltr'><strong>ergo</strong></span> <span class='ocrx_word' id='word_1_352' title='bbox 2282 2125 2405 2178; x_wconf 84' lang='lat' dir='ltr'><strong>litiis</strong></span> <span class='ocrx_word' id='word_1_353' title='bbox 2437 2126 2583 2195; x_wconf 76' lang='lat' dir='ltr'><strong>regis</strong></span> <span class='ocrx_word' id='word_1_354' title='bbox 2617 2126 2933 2182; x_wconf 88' lang='lat' dir='ltr'><strong>erudiendis</strong></span> <span class='ocrx_word' id='word_1_355' title='bbox 2984 2128 3257 2182; x_wconf 88' lang='lat' dir='ltr'><strong>incubuit.</strong></span> 
     </span>
    </p>
   </div>
   <div class='ocr_carea' id='block_1_52' title="bbox 1721 2207 3260 2284">
    <p class='ocr_par' dir='ltr' id='par_1_52' title="bbox 1721 2207 3260 2284">
     <span class='ocr_line' id='line_1_52' title="bbox 1721 2207 3260 2284; baseline 0.004 -18"><span class='ocrx_word' id='word_1_356' title='bbox 1721 2213 1830 2269; x_wconf 73' lang='lat' dir='ltr'><strong>Rex</strong></span> <span class='ocrx_word' id='word_1_357' title='bbox 1855 2225 2032 2268; x_wconf 89' lang='lat' dir='ltr'><strong>autem</strong></span> <span class='ocrx_word' id='word_1_358' title='bbox 2060 2217 2147 2268; x_wconf 89' lang='lat' dir='ltr'><strong>die</strong></span> <span class='ocrx_word' id='word_1_359' title='bbox 2178 2207 2436 2284; x_wconf 84' lang='lat' dir='ltr'><strong>quodam,</strong></span> <span class='ocrx_word' id='word_1_360' title='bbox 2490 2232 2616 2270; x_wconf 91' lang='lat' dir='ltr'><strong>cum</strong></span> <span class='ocrx_word' id='word_1_361' title='bbox 2667 2219 2930 2272; x_wconf 79' lang='lat' dir='ltr'><strong>Arsanem</strong></span> <span class='ocrx_word' id='word_1_362' title='bbox 2972 2218 3113 2272; x_wconf 87' lang='lat' dir='ltr'><strong>inter</strong></span> <span class='ocrx_word' id='word_1_363' title='bbox 3157 2218 3260 2272; x_wconf 92' lang='lat' dir='ltr'><strong>do-</strong></span> 
     </span>
    </p>
   </div>
   <div class='ocr_carea' id='block_1_53' title="bbox 1716 2293 3263 2379">
    <p class='ocr_par' dir='ltr' id='par_1_53' title="bbox 1716 2293 3263 2379">
     <span class='ocr_line' id='line_1_53' title="bbox 1716 2293 3263 2379; baseline 0.004 -19"><span class='ocrx_word' id='word_1_364' title='bbox 1716 2306 1944 2360; x_wconf 88' lang='lat' dir='ltr'><strong>cendum</strong></span> <span class='ocrx_word' id='word_1_365' title='bbox 1975 2316 2141 2370; x_wconf 89' lang='lat' dir='ltr'><strong>stare,</strong></span> <span class='ocrx_word' id='word_1_366' title='bbox 2178 2293 2302 2362; x_wconf 81' lang='lat' dir='ltr'><strong>liliis</strong></span> <span class='ocrx_word' id='word_1_367' title='bbox 2364 2307 2532 2376; x_wconf 86' lang='lat' dir='ltr'><strong>ipsius</strong></span> <span class='ocrx_word' id='word_1_368' title='bbox 2571 2307 2903 2375; x_wconf 88' lang='lat' dir='ltr'><strong>sedentibus,</strong></span> <span class='ocrx_word' id='word_1_369' title='bbox 2940 2309 3263 2379; x_wconf 88' lang='lat' dir='ltr'><strong>conspexis-</strong></span> 
     </span>
    </p>
   </div>
   <div class='ocr_carea' id='block_1_54' title="bbox 1717 2395 3265 2468">
    <p class='ocr_par' dir='ltr' id='par_1_54' title="bbox 1717 2395 3265 2468">
     <span class='ocr_line' id='line_1_54' title="bbox 1717 2395 3265 2468; baseline 0.003 -20"><span class='ocrx_word' id='word_1_370' title='bbox 1717 2404 1817 2458; x_wconf 88' lang='lat' dir='ltr'><strong>set,</strong></span> <span class='ocrx_word' id='word_1_371' title='bbox 1853 2397 1981 2448; x_wconf 90' lang='lat' dir='ltr'><strong>illud</strong></span> <span class='ocrx_word' id='word_1_372' title='bbox 2028 2395 2376 2464; x_wconf 86' lang='lat' dir='ltr'><strong>improbans:</strong></span> <span class='ocrx_word' id='word_1_373' title='bbox 2407 2395 2485 2450; x_wconf 86' lang='lat' dir='ltr'><strong>Ne</strong></span> <span class='ocrx_word' id='word_1_374' title='bbox 2527 2398 2744 2468; x_wconf 88' lang='lat' dir='ltr'><strong>(inquit)</strong></span> <span class='ocrx_word' id='word_1_375' title='bbox 2776 2399 2877 2452; x_wconf 90' lang='lat' dir='ltr'><strong>hoc</strong></span> <span class='ocrx_word' id='word_1_376' title='bbox 2922 2400 3088 2452; x_wconf 79' lang='lat' dir='ltr'><strong>facias</strong></span> <span class='ocrx_word' id='word_1_377' title='bbox 3125 2415 3142 2452; x_wconf 91' lang='lat'><strong>:</strong></span> <span class='ocrx_word' id='word_1_378' title='bbox 3179 2414 3265 2453; x_wconf 88' lang='lat' dir='ltr'><strong>rc-</strong></span> 
     </span>
    </p>
   </div>
   <div class='ocr_carea' id='block_1_55' title="bbox 1717 2477 3260 2557">
    <p class='ocr_par' dir='ltr' id='par_1_55' title="bbox 1717 2477 3260 2557">
     <span class='ocr_line' id='line_1_55' title="bbox 1717 2477 3260 2557; baseline 0.003 -19"><span class='ocrx_word' id='word_1_379' title='bbox 1717 2485 2018 2551; x_wconf 87' lang='lat' dir='ltr'><strong>spondente</strong></span> <span class='ocrx_word' id='word_1_380' title='bbox 2055 2477 2295 2540; x_wconf 27' lang='lat' dir='ltr'><strong>Arsane‘:</strong></span> <span class='ocrx_word' id='word_1_381' title='bbox 2327 2485 2404 2540; x_wconf 79' lang='lat' dir='ltr'><strong>ita</strong></span> <span class='ocrx_word' id='word_1_382' title='bbox 2430 2487 2584 2541; x_wconf 89' lang='lat' dir='ltr'><strong>decet</strong></span> <span class='ocrx_word' id='word_1_383' title='bbox 2614 2489 2669 2557; x_wconf 89' lang='grc' dir='ltr'><strong>(ο</strong></span> <span class='ocrx_word' id='word_1_384' title='bbox 2715 2488 2830 2556; x_wconf 75' lang='lat' dir='ltr'><strong>res)</strong></span> <span class='ocrx_word' id='word_1_385' title='bbox 2867 2503 2951 2542; x_wconf 89' lang='lat' dir='ltr'><strong>me</strong></span> <span class='ocrx_word' id='word_1_386' title='bbox 2979 2488 3116 2543; x_wconf 88' lang='lat' dir='ltr'><strong>lilios</strong></span> <span class='ocrx_word' id='word_1_387' title='bbox 3141 2501 3260 2542; x_wconf 90' lang='lat' dir='ltr'><strong>tuos</strong></span> 
     </span>
    </p>
   </div>
   <div class='ocr_carea' id='block_1_56' title="bbox 1718 2577 3260 2650">
    <p class='ocr_par' dir='ltr' id='par_1_56' title="bbox 1718 2577 3260 2650">
     <span class='ocr_line' id='line_1_56' title="bbox 1718 2577 3260 2650; baseline 0.003 -20"><span class='ocrx_word' id='word_1_388' title='bbox 1718 2577 1946 2641; x_wconf 82' lang='lat' dir='ltr'><strong>docere;</strong></span> <span class='ocrx_word' id='word_1_389' title='bbox 1973 2577 2136 2645; x_wconf 86' lang='lat' dir='ltr'><strong>jussit</strong></span> <span class='ocrx_word' id='word_1_390' title='bbox 2165 2591 2259 2632; x_wconf 91' lang='lat' dir='ltr'><strong>rex</strong></span> <span class='ocrx_word' id='word_1_391' title='bbox 2311 2578 2485 2647; x_wconf 90' lang='lat' dir='ltr'><strong>ipsum</strong></span> <span class='ocrx_word' id='word_1_392' title='bbox 2536 2580 2743 2644; x_wconf 91' lang='lat' dir='ltr'><strong>sedere,</strong></span> <span class='ocrx_word' id='word_1_393' title='bbox 2774 2580 2960 2650; x_wconf 87' lang='lat' dir='ltr'><strong>illique</strong></span> <span class='ocrx_word' id='word_1_394' title='bbox 2986 2588 3044 2634; x_wconf 92' lang='lat' dir='ltr'><strong>ut</strong></span> <span class='ocrx_word' id='word_1_395' title='bbox 3075 2596 3260 2636; x_wconf 84' lang='lat' dir='ltr'><strong>coram</strong></span> 
     </span>
    </p>
   </div>
   <div class='ocr_carea' id='block_1_57' title="bbox 1718 2667 3261 2742">
    <p class='ocr_par' dir='ltr' id='par_1_57' title="bbox 1718 2667 3261 2742">
     <span class='ocr_line' id='line_1_57' title="bbox 1718 2667 3261 2742; baseline 0.003 -21"><span class='ocrx_word' id='word_1_396' title='bbox 1718 2669 1833 2736; x_wconf 88' lang='lat' dir='ltr'><strong>ipso</strong></span> <span class='ocrx_word' id='word_1_397' title='bbox 1875 2675 2082 2722; x_wconf 87' lang='lat' dir='ltr'><strong>starent</strong></span> <span class='ocrx_word' id='word_1_398' title='bbox 2103 2667 2297 2724; x_wconf 89' lang='lat' dir='ltr'><strong>facere.</strong></span> <span class='ocrx_word' id='word_1_399' title='bbox 2330 2668 2464 2724; x_wconf 86' lang='lat' dir='ltr'><strong>Cum</strong></span> <span class='ocrx_word' id='word_1_400' title='bbox 2496 2680 2675 2726; x_wconf 88' lang='lat' dir='ltr'><strong>autem</strong></span> <span class='ocrx_word' id='word_1_401' title='bbox 2701 2670 2812 2739; x_wconf 88' lang='lat' dir='ltr'><strong>jam</strong></span> <span class='ocrx_word' id='word_1_402' title='bbox 2836 2682 3100 2742; x_wconf 89' lang='lat' dir='ltr'><strong>quantum</strong></span> <span class='ocrx_word' id='word_1_403' title='bbox 3128 2687 3261 2740; x_wconf 89' lang='lat' dir='ltr'><strong>opus</strong></span> 
     </span>
    </p>
   </div>
   <div class='ocr_carea' id='block_1_58' title="bbox 1726 2756 3260 2836">
    <p class='ocr_par' dir='ltr' id='par_1_58' title="bbox 1726 2756 3260 2836">
     <span class='ocr_line' id='line_1_58' title="bbox 1726 2756 3260 2836; baseline 0.005 -27"><span class='ocrx_word' id='word_1_404' title='bbox 1726 2756 2000 2810; x_wconf 82' lang='lat' dir='ltr'><strong>videretur</strong></span> <span class='ocrx_word' id='word_1_405' title='bbox 2029 2757 2437 2813; x_wconf 89' lang='lat' dir='ltr'><strong>litterisimbuti</strong></span> <span class='ocrx_word' id='word_1_406' title='bbox 2469 2769 2670 2836; x_wconf 81' lang='lat' dir='ltr'><strong>essent,</strong></span> <span class='ocrx_word' id='word_1_407' title='bbox 2701 2761 3260 2825; x_wconf 51' lang='lat' dir='ltr'><strong>Arsanesﬁrcadium</strong></span> 
     </span>
    </p>
   </div>
   <div class='ocr_carea' id='block_1_59' title="bbox 1719 2847 3260 2924">
    <p class='ocr_par' dir='ltr' id='par_1_59' title="bbox 1719 2847 3260 2924">
     <span class='ocr_line' id='line_1_59' title="bbox 1719 2847 3260 2924; baseline 0.003 -24"><span class='ocrx_word' id='word_1_408' title='bbox 1719 2847 2036 2903; x_wconf 87' lang='lat' dir='ltr'><strong>verberibus</strong></span> <span class='ocrx_word' id='word_1_409' title='bbox 2067 2847 2256 2903; x_wconf 89' lang='lat' dir='ltr'><strong>durius</strong></span> <span class='ocrx_word' id='word_1_410' title='bbox 2293 2851 2525 2919; x_wconf 79' lang='lat' dir='ltr'><strong>excepit,</strong></span> <span class='ocrx_word' id='word_1_411' title='bbox 2555 2850 2691 2904; x_wconf 89' lang='lat' dir='ltr'><strong>adeo</strong></span> <span class='ocrx_word' id='word_1_412' title='bbox 2735 2859 2792 2924; x_wconf 77' lang='lat' dir='ltr'><strong>ut</strong></span> <span class='ocrx_word' id='word_1_413' title='bbox 2823 2852 3063 2920; x_wconf 80' lang='lat' dir='ltr'><strong>ipsorum</strong></span> <span class='ocrx_word' id='word_1_414' title='bbox 3097 2852 3260 2905; x_wconf 82' lang='lat' dir='ltr'><strong>vesti-</strong></span> 
     </span>
    </p>
   </div>
   <div class='ocr_carea' id='block_1_60' title="bbox 1720 2937 3262 3016">
    <p class='ocr_par' dir='ltr' id='par_1_60' title="bbox 1720 2937 3262 3016">
     <span class='ocr_line' id='line_1_60' title="bbox 1720 2937 3262 3016; baseline 0.005 -28"><span class='ocrx_word' id='word_1_415' title='bbox 1720 2937 1864 3006; x_wconf 70' lang='lat' dir='ltr'><strong>gium</strong></span> <span class='ocrx_word' id='word_1_416' title='bbox 1905 2937 2018 2991; x_wconf 90' lang='lat' dir='ltr'><strong>cuti</strong></span> <span class='ocrx_word' id='word_1_417' title='bbox 2065 2938 2236 3004; x_wconf 87' lang='lat' dir='ltr'><strong>ipsius</strong></span> <span class='ocrx_word' id='word_1_418' title='bbox 2279 2938 2651 3007; x_wconf 87' lang='lat' dir='ltr'><strong>imprimeret;</strong></span> <span class='ocrx_word' id='word_1_419' title='bbox 2705 2941 2955 3016; x_wconf 15' lang='lat' dir='ltr'><strong>oliwquod</strong></span> <span class='ocrx_word' id='word_1_420' title='bbox 2999 2943 3262 2996; x_wconf 77' lang='lat' dir='ltr'><strong>Arcadius</strong></span> 
     </span>
    </p>
   </div>
   <div class='ocr_carea' id='block_1_61' title="bbox 52 3028 3257 3127">
    <p class='ocr_par' dir='ltr' id='par_1_61' title="bbox 52 3028 3257 3127">
     <span class='ocr_line' id='line_1_61' title="bbox 52 3028 3257 3127; baseline 0 -41"><span class='ocrx_word' id='word_1_421' title='bbox 52 3034 314 3102; x_wconf 69' lang='lat' dir='ltr'><strong>repulsus</strong></span> <span class='ocrx_word' id='word_1_422' title='bbox 349 3047 412 3087; x_wconf 88' lang='lat' dir='ltr'><strong>ac</strong></span> <span class='ocrx_word' id='word_1_423' title='bbox 444 3033 749 3102; x_wconf 88' lang='lat' dir='ltr'><strong>prohibitus</strong></span> <span class='ocrx_word' id='word_1_424' title='bbox 796 3031 994 3085; x_wconf 86' lang='lat' dir='ltr'><strong>fuerat.</strong></span> <span class='ocrx_word' id='word_1_425' title='bbox 1026 3033 1180 3086; x_wconf 82' lang='lat' dir='ltr'><strong>Anno</strong></span> <span class='ocrx_word' id='word_1_426' title='bbox 1213 3043 1388 3086; x_wconf 88' lang='lat' dir='ltr'><strong>autem</strong></span> <span class='ocrx_word' id='word_1_427' title='bbox 1420 3033 1606 3103; x_wconf 88' lang='lat' dir='ltr'><strong>elapso</strong></span> <span class='ocrx_word' id='word_1_428' title='bbox 1637 3071 1680 3127; x_wconf 61' lang='grc' dir='ltr'>α</span> <span class='ocrx_word' id='word_1_429' title='bbox 1721 3043 1846 3098; x_wconf 79' lang='lat' dir='ltr'><strong>erga</strong></span> <span class='ocrx_word' id='word_1_430' title='bbox 1877 3028 2050 3096; x_wconf 89' lang='lat' dir='ltr'><strong>ipsum</strong></span> <span class='ocrx_word' id='word_1_431' title='bbox 2091 3028 2225 3081; x_wconf 89' lang='lat' dir='ltr'><strong>iram</strong></span> <span class='ocrx_word' id='word_1_432' title='bbox 2265 3029 2449 3083; x_wconf 88' lang='lat' dir='ltr'><strong>animo</strong></span> <span class='ocrx_word' id='word_1_433' title='bbox 2478 3032 2747 3101; x_wconf 86' lang='lat' dir='ltr'><strong>concepit.</strong></span> <span class='ocrx_word' id='word_1_434' title='bbox 2796 3032 2920 3086; x_wconf 80' lang='lat' dir='ltr'><strong>ideo</strong></span> <span class='ocrx_word' id='word_1_435' title='bbox 2941 3045 3113 3087; x_wconf 88' lang='lat' dir='ltr'><strong>autem</strong></span> <span class='ocrx_word' id='word_1_436' title='bbox 3145 3036 3257 3102; x_wconf 69' lang='lat' dir='ltr'><strong>pla-</strong></span> 
     </span>
    </p>
   </div>
   <div class='ocr_carea' id='block_1_62' title="bbox 47 3117 3260 3190">
    <p class='ocr_par' dir='ltr' id='par_1_62' title="bbox 47 3117 3260 3190">
     <span class='ocr_line' id='line_1_62' title="bbox 47 3117 3260 3190; baseline 0 -14"><span class='ocrx_word' id='word_1_437' title='bbox 47 3138 183 3177; x_wconf 88' lang='lat' dir='ltr'><strong>ccce</strong></span> <span class='ocrx_word' id='word_1_438' title='bbox 217 3123 523 3190; x_wconf 87' lang='lat' dir='ltr'><strong>imperator</strong></span> <span class='ocrx_word' id='word_1_439' title='bbox 560 3119 898 3174; x_wconf 88' lang='lat' dir='ltr'><strong>Theodosius</strong></span> <span class='ocrx_word' id='word_1_440' title='bbox 950 3118 1089 3173; x_wconf 90' lang='lat' dir='ltr'><strong>inter</strong></span> <span class='ocrx_word' id='word_1_441' title='bbox 1125 3119 1390 3174; x_wconf 90' lang='lat' dir='ltr'><strong>orandum</strong></span> <span class='ocrx_word' id='word_1_442' title='bbox 1426 3137 1610 3176; x_wconf 88' lang='lat' dir='ltr'><strong>vocem</strong></span> <span class='ocrx_word' id='word_1_443' title='bbox 1642 3117 1680 3127; x_wconf 85' lang='grc'><strong><em>“</em></strong></span> <span class='ocrx_word' id='word_1_444' title='bbox 1715 3120 1798 3188; x_wconf 79' lang='lat' dir='ltr'><strong>gis</strong></span> <span class='ocrx_word' id='word_1_445' title='bbox 1856 3120 2026 3188; x_wconf 90' lang='lat' dir='ltr'><strong>ipsum</strong></span> <span class='ocrx_word' id='word_1_446' title='bbox 2062 3117 2276 3174; x_wconf 80' lang='lat' dir='ltr'><strong>afficere</strong></span> <span class='ocrx_word' id='word_1_447' title='bbox 2320 3120 2490 3174; x_wconf 88' lang='lat' dir='ltr'><strong>voluit</strong></span> <span class='ocrx_word' id='word_1_448' title='bbox 2546 3121 2806 3187; x_wconf 80' lang='lat' dir='ltr'><strong>Arsanes,</strong></span> <span class='ocrx_word' id='word_1_449' title='bbox 2837 3133 2917 3187; x_wconf 88' lang='lat' dir='ltr'><strong>ut,</strong></span> <span class='ocrx_word' id='word_1_450' title='bbox 2973 3139 3094 3178; x_wconf 91' lang='lat' dir='ltr'><strong>cum</strong></span> <span class='ocrx_word' id='word_1_451' title='bbox 3138 3132 3260 3189; x_wconf 76' lang='lat' dir='ltr'><strong>post</strong></span> 
     </span>
    </p>
   </div>
   <div class='ocr_carea' id='block_1_63' title="bbox 47 3207 3260 3282">
    <p class='ocr_par' dir='ltr' id='par_1_63' title="bbox 47 3207 3260 3282">
     <span class='ocr_line' id='line_1_63' title="bbox 47 3207 3260 3282; baseline 0.002 -18"><span class='ocrx_word' id='word_1_452' title='bbox 47 3213 267 3266; x_wconf 86' lang='lat' dir='ltr'><strong>audivit</strong></span> <span class='ocrx_word' id='word_1_453' title='bbox 288 3226 413 3280; x_wconf 80' lang='lat' dir='ltr'><strong>qua:</strong></span> <span class='ocrx_word' id='word_1_454' title='bbox 443 3211 542 3278; x_wconf 89' lang='lat' dir='ltr'><strong>ipsi</strong></span> <span class='ocrx_word' id='word_1_455' title='bbox 574 3211 771 3265; x_wconf 90' lang='lat' dir='ltr'><strong>diceret</strong></span> <span class='ocrx_word' id='word_1_456' title='bbox 800 3209 882 3263; x_wconf 88' lang='lat'><strong>:0</strong></span> <span class='ocrx_word' id='word_1_457' title='bbox 908 3207 1196 3274; x_wconf 88' lang='lat' dir='ltr'><strong>Theodosi,</strong></span> <span class='ocrx_word' id='word_1_458' title='bbox 1223 3212 1379 3264; x_wconf 85' lang='lat' dir='ltr'><strong>amici</strong></span> <span class='ocrx_word' id='word_1_459' title='bbox 1402 3225 1452 3266; x_wconf 92' lang='lat' dir='ltr'><strong>et</strong></span> <span class='ocrx_word' id='word_1_460' title='bbox 1479 3214 1611 3267; x_wconf 89' lang='lat' dir='ltr'><strong>socii</strong></span> <span class='ocrx_word' id='word_1_461' title='bbox 1711 3218 1920 3280; x_wconf 89' lang='lat' dir='ltr'><strong>patrem</strong></span> <span class='ocrx_word' id='word_1_462' title='bbox 1957 3225 2114 3266; x_wconf 85' lang='lat' dir='ltr'><strong>suum</strong></span> <span class='ocrx_word' id='word_1_463' title='bbox 2167 3213 2390 3282; x_wconf 82' lang='lat' dir='ltr'><strong>imperio</strong></span> <span class='ocrx_word' id='word_1_464' title='bbox 2427 3211 2711 3280; x_wconf 87' lang='lat' dir='ltr'><strong>potiretur,</strong></span> <span class='ocrx_word' id='word_1_465' title='bbox 2747 3214 2792 3270; x_wconf 88' lang='lat' dir='ltr'><strong>si</strong></span> <span class='ocrx_word' id='word_1_466' title='bbox 2828 3216 2990 3269; x_wconf 87' lang='lat' dir='ltr'><strong>alicui</strong></span> <span class='ocrx_word' id='word_1_467' title='bbox 3035 3216 3260 3271; x_wconf 81' lang='lat' dir='ltr'><strong>verbera</strong></span> 
     </span>
    </p>
   </div>
   <div class='ocr_carea' id='block_1_64' title="bbox 40 3299 3262 3374">
    <p class='ocr_par' dir='ltr' id='par_1_64' title="bbox 40 3299 3262 3374">
     <span class='ocr_line' id='line_1_64' title="bbox 40 3299 3262 3374; baseline 0.002 -19"><span class='ocrx_word' id='word_1_468' title='bbox 40 3305 122 3358; x_wconf 90' lang='lat' dir='ltr'><strong>tui</strong></span> <span class='ocrx_word' id='word_1_469' title='bbox 163 3302 473 3371; x_wconf 86' lang='lat' dir='ltr'><strong>Theophili</strong></span> <span class='ocrx_word' id='word_1_470' title='bbox 524 3302 721 3355; x_wconf 91' lang='lat' dir='ltr'><strong>oblitus</strong></span> <span class='ocrx_word' id='word_1_471' title='bbox 768 3315 847 3355; x_wconf 91' lang='lat' dir='ltr'><strong>es.</strong></span> <span class='ocrx_word' id='word_1_472' title='bbox 898 3299 1227 3370; x_wconf 87' lang='lat' dir='ltr'><strong>Dicenteque</strong></span> <span class='ocrx_word' id='word_1_473' title='bbox 1255 3300 1600 3357; x_wconf 87' lang='lat' dir='ltr'><strong>Theodosio:</strong></span> <span class='ocrx_word' id='word_1_474' title='bbox 1711 3299 1878 3370; x_wconf 58' lang='lat' dir='ltr'><strong>inﬂigi</strong></span> <span class='ocrx_word' id='word_1_475' title='bbox 1911 3301 2088 3365; x_wconf 83' lang='lat' dir='ltr'><strong>vellet,</strong></span> <span class='ocrx_word' id='word_1_476' title='bbox 2140 3303 2422 3356; x_wconf 86' lang='lat' dir='ltr'><strong>verberum</strong></span> <span class='ocrx_word' id='word_1_477' title='bbox 2469 3302 2622 3356; x_wconf 78' lang='lat' dir='ltr'><strong>dolor</strong></span> <span class='ocrx_word' id='word_1_478' title='bbox 2660 3305 2760 3374; x_wconf 88' lang='lat' dir='ltr'><strong>ipsi</strong></span> <span class='ocrx_word' id='word_1_479' title='bbox 2819 3306 3100 3360; x_wconf 86' lang='lat' dir='ltr'><strong>monitoris</strong></span> <span class='ocrx_word' id='word_1_480' title='bbox 3145 3307 3262 3360; x_wconf 73' lang='lat' dir='ltr'><strong>vice</strong></span> 
     </span>
    </p>
   </div>
   <div class='ocr_carea' id='block_1_65' title="bbox 43 3391 3315 3466">
    <p class='ocr_par' dir='ltr' id='par_1_65' title="bbox 43 3391 3315 3466">
     <span class='ocr_line' id='line_1_65' title="bbox 43 3391 3315 3466; baseline 0.001 -22"><span class='ocrx_word' id='word_1_481' title='bbox 43 3393 287 3447; x_wconf 81' lang='lat' dir='ltr'><strong>Dbtnine</strong></span> <span class='ocrx_word' id='word_1_482' title='bbox 321 3392 419 3456; x_wconf 90' lang='lat' dir='ltr'><strong>mi,</strong></span> <span class='ocrx_word' id='word_1_483' title='bbox 460 3400 512 3445; x_wconf 94' lang='lat' dir='ltr'><strong>tu</strong></span> <span class='ocrx_word' id='word_1_484' title='bbox 546 3393 668 3460; x_wconf 88' lang='lat' dir='ltr'><strong>quis</strong></span> <span class='ocrx_word' id='word_1_485' title='bbox 714 3391 816 3445; x_wconf 88' lang='lat' dir='ltr'><strong>es?</strong></span> <span class='ocrx_word' id='word_1_486' title='bbox 869 3391 967 3460; x_wconf 91' lang='lat' dir='ltr'><strong>ipsi</strong></span> <span class='ocrx_word' id='word_1_487' title='bbox 1033 3392 1378 3460; x_wconf 86' lang='lat' dir='ltr'><strong>responderet</strong></span> <span class='ocrx_word' id='word_1_488' title='bbox 1435 3408 1450 3446; x_wconf 89' lang='lat'><strong>:</strong></span> <span class='ocrx_word' id='word_1_489' title='bbox 1499 3393 1611 3464; x_wconf 75' lang='lat' dir='ltr'><strong>Ego</strong></span> <span class='ocrx_word' id='word_1_490' title='bbox 1717 3397 1879 3444; x_wconf 82' lang='lat' dir='ltr'><strong>esset.</strong></span> <span class='ocrx_word' id='word_1_491' title='bbox 1932 3391 2103 3445; x_wconf 88' lang='lat' dir='ltr'><strong>Porro</strong></span> <span class='ocrx_word' id='word_1_492' title='bbox 2151 3405 2294 3445; x_wconf 83' lang='lat' dir='ltr'><strong>anno</strong></span> <span class='ocrx_word' id='word_1_493' title='bbox 2342 3391 2550 3460; x_wconf 87' lang='lat' dir='ltr'><strong>imperii</strong></span> <span class='ocrx_word' id='word_1_494' title='bbox 2590 3391 2878 3448; x_wconf 82' lang='lat' dir='ltr'><strong>Theodosii</strong></span> <span class='ocrx_word' id='word_1_495' title='bbox 2912 3393 3073 3464; x_wconf 68' lang='lat'><strong>529</strong></span> <span class='ocrx_word' id='word_1_496' title='bbox 3100 3394 3255 3466; x_wconf 74' lang='lat'><strong>531</strong></span> <span class='ocrx_word' id='word_1_497' title='bbox 3303 3396 3315 3399; x_wconf 77' lang='grc'><em>’</em></span> 
     </span>
    </p>
   </div>
   <div class='ocr_carea' id='block_1_66' title="bbox 37 3480 1606 3550">
    <p class='ocr_par' dir='ltr' id='par_1_66' title="bbox 37 3480 1606 3550">
     <span class='ocr_line' id='line_1_66' title="bbox 37 3480 1606 3550; baseline 0 -15"><span class='ocrx_word' id='word_1_498' title='bbox 37 3486 124 3535; x_wconf 88' lang='lat' dir='ltr'><strong>vir</strong></span> <span class='ocrx_word' id='word_1_499' title='bbox 156 3497 295 3537; x_wconf 85' lang='lat' dir='ltr'><strong>sum</strong></span> <span class='ocrx_word' id='word_1_500' title='bbox 336 3481 430 3549; x_wconf 91' lang='lat' dir='ltr'><strong>qui</strong></span> <span class='ocrx_word' id='word_1_501' title='bbox 464 3491 638 3536; x_wconf 88' lang='lat' dir='ltr'><strong>tecum</strong></span> <span class='ocrx_word' id='word_1_502' title='bbox 671 3482 726 3534; x_wconf 89' lang='lat' dir='ltr'><strong>in</strong></span> <span class='ocrx_word' id='word_1_503' title='bbox 755 3481 965 3535; x_wconf 76' lang='lat' dir='ltr'><strong>deserto</strong></span> <span class='ocrx_word' id='word_1_504' title='bbox 995 3480 1074 3534; x_wconf 80' lang='lat' dir='ltr'><strong>fui</strong></span> <span class='ocrx_word' id='word_1_505' title='bbox 1106 3499 1118 3534; x_wconf 92' lang='lat'><strong>:</strong></span> <span class='ocrx_word' id='word_1_506' title='bbox 1178 3489 1231 3536; x_wconf 80' lang='lat' dir='ltr'><strong>et</strong></span> <span class='ocrx_word' id='word_1_507' title='bbox 1262 3484 1606 3550; x_wconf 81' lang='lat' dir='ltr'><strong>quemadmo-</strong></span> 
     </span>
    </p>
   </div>
   <div class='ocr_carea' id='block_1_67' title="bbox 33 3569 1637 3641">
    <p class='ocr_par' dir='ltr' id='par_1_67' title="bbox 33 3569 1637 3641">
     <span class='ocr_line' id='line_1_67' title="bbox 33 3569 1637 3641; baseline 0 -17"><span class='ocrx_word' id='word_1_508' title='bbox 33 3575 169 3627; x_wconf 86' lang='lat' dir='ltr'><strong>dum</strong></span> <span class='ocrx_word' id='word_1_509' title='bbox 205 3583 266 3627; x_wconf 87' lang='lat' dir='ltr'><strong>te</strong></span> <span class='ocrx_word' id='word_1_510' title='bbox 305 3587 490 3640; x_wconf 85' lang='lat' dir='ltr'><strong>regem</strong></span> <span class='ocrx_word' id='word_1_511' title='bbox 517 3571 792 3635; x_wconf 88' lang='lat' dir='ltr'><strong>constitui,</strong></span> <span class='ocrx_word' id='word_1_512' title='bbox 844 3573 915 3623; x_wconf 84' lang='lat' dir='ltr'><strong>ita</strong></span> <span class='ocrx_word' id='word_1_513' title='bbox 949 3580 1002 3623; x_wconf 88' lang='lat' dir='ltr'><strong>et</strong></span> <span class='ocrx_word' id='word_1_514' title='bbox 1053 3569 1404 3640; x_wconf 68' lang='lat' dir='ltr'><strong>Theophilum</strong></span> <span class='ocrx_word' id='word_1_515' title='bbox 1437 3573 1604 3641; x_wconf 82' lang='lat' dir='ltr'><strong>patri-</strong></span> <span class='ocrx_word' id='word_1_516' title='bbox 1634 3626 1637 3629; x_wconf 95' lang='lat'><em>_</em></span> 
     </span>
    </p>
   </div>
   <div class='ocr_carea' id='block_1_68' title="bbox 31 3659 1611 3730">
    <p class='ocr_par' dir='ltr' id='par_1_68' title="bbox 31 3659 1611 3730">
     <span class='ocr_line' id='line_1_68' title="bbox 31 3659 1611 3730; baseline 0 -14"><span class='ocrx_word' id='word_1_517' title='bbox 31 3665 280 3718; x_wconf 82' lang='lat' dir='ltr'><strong>archani</strong></span> <span class='ocrx_word' id='word_1_518' title='bbox 316 3665 618 3716; x_wconf 89' lang='lat' dir='ltr'><strong>constituo.</strong></span> <span class='ocrx_word' id='word_1_519' title='bbox 669 3659 861 3714; x_wconf 87' lang='lat' dir='ltr'><strong>Statim</strong></span> <span class='ocrx_word' id='word_1_520' title='bbox 899 3676 1030 3730; x_wconf 82' lang='lat' dir='ltr'><strong>ergo</strong></span> <span class='ocrx_word' id='word_1_521' title='bbox 1082 3662 1229 3715; x_wconf 86' lang='lat' dir='ltr'><strong>misit</strong></span> <span class='ocrx_word' id='word_1_522' title='bbox 1276 3660 1611 3717; x_wconf 86' lang='lat' dir='ltr'><strong>Theodosius</strong></span> 
     </span>
    </p>
   </div>
   <div class='ocr_carea' id='block_1_69' title="bbox 31 3747 1607 3817">
    <p class='ocr_par' dir='ltr' id='par_1_69' title="bbox 31 3747 1607 3817">
     <span class='ocr_line' id='line_1_69' title="bbox 31 3747 1607 3817; baseline 0.001 -14"><span class='ocrx_word' id='word_1_523' title='bbox 31 3752 393 3805; x_wconf 86' lang='lat' dir='ltr'><strong>accersitum</strong></span> <span class='ocrx_word' id='word_1_524' title='bbox 418 3747 793 3817; x_wconf 87' lang='lat' dir='ltr'><strong>Theophilum,</strong></span> <span class='ocrx_word' id='word_1_525' title='bbox 821 3764 977 3817; x_wconf 88' lang='lat' dir='ltr'><strong>quem</strong></span> <span class='ocrx_word' id='word_1_526' title='bbox 1007 3751 1058 3800; x_wconf 91' lang='lat' dir='ltr'><strong>in</strong></span> <span class='ocrx_word' id='word_1_527' title='bbox 1087 3751 1428 3815; x_wconf 67' lang='lat' dir='ltr'><strong>praesentiam</strong></span> <span class='ocrx_word' id='word_1_528' title='bbox 1455 3765 1607 3804; x_wconf 70' lang='lat' dir='ltr'><strong>suam</strong></span> 
     </span>
    </p>
   </div>
   <div class='ocr_carea' id='block_1_70' title="bbox 31 3836 1610 3911">
    <p class='ocr_par' dir='ltr' id='par_1_70' title="bbox 31 3836 1610 3911">
     <span class='ocr_line' id='line_1_70' title="bbox 31 3836 1610 3911; baseline -0.001 -17"><span class='ocrx_word' id='word_1_529' title='bbox 31 3843 371 3896; x_wconf 82' lang='lat' dir='ltr'><strong>admissum</strong></span> <span class='ocrx_word' id='word_1_530' title='bbox 407 3836 691 3908; x_wconf 87' lang='lat' dir='ltr'><strong>postquam</strong></span> <span class='ocrx_word' id='word_1_531' title='bbox 723 3837 1067 3908; x_wconf 70' lang='lat'><strong>525-527</strong></span> <span class='ocrx_word' id='word_1_532' title='bbox 1091 3842 1260 3907; x_wconf 89' lang='lat' dir='ltr'><strong>ipsum</strong></span> <span class='ocrx_word' id='word_1_533' title='bbox 1292 3839 1610 3911; x_wconf 80' lang='lat' dir='ltr'><strong>salutasset,</strong></span> 
     </span>
    </p>
   </div>
   <div class='ocr_carea' id='block_1_71' title="bbox 32 3914 1608 3993">
    <p class='ocr_par' dir='ltr' id='par_1_71' title="bbox 32 3914 1608 3993">
     <span class='ocr_line' id='line_1_71' title="bbox 32 3914 1608 3993; baseline 0 -10"><span class='ocrx_word' id='word_1_534' title='bbox 32 3943 97 3986; x_wconf 69' lang='lat' dir='ltr'><strong>;ta</strong></span> <span class='ocrx_word' id='word_1_535' title='bbox 130 3932 362 3986; x_wconf 78' lang='lat' dir='ltr'><strong>affatus</strong></span> <span class='ocrx_word' id='word_1_536' title='bbox 401 3938 483 3984; x_wconf 88' lang='lat' dir='ltr'><strong>est</strong></span> <span class='ocrx_word' id='word_1_537' title='bbox 515 3944 602 3983; x_wconf 77' lang='lat' dir='ltr'><strong>rex</strong></span> <span class='ocrx_word' id='word_1_538' title='bbox 637 3948 650 3984; x_wconf 92' lang='lat'><strong>:</strong></span> <span class='ocrx_word' id='word_1_539' title='bbox 689 3914 856 3983; x_wconf 87' lang='lat' dir='ltr'><strong>Crede</strong></span> <span class='ocrx_word' id='word_1_540' title='bbox 912 3931 1064 3991; x_wconf 89' lang='lat' dir='ltr'><strong>mihi,</strong></span> <span class='ocrx_word' id='word_1_541' title='bbox 1098 3924 1166 3982; x_wconf 85' lang='lat' dir='ltr'><strong>mi</strong></span> <span class='ocrx_word' id='word_1_542' title='bbox 1201 3928 1385 3993; x_wconf 81' lang='lat' dir='ltr'><strong>frater,</strong></span> <span class='ocrx_word' id='word_1_543' title='bbox 1421 3945 1505 3983; x_wconf 90' lang='lat' dir='ltr'><strong>me</strong></span> <span class='ocrx_word' id='word_1_544' title='bbox 1533 3930 1608 3983; x_wconf 87' lang='lat' dir='ltr'><strong>tui</strong></span> 
     </span>
    </p>
   </div>
   <div class='ocr_carea' id='block_1_72' title="bbox 32 4021 1605 4088">
    <p class='ocr_par' dir='ltr' id='par_1_72' title="bbox 32 4021 1605 4088">
     <span class='ocr_line' id='line_1_72' title="bbox 32 4021 1605 4088; baseline -0.002 -12"><span class='ocrx_word' id='word_1_545' title='bbox 32 4025 284 4078; x_wconf 67' lang='lat' dir='ltr'><strong>iblitum</strong></span> <span class='ocrx_word' id='word_1_546' title='bbox 331 4021 526 4085; x_wconf 86' lang='lat' dir='ltr'><strong>fuisse,</strong></span> <span class='ocrx_word' id='word_1_547' title='bbox 559 4029 716 4088; x_wconf 88' lang='lat' dir='ltr'><strong>teque</strong></span> <span class='ocrx_word' id='word_1_548' title='bbox 749 4021 876 4072; x_wconf 90' lang='lat' dir='ltr'><strong>mihi</strong></span> <span class='ocrx_word' id='word_1_549' title='bbox 909 4036 937 4072; x_wconf 86' lang='lat' dir='ltr'><strong>e</strong></span> <span class='ocrx_word' id='word_1_550' title='bbox 973 4021 1226 4072; x_wconf 89' lang='lat' dir='ltr'><strong>memoria</strong></span> <span class='ocrx_word' id='word_1_551' title='bbox 1267 4021 1476 4088; x_wconf 84' lang='lat' dir='ltr'><strong>penitus</strong></span> <span class='ocrx_word' id='word_1_552' title='bbox 1509 4037 1605 4074; x_wconf 80' lang='lat' dir='ltr'><strong>ex-</strong></span> 
     </span>
    </p>
   </div>
   <div class='ocr_carea' id='block_1_73' title="bbox 31 4108 1608 4171">
    <p class='ocr_par' dir='ltr' id='par_1_73' title="bbox 31 4108 1608 4171">
     <span class='ocr_line' id='line_1_73' title="bbox 31 4108 1608 4171; baseline -0.006 -4"><span class='ocrx_word' id='word_1_553' title='bbox 31 4115 271 4171; x_wconf 85' lang='lat' dir='ltr'><strong>:idisse,</strong></span> <span class='ocrx_word' id='word_1_554' title='bbox 305 4110 490 4162; x_wconf 82' lang='lat' dir='ltr'><strong>donec.</strong></span> <span class='ocrx_word' id='word_1_555' title='bbox 523 4109 635 4160; x_wconf 81' lang='lat' dir='ltr'><strong>lteri</strong></span> <span class='ocrx_word' id='word_1_556' title='bbox 663 4109 801 4159; x_wconf 87' lang='lat' dir='ltr'><strong>inter</strong></span> <span class='ocrx_word' id='word_1_557' title='bbox 841 4108 1126 4169; x_wconf 88' lang='lat' dir='ltr'><strong>orandum,</strong></span> <span class='ocrx_word' id='word_1_558' title='bbox 1178 4123 1322 4169; x_wconf 83' lang='lat' dir='ltr'><strong>ecce,</strong></span> <span class='ocrx_word' id='word_1_559' title='bbox 1386 4123 1471 4159; x_wconf 87' lang='lat' dir='ltr'><strong>me</strong></span> <span class='ocrx_word' id='word_1_560' title='bbox 1522 4112 1608 4161; x_wconf 85' lang='lat' dir='ltr'><strong>in-</strong></span> 
     </span>
    </p>
   </div>
   <div class='ocr_carea' id='block_1_74' title="bbox 31 4195 1607 4264">
    <p class='ocr_par' dir='ltr' id='par_1_74' title="bbox 31 4195 1607 4264">
     <span class='ocr_line' id='line_1_74' title="bbox 31 4195 1607 4264; baseline -0.003 -10"><span class='ocrx_word' id='word_1_561' title='bbox 31 4207 330 4264; x_wconf 74' lang='lat' dir='ltr'><strong>r&#39;lamans,</strong></span> <span class='ocrx_word' id='word_1_562' title='bbox 371 4199 562 4251; x_wconf 87' lang='lat' dir='ltr'><strong>virille</strong></span> <span class='ocrx_word' id='word_1_563' title='bbox 597 4200 752 4264; x_wconf 72' lang='lat' dir='ltr'><strong>quem</strong></span> <span class='ocrx_word' id='word_1_564' title='bbox 814 4197 866 4248; x_wconf 87' lang='lat' dir='ltr'><strong>in</strong></span> <span class='ocrx_word' id='word_1_565' title='bbox 910 4210 1098 4249; x_wconf 88' lang='lat' dir='ltr'><strong>somno</strong></span> <span class='ocrx_word' id='word_1_566' title='bbox 1152 4195 1256 4247; x_wconf 89' lang='lat' dir='ltr'><strong>vidi</strong></span> <span class='ocrx_word' id='word_1_567' title='bbox 1315 4206 1367 4248; x_wconf 87' lang='lat' dir='ltr'><strong>te</strong></span> <span class='ocrx_word' id='word_1_568' title='bbox 1398 4197 1527 4248; x_wconf 88' lang='lat' dir='ltr'><strong>mihi</strong></span> <span class='ocrx_word' id='word_1_569' title='bbox 1555 4198 1607 4250; x_wconf 91' lang='lat' dir='ltr'><strong>in</strong></span> 
     </span>
    </p>
   </div>
   <div class='ocr_carea' id='block_1_75' title="bbox 31 4284 1608 4356">
    <p class='ocr_par' dir='ltr' id='par_1_75' title="bbox 31 4284 1608 4356">
     <span class='ocr_line' id='line_1_75' title="bbox 31 4284 1608 4356; baseline -0.006 -8"><span class='ocrx_word' id='word_1_570' title='bbox 31 4293 391 4348; x_wconf 81' lang='lat' dir='ltr'><strong>nemoriain</strong></span> <span class='ocrx_word' id='word_1_571' title='bbox 426 4291 714 4342; x_wconf 78' lang='lat' dir='ltr'><strong>revocavit.</strong></span> <span class='ocrx_word' id='word_1_572' title='bbox 762 4284 1055 4352; x_wconf 77' lang='lat' dir='ltr'><strong>Respondit</strong></span> <span class='ocrx_word' id='word_1_573' title='bbox 1087 4285 1456 4353; x_wconf 85' lang='lat' dir='ltr'><strong>Theophilus:</strong></span> <span class='ocrx_word' id='word_1_574' title='bbox 1495 4289 1608 4356; x_wconf 80' lang='lat' dir='ltr'><strong>Ego</strong></span> 
     </span>
    </p>
   </div>
   <div class='ocr_carea' id='block_1_76' title="bbox 1710 3477 3261 3564">
    <p class='ocr_par' dir='ltr' id='par_1_76' title="bbox 1710 3477 3261 3564">
     <span class='ocr_line' id='line_1_76' title="bbox 1710 3477 3261 3564; baseline 0.006 -33"><span class='ocrx_word' id='word_1_575' title='bbox 1710 3477 1884 3548; x_wconf 81' lang='lat' dir='ltr'><strong>Magni</strong></span> <span class='ocrx_word' id='word_1_576' title='bbox 1912 3487 2118 3545; x_wconf 84' lang='lat' dir='ltr'><strong>octavo,</strong></span> <span class='ocrx_word' id='word_1_577' title='bbox 2141 3489 2502 3564; x_wconf 82' lang='lat' dir='ltr'><strong>apparuerunt</strong></span> <span class='ocrx_word' id='word_1_578' title='bbox 2546 3483 2695 3550; x_wconf 84' lang='lat' dir='ltr'><strong>pueri</strong></span> <span class='ocrx_word' id='word_1_579' title='bbox 2756 3483 2832 3536; x_wconf 93' lang='lat' dir='ltr'><strong>illi</strong></span> <span class='ocrx_word' id='word_1_580' title='bbox 2864 3486 2979 3554; x_wconf 87' lang='lat' dir='ltr'><strong>qtti,</strong></span> <span class='ocrx_word' id='word_1_581' title='bbox 3014 3501 3046 3539; x_wconf 87' lang='lat' dir='ltr'><strong>a</strong></span> <span class='ocrx_word' id='word_1_582' title='bbox 3092 3485 3261 3541; x_wconf 81' lang='lat' dir='ltr'><strong>Dacio</strong></span> 
     </span>
    </p>
   </div>
   <div class='ocr_carea' id='block_1_77' title="bbox 1711 3569 3256 3642">
    <p class='ocr_par' dir='ltr' id='par_1_77' title="bbox 1711 3569 3256 3642">
     <span class='ocr_line' id='line_1_77' title="bbox 1711 3569 3256 3642; baseline 0.006 -21"><span class='ocrx_word' id='word_1_583' title='bbox 1711 3583 1838 3639; x_wconf 78' lang='lat' dir='ltr'><strong>rege</strong></span> <span class='ocrx_word' id='word_1_584' title='bbox 1893 3569 2017 3639; x_wconf 76' lang='lat' dir='ltr'><strong>fuga</strong></span> <span class='ocrx_word' id='word_1_585' title='bbox 2074 3585 2133 3624; x_wconf 89' lang='lat' dir='ltr'><strong>se</strong></span> <span class='ocrx_word' id='word_1_586' title='bbox 2187 3569 2574 3640; x_wconf 84' lang='lat' dir='ltr'><strong>proripientes,</strong></span> <span class='ocrx_word' id='word_1_587' title='bbox 2624 3573 2682 3625; x_wconf 81' lang='lat' dir='ltr'><strong>in</strong></span> <span class='ocrx_word' id='word_1_588' title='bbox 2724 3575 2977 3642; x_wconf 84' lang='lat' dir='ltr'><strong>spelunca</strong></span> <span class='ocrx_word' id='word_1_589' title='bbox 3014 3575 3069 3628; x_wconf 88' lang='lat' dir='ltr'><strong>in</strong></span> <span class='ocrx_word' id='word_1_590' title='bbox 3122 3576 3256 3631; x_wconf 85' lang='lat' dir='ltr'><strong>urbe</strong></span> 
     </span>
    </p>
   </div>
   <div class='ocr_carea' id='block_1_78' title="bbox 1712 3659 3254 3736">
    <p class='ocr_par' dir='ltr' id='par_1_78' title="bbox 1712 3659 3254 3736">
     <span class='ocr_line' id='line_1_78' title="bbox 1712 3659 3254 3736; baseline 0.005 -22"><span class='ocrx_word' id='word_1_591' title='bbox 1712 3659 1923 3730; x_wconf 83' lang='lat' dir='ltr'><strong>Epheso</strong></span> <span class='ocrx_word' id='word_1_592' title='bbox 1979 3661 2353 3716; x_wconf 89' lang='lat' dir='ltr'><strong>delituerant:</strong></span> <span class='ocrx_word' id='word_1_593' title='bbox 2393 3662 2556 3732; x_wconf 86' lang='lat' dir='ltr'><strong>idque</strong></span> <span class='ocrx_word' id='word_1_594' title='bbox 2608 3665 2752 3733; x_wconf 84' lang='lat' dir='ltr'><strong>quod</strong></span> <span class='ocrx_word' id='word_1_595' title='bbox 2797 3664 2961 3734; x_wconf 76' lang='lat' dir='ltr'><strong>longo</strong></span> <span class='ocrx_word' id='word_1_596' title='bbox 2998 3668 3254 3736; x_wconf 85' lang='lat' dir='ltr'><strong>temporis</strong></span> 
     </span>
    </p>
   </div>
   <div class='ocr_carea' id='block_1_79' title="bbox 1669 3752 3256 3824">
    <p class='ocr_par' dir='ltr' id='par_1_79' title="bbox 1669 3752 3256 3824">
     <span class='ocr_line' id='line_1_79' title="bbox 1669 3752 3256 3824; baseline 0.004 -18"><span class='ocrx_word' id='word_1_597' title='bbox 1669 3752 1995 3824; x_wconf 86' lang='lat' dir='ltr'><strong>_intervallo</strong></span> <span class='ocrx_word' id='word_1_598' title='bbox 2050 3767 2174 3806; x_wconf 85' lang='lat' dir='ltr'><strong>cum</strong></span> <span class='ocrx_word' id='word_1_599' title='bbox 2209 3764 2454 3821; x_wconf 88' lang='lat' dir='ltr'><strong>pastores</strong></span> <span class='ocrx_word' id='word_1_600' title='bbox 2502 3754 2640 3808; x_wconf 87' lang='lat' dir='ltr'><strong>inter</strong></span> <span class='ocrx_word' id='word_1_601' title='bbox 2701 3756 3089 3810; x_wconf 88' lang='lat' dir='ltr'><strong>transeundum</strong></span> <span class='ocrx_word' id='word_1_602' title='bbox 3122 3759 3256 3812; x_wconf 82' lang='lat' dir='ltr'><strong>late-</strong></span> 
     </span>
    </p>
   </div>
   <div class='ocr_carea' id='block_1_80' title="bbox 1713 3843 3265 3914">
    <p class='ocr_par' dir='ltr' id='par_1_80' title="bbox 1713 3843 3265 3914">
     <span class='ocr_line' id='line_1_80' title="bbox 1713 3843 3265 3914; baseline 0.005 -19"><span class='ocrx_word' id='word_1_603' title='bbox 1713 3859 1821 3908; x_wconf 86' lang='lat' dir='ltr'><strong>res,</strong></span> <span class='ocrx_word' id='word_1_604' title='bbox 1860 3844 2060 3912; x_wconf 86' lang='lat' dir='ltr'><strong>quibus</strong></span> <span class='ocrx_word' id='word_1_605' title='bbox 2117 3845 2382 3914; x_wconf 59' lang='lat' dir='ltr'><strong>speluncae</strong></span> <span class='ocrx_word' id='word_1_606' title='bbox 2440 3845 2618 3898; x_wconf 83' lang='lat' dir='ltr'><strong>aditus</strong></span> <span class='ocrx_word' id='word_1_607' title='bbox 2675 3845 2990 3903; x_wconf 82' lang='lat' dir='ltr'><strong>obstructus</strong></span> <span class='ocrx_word' id='word_1_608' title='bbox 3053 3843 3265 3911; x_wconf 73' lang='lat' dir='ltr'><strong>fuerat,</strong></span> 
     </span>
    </p>
   </div>
   <div class='ocr_carea' id='block_1_81' title="bbox 1711 3934 3257 4006">
    <p class='ocr_par' dir='ltr' id='par_1_81' title="bbox 1711 3934 3257 4006">
     <span class='ocr_line' id='line_1_81' title="bbox 1711 3934 3257 4006; baseline 0.006 -21"><span class='ocrx_word' id='word_1_609' title='bbox 1711 3935 1824 3988; x_wconf 88' lang='lat' dir='ltr'><strong>loco</strong></span> <span class='ocrx_word' id='word_1_610' title='bbox 1871 3948 2085 3988; x_wconf 86' lang='lat' dir='ltr'><strong>movere</strong></span> <span class='ocrx_word' id='word_1_611' title='bbox 2118 3934 2262 3987; x_wconf 89' lang='lat' dir='ltr'><strong>soliti</strong></span> <span class='ocrx_word' id='word_1_612' title='bbox 2303 3943 2507 4000; x_wconf 87' lang='lat' dir='ltr'><strong>essent,</strong></span> <span class='ocrx_word' id='word_1_613' title='bbox 2545 3935 2682 4006; x_wconf 83' lang='lat' dir='ltr'><strong>facta</strong></span> <span class='ocrx_word' id='word_1_614' title='bbox 2731 3945 2872 3992; x_wconf 88' lang='lat' dir='ltr'><strong>esset</strong></span> <span class='ocrx_word' id='word_1_615' title='bbox 2909 3938 3084 3994; x_wconf 89' lang='lat' dir='ltr'><strong>instar</strong></span> <span class='ocrx_word' id='word_1_616' title='bbox 3131 3943 3257 3994; x_wconf 82' lang='lat' dir='ltr'><strong>ostii</strong></span> 
     </span>
    </p>
   </div>
   <div class='ocr_carea' id='block_1_82' title="bbox 1710 4021 3253 4094">
    <p class='ocr_par' dir='ltr' id='par_1_82' title="bbox 1710 4021 3253 4094">
     <span class='ocr_line' id='line_1_82' title="bbox 1710 4021 3253 4094; baseline 0.007 -20"><span class='ocrx_word' id='word_1_617' title='bbox 1710 4034 1944 4092; x_wconf 86' lang='lat' dir='ltr'><strong>apertus.</strong></span> <span class='ocrx_word' id='word_1_618' title='bbox 1998 4021 2306 4092; x_wconf 82' lang='lat' dir='ltr'><strong>Expcrrecti</strong></span> <span class='ocrx_word' id='word_1_619' title='bbox 2355 4039 2484 4094; x_wconf 76' lang='lat' dir='ltr'><strong>ergo</strong></span> <span class='ocrx_word' id='word_1_620' title='bbox 2513 4026 2685 4094; x_wconf 91' lang='lat' dir='ltr'><strong>pueri,</strong></span> <span class='ocrx_word' id='word_1_621' title='bbox 2736 4042 2796 4082; x_wconf 88' lang='lat' dir='ltr'><strong>se</strong></span> <span class='ocrx_word' id='word_1_622' title='bbox 2831 4044 2989 4082; x_wconf 91' lang='lat' dir='ltr'><strong>unam</strong></span> <span class='ocrx_word' id='word_1_623' title='bbox 3045 4040 3253 4085; x_wconf 87' lang='lat' dir='ltr'><strong>tantum</strong></span> 
     </span>
    </p>
   </div>
   <div class='ocr_carea' id='block_1_83' title="bbox 1711 4113 3251 4186">
    <p class='ocr_par' dir='ltr' id='par_1_83' title="bbox 1711 4113 3251 4186">
     <span class='ocr_line' id='line_1_83' title="bbox 1711 4113 3251 4186; baseline 0.004 -21"><span class='ocrx_word' id='word_1_624' title='bbox 1711 4124 1918 4166; x_wconf 89' lang='lat' dir='ltr'><strong>noctem</strong></span> <span class='ocrx_word' id='word_1_625' title='bbox 1947 4113 2268 4167; x_wconf 88' lang='lat' dir='ltr'><strong>dormivisse</strong></span> <span class='ocrx_word' id='word_1_626' title='bbox 2300 4121 2570 4182; x_wconf 84' lang='lat' dir='ltr'><strong>putantes,</strong></span> <span class='ocrx_word' id='word_1_627' title='bbox 2603 4113 2751 4168; x_wconf 87' lang='lat' dir='ltr'><strong>socio</strong></span> <span class='ocrx_word' id='word_1_628' title='bbox 2776 4130 2896 4181; x_wconf 85' lang='lat' dir='ltr'><strong>suo,</strong></span> <span class='ocrx_word' id='word_1_629' title='bbox 2938 4117 3032 4186; x_wconf 86' lang='lat' dir='ltr'><strong>qui</strong></span> <span class='ocrx_word' id='word_1_630' title='bbox 3068 4119 3251 4171; x_wconf 88' lang='lat' dir='ltr'><strong>cibum</strong></span> 
     </span>
    </p>
   </div>
   <div class='ocr_carea' id='block_1_84' title="bbox 1710 4200 3254 4272">
    <p class='ocr_par' dir='ltr' id='par_1_84' title="bbox 1710 4200 3254 4272">
     <span class='ocr_line' id='line_1_84' title="bbox 1710 4200 3254 4272; baseline 0.005 -20"><span class='ocrx_word' id='word_1_631' title='bbox 1710 4200 1842 4268; x_wconf 89' lang='lat' dir='ltr'><strong>ipsis</strong></span> <span class='ocrx_word' id='word_1_632' title='bbox 1894 4214 2069 4252; x_wconf 89' lang='lat' dir='ltr'><strong>emere</strong></span> <span class='ocrx_word' id='word_1_633' title='bbox 2115 4200 2366 4253; x_wconf 86' lang='lat' dir='ltr'><strong>solebat:</strong></span> <span class='ocrx_word' id='word_1_634' title='bbox 2406 4200 2720 4266; x_wconf 82' lang='lat' dir='ltr'><strong>Profectus,</strong></span> <span class='ocrx_word' id='word_1_635' title='bbox 2779 4202 3045 4272; x_wconf 91' lang='lat' dir='ltr'><strong>inquiunt,</strong></span> <span class='ocrx_word' id='word_1_636' title='bbox 3075 4205 3254 4259; x_wconf 84' lang='lat' dir='ltr'><strong>cibum</strong></span> 
     </span>
    </p>
   </div>
   <div class='ocr_carea' id='block_1_85' title="bbox 1709 4286 3257 4358">
    <p class='ocr_par' dir='ltr' id='par_1_85' title="bbox 1709 4286 3257 4358">
     <span class='ocr_line' id='line_1_85' title="bbox 1709 4286 3257 4358; baseline 0.005 -18"><span class='ocrx_word' id='word_1_637' title='bbox 1709 4288 1866 4342; x_wconf 86' lang='lat' dir='ltr'><strong>nobis</strong></span> <span class='ocrx_word' id='word_1_638' title='bbox 1888 4301 2160 4355; x_wconf 85' lang='lat' dir='ltr'><strong>compara,</strong></span> <span class='ocrx_word' id='word_1_639' title='bbox 2206 4286 2422 4356; x_wconf 89' lang='lat' dir='ltr'><strong>et‘quid</strong></span> <span class='ocrx_word' id='word_1_640' title='bbox 2459 4296 2581 4357; x_wconf 79' lang='lat' dir='ltr'><strong>agat</strong></span> <span class='ocrx_word' id='word_1_641' title='bbox 2609 4289 2899 4358; x_wconf 88' lang='lat' dir='ltr'><strong>imperator</strong></span> <span class='ocrx_word' id='word_1_642' title='bbox 2942 4290 3134 4346; x_wconf 88' lang='lat' dir='ltr'><strong>Daeius</strong></span> <span class='ocrx_word' id='word_1_643' title='bbox 3169 4296 3257 4346; x_wconf 87' lang='lat' dir='ltr'><strong>iu-</strong></span> 
     </span>
    </p>
   </div>
   <div class='ocr_carea' id='block_1_86' title="bbox 32 4375 3252 4447">
    <p class='ocr_par' dir='ltr' id='par_1_86' title="bbox 32 4375 3252 4447">
     <span class='ocr_line' id='line_1_86' title="bbox 32 4375 3252 4447; baseline -0.001 -9"><span class='ocrx_word' id='word_1_644' title='bbox 32 4388 193 4438; x_wconf 73' lang='lat' dir='ltr'><strong>tiam</strong></span> <span class='ocrx_word' id='word_1_645' title='bbox 237 4381 386 4435; x_wconf 85' lang='lat' dir='ltr'><strong>heri</strong></span> <span class='ocrx_word' id='word_1_646' title='bbox 438 4379 492 4432; x_wconf 90' lang='lat' dir='ltr'><strong>in</strong></span> <span class='ocrx_word' id='word_1_647' title='bbox 521 4378 731 4432; x_wconf 86' lang='lat' dir='ltr'><strong>somnio</strong></span> <span class='ocrx_word' id='word_1_648' title='bbox 766 4379 870 4431; x_wconf 89' lang='lat' dir='ltr'><strong>vidi</strong></span> <span class='ocrx_word' id='word_1_649' title='bbox 905 4379 1185 4444; x_wconf 55' lang='lat' dir='ltr'><strong>{quemdam</strong></span> <span class='ocrx_word' id='word_1_650' title='bbox 1233 4381 1324 4446; x_wconf 89' lang='lat' dir='ltr'><strong>qui</strong></span> <span class='ocrx_word' id='word_1_651' title='bbox 1365 4379 1492 4430; x_wconf 90' lang='lat' dir='ltr'><strong>mihi</strong></span> <span class='ocrx_word' id='word_1_652' title='bbox 1523 4379 1606 4432; x_wconf 89' lang='lat' dir='ltr'><strong>di-</strong></span> <span class='ocrx_word' id='word_1_653' title='bbox 1642 4390 1683 4442; x_wconf 75' lang='grc' dir='ltr'><strong>ι)</strong></span> <span class='ocrx_word' id='word_1_654' title='bbox 1714 4375 1885 4447; x_wconf 86' lang='lat' dir='ltr'><strong>quire.</strong></span> <span class='ocrx_word' id='word_1_655' title='bbox 1925 4375 2015 4430; x_wconf 87' lang='lat' dir='ltr'><strong>Ille</strong></span> <span class='ocrx_word' id='word_1_656' title='bbox 2058 4375 2124 4429; x_wconf 88' lang='lat' dir='ltr'><strong>ad</strong></span> <span class='ocrx_word' id='word_1_657' title='bbox 2157 4385 2362 4445; x_wconf 71' lang='lat' dir='ltr'><strong>portam</strong></span> <span class='ocrx_word' id='word_1_658' title='bbox 2395 4377 2667 4446; x_wconf 78' lang='lat' dir='ltr'><strong>spelunca:</strong></span> <span class='ocrx_word' id='word_1_659' title='bbox 2705 4393 2958 4447; x_wconf 76' lang='lat' dir='ltr'><strong>egressus</strong></span> <span class='ocrx_word' id='word_1_660' title='bbox 2990 4383 3080 4437; x_wconf 91' lang='lat' dir='ltr'><strong>ubi</strong></span> <span class='ocrx_word' id='word_1_661' title='bbox 3119 4387 3252 4436; x_wconf 34' lang='lat' dir='ltr'><strong>azdi-</strong></span> 
     </span>
    </p>
   </div>
   <div class='ocr_carea' id='block_1_87' title="bbox 36 4467 1605 4535">
    <p class='ocr_par' dir='ltr' id='par_1_87' title="bbox 36 4467 1605 4535">
     <span class='ocr_line' id='line_1_87' title="bbox 36 4467 1605 4535; baseline -0.004 -6"><span class='ocrx_word' id='word_1_662' title='bbox 36 4485 176 4530; x_wconf 86' lang='lat' dir='ltr'><strong>eret</strong></span> <span class='ocrx_word' id='word_1_663' title='bbox 223 4491 242 4527; x_wconf 90' lang='lat'><strong>:</strong></span> <span class='ocrx_word' id='word_1_664' title='bbox 294 4471 468 4524; x_wconf 87' lang='lat' dir='ltr'><strong>Sicut</strong></span> <span class='ocrx_word' id='word_1_665' title='bbox 497 4467 856 4522; x_wconf 81' lang='lat' dir='ltr'><strong>TheOdosium</strong></span> <span class='ocrx_word' id='word_1_666' title='bbox 895 4481 1072 4535; x_wconf 82' lang='lat' dir='ltr'><strong>regem</strong></span> <span class='ocrx_word' id='word_1_667' title='bbox 1109 4469 1387 4532; x_wconf 89' lang='lat' dir='ltr'><strong>constitui,</strong></span> <span class='ocrx_word' id='word_1_668' title='bbox 1443 4470 1515 4522; x_wconf 90' lang='lat' dir='ltr'><strong>ita</strong></span> <span class='ocrx_word' id='word_1_669' title='bbox 1553 4479 1605 4524; x_wconf 91' lang='lat' dir='ltr'><strong>et</strong></span> 
     </span>
    </p>
   </div>
   <div class='ocr_carea' id='block_1_88' title="bbox 31 4553 1610 4634">
    <p class='ocr_par' dir='ltr' id='par_1_88' title="bbox 31 4553 1610 4634">
     <span class='ocr_line' id='line_1_88' title="bbox 31 4553 1610 4634; baseline -0.006 -14"><span class='ocrx_word' id='word_1_670' title='bbox 31 4581 55 4620; x_wconf 67' lang='grc' dir='ltr'>ε</span> <span class='ocrx_word' id='word_1_671' title='bbox 90 4559 526 4634; x_wconf 84' lang='lat' dir='ltr'><strong>patriarcham</strong></span> <span class='ocrx_word' id='word_1_672' title='bbox 555 4558 846 4610; x_wconf 86' lang='lat' dir='ltr'><strong>constituo.</strong></span> <span class='ocrx_word' id='word_1_673' title='bbox 896 4553 1029 4609; x_wconf 81' lang='lat' dir='ltr'><strong>Ecce</strong></span> <span class='ocrx_word' id='word_1_674' title='bbox 1067 4564 1242 4608; x_wconf 85' lang='lat' dir='ltr'><strong>autem</strong></span> <span class='ocrx_word' id='word_1_675' title='bbox 1298 4557 1610 4624; x_wconf 84' lang='lat' dir='ltr'><strong>colloquen-</strong></span> 
     </span>
    </p>
   </div>
   <div class='ocr_carea' id='block_1_89' title="bbox 43 4646 1602 4723">
    <p class='ocr_par' dir='ltr' id='par_1_89' title="bbox 43 4646 1602 4723">
     <span class='ocr_line' id='line_1_89' title="bbox 43 4646 1602 4723; baseline -0.004 -16"><span class='ocrx_word' id='word_1_676' title='bbox 43 4663 170 4720; x_wconf 77' lang='lat' dir='ltr'><strong>bus</strong></span> <span class='ocrx_word' id='word_1_677' title='bbox 210 4654 412 4723; x_wconf 83' lang='lat' dir='ltr'><strong>ipsis,</strong></span> <span class='ocrx_word' id='word_1_678' title='bbox 448 4649 730 4718; x_wconf 74' lang='lat' dir='ltr'><strong>ingressus</strong></span> <span class='ocrx_word' id='word_1_679' title='bbox 765 4646 966 4714; x_wconf 86' lang='lat' dir='ltr'><strong>janitor</strong></span> <span class='ocrx_word' id='word_1_680' title='bbox 1021 4647 1129 4713; x_wconf 77' lang='lat' dir='ltr'><strong>regi</strong></span> <span class='ocrx_word' id='word_1_681' title='bbox 1179 4648 1465 4710; x_wconf 87' lang='lat' dir='ltr'><strong>nuntiavit,</strong></span> <span class='ocrx_word' id='word_1_682' title='bbox 1513 4652 1602 4701; x_wconf 86' lang='lat' dir='ltr'><strong>ad-</strong></span> 
     </span>
    </p>
   </div>
   <div class='ocr_carea' id='block_1_90' title="bbox 31 4731 1610 4799">
    <p class='ocr_par' dir='ltr' id='par_1_90' title="bbox 31 4731 1610 4799">
     <span class='ocr_line' id='line_1_90' title="bbox 31 4731 1610 4799; baseline -0.003 -4"><span class='ocrx_word' id='word_1_683' title='bbox 31 4743 261 4795; x_wconf 82' lang='lat' dir='ltr'><strong>enissc</strong></span> <span class='ocrx_word' id='word_1_684' title='bbox 340 4733 688 4788; x_wconf 78' lang='lat' dir='ltr'><strong>Alexandriae</strong></span> <span class='ocrx_word' id='word_1_685' title='bbox 740 4731 965 4796; x_wconf 80' lang='lat' dir='ltr'><strong>incolas,</strong></span> <span class='ocrx_word' id='word_1_686' title='bbox 1015 4735 1106 4799; x_wconf 90' lang='lat' dir='ltr'><strong>qui</strong></span> <span class='ocrx_word' id='word_1_687' title='bbox 1178 4735 1418 4788; x_wconf 81' lang='lat' dir='ltr'><strong>dicerent</strong></span> <span class='ocrx_word' id='word_1_688' title='bbox 1469 4751 1610 4790; x_wconf 86' lang='lat' dir='ltr'><strong>mor-</strong></span> 
     </span>
    </p>
   </div>
   <div class='ocr_carea' id='block_1_91' title="bbox 31 4823 1612 4894">
    <p class='ocr_par' dir='ltr' id='par_1_91' title="bbox 31 4823 1612 4894">
     <span class='ocr_line' id='line_1_91' title="bbox 31 4823 1612 4894; baseline -0.004 -8"><span class='ocrx_word' id='word_1_689' title='bbox 31 4849 170 4888; x_wconf 78' lang='lat' dir='ltr'><strong>tum</strong></span> <span class='ocrx_word' id='word_1_690' title='bbox 211 4843 384 4884; x_wconf 75' lang='lat' dir='ltr'><strong>esse</strong></span> <span class='ocrx_word' id='word_1_691' title='bbox 437 4823 780 4878; x_wconf 88' lang='lat' dir='ltr'><strong>Timotheum</strong></span> <span class='ocrx_word' id='word_1_692' title='bbox 811 4823 1187 4889; x_wconf 85' lang='lat' dir='ltr'><strong>patriarcham,</strong></span> <span class='ocrx_word' id='word_1_693' title='bbox 1219 4839 1282 4877; x_wconf 90' lang='lat' dir='ltr'><strong>ac</strong></span> <span class='ocrx_word' id='word_1_694' title='bbox 1315 4827 1484 4878; x_wconf 73' lang='lat' dir='ltr'><strong>virum</strong></span> <span class='ocrx_word' id='word_1_695' title='bbox 1520 4842 1612 4894; x_wconf 79' lang='lat' dir='ltr'><strong>pe-</strong></span> 
     </span>
    </p>
   </div>
   <div class='ocr_carea' id='block_1_92' title="bbox 31 4914 1610 4985">
    <p class='ocr_par' dir='ltr' id='par_1_92' title="bbox 31 4914 1610 4985">
     <span class='ocr_line' id='line_1_92' title="bbox 31 4914 1610 4985; baseline -0.006 -9"><span class='ocrx_word' id='word_1_696' title='bbox 31 4929 203 4976; x_wconf 82' lang='lat' dir='ltr'><strong>:rent</strong></span> <span class='ocrx_word' id='word_1_697' title='bbox 250 4930 447 4984; x_wconf 85' lang='lat' dir='ltr'><strong>quem</strong></span> <span class='ocrx_word' id='word_1_698' title='bbox 482 4914 841 4982; x_wconf 77' lang='lat' dir='ltr'><strong>patriarcham</strong></span> <span class='ocrx_word' id='word_1_699' title='bbox 890 4914 1315 4985; x_wconf 76' lang='lat' dir='ltr'><strong>constituerent;</strong></span> <span class='ocrx_word' id='word_1_700' title='bbox 1354 4930 1445 4966; x_wconf 85' lang='lat' dir='ltr'><strong>rex</strong></span> <span class='ocrx_word' id='word_1_701' title='bbox 1485 4929 1610 4984; x_wconf 83' lang='lat' dir='ltr'><strong>ergo</strong></span> 
     </span>
    </p>
   </div>
   <div class='ocr_carea' id='block_1_93' title="bbox 37 5000 1607 5070">
    <p class='ocr_par' dir='ltr' id='par_1_93' title="bbox 37 5000 1607 5070">
     <span class='ocr_line' id='line_1_93' title="bbox 37 5000 1607 5070; baseline -0.006 -7"><span class='ocrx_word' id='word_1_702' title='bbox 37 5012 209 5062; x_wconf 84' lang='lat' dir='ltr'><strong>atim</strong></span> <span class='ocrx_word' id='word_1_703' title='bbox 248 5001 650 5069; x_wconf 79' lang='lat' dir='ltr'><strong>Theophilum</strong></span> <span class='ocrx_word' id='word_1_704' title='bbox 691 5000 1048 5068; x_wconf 87' lang='lat' dir='ltr'><strong>patriarcham</strong></span> <span class='ocrx_word' id='word_1_705' title='bbox 1074 5003 1407 5055; x_wconf 84' lang='lat' dir='ltr'><strong>constituens</strong></span> <span class='ocrx_word' id='word_1_706' title='bbox 1435 5003 1607 5070; x_wconf 68' lang='lat' dir='ltr'><strong>ipsum</strong></span> 
     </span>
    </p>
   </div>
   <div class='ocr_carea' id='block_1_94' title="bbox 31 5088 1665 5157">
    <p class='ocr_par' dir='ltr' id='par_1_94' title="bbox 31 5088 1665 5157">
     <span class='ocr_line' id='line_1_94' title="bbox 31 5088 1665 5157; baseline -0.006 -6"><span class='ocrx_word' id='word_1_707' title='bbox 31 5093 457 5151; x_wconf 79' lang='lat' dir='ltr'><strong>lexundriam</strong></span> <span class='ocrx_word' id='word_1_708' title='bbox 499 5089 658 5151; x_wconf 88' lang='lat' dir='ltr'><strong>misit,</strong></span> <span class='ocrx_word' id='word_1_709' title='bbox 687 5089 776 5154; x_wconf 88' lang='lat' dir='ltr'><strong>qui</strong></span> <span class='ocrx_word' id='word_1_710' title='bbox 810 5088 880 5140; x_wconf 92' lang='lat' dir='ltr'><strong>ibi</strong></span> <span class='ocrx_word' id='word_1_711' title='bbox 907 5102 1074 5141; x_wconf 86' lang='lat' dir='ltr'><strong>annos</strong></span> <span class='ocrx_word' id='word_1_712' title='bbox 1097 5089 1279 5157; x_wconf 75' lang='lat' dir='ltr'><strong>viginti</strong></span> <span class='ocrx_word' id='word_1_713' title='bbox 1305 5101 1423 5142; x_wconf 90' lang='lat' dir='ltr'><strong>octo</strong></span> <span class='ocrx_word' id='word_1_714' title='bbox 1451 5091 1608 5154; x_wconf 87' lang='lat' dir='ltr'><strong>sedit,</strong></span> <span class='ocrx_word' id='word_1_715' title='bbox 1649 5111 1665 5121; x_wconf 59' lang='grc' dir='ltr'>δ</span> 
     </span>
    </p>
   </div>
   <div class='ocr_carea' id='block_1_95' title="bbox 31 5174 1611 5242">
    <p class='ocr_par' dir='ltr' id='par_1_95' title="bbox 31 5174 1611 5242">
     <span class='ocr_line' id='line_1_95' title="bbox 31 5174 1611 5242; baseline -0.008 -2"><span class='ocrx_word' id='word_1_716' title='bbox 31 5189 115 5240; x_wconf 72' lang='grc' dir='ltr'><strong>εἰη</strong></span> <span class='ocrx_word' id='word_1_717' title='bbox 168 5189 484 5236; x_wconf 68' lang='grc' dir='ltr'><strong>ιιίοτιυυε</strong></span> <span class='ocrx_word' id='word_1_718' title='bbox 520 5185 622 5230; x_wconf 81' lang='lat' dir='ltr'><strong>est.</strong></span> <span class='ocrx_word' id='word_1_719' title='bbox 659 5174 987 5242; x_wconf 82' lang='lat' dir='ltr'><strong>Theophilus</strong></span> <span class='ocrx_word' id='word_1_720' title='bbox 1040 5187 1214 5230; x_wconf 86' lang='lat' dir='ltr'><strong>autem</strong></span> <span class='ocrx_word' id='word_1_721' title='bbox 1253 5177 1344 5228; x_wconf 81' lang='lat' dir='ltr'><strong>tibi</strong></span> <span class='ocrx_word' id='word_1_722' title='bbox 1378 5180 1611 5229; x_wconf 86' lang='lat' dir='ltr'><strong>Alexan-</strong></span> 
     </span>
    </p>
   </div>
   <div class='ocr_carea' id='block_1_96' title="bbox 31 5268 1608 5343">
    <p class='ocr_par' dir='ltr' id='par_1_96' title="bbox 31 5268 1608 5343">
     <span class='ocr_line' id='line_1_96' title="bbox 31 5268 1608 5343; baseline -0.007 -13"><span class='ocrx_word' id='word_1_723' title='bbox 31 5284 186 5331; x_wconf 74' lang='lat' dir='ltr'><strong>&#39;iam</strong></span> <span class='ocrx_word' id='word_1_724' title='bbox 237 5271 645 5343; x_wconf 81' lang='lat' dir='ltr'><strong>pervenisset,</strong></span> <span class='ocrx_word' id='word_1_725' title='bbox 684 5269 823 5320; x_wconf 87' lang='lat' dir='ltr'><strong>idola</strong></span> <span class='ocrx_word' id='word_1_726' title='bbox 859 5275 1121 5334; x_wconf 86' lang='lat' dir='ltr'><strong>quotquot</strong></span> <span class='ocrx_word' id='word_1_727' title='bbox 1161 5268 1213 5319; x_wconf 92' lang='lat' dir='ltr'><strong>in</strong></span> <span class='ocrx_word' id='word_1_728' title='bbox 1269 5283 1329 5319; x_wconf 87' lang='lat' dir='ltr'><strong>ea</strong></span> <span class='ocrx_word' id='word_1_729' title='bbox 1369 5271 1608 5332; x_wconf 85' lang='lat' dir='ltr'><strong>luerunt,</strong></span> 
     </span>
    </p>
   </div>
   <div class='ocr_carea' id='block_1_97' title="bbox 37 5357 1609 5434">
    <p class='ocr_par' dir='ltr' id='par_1_97' title="bbox 37 5357 1609 5434">
     <span class='ocr_line' id='line_1_97' title="bbox 37 5357 1609 5434; baseline -0.003 -20"><span class='ocrx_word' id='word_1_730' title='bbox 37 5367 344 5434; x_wconf 71' lang='lat' dir='ltr'><strong>nlrcgiL.</strong></span> <span class='ocrx_word' id='word_1_731' title='bbox 408 5357 632 5423; x_wconf 81' lang='lat' dir='ltr'><strong>Fuitque</strong></span> <span class='ocrx_word' id='word_1_732' title='bbox 692 5357 1024 5410; x_wconf 67' lang='lat' dir='ltr'><strong>AleXandria:</strong></span> <span class='ocrx_word' id='word_1_733' title='bbox 1082 5357 1438 5423; x_wconf 72' lang='lat' dir='ltr'><strong>pavimentum</strong></span> <span class='ocrx_word' id='word_1_734' title='bbox 1497 5374 1609 5411; x_wconf 89' lang='lat' dir='ltr'><strong>ma-</strong></span> 
     </span>
    </p>
   </div>
   <div class='ocr_carea' id='block_1_98' title="bbox 32 5445 1607 5512">
    <p class='ocr_par' dir='ltr' id='par_1_98' title="bbox 32 5445 1607 5512">
     <span class='ocr_line' id='line_1_98' title="bbox 32 5445 1607 5512; baseline -0.006 -4"><span class='ocrx_word' id='word_1_735' title='bbox 32 5475 166 5509; x_wconf 82' lang='lat' dir='ltr'><strong>.um</strong></span> <span class='ocrx_word' id='word_1_736' title='bbox 220 5462 633 5505; x_wconf 80' lang='lat' dir='ltr'><strong>marmoreum</strong></span> <span class='ocrx_word' id='word_1_737' title='bbox 667 5447 753 5499; x_wconf 91' lang='lat' dir='ltr'><strong>cui</strong></span> <span class='ocrx_word' id='word_1_738' title='bbox 805 5447 1060 5512; x_wconf 89' lang='lat' dir='ltr'><strong>inscripta</strong></span> <span class='ocrx_word' id='word_1_739' title='bbox 1093 5456 1245 5497; x_wconf 88' lang='lat' dir='ltr'><strong>erant</strong></span> <span class='ocrx_word' id='word_1_740' title='bbox 1298 5449 1397 5497; x_wconf 87' lang='lat' dir='ltr'><strong>tria</strong></span> <span class='ocrx_word' id='word_1_741' title='bbox 1440 5445 1607 5499; x_wconf 84' lang='lat' dir='ltr'><strong>Tlieta</strong></span> 
     </span>
    </p>
   </div>
   <div class='ocr_carea' id='block_1_99' title="bbox 46 5534 1606 5603">
    <p class='ocr_par' dir='ltr' id='par_1_99' title="bbox 46 5534 1606 5603">
     <span class='ocr_line' id='line_1_99' title="bbox 46 5534 1606 5603; baseline -0.002 -10"><span class='ocrx_word' id='word_1_742' title='bbox 46 5549 104 5599; x_wconf 81' lang='grc' dir='ltr'><em>Θ</em></span> <span class='ocrx_word' id='word_1_743' title='bbox 154 5546 214 5596; x_wconf 84' lang='grc' dir='ltr'>Θ</span> <span class='ocrx_word' id='word_1_744' title='bbox 281 5549 363 5593; x_wconf 81' lang='lat' dir='ltr'><strong>ct</strong></span> <span class='ocrx_word' id='word_1_745' title='bbox 428 5540 480 5589; x_wconf 89' lang='lat' dir='ltr'><strong>in</strong></span> <span class='ocrx_word' id='word_1_746' title='bbox 529 5536 755 5589; x_wconf 83' lang='lat' dir='ltr'><strong>circuitu</strong></span> <span class='ocrx_word' id='word_1_747' title='bbox 806 5537 1095 5603; x_wconf 81' lang='lat' dir='ltr'><strong>ascriptum</strong></span> <span class='ocrx_word' id='word_1_748' title='bbox 1135 5553 1146 5587; x_wconf 90' lang='lat'><strong>:</strong></span> <span class='ocrx_word' id='word_1_749' title='bbox 1192 5534 1292 5599; x_wconf 85' lang='lat' dir='ltr'><strong>Qui</strong></span> <span class='ocrx_word' id='word_1_750' title='bbox 1349 5537 1446 5588; x_wconf 87' lang='lat' dir='ltr'><strong>tria</strong></span> <span class='ocrx_word' id='word_1_751' title='bbox 1496 5538 1606 5597; x_wconf 65' lang='lat' dir='ltr'><strong>haec</strong></span> 
     </span>
    </p>
   </div>
   <div class='ocr_carea' id='block_1_100' title="bbox 31 5623 1605 5694">
    <p class='ocr_par' dir='ltr' id='par_1_100' title="bbox 31 5623 1605 5694">
     <span class='ocr_line' id='line_1_100' title="bbox 31 5623 1605 5694; baseline -0.006 -4"><span class='ocrx_word' id='word_1_752' title='bbox 31 5647 169 5690; x_wconf 78' lang='lat' dir='ltr'><strong>icta</strong></span> <span class='ocrx_word' id='word_1_753' title='bbox 233 5631 671 5694; x_wconf 82' lang='lat' dir='ltr'><strong>interpretatus</strong></span> <span class='ocrx_word' id='word_1_754' title='bbox 699 5624 876 5691; x_wconf 88' lang='lat' dir='ltr'><strong>fuerit,</strong></span> <span class='ocrx_word' id='word_1_755' title='bbox 927 5623 1069 5693; x_wconf 73' lang='lat' dir='ltr'><strong>qind</strong></span> <span class='ocrx_word' id='word_1_756' title='bbox 1124 5624 1224 5679; x_wconf 79' lang='lat' dir='ltr'><strong>sub</strong></span> <span class='ocrx_word' id='word_1_757' title='bbox 1255 5625 1320 5680; x_wconf 89' lang='lat' dir='ltr'><strong>iis</strong></span> <span class='ocrx_word' id='word_1_758' title='bbox 1350 5634 1429 5680; x_wconf 90' lang='lat' dir='ltr'><strong>est</strong></span> <span class='ocrx_word' id='word_1_759' title='bbox 1465 5627 1605 5680; x_wconf 85' lang='lat' dir='ltr'><strong>acci-</strong></span> 
     </span>
    </p>
   </div>
   <div class='ocr_carea' id='block_1_101' title="bbox 1714 4465 3254 4540">
    <p class='ocr_par' dir='ltr' id='par_1_101' title="bbox 1714 4465 3254 4540">
     <span class='ocr_line' id='line_1_101' title="bbox 1714 4465 3254 4540; baseline 0.008 -23"><span class='ocrx_word' id='word_1_760' title='bbox 1714 4465 1820 4520; x_wconf 86' lang='lat' dir='ltr'><strong>ticii</strong></span> <span class='ocrx_word' id='word_1_761' title='bbox 1848 4466 1918 4520; x_wconf 92' lang='lat' dir='ltr'><strong>ibi</strong></span> <span class='ocrx_word' id='word_1_762' title='bbox 1957 4471 2253 4521; x_wconf 89' lang='lat' dir='ltr'><strong>constructi</strong></span> <span class='ocrx_word' id='word_1_763' title='bbox 2288 4469 2469 4524; x_wconf 89' lang='lat' dir='ltr'><strong>ruinas</strong></span> <span class='ocrx_word' id='word_1_764' title='bbox 2503 4479 2771 4533; x_wconf 86' lang='lat' dir='ltr'><strong>cerneret,</strong></span> <span class='ocrx_word' id='word_1_765' title='bbox 2815 4471 2944 4540; x_wconf 91' lang='lat' dir='ltr'><strong>quid</strong></span> <span class='ocrx_word' id='word_1_766' title='bbox 2976 4473 3076 4528; x_wconf 93' lang='lat' dir='ltr'><strong>hoc</strong></span> <span class='ocrx_word' id='word_1_767' title='bbox 3107 4485 3254 4529; x_wconf 81' lang='lat' dir='ltr'><strong>esset</strong></span> 
     </span>
    </p>
   </div>
   <div class='ocr_carea' id='block_1_102' title="bbox 1711 4556 3250 4632">
    <p class='ocr_par' dir='ltr' id='par_1_102' title="bbox 1711 4556 3250 4632">
     <span class='ocr_line' id='line_1_102' title="bbox 1711 4556 3250 4632; baseline 0.006 -23"><span class='ocrx_word' id='word_1_768' title='bbox 1711 4556 2008 4626; x_wconf 68' lang='lat' dir='ltr'><strong>ignoravit;</strong></span> <span class='ocrx_word' id='word_1_769' title='bbox 2043 4573 2267 4627; x_wconf 79' lang='lat' dir='ltr'><strong>surgens</strong></span> <span class='ocrx_word' id='word_1_770' title='bbox 2307 4567 2480 4612; x_wconf 89' lang='lat' dir='ltr'><strong>tamen</strong></span> <span class='ocrx_word' id='word_1_771' title='bbox 2513 4559 2785 4628; x_wconf 83' lang='lat' dir='ltr'><strong>profectus</strong></span> <span class='ocrx_word' id='word_1_772' title='bbox 2809 4570 2892 4616; x_wconf 89' lang='lat' dir='ltr'><strong>est</strong></span> <span class='ocrx_word' id='word_1_773' title='bbox 2922 4579 3088 4632; x_wconf 88' lang='lat' dir='ltr'><strong>usque</strong></span> <span class='ocrx_word' id='word_1_774' title='bbox 3123 4565 3250 4618; x_wconf 75' lang='lat' dir='ltr'><strong>dum</strong></span> 
     </span>
    </p>
   </div>
   <div class='ocr_carea' id='block_1_103' title="bbox 1712 4648 3250 4723">
    <p class='ocr_par' dir='ltr' id='par_1_103' title="bbox 1712 4648 3250 4723">
     <span class='ocr_line' id='line_1_103' title="bbox 1712 4648 3250 4723; baseline 0.005 -23"><span class='ocrx_word' id='word_1_775' title='bbox 1712 4650 1777 4701; x_wconf 86' lang='lat' dir='ltr'><strong>ad</strong></span> <span class='ocrx_word' id='word_1_776' title='bbox 1809 4649 1957 4702; x_wconf 85' lang='lat' dir='ltr'><strong>urbis</strong></span> <span class='ocrx_word' id='word_1_777' title='bbox 2000 4648 2191 4716; x_wconf 82' lang='lat' dir='ltr'><strong>Ephesi</strong></span> <span class='ocrx_word' id='word_1_778' title='bbox 2228 4658 2432 4718; x_wconf 86' lang='lat' dir='ltr'><strong>po;taut</strong></span> <span class='ocrx_word' id='word_1_779' title='bbox 2464 4652 2818 4718; x_wconf 82' lang='lat' dir='ltr'><strong>pervenisset,</strong></span> <span class='ocrx_word' id='word_1_780' title='bbox 2882 4670 3044 4722; x_wconf 84' lang='lat' dir='ltr'><strong>supra</strong></span> <span class='ocrx_word' id='word_1_781' title='bbox 3093 4673 3250 4723; x_wconf 85' lang='lat' dir='ltr'><strong>quam</strong></span> 
     </span>
    </p>
   </div>
   <div class='ocr_carea' id='block_1_104' title="bbox 1709 4732 3250 4808">
    <p class='ocr_par' dir='ltr' id='par_1_104' title="bbox 1709 4732 3250 4808">
     <span class='ocr_line' id='line_1_104' title="bbox 1709 4732 3250 4808; baseline 0.008 -20"><span class='ocrx_word' id='word_1_782' title='bbox 1709 4751 1918 4788; x_wconf 84' lang='lat' dir='ltr'><strong>crucem</strong></span> <span class='ocrx_word' id='word_1_783' title='bbox 1953 4752 2193 4804; x_wconf 84' lang='lat' dir='ltr'><strong>magnam</strong></span> <span class='ocrx_word' id='word_1_784' title='bbox 2227 4737 2540 4791; x_wconf 85' lang='lat' dir='ltr'><strong>collocatam</strong></span> <span class='ocrx_word' id='word_1_785' title='bbox 2573 4732 2935 4808; x_wconf 81' lang='lat' dir='ltr'><strong>conspicatus,</strong></span> <span class='ocrx_word' id='word_1_786' title='bbox 2963 4746 3060 4798; x_wconf 78' lang='lat' dir='ltr'><strong>huc</strong></span> <span class='ocrx_word' id='word_1_787' title='bbox 3087 4756 3250 4800; x_wconf 72' lang='grc' dir='ltr'><strong>ιιιιειη]</strong></span> 
     </span>
    </p>
   </div>
   <div class='ocr_carea' id='block_1_105' title="bbox 1709 4827 3248 4914">
    <p class='ocr_par' dir='ltr' id='par_1_105' title="bbox 1709 4827 3248 4914">
     <span class='ocr_line' id='line_1_105' title="bbox 1709 4827 3248 4914; baseline 0.005 -32"><span class='ocrx_word' id='word_1_788' title='bbox 1709 4827 1849 4894; x_wconf 80' lang='lat' dir='ltr'><strong>apud</strong></span> <span class='ocrx_word' id='word_1_789' title='bbox 1903 4843 1961 4881; x_wconf 89' lang='lat' dir='ltr'><strong>sc</strong></span> <span class='ocrx_word' id='word_1_790' title='bbox 2022 4830 2328 4914; x_wconf 50' lang='grc' dir='ltr'><strong>ἰιιψιῡιηιειε</strong></span> <span class='ocrx_word' id='word_1_791' title='bbox 2363 4845 2378 4882; x_wconf 90' lang='lat'><strong>:</strong></span> <span class='ocrx_word' id='word_1_792' title='bbox 2421 4829 2524 4893; x_wconf 84' lang='lat' dir='ltr'><strong>Me,</strong></span> <span class='ocrx_word' id='word_1_793' title='bbox 2570 4833 2764 4901; x_wconf 85' lang='lat' dir='ltr'><strong>inquit,</strong></span> <span class='ocrx_word' id='word_1_794' title='bbox 2809 4835 3044 4888; x_wconf 82' lang='lat' dir='ltr'><strong>dormire</strong></span> <span class='ocrx_word' id='word_1_795' title='bbox 3083 4849 3248 4905; x_wconf 88' lang='lat' dir='ltr'><strong>puto;</strong></span> 
     </span>
    </p>
   </div>
   <div class='ocr_carea' id='block_1_106' title="bbox 1709 4921 3252 4988">
    <p class='ocr_par' dir='ltr' id='par_1_106' title="bbox 1709 4921 3252 4988">
     <span class='ocr_line' id='line_1_106' title="bbox 1709 4921 3252 4988; baseline 0.007 -16"><span class='ocrx_word' id='word_1_796' title='bbox 1709 4921 1890 4972; x_wconf 85' lang='lat' dir='ltr'><strong>oculos</strong></span> <span class='ocrx_word' id='word_1_797' title='bbox 1930 4935 2055 4986; x_wconf 81' lang='lat' dir='ltr'><strong>ergo</strong></span> <span class='ocrx_word' id='word_1_798' title='bbox 2110 4929 2315 4988; x_wconf 75' lang='lat' dir='ltr'><strong>tergere</strong></span> <span class='ocrx_word' id='word_1_799' title='bbox 2355 4921 2517 4988; x_wconf 66' lang='lat' dir='ltr'><strong>etrapit</strong></span> <span class='ocrx_word' id='word_1_800' title='bbox 2559 4939 2621 4976; x_wconf 85' lang='lat' dir='ltr'><strong>ac</strong></span> <span class='ocrx_word' id='word_1_801' title='bbox 2662 4926 3000 4980; x_wconf 83' lang='lat' dir='ltr'><strong>dextrorsum</strong></span> <span class='ocrx_word' id='word_1_802' title='bbox 3036 4939 3088 4981; x_wconf 75' lang='lat' dir='ltr'><strong>et</strong></span> <span class='ocrx_word' id='word_1_803' title='bbox 3119 4932 3252 4984; x_wconf 81' lang='lat' dir='ltr'><strong>sini-</strong></span> 
     </span>
    </p>
   </div>
   <div class='ocr_carea' id='block_1_107' title="bbox 1711 5008 3244 5080">
    <p class='ocr_par' dir='ltr' id='par_1_107' title="bbox 1711 5008 3244 5080">
     <span class='ocr_line' id='line_1_107' title="bbox 1711 5008 3244 5080; baseline 0.008 -23"><span class='ocrx_word' id='word_1_804' title='bbox 1711 5013 1973 5058; x_wconf 89' lang='lat' dir='ltr'><strong>strorsum</strong></span> <span class='ocrx_word' id='word_1_805' title='bbox 2009 5008 2451 5074; x_wconf 80' lang='lat' dir='ltr'><strong>circuiitspicere,</strong></span> <span class='ocrx_word' id='word_1_806' title='bbox 2498 5024 2620 5060; x_wconf 86' lang='lat' dir='ltr'><strong>num</strong></span> <span class='ocrx_word' id='word_1_807' title='bbox 2674 5012 2874 5080; x_wconf 84' lang='lat' dir='ltr'><strong>aliquid</strong></span> <span class='ocrx_word' id='word_1_808' title='bbox 2919 5015 3024 5067; x_wconf 89' lang='lat' dir='ltr'><strong>sibi</strong></span> <span class='ocrx_word' id='word_1_809' title='bbox 3063 5022 3244 5069; x_wconf 78' lang='lat' dir='ltr'><strong>notti&#39;m</strong></span> 
     </span>
    </p>
   </div>
   <div class='ocr_carea' id='block_1_108' title="bbox 1709 5081 3248 5162">
    <p class='ocr_par' dir='ltr' id='par_1_108' title="bbox 1709 5081 3248 5162">
     <span class='ocr_line' id='line_1_108' title="bbox 1709 5081 3248 5162; baseline 0.01 -20"><span class='ocrx_word' id='word_1_810' title='bbox 1709 5095 1886 5146; x_wconf 84' lang='lat' dir='ltr'><strong>videre</strong></span> <span class='ocrx_word' id='word_1_811' title='bbox 1915 5090 2111 5162; x_wconf 84' lang='lat' dir='ltr'><strong>posset,</strong></span> <span class='ocrx_word' id='word_1_812' title='bbox 2144 5093 2299 5162; x_wconf 81' lang='lat' dir='ltr'><strong>quale</strong></span> <span class='ocrx_word' id='word_1_813' title='bbox 2334 5111 2453 5148; x_wconf 89' lang='lat' dir='ltr'><strong>eum</strong></span> <span class='ocrx_word' id='word_1_814' title='bbox 2492 5097 2624 5149; x_wconf 91' lang='lat' dir='ltr'><strong>nihil</strong></span> <span class='ocrx_word' id='word_1_815' title='bbox 2673 5081 2939 5162; x_wconf 65' lang='lat' dir='ltr'><strong>cerderet,</strong></span> <span class='ocrx_word' id='word_1_816' title='bbox 2991 5105 3248 5159; x_wconf 86' lang='lat' dir='ltr'><strong>confusus</strong></span> 
     </span>
    </p>
   </div>
   <div class='ocr_carea' id='block_1_109' title="bbox 1709 5183 3246 5259">
    <p class='ocr_par' dir='ltr' id='par_1_109' title="bbox 1709 5183 3246 5259">
     <span class='ocr_line' id='line_1_109' title="bbox 1709 5183 3246 5259; baseline 0.008 -25"><span class='ocrx_word' id='word_1_817' title='bbox 1709 5183 1971 5247; x_wconf 79' lang='lat' dir='ltr'><strong>substitit,</strong></span> <span class='ocrx_word' id='word_1_818' title='bbox 2007 5185 2117 5237; x_wconf 62' lang='lat' dir='ltr'><strong>hinc</strong></span> <span class='ocrx_word' id='word_1_819' title='bbox 2149 5187 2286 5253; x_wconf 87' lang='lat' dir='ltr'><strong>apud</strong></span> <span class='ocrx_word' id='word_1_820' title='bbox 2324 5202 2380 5239; x_wconf 89' lang='lat' dir='ltr'><strong>se</strong></span> <span class='ocrx_word' id='word_1_821' title='bbox 2428 5192 2604 5240; x_wconf 82' lang='lat' dir='ltr'><strong>animo</strong></span> <span class='ocrx_word' id='word_1_822' title='bbox 2640 5202 2890 5259; x_wconf 81' lang='lat' dir='ltr'><strong>reputans</strong></span> <span class='ocrx_word' id='word_1_823' title='bbox 2913 5192 3186 5247; x_wconf 80' lang='lat' dir='ltr'><strong>:Fursitan</strong></span> <span class='ocrx_word' id='word_1_824' title='bbox 3217 5213 3246 5248; x_wconf 88' lang='lat' dir='ltr'><strong>a</strong></span> 
     </span>
    </p>
   </div>
   <div class='ocr_carea' id='block_1_110' title="bbox 1711 5272 3246 5352">
    <p class='ocr_par' dir='ltr' id='par_1_110' title="bbox 1711 5272 3246 5352">
     <span class='ocr_line' id='line_1_110' title="bbox 1711 5272 3246 5352; baseline 0.011 -31"><span class='ocrx_word' id='word_1_825' title='bbox 1711 5272 1794 5323; x_wconf 83' lang='lat' dir='ltr'><strong>via</strong></span> <span class='ocrx_word' id='word_1_826' title='bbox 1826 5275 2088 5337; x_wconf 66' lang='lat' dir='ltr'><strong>alteri-avi,</strong></span> <span class='ocrx_word' id='word_1_827' title='bbox 2131 5276 2206 5327; x_wconf 74' lang='lat' dir='ltr'><strong>vel</strong></span> <span class='ocrx_word' id='word_1_828' title='bbox 2242 5276 2459 5330; x_wconf 85' lang='lat' dir='ltr'><strong>forsitan</strong></span> <span class='ocrx_word' id='word_1_829' title='bbox 2501 5295 2604 5332; x_wconf 92' lang='lat' dir='ltr'><strong>nou</strong></span> <span class='ocrx_word' id='word_1_830' title='bbox 2639 5289 2720 5334; x_wconf 87' lang='lat' dir='ltr'><strong>est</strong></span> <span class='ocrx_word' id='word_1_831' title='bbox 2755 5285 2881 5337; x_wconf 88' lang='lat' dir='ltr'><strong>urhs</strong></span> <span class='ocrx_word' id='word_1_832' title='bbox 2929 5285 3029 5337; x_wconf 86' lang='lat' dir='ltr'><strong>ista</strong></span> <span class='ocrx_word' id='word_1_833' title='bbox 3073 5287 3246 5352; x_wconf 67' lang='lat' dir='ltr'><strong>liphe-</strong></span> 
     </span>
    </p>
   </div>
   <div class='ocr_carea' id='block_1_111' title="bbox 1710 5360 3239 5439">
    <p class='ocr_par' dir='ltr' id='par_1_111' title="bbox 1710 5360 3239 5439">
     <span class='ocr_line' id='line_1_111' title="bbox 1710 5360 3239 5439; baseline 0.008 -25"><span class='ocrx_word' id='word_1_834' title='bbox 1710 5377 1818 5414; x_wconf 86' lang='lat' dir='ltr'><strong>sus.</strong></span> <span class='ocrx_word' id='word_1_835' title='bbox 1857 5360 2048 5415; x_wconf 90' lang='lat' dir='ltr'><strong>Urbem</strong></span> <span class='ocrx_word' id='word_1_836' title='bbox 2085 5379 2210 5417; x_wconf 90' lang='lat' dir='ltr'><strong>vero</strong></span> <span class='ocrx_word' id='word_1_837' title='bbox 2243 5367 2518 5432; x_wconf 74' lang='lat' dir='ltr'><strong>ingressus</strong></span> <span class='ocrx_word' id='word_1_838' title='bbox 2553 5386 2827 5423; x_wconf 89' lang='lat' dir='ltr'><strong>nummum</strong></span> <span class='ocrx_word' id='word_1_839' title='bbox 2857 5388 3011 5439; x_wconf 88' lang='lat' dir='ltr'><strong>quem</strong></span> <span class='ocrx_word' id='word_1_840' title='bbox 3053 5375 3239 5427; x_wconf 82' lang='lat' dir='ltr'><strong>habuit</strong></span> 
     </span>
    </p>
   </div>
   <div class='ocr_carea' id='block_1_112' title="bbox 1711 5453 3242 5529">
    <p class='ocr_par' dir='ltr' id='par_1_112' title="bbox 1711 5453 3242 5529">
     <span class='ocr_line' id='line_1_112' title="bbox 1711 5453 3242 5529; baseline 0.013 -30"><span class='ocrx_word' id='word_1_841' title='bbox 1711 5453 1896 5517; x_wconf 84' lang='lat' dir='ltr'><strong>pistori</strong></span> <span class='ocrx_word' id='word_1_842' title='bbox 1941 5455 2156 5505; x_wconf 81' lang='lat' dir='ltr'><strong>tradidit</strong></span> <span class='ocrx_word' id='word_1_843' title='bbox 2207 5472 2314 5523; x_wconf 86' lang='lat' dir='ltr'><strong>quo</strong></span> <span class='ocrx_word' id='word_1_844' title='bbox 2351 5474 2540 5524; x_wconf 81' lang='lat' dir='ltr'><strong>panem</strong></span> <span class='ocrx_word' id='word_1_845' title='bbox 2598 5471 2817 5524; x_wconf 87' lang='lat' dir='ltr'><strong>emeret,</strong></span> <span class='ocrx_word' id='word_1_846' title='bbox 2857 5466 3024 5529; x_wconf 81' lang='lat' dir='ltr'><strong>pistor</strong></span> <span class='ocrx_word' id='word_1_847' title='bbox 3068 5467 3242 5519; x_wconf 74' lang='lat' dir='ltr'><strong>vii-unt</strong></span> 
     </span>
    </p>
   </div>
   <div class='ocr_carea' id='block_1_113' title="bbox 1711 5540 3240 5620">
    <p class='ocr_par' dir='ltr' id='par_1_113' title="bbox 1711 5540 3240 5620">
     <span class='ocr_line' id='line_1_113' title="bbox 1711 5540 3240 5620; baseline 0.012 -29"><span class='ocrx_word' id='word_1_848' title='bbox 1711 5540 1894 5592; x_wconf 86' lang='lat' dir='ltr'><strong>habitu</strong></span> <span class='ocrx_word' id='word_1_849' title='bbox 1950 5544 2227 5611; x_wconf 78' lang='lat' dir='ltr'><strong>peregrino</strong></span> <span class='ocrx_word' id='word_1_850' title='bbox 2282 5549 2628 5614; x_wconf 74' lang='lat' dir='ltr'><strong>conspicatus</strong></span> <span class='ocrx_word' id='word_1_851' title='bbox 2677 5551 2928 5616; x_wconf 82' lang='lat' dir='ltr'><strong>pavidum</strong></span> <span class='ocrx_word' id='word_1_852' title='bbox 2988 5561 3240 5620; x_wconf 86' lang='lat' dir='ltr'><strong>metuque</strong></span> 
     </span>
    </p>
   </div>
   <div class='ocr_carea' id='block_1_114' title="bbox 1708 5637 3238 5708">
    <p class='ocr_par' dir='ltr' id='par_1_114' title="bbox 1708 5637 3238 5708">
     <span class='ocr_line' id='line_1_114' title="bbox 1708 5637 3238 5708; baseline 0.009 -25"><span class='ocrx_word' id='word_1_853' title='bbox 1708 5638 2137 5698; x_wconf 87' lang='lat' dir='ltr'><strong>consternatum,</strong></span> <span class='ocrx_word' id='word_1_854' title='bbox 2167 5649 2415 5690; x_wconf 85' lang='lat' dir='ltr'><strong>nummos</strong></span> <span class='ocrx_word' id='word_1_855' title='bbox 2448 5637 2724 5700; x_wconf 84' lang='lat' dir='ltr'><strong>habentem</strong></span> <span class='ocrx_word' id='word_1_856' title='bbox 2750 5639 2944 5708; x_wconf 87' lang='lat' dir='ltr'><strong>quibus</strong></span> <span class='ocrx_word' id='word_1_857' title='bbox 2970 5639 3114 5697; x_wconf 85' lang='lat' dir='ltr'><strong>Dacii</strong></span> <span class='ocrx_word' id='word_1_858' title='bbox 3141 5643 3238 5696; x_wconf 81' lang='lat' dir='ltr'><strong>itu-</strong></span> 
     </span>
    </p>
   </div>
  </div>
