3950 6348
664 182 682 244 1
696 185 794 247 027

1659 158 2024 238 EUTYCHII
2057 174 2576 235 ALEXANDRINI
2625 176 2839 235 rimi.
3695 172 3773 237 1111

659 292 923 361 peratoris
965 289 1166 358 efﬁgies
1225 289 1491 358 insculpta
1541 298 1704 350 esset,
1734 281 1861 355 quid
1913 287 2012 338 hoc
2061 293 2207 337 esset
2236 296 2276 348 Α
2311 300 2412 337 nus
2437 273 2750 353 patriarcha
2783 285 3174 346 Antioeheuns,
3211 282 3300 350 qui
3333 282 3519 336 decem
3546 294 3700 332 annos
3727 301 3774 332 sr-

659 382 894 441 00801118,
944 381 1250 446 snspiCatns
1303 378 1453 430 illum
1507 375 1666 444 532
1699 377 2014 452 thesaurum
2058 374 2206 424 int'e-

659 475 829 534 uisse,
885 470 1037 524 Unde
1070 505 1086 532 ,
1114 467 1306 537 inquit.
1339 468 1433 533 tibi
1484 477 1569 521 est
1621 482 1872 521 nummus
1900 463 2036 518 iste?
2091 463 2207 527 Quo

659 561 791 612 nihtl
838 558 1222 626 respondente,
1279 557 1527 611 homines
1581 555 1933 618 inclamavit,
1975 567 2205 622 quorum

659 633 851 718 magno
885 647 1023 717 apud
1052 649 1226 716 ipsum
1259 658 1404 702 cuitu
1439 655 1793 716 congregato,
1822 646 2107 714 ipsumque
2132 645 2210 696 al-

658 741 932 806 qunente,
967 751 1089 790 cum
1131 736 1221 790 ille
1267 737 1473 789 nullum
1505 737 1637 804 ipsis
1677 750 1992 802 responsum
2029 736 2210 789 redde-

639 837 758 888 ret,
783 829 856 879 illi
883 843 1005 880 eum
1043 828 1104 879 ad
1141 826 1426 895 patricium
1475 826 1594 878 urbi
1631 825 1941 894 praefectum
1994 827 2210 879 nomine

659 920 1000 988 Antipatrum
1033 917 1397 977 abduxerunt,
1419 904 1512 986 qui
1545 932 1668 973 eum
1708 918 1870 968 etiam
1917 917 2208 979 allocutus,

660 1010 872 1078 ipsique
900 1008 1137 1062 minatus
1160 1015 1268 1062 est.
1316 1008 1406 1062 llle
1433 1017 1610 1060 tamen
1632 1006 1766 1059 nihil
1792 1007 2090 1078 respondit.
2117 1008 2211 1059 Ac.

658 1100 819 1152 cessit
869 1099 1030 1153 etiam
1087 1097 1152 1151 ad
1196 1098 1371 1165 ipsum
1425 1096 1642 1152 Marcus
1694 1096 1847 1150 urbis
1897 1099 2208 1166 episcopus,

623 1239 630 1245 ,
657 1186 748 1254 qui
781 1186 957 1254 ipsum
986 1184 1208 1245 allatus.
1251 1199 1349 1237 nec
1375 1184 1542 1245 ullum
1581 1185 2086 1253 tnlitresponsum.
2123 1186 2211 1237 Ille

658 1290 807 1345 ergo,
841 1290 949 1345 quo
992 1276 1166 1342 ipsum
1217 1282 1465 1338 terreret,
1496 1272 1640 1350 'Nisi,
1682 1273 1878 1344 inquit,
1929 1289 2027 1328 nos
2076 1275 2212 1327 allo-

658 1367 866 1436 quaris,
916 1380 980 1418 ac
1037 1363 1180 1419 unde
1213 1364 1308 1419 tibi
1345 1363 1509 1418 fuerit
1552 1352 1810 1419 nummus
1858 1366 1960 1420 iste
2007 1366 2210 1428 edicas.

661 1469 837 1511 morte
867 1465 920 1509 te
967 1455 1342 1509 multabimus.
1402 1453 1644 1510 Necdum
1675 1463 1857 1509 tamen
1913 1457 2210 1526 respondit,

659 1548 807 1621 loqui
834 1548 1046 1602 scilicet
1108 1546 1360 1602 abnuens
1422 1555 1568 1601 metu
1627 1545 1780 1601 Dacii
1845 1547 2210 1616 imperatoris,

660 1639 818 1709 quasi
845 1639 962 1706 ipse
992 1637 1170 1692 adhuc
1198 1639 1402 1692 viveret
1436 1636 1637 1705 (adhuc
1666 1637 1810 1691 enim
1847 1638 2018 1706 ipsum
2049 1638 2102 1692 in
2134 1640 2215 1691 vi-

662 1728 744 1782 vis
791 1741 1077 1795 superesse
1130 1725 1400 1796 putabat).
1445 1723 1623 1794 Plagis
1654 1723 1783 1794 ergo
1813 1728 1987 1796 ipsum
2017 1725 2214 1781 affece-

660 1828 809 1883 runt,
842 1833 1073 1888 quarum
1128 1817 1368 1872 dolorem
1403 1817 1494 1870 ubi
1524 1817 1716 1882 sensit,
1749 1813 1872 1882 Ubi,
1900 1818 2096 1886 inquit,
2132 1825 2216 1871 est

665 1909 858 1963 Dacius
889 1909 1026 1963 rex?
1057 1903 1528 1976 Respondentibus
1573 1908 1682 1961 illis
1731 1906 1954 1962 Dacium
1983 1909 2216 1977 impera-

663 2011 832 2054 torem
871 2007 1143 2054 mortuum
1194 2012 1337 2064 esse,
1372 2000 1681 2068 multosque
1717 2007 1840 2068 post
1885 1998 2059 2068 ipsum
2116 2000 2217 2053 int-

664 2093 812 2163 perio
841 2093 1043 2162 potitos
1069 2107 1247 2160 reges,
1275 2091 1586 2161 Christique
1615 2091 1772 2146 iidem
1802 2091 2132 2156 obtinuisse,
2161 2102 2216 2147 et

663 2184 754 2254 qui
774 2185 885 2254 jam
918 2184 1212 2254 imperaret
1243 2180 1611 2238 Theodosium
1657 2177 1906 2250 Magnum
1931 2198 2068 2246 esse,
2102 2188 2213 2236 tum

663 2276 878 2328 sublato
907 2283 1052 2327 metu
1088 2273 1270 2328 omnia
1301 2288 1424 2343 qua:
1455 2273 1558 2327 sibi
1590 2271 1924 2328 accidissent
1952 2273 2212 2326 narravit.

665 2367 817 2421 illum
849 2380 978 2434 ergo
1005 2365 1070 2418 ad
1101 2366 1416 2435 speluncam
1447 2364 1697 2420 comitati
1730 2364 1802 2457 ibi
1835 2366 2014 2421 sodes
2045 2366 2215 2435 ipsius

664 2464 1086 2525 conspexerunt,
1138 2469 1238 2509 nec
1287 2467 1392 2507 non
1433 2467 1614 2508 arcam
1653 2468 1859 2508 amcam
1898 2463 2217 2523 repererunt

664 2548 822 2615 eique
887 2547 1150 2601 inclusam
1212 2545 1468 2598 laminam
1522 2543 1826 2613 plumbeam
1880 2543 1932 2596 in
1965 2559 2070 2613 qua
2117 2547 2216 2599 de-

665 2639 863 2706 scripta
898 2642 1015 2690 erat
1074 2635 1314 2704 ipsorqu
1359 2633 1612 2696 historia,
1646 2646 1700 2688 et
1753 2635 1885 2703 quid
1927 2634 2058 2704 ipsis
2093 2650 2214 2688 cum

668 2727 994 2796 imperatore
1024 2724 1386 2799 533-535
1443 2723 1604 2784 Dacio
1635 2723 1980 2793 contigisset,
2025 2725 2218 2780 litteris

675 2816 963 2870 mandante
993 2813 1250 2869 Tadduso
1283 2813 1428 2867 Daeii
1466 2814 1812 2883 imperatoris
1848 2814 2096 2881 patricio.
2127 2811 2217 2867 llis

670 2907 725 2961 in
768 2921 1033 2961 summam
1073 2904 1487 2959 admirationem
1557 2905 1692 2971 rapti
1753 2905 1816 2957 ad
1850 2903 2212 2958 Theodosium
2243 2940 2285 2995 ο

671 3013 848 3066 regem
904 2997 1112 3050 litteras
1143 2996 1473 3064 scripserunt
1505 2994 1704 3062 quibus
1753 3010 1874 3048 eum
1913 2999 2100 3047 harum
2133 3009 2217 3046 re-

671 3102 790 3141 rum
815 3088 1103 3140 certiorem
1127 3069 1500 3140 reddiderunt.
1529 3082 1630 3149 Qui
1653 3100 1782 3154 ergo
1807 3099 2110 3138 conscenso
2133 3099 2221 3136 ve-

673 3177 804 3232 redo
845 3178 1032 3231 urbem
1071 3175 1338 3246 Ephesum
1371 3161 1581 3245 petens
1617 3175 1690 3229 ibi
1740 3175 1860 3251 illos
1895 3184 1948 3229 et
1988 3176 2120 3228 vidit
2169 3187 2222 3230 et

671 3269 979 3323 collocutus
1023 3281 1126 3322 est.
1192 3269 1262 3321 At
1294 3267 1467 3321 tribus
1503 3274 1623 3336 post
1651 3266 1862 3329 diebus,
1891 3283 2012 3321 cum
2041 3267 2105 3320 ad
2142 3267 2224 3336 ip-

634 3423 637 3426 ,
675 3373 768 3414 sos
796 3357 853 3412 in
883 3359 1194 3427 speluncam
1243 3359 1518 3422 introiret,
1552 3359 1700 3427 ipsos
1729 3358 1841 3426 jam
1873 3367 2114 3413 mortuos
2141 3359 2224 3410 in-

674 3449 844 3504 venit.
878 3447 1048 3503 1118811
1077 3463 1205 3518 ergo
1253 3464 1332 3525 ne
1386 3449 1510 3502 inde
1565 3451 1952 3514 educerentur,
2015 3449 2109 3503 sed
2167 3451 2220 3503 in

655 3531 798 3610 ipsa
849 3539 1104 3609 spelunca
1159 3540 1398 3608 sepeliri,
1431 3549 1486 3592 et
1521 3554 1685 3609 super
1736 3541 1886 3608 ipsos
1934 3541 2219 3594 ecclesiam

675 3628 872 3684 struxit
898 3643 1018 3696 qua:
1052 3631 1294 3698 ipsorum
1342 3627 1559 3682 nomine
1598 3628 1852 3698 insignita
1877 3639 1981 3694 est,
2036 3643 2098 3683 ac
2146 3628 2220 3682 fe-

677 3731 820 3774 stum
859 3720 910 3772 in
956 3721 1192 3788 ipsorum
1219 3719 1448 3788 gratiam
1468 3719 1772 3773 institutum
1797 3734 1860 3773 eo
1884 3719 1966 3773 die
1994 3726 2223 3788 quotan-

675 3811 763 3864 nis
813 3809 1160 3862 celebratur:
1195 3809 1319 3862 dein
1379 3809 1911 3877 Constantinopolim
1973 3823 2225 3863 reversus

676 3910 757 3978 est
782 3895 1117 3953 Theodosius
1139 3914 1256 3952 rex.
1289 3946 1291 3949 .

744 3977 860 4044 lam
894 4003 922 4041 a
957 3999 1222 4056 tempore,
1266 3977 1382 4058 quo.
1409 4003 1436 4041 a
1471 3987 1634 4042 Dacio
1689 3989 2014 4059 imperatore
2075 3988 2227 4058 fuge-

678 4091 804 4136 runt
837 4081 983 4150 pueri
1019 4081 1108 4134 isti
1140 4081 1192 4132 in
1225 4068 1536 4146 speluncam
1581 4087 1742 4148 atque
1790 4080 1842 4133 in
1877 4094 1937 4132 ea
1981 4079 2226 4134 dormie-

681 4179 827 4236 runt,
858 4171 923 4223 ad
949 4182 1159 4239 tempus
1183 4185 1287 4238 quo
1319 4185 1531 4223 rursum
1550 4179 1917 4240 apparuerunt
1941 4184 2002 4221 ac
2029 4169 2226 4221 mortui

2304 370 2404 429 dit.
2441 375 2564 427 dein
2593 383 2838 426 mortuus
2865 383 2964 427 est.
2991 373 3144 424 Anno
3175 373 3380 438 imperii
3399 369 3779 438 ejusdcmoclarn

2305 463 2638 517 censtitulus
2673 474 2756 516 est
2804 462 3045 515 Joannes
3078 462 3379 529 patriarcha
3407 458 3781 528 ilierosolymin-

2310 570 2432 611 nus.
2466 556 2556 608 ubi
2591 569 2762 606 annos
2798 554 3070 607 sexdecim
3100 553 3260 613 sedit,
3301 551 3426 603 dein
3460 562 3779 604 mei-tuusesi.

2310 645 2578 712 Tempore
2612 647 2738 697 item
2773 627 3060 696 Theodosii
3114 643 3257 709 regis
3302 641 3484 694 floruit
3519 641 3786 709 Epiphanius

2309 739 2469 807 Cypri
2521 738 2834 806 episcopus.
2891 735 3100 788 Struxit
3156 734 3316 787 etiam
3374 730 3706 786 Theodosius
3730 748 3788 786 rex

2313 826 2703 898 ilict-osolymis
2738 825 3020 880 ecclesiam
3071 823 3380 878 .lesmaniab
3425 823 3482 876 in
3536 838 3638 892 qua
3671 828 3791 891 Sepul-

2311 932 2461 971 crum
2495 928 2613 970 crat
2667 927 2870 969 sanet-.e
2914 914 3110 978 Mariae,
3153 929 3314 982 quam
3349 913 3629 966 diruerunt
3674 913 3794 966 Persa

2311 1020 2418 1072 quo
2454 1014 2693 1072 tempore
2727 1002 3098 1071 Hierosolyma
3124 1016 3294 1070 usque
3336 999 3561 1067 profecti
3601 1001 3794 1054 ecclesia

2311 1095 2834 1162 Hierosolymitanas
2891 1092 3311 1153 dcstruxernnt,
3356 1092 3491 1144 adeo
3524 1097 3581 1143 ut
3627 1092 3678 1141 111
3701 1091 3796 1142 11111111

2314 1201 2484 1253 usque.
2513 1179 2652 1238 diem
2679 1194 2896 1237 vastalze
2929 1192 3197 1236 mane-aut.
3270 1223 3276 1226 -

2384 1274 2552 1328 Porro
2576 1290 2718 1328 anno
2745 1265 2954 1342 imperii
2993 1272 3274 1326 Theodosii
3310 1273 3454 1338 regis
3475 1271 3679 1326 decimo
3702 1284 3798 1322 mor-

2313 1354 2544 1420 10118081
2584 1364 2758 1418 Sabur
2797 1364 2992 1418 Saburi
3033 1364 3176 1418 ﬁlius
3206 1379 3295 1418 rex
3345 1363 3674 1426 Persarum;
3716 1365 3822 1431 post

2311 1469 2468 1522 quem
2501 1455 2743 1523 regnavit
2771 1453 3000 1508 Bahram
3038 1453 3233 1508 Saburi
3268 1455 3408 1508 iilius
3436 1469 3530 1510 rex
3568 1453 3800 1508 Persarum

2313 1556 2486 1596 annos
2519 1544 2795 1606 undecim,
2838 1558 2868 1596 a
2895 1558 3002 1613 quo
3033 1554 3272 1614 tempore
3301 1544 3582 1600 fruebatur
3610 1543 3806 1598 Tlteodo~

2315 1633 2379 1687 sii
2407 1649 2631 1704 regnum
2684 1636 3080 1706 tranquillitate
3121 1648 3175 1691 et
3216 1651 3347 1706 pace
3376 1677 3391 1702 ,
3437 1637 3565 1692 dein
3614 1646 3805 1690 mortuus

2315 1733 2417 1777 est.
2445 1721 2687 1777 Mortuus
2709 1731 2793 1778 est
2819 1724 2982 1778 etiam
3023 1723 3363 1780 Theodosius
3397 1741 3487 1780 rex
3524 1725 3810 1781 succedenti-

2315 1813 2416 1866 bus
2447 1812 2549 1881 ipsi
2578 1812 2804 1882 ituperio
2833 1811 2960 1867 filiis
3004 1814 3173 1884 ipsius
3219 1815 3450 1870 Arcadio
3498 1825 3552 1869 et
3600 1811 3808 1877 Honorio.

2314 1901 2601 1973 Imperavit
2626 1913 2805 1959 autem
2822 1904 3086 1961 Arcadius
3109 1903 3368 1962 Romanis
3390 1907 3809 1976 Constantinopoli

2317 2007 2491 2047 annos
2517 1993 2781 2048 tredecim
2814 2011 2829 2060 ;
2869 1993 3037 2049 frater
3065 2010 3190 2049 vero
3233 1996 3404 2065 ipsius
3440 1995 3705 2050 Honorius
3727 1995 3810 2048 urbi

2319 2083 2500 2136 Roma
2531 2098 2706 2139 annos
2730 2085 2981 2142 undecim
3012 2102 3028 2160 ;
3072 2086 3227 2156 idque
3255 2101 3396 2143 anno
3428 2089 3578 2157 regni
3607 2088 3812 2142 Dahrami

2297 2176 2412 2230 lilii
2481 2177 2704 2246 Saporis
2750 2177 3038 2256 Persarum
3094 2181 3234 2249 regis
3283 2182 3534 2250 septimo.
3595 2183 3813 2236 Arcadius

2316 2279 2492 2323 autem
2526 2285 2614 2322 rex
2642 2281 3026 2340 praceptorem
3051 2269 3400 2343 537-539
3418 2289 3576 2328 suum
3603 2276 3817 2328 Arsanrm

2315 2360 2382 2413 ad
2411 2375 2595 2415 necem
2633 2362 2882 2429 quaesivit
2907 2376 3016 2431 prae
3041 2377 3105 2416 eo
3130 2362 3273 2432 quod
3303 2378 3430 2434 erga
3470 2365 3642 2434 ipsum
3670 2366 3716 2418 111
3735 2369 3819 2418 ai-

2318 2449 2406 2504 trio
2440 2451 2662 2520 gerebat
2697 2453 2842 2505 odio.
2872 2452 3047 2521 Cujus
3076 2453 3150 2507 rei
3187 2455 3383 2509 certior
3415 2453 3592 2510 factus
3625 2456 3820 2509 Arsancs

2317 2538 2701 2595 Alexandriam
2730 2540 2941 2611 fugiens
2968 2543 3352 2599 monachatum
3387 2547 3667 2615 professus
3695 2557 3765 2601 est
3785 2548 3820 2598 111

2320 2631 2649 2683 umnasterio
2681 2629 2923 2699 quodam
2985 2632 3124 2701 quod
3168 2632 3221 2686 in
3272 2635 3407 2688 valle
3456 2633 3683 2699 llobaib,
3709 2635 3823 2703 juxta

2318 2716 2550 2781 Tarnut,
2583 2720 2745 2774 situm
2777 2731 2880 2783 est,
2913 2731 2968 2776 et
3016 2722 3169 2776 Askit
3210 2724 3559 2793 appellatum.
3601 2725 3826 2778 Arcadius

2321 2808 2517 2865 deinde
2554 2822 2683 2864 nato
2728 2813 2830 2868 sibi
2877 2813 3006 2877 filio,
3063 2815 3146 2868 cui
3175 2815 3464 2871 Theodosii
3499 2831 3690 2870 nomen
3719 2816 3826 2868 111111-

2319 2902 2420 2966 1111,
2485 2904 2742 2957 Arsanem
2774 2915 3188 2975 praeceptorem
3225 2922 3382 2962 suum
3448 2914 3656 2977 rogavit
3711 2916 3762 2960 ut
3792 2917 3830 2960 et

2324 2992 2486 3044 lilium
2517 3008 2671 3045 suum
2707 2993 2960 3058 doceret;
2992 3010 3220 3065 rumque
3252 2996 3353 3066 ipsi
3379 2998 3683 3052 nuntiatum
3717 3008 3830 3052 esset

2321 3080 2492 3149 ipsum
2519 3084 2571 3135 in
2597 3081 2884 3153 Egyptum
2914 3083 3036 3153 fuga
3056 3086 3292 3156 elapsum
3315 3088 3482 3141 vitam
3511 3093 3831 3144 monasticam

2321 3173 2389 3225 ibi
2426 3172 2480 3226 in
2527 3175 2868 3228 monasterio
2895 3173 3048 3228 Askit
3076 3178 3337 3245 profiteri,
3361 3180 3510 3232 misit
3539 3192 3658 3248 post
3687 3181 3830 3248 ipsum

2323 3263 2498 3333 quiet
2535 3263 2653 3318 vita:
2701 3278 2952 3320 securum
2979 3281 3101 3321 esse
3126 3267 3365 3335 juber'et.
3391 3269 3651 3324 Renueus
3686 3279 3832 3324 autem

2325 3355 2562 3408 Arsanes
2605 3350 2838 3425 [venire]
2883 3357 3076 3410 nuntio
3121 3340 3400 3414 blanditus
3425 3370 3507 3414 est
3541 3364 3674 3433 adeo
3705 3371 3755 3413 ut
3782 3359 3830 3409 ab

2323 3443 2441 3513 ipso
2470 3443 2787 3500 discederet.
2819 3445 3022 3501 Deinde
3071 3458 3315 3503 metuens
3355 3464 3423 3504 ne
3450 3452 3690 3505 mitteret
3717 3447 3832 3521 [rex]
3888 3443 3889 3521 ἦ

2324 3469 2441 3513 Ipso
2470 3469 2787 3500 utat'cucrcs.
2819 3469 3022 3501 ventae
3072 3469 3315 3503 metuens
3355 3469 3423 3504 ne
3450 3469 3690 3505 1111110101
3717 3469 3832 3521 [ΓΗ]

2322 3536 2415 3601 qui
2446 3535 2495 3586 vi
2530 3533 2706 3602 ipsum
2741 3535 3097 3601 abducerent,
3149 3535 3373 3592 Saidum
3426 3538 3638 3610 Egypti
3685 3538 3833 3608 profe-

2324 3632 2438 3650 [aI-nn
2629 3626 2680 3650 ἶ..
2719 3636 2898 3650 ηιιιηιιι
2954 3624 3239 3650 ..ιι1.-ιιι----
3278 3641 3302 3650 Α
3336 3629 3548 3650 -Α-Ξ-,-,-
3599 3630 3705 3650 -ΞΑΞ
3739 3629 3833 3650 νὶῖριζ

2323 3632 2442 3677 01118
2489 3623 2560 3675 ibi
2629 3626 2681 3676 in
2719 3636 2899 3678 monte
2954 3624 3240 3680 Meitattam
3273 3641 3305 3693 e
3335 3629 3552 3698 regione
3599 3630 3707 3683 vici
3734 3629 3836 3680 dicti

2323 3713 2460 3765 'l'ora
2498 3713 2771 3776 habitavit,
2798 3715 2883 3768 ubi
2909 3725 3188 3786 postquam
3217 3727 3327 3772 tres
3344 3732 3516 3774 annos
3537 3719 3835 3775 substitisset
3888 3737 3889 3744 η

2325 3814 2570 3856 mortuus
2606 3811 2714 3857 est.
2748 3802 2884 3856 Tum
2919 3821 3047 3858 vero
3071 3808 3237 3860 alium
3290 3812 3538 3864 nuntium
3577 3811 3727 3865 misit
3766 3812 3839 3861 Ar-
3888 3793 3889 3810 ξ

2323 3894 2512 3946 eadius
2545 3910 2633 3948 rex
2665 3895 2756 3963 qui
2793 3911 2915 3949 eum
2947 3898 2993 3950 vi
3026 3898 3335 3962 adduceret,
3364 3903 3451 3954 cui
3483 3915 3602 3954 cum
3647 3902 3714 3953 ad
3745 3917 3835 3952 11111-

2329 3985 2626 4024 vineti-riunt
2682 3984 2823 4024 Adril
2864 3993 3188 4024 nnnmnimnt
3225 3992 3526 4024 nuntiatum
3553 4001 3632 4024 μοι
3698 3996 3832 4024 Arn-

2329 3985 2626 4038 nasterium
2677 3984 2830 4039 Askit
2862 3993 3194 4056 pervenisset
3224 3992 3527 4045 nuntiatum
3553 4001 3662 4055 est,
3694 3996 3832 4044 Arsa-

2329 4091 2448 4129 netn
2502 4076 2614 4144 jam
2653 4079 2704 4129 in
2740 4088 2920 4132 tuente
2975 4077 3259 4133 hloltattam
3290 4095 3320 4134 e
3347 4082 3483 4136 vivis
3541 4082 3836 4137 excessiss

2331 4165 2609 4221 Reversus
2637 4184 2762 4236 ergo
2793 4172 3013 4224 nuntius
3043 4171 3171 4223 illud
3209 4173 3318 4241 regi
3347 4175 3601 4228 narravit.
3639 4174 3749 4228 Rex
3769 4171 3841 4240 isi.
3888 4157 3889 4168 ‘

677 4271 831 4323 sunt,
855 4259 1008 4327 juxta
1052 4259 1180 4310 illud
1210 4259 1353 4325 quod
1381 4259 1432 4310 in
1471 4259 1691 4310 historia
1724 4260 1961 4326 martyrii
1989 4258 2227 4324 ipsorum
2263 4262 2306 4317 ι)
2336 4269 2422 4310 tur
2461 4262 2630 4312 misso
2659 4262 2921 4313 monacho
2955 4262 3037 4314 cui
3070 4277 3261 4316 nomen
3291 4261 3531 4328 Trasius,
3557 4279 3733 4333 eoque
3755 4264 3844 4327 opi-

681 4351 934 4420 legimus,
987 4350 1109 4401 anni
1166 4357 1292 4401 sunt
1338 4356 1636 4400 tercentum
1702 4349 2039 4417 septuaginta
2093 4349 2218 4401 duo.

680 4439 849 4494 Porro
881 4437 1256 4504 anno/imperii
1299 4436 1584 4491 Theodosii
1618 4435 1793 4506 Magni
1829 4436 2040 4490 decimo
2065 4437 2222 4489 tertio

683 4531 1016 4585 constitutus
1067 4537 1152 4580 est
1187 4526 1411 4580 Siricius
1461 4526 1765 4594 patriarcha
1801 4524 2097 4589 Romanus,
2132 4528 2225 4595 qui

681 4619 966 4676 duodecim
1004 4633 1177 4671 annos
1211 4617 1368 4680 sedit,
1401 4618 1524 4670 dein
1553 4629 1800 4671 mortuus
1835 4626 1937 4671 est.
1972 4618 2222 4685 l'ijusdem

685 4710 892 4780 imperii
924 4724 1065 4761 anno
1094 4709 1306 4761 decimo
1340 4713 1568 4776 septimo
1614 4719 1860 4762 mortuus
1910 4719 1989 4761 est
2025 4708 2225 4761 Nekta-

685 4802 802 4854 rius
845 4800 1146 4868 patriarcha
1181 4789 1846 4866 Constantinopolitanus,
1880 4799 1971 4868 qui
2030 4800 2222 4852 ibidem

688 4904 906 4942 munere
922 4889 1266 4956 patriarchali
1291 4887 1509 4940 functus
1539 4892 1903 4941 l'uerat'annos
1928 4891 2072 4942 sexdi
2095 4889 2224 4942 ci.

691 4981 815 5033 l’ost
848 4995 1004 5048 quem
1041 4979 1990 5047 patriaicha‘Constantinnpoiitanus
2027 4977 2229 5032 consti-

691 5079 839 5122 tntus
862 5079 944 5122 est
969 5067 1204 5122 Joannes
1236 5070 1672 5136 Chrysostoinus,
1705 5071 1796 5135 qni
1827 5083 1948 5121 cum
1977 5069 2046 5122 ibi
2070 5072 2229 5137 quin-

695 5175 798 5225 que
831 5172 1001 5211 annos
1030 5166 1081 5209 et
1108 5157 1292 5210 decem
1342 5172 1557 5211 nienses
1582 5157 1743 5227 5-36
1794 5159 2127 5212 substitisset
2176 5161 2229 5212 in

692 5240 935 5297 exsilium
960 5246 1146 5312 pulsus
1176 5247 1225 5297 111
1254 5246 1439 5297 eodem
1486 5256 1730 5301 mortuus
1757 5255 1860 5300 est.
1893 5249 2047 5300 Anno
2068 5250 2236 5317 impe-

698 5336 759 5387 rii
789 5334 1021 5399 ejusdem
1054 5345 1204 5388 sexto
1236 5344 1451 5388 creatus
1476 5343 1558 5387 est
1589 5333 1878 5390 Flavianus
1927 5338 2229 5406 patriarcha

699 5425 1084 5489 Antiochenus,
1114 5425 1207 5492 qui
1243 5439 1365 5478 cum
1401 5441 1488 5478 sex
1521 5441 1694 5481 annos
1731 5428 1956 5483 sedisset
1990 5443 2233 5487 mortuus

704 5522 806 5564 est.
841 5514 995 5565 Anno
1051 5516 1295 5582 ejusdem
1329 5516 1654 5570 duodecimo
1699 5514 1874 5571 factus
1919 5530 2000 5574 081
2029 5521 2234 5581 11³11111-

2329 4357 2427 4405 nus
2480 4352 2765 4416 instructo,
2801 4350 2943 4406 Vade
2972 4335 3190 4424 (inquit)
3224 4364 3279 4409 et
3327 4371 3491 4425 super
3529 4359 3756 4411 Arsanis
3779 4365 3838 4405 111-
3888 4335 3889 4396 l

2326 4441 2472 4492 mulo
2531 4443 2921 4496 monasterium
2971 4455 3187 4498 exstrue
3231 4447 3370 4514 quod
3427 4445 3596 4512 ipsius
3658 4447 3844 4499 nomine

2328 4531 2642 4598 appelletur.
2680 4531 2953 4588 Profectus
2989 4550 3115 4603 ergo
3137 4536 3357 4590 Trasius
3387 4535 3682 4607 Egyptum
3712 4551 3842 4601 super

2337 4622 2560 4672 Arsanis
2614 4619 2773 4690 55.0
2822 4623 3068 4690 sepulcro
3107 4628 3507 4704 [monasterium
3557 4628 3844 4679 exstruxit.

2329 4711 2471 4776 quod
2505 4711 2556 4761 in
2598 4719 2778 4764 monte
2805 4712 3090 4765 hlokattam
3123 4718 3286 4768 situm
3319 4724 3404 4769 est
3438 4724 3487 4768 et
3521 4715 3623 4769 Dic
3657 4716 3843 4768 Atkasir

2334 4813 2501 4867 usque
2527 4800 2589 4854 ad
2617 4801 2756 4853 hunc
2794 4802 2932 4854 diem
2965 4805 3276 4871 appellatur.

2405 4887 2569 4941 Porro
2597 4892 2647 4941 in
2680 4890 2912 4959 λειω-[110
2945 4879 3227 4961 0111800008
3256 4895 3470 4964 quidam
3495 4897 3744 4949 moriens
3768 4903 3844 4944 tm

2340 4979 2474 5032 ﬁlios
2508 4983 2721 5048 reliquit
2751 4982 2841 5049 qui
2880 4984 3042 5035 vitam
3068 4987 3412 5038 monasticam
3444 4985 3684 5054 professi
3707 4984 3845 5039 Astii:

2337 5072 2612 5132 sederunt,
2644 5086 2871 5138 quorum
2905 5088 3068 5125 unum
3104 5075 3364 5127 adscitum
3406 5073 3741 5142 Theophilus
3773 5088 3843 5139 {1:-

2338 5161 2570 5213 tiiarc..a
2589 5162 2987 5215 Alexandrinus
3011 5164 3320 5232 episcopum
3351 5165 3404 5217 in
3430 5166 3640 5233 aliquot
3661 5158 3844 5232 λεδ)ψὺ

2338 5252 2500 5303 urbes
2533 5252 2833 5315 constituit,
2893 5252 3126 5319 reliquos
3170 5256 3306 5307 duos
3347 5252 3612 5307 diaconos
3665 5255 3842 5319 sibique

2340 5341 2664 5408 discipulos;
2699 5343 2788 5411 qui
2821 5357 2947 5410 ergo
2970 5342 3270 5411 Theophila
3293 5343 3613 5412 patriarcha:
3649 5344 3844 5396 Alem-

2342 5431 2500 5486 drino
2533 5433 2897 5487 inservierunt
2938 5450 2952 5489 :
2987 5442 3040 5486 at
3063 5435 3244 5503 elapso
3273 5435 3502 5488 triennio
3529 5434 3738 5488 iterum
3766 5433 3839 5480 Διι-

2343 5527 2514 5582 kitnm
2551 5527 2747 5580 reverti
2776 5525 3071 5593 cupientes,
3101 5539 3222 5579 cum
3254 5523 3404 5594 ipsos
3427 5525 3476 5579 id
3511 5524 3707 5579 facere
3733 5529 3840 5574 rett-
