3950 6348
323 155 526 168 πηρλκῃοῐνη
557 154 782 164 ...αι-νς-
797 156 826 159 νη

76 266 194 330 1029

1420 244 1850 330 ANNALES..

3109 279 3245 344 1030

66 389 138 438 ret
184 375 535 446 Theophilus,
591 373 710 426 sine
739 371 913 442 ipsius
965 373 1236 443 permissu
1293 374 1587 436 abierunt;
1621 381 1659 433 Λ
1693 381 1799 426 teni
1833 374 2248 457 Chryspstomus
2293 377 2361 431 ad
2409 346 2770 448 Epiphauinm
2819 383 2982 455 Cypri
3031 387 3246 456 episco-

65 483 209 538 qnam
234 467 300 521 ob
331 479 546 518 causam
579 461 712 530 ipsis
765 460 1109 532 (Eucharistia
1153 464 1218 514 ad
1266 470 1377 521 tres
1419 476 1590 516 annos

64 554 343 612 interdixit.
432 552 511 606 illi
589 566 718 620 ergo
792 550 1057 606 Joannem
1141 550 1588 622 Chrysostomum

62 647 301 700 adeuntes
353 644 526 711 ipsum
574 648 840 710 rogarunt
872 651 931 694 ut
985 641 1050 695 ad
1084 639 1456 718 Theophilum
1498 656 1592 709 pa-

58 729 336 796 triarcham
372 732 796 786 Alexandrinum
844 732 1052 788 litteras
1097 734 1361 788 scriberet
1393 732 1590 801 quibus

61 832 122 884 ab
151 829 236 881 illo
261 834 464 895 peteret
498 832 554 876 ιιι
584 823 711 892 ipsis
740 822 1089 877 Eucharistizc
1121 827 1332 894 copiam
1369 825 1589 880 faceret.

54 922 278 987 Joannes
304 901 885 987 ergooChrysostomus
922 916 1103 972 missis
1138 932 1233 987 per
1266 920 1412 987 ipsos
1448 919 1590 973 litte¢

59 1016 128 1069 ris
160 1012 222 1064 ad
259 1009 613 1078 Theophilum
649 1008 1009 1076 patriarcbam
1039 1007 1471 1062 Alexandrinum
1499 1023 1589 1062 ro-

53 1103 183 1172 gavit
255 1101 403 1155 illum
474 1109 541 1172 ut
590 1114 711 1152 cum
773 1099 904 1166 ipsis
954 1099 1010 1152 in
1064 1100 1291 1168 gratiam
1337 1097 1588 1152 ‘rediret.

51 1188 189 1255 Quod
240 1204 361 1242 cum
409 1189 498 1242 ille
528 1189 702 1242 facere
748 1190 938 1254 nollet,
979 1188 1180 1242 reversi
1225 1188 1421 1250 iterum
1465 1195 1592 1242 sunt

51 1285 109 1334 ad
160 1280 419 1336 Joannem
478 1279 953 1350 Chrysostomuiu,
1006 1279 1096 1346 qni
1149 1276 1298 1347 ipsos
1347 1277 1413 1331 ad
1485 1276 1644 1331 Eu-P

50 1373 353 1427 cltaristiam
408 1372 667 1425 accedere
712 1367 1086 1439 jussituOr‘ta
1135 1380 1215 1424 est
1267 1383 1398 1438 ergo
1446 1368 1592 1422 inter

50 1464 393 1533 Theophilum
422 1464 779 1533 patriarchatn
807 1461 1227 1515 Alexandrinum
1251 1458 1586 1514 et‘Joannem

49 1552 1014 1625 Chrysostomum,simultas._Porro
1055 1551 1156 1604 fuit
1197 1561 1440 1623 tempore
1485 1550 1588 1600 Ar-

53 1647 171 1700 cadii
208 1643 579 1698 Romanorum
611 1645 974 1713 imperatoris,
999 1643 1081 1696 vir
1105 1642 1323 1712 quidam
1368 1639 1590 1694 nomine

1646 522 1649 526 ,
1701 481 1826 534 ριιιη
1878 466 2289 528 scribens:'l‘u.
2320 470 2539 549 (inquit)
2575 473 2862 543 Epiph'ani,
2893 480 2945 532 in
2994 480 3245 535 exsiliunt

1698 569 1874 609 meum
1902 560 2228 614 consensisti
2263 575 2327 615 ac
2351 563 2682 618 contrariam
2719 567 2849 621 mihi
2873 583 3091 638 operam
3134 587 3237 624 na-

1696 645 1856 708 vasti,
1889 645 2078 702 diceris
2122 648 2190 703 de
2227 666 2310 705 me
2335 651 2481 720 quod
2502 654 2730 711 minime
2770 665 2820 710 te
2851 658 3055 713 decuit.
3092 660 3244 714 Scias

1696 749 1823 807 ergo
1852 745 1905 812 te
1925 754 2267 810 nequaquam
2295 742 2360 795 ad
2396 746 2732 813 provinciam
2777 757 2924 804 tuam
2955 765 3246 820 perventu-

1695 843 1814 882 rum
1849 840 2134 901 antequam
2173 846 2204 910 e
2246 834 2447 895 mundo
2495 836 2809 911 excesseris.
2855 841 2955 895 Cui
3021 836 3126 911 hoc
3172 858 3255 894 re-

1703 933 1964 986 sponsum
2002 920 2237 974 reddidit
2290 923 2631 992 Epiphanius
2673 930 2764 982 :0
2810 928 3094 995 Joannes;
3116 931 3256 984 nihil
3301 976 3304 979 .

1705 1010 1853 1062 aliud
1884 1025 2041 1078 quant
2071 1013 2250 1065 omnia
2279 1014 2417 1067 bona
2457 1015 2538 1068 de'
2558 1024 2612 1072 te
2637 1018 2774 1082 dixi,
2811 1037 2875 1075 ac
2908 1031 3072 1085 totam
3116 1039 3250 1092 npc-

1698 1114 1811 1152 rain
1839 1115 2036 1164 meam,
2070 1114 2334 1170 quantum
2383 1106 2533 1175 potui
2581 1108 2872 1163 maximam
2907 1110 3252 1183 55.5-55.7

1680 1190 1798 1244 tibi
1848 1190 2082 1260 impendi
2126 1201 2180 1246 et
2224 1193 2289 1247 ad
2337 1196 2536 1250 malum
2580 1212 2614 1252 a
2653 1208 2704 1254 te
2749 1203 3256 1275 avertendumdili-

1697 1278 1933 1348 gentiam
1961 1281 2209 1346 adhibui,
2249 1293 2582 1360 quaetamcn
2625 1286 2834 1342 frustra
2879 1291 2995 1344 fuit.
3021 1289 3123 1357 Qui
3153 1307 3253 1359 au-

1697 1377 1799 1432 tem
1831 1385 2065 1438 praesens
2087 1381 2171 1427 est
2193 1375 2336 1428 videt
2354 1390 2473 1454 quae
2511 1393 2618 1431 non
2641 1377 2785 1433 videt
2813 1380 3032 1435 absens.
3054 1381 3256 1450 Quem-

1695 1459 1983 1514 admodum
2038 1474 2215 1516 autcm
2263 1473 2319 1518 ιιι
2371 1465 2501 1519 mihi
2559 1468 2812 1540 impingis
2859 1485 2922 1526 ea
2976 1487 3097 1541 quae
3154 1487 3257 1527 nec

1666 1551 1845 1630 (novi,
1905 1567 2004 1607 nec
2050 1553 2186 1620 dixi,
2219 1554 2294 1608 ita
2330 1556 2473 1611 s'cias
2515 1566 2571 1613 te
2610 1573 2727 1613 non
2770 1558 3158 1633 perventurum
3186 1564 3253 1618 ad

1697 1641 1875 1696 locum
1899 1642 2074 1704 exsilii
2110 1647 2183 1697 tui
2210 1659 2317 1713 quo
2335 1646 2605 1717 relegatus
2635 1663 2719 1716 es,
2743 1661 3029 1720 antequam
3055 1667 3086 1705 e
3119 1653 3256 1708 vivis

51 1736 408 1805 Theuguostes
433 1776 447 1800 ,
510 1734 705 1804 opibus
767 1734 1054 1787 abundans
1075 1772 1090 1796 ,
1139 1733 1229 1786 cui
1285 1731 1589 1785 invidentes
1619 1716 1663 1772 Β
1697 1732 2030 1788 discesseris.
2052 1731 2170 1787 Jam
2195 1750 2320 1790 vero
2341 1716 2671 1806 Epiphanius
2687 1716 2918 1810 Cyprum
2947 1741 3177 1798 tendens
3199 1743 3256 1797 in

45 1819 384 1896 551-553
417 1825 660 1878 nonnulli
684 1835 868 1878 contra
898 1826 1071 1890 ipsum
1108 1822 1247 1892 apud
1293 1836 1470 1890 regem
1507 1831 1589 1876 te-

41 1916 347 1970 stimonium
381 1915 552 1970 tulere
594 1914 769 1984 ipstnn
810 1914 966 1968 [idem
996 1915 1318 1982 abnegasse,
1369 1909 1603 1983 regique

43 2009 399 2063 conviciatum
466 2006 684 2061 fuisse:
740 2021 903 2075 quam
965 2006 1039 2062 ob
1072 2019 1294 2060 causam
1345 2021 1440 2059 rex
1473 2007 1590 2076 ipso

40 2098 86 2151 in
137 2099 398 2152 exsilium
447 2098 605 2167 pulso
658 2097 796 2152 bona
853 2097 976 2168 ejus
1033 2097 1278 2167 diripuit.
1334 2095 1599 2168 Ejusdem

42 2189 182 2242 uxori
215 2189 377 2242 vinea
431 2187 531 2242 fuit
561 2202 656 2257 per
687 2197 848 2258 quam
899 2191 1167 2249 transiens
1205 2189 1445 2244 Eudoxia
1501 2205 1592 2243 re-

35 2275 174 2343 gina,
212 2274 285 2328 ob
334 2274 506 2344 ipsius
555 2261 1027 2344 pulchritudinem
1054 2279 1392 2347 concupivit.
1422 2276 1592 2349 Cujus

33 2371 172 2417 esset
222 2377 362 2433 ergo
407 2377 534 2418 cum
584 2360 848 2435 rogasset,
877 2365 1085 2420 dictum
1133 2373 1216 2420 est
1249 2367 1362 2435 ipsi
1403 2367 1592 2420 uxoris

33 2467 150 2506 esse
177 2453 466 2521 cujusdam
517 2470 546 2509 a
581 2470 704 2525 rege
731 2456 785 2510 in
813 2457 1063 2511 exsilium
1091 2455 1412 2526 pulsi.Tuin
1454 2459 1541 2512 illa
1573 2475 1598 2512 τι

31 2547 197 2609 Quam
230 2548 427 2601 vellem
466 2545 683 2616 (inquit)
717 2555 776 2600 ut
803 2546 937 2600 mihi
969 2557 1133 2613 esset,
1163 2563 1272 2617 quo
1313 2548 1368 2602 in
1416 2549 1588 2618 ipsam

36 2651 117 2688 ιιιεε
157 2637 545 2692 oblectationis
579 2652 744 2692 causa
774 2638 1071 2705 reciperem
1104 2640 1119 2692 l
1168 2638 1588 2709 Responderunt

28 2743 58 2780 e
84 2727 364 2796 ρηιιΐυςιὶε
397 2727 663 2783 nonnulli:
697 2729 844 2796 Regii
873 2730 1009 2798 juris
1037 2739 1119 2784 est
1147 2741 1203 2783 ut
1230 2732 1592 2801 quodcunque

28 2821 334 2874 calcaverit
380 2836 472 2889 pes
515 2823 717 2891 regius,
756 2821 892 2876 illud
928 2823 1031 2890 ipsi
1057 2826 1144 2877 sit.
1183 2823 1393 2889 Quibus
1424 2825 1585 2878 audi-

27 2912 95 2965 tis
146 2913 373 2966 vineam
431 2913 538 2967 sibi
582 2913 872 2982 occupavit
917 2915 1127 2982 regina.
1181 2914 1375 2971 Mulier
1405 2926 1586 2970 autem

28 3002 130 3099 ista
191 3020 223 3057 a
281 3003 496 3099 Joanne
534 3002 924 3099 Chrysostotno
975 3021 1130 3075 opem
1179 3008 1356 3076 petiit,
1399 3007 1492 3078 qui
1517 3010 1584 3062 ad
1615 3038 1658 3099 α

25 3093 268 3163 reginam
296 3092 706 3162 mittensjussit
733 3102 789 3147 ut
810 3095 1020 3149 vincam
1051 3096 1281 3150 dominae
1308 3111 1420 3152 suae
1461 3098 1588 3152 red-

23 3187 193 3250 deret,
231 3186 326 3240 illa
363 3200 492 3242 vero
525 3185 697 3239 noluit
725 3201 741 3252 ;
773 3201 1009 3256 eumque
1035 3187 1102 3240 de
1130 3203 1194 3241 ea
1229 3204 1284 3242 re
1309 3190 1478 3258 ipsam
1509 3191 1587 3244 al-

21 3279 350 3354 loqneretur
406 3276 820 3346 haudquaquam
866 3279 1183 3347 respondit.’
1214 3280 1353 3334 Tum
1399 3280 1490 3336 Dei
1523 3282 1590 3335 ti-

20 3384 230 3423 morem
295 3370 406 3438 ipsi
464 3369 730 3424 incutiens
757 3386 770 3423 :
796 3370 944 3424 Cave»
970 3371 1191 3440 (inquit)
1223 3388 1290 3426 ne
1315 3373 1410 3427 tibi
1441 3374 1588 3429 acci-

16 3461 107 3515 dat
133 3462 285 3532 quod
345 3462 537 3516 lzebeli
579 3459 751 3516 Ahabi
787 3464 929 3532 regis
958 3463 1174 3518 lsraelis
1207 3466 1361 3518 uxori
1413 3467 1588 3520 conti—

17 3553 133 3622 git;
177 3562 236 3606 at
284 3553 382 3606 illa
416 3553 558 3606 nulla
595 3553 785 3606 horum
833 3554 1043 3608 ratione
1099 3555 1279 3609 habita
1325 3555 1584 3611 Joannem

16 3645 225 3713 palatio
253 3660 363 3699 suo
397 3645 518 3712 pelli
547 3644 730 3708 jussit,
762 3641 999 3720 Joannis
1028 3661 1154 3714 ergo
1190 3647 1364 3702 tristis
1406 3662 1588 3702 rever-

15 3750 130 3794 sus,
165 3736 446 3789 diaconos
478 3734 662 3802 jussit,
703 3748 825 3787 cum
863 3735 1148 3790 accederet
1187 3738 1370 3805 regina
1415 3738 1589 3792 eccle-

15 3832 150 3882 siam
191 3829 490 3880 introitura
515 3865 528 3889 ,
564 3833 748 3895 portas
791 3827 890 3895 ipsi
918 3827 1242 3892 oceludere;
1283 3828 1582 3896 quodcum

15 3919 318 3983 iecissent,
353 3917 512 3970 rediit
537 3918 721 3984 regina
745 3917 825 3971 ira
865 3928 1152 3972 commota.
1188 3917 1287 3987 [Eo
1319 3919 1584 3992 tempore]

15 4020 127 4064 erat
157 4009 537 4078 Epiphanius,
557 4007 717 4078 Cypri
763 4009 1071 4078 episcopus,
1095 4009 1582 4076 Constantinopoli,

15 4103 380 4171 negotiorum
411 4100 614 4166 aliquot
645 4102 784 4168 apud
820 4113 999 4168 regem
1031 4096 1192 4170 544
1225 4099 1586 4167 perﬁciendo-

15 4206 132 4244 rum
174 4190 385 4260 gratia.
415 4187 514 4256 Ipsi
544 4203 668 4258 ergo
699 4193 962 4246 accersito
995 4189 1130 4244 dixit
1163 4191 1344 4258 regina
1375 4205 1387 4242 :
1423 4188 1589 4244 Joan-

15 4297 103 4335 nes
153 4283 594 4350 Chrysostomns
640 4280 855 4335 veritati
899 4282 1271 4346 contradicit,
1317 4273 1588 4349 rebusque

1692 1824 1814 1878 navi
1838 1833 2081 1878 mortuus
2103 1826 2446 1892 esl,dimidio
2463 1827 2597 1896 diei,
2618 1837 2905 1906 antequam
2927 1845 2991 1886 eo
3009 1834 3260 1908 pervenie-

1657 1955 1659 1958 ι
1689 1922 1795 1981 ret,
1826 1915 2026 1983 spatio.
2057 1913 2292 1972 Joannes
2315 1924 2493 1972 autem
2520 1916 2946 1990 Chrysosttimus
2965 1932 3252 1993 antequam

1691 2019 1758 2060 eo
1791 2004 1880 2060 ubi
1918 2007 2166 2062 exsulare
2183 2007 2369 2075 jussus
2393 2017 2498 2078 est,
2523 2014 2887 2084 pertingeretj,
2917 2015 3080 2093 etiam
3109 2014 3254 2070 diem

1693 2096 1846 2152 obiit.
1889 2099 2057 2152 Porro
2110 2097 2210 2154 fuit
2254 2095 2721 2174 Constantinopoli
2777 2113 2934 2179 terra:
2972 2113 3146 2160 motus
3171 2105 3256 2160 in-

1694 2198 1847 2252 gens,
1879 2197 1979 2238 nec
2017 2199 2123 2238 non
2150 2184 2354 2240 tonitru
2383 2186 2550 2260 grave
2576 2203 2703 2265 cum
2739 2189 2977 2260 fulgure.
3009 2191 3247 2246 fulmini-

1692 2274 1817 2338 bus,
1858 2283 1912 2328 et
1946 2274 2145 2344 pluvia.
2193 2274 2341 2345 Dixit
2381 2292 2512 2348 ergo
2541 2284 2635 2333 rex
2663 2273 2687 2336 ’ξ
2734 2280 2861 2335 ideo
2911 2281 3027 2337 huic
3074 2282 3256 2337 omnia

1691 2366 1947 2420 eveniunt
1976 2366 2120 2435 quod
2148 2365 2423 2426 Joannem,
2445 2368 2893 2441 Chrysostomum
2925 2373 3256 2441 in.‘exsilium

1693 2456 1964 2510 misimus.
2011 2453 2302 2526 Jussitque
2327 2473 2529 2528 corpus
2574 2461 2750 2530 ipsius
2799 2453 3260 2528 Constantinopol

1693 2547 1783 2601 lim
1814 2546 2020 2612 alieni,
2092 2549 2274 2614 ibique
2308 2550 2558 2618 sepeliri;
2600 2550 2762 2622 idque
2791 2567 2935 2608 anno
2984 2564 3140 2608 sexto
3169 2566 3257 2608 rc-

1692 2637 1780 2708 ειιί
1814 2638 2053 2693 Arcadii.
2099 2639 2230 2694 ideo
2269 2650 2450 2696 autem
2499 2643 2803 2713 appellatus
2846 2653 2931 2700 est
2971 2643 3257 2711 Joannes,

1691 2728 2133 2800 Cltrysostoinus,
2175 2732 2321 2802 quod
2369 2732 2566 2788 mulier
2597 2738 2843 2804 quaedam
2899 2737 3078 2806 ipsqu
3128 2751 3254 2791 cum
3290 2721 3293 2724 ’

1691 2829 1940 2876 mortuus
1984 2829 2128 2877 esset
2159 2820 2442 2891 plangens,
2472 2818 2729 2880 dixerit":
2762 2824 2805 2879 Ο
2832 2823 3093 2890 Joannes,
3123 2839 3156 2878 o
3191 2837 3258 2879 os

1695 2925 1943 2977 aureum,
1968 2913 2096 2967 hinc
2134 2911 2259 2968 Oris
2290 2915 2443 2969 aurci
2483 2928 2784 2985 cognomen
2813 2903 3025 2968 liabuit.

1772 3002 1898 3057 Post
1929 3002 2107 3070 ipsum
2139 3006 2468 3058 constitutus
2494 3011 2577 3057 est
2600 3001 2742 3056 alius
2771 2996 2986 3073 quidam
3026 3000 3258 3059 Joannes

1693 3094 1998 3164 patriarcha
2034 3095 2314 3150 Constant.
2338 3097 2428 3164 qui
2476 3109 2599 3148 cum
2647 3109 2850 3167 annum
2899 3094 2970 3150 ibi
3031 3094 3258 3150 sedisset

1690 3195 1937 3242 mortuus
1955 3196 2052 3240 est.
2079 3186 2181 3255 Ipsi
2211 3187 2372 3240 ctiam
2410 3185 2677 3241 successit
2711 3184 3023 3242 Gennadius
3063 3187 3114 3240 in
3158 3202 3255 3257 pa-

1690 3277 1939 3330 triarcltm
1977 3274 2259 3330 Constant.
2299 3291 2522 3329 munere
2560 3275 2653 3345 qui
2704 3283 2812 3331 tres
2849 3291 3020 3332 annos
3078 3278 3243 3341 sedit.
3308 3306 3315 3315 ο

1689 3371 1810 3425 dein
1851 3379 2098 3425 mortuus
2127 3379 2229 3424 est.
2270 3370 2399 3425 Post
2431 3371 2606 3440 ipsum
2658 3369 2837 3424 factus
2877 3378 2957 3425 est
3011 3369 3261 3424 Attii-lius
3313 3427 3315 3429 ,

1689 3461 1991 3530 patriarcha
2009 3456 2638 3530 Constantinopolitauus
2662 3460 2757 3530 qui
2802 3473 2978 3516 annos
3026 3460 3258 3528 quinde-

1688 3552 1792 3607 cim
1818 3551 1980 3617 sedit,
2000 3551 2122 3606 dein
2149 3561 2394 3607 mortuus
2420 3559 2523 3605 est.
2566 3548 2728 3621 558
2757 3549 2920 3621 quue
2941 3565 3084 3604 anno
3109 3532 3261 3620 regni

1687 3629 1902 3697 Arcadii
1943 3643 2286 3697 duodecimo.
2328 3642 2485 3696 Anno
2539 3642 2750 3712 imperii
2781 3643 3022 3710 ejusdem
3052 3644 3264 3696 octavo

1689 3732 2017 3787 constitutus
2069 3742 2152 3786 est
2189 3733 2533 3794 Anastasius
2603 3732 2906 3799 patriarcha
2972 3731 3257 3786 Romanus

1689 3827 1778 3893 qui
1807 3825 1975 3878 tribus
2001 3825 2157 3877 anuis
2189 3825 2345 3892 sedit,
2379 3824 2501 3878 dein
2529 3833 2770 3877 mortuus
2795 3831 2900 3876 est.
2931 3825 3084 3875 Anno
3105 3822 3244 3889 ejus-

1694 3914 1816 3968 dem
1851 3908 2140 3968 undecinio
2192 3914 2366 3967 fat-tus
2414 3925 2495 3968 est
2521 3915 2864 3968 Innocentius
2894 3913 3039 3966 Patr.
3063 3911 3257 3966 Roma¢

1690 4020 1814 4067 nus,
1855 4004 1945 4072 qui
1979 4019 2102 4058 cum
2137 4004 2444 4070 quindecim
2491 4018 2661 4057 annos
2705 4004 2964 4066 sedisset,
3010 4012 3257 4056 mortuus

1692 4107 1798 4154 cst.
1823 4099 1977 4150 Auno
2005 4097 2213 4164 imperii
2250 4096 2418 4162 ipsius
2453 4105 2642 4149 octavo
2675 4096 3004 4148 constitutus
3035 4099 3118 4148 est
3146 4093 3246 4148 Be-

1696 4191 1846 4242 rillus
1888 4188 2190 4256 patriarcha
2241 4184 2784 4256 llicrosolymitanus,
2836 4201 3009 4239 annos
3045 4186 3251 4239 duode-

1693 4279 1795 4332 cim
1830 4280 1989 4343 sedit,
2021 4278 2143 4331 dein
2181 4287 2423 4330 mortuus
2451 4286 2552 4330 cst.
2599 4279 2752 4329 Anno
2785 4277 3022 4342 ejusdem
3067 4279 3255 4346 quinto

15 4375 144 4427 nihil
201 4372 276 4426 ad
325 4365 498 4439 ipsum
535 4371 907 4438 spectantibus
958 4388 1014 4426 sc
1056 4375 1369 4437 immiscuit,
1399 4376 1466 4427 de
1491 4357 1585 4427 ea;
1622 4362 1664 4415 Ι)
1702 4371 1878 4424 factus
1927 4381 2008 4438 cst
2050 4369 2308 4422 Paulinus
2358 4368 2661 4436 patriarcha
2716 4369 3106 4431 Autiochenus,
3163 4369 3252 4433 qui

15 4467 214 4521 the-dra
263 4479 404 4530 ergo
465 4465 640 4532 ipsum
695 4466 931 4534 dejicitc.
984 4464 1282 4532 Respondit
1329 4467 1402 4518 illi
1456 4466 1582 4536 Epi-

15 4552 286 4624 ah‘anius,
323 4555 378 4608 Si
407 4556 476 4606 ita
511 4565 566 4607 ut
599 4567 654 4607 tu
691 4555 830 4609 dicis
863 4572 921 4610 se
953 4571 1039 4608 res
1074 4557 1288 4618 habeat,
1317 4557 1380 4610 ad
1418 4557 1587 4623 pretii-

15 4653 250 4702 .eutiattt
284 4648 467 4714 ipsum
498 4645 796 4707 hortabor;
839 4645 981 4714 quod
1012 4648 1054 4699 si
1087 4645 1324 4711 redierit,
1353 4644 1584 4716 [hene;]

15 4739 86 4791 illi
122 4739 346 4795 minus,
377 4734 546 4799 ipsum
579 4734 837 4802 dignitate
893 4749 988 4787 sua
1023 4734 1411 4796 auiovebiinus.
1443 4734 1586 4787 Dixit

15 4833 204 4898 'ttgilllt
231 4847 247 4881 ε
286 4827 399 4880 Nisi
440 4842 608 4893 ipsum
640 4827 1015 4880 abdicareritis
1046 4837 1291 4895 apertura
1322 4843 1440 4881 sunt
1470 4829 1584 4880 ido-

19 4935 194 4974 orum
244 4918 476 4987 templa,
506 4916 861 4982 h0miuesque
892 4919 954 4968 ad
992 4933 1053 4970 ea
1081 4916 1306 4969 colenda
1348 4918 1580 4985 adigam.

15 5010 214 5078 \dcgit
267 5003 468 5060 deinde
496 5020 555 5058 ex
589 4999 856 5073 epiSCupi's
898 5016 949 5058 et
993 5005 1240 5058 diaconis
1298 5007 1585 5059 nonnullos

15 5110 61 5155 ιι
92 5103 166 5154 ad
203 5111 399 5167 regem
432 5096 770 5161 accedentes,
821 5112 1000 5149 coram
1028 5097 1146 5166 ipso
1173 5107 1361 5150 contra
1424 5095 1585 5151 Joan-

16 5208 131 5246 tem
181 5189 566 5244 testimonimu
626 5187 987 5256 perhiberent,
1015 5190 1186 5256 ipsum
1231 5189 1329 5256 legi
1365 5199 1584 5242 contra-

15 5285 223 5344 licere,
262 5280 551 5348 ipsumque
579 5283 803 5332 moleste
834 5281 974 5332 terre
994 5280 1141 5332 urbis
1168 5281 1392 5341 incolas,
1425 5289 1586 5349 atque

15 5377 131 5430 idio
166 5366 464 5444 prosi-qui.
497 5371 750 5440 Episcopi
778 5383 980 5435 autem,
1004 5370 1199 5425 Joanni
1233 5375 1300 5424 ob
1337 5387 1582 5441 magnam

21 5473 192 5538 psius
263 5464 550 5518 scientiam
613 5465 922 5516 inviderunt
958 5501 972 5525 ,
1032 5463 1383 5531 feceruntque
1441 5445 1585 5534 quod

18 5562 148 5630 psis
183 5555 379 5610 innuit
408 5555 614 5622 regina.
647 5553 758 5608 Rex
791 5569 920 5623 ergo
951 5554 1222 5610 Arcadius
1250 5553 1513 5608 Joannem
1547 5572 1578 5610 ιι

15 5649 296 5705 :athcdra
331 5645 677 5715 patriarchali
724 5645 961 5702 amoveri
991 5645 1175 5716 jussit.
1219 5645 1455 5704 Joannes
1483 5663 1580 5702 au-

1687 4480 1858 4517 anuos
1895 4473 2127 4531 quatuor
2148 4462 2310 4526 sedit,
2345 4461 2464 4515 dein
2506 4469 2752 4514 mortuus
2793 4475 2892 4512 est.
2917 4464 3069 4513 Anno
3103 4461 3253 4529 ejus-

1685 4557 1804 4610 dem
1867 4571 2009 4609 nono
2087 4555 2416 4608 constitutus
2471 4562 2554 4605 est
2612 4552 2871 4619 Evagrius
2945 4555 3247 4618 patriarcha

1689 4648 2079 4710 Antiochcnus,
2098 4647 2253 4700 annis
2273 4647 2512 4713 quinque
2535 4644 2696 4708 sedit,
2719 4645 2836 4696 dein
2875 4657 3116 4696 mortuus
3147 4652 3250 4697 est.

1685 4741 1840 4791 Auno
1880 4738 2086 4804 imperii
2125 4736 2363 4804 ejusdem
2408 4747 2621 4804 quarto,
2659 4735 2868 4788 Arcadii
2923 4751 3111 4802 IlCilip'.
3151 4733 3250 4785 lto-

1688 4845 1966 4882 manorum
1995 4827 2358 4894 imperatoris,
2383 4841 2550 4894 regno
2575 4827 2775 4894 potitus
2804 4824 3250 4890 estYazdnjm'dus

1687 4921 1936 4973 Bahrami
1971 4918 2130 4979 ﬁlius,
2154 4917 2215 4968 Al
2245 4916 2459 4969 Aitham
2485 4918 2922 4985 cognominatus.
2954 4918 3004 4967 in
3029 4916 3244 4977 Persas,

1687 5026 1858 5064 annos
1890 5008 2095 5076 viginti.
2122 5006 2291 5059 Porro
2317 5005 2644 5070 Theophilus
2675 5005 2977 5073 patriarcha
3019 5004 3250 5057 Alexan-

1686 5104 1872 5157 drintts
1900 5100 2179 5153 eet-lesiatn
2228 5113 2472 5167 magnam
2505 5097 2846 5151 Alexandrim
2891 5099 3111 5161 struxit,
3149 5099 3247 5149 Ar-

1686 5195 1822 5247 cadii
1885 5192 2245 5245 Romanorum
2312 5188 2655 5255 imperatoris
2715 5188 2920 5240 nomini
2985 5188 3245 5241 dicatam.

1687 5285 1934 5351 Obiitqne
1966 5281 2226 5334 Arcadius
2262 5280 2630 5332 Romanorum
2655 5293 2755 5360 rex
2779 5293 2900 5330 cum
2948 5277 3239 5345 imperium

1689 5392 1858 5429 annos
1889 5376 2142 5428 tredecim
2179 5381 2538 5440 occupasset;
2591 5381 2849 5430 recitante
2906 5382 3024 5439 post
3070 5371 3244 5436 ipsum

1690 5469 1797 5520 lilio
1826 5466 1994 5534 ipsius
2025 5463 2350 5526 'l‘imodoéio,
2384 5465 2476 5531 qui
2498 5461 3031 5528 Themlosittsjunior
3056 5463 3240 5528 κρυψι-

1689 5560 1830 5612 latus
1859 5567 1962 5619 est,
2009 5557 2061 5608 iu
2109 5553 2406 5625 Romanos,
2466 5568 2636 5606 annos
2677 5552 3035 5620 quadraginta
3083 5552 3243 5616 duos,

1689 5650 1852 5716 idque
1886 5663 2024 5702 anno
2054 5646 2373 5712 Yazdcjcrdi
2418 5644 2669 5702 Bahrmni
2691 5644 2787 5699 lilii
2827 5641 3112 5700 Persarum
3157 5657 3242 5697 rc-
