3950 6348
665 164 794 240 1027

1659 153 2024 232 EUTYCHH
2057 169 2576 230 mammam
2626 170 2839 228 mra.

3695 167 3779 230 1028

659 285 924 354 peratoris
965 283 1167 351 effigies
1225 283 1492 351 insculpta
1541 292 1704 344 esset,
1734 283 1861 349 quid
1914 282 2012 332 hoc
2061 287 2207 332 esset
2235 289 2277 342 Α
2311 294 2412 331 nus
2436 267 2750 347 patriarcha
2784 279 3173 340 Antioehcnns,
3210 276 3299 344 qui
3332 276 3520 330 decem
3548 289 3701 327 annos
3732 297 3782 326 si»

660 375 894 435 nescius,
945 375 1250 439 suspicatus
1304 372 1453 423 illum
1507 369 1666 439 532
1699 371 2014 447 thesaurum
2058 369 2207 419 iure-

659 468 829 528 uisse,
885 463 1038 517 Unde
1070 498 1086 526 ,
1114 461 1306 530 inquit.
1340 461 1434 527 tibi
1484 471 1570 515 est
1622 476 1872 515 nummus
1900 457 2035 512 iste?
2091 457 2207 521 Quo

659 554 792 606 1111111
838 551 1222 620 respondente,
1279 551 1527 604 homines
1582 549 1933 612 inclamavit,
1975 560 2204 616 quorum

659 657 851 711 magno
885 640 1022 710 apud
1052 642 1226 709 ipsum
1259 652 1404 695 ccetu
1439 648 1794 709 congregato,
1823 640 2108 708 ipsumque
2132 639 2209 690 al-

659 734 933 800 loquente,
968 745 1089 783 cum
1131 729 1222 784 ille
1267 731 1473 783 nullum
1505 731 1637 798 ipsis
1677 744 1992 796 responsum
2029 729 2209 783 redde-

661 831 759 882 ret,
784 822 856 872 illi
884 837 1005 874 eum
1043 821 1105 872 ad
1141 820 1426 888 patricium
1475 819 1594 872 urbi
1631 819 1941 888 praefectum
1994 821 2210 872 nomine

659 913 1001 980 Antipatrum
1033 911 1397 971 abduxerunt,
1418 899 1513 979 qui
1546 926 1668 967 eum
1709 912 1870 962 etiam
1916 910 2208 972 allocutus,

661 1003 872 1071 ipsique
900 1002 1137 1055 minatus
1160 1009 1268 1055 est.
1316 1001 1406 1056 Ille
1433 1010 1610 1054 tamen
1633 1000 1765 1053 nihil
1792 1000 2090 1076 respondit.
2117 1002 2211 1055 Ac-

658 1093 819 1146 cessit
869 1092 1030 1146 etiam
1087 1091 1152 1144 ad
1197 1091 1371 1158 ipsum
1425 1089 1642 1145 Marcus
1695 1090 1847 1144 urbis
1897 1092 2208 1160 episcopus.

623 1180 748 1247 _qni
782 1179 957 1247 ipsum
986 1177 1209 1238 affatus.
1251 1192 1349 1230 nec
1376 1177 1542 1239 ullum
1581 1178 2086 1247 tnlitrcspousum.
2123 1180 2211 1231 Ille

658 1283 807 1338 ergo,
841 1283 949 1338 quo
993 1269 1166 1336 ipsmn
1218 1276 1465 1330 terreret,
1496 1265 1638 1343 .Nisi,
1682 1267 1878 1337 inquit,
1929 1283 2027 1322 nos
2075 1269 2211 1320 allo-

657 1360 866 1429 quaris,
917 1373 980 1411 ac
1037 1356 1180 1412 unde
1213 1357 1308 1412 tibi
1345 1357 1510 1410 fuerit
1554 1373 1809 1413 nummus
1858 1359 1960 1414 iste
2007 1360 2210 1423 edicas.

662 1461 837 1504 morte
867 1459 920 1502 te
967 1449 1343 1503 multahimns.
1402 1447 1644 1504 Necdum
1676 1457 1858 1503 tamen
1913 1451 2210 1520 respondit,

659 1541 807 1614 loqui
834 1542 1046 1595 scilicet
1109 1539 1360 1595 abnuens
1421 1549 1568 1595 metu
1627 1539 1780 1594 Dacii
1845 1541 2209 1610 imperatoris,

660 1632 818 1702 quasi
846 1632 962 1700 ipse
993 1631 1170 1686 adhuc
1199 1633 1402 1685 viveret
1436 1629 1636 1698 (adhuc
1666 1632 1810 1684 enim
1846 1632 2018 1700 ipsum
2049 1632 2102 1686 in
2134 1635 2214 1685 vi-

663 1722 744 1775 vis
791 1734 1078 1788 superesse
1130 1718 1400 1790 putabat).
1445 1716 1623 1788 Plagis
1653 1734 1782 1788 ergo
1813 1722 1986 1789 ipsum
2016 1719 2213 1774 011000-

660 1821 808 1876 runt,
842 1822 1073 1882 quarum
1129 1809 1368 1866 dolorem
1403 1811 1495 1863 ubi
1523 1810 1716 1876 sensit,
1749 1807 1872 1875 Ubi,
1899 1812 2095 1880 inquit,
2131 1819 2216 1865 est

665 1903 858 1956 Dacius
889 1901 1026 1956 rex?
1058 1897 1528 1970 Respondentibus
1573 1902 1682 1955 illis
1730 1899 1954 1956 Dacium
1982 1903 2215 1971 impera-

663 2003 832 2047 torem
871 2001 1144 2047 mortuum
1195 2006 1337 2057 esse,
1371 1993 1681 2062 multosque
1716 2001 1840 2062 post
1884 1992 2058 2062 ipsum
2115 1994 2216 2047 im-

664 2087 812 2156 perio
841 2087 1044 2156 potitos
1069 2099 1247 2154 reges,
1275 2084 1586 2156 Christique
1614 2084 1772 2140 iidem
1802 2085 2130 2149 obtinuisse.
2161 2096 2216 2141 et

663 2177 754 2247 qui
774 2177 886 2248 jam
918 2177 1212 2248 imperaret
1243 2173 1611 2232 Theodosium
1656 2171 1906 2244 Magnum
1929 2191 2068 2240 esse,
2101 2183 2212 2230 tum

663 2269 878 2322 sublato
907 2276 1052 2320 metu
1088 2267 1270 2322 omnia
1301 2281 1423 2336 qua:
1454 2267 1558 2321 sibi
1590 2265 1923 2322 accidissent
1951 2267 2211 2320 narravit.

665 2360 817 2414 Illum
849 2373 978 2427 ergo
1004 2358 1070 2411 ad
1101 2359 1415 2428 speluncam
1446 2357 1695 2414 comitati
1730 2358 1802 2431 ibi
1835 2360 2013 2414 socias
2044 2360 2214 2429 ipsius

664 2457 1086 2518 conspexerunt,
1138 2462 1237 2502 nec
1287 2461 1391 2500 11011
1433 2461 1614 2502 arcam
1653 2429 1857 2502 aeneam
1897 2457 2216 2516 repererunt

664 2541 822 2608 eique
887 2539 1150 2610 inclusam
1211 2537 1468 2591 laminam
1521 2536 1825 2607 plumbeam
1880 2536 1931 2590 in
1965 2553 2070 2606 qua
2117 2541 2215 2593 de-

665 2633 864 2699 scripta
898 2635 1016 2683 erat
1074 2628 1314 2697 ipsorum
1359 2627 1611 2690 historia,
1645 2640 1699 2681 et
1753 2628 1884 2696 quid
1926 2628 2057 2697 ipsis
2093 2644 2214 2682 cum

667 2720 994 2789 imperatore
1024 2717 1386 2792 533-535
1442 2717 1604 2776 Dacio
1634 2717 1979 2786 contigisset,
2024 2719 2217 2773 litteris

675 2809 963 2863 nmndante
993 2806 1250 2862 Tadduso
1282 2807 1428 2860 Daeii
1465 2807 1812 2876 imperatoris
1848 2808 2096 2874 patricio.
2126 2805 2216 2861 liis

670 2900 725 2954 in
768 2913 1033 2954 summam
1073 2897 1486 2952 admirationem
1556 2899 1692 2965 rapti
1752 2897 1815 2950 ad
1849 2897 2211 2951 Theodosium
2242 2933 2284 2989 Ο

670 3005 848 3060 regem
904 2990 1111 3043 litteras
1144 2989 1472 3057 scripserunt
1504 2987 1703 3056 quibus
1753 3004 1873 3041 eum
1912 2992 2099 3040 harum
2133 3003 2216 3040 rc-

671 3095 790 3134 rum
815 3082 1103 3134 certiorem
1127 3077 1499 3132 reddiderunt.
1529 3076 1629 3143 Qui
1653 3093 1782 3148 ergo
1806 3093 2109 3132 conscenso
2132 3093 2220 3130 ve-

672 3169 803 3226 redo
845 3171 1032 3224 urbem
1071 3168 1337 3240 Ephesum
1370 3154 1580 3238 petens
1617 3168 1690 3222 ibi
1739 3169 1859 3245 illos
1893 3178 1947 3223 et
1987 3170 2118 3222 vidit
2168 3181 2221 3224 et

671 3262 978 3316 collocutus
1022 3274 1126 3315 est.
1191 3262 1262 3314 At
1293 3260 1466 3314 tribus
1503 3268 1622 3328 post
1651 3260 1861 3323 diebus,
1890 3277 2011 3314 cum
2039 3261 2104 3313 ad
2141 3260 2223 3330 ip-

633 3415 636 3418 ,
674 3366 767 3406 sos
796 3350 852 3404 in
882 3352 1193 3420 speluncam
1242 3351 1517 3415 introiret,
1551 3352 1700 3421 ipsos
1728 3351 1840 3420 jam
1872 3361 2114 3406 mortuos
2141 3353 2223 3405 in-

674 3442 844 3498 venit.
878 3440 1047 3496 Jussit
1076 3457 1204 3512 ergo
1252 3457 1331 3518 ne
1385 3442 1510 3495 inde
1564 3444 1951 3508 educerentur,
2014 3443 2108 3497 sed
2166 3445 2219 3497 in

677 3533 798 3602 ipsa
848 3532 1104 3602 spelunca
1159 3533 1397 3602 sepeliri,
1431 3543 1485 3586 et
1520 3547 1684 3602 super
1735 3535 1885 3602 ipsos
1933 3534 2218 3589 ecclesiam

675 3621 871 3677 struxit
898 3636 1017 3690 qua
1051 3623 1294 3691 ipsorum
1341 3621 1558 3676 nomine
1597 3622 1851 3691 insignita
1875 3633 1980 3687 est,
2034 3637 2097 3677 ac
2145 3621 2220 3676 fe-

675 3724 819 3768 stum
858 3713 909 3765 in
955 3713 1190 3781 ipsorum
1218 3712 1446 3782 gratiam
1467 3712 1772 3766 institutum
1795 3728 1859 3767 eo
1883 3713 1965 3766 die
1993 3720 2222 3782 quotan-

675 3803 762 3856 nis
812 3803 1159 3856 celebratur:
1195 3803 1318 3855 dein
1378 3802 1910 3870 Constantinopolim
1971 3817 2223 3857 reversus

675 3903 756 3972 est
782 3887 1116 3946 Theodosius
1138 3907 1254 3945 rex.
1286 3938 1292 3943 .

743 3971 859 4036 Jam
892 3996 920 4034 a
956 3991 1221 4050 tempore,
1265 3971 1381 4051 quo.
1408 3997 1435 4034 a
1469 3981 1633 4036 Dacio
1687 3983 2013 4052 imperatore
2075 3982 2226 4052 fuge-

677 4084 803 4129 runt
836 4075 982 4143 pueri
1019 4073 1107 4126 isti
1139 4074 1191 4125 in
1224 4061 1534 4140 speluncam
1580 4080 1742 4142 atque
1789 4073 1841 4126 in
1875 4089 1936 4127 ea
1980 4073 2224 4127 dormie-

679 4172 826 4229 runt,
857 4164 922 4216 ad
948 4174 1158 4232 tempus
1182 4178 1286 4231 quo
1317 4179 1530 4217 rursum
1549 4173 1916 4234 apparuerunt
1940 4179 2001 4215 ac
2028 4163 2224 4215 mortui

2304 364 2404 422 dit.
2441 369 2564 422 dein
2593 377 2838 420 mortuus
2865 377 2964 421 est.
2991 367 3144 418 Anno
3175 367 3380 432 imperii
3399 364 3639 432 ejusdem
3656 371 3784 415 octavo

2306 457 2638 511 caustitutns
2673 467 2756 510 est
2804 455 3044 509 Joannes
3078 456 3378 524 patriarcha
3407 453 3786 524 ilierosolytnita-

2310 564 2432 605 nus.
2465 550 2556 602 ubi
2591 563 2762 600 annos
2798 549 3070 600 sexdecim
3100 547 3259 608 sedit,
3301 546 3426 598 dein
3460 556 3783 598 mmtuusesi.

2310 638 2577 706 Tempore
2612 641 2738 691 item
2773 623 3060 691 Theodosii
3114 637 3257 704 regis
3301 635 3484 689 ﬂoruit
3521 635 3790 703 Epiphanius

2309 733 2469 801 Cypri
2520 731 2834 801 episcopus.
2891 729 3100 782 Strnxit
3156 729 3315 782 etiam
3373 725 3790 780 'i‘heodosiusrer

2313 819 2702 891 Hierosolymis
2737 819 3020 874 ecclesiam
3071 817 3380 872 Jesmaniah
3426 819 3481 870 in
3538 833 3639 887 qua
3669 823 3794 885 septi!-

2310 926 2460 965 crum
2495 922 2613 964 0181
2655 917 2869 964 saneta:
2913 908 3110 972 Marias,
3153 924 3313 976 quam
3349 907 3631 960 dii-uerunt
3670 907 3795 961 Persa.

2310 1014 2419 1066 quo
2454 1009 2693 1066 tempore
2727 996 3098 1065 Hierosolyma
3123 1010 3293 1064 usque
3336 994 3562 1061 profecti
3601 995 3796 1048 Cthirsizq

2311 1090 2834 1157 Hierosolymitanas
2891 1087 3310 1148 destruxerunt,
3355 1087 3492 1139 adeo
3525 1092 3582 1137 ut
3628 1086 3797 1136 1010111

2313 1194 2483 1248 usque
2513 1172 2652 1232 diem
2678 1189 2896 1231 Vastala‘
2929 1186 3197 1231 maneam.
3270 1218 3276 1222 .

2384 1268 2551 1322 Porro
2575 1285 2718 1322 anno
2745 1269 2954 1337 imperii
2993 1266 3274 1321 Theodosii
3309 1267 3454 1332 regis
3474 1264 3674 1320 decimo
3698 1279 3800 1317 mor-

2312 1368 2437 1414 tuus
2459 1348 2544 1414 est
2583 1358 2757 1412 Sabur
2797 1358 2992 1412 Saburi
3033 1358 3175 1413 filius
3205 1373 3294 1412 rex
3344 1357 3668 1421 Persarum;
3712 1361 3822 1425 post

2310 1463 2468 1516 quem
2500 1448 2742 1517 regnavit
2771 1447 2999 1502 Bahram
3037 1448 3232 1503 Saburi
3267 1449 3408 1503 1111118
3436 1464 3530 1504 rex
3569 1447 3801 1502 Persarum

2313 1549 2485 1590 annos
2518 1539 2795 1601 undecim,
2837 1552 2867 1590 a
2894 1553 3002 1607 quo
3032 1548 3270 1608 tempore
3300 1539 3582 1594 fruebatur
3609 1539 3806 1593 ’1⁸110011οι

2314 1628 2378 1681 811
2406 1643 2630 1698 regnum
2683 1630 3079 1700 tranquillitate
3119 1642 3174 1685 et
3215 1645 3346 1700 pace
3374 1671 3390 1697 ,
3436 1631 3565 1687 dein
3613 1641 3806 1684 mortuus

2314 1727 2416 1772 est.
2445 1715 2686 1770 Mortuus
2708 1725 2792 1772 est
2818 1719 2982 1772 etiam
3022 1717 3361 1775 Theodosius
3395 1736 3487 1774 rex
3524 1719 3810 1776 succedenti-

2315 1806 2415 1860 bus
2447 1806 2548 1875 ipsi
2577 1806 2803 1876 imperio
2833 1805 2959 1862 filiis
3003 1808 3172 1878 ipsius
3219 1810 3449 1864 Arcadio
3499 1820 3552 1864 rt
3598 1807 3807 1872 1101101111.

2313 1895 2601 1967 Imperavit
2625 1907 2805 1953 autem
2821 1899 3085 1956 Arcadius
3107 1898 3366 1956 Romanis
3389 1901 3807 1970 ConstantinOpoli

2316 2001 2490 2041 annos
2516 1987 2780 2042 tredecim
2813 2005 2828 2054 ;
2869 1987 3036 2043 frater
3064 2004 3190 2044 vero
3232 1990 3402 2060 ipsius
3439 1990 3702 2045 Honorius
3724 1990 3808 2043 urbi

2318 2077 2500 2130 Romae
2530 2093 2705 2132 annos
2729 2079 2980 2136 undecim
3011 2097 3028 2153 ;
3071 2081 3226 2151 idque
3253 2096 3396 2137 anno
3427 2083 3578 2152 regni
3605 2083 3809 2137 liahrami

2317 2170 2412 2224 lilii
2479 2170 2704 2240 Saporis
2749 2171 3036 2250 Persarum
3093 2176 3234 2243 regis
3282 2176 3533 2245 septimo.
3593 2178 3811 2231 Arcadius

2315 2273 2490 2317 autem
2526 2279 2614 2315 rex
2641 2264 3400 2338 pracepttirer11537o539
3417 2283 3574 2322 suum
3600 2270 3813 2322 Arsanrtu

2314 2354 2380 2407 ad
2409 2370 2594 2408 necem
2632 2356 2881 2422 qumsivit
2906 2370 3016 2425 pra:
3040 2371 3104 2411 eo
3129 2357 3272 2426 quod
3302 2372 3428 2428 erga
3470 2360 3638 2428 ipsum
3664 2360 3711 2412 in
3731 2363 3816 2412 ant-

2317 2443 2406 2497 1110
2439 2445 2661 2514 gerebat
2695 2447 2842 2499 odio.
2871 2446 3046 2516 Cujus
3075 2448 3149 2501 rei
3185 2450 3382 2503 certior
3414 2447 3589 2504 factus
3620 2451 3812 2504 Arsanrs

2316 2532 2700 2589 Alexandriam
2729 2534 2941 2605 fugiens
2967 2537 3350 2593 monachatum
3386 2541 3661 2609 professus
3688 2552 3760 2596 est
3781 2544 3816 2592 in

2319 2625 2648 2677 monasterio
2680 2624 2921 2693 quodam
2985 2626 3122 2694 quod
3167 2627 3220 2681 in
3272 2629 3406 2683 valle
3455 2629 3677 2692 llobaib,
3700 2630 3818 2697 juxta

2317 2710 2549 2776 Taruut,
2582 2714 2744 2768 situm
2775 2725 2879 2778 est.
2913 2725 2967 2770 et
3015 2716 3168 2772 Askit
3209 2719 3556 2788 appellatum.
3595 2719 3820 2773 Arcadius

2320 2803 2516 2859 deinde
2552 2815 2682 2859 nato
2727 2807 2829 2861 sibi
2876 2807 3005 2871 lilio,
3063 2811 3144 2862 cui
3174 2809 3464 2865 Theodosii
3498 2826 3683 2864 nomen
3712 2811 3822 2863 imli‘

2318 2896 2418 2960 dit,
2484 2899 2741 2951 Arsanem
2775 2909 3186 2969 _pr:eceptorcm
3224 2917 3382 2956 suum
3447 2908 3648 2972 rogavit
3702 2911 3754 2954 ut
3785 2911 3824 2955 et

2322 2985 2485 3038 lilium
2516 3003 2670 3039 suum
2706 2987 2959 3052 doceret;
2991 3005 3218 3060 rumque
3251 2990 3352 3060 ipsi
3378 2993 3675 3046 nuntiatum
3709 3003 3825 3046 esset

2319 3074 2491 3143 ipsum
2517 3077 2570 3129 in
2595 3075 2883 3147 Egyptum
2914 3077 3035 3147 fuga
3056 3080 3291 3150 elapsum
3314 3083 3481 3136 vitam
3510 3087 3824 3138 monasticam

2320 3167 2388 3219 ibi
2425 3166 2481 3220 in
2526 3170 2867 3223 monasterio
2894 3168 3047 3222 Aslrit
3075 3172 3336 3239 profiteri,
3359 3175 3508 3227 misit
3538 3187 3649 3242 post
3676 3176 3825 3243 ipsum

2321 3257 2414 3327 qui
2442 3265 2497 3312 et
2534 3257 2652 3312 vita
2701 3273 2951 3314 securum
2977 3275 3100 3314 esse
3125 3261 3364 3328 juber'ct.
3391 3263 3642 3318 1100111108
3674 3273 3825 3318 autem

2323 3348 2561 3402 Arsanes
2604 3345 2836 3420 [venire]
2881 3351 3075 3404 nuntio
3119 3335 3398 3408 blanditus
3423 3364 3504 3408 est
3537 3359 3662 3424 adeo
3693 3365 3745 3406 ut
3774 3354 3823 3404 ab

2322 3437 2440 3507 ipso
2468 3437 2786 3493 discederet.
2818 3439 3020 3495 Deinde
3070 3452 3313 3497 metuens
3353 3458 3421 3498 ne
3449 3445 3677 3499 mitteret
3704 3439 3823 3515 [rexi

2321 3531 2413 3595 qui
2445 3529 2494 3580 vi
2528 3527 2704 3596 ipsum
2739 3528 3096 3595 abducerent,
3147 3529 3372 3587 Saidum
3423 3533 3628 3605 Egypti
3673 3531 3826 3602 proice

2321 3626 2440 3671 ctus
2488 3617 2559 3670 ibi
2628 3620 2679 3670 in
2717 3629 2898 3673 monte
2953 3618 3238 3674 Mokattam
3273 3636 3304 3676 e
3333 3624 3548 3693 regione
3595 3624 3694 3677 vici
3720 3621 3828 3674 dicti

2322 3706 2459 3759 'l'ora
2496 3708 2769 3771 habitavit,
2797 3709 2882 3762 ubi
2908 3719 3187 3780 postquam
3215 3721 3326 3766 tres
3342 3727 3512 3769 annos
3533 3713 3827 3769 substitisset

2324 3808 2568 3850 ruortnus
2603 3806 2713 3851 est.
2746 3796 2883 3851 Tum
2917 3815 3045 3852 vero
3070 3803 3236 3854 alium
3288 3807 3534 3858 nuntium
3575 3805 3712 3858 misit
3752 3807 3828 3854 Ar-

2322 3887 2510 3940 cadius
2543 3904 2631 3941 rex
2664 3889 2754 3958 qui
2792 3905 2913 3943 eum
2945 3892 2991 3945 vi
3025 3892 3334 3956 adduceret,
3362 3897 3449 3948 cui
3480 3910 3596 3948 cum
3632 3895 3700 3947 ad
3732 3911 3828 3945 mo-

2327 3979 2624 4032 nasterium
2675 3978 2828 4034 Askit
2861 3987 3192 4050 pervenisset
3223 3987 3525 4040 nuntiatum
3551 3996 3644 4049 est,
3677 3989 3821 4037 Arsa-

2327 4085 2446 4123 nem
2501 4070 2611 4138 jam
2651 4074 2702 4124 in
2738 4082 2918 4126 monte
2973 4072 3257 4127 Mokattam
3288 4090 3318 4128 e
3347 4077 3482 4130 vivis
3539 4076 3828 4131 excessiss;

2330 4159 2607 4215 Reversus
2635 4178 2761 4230 ergo
2792 4167 3012 4218 nuntius
3042 4165 3169 4218 illud
3207 4167 3316 4236 regi
3346 4170 3593 4223 narravit.
3622 4168 3734 4221 Rex
3758 4165 3832 4233 igi-

676 4263 830 4316 sunt,
854 4252 1006 4320 juxta
1051 4253 1179 4304 illud
1209 4253 1353 4318 quod
1380 4253 1430 4303 in
1470 4252 1702 4304 historia
1723 4253 1960 4320 martyrii
1988 4253 2226 4318 ipsorum
2261 4256 2304 4312 υ
2334 4262 2420 4304 tur
2459 4255 2628 4306 misso
2658 4257 2919 4307 monacho
2953 4257 3036 4309 cui
3069 4271 3259 4311 nomen
3289 4256 3530 4323 Trasius,
3556 4273 3718 4327 eoque
3742 4258 3836 4321 opi-

680 4344 932 4413 legimus,
986 4343 1109 4394 anui
1165 4351 1290 4394 sunt
1336 4349 1634 4394 tercentum
1701 4343 2038 4410 septuaginta
2091 4343 2216 4394 duo.

679 4432 848 4486 Porro
879 4431 1254 4497 anno/imperii
1298 4429 1583 4484 Theodosii
1617 4428 1792 4500 Magni
1828 4430 2038 4484 decimo
2063 4431 2221 4483 tertio

683 4523 1016 4578 constitutus
1067 4531 1151 4574 est
1186 4520 1410 4573 Siricins
1460 4519 1763 4588 patriarcha
1799 4518 2096 4582 Romanus,
2131 4521 2222 4589 qui

680 4613 966 4669 duodecim
1002 4626 1176 4664 annos
1209 4610 1366 4674 sedit,
1401 4611 1523 4663 dein
1552 4622 1798 4664 mortuus
1834 4620 1935 4664 est.
1971 4611 2219 4679 lijusdem

683 4703 891 4772 imperii
923 4716 1064 4754 anno
1093 4702 1304 4754 decimo
1339 4707 1568 4769 septimo
1613 4713 1859 4756 mortuus
1909 4713 1987 4755 est
2023 4702 2223 4754 chia-

684 4795 800 4847 rius
844 4792 1145 4861 patriarcha
1181 4781 1845 4858 1100811111111100011111008,
1879 4793 1969 4860 qui
2029 4793 2221 4845 ibidem

687 4897 905 4935 munere
921 4882 1265 4949 patriarchali
1290 4881 1508 4933 functus
1538 4884 1901 4934 i'uerat’annos
1926 4885 2071 4934 sexdt
2093 4883 2221 4935 cim.

690 4975 814 5026 l’ost
847 4988 1002 5041 quem
1039 4972 1989 5039 patriaiehaConstat:tinopolitanus
2025 4971 2228 5025 consti-

690 5073 838 5116 tutus
861 5072 943 5114 est
968 5060 1203 5114 Joannes
1234 5063 1671 5129 Chrysostouius,
1704 5064 1795 5128 qui
1826 5077 1946 5114 cum
1975 5063 2044 5116 ibi
2069 5065 2227 5130 quin-

693 5168 796 5218 que
829 5166 1000 5203 annos
1029 5159 1080 5202 et
1107 5149 1290 5202 decem
1340 5165 1556 5204 menses
1581 5149 1742 5220 5-36
1792 5153 2125 5206 Substitisset
2174 5155 2227 5206 in

690 5234 933 5290 exsilium
959 5239 1144 5304 pulsus
1174 5240 1224 5290 in
1252 5239 1438 5291 eodem
1484 5249 1728 5294 mortuus
1755 5248 1859 5294 est.
1892 5243 2046 5293 Anno
2067 5244 2234 5311 impe-

695 5329 756 5380 rii
787 5327 1019 5392 ejusdem
1052 5338 1202 5380 sexto
1235 5338 1449 5381 creatus
1474 5336 1557 5380 est
1587 5327 1876 5384 Flavianus
1925 5332 2228 5400 patriarcha

697 5418 1082 5481 Antiochenus,
1112 5419 1205 5486 qui
1242 5433 1363 5472 cum
1399 5434 1487 5471 sex
1520 5434 1692 5474 annos
1730 5421 1954 5477 sedisset
1989 5437 2230 5481 mortuus

702 5515 803 5558 est.
840 5507 993 5559 Auno
1049 5509 1293 5574 ejusdem
1327 5509 1653 5564 duodecimo
1697 5508 1871 5565 factus
1916 5524 1998 5568 est
2027 5515 2231 5574 liarlm-

2327 4351 2426 4398 bus
2478 4346 2764 4410 instructo,
2800 4344 2941 4401 Vade
2971 4331 3189 4418 (inquit)
3222 4359 3277 4403 et
3326 4365 3490 4420 super
3528 4352 3830 4405 ,118111ιί8111-

2325 4434 2470 4486 muio
2529 4437 2919 4490 monasterium
2970 4450 3185 4493 exstrue
3228 4442 3368 4508 quod
3426 4441 3586 4508 ipsius
3639 4440 3835 4492 nomine

2326 4525 2640 4592 appelletur.
2678 4525 2951 4581 Profectus
2987 4545 3113 4597 ergo
3135 4530 3355 4585 Trasius
3385 4530 3665 4603 Aigyptmn
3697 4544 3832 4593 suprr

2335 4616 2559 4666 111-80018
2612 4613 2771 4684 540
2821 4618 3067 4685 sepulcro
3109 4623 3508 4688 ,monasteriutn
3555 4621 3833 4673 exSIruxii.

2327 4705 2469 4770 quod
2503 4705 2554 4755 in
2597 4713 2776 4758 tnonte
2803 4689 3285 4763 Mokattamlsitum
3317 4719 3404 4763 est
3437 4719 3488 4764 et
3524 4711 3602 4763 Dic
3639 4709 3832 4761 Alkasir

2333 4808 2499 4861 usque
2525 4794 2588 4847 ad
2615 4795 2754 4848 hunc
2792 4797 2931 4848 diem
2963 4799 3274 4865 appellatur.

2403 4881 2568 4935 Porro
2595 4886 2646 4935 in
2678 4884 2911 4953 [Egypto
2944 4874 3226 4956 epiSeopus
3255 4890 3472 4958 quidam
3497 4890 3728 4943 moriens
3753 4898 3833 4939 tres

2337 4972 2472 5026 filios
2506 4977 2720 5042 reliquit
2750 4977 2838 5044 qui
2878 4979 3038 5030 vitam
3067 4983 3413 5033 rnonasticam
3445 4980 3664 5050 professi
3688 4976 3831 5032 Asini

2335 5066 2610 5126 sederunt,
2643 5081 2869 5132 quorum
2903 5083 3066 5120 unum
3101 5069 3363 5122 adscitum
3405 5068 3726 5136 Theophilus
3759 5081 3831 5134 pe-

2336 5155 2568 5207 tiiarc..u
2587 5157 2984 5209 Alexandrinus
3009 5159 3318 5226 episcopum
3349 5160 3404 5212 in
3431 5161 3620 5228 aliquot
3643 5151 3830 5226 £3de

2336 5247 2497 5297 urbes
2531 5246 2831 5309 coostitnit,
2891 5246 3123 5314 reliquos
3168 5250 3304 5301 duos
3346 5247 3592 5302 diaconos
3648 5251 3828 5312 sit:qu

2338 5334 2662 5402 discipulos;
2697 5337 2786 5405 qui
2819 5351 2945 5404 ergo
2968 5336 3267 5404 Theophilo
3291 5338 3594 5406 patriarcha:
3631 5336 3826 5389 Alexn-

2340 5425 2497 5479 drino
2531 5427 2894 5481 inservierunt
2935 5444 2951 5483 :
2985 5436 3037 5480 at
3060 5419 3247 5496 elapso
3271 5430 3500 5483 triennio
3527 5429 3721 5480 iterum
3749 5426 3822 5474 ιιι

2341 5522 2512 5576 11110111
2549 5521 2744 5574 reverti
2774 5519 3068 5586 cupientes,
3098 5533 3220 5573 cum
3252 5517 3402 5588 ipsos
3425 5520 3474 5574 id
3509 5519 3688 5572 facere
3715 5523 3820 5568 rell.
