3950 6348
333 157 366 168 η.
377 153 466 166 ...ηρ
473 153 542 163 -μμ,
549 151 774 162 _._——_
785 156 792 157 κ
799 153 822 158 ,γ

84 267 196 331 1029

1413 239 1785 318 ANNALES.

3101 271 3239 336 1030

75 391 143 437 ret
187 374 529 446 Theophilus,
585 371 703 424 sine
733 369 907 440 ipsius
958 370 1228 441 permissu
1286 370 1580 432 abierunt;
1613 377 1652 428 Α
1687 377 1792 422 tein
1826 334 2242 452 Chrysostomns
2287 371 2354 425 ad
2402 340 2764 442 Epiphanium
2813 376 2976 447 Cypri
3025 334 3271 449 episcor

74 483 210 539 quam
233 467 298 521 ob
327 477 540 517 causam
573 459 706 528 ipsis
764 457 1103 512 Eucharistia
1147 462 1212 512 ad
1260 467 1370 519 tres
1412 472 1584 512 annos
1639 518 1644 524 ι

74 553 339 612 interdixit.
427 550 504 604 Illi
582 564 712 617 ergo
786 548 1050 604 Joannem
1135 547 1582 619 Chrysostomnm

72 647 298 700 adeuntes
348 642 520 710 ipsum
568 646 834 709 rogarunt
866 649 925 691 ut
979 639 1046 692 ad
1077 636 1451 714 Theophilum
1492 652 1586 705 pa-

68 728 333 795 triarcham
367 731 790 785 Alexandrinum
839 730 1047 785 litteras
1091 731 1355 789 scriberet
1387 728 1583 797 quibus

70 832 128 884 ab
155 828 237 880 illo
260 833 459 894 peteret
493 830 548 875 ut
578 821 706 890 ipsis
735 819 1083 875 Eueharistiie
1115 823 1326 890 copiam
1363 821 1583 876 faceret.

65 921 276 978 Joannes
301 899 880 985 ct-ngbrysostomus
916 913 1097 969 missis
1133 929 1228 984 per
1259 916 1407 983 ipsos
1442 915 1584 968 litte-

69 1015 134 1069 ris
164 1011 222 1063 ad
258 1008 608 1076 Theophilum
644 1005 1003 1074 patriarcbam
1034 996 1465 1059 Alexandrinum
1494 1019 1584 1058 ro-

64 1103 186 1171 gavit
254 1101 398 1154 illutn
469 1107 527 1151 ut
585 1111 706 1151 cum
768 1096 898 1164 ipsis
950 1096 1004 1148 in
1058 1097 1286 1165 gratiam
1331 1093 1582 1148 ‘rediret.

62 1188 192 1254 Quod
241 1181 357 1241 cum
405 1188 493 1240 ille
524 1186 698 1240 facere
743 1187 933 1250 nollet,
973 1185 1175 1239 reversi
1221 1185 1416 1244 iterum
1460 1190 1587 1238 sunt

62 1285 116 1333 ad
164 1279 414 1334 Joannem
473 1277 948 1348 Chrysostomum,
1001 1276 1092 1343 qui
1144 1273 1293 1344 ipsos
1341 1273 1408 1328 ad
1480 1273 1640 1327 Eu--

62 1371 349 1425 rltaristiam
403 1370 663 1422 accedere
707 1365 1080 1437 jussitzOfta
1129 1376 1210 1420 est
1262 1379 1393 1434 ergo
1442 1364 1587 1418 inter

61 1463 389 1532 Theophilum
417 1462 775 1531 patriarcham
802 1458 1222 1513 Alexandrinum
1246 1467 1298 1510 et
1318 1455 1582 1509 Joannem

61 1550 1009 1624 Chrysostomum,simultas._I’orro
1050 1548 1152 1600 fuit
1193 1557 1435 1619 tempore
1481 1545 1583 1596 Ar-

65 1646 174 1699 cadii
210 1642 576 1696 Romanorum
607 1642 970 1711 imperatoris,
995 1640 1076 1693 vir
1100 1639 1319 1708 quidam
1363 1635 1585 1690 nomine

1695 476 1819 529 pum
1871 461 2112 518 scribens
2140 463 2282 522 :Tu.
2313 464 2533 543 (inquit)
2569 466 2856 537 Epiph'ani,
2887 472 2939 525 in
2988 473 3238 527 exsiliunt

1692 565 1868 605 meum
1895 554 2222 609 consensisti
2257 569 2321 609 ac
2345 557 2676 611 contrariam
2713 560 2843 614 mihi
2867 576 3085 630 operam
3129 579 3230 616 na-

1689 641 1850 723 vasti,
1883 640 2072 697 diceris
2117 642 2184 698 de
2221 659 2304 699 me
2330 647 2475 714 quod
2496 647 2724 704 minime
2764 657 2815 704 te
2845 651 3050 705 decuit.
3086 652 3239 707 Scias

1690 745 1817 803 ergo
1847 741 1899 787 te
1919 749 2260 805 nequaquam
2288 736 2354 789 ad
2390 739 2726 806 provinciam
2773 750 2919 797 tuam
2949 757 3240 812 perventu-

1689 839 1808 878 rum
1843 835 2129 894 antequam
2168 824 2214 904 e‘
2240 828 2441 889 mundo
2488 829 2804 905 excesseris.
2851 833 2949 888 Cui
3016 834 3121 902 hoc.
3166 850 3250 886 re-

1697 928 1958 982 sponsum
1997 915 2231 969 reddidit
2284 917 2625 986 Epiphanius
2669 924 2758 975 :0
2805 921 3090 988 Joannes;
3110 924 3251 976 nihil

1700 1005 1846 1058 aliud
1878 1020 2036 1073 quam
2066 1007 2245 1059 omnia
2272 1008 2411 1080 bona
2451 994 2533 1062 de'
2553 1018 2607 1066 te
2632 1011 2769 1076 dixi,
2807 1029 2870 1068 ac
2903 1024 3068 1078 totam
3111 1031 3245 1084 ope-

1693 1109 1806 1147 ratn
1834 1109 2031 1159 meam,
2065 1109 2329 1164 quantuni
2377 1099 2528 1169 potui
2575 1101 2867 1156 maximam
2902 1103 3248 1176 545ο547

1676 1185 1793 1238 tibi
1843 1185 2077 1256 impendi
2121 1196 2175 1242 et
2219 1188 2284 1242 ad
2332 1191 2531 1244 malum
2575 1206 2609 1245 a
2648 1201 2700 1247 te
2744 1196 3092 1249 avertendum
3131 1196 3252 1249 dili-

1693 1273 1928 1344 gentiam
1956 1276 2204 1340 adhibui,
2244 1293 2376 1350 quae
2397 1288 2578 1334 tamen
2621 1279 2830 1336 frustra
2872 1285 2992 1337 fuit.
3017 1283 3119 1350 Qui
3147 1300 3249 1352 an-

1692 1372 1795 1428 tem
1826 1380 2060 1434 praesens
2083 1375 2166 1422 est
2188 1369 2332 1422 videt
2350 1384 2468 1448 quas
2507 1386 2614 1425 non
2636 1371 2781 1426 videt
2809 1373 3028 1428 absens.
3050 1374 3252 1442 Quem-

1691 1455 1978 1509 admodum
2033 1469 2210 1510 autem
2259 1468 2316 1512 tu
2367 1459 2497 1513 mihi
2554 1461 2808 1533 impingis
2855 1479 2918 1519 ea
2973 1480 3094 1534 quae
3150 1480 3253 1520 nec

1662 1546 1841 1625 novi,
1901 1562 2000 1602 nec
2046 1547 2182 1613 dixi,
2215 1549 2290 1603 ita
2326 1551 2469 1605 scias
2511 1560 2569 1607 te
2607 1567 2723 1606 non
2766 1550 3154 1626 perventurum
3182 1556 3249 1611 ad

1693 1637 1871 1691 locum
1895 1637 2069 1692 exsilii
2106 1642 2179 1692 tui
2206 1654 2314 1708 quo
2331 1641 2602 1710 relegatus
2631 1656 2716 1710 es,
2739 1655 3026 1712 antequam
3052 1659 3082 1698 e
3117 1645 3253 1701 vivis
3289 1643 3291 1646 ⁴

63 1734 404 1804 Tltengnostes
429 1774 443 1798 ,
506 1732 702 1803 opibus
762 1731 1049 1809 abundans
1071 1769 1085 1794 ,
1135 1729 1225 1782 cui
1281 1727 1585 1781 invidentes
1615 1711 1659 1768 Β
1693 1727 2026 1804 discesseris.
2049 1726 2166 1782 Jam
2191 1745 2316 1784 vero
2338 1730 2667 1801 Epiphanius
2683 1711 2916 1803 Cyprum
2943 1734 3173 1791 tendens
3196 1735 3253 1790 in

58 1819 378 1896 551-553
415 1823 656 1877 nonnulli
680 1832 865 1875 contra
895 1823 1067 1887 ipsum
1104 1819 1243 1889 apud
1289 1833 1466 1886 regem
1504 1827 1585 1871 ιε-

53 1915 343 1968 alimonium
374 1913 549 1968 tulere
590 1913 766 1982 ipsum
807 1911 963 1965 (idem
993 1912 1314 1979 abnegasse,
1365 1905 1599 1979 regique

54 2008 395 2060 conviciatum
463 2005 681 2059 fuisse:
737 2019 900 2073 quam
961 2003 1036 2059 ob
1069 2016 1290 2057 causam
1342 2017 1436 2055 rex
1470 2003 1586 2073 ipso

52 2097 96 2150 in
143 2097 395 2150 exsilium
444 2097 602 2165 pulso
655 2095 794 2150 bona
851 2094 973 2166 ejus
1029 2095 1275 2164 diripuit.
1331 2093 1595 2163 Ejusdem-

54 2188 184 2240 nxori
216 2187 370 2240 vinea
427 2185 528 2240 fuit
558 2200 654 2256 per
685 2195 846 2256 quam
896 2187 1164 2242 transiens
1201 2185 1441 2241 Eudoxia
1497 2201 1588 2240 re-

48 2274 178 2342 gina,
213 2273 283 2327 ob
329 2273 503 2343 ipsius
553 2259 1024 2342 pulchritudinem
1051 2276 1390 2344 concupivit.
1419 2273 1588 2344 Cujus

45 2370 174 2415 esset
223 2376 357 2432 ergo
405 2376 532 2416 cum
581 2358 845 2433 rogasset,
875 2363 1082 2418 dictum
1130 2370 1212 2418 est
1245 2363 1358 2432 ipsi
1401 2363 1588 2417 uxoris

45 2465 154 2505 esse
180 2451 464 2520 cujusdam
515 2468 544 2507 a
579 2468 702 2523 rege
728 2454 782 2508 in
811 2453 1061 2508 exsilium
1090 2453 1252 2522 pulsi.
1273 2452 1409 2508 Tum
1451 2455 1539 2508 illa
1570 2471 1593 2509 ιη

43 2545 199 2608 Qtiam
230 2547 425 2600 vellem
464 2543 680 2615 (inquit)
715 2553 774 2597 ut
801 2544 936 2598 mihi
966 2554 1130 2610 esset,
1161 2559 1270 2614 quo
1311 2545 1366 2598 in
1414 2545 1586 2614 ipsum

48 2649 123 2686 me
161 2636 544 2690 oblectationis
577 2650 741 2690 causa
773 2636 1068 2704 reciperem
1103 2637 1116 2689 l
1166 2635 1586 2706 Responderunt

41 2742 69 2778 e
93 2726 359 2795 praefectis
394 2726 661 2781 nonnulli:
695 2728 842 2794 Regii
871 2727 1006 2796 juris
1035 2736 1117 2782 est
1145 2738 1200 2781 ut
1228 2729 1590 2797 quodcunque

41 2819 330 2873 calcaverit
378 2835 470 2887 pes
514 2822 715 2889 regius,
755 2819 891 2873 illud
926 2821 1030 2887 ipsi
1055 2824 1142 2874 sit.
1181 2820 1391 2886 Quibus
1422 2821 1583 2874 audi-

41 2910 104 2964 tis
152 2911 370 2965 vineam
431 2911 537 2966 sibi
580 2911 870 2980 occupavit
915 2912 1126 2980 regina.
1179 2911 1374 2968 Mulier
1403 2922 1584 2966 autem

42 2999 133 3054 ista
194 3018 225 3056 a
281 3001 496 3057 Joanne
532 3001 923 3072 Cbrysostomo
974 3018 1128 3072 opem
1178 3005 1354 3072 petiit,
1398 3004 1490 3074 qui
1515 3007 1582 3059 ad
1612 3035 1656 3095 ο

39 3091 269 3162 reginam
295 3090 704 3160 mittensjussit
732 3101 788 3145 ut
809 3093 1019 3147 vineam
1050 3093 1280 3148 dominae
1307 3108 1419 3149 sua
1460 3094 1586 3148 red-

37 3184 198 3249 deret,
235 3185 325 3238 illa
361 3199 491 3240 vero
525 3184 696 3237 noluit
724 3200 740 3249 ;
772 3199 1007 3253 cumque
1033 3183 1100 3238 de
1129 3200 1192 3238 ea
1227 3201 1282 3239 re
1307 3187 1476 3254 ipsam
1508 3187 1586 3240 al-

36 3277 348 3353 loqneretur
406 3275 819 3345 haudquaquam
865 3277 1182 3345 respondit.’
1213 3277 1352 3331 Tum
1397 3277 1490 3332 Dei
1523 3279 1589 3331 ti-

35 3382 233 3422 morem
295 3368 405 3437 ipsi
465 3368 730 3421 incutieus
756 3383 770 3420 :
795 3367 938 3422 Cave
969 3368 1190 3437 (inquit)
1222 3385 1288 3423 ne
1315 3369 1409 3424 tibi
1441 3369 1587 3425 acci-

33 3459 118 3513 dat
142 3461 286 3530 quod
343 3460 537 3514 lzebeli
579 3457 751 3514 Ahabi
787 3462 929 3530 regis
958 3460 1173 3514 lsraelis
1207 3462 1360 3515 uxori
1413 3463 1601 3516 conti-‘

33 3551 142 3620 git;
184 3560 240 3605 at
284 3552 382 3604 illa
416 3551 558 3604 nulla
595 3551 785 3604 horum
832 3551 1043 3607 ratione
1099 3553 1278 3606 habita
1324 3551 1584 3608 Joannem

34 3643 230 3711 palatio
256 3658 362 3698 suo
397 3643 518 3711 pelli
547 3642 730 3706 jussit,
761 3639 998 3717 Joannis
1028 3658 1154 3711 ergo
1191 3644 1363 3698 tristis
1406 3659 1588 3699 rever-

31 3748 140 3794 sus,
173 3735 447 3788 diaconos
478 3732 662 3801 jussit,
703 3745 825 3785 cum
863 3733 1149 3787 accederet
1186 3735 1370 3802 regina
1415 3735 1589 3788 eccle-

29 3830 161 3880 siam
199 3828 490 3878 introitura
515 3863 529 3887 ,
564 3831 748 3893 portas
791 3824 890 3892 ipsi
918 3825 1242 3888 oce-ludere;
1283 3825 1582 3894 quod-cum

31 3916 318 3981 iecissent,
353 3916 512 3968 rediit
537 3916 721 3982 regina
746 3915 826 3969 ira
865 3925 1153 3970 commota.
1188 3914 1288 3984 [Eo
1319 3915 1585 3988 tempore]

28 4018 139 4061 erat
169 4009 538 4076 Epiphanius,
558 4005 717 4076 Cypri
764 4007 1072 4076 episcopus,
1096 4007 1583 4072 Constantinopoli,

28 4101 380 4168 negotiorum
411 4098 615 4164 aliquot
646 4100 784 4166 apud
821 4110 1000 4166 regem
1032 4093 1193 4167 544.
1226 4096 1586 4164 perﬁciendo-

29 4204 143 4241 rum
183 4189 386 4258 gratia.
416 4186 515 4255 Ipsi
545 4201 669 4257 ergo
701 4190 963 4243 accersito
996 4186 1132 4241 dixit
1164 4188 1344 4255 regina
1375 4202 1388 4239 :
1424 4185 1589 4240 Joan-

27 4295 118 4333 nes
163 4280 596 4348 Chrysostomus
641 4277 856 4332 veritati
900 4279 1272 4342 contradicit,
1318 4270 1590 4345 rebusque

1689 1819 1810 1874 navi
1833 1828 2078 1874 mortuus
2100 1821 2442 1894 est,ditnidio
2460 1821 2594 1889 diei,
2615 1831 2902 1900 antequam
2923 1839 2988 1879 eo
3005 1827 3257 1903 perveni-3

1653 1950 1655 1953 .
1687 1917 1792 1976 ret,
1822 1910 2022 1979 spatio.
2053 1908 2289 1966 Joannes
2311 1918 2490 1966 autem
2518 1914 2943 1984 Chrysostomus
2963 1925 3249 1994 antequam

1687 2015 1754 2056 eo
1788 1999 1877 2055 ubi
1915 2002 2163 2056 exsulare
2180 2001 2366 2070 jussus
2391 2011 2494 2072 est,
2520 2007 2884 2078 pertingeretj,
2915 2008 3078 2062 etiam
3106 2007 3250 2062 diem

1689 2092 1843 2147 obiit.
1886 2094 2054 2147 Porro
2107 2092 2207 2148 fuit
2251 2089 2718 2168 Constantinopoli
2775 2107 2931 2171 terra;
2969 2106 3143 2153 motus
3169 2097 3254 2153 in-

1691 2193 1844 2248 gens,
1877 2193 1976 2234 nec
2014 2194 2120 2233 non
2147 2179 2352 2234 tonitru
2375 2179 2547 2255 "grave
2573 2197 2700 2259 cum
2736 2182 2974 2253 fulgure.
3007 2184 3244 2239 fulmini-
3300 2244 3302 2246 τ

1689 2270 1814 2334 bus,
1855 2279 1910 2323 et
1943 2269 2143 2339 pluvia.
2190 2268 2338 2340 Dixit
2379 2285 2509 2342 ergo
2539 2278 2632 2327 rex
2659 2267 2684 2329 ’ς
2731 2273 2859 2328 Ideo
2909 2274 3025 2330 haec
3071 2275 3254 2329 omnia

1688 2361 1945 2416 eveniunt
1974 2361 2117 2430 quod
2146 2360 2422 2423 Joannem,
2442 2362 2892 2434 Chrysostomum
2923 2365 3255 2434 injexsilium

1691 2452 1962 2506 misimus.
2009 2448 2301 2521 Jussitque
2325 2467 2527 2522 corpus
2572 2455 2748 2523 ipsius
2797 2447 3257 2520 Constantinopo-

1691 2543 1781 2596 lim
1812 2541 2018 2607 all'erri,
2089 2544 2272 2610 ibique
2306 2544 2556 2612 sepeliri;
2598 2544 2760 2615 idque
2789 2560 2933 2600 anno
2983 2557 3137 2602 sexto
3167 2559 3256 2600 re—

1690 2632 1778 2704 gni
1811 2633 2051 2688 Arcadii.
2098 2634 2228 2689 Ideo
2267 2645 2448 2690 autem
2497 2637 2801 2706 appellatus
2844 2646 2929 2694 est
2969 2636 3256 2704 Joannes,

1689 2723 2131 2796 Cltrysostomus,
2173 2727 2320 2796 quod
2368 2726 2564 2781 mulier
2595 2731 2841 2798 quaedam
2897 2729 3078 2799 ipsum
3126 2744 3252 2783 cum
3289 2711 3291 2719 1

1689 2825 1939 2871 mortuus
1982 2824 2126 2872 esset
2157 2815 2440 2885 plangens,
2471 2811 2728 2873 dixerit':
2761 2817 2804 2873 0
2831 2815 3092 2883 Joannes,
3122 2831 3155 2870 ο
3190 2829 3256 2871 os

1692 2921 1942 2973 aureum,
1966 2907 2094 2962 hinc
2132 2907 2258 2962 Oris
2289 2909 2442 2963 aurei
2481 2921 2782 2978 cognomen
2811 2895 3024 2962 liabult.

1769 2998 1896 3052 Post
1928 2997 2106 3066 ipsum
2137 3000 2466 3053 constitutus
2493 3005 2576 3051 est
2599 2995 2741 3050 alius
2770 2990 2986 3066 quidam
3025 2993 3257 3051 Joannes

1692 3089 1997 3160 patriarcha
2033 3089 2314 3144 Constant.
2337 3090 2426 3158 qui
2475 3103 2598 3142 cum
2646 3103 2849 3159 annum
2898 3087 2969 3142 ibi
3030 3087 3258 3142 sedisset

1689 3190 1936 3237 mortuus
1954 3192 2051 3236 est.
2078 3181 2180 3250 Ipsi
2211 3181 2371 3235 etiam
2409 3179 2676 3235 successit
2710 3168 3022 3234 Gennadius
3062 3179 3114 3232 in
3157 3194 3254 3249 pa-

1689 3272 1938 3326 triarchae
1976 3269 2258 3326 Constant.
2299 3284 2522 3324 munere
2559 3269 2652 3339 qui
2703 3276 2812 3324 tres
2848 3284 3020 3324 annos
3077 3270 3242 3334 sedit,
3308 3299 3314 3306 -

1689 3367 1810 3421 dein
1851 3375 2097 3421 mortuus
2126 3374 2228 3420 est.
2269 3365 2398 3420 Post
2431 3365 2606 3434 ipsum
2657 3362 2837 3418 factus
2876 3371 2956 3418 est
3010 3361 3260 3417 Atticinus
3310 3419 3314 3423 ,

1688 3456 1990 3526 patriarcha
2009 3451 2637 3524 Constantinopolitauus
2662 3454 2756 3524 qui
2801 3467 2978 3508 annos
3026 3452 3257 3526 qninde-g

1689 3525 1792 3603 eim
1818 3546 1980 3613 sedit,
2000 3546 2121 3601 dein
2150 3557 2394 3602 mortuus
2420 3553 2523 3600 est.
2566 3542 2727 3616 548
2757 3543 2920 3614 quue
2941 3557 3084 3597 anno
3108 3525 3260 3613 regiti

1687 3625 1902 3692 Arcadii
1943 3638 2286 3692 duodecimo.
2328 3637 2485 3690 Anno
2539 3636 2750 3706 imperii
2781 3636 3022 3703 ejusdem
3051 3637 3255 3689 Octavo

1689 3728 2016 3782 constitutus
2069 3737 2153 3781 est
2190 3727 2533 3789 Anastasius
2603 3725 2906 3793 patriarcha
2971 3724 3257 3778 Remanus

1689 3822 1778 3888 qui
1808 3819 1976 3873 tribus
2001 3815 2157 3872 annis
2189 3819 2346 3887 Sedit,
2379 3819 2502 3873 dein
2528 3827 2769 3871 mortuus
2796 3825 2900 3870 est.
2931 3818 3084 3868 Anno
3105 3814 3244 3881 ejus-

1695 3911 1817 3964 dem
1851 3904 2141 3975 undcciuto
2194 3909 2366 3961 iactus
2414 3919 2495 3961 est
2521 3909 2864 3960 innocentius
2895 3906 3040 3958 Patr.
3063 3903 3257 3959 Roma-

1691 4015 1814 4062 nus,
1856 4000 1946 4067 qui
1980 4015 2103 4052 cum
2139 3993 2444 4065 quindecim
2492 4013 2662 4051 annos
2705 3997 2964 4059 sedisset,
3010 4005 3258 4049 mortuus

1693 4104 1798 4149 est.
1823 4095 1978 4145 Anno
2006 4091 2213 4159 imperii
2251 4090 2419 4156 ipsius
2453 4099 2644 4142 octavo
2675 4089 3005 4142 constitutus
3036 4093 3118 4140 est
3147 4086 3247 4140 Be-

1697 4187 1847 4238 t'illus
1889 4182 2190 4252 patriarcha
2242 4179 2784 4250 llicrosolymitanus,
2837 4194 3009 4232 annos
3046 4179 3252 4231 duode-

1694 4275 1796 4328 cim
1831 4276 1991 4338 sedit,
2023 4274 2144 4326 dein
2182 4281 2424 4324 mortuus
2451 4280 2552 4324 est.
2600 4272 2753 4322 Auno
2786 4269 3023 4336 ejusdem
3069 4271 3256 4338 quinto

27 4373 156 4425 nihil
209 4371 279 4424 ad
327 4363 499 4438 ipsum
536 4369 908 4436 spectantibus
960 4385 1015 4423 se
1057 4371 1370 4433 innniscnit,
1400 4373 1467 4424 de
1493 4354 1586 4424 οτι-ξ

1704 4367 1880 4420 factus
1928 4375 2009 4432 est
2051 4364 2309 4417 Paulinus
2359 4361 2662 4430 patriarcha
2718 4362 3108 4423 Antiochenus,
3165 4361 3254 4426 qni

27 4463 221 4519 llicdra
267 4478 405 4529 ergo
467 4463 642 4530 ipsum
697 4464 933 4531 dejicite.
985 4461 1283 4530 Respondit
1330 4464 1404 4514 illi
1458 4463 1583 4532 Epi-

27 4550 288 4623 ph‘anius,
325 4554 380 4606 Si
409 4554 478 4605 ita
513 4563 567 4604 ut
601 4565 656 4606 tu
694 4553 832 4607 dicis
865 4570 923 4607 se
955 4569 1041 4606 res
1075 4555 1290 4615 habeat,
1319 4553 1383 4606 ad
1420 4553 1589 4620 posui-

27 4650 255 4700 tentiam
287 4646 469 4712 ipsum
500 4642 798 4706 hortabor;
841 4643 982 4711 quod
1014 4646 1056 4696 si
1090 4641 1327 4706 redierit,
1355 4640 1586 4711 [lienes]

27 4736 102 4788 sin
135 4737 348 4794 minus,
379 4733 548 4797 ipsum
581 4732 839 4800 dignitate
895 4746 991 4785 sua
1026 4731 1413 4793 amovehimus.
1446 4730 1588 4783 Dixit

27 4830 212 4896 Γιιὸἰιιςι
238 4845 253 4879 t
289 4826 401 4877 Nisi
442 4841 611 4892 ipsum
643 4825 1018 4877 abtltcarcritis
1048 4833 1293 4892 apertum
1324 4839 1442 4877 sunt
1472 4825 1587 4877 ido-

27 4919 203 4971 lorum
249 4917 478 4985 templa,
508 4914 864 4980 hominesque
895 4916 957 4966 ad
995 4929 1055 4966 ea
1083 4913 1309 4966 colenda
1351 4913 1582 4981 adigam.

27 5007 223 5076 Adcgit
272 5002 472 5058 deinde
499 5018 558 5056 ex
592 4996 859 5071 epismvpi's
901 5013 952 5055 et
996 5003 1242 5055 diaeonis
1301 5003 1588 5055 nonnullos

27 5107 79 5152 nt
108 5100 178 5152 ad
213 5111 403 5165 regem
435 5095 773 5158 accedentes,
824 5109 1003 5146 coram
1032 5094 1148 5164 ipso
1176 5104 1365 5148 contra
1427 5091 1588 5146 Joan-

27 5204 146 5244 nem
193 5187 570 5242 teStimouiutn
629 5185 990 5254 perhiberent,
1017 5187 1190 5253 ipsum
1233 5185 1332 5253 legi
1368 5195 1586 5237 contra-

27 5282 231 5342 dicere,
267 5279 554 5347 ipsumque
582 5281 806 5330 moleste
837 5278 976 5329 ierre
997 5277 1144 5329 urbis
1171 5277 1396 5337 incolas,
1429 5285 1589 5346 atque

27 5375 148 5427 adio
178 5365 468 5441 prosequi.
501 5369 754 5438 Episcopi
781 5380 984 5431 autem,
1007 5367 1202 5422 Juanni
1237 5371 1304 5420 ob
1341 5383 1586 5437 magnam

27 5469 203 5535 ipsius
269 5462 553 5517 scientiam
617 5462 976 5522 inviderunt,
1036 5459 1387 5528 feceruntque
1445 5443 1589 5529 quod

27 5559 164 5626 ipsis
195 5553 383 5608 innuit
413 5553 618 5619 regina.
651 5551 762 5605 Rex
794 5566 924 5620 ergo
955 5551 1226 5606 Arcadius
1254 5549 1517 5605 Joannem
1550 5568 1582 5606 a

27 5647 300 5703 cathedra
335 5643 682 5713 patriarchali
728 5642 966 5700 amoveri
995 5641 1180 5713 jussit.
1223 5642 1459 5700 Joannes
1487 5659 1584 5699 au-

1689 4476 1859 4512 annos
1897 4468 2128 4526 quatuor
2149 4457 2312 4520 sedit,
2346 4455 2464 4508 dein
2508 4463 2753 4508 mortuus
2794 4467 2894 4505 est.
2918 4457 3071 4506 Anno
3105 4453 3254 4522 ejus-

1687 4553 1806 4605 dem
1869 4565 2010 4604 nono
2089 4549 2418 4603 constitutus
2473 4556 2555 4598 est
2613 4545 2872 4612 Evagrius
2947 4548 3250 4610 patriarcha

1692 4643 2081 4705 Antiocheuns,
2100 4641 2255 4694 annis
2275 4641 2514 4708 quinque
2537 4638 2698 4702 sedit,
2720 4638 2837 4690 dein
2876 4649 3118 4690 mortuus
3149 4644 3252 4689 est.

1687 4736 1842 4786 Anno
1882 4733 2090 4798 imperii
2128 4730 2365 4799 ejusdem
2409 4740 2623 4799 quarto,
2660 4721 2871 4781 Arcadii
2925 4744 3112 4795 nemp!
3153 4725 3253 4778 Rn-

1690 4840 1968 4877 manorum
1997 4821 2360 4889 imperatoris,
2385 4835 2552 4888 regno
2577 4820 2777 4888 potitus
2806 4817 3253 4883 estYazdejm-dns

1689 4916 1938 4969 Bahraini
1974 4914 2133 4974 filius,
2157 4911 2218 4963 Al
2247 4911 2462 4963 Aitham
2488 4911 2924 4979 cognominatus,
2957 4911 3006 4960 in
3032 4909 3246 4969 Persas,

1689 5021 1862 5059 annos
1893 5002 2098 5072 viginti.
2125 5000 2294 5054 Porro
2320 4999 2646 5064 Theophilus
2678 4998 2980 5066 patriarcha
3022 4997 3253 5049 Alexan-

1689 5099 1874 5152 drintts
1903 5095 2182 5148 eet-lesiam
2231 5107 2476 5162 magnam
2508 5091 2849 5145 Alexandria:
2894 5091 3114 5154 struxit,
3152 5091 3250 5142 Ar-

1689 5191 1825 5243 cadii
1888 5187 2248 5240 Romanorum
2315 5181 2658 5250 imperatoris
2718 5181 2922 5233 nomini
2989 5180 3248 5232 dicatam.

1690 5281 1937 5346 Obiitque
1970 5276 2229 5328 Arcadius
2266 5274 2632 5326 Romanorum
2659 5287 2758 5354 rex
2781 5286 2904 5323 cum
2951 5270 3242 5338 imperium

1692 5386 1862 5424 annos
1893 5370 2145 5423 tredecim
2183 5374 2541 5434 occupasset;
2593 5373 2852 5424 recitante
2909 5375 3027 5432 post
3074 5364 3247 5428 ipsum

1693 5464 1801 5515 lilio
1831 5461 1998 5529 ipsius
2029 5457 2353 5520 TncodoSio,
2387 5459 2478 5526 qui
2502 5455 3034 5522 Tltcodosiusjunior
3060 5456 3243 5521 δρψ-Ι-

1693 5556 1834 5608 latus
1864 5561 1966 5614 est,
2014 5552 2066 5603 in
2113 5548 2410 5620 Romanos,
2470 5562 2640 5600 annos
2681 5545 3038 5614 quadraginta
3087 5545 3247 5609 duos,

1694 5645 1856 5712 idque
1891 5658 2029 5696 anno
2057 5640 2377 5706 Yazdcjerdi
2423 5637 2673 5696 llahratni
2695 5637 2791 5692 lilii
2831 5634 3116 5693 Persarum
3161 5649 3246 5689 rc-
