3950 6348
699 335 826 399 1031

1710 323 2075 389 EU'rvcnlt
2123 314 2658 376 ALEXANDlllNl
2703 318 2918 378 PA'l‘lt.
3741 311 3824 370 ια’ᾰὲ

680 453 763 520 gis
804 446 1112 502 utniecimo.
1154 444 1310 497 Auno
1347 440 1558 511 imperii
1588 441 1760 510 ipsius
1795 452 1938 492 nono
1967 432 2256 488 invadeute
2281 430 2328 487 Α
2361 438 2537 492 neret,
2574 439 2736 496 atque
2765 439 2823 482 ut
2859 428 2922 481 ad
2957 429 3234 480 veritatem
3265 423 3395 492 5-7
3434 419 3632 474 rediret
3659 421 3829 473 hortm-

680 541 856 610 ipsum
908 534 1243 604 Yazdejerdo
1284 533 1535 587 Bahratni
1589 534 1697 586 lilio
1742 531 1937 584 bellum
1987 527 2128 578 inter
2152 535 2247 574 eos

681 624 842 698 grave
885 629 1239 683 commissum
1286 633 1388 688 est,
1437 637 1753 694 magnasque
1809 628 2022 686 strages
2067 614 2244 679 edit-.e,

680 720 812 774 adeo
857 728 915 773 ut
966 718 1178 786 utrique
1201 717 1428 786 ,taudem
1487 716 1618 767 alter
1656 712 1725 766 ab
1752 712 1925 764 altero
1963 709 2018 761 in
2066 706 2246 771 fugam

681 801 1049 866 verterentur.
1078 809 1237 863 Auno
1283 806 1494 875 imperii
1545 804 1786 872 ejusdem
1831 800 2047 854 decimo
2085 794 2247 848 tertio

682 899 1034 971 5:39-55],
1063 902 1392 954 constitutus
1428 905 1510 950 est
1529 893 1778 948 Zosimus
1801 887 2111 961 patriarcha
2137 883 2248 935 Ro-

683 1009 897 1057 nzanus,
931 995 1022 1060 qui
1054 1006 1176 1044 cum
1210 1003 1410 1044 annum
1437 1002 1602 1041 unum
1634 984 1860 1040 sedisset
1884 988 2123 1033 mortuus
2143 985 2248 1037 cst,

683 1087 745 1135 ad
799 1097 918 1135 eam
955 1081 1272 1150 dignitatem
1331 1089 1450 1147 post
1498 1080 1676 1144 ipsum
1720 1082 1909 1127 evecto
1950 1065 2248 1126 Bonifacio,

681 1176 772 1242 qui
805 1185 916 1227 tres
961 1185 1135 1225 annos
1176 1171 1338 1232 sedit,
1373 1169 1500 1221 dein
1533 1176 1779 1220 mortuus
1815 1175 1920 1217 est.
1948 1159 2251 1226 Factusque

681 1276 758 1314 θδι
817 1272 936 1334 post
982 1263 1156 1332 ipsmn
1202 1261 1506 1331 patriarcha
1554 1257 1750 1310 ibidem
1800 1252 2125 1314 Celestinus,
2157 1247 2250 1318 qui

683 1371 856 1409 annos
883 1354 1071 1408 decent
1120 1353 1280 1416 sedit,
1312 1351 1434 1404 dein
1471 1355 1721 1401 mortuus
1747 1352 1852 1399 est.
1897 1341 2030 1410 Ejus
2065 1337 2259 1419 parte:

683 1456 851 1499 ctnrae
887 1459 1030 1498 anno
1072 1443 1262 1512 quinto
1301 1439 1402 1493 fuit
1455 1438 1745 1493 ceneilium
1792 1433 2012 1488 tertium
2060 1437 2251 1484 contra

681 1535 1008 1598 Nestorium,
1043 1532 1258 1602 Ephesi.
1281 1531 1438 1583 Auno
1462 1527 1670 1596 imperii
1699 1523 1963 1594 ejusdem,
2005 1520 2254 1574 videlicet

681 1624 974 1678 Theodosii
1015 1623 1280 1685 Junioris,
1326 1619 1522 1689 primo,
1553 1615 1881 1670 constitutus
1908 1626 1990 1667 est
2019 1609 2252 1681 Cyrillus

683 1717 984 1786 patriarcha
1043 1712 1469 1773 Alexandrinus;
1498 1721 1673 1761 annos
1699 1705 1921 1774 triginta
1953 1713 2064 1756 tres
2087 1702 2249 1765 sedit,

682 1810 807 1863 dein
866 1818 1114 1860 mortuus
1143 1813 1247 1858 est.
1320 1803 1479 1855 Auno
1519 1796 1849 1869 prafecturze
1892 1795 2062 1863 ipsius
2106 1793 2250 1846 vice-
2288 1774 2328 1830 Β
2358 1798 2541 1852 forsan
2593 1797 2768 1852 redire
2798 1798 2990 1860 vellet;
3028 1798 3112 1850 sin
3152 1797 3354 1856 miims,
3399 1809 3458 1848 se
3499 1794 3573 1846 ab
3602 1808 3666 1847 eo
3708 1794 3857 1845 subdu-

679 1903 819 1954 simo
862 1901 1062 1968 primo,
1119 1898 1455 1950 celebratum
1512 1901 1595 1945 est
1638 1885 1949 1953 ,eoncilium
2004 1883 2248 1943 tertium,

681 1998 870 2047 contra
941 1986 1280 2042 Nestorium.
1341 1984 1498 2036 Anno
1565 1981 1726 2034 etiam
1795 1977 1969 2047 primo
2042 1971 2252 2042 imperii

682 2081 974 2138 Theodosii
1015 2077 1258 2132 Junioris
1287 2075 1624 2130 constitutus
1665 2079 1748 2126 est
1801 2067 2104 2122 Alexander
2158 2080 2250 2132 pa.

682 2175 916 2228 triarcha
944 2173 1339 2230 Antioeheuus,
1393 2167 1485 2236 qui
1525 2181 1649 2218 cum
1699 2163 1854 2216 annis
1887 2169 2119 2228 quatuor
2160 2172 2252 2209 se-

681 2269 872 2327 disset.
908 2274 1153 2319 mortuus
1196 2269 1300 2315 est.
1339 2257 1467 2313 Post
1522 2271 1680 2326 quem
1713 2258 1888 2309 factus
1922 2262 2006 2307 est
2053 2251 2249 2304 ihidem

683 2354 986 2424 patriarcha
1042 2351 1342 2404 Barodotus
1393 2347 1752 2418 (Theodotus)
1803 2342 1895 2413 qui
1945 2358 2036 2396 sex
2081 2355 2252 2395 annos

683 2451 845 2513 sedit,
880 2448 1004 2501 dein
1031 2455 1277 2499 mortuus
1311 2453 1414 2496 est.
1447 2442 1574 2496 Post
1603 2440 1778 2508 ipsum
1804 2436 2109 2504 patriarcha
2141 2435 2254 2484 An-

682 2543 899 2598 tiochiae
932 2540 1222 2611 pra-fectus
1243 2535 1505 2600 Joannes,
1538 2529 1926 2602 septemdecim
1968 2542 2140 2581 annos
2161 2541 2250 2580 se.

682 2637 779 2700 dit,
814 2635 937 2689 dein
971 2642 1218 2688 mortuus
1245 2638 1351 2685 est.
1382 2631 1540 2682 Anno
1567 2625 1916 2695 episcopatus
1938 2620 2058 2686 ejus
2084 2619 2252 2672 unde-

681 2730 824 2782 cimo
880 2725 982 2780 fuit
1051 2723 1341 2780 concilium
1401 2718 1617 2772 tertium
1671 2727 1856 2770 contra
1920 2711 2248 2771 Nestorium.

682 2820 839 2872 Auno
867 2816 1092 2885 septimo
1119 2813 1328 2880 imperii
1366 2807 1658 2864 Theodosii
1694 2805 1938 2860 Junioris
1968 2804 2240 2857 constitu-

689 2922 774 2962 tus
805 2920 887 2962 eSt
930 2905 1150 2959 Flavius
1198 2903 1503 2972 patriarcha
1556 2897 2097 2966 Hierosolymitanus,
2153 2894 2245 2964 qui

686 3015 858 3053 annos
898 2999 1126 3067 triginta
1157 3004 1281 3050 octo
1304 2993 1462 3058 sedit,
1501 2990 1623 3046 dein
1671 2998 1919 3043 mortuus
1953 2997 2058 3042 est.
2095 2987 2252 3038 Anno

2355 524 2464 576 tur.
2501 520 2730 587 Scripsit
2762 535 2889 587 ergo
2920 518 3153 572 Joannes
3188 513 3494 584 patriarcha
3534 509 3827 562 Antiochenus

2353 613 2418 665 ad
2451 610 2784 676 Nestorium,
2819 627 2898 672 se,
2945 610 3049 663 nisi
3095 609 3161 661 ad
3204 606 3486 658 veritatem
3533 603 3834 660 rediret.con-

2353 714 2654 763 venturos,
2725 701 2935 770 ipsique
3002 697 3406 753 maledicturos.
3473 693 3833 747 Intercesscrunt

2355 794 2520 848 etiam
2571 796 2713 848 inter
2758 810 2852 848 eos
2898 793 3139 861 epistola:
3191 805 3295 842 non
3350 800 3536 855 pauca:
3573 801 3589 849 ;
3627 782 3838 837 Nestorlus

2356 901 2482 939 vero
2510 902 2538 937 a
2571 885 2836 940 sententia
2864 899 2962 938 sua
2993 883 3420 952 haudquaquam.
3453 879 3693 948 recessit,
3717 878 3785 930 sed
3811 895 3840 927 lli

2357 991 2542 1031 errore
2580 993 2700 1039 suo,
2732 981 3080 1045 cmeitateque
3110 991 3172 1028 ac
3201 975 3475 1042 opinionis
3501 973 3741 1041 pravitate
3767 985 3844 1036 ρςτ-

2357 1070 2580 1122 mansit.
2612 1068 2850 1122 Joannes
2873 1083 3001 1135 ergo
3033 1067 3335 1136 patriarcha
3377 1065 3731 1118 Antiochenus
3758 1064 3845 1114 scr;-

2351 1151 2464 1228 ptis
2497 1161 2562 1215 ad
2613 1161 2873 1230 Cyrillum
2928 1157 3358 1212 Alexandrinum
3397 1156 3600 1207 litteris
3629 1156 3847 1208 certiore-ii

2358 1254 2536 1321 ipsum
2569 1250 2699 1306 fecit
2741 1250 3045 1304 Nestorium
3075 1250 3131 1304 itt
3175 1249 3458 1304 sententia:
3505 1262 3620 1301 suae
3655 1248 3850 1314 pravitate

2344 1357 2728 1411 perseverare.
2764 1342 2994 1410 Scripsit
3021 1341 3180 1411 igitur
3207 1338 3441 1410 Cyrillus
3475 1338 3539 1389 ad
3567 1336 3856 1390 Caelestinum

2360 1434 2721 1502 patriareham
2749 1433 3073 1494 Romanum,
3098 1441 3150 1486 et
3185 1431 3252 1485 ad
3287 1427 3648 1484 Bu-Flavium
3678 1428 3855 1494 patriar-

2359 1526 2519 1578 eham
2555 1524 3130 1594 llierosolymitanum,
3175 1535 3274 1576 nec
3306 1536 3413 1574 non
3449 1519 3713 1572 Joannem
3739 1518 3859 1585 patri-

2360 1617 2579 1670 archam
2607 1617 3024 1677 Antiochenam.
3051 1629 3254 1685 rogans
3279 1626 3338 1666 ut
3366 1614 3418 1667 in
3452 1613 3590 1667 urbe
3621 1609 3802 1678 Epheso
3818 1610 3857 1659 ad

2359 1709 2754 1776 dispiciendum
2787 1710 2854 1762 de
2887 1706 3152 1762 sententia
3187 1705 3424 1760 Nestorii
3462 1704 3814 1759 convenirent.
3835 1719 3859 1752 si

2354 1897 2557 1951 centes,
2599 1889 2702 1957 ipsi
2754 1888 3176 1949 maledicerent,
3230 1897 3393 1955 atque
3446 1885 3570 1939 loco
3621 1895 3858 1938 moverent.

2351 1978 2734 2033 Convenerunt
2762 1993 2890 2050 ergo
2912 1978 2965 2032 itt
3000 1979 3131 2031 urhe
3159 1977 3370 2046 Epheso
3405 1976 3653 2046 episcopi
3677 1974 3860 2029 ducenti.

2351 2068 2578 2123 Concilii
2607 2068 2866 2137 prasides
2887 2077 3044 2122 erant
3069 2065 3306 2136 Cyrillus
3337 2064 3656 2134 patriarcha
3690 2063 3860 2115 Alexan-

2350 2159 2565 2221 tlriuus,
2613 2158 2935 2213 Caelestinus
2994 2158 3298 2227 patriarcha
3354 2155 3676 2219 Ruinanus,
3721 2166 3767 2209 et
3807 2154 3866 2205 Bu~

2360 2251 2577 2306 Flavius
2601 2251 2912 2320 patriarcha
2941 2251 3483 2321 llterosolymitanus.
3509 2246 3760 2300 Promisit
3777 2248 3865 2315 ipsis

2351 2344 2587 2397 Joannes
2623 2359 2682 2398 se
2712 2341 3050 2409 adfuturum,
3084 2350 3140 2395 at
3168 2353 3293 2395 cunt
3328 2355 3540 2394 moram
3571 2341 3781 2394 trahens
3800 2353 3866 2390 non

2357 2438 2604 2501 veniret,
2644 2438 2787 2491 haud
2829 2421 3054 2492 ulterius
3103 2438 3279 2506 ipsum
3311 2445 3647 2505 exspectans
3691 2431 3867 2504 Cyrillus

2354 2529 2666 2598 patriarcha
2713 2528 3134 2594 Alexandrinus,
3168 2528 3503 2591 convocatis,
3534 2527 3635 2596 qui
3681 2525 3870 2586 aderam,

2352 2619 2653 2692 episcopis,
2687 2619 2755 2673 ad
2802 2616 3111 2674 Nestorium
3160 2617 3308 2672 misit
3340 2627 3400 2671 ut
3439 2632 3500 2670 se
3536 2632 3647 2670 una
3686 2617 3869 2670 sisteret.

2352 2713 2445 2784 qui
2495 2711 2698 2782 Ephesi
2746 2720 2877 2765 tunc
2927 2718 3062 2764 erat.
3118 2709 3398 2765 Renuente
3446 2718 3639 2762 autem
3678 2704 3875 2760 Ncsioua

2351 2806 2635 2870 accedere,
2653 2818 2778 2858 cum
2801 2813 2883 2859 ter
2910 2805 2976 2858 ad
3005 2805 3179 2873 ipsutn
3208 2802 3268 2872 8
3294 2800 3564 2862 misisset,
3591 2815 3694 2854 nec
3715 2799 3794 2852 ille
3823 2806 3875 2848 u-

2355 2913 2478 2950 tnen
2508 2897 2740 2961 veniret,
2773 2895 3102 2950 sententiam
3141 2893 3312 2963 ipsius
3342 2891 3409 2946 ad
3439 2905 3679 2946 examen
3713 2902 3881 2943 revoca-

2358 2999 2507 3052 runt,
2552 2990 2841 3058 ipsumque
2893 2987 3272 3043 maledictione
3322 2985 3559 3057 dignum
3599 2984 3880 3056 iudicantes,

685 3092 1016 3161 praefecturae
1042 3089 1160 3157 ejus
1193 3087 1406 3174 decimo
1439 3090 1638 3153 quarto
1679 3080 1781 3134 fuit
1803 3079 2093 3133 concilium
2133 3086 2247 3130 ter-
2280 3115 2324 3174 C
2361 3081 2704 3137 anathemate
2733 3082 3086 3145 ἀενονει-υηι,
3117 3095 3182 3135 π
3204 3079 3322 3134 loco
3358 3087 3682 3143 montum.
3713 3085 3882 3133 διειυε.

627 3167 631 3171 ’
686 3185 820 3238 tium
849 3193 1037 3236 contra
1083 3167 1425 3235 Nestorium;
1454 3187 1668 3228 necnon
1721 3183 1866 3223 anno
1911 3167 2248 3237 praefecturae

683 3274 928 3344 ejusdem
950 3271 1231 3327 tricesimo
1251 3268 1481 3337 septimo
1503 3263 1791 3320 concilium
1815 3268 2068 3329 quartqu
2088 3256 2252 3313 Chal-

685 3366 894 3422 cedone
923 3376 1113 3418 contra
1140 3363 1482 3416 Dioscorum.
1735 3344 1741 3357 ’

759 3454 892 3527 1-4
926 3456 944 3474 ‘
986 3457 1144 3508 Anno
1194 3451 1488 3515 Theodosii
1539 3447 1785 3503 Jnuioris
1812 3446 2033 3502 decimo
2060 3451 2256 3512 quarto

688 3550 1025 3604 constitutus
1051 3555 1140 3601 est
1174 3544 1413 3598 Sisinius
1445 3541 1754 3610 patriarcha
1787 3537 2252 3604 Constantinopo-

687 3645 912 3706 litauns,
960 3639 1052 3708 qui
1098 3649 1209 3691 tres
1244 3651 1417 3689 annos
1459 3635 1620 3698 sedit,
1664 3633 1788 3686 dein
1830 3638 2082 3692 mortuus
2111 3637 2196 3681 est
2235 3643 2250 3680 :

692 3735 898 3802 fuitque
933 3741 1056 3801 post
1082 3731 1261 3799 ipsunt
1299 3725 1607 3794 patriarcha
1637 3719 2108 3787 ConstantinOpoli
2145 3716 2250 3771 Ne-

691 3827 916 3889 storius,
948 3823 1041 3894 qui
1084 3838 1208 3877 cuttt
1250 3831 1483 3888 quatuor
1515 3817 1673 3869 annis
1707 3830 1770 3867 ac
1804 3812 2021 3866 duobus
2054 3808 2253 3863 mensi-

695 3920 795 3972 bus
830 3918 1081 3973 sedisset.
1117 3914 1458 3967 anathemate
1485 3910 1712 3962 devotus
1744 3919 1805 3957 ac
1839 3905 1955 3957 loco
1978 3903 2254 3956 abdicatus

693 4017 796 4063 est.
825 4010 1120 4060 Asscreliat
1141 4002 1408 4072 siquidem
1435 3998 1714 4053 Nestorius
1739 3997 1962 4050 Mariam
1987 3995 2252 4062 virginem

693 4116 877 4156 rein-ra
914 4099 1194 4167 Deiparam
1227 4110 1333 4147 non
1368 4093 1536 4145 fuisse
1567 4107 1580 4153 ;
1607 4105 1728 4144 esse
1759 4090 1895 4143 duos
1925 4087 2086 4146 filios,
2119 4100 2256 4152 quo-

696 4207 815 4247 runt
847 4192 984 4246 alter
1014 4191 1084 4242 sit
1115 4190 1278 4246 Deus,
1307 4200 1538 4252 eumque
1569 4197 1596 4233 a
1633 4183 1793 4235 Patre
1825 4179 2088 4248 genitum,
2121 4176 2255 4227 alter

694 4293 872 4337 autem
904 4283 1090 4343 homo,
1121 4279 1210 4347 qui
1243 4293 1272 4329 a
1304 4277 1468 4331 Maria
1504 4285 1664 4328 natus
1699 4276 1796 4326 fuit
1835 4290 1848 4326 :
1880 4282 2045 4340 atque
2084 4267 2255 4321 homi-

695 4391 815 4428 nem
844 4375 1008 4427 istum
1038 4372 1130 4439 qui
1167 4385 1224 4423 se
1251 4367 1527 4423 Christum
1561 4365 1778 4426 dixerit,
1811 4377 1995 4415 amore
2038 4363 2251 4414 unitum

693 4479 814 4518 esse
855 4477 979 4516 cum
1027 4461 1158 4522 ﬁlio,
1208 4459 1486 4524 Deumque
1523 4454 1785 4522 appellari
1819 4463 1871 4506 et
1906 4452 2097 4504 Filium
2137 4448 2251 4514 Dei,

698 4570 805 4608 non
841 4568 1050 4614 revera,
1095 4548 1187 4604 sed
1236 4563 1328 4615 per
1377 4551 1810 4607 concessionem,
1863 4552 1915 4595 et
1971 4541 2250 4595 nominum
2288 4549 2329 4602 ι)
2367 4537 2532 4589 cavit.
2560 4536 2696 4592 Cum
2724 4552 2851 4605 ergo
2882 4538 3128 4592 viderent
3157 4540 3288 4594 socii
3317 4539 3507 4609 Cyriili
3540 4541 3879 4596 absurditatea

696 4645 1154 4705 communionem,
1206 4651 1260 4693 et
1307 4640 1529 4695 honoris
1578 4652 1765 4697 causa,
1826 4635 1967 4688 sicut
2016 4647 2155 4685 unus
2186 4648 2249 4684 ex

696 4736 995 4805 prophetis.
1025 4733 1154 4797 Qua:
1183 4730 1413 4785 Nestorii
1445 4730 1712 4784 sententia
1744 4742 1866 4780 cum
1898 4725 1964 4778 ad
1994 4724 2252 4792 Cyrillum

697 4826 1056 4895 patriarcham
1107 4821 1526 4877 Alexandrinum
1579 4819 1927 4888 pervenisset,
1984 4817 2096 4883 ipse
2134 4828 2252 4866 eam

699 4919 1009 4985 improbans
1057 4917 1122 4969 ad
1169 4930 1292 4968 eum
1340 4917 1552 4967 litteras
1583 4911 1820 4980 scripsit,
1855 4910 1904 4961 iu
1943 4909 2140 4976 quibus
2176 4905 2256 4959 fa-

695 5020 838 5060 rtum
880 5008 994 5075 ejus
1026 5017 1079 5058 ut
1128 5013 1283 5070 turpe
1319 5002 1610 5064 ittCttSavit,
1647 5015 1709 5052 ac
1742 4999 2061 5064 seuteptiatn
2092 5011 2249 5048 coar-

696 5105 811 5168 3uit
863 5099 1073 5164 ipsique
1111 5099 1207 5148 vim
1241 5110 1352 5147 suae
1398 5093 1804 5162 perversitaletn
1856 5090 2111 5151 ostendit,
2165 5104 2251 5141 ro-

694 5208 826 5257 gans
863 5201 916 5240 ut
955 5191 1018 5241 ad
1051 5196 1327 5239 veritatem
1373 5186 1591 5238 rediret.
1623 5183 1866 5244 Cumque
1899 5182 2076 5234 multa:
2112 5183 2251 5232 inter

695 5286 843 5352 ipsos
893 5283 1082 5333 litterae
1139 5282 1584 5338 intercesserant,
1633 5291 1728 5327 nec
1777 5290 1802 5324 a
1847 5272 2113 5325 sententia
2151 5285 2249 5323 sua

695 5381 1059 5426 reverti-retur
1091 5368 1391 5429 Nestor-ius,
1423 5367 1643 5432 scripsit
1676 5365 1913 5432 Cyr-illus
1945 5361 2250 5428 patriarcha

695 5463 1035 5519 Alexandria:
1067 5463 1130 5511 ad
1158 5457 1418 5511 Joannem
1451 5456 1808 5522 patriarchatn
1833 5453 2251 5512 Autiochenum,

697 5553 872 5618 ipsum
904 5553 1064 5602 etiam
1103 5552 1300 5615 rogans
1343 5555 1400 5598 ut
1433 5544 1628 5597 litteris
1662 5543 1726 5594 ad
1763 5541 2072 5593 Nestorium
2113 5539 2253 5592 datis

700 5642 849 5697 illum
884 5639 1170 5694 sententia:
1206 5651 1317 5690 sine
1371 5633 1633 5688 fmditatis
1663 5642 1716 5685 et
1765 5629 2117 5686 absurditatis
2145 5645 2257 5684 mo-

765 5757 835 5824 (a)
867 5753 958 5806 ilic
981 5755 1030 5805 in
1055 5751 1272 5804 editione
1297 5752 1570 5805 Oxoniensi
1592 5749 1764 5810 incipit
1786 5756 1945 5800 tomus
1973 5748 2116 5799 alter.

2347 5267 2652 5336 peperisse,
2687 5267 2778 5333 qui
2815 5265 3056 5328 ejusdem
3097 5275 3180 5318 est
3212 5278 3333 5317 cum
3365 5263 3526 5319 Patre
3557 5281 3664 5318 suo
3699 5273 3869 5317 natura;

2362 3185 2596 3245 runtque
2639 3174 2862 3229 Mariam
2913 3174 3176 3244 virginem
3211 3174 3303 3228 Dei
3338 3171 3570 3226 Matrem
3604 3184 3745 3230 esse,
3771 3166 3883 3222 Chri-

2357 3273 2613 3334 stumque
2641 3264 2810 3318 Deum
2841 3279 3024 3321 verum
3053 3274 3216 3333 atque
3241 3263 3516 3318 hominem
3556 3261 3771 3315 duabus
3796 3272 3884 3311 con-

2355 3364 2592 3412 stantem
2643 3358 2895 3422 naturis,
2955 3365 3011 3411 at
3060 3371 3293 3426 persona
3355 3369 3528 3409 unum
3588 3369 3737 3415 esse,
3780 3347 3880 3418 quod

2355 3446 2630 3501 diversum
2662 3455 2744 3501 est
2773 3445 2842 3500 ab
2886 3461 3092 3502 amore.
3135 3446 3421 3502 Nestorius
3452 3445 3609 3500 enim
3654 3442 3883 3499 asserebat

2357 3537 2619 3592 unitatem
2676 3552 2795 3592 esse
2847 3537 3080 3590 duarmn
3133 3551 3493 3606 personarum
3558 3546 3879 3591 consensum;

2354 3643 2478 3684 cum
2527 3627 2709 3684 unitas
2763 3642 2889 3683 vera
2945 3629 3014 3683 sit
3053 3640 3110 3682 ut
3163 3630 3233 3684 sit
3275 3644 3510 3698 persona
3557 3644 3674 3684 una
3723 3625 3882 3682 duabus

2356 3724 2570 3780 naturis
2619 3721 2951 3796 [constans].
2984 3724 3126 3778 Cum.
3150 3733 3328 3779 autem
3369 3724 3480 3793 jam
3525 3723 3782 3780 Nestorio
3809 3736 3909 3774 nun

2357 3814 2695 3878 ledixissent,
2742 3815 2973 3870 accessit
3001 3813 3239 3870 Joannes
3273 3816 3591 3884 patriarcha
3637 3811 3909 3884 Antioche-l

2357 3922 2479 3968 nus,
2510 3908 2601 3974 qui
2631 3921 2754 3961 eum
2783 3907 2894 3974 jam
2925 3907 3045 3960 illos
3067 3915 3190 3960 ante
3220 3905 3513 3960 adventum
3551 3922 3718 3961 suum
3745 3905 3883 3959 Nesto-

2356 3998 2438 4050 rio
2505 3994 2848 4050 maledisisse
2917 3998 3307 4064 comperisset,
3375 3995 3456 4049 ira
3530 4006 3880 4052 commotus:

2354 4085 2584 4155 lnjuria,
2653 4087 2858 4153 inquit,
2925 4087 3238 4142 Nestorium
3294 4085 3594 4155 effecistis,
3646 4091 3885 4160 ipsumque

2357 4176 2831 4233 maledictionibus
2870 4178 3143 4232 immerito
3191 4179 3514 4235 devovistis.
3568 4181 3884 4243 Nestorisque

2356 4280 2416 4319 se
2446 4263 2766 4334 adjuugens.
2797 4269 3117 4349 convocatis
3151 4270 3243 4338 qui
3289 4283 3412 4323 eum
3448 4271 3574 4338 ipso
3614 4281 3770 4327 erant
3805 4273 3886 4337 rpi-

2358 4355 2561 4422 scopis,
2613 4353 2873 4424 Cyrillum
2929 4344 3293 4426 patriarcbam
3340 4349 3882 4424 Alexandrinumma’

2361 4459 2466 4497 non
2500 4444 2774 4498 Simonem
2804 4447 3117 4516 episcopum
3155 4448 3510 4516 Ephesinum,
3549 4423 3879 4506 excotumuné-

2359 4630 2546 4682 eorum
2564 4645 2683 4698 qua:
2704 4627 3200 4698 patravitiJaannes,
3216 4638 3336 4684 Orto
3365 4631 3520 4684 inter
3535 4633 3691 4701 ipsos
3709 4633 3850 4686 (lissi-.9
3865 4646 3884 4679 ρ

2362 4719 2572 4788 Epheso
2605 4719 2992 4774 discesserunt.
3026 4720 3281 4790 Factique
3313 4733 3439 4776 sunt
3461 4725 3604 4778 socii
3641 4723 3880 4792 Cyrilli.u

2359 4813 2661 4866 Orientales
2677 4822 2855 4881 partes
2869 4816 3009 4876 duae,
3032 4813 3172 4866 inter
3184 4828 3319 4881 quas
3337 4815 3766 4871 intercesserunt
3781 4816 3880 4868 τίει.

2433 4907 2496 4957 At
2532 4921 2638 4957 non
2673 4904 2882 4958 destitit
2922 4903 3263 4958 Theodosius
3295 4921 3386 4957 rex
3425 4904 3603 4960 donec
3639 4910 3776 4960 inter
3795 4907 3874 4956 illa:

2361 4993 2546 5065 pacem
2580 4997 2915 5051 conciliaret.
2953 4996 3303 5062 Scripserunt
3325 5010 3456 5063 ergo
3489 4999 3797 5052 tirientales
3835 4999 3874 5043 Ξε-

2359 5083 2553 5137 hellum
2583 5083 2635 5136 in
2673 5097 2780 5151 quo
2802 5082 3112 5150 asserebant
3143 5091 3386 5134 sanctam
3407 5082 3634 5137 Mariam
3657 5084 3872 5151 Virginia:

2361 5177 2521 5228 Deum
2547 5185 2600 5228 et
2623 5174 2902 5227 Dominum
2932 5183 3176 5227 nostrum
3199 5173 3382 5228 Jesum
3406 5174 3602 5244 9-11
3644 5176 3874 5230 Christum

2359 5359 2715 5426 ejusdemque
2770 5371 2892 5409 cum
2947 5355 3257 5408 hominibus
3297 5356 3477 5422 quoad
3532 5356 3872 5408 bumanitatm

2362 5456 2602 5505 natura»;
2637 5447 2772 5497 duas
2811 5445 2971 5497 etiam
3017 5453 3240 5495 naturas
3270 5442 3512 5495 confessi
3559 5451 3711 5505 sistit,
3741 5452 3785 5491 et
3809 5441 3872 5500 hy-

2363 5537 2602 5605 postasiu
2649 5550 2831 5598 uuam,
2871 5549 3140 5600 unamque
3185 5546 3500 5600 personant,
3547 5542 3599 5584 et
3635 5530 3869 5584 anatinam

2363 5634 2416 5684 in
2462 5624 2780 5682 Nestorium
2831 5622 3242 5678 denuntiarunt.
3277 5622 3526 5691 Eumque
3555 5620 3782 5674 libellam
3808 5624 3872 5682 [ἐν
