3950 6348
582 363 721 433 1085

1594 343 1958 407 Ειγιγωιιιι
1993 337 2522 398 ΜΕΧΛΝΙᾺἨΝΙ
2563 336 2760 395 PATR

3658 317 3753 381 ωδ

581 497 722 542 tum,
759 490 866 544 qua
929 471 1192 526 Aiternus
1246 465 1434 520 nnitus
1497 461 1664 514 fuerit
1715 456 1919 510 homini
1973 468 2032 507 se
2081 466 2147 504 ex
2179 456 2303 509 Aet
2339 450 2658 503 conﬁrmata
2712 447 2913 500 veritas
2958 444 3077 513 ejus
3119 439 3260 510 quod
3307 434 3628 508 proﬁtentur
3664 426 3753 483 Mrt-

2519 539 2569 544 -.-
2685 538 2731 544 --
2800 537 2812 544 .
3099 533 3112 544 ο
3232 530 3268 544 ,ι
3381 543 3387 544 ,
3451 537 3490 544 _.
3524 520 3748 544 I‘I--2-a..__.

583 577 730 642 parte
761 573 967 620 tantum
1001 561 1092 642 ita
1148 556 1390 612 habenti.
1476 551 1648 605 llomo
1693 547 1838 601 enim
1877 560 1942 598 ex
1995 551 2144 611 parte

582 662 660 716 sic
689 672 747 714 se
788 636 1147 708 habens'talis
1176 646 1280 700 fuit
1309 658 1434 697 eum
1475 642 1645 693 forma
1680 638 1919 690 humana
1957 630 2150 684 indue-

584 764 764 814 retur;
800 746 941 798 unde
975 733 1201 796 necesse
1228 747 1312 791 est
1335 732 1443 788 illis
1474 739 1534 784 ut
1565 731 1851 782 autument
1890 720 2148 776 divinita-

590 853 697 896 tem
738 842 933 898 solum,
975 847 1098 885 cmn
1128 824 1470 882 humanitate
1496 819 1667 873 luisse
1697 828 1892 869 novem
1934 821 2151 863 menses

585 943 680 989 aut
713 930 934 986 circiter
965 925 1034 978 ab
1061 921 1221 976 initio
1248 910 1644 984 conceptionis,
1671 921 1778 961 una
1810 917 1935 958 cum
1961 901 2151 955 eadem

587 1034 816 1078 manens
855 1020 910 1070 in
956 1015 1077 1068 loco
1111 1023 1219 1080 quo
1250 1005 1453 1077 gestari
1503 999 1643 1054 solet
1685 995 1919 1056 infans;
1957 985 2156 1043 deinde

588 1119 749 1175 simul
785 1123 937 1168 natas
973 1078 1144 1161 fuisse
1171 1121 1188 1170 ;
1220 1099 1364 1170 quod
1397 1090 1728 1166 contradicit
1775 1085 1853 1139 illi
1892 1081 2039 1153 quod
2075 1078 2160 1133 di-

589 1220 739 1272 cunt,
783 1204 1006 1260 Mariam
1037 1197 1315 1268 peperisse
1343 1190 1630 1245 Christum
1673 1196 1738 1235 ex
1785 1186 1940 1244 parte
1969 1175 2161 1227 huma-

593 1280 803 1355 ttitatis‘
835 1309 967 1356 suae,
1030 1302 1138 1343 nou
1197 1300 1264 1339 ex
1312 1289 1466 1352 parte
1522 1271 1826 1347 divinitatis
1870 1279 2003 1321 suae.
2065 1261 2161 1314 Sin

593 1387 847 1447 dixerint,
901 1380 1108 1436 unitam
1157 1375 1328 1428 fuisse
1370 1381 1496 1424 cum
1536 1379 1603 1439 eo
1644 1369 1933 1431 postquam
1969 1363 2165 1406 conce-

595 1490 721 1552 ptus
753 1483 895 1533 esset
936 1487 1000 1525 ac
1051 1470 1222 1523 lorma
1267 1462 1376 1532 20
1422 1456 1666 1530 perlecta
1706 1451 1972 1509 indutus;
2008 1456 2166 1508 rege-

600 1585 786 1628 reuttts
811 1568 945 1638 ipsis
971 1583 990 1642 ί
1024 1561 1164 1614 Τιιιιι
1196 1560 1337 1612 Deus
1366 1556 1419 1606 itt
1461 1560 1618 1606 utero
1652 1550 1898 1617 gestatus
1928 1544 2012 1591 est
2043 1542 2168 1588 ante

601 1673 815 1735 partum
836 1633 862 1724 ’ς
905 1633 1049 1727 quod
1103 1652 1150 1706 si
1204 1643 1428 1702 concedi
1478 1639 1654 1710 possit
1688 1641 1854 1688 'ntcro
1897 1633 2170 1699 gestatum

1739 1727 1750 1735 .
2115 1712 2170 1735 ρ,

603 1712 801 1814 ltuisse,
859 1712 1085 1820 concedi
1135 1741 1298 1796 etiam
1348 1741 1554 1807 potest,
1602 1727 1754 1784 nasci
1807 1720 2069 1793 potuisse.
2115 1712 2174 1768 Si

603 1818 1146 1901 dixerintunionem
1193 1831 1394 1884 factam
1442 1834 1688 1900 tempore
1730 1811 2057 1872 nativitatis,

549 1971 554 1976 -
607 1939 781 1992 cimus
812 1949 826 1984 :
867 1928 1004 1982 Tum
1041 1937 1170 1993 ergo
1197 1918 1408 1991 peperit
1445 1914 1613 1970 Maria
1642 1907 1878 1963 Verbum
1900 1913 2020 1962 una
2049 1910 2174 1949 cum

609 2024 866 2085 homine;
901 1980 1138 2071 Verbum
1185 1980 1364 2064 autem
1407 2012 1521 2057 tum
1556 1997 1699 2068 apud
1748 2007 1851 2048 nos
1880 1999 1995 2044 tum
2033 1980 2178 2052 apud

741 2076 880 2167 Deus
915 2116 1019 2164 est.
1062 2102 1275 2171 Peperit
1306 2110 1436 2166 ergo
1473 2092 1639 2147 Maria
1693 2086 1883 2140 Deum.
1929 2079 1988 2172 Si
2026 2076 2182 2132 dixe-

611 2211 742 2270 rint,
797 2204 872 2255 lia
929 2209 1054 2260 est;
1107 2201 1433 2262 reponemus
1489 2201 1502 2237 :
1549 2181 1687 2236 Cum
1740 2163 1964 2230 concedi
2012 2163 2184 2239 possit

615 2297 766 2355 nasci
796 2292 1064 2365 potuisse,
1083 2301 1181 2340 cur
1206 2296 1315 2336 non
1339 2276 1692 2332 concedatur,
1719 2268 1771 2319 in
1799 2273 1955 2317 utero
1982 2255 2183 2328 gestari

620 2391 862 2447 noluisse
892 2385 914 2436 ?
940 2379 1094 2445 Quod
1128 2375 1174 2430 si
1200 2364 1592 2426 concesserint,
1620 2358 1732 2426 jam
1761 2350 2046 2410 sententia
2075 2357 2188 2398 sua:

617 2481 1032 2537 vale-dixerunt,
1095 2469 1179 2520 sin
1235 2461 1380 2516 haud
1441 2449 1835 2511 concesserint,
1889 2441 2124 2498 dicimus
2170 2451 2186 2489 :

619 2557 877 2638 Quantam
927 2573 1009 2617 est
1058 2561 1200 2612 inter
1243 2553 1358 2606 haec
1390 2539 1780 2607 discrepantia,
1843 2545 1900 2586 ut
1948 2531 2002 2582 itt
2037 2536 2190 2580 utero

622 2671 883 2733 gestetur,
915 2663 968 2708 et
1003 2659 1062 2703 ut
1102 2640 1408 2700 nascatur?
1447 2638 1504 2690 Si
1537 2630 1776 2688 dixerint
1804 2625 1969 2678 Deum
2004 2630 2191 2673 natum

625 2773 730 2811 non
757 2765 899 2812 esse,
934 2761 1031 2798 nec
1060 2740 1228 2795 luisse
1256 2734 1510 2788 uoionetn
1544 2732 1666 2779 ante
1697 2717 2064 2775 nativitatem,
2095 2720 2194 2760 nec

627 2856 773 2901 statu
811 2843 918 2894 isto
956 2836 1211 2893 durante,
1247 2824 1341 2880 sed
1384 2821 1555 2875 fuisse
1586 2823 1832 2880 tempore
1871 2797 2192 2859 nativitatis,

627 2937 863 2990 dicimus
893 2924 1127 2981 destruit
1161 2920 1263 2972 hoc
1306 2911 1438 2968 illud
1484 2907 1624 2978 quod
1659 2897 1928 2957 asseritis,
1972 2888 2195 2945 Mariam

628 3026 903 3100 peperisse
931 3015 1230 3071 Christum.
1278 3002 1552 3074 Siquidem
1591 3011 1697 3050 non
1733 2998 1817 3045 est
1848 2984 2003 3040 vobis
2033 2977 2193 3034 Chri-

1513 3092 1564 3100 "'
1623 3089 1632 3098 '
1677 3097 1685 3100 -
1799 3094 1900 3100 η-..
1939 3077 2004 3100 ,ξι
2038 3073 2193 3100 Ius-nn

631 3073 745 3177 i-ttis
772 3118 930 3170 homo
967 3107 1135 3162 solus.
1171 3100 1306 3154 Cum
1339 3109 1471 3164 ergo
1506 3089 1761 3146 Christus
1797 3094 1903 3134 non
1938 3077 2010 3130 sit
2038 3073 2200 3126 homo

634 3215 804 3271 solus,
842 3205 1008 3260 Maria
1054 3209 1238 3252 autem
1285 3207 1348 3246 ex
1394 3182 1667 3242 sententia
1703 3185 1882 3231 vestra
1925 3170 2196 3225 hominem

639 3305 844 3360 nudum
901 3292 1168 3366 pepererit
1223 3292 1347 3338 ante
1401 3277 1696 3333 uuioucut,
1739 3265 1989 3334 sequitur
2029 3261 2200 3331 ipsam

641 3362 915 3468 peperisse
951 3385 1080 3439 illud
1118 3378 1262 3448 quod
1305 3388 1410 3427 non
1446 3377 1563 3422 erat
1594 3362 1874 3423 Christus,
1916 3362 2202 3424 postquam

643 3443 689 3468 ι’·
712 3443 792 3465 γν-
814 3443 847 3444 νν
1136 3443 1149 3448 -

641 3495 825 3539 autem
863 3479 1037 3537 fuerit,
1073 3472 1274 3524 factum
1316 3477 1439 3516 esse
1476 3457 1754 3510 Christum
1795 3461 1890 3518 per
1929 3443 2205 3501 unionem,

642 3593 706 3631 ac
754 3573 924 3627 fuisse
960 3567 1216 3620 unionem
1271 3561 1392 3626 post
1445 3547 1809 3604 nativitatem,
1860 3552 1924 3589 ac
1978 3530 2209 3604 proinde

648 3668 927 3720 tiltrislum
959 3655 1202 3710 evasisse
1252 3654 1375 3715 post
1409 3637 1772 3694 nativitatem.
1817 3625 1975 3692 Quod
2019 3621 2066 3676 si
2109 3622 2209 3672 hoc

655 3757 807 3808 vobis
847 3745 1143 3803 absurdum
1187 3739 1459 3792 videatur,
1495 3742 1558 3780 ac
1592 3724 1760 3778 Maria
1790 3717 2071 3774 Christum
2117 3725 2214 3777 pe-

649 3846 866 3917 pererit,
904 3842 1018 3908 ipsa
1042 3832 1293 3902 ergofnon
1315 3822 1519 3894 peperit
1547 3817 1817 3871 hominem
1849 3809 2050 3869 solum,
2082 3805 2217 3872 21-

857 3897 865 3906 .
927 3897 940 3908 .
1107 3897 1129 3902 -
1180 3897 1183 3899 .

650 3939 756 4010 23
807 3941 970 4002 atque
1017 3929 1120 3981 hoc
1158 3917 1473 3976 necessario
1519 3910 1686 3965 intcrt
1720 3901 1995 3976 peperisse
2044 3897 2216 3966 ipsam

656 4030 818 4080 Deum
851 4034 973 4074 eum
1019 4015 1260 4073 homine,
1300 4021 1399 4061 nec
1442 4017 1552 4057 non
1600 4000 1768 4051 luisse
1801 3992 2056 4046 unionem
2095 3994 2220 4038 ante

657 4119 989 4172 nativitatem
1027 4125 1043 4163 :
1077 4115 1239 4172 atque
1273 4101 1344 4153 ita
1375 4093 1660 4150 manifesta
1693 4088 1831 4141 facta
1858 4094 1941 4137 est
1975 4077 2226 4132 absurdi-

658 4224 742 4264 tas
770 4208 888 4276 ejus
921 4203 1061 4271 quod
1099 4201 1348 4250 asserunt
1387 4182 1723 4244 Nestoriani,
1751 4176 1959 4232 scilicet
1999 4170 2222 4224 Mariam

663 4300 936 4372 peperisse
970 4291 1249 4345 Christum
1280 4296 1344 4336 ex
1378 4283 1539 4347 parte
1560 4264 1918 4325 humanitatis
1951 4274 2084 4322 sua,
2116 4271 2223 4310 non

1502 4368 1513 4372 _
1675 4363 1682 4371 _
1874 4371 1879 4372 ί
1912 4356 1926 4372 ,
1970 4350 2192 4372 ,Μαίη

665 4350 812 4372 ,ηπ
859 4350 868 4351 ,

663 4410 727 4447 cx
765 4399 913 4460 parte
943 4377 1278 4439 divinitatis;
1316 4379 1368 4425 et
1408 4368 1606 4421 veritas
1638 4363 1756 4430 ejus
1785 4356 1928 4427 quod
1960 4350 2226 4407 conﬁten-

667 4501 752 4540 tur
797 4480 1084 4536 Melchitm,
1125 4470 1348 4523 Mariam
1385 4459 1658 4532 peperisse
1707 4455 1903 4514 Deum,
1952 4446 2229 4502 Christum

671 4592 856 4635 unum,
905 4578 958 4623 et
1005 4573 1289 4634 personam
1337 4567 1521 4614 unam,
1564 4559 1617 4603 et
1662 4541 2024 4600 substantiam
2074 4544 2229 4589 mter-

671 4685 816 4725 nam,
850 4673 902 4716 et
931 4653 1290 4712 substantiam
1325 4647 1392 4700 de
1425 4657 1565 4697 novo
1606 4636 1945 4708 productam.

737 4760 962 4812 Dicetur
1003 4748 1164 4803 etiam
1211 4742 1354 4796 illis:
1389 4736 1445 4788 Si
1494 4729 1754 4787 asseratis
1786 4725 2064 4779 Christum
2095 4719 2231 4770 duas

672 4867 793 4907 esse
826 4840 1181 4901 subsmtttias,
1210 4846 1374 4887 unam
1409 4837 1690 4882 teternam.
1728 4820 1952 4872 alteram
1987 4813 2052 4866 de
2090 4824 2233 4862 novo

675 4939 1013 5012 productam,
1042 4929 1165 4982 dein
1199 4922 1421 4977 Mariam
1464 4914 1738 4984 peperisse
1772 4903 2048 4960 Christum
2077 4935 2090 4960 ,
2122 4896 2232 4964 jam

678 5024 1011 5087 conﬁtemini
1063 5017 1287 5074 Mariam
1341 5013 1475 5065 duas
1541 5007 1639 5058 has
1698 4994 2058 5056 substantias,
2117 5002 2238 5056 qua:

679 5132 807 5179 sunt
851 5117 1126 5175 Christus,
1193 5104 1503 5177 peperisse;
1543 5093 1799 5150 Christus
1852 5101 1982 5154 ergo
2027 5084 2240 5136 constat

681 5218 889 5267 duabus
913 5203 1144 5264 naturis,
1169 5211 1307 5268 quas
1332 5205 1453 5246 cum
1485 5184 1715 5257 peperit,
1744 5194 1850 5233 una
1882 5190 2067 5229 earum
2099 5169 2241 5222 Dens

681 5313 784 5364 est,
816 5296 1026 5369 peperit
1062 5305 1190 5358 ergo
1230 5288 1397 5340 Deum
1430 5289 1715 5334 aeternum.
1749 5265 1972 5326 Deinde,
2012 5275 2116 5314 non
2149 5273 2242 5326 po-

685 5403 787 5452 test
814 5387 1038 5448 concedi
1068 5381 1340 5454 peperisse
1371 5372 1472 5427 nisi
1514 5366 1658 5437 quod
1690 5364 1742 5416 itt
1777 5368 1933 5414 utero
1969 5361 2239 5424 gestatum

689 5491 883 5548 luerat,
912 5481 1039 5535 hinc
1065 5490 1193 5542 ergo
1224 5461 1530 5523 necessario
1576 5457 1824 5524 sequitur
1856 5451 2026 5518 ipsam
2068 5446 2235 5495 Deum

686 5581 836 5633 illum
864 5576 918 5626 in
945 5579 1099 5624 utero
1132 5539 1392 5632 gestasse.
1419 5558 1594 5622 Atque
1628 5551 1700 5602 ita
1730 5554 1947 5599 ostensa
1973 5548 2055 5594 est
2082 5539 2244 5589 etiam

691 5666 997 5726 absurditas
1027 5655 1308 5714 sententiae
1356 5647 1802 5704 Ncsmriauorum
1856 5629 2244 5689 asserentium,

691 5757 911 5815 Mariam
943 5766 1038 5807 nec
1071 5751 1125 5804 in
1153 5756 1307 5801 utero
1344 5741 1552 5804 tulisse,
1588 5749 1685 5792 nec
1726 5729 2003 5804 peperisse
2034 5724 2198 5778 Deum
2233 5758 2247 5783 ,

2247 539 2428 600 ehitre,
2456 539 2664 594 scilicet
2684 537 2902 591 Mariam
2935 533 3205 604 peperisse
3232 530 3420 591 Deutn,
3443 537 3497 580 et
3523 520 3754 576 Christum

2251 645 2441 694 unum,
2473 640 2528 684 et
2554 630 2736 688 tilium
2769 642 2964 691 unum,
2989 637 3042 680 et
3077 635 3362 692 personam
3390 631 3576 672 unam.
3623 612 3759 678 Inquil

2251 723 2380 778 Said
2415 719 2638 775 Patricii
2668 719 2832 788 illius,
2862 715 3140 771 medicina:
3167 711 3444 766 studiosus
3471 724 3487 760 :
3516 704 3758 759 Antistitcs
3825 756 3827 758 .

2251 811 2479 895 erroris,
2509 808 2762 863 videlicet
2788 804 3095 864 Nestorius,
3134 797 3452 868 Eutychius,
3483 794 3760 850 Dioscorus.

2255 893 2512 967 Severus,
2545 908 2598 955 et
2625 897 2863 953 Iacobus
2894 892 3258 956 Baradiensis,
3283 887 3391 958 24
3411 900 3535 939 cum
3561 884 3762 951 ipsorum

2255 992 2585 1063 sequacibus
2618 990 2851 1058 aliisque
2890 983 3258 1048 heterodoxis,
3287 983 3378 1048 qui
3442 985 3679 1050 astruere
3698 986 3767 1024 vo-

2237 1082 2478 1136 luerunt
2527 1077 2948 1147 imaginationes
2978 1085 3106 1127 suas
3137 1085 3166 1123 a
3198 1046 3390 1123 timore
3439 1063 3533 1118 Del
3571 1046 3770 1121 alienas,

2262 1185 2426 1244 etque
2474 1188 2505 1226 a
2562 1172 2646 1226 via
2681 1168 2773 1223 Dei
2817 1165 3154 1220 declinarunt
3193 1162 3354 1230 juxta
3388 1154 3665 1212 sententiae
3691 1166 3774 1207 sua

2247 1266 2606 1338 pravitatem.
2639 1262 2693 1314 in
2721 1259 2892 1314 Deum
2915 1255 3172 1316 audaces,
3191 1264 3435 1321 quosque
3464 1247 3620 1300 malae
3647 1243 3776 1296 inten-

2266 1358 2444 1411 tiones
2471 1360 2585 1408 ευω
2617 1357 2672 1406 et
2713 1354 2984 1415 corruptae
3026 1333 3385 1413 cogitationes
3429 1335 3563 1389 mari
3615 1331 3779 1387 erroris

2270 1445 2699 1516 ingurgitarunt,
2729 1440 2819 1494 illi
2839 1437 3106 1508 (inquam)
3150 1445 3342 1487 ornues
3369 1428 3498 1481 illos
3523 1425 3713 1494 quibus
3735 1437 3779 1477 te

2270 1540 2684 1594 immiscuerant
2728 1543 2944 1588 errores
2996 1522 3271 1586 mordicus
3319 1521 3694 1580 retinuerunt,
3736 1527 3785 1566 ee

2273 1628 2416 1698 quod
2452 1628 2762 1698 ignorarent
2785 1619 3039 1674 unionem
3067 1609 3370 1669 divinitatis
3401 1604 3620 1662 Domini
3651 1604 3784 1658 nostri

2275 1695 2642 1774 t-Zhristivcum'
2659 1711 3000 1769 humanitate
3046 1705 3219 1782 ipsius
3246 1742 3262 1768 ,
3294 1703 3421 1757 dum
3451 1695 3792 1765 unusquisque

2086 1807 2169 1860 ἀί-
2208 1803 2246 1857 Β
2277 1812 2520 1880 ipsorum
2546 1808 2600 1862 in
2632 1806 2867 1875 aliquem
2897 1816 2928 1856 e
2962 1797 3192 1854 diversis
3224 1790 3492 1849 mistionls
3524 1786 3694 1842 modis
3717 1786 3790 1837 im-

2279 1876 2507 1969 pingens
2532 1898 2580 1972 ei
2610 1891 2927 1956 adhaserit.
2946 1889 3135 1972 Visum
3158 1893 3243 1942 est
3270 1890 3448 1938 autem
3482 1876 3618 1933 mihi
3649 1881 3795 1929 osten-

2279 1945 2408 2045 dere,
2440 1945 3032 2060 [diversosliuiistioitis
3063 1976 3277 2036 modos.
3310 1984 3511 2040 eosque
3537 1966 3796 2036 explicare,

2285 2093 2342 2156 ut
2381 2055 2454 2136 ita
2485 2055 2874 2134 absurditatem
2923 2085 3111 2128 eorum
3158 2081 3279 2138 qua:
3316 2065 3500 2120 dicunt
3543 2055 3798 2130 percipias.

2285 2143 2394 2227 Deo
2415 2165 2856 2236 autem‘potentia
2878 2171 2982 2236 est.
3004 2159 3111 2214 Pro
3137 2169 3329 2225 magna
3352 2151 3444 2206 Dei
3468 2143 3799 2218 providentia,

2278 2260 2497 2334 'justitia
2526 2261 2788 2332 perlecta,
2821 2264 2876 2311 ct
2907 2235 3278 2309 misericordia
3308 2243 3527 2307 eximia,
3551 2238 3696 2294 misit
3715 2237 3803 2305 ipse

2292 2356 2526 2413 Verbum
2560 2348 2718 2408 suum
2751 2361 2971 2406 creans.
3025 2358 3134 2412 quo
3177 2337 3356 2392 omnia
3410 2330 3620 2387 creavit
3668 2329 3807 2396 iisque
3890 2351 3891 2408 ξ

2293 2461 2416 2504 esse
2451 2441 2625 2504 dedit,
2644 2434 2798 2514 'quod
2827 2451 2859 2490 e
2897 2428 3204 2488 substantia
3235 2433 3319 2480 est
3349 2424 3592 2478 inereata
3616 2458 3633 2484 ,
3657 2427 3807 2472 verum

2294 2551 2322 2587 a
2351 2532 2511 2585 Patre
2541 2538 2664 2582 ante
2694 2511 2876 2586 omnia
2903 2520 3100 2578 saecula
3128 2515 3392 2588 genitum,
3413 2526 3538 2566 cum
3569 2521 3677 2563 non
3700 2511 3814 2560 esset

2294 2633 2532 2690 unquam
2566 2617 2708 2672 Deus
2741 2614 2861 2668 sine
2891 2610 3066 2665 Verbo
3093 2617 3147 2662 et
3174 2605 3400 2674 Spiritu,
3431 2595 3813 2667 nequeVerbunt

2296 2689 2533 2781 unquam
2565 2709 2632 2762 ab
2663 2707 2780 2776 ipso
2808 2711 3138 2772 separatum,
3163 2711 3338 2764 neque
3372 2708 3401 2748 a
3429 2691 3640 2762 Spiritu
3675 2689 3820 2758 ipsius

2297 2809 2542 2863 creante,
2570 2808 2666 2852 aut
2693 2812 2724 2850 a
2751 2792 3057 2851 substantia
3082 2791 3273 2859 ipsius;
3300 2800 3362 2840 ac
3393 2781 3686 2838 descendit
3709 2776 3821 2830 Ver-

2299 2899 2426 2954 bum
2461 2895 2554 2949 Dei
2593 2906 2788 2947 creans
2817 2903 2939 2943 cum
2967 2881 3320 2939 subsistentia
3345 2891 3442 2933 sua
3479 2880 3826 2945 perit-anew.

2300 2993 2557 3057 perpetua
2579 3021 2594 3045 ,
2624 2978 2900 3041 durabili,
2934 2990 3053 3044 qua:
3087 2982 3360 3038 nunquam
3411 2982 3519 3020 non
3572 2964 3707 3026 fuit,
3752 2972 3828 3012 nec

2304 3092 2426 3134 esse
2457 3073 2682 3134 desinit,
2712 3080 2768 3125 et
2814 3070 3156 3122 incarnatum
3197 3073 3277 3115 est
3324 3073 3353 3111 a
3396 3057 3565 3112 Maria
3618 3053 3831 3122 Virgine,

2230 3133 2273 3194 δ
2305 3169 2482 3240 puella
2515 3175 2722 3227 sancta,
2749 3160 2988 3231 25-27
3018 3159 3189 3212 electa
3218 3193 3233 3218 ,
3263 3164 3294 3208 e
3324 3155 3490 3221 stirpe
3540 3147 3833 3203 benedicta.

2303 3237 2334 3317 ὲ
2375 3259 2634 3332 progenie
2677 3254 3006 3317 Abrahami;
3044 3250 3194 3319 prole
3225 3246 3462 3306 lsraelis,
3493 3243 3644 3296 tribu
3675 3237 3836 3294 luds,

2308 3324 2508 3404 tantilla
2545 3345 2787 3407 Davidis,
2821 3356 2985 3412 quam
3019 3339 3087 3394 ad
3119 3339 3257 3392 hanc
3306 3332 3674 3388 meonomiam
3706 3324 3838 3392 elegit

2309 3441 2568 3497 Dominus
2614 3453 2681 3492 ex
2735 3435 2988 3490 omnibus
3028 3420 3518 3486 mundifetninis,
3578 3423 3836 3490 ipsamque

2311 3533 2515 3603 Spiritu
2548 3540 2736 3583 sancto
2766 3523 3063 3587 mundavit,
3088 3519 3292 3590 Spiritu
3311 3511 3586 3588 [inquam]
3613 3525 3714 3567 suo
3740 3507 3837 3563 sub-
3890 3555 3891 3586 ξ

2311 3573 2515 3603 μνη...
2548 3573 2734 3583 -....-.-
2767 3573 3063 3587 ---_--_e___,
3105 3573 3153 3590 τ
3314 3573 3333 3588 ι
3411 3573 3425 3584 _
3567 3573 3586 3585 _

2311 3623 2573 3684 stantiali,
2601 3620 2734 3674 adeo
2768 3619 3020 3685 utipsam
3053 3613 3299 3667 idoneam
3341 3606 3600 3662 redderet
3626 3606 3683 3657 itt
3709 3612 3836 3671 quam
3890 3573 3891 3586 χ

2313 3714 2670 3772 ἀεεοιιηάετρι
2730 3710 2968 3765 Verbutn
3028 3704 3119 3758 Dei
3169 3699 3554 3763 substantiale,
3605 3706 3762 3764 atque
3791 3693 3841 3745 ita

2313 3805 2619 3859 obvelatum
2643 3809 2725 3854 est
2751 3797 2985 3854 Verbum
3015 3808 3206 3849 creans
3239 3791 3454 3847 homine
3481 3795 3698 3850 creato,
3720 3794 3842 3854 quem

2317 3897 2418 3953 sibi
2453 3895 2729 3951 voluntate
2760 3890 2850 3944 Dei
2879 3888 3152 3950 Patris,,et
3179 3882 3407 3938 consilio
3431 3881 3682 3951 Spiritus
3701 3873 3842 3932 sancti

2320 3997 2544 4049 creavit,
2579 3991 2880 4038 creaturam
2912 3993 3103 4032 novam
3137 3976 3342 4043 absque
3369 3971 3584 4026 semine
3633 3967 3844 4030 viritim

2322 4093 2420 4132 nec
2455 4078 2506 4128 in
2536 4076 2707 4147 ipsam
2736 4070 2954 4126 caderet
2987 4075 3262 4138 peccatqu
3291 4103 3306 4129 ,
3336 4076 3437 4116 nec
3466 4075 3602 4114 cum
3662 4057 3844 4111 homine

2325 4167 2770 4224 consuetudinem
2806 4163 3026 4216 haberet
3055 4165 3145 4212 aut
3167 4168 3517 4225 congressum
3544 4190 3562 4215 ,
3601 4158 3694 4204 aut
3719 4147 3847 4202 viola-
3890 4161 3891 4166 η

2330 4266 2477 4312 retur
2507 4255 2696 4327 puellae
2720 4250 3079 4308 sanctissimae
3104 4246 3382 4315 virginitas
3403 4283 3418 4306 ,
3449 4242 3732 4295 hominem
3763 4250 3851 4306 per-

2329 4349 2526 4404 fectum
2563 4361 2685 4401 cum
2727 4355 2957 4412 corpOre
2987 4353 3087 4394 suo
3118 4345 3173 4391 et
3204 4337 3381 4389 anima
3429 4329 3744 4402 sanguinali
3768 4371 3780 4391 ,
3817 4333 3851 4378 et

2339 4440 2532 4510 spiritu
2563 4433 2910 4497 intellectivo,
2941 4425 3228 4489 rationali,
3259 4427 3350 4493 qui
3381 4431 3464 4478 est
3496 4422 3688 4492 imago
3717 4417 3796 4472 Dei
3818 4417 3852 4466 in

2334 4534 2574 4596 homine,
2609 4537 2662 4584 et
2701 4523 3002 4581 similitudo
3033 4519 3223 4590 ipsius.
3255 4517 3391 4570 Cum
3425 4513 3595 4569 fuerit
3623 4510 3854 4580 ipseintcr
3890 4511 3891 4578 ᾗ

2331 4632 2608 4676 creaturas
2647 4618 2737 4671 Dei
2790 4614 3019 4670 maxime
3064 4612 3292 4666 idoneus
3344 4607 3398 4662 in
3449 4621 3566 4677 quo
3633 4605 3854 4659 habitaret

2343 4714 2509 4776 Deus,
2547 4716 2612 4765 a’c
2641 4707 3030 4767 descenderet,
3075 4701 3286 4769 sibique
3313 4699 3371 4752 .in
3412 4697 3598 4751 velum
3633 4697 3851 4750 sumeret.

2336 4822 2433 4875 pro
2460 4819 2521 4858 ea
2551 4815 2656 4872 qua
2682 4809 2904 4853 caeteras
2925 4801 3184 4864 quotquot
3210 4799 3647 4845 suntcreatnras
3664 4785 3855 4839 antecel-

2340 4874 2398 4949 lit
2436 4893 2691 4962 puritate.
2735 4887 2891 4941 Scias
2938 4883 3080 4938 enitn
3117 4895 3226 4935 rem
3281 4889 3490 4932 natura:
3548 4890 3705 4945 pura:
3757 4874 3854 4923 tm:

2340 4985 2510 5050 cerni,
2541 4983 2647 5037 nisi
2677 4981 2730 5034 in
2761 4994 2824 5034 eo
2857 4976 3000 5046 quod
3029 4975 3098 5029 sit
3131 4981 3338 5028 naturae
3369 4969 3698 5029 crassioris;
3734 4975 3858 5026 ιιιηηε

2343 5076 2491 5131 cerni
2531 5087 2689 5142 posse
2720 5069 2865 5138 quod
2898 5066 3142 5122 omnium
3171 5063 3403 5117 maxime
3433 5075 3645 5129 purum
3675 5066 3770 5116 est,
3793 5063 3855 5101 ns!

2343 5181 2464 5222 cum
2493 5179 2559 5218 eo
2596 5159 2739 5231 quod
2776 5159 2894 5228 ipso
2929 5154 3170 5209 crassius
3201 5151 3271 5206 sit
3299 5143 3717 5221 [coniunctum]
3741 5143 3786 5196 in
3805 5151 3857 5190 eo.

2346 5260 2487 5329 quod
2518 5257 2774 5323 appareat
2793 5267 2822 5304 e
2846 5241 3490 5312 materiaponstantibus,
3511 5247 3736 5290 natura
3758 5239 3855 5283 cm

2346 5350 2526 5407 sioris.
2561 5345 2866 5397 Invenimus
2919 5348 3097 5393 autem
3144 5333 3390 5404 spiritum
3426 5328 3682 5382 hominis
3712 5319 3856 5378 iuteiit-

2349 5441 2569 5498 ctivum,
2604 5431 2918 5486 rationalem
2940 5427 3050 5496 28
3079 5423 3346 5493 puriorem
3384 5431 3505 5472 esse
3541 5431 3616 5470 eo
3647 5411 3777 5484 quod
3798 5421 3854 5472 βε·

2351 5529 2628 5585 tissimu'm
2655 5531 2737 5578 est
2771 5524 2825 5575 in
2863 5519 3075 5573 creteris
3103 5511 3389 5571 creaturis,
3428 5506 3680 5574 ideoque
3708 5516 3765 5556 ex
3783 5511 3855 5550 oa-

2354 5623 2514 5676 nibus
2542 5617 2632 5673 Dei
2675 5611 2944 5670 creaturis
2985 5605 3217 5670 maxime
3263 5601 3496 5655 idoneus
3530 5597 3652 5651 fuit
3679 5593 3760 5665 qui
3791 5585 3858 5638 θα

2354 5713 2530 5769 velum
2565 5715 2730 5776 esset,
2762 5704 2992 5773 ideoque
3025 5698 3224 5753 factum
3247 5699 3332 5749 est
3360 5690 3438 5746 illi
3471 5677 3855 5754 velam;ipsiq¢

2264 4456 2307 4511 D
