3950 6348
198 307 303 373 1037

1571 290 1932 352 ANNALES.

3225 284 3360 350 1038

193 417 368 478 interim
395 416 598 482 anima,
630 416 684 470 in
717 393 982 484 sanguine
1013 407 1193 466 sedem
1231 406 1454 469 habens,
1485 402 1696 466 velum;
1729 405 1774 460 Α
1802 400 1878 452 tia
1911 395 2268 452 humanitatis
2297 396 2610 466 conjunctio
2637 437 2652 460 .
2695 397 2777 452 vel
2805 396 3090 452 translatio
3119 396 3202 450 vel
3237 398 3362 452 alte-

193 521 238 567 ut
259 519 512 576 etcorpus
561 517 810 560 crassum
838 540 854 566 ,
895 501 1071 555 velum
1104 498 1154 553 ei
1183 495 1328 567 quod
1364 495 1480 564 ipso
1511 490 1703 564 purius

191 604 248 660 sit
282 618 296 655 :
335 607 496 668 atque
546 597 650 650 hac
705 593 917 646 ratione
970 587 1263 657 assumpsit
1316 582 1548 639 Verbum
1610 578 1700 634 Dei

191 705 351 748 creans
375 685 736 748 substantiam
764 679 1002 736 hominis
1034 679 1298 746 integram
1320 690 1440 730 cum
1475 684 1704 742 corpore

189 776 333 852 ipsius
357 787 410 832 et
441 775 729 842 sanguine,
749 771 1050 841 spirituque
1082 765 1409 822 intellectivo
1429 760 1703 852 rationali,

189 850 365 940 fuitque
403 865 634 922 Verbum
666 863 760 918 Dei
790 878 912 916 cum
943 859 1294 916 subsistentia
1325 871 1423 911 sua
1445 894 1460 920 ,
1527 850 1707 908 subsi-

140 981 147 990 ·
183 961 351 1020 stentia
367 956 717 1012 humanitatis
745 949 925 1017 istius,
955 949 1110 1020 cujus
1133 946 1440 1004 substantia
1472 943 1708 1014 perfecta

185 1054 290 1112 fuit,
313 1063 376 1104 eo
408 1047 552 1115 quod
578 1043 932 1100 subsistentia
959 1039 1120 1097 Verbi
1165 1039 1258 1093 Dei
1292 1038 1464 1108 ipsam
1529 1031 1737 1089 subsi-‘

187 1153 314 1198 slere
333 1139 479 1194 fecit.
511 1137 694 1206 Neque
717 1136 859 1190 enim
892 1135 1006 1204 ipsa
1027 1139 1206 1188 creata
1227 1126 1464 1195 luit,.vel
1489 1123 1712 1179 omnino

181 1230 455 1302 quidquam
494 1227 751 1293 fuit,'nisi
793 1240 889 1296 per
937 1219 1345 1278 subsistentiam
1381 1214 1547 1274 Verbi
1574 1213 1709 1278 Dei,

177 1323 308 1392 quod
336 1305 508 1390 ipsam
551 1318 788 1383 creavit,
821 1325 875 1370 et
912 1313 1213 1370 subsistere
1263 1309 1390 1363 fecit
1426 1309 1494 1362 de
1543 1304 1713 1361 nihilo

179 1413 308 1484 quod
337 1413 389 1465 in
419 1419 572 1466 utero
590 1408 842 1480 .Virginis
887 1414 1046 1460 antea
1093 1403 1416 1459 subsisteret
1436 1435 1481 1463 .-
1510 1406 1564 1454 ot
1596 1397 1715 1453 sine

182 1517 333 1560 causa
364 1501 542 1572 aliqua
580 1517 612 1554 a
638 1516 744 1570 qua
775 1495 1249 1568 ipsaprincipium
1273 1498 1438 1557 esset,
1478 1491 1592 1544 sive
1629 1504 1716 1544 se-

175 1595 310 1649 mine
336 1593 495 1658 virili,
523 1591 638 1647 sive
665 1589 849 1657 aliquo
879 1586 1132 1656 qquiam
1161 1625 1176 1650 ,
1209 1589 1431 1650 excepta
1463 1580 1714 1635 substan-

173 1686 242 1739 tia
271 1667 428 1737 Verbi
457 1679 694 1737 creantis
727 1693 848 1748 qua:
891 1691 997 1731 una
1025 1683 1109 1730 est
1136 1689 1166 1729 e
1198 1671 1465 1728 Trinitate
1494 1670 1712 1734 divina;

171 1787 324 1846 atque
349 1775 438 1827 illa
470 1770 826 1827 subsistentia
858 1782 981 1823 cum
1024 1765 1341 1821 hominibus
1389 1769 1670 1816 numerata
1695 1802 1712 1827 ,

169 1876 221 1925 et
261 1876 384 1922 nota
423 1871 508 1919 est
540 1864 611 1919 ob
663 1877 781 1918 eam
830 1861 920 1941 cui
959 1859 1246 1926 conjuncta
1295 1864 1400 1920 est,
1446 1868 1716 1924 quamque

167 1958 367 2014 creavit
393 1957 552 2026 eique
583 1954 834 2024 copulata
870 1960 976 2013 est,
1008 1948 1369 2005 substantiam
1398 1946 1714 2008 liutnanam,

168 2058 325 2117 atque
356 2047 472 2115 ipse
507 2043 718 2118 unitate
760 2039 1128 2096 subsistentiae
1161 2039 1325 2092 istius
1363 2035 1549 2099 unius,
1575 2035 1714 2118 sub-

165 2140 426 2196 sisteutia
451 2134 716 2208 (inquam)
745 2133 903 2189 Verbi
932 2133 1023 2185 Dei
1048 2130 1332 2192 creatoris,
1363 2143 1506 2183 unus
1536 2117 1623 2181 est
1660 2127 1716 2181 in

167 2231 434 2286 Trinitate
462 2227 765 2284 substantia
794 2223 1095 2280 divinitatis
1125 2236 1270 2285 suae,
1308 2229 1363 2276 et
1396 2235 1538 2274 unus
1570 2219 1716 2271 inter

164 2325 414 2380 homines
449 2319 751 2380 substantia
787 2315 1147 2372 humanitatis
1175 2328 1307 2378 suae,
1338 2308 1448 2368 non
1475 2308 1712 2380 2&3],

162 2415 292 2481 duo,
322 2402 512 2472 verum
542 2428 684 2467 unus
708 2424 830 2465 cum
867 2407 1026 2460 Patre
1053 2415 1107 2459 et
1141 2405 1369 2473 Spiritu,
1407 2412 1569 2471 atque
1601 2401 1714 2470 ipse

157 2509 306 2563 idem
340 2519 484 2560 unus
524 2503 684 2559 simul
712 2514 834 2555 cum
885 2497 1219 2563 hominibus,
1252 2494 1721 2570 comprehendcns

77 2576 86 2585 ’
160 2599 298 2653 duas
332 2594 670 2652 substantias
705 2592 992 2654 diversas,
1040 2603 1070 2642 e
1122 2586 1422 2662 substantia
1479 2582 1723 2656 [nempe]

155 2688 472 2743 divinitatis
495 2694 738 2746 creante,
770 2689 823 2735 et
853 2677 1155 2734 substantia
1190 2674 1543 2732 humanitatis
1572 2689 1726 2728 crea-

157 2787 238 2842 ta,
279 2778 339 2834 in
375 2776 584 2830 unitate
614 2773 983 2830 subsistentia:
1003 2772 1185 2830 unius.
1216 2766 1583 2824 subsistentia
1610 2763 1721 2834 [in-

151 2865 356 2939 quam]
396 2866 581 2930 Verbi,
609 2863 752 2934 quod
784 2870 868 2918 est
895 2859 1064 2914 Filius
1092 2859 1307 2928 genitus
1347 2854 1564 2909 a‘Patre
1600 2865 1726 2908 ante

152 2970 416 3029 tempora
442 2967 494 3011 et
527 2954 963 3026 saecula'bmnia,
1001 2952 1251 3019 idemque
1279 2955 1440 3002 natus
1470 2963 1533 3000 ex
1557 2945 1723 2998 Maria

1740 1721 1789 1782 B

1809 490 1969 551 ratio,
1999 487 2081 542 vel
2115 487 2342 544 mutatio
2375 489 2535 544 unius
2561 504 2592 544 e
2619 487 2830 543 duabus
2858 488 3181 543 substantiis
3209 503 3239 541 a
3266 505 3362 542 na-

1809 588 1930 633 tura
1959 593 2080 633 sua.
2116 577 2233 634 Non
2255 587 2334 634 cst
2357 588 2561 634 mutata
2606 587 2794 633 natura
2831 580 3039 643 divina,
3071 589 3128 638 ut
3152 579 3364 651 [cessa-

1813 680 1898 724 ret
1922 667 2068 742 esse]
2098 669 2306 734 divina,
2334 671 2571 725 creatrix
2593 707 2611 734 ,
2650 686 2820 740 neque
2851 670 3088 724 humana
3129 681 3194 724 ut
3220 671 3360 724 haud

1809 750 2042 830 amplius
2083 761 2157 820 sit
2200 761 2437 816 humana
2461 771 2643 841 creata
2680 777 2694 813 :
2728 770 2888 830 atque
2925 761 3026 817 hoc
3058 761 3362 815 istiusmodi

1811 859 1894 908 est
1932 850 2074 921 quod
2107 867 2214 907 non
2247 852 2536 907 absurdum
2578 851 2830 907 videatur
2871 852 3209 918 iutelligenti.
3238 851 3359 906 Jam

1810 943 2062 997 alteratio
2091 954 2145 998 et
2172 945 2398 997 mutatio
2431 945 2739 999 necessario
2771 943 3000 1012 requirit
3036 944 3362 1008 mistionem,
3409 964 3415 972 ·

1811 1048 1932 1087 cum
1965 1033 2128 1088 fuerit
2169 1049 2201 1088 e
2237 1032 2449 1090 duabus
2495 1037 2708 1091 naturis
2736 1051 2766 1090 e
2794 1038 3016 1092 matciia
3054 1034 3388 1092 constanti--

1813 1126 1934 1190 bus,
1959 1127 2182 1189 crassis,
2213 1127 2386 1181 instar
2409 1141 2574 1196 aqua:
2601 1137 2656 1182 et
2685 1129 2794 1183 vini
2822 1168 2839 1192 ,
2887 1130 3064 1184 mellis
3101 1137 3155 1184 et
3186 1129 3322 1182 aceti
3348 1167 3366 1192 ,

1814 1217 1930 1269 auri
1960 1226 2014 1270 et
2043 1218 2284 1287 argenti,
2314 1219 2438 1274 aeris
2467 1226 2522 1273 et
2556 1220 2786 1288 plumbi,
2814 1229 2908 1272 aut
2947 1222 3032 1274 his
3061 1222 3318 1276 similium
3349 1239 3365 1287 ;

1815 1319 1935 1374 qua:
1962 1308 2140 1360 omnia
2167 1310 2432 1364 emateria
2459 1319 2715 1365 constant
2736 1317 2790 1364 et
2813 1324 2997 1365 crassa
3025 1319 3171 1366 sunt.
3194 1311 3370 1366 Omne

1818 1404 1994 1451 autem
2030 1399 2306 1454 materiale
2329 1401 2471 1469 quod
2503 1415 2632 1456 cum
2650 1401 2758 1456 alio
2790 1401 3054 1456 materiali
3083 1403 3370 1467 miscetur,

1817 1487 2126 1542 necessario
2159 1474 2320 1544 infert
2340 1492 2688 1546 mutationem
2709 1506 2813 1561 qua
2831 1491 2976 1546 aliud
2997 1492 3186 1547 evadat
3209 1508 3372 1563 quam

1819 1571 2048 1646 utraque
2081 1580 2180 1634 ista
2219 1595 2249 1635 e
2286 1582 2516 1637 materia
2557 1583 2863 1638 constantia
2916 1583 3080 1651 prius,
3115 1581 3371 1650 fuerant,

1819 1682 1995 1736 neque
2017 1668 2274 1744 [maneat]
2299 1672 2483 1727 vinum
2507 1675 2718 1738 viuum,
2747 1689 2845 1729 nec
2867 1689 3006 1744 aqua
3033 1690 3197 1745 aqua,
3223 1682 3374 1744 post-

1818 1775 1977 1830 quam
2011 1763 2292 1819 commista
2332 1750 2550 1831 fuerint,
2580 1763 2824 1837 33-35
2848 1782 3022 1836 neque
3051 1782 3242 1820 aurum
3277 1781 3377 1820 au-

1818 1869 1976 1917 l‘llll’l,-
2016 1869 2116 1911 nec
2162 1863 2441 1926 argentum
2490 1865 2811 1926 argentum,
2846 1873 2954 1930 nec
3005 1873 3078 1912 ωε
3127 1872 3222 1922 ωε,
3276 1872 3376 1911 DCC

1820 1946 2096 2011 plumbum
2163 1946 2443 2015 plumbum
2469 1989 2486 2014 ,
2519 1959 2641 2018 post
2680 1948 2876 2003 factam
2917 1948 3248 2013 mistiouem,
3281 1951 3378 2004 sed

1824 2048 2047 2106 utraque
2079 2039 2308 2093 alterata
2344 2040 2457 2094 sint
2493 2055 2524 2094 a
2559 2040 2865 2096 substantia
2897 2056 2993 2097 sua
3041 2050 3096 2096 et
3141 2057 3229 2097 res
3270 2042 3377 2095 alia

1819 2128 2030 2183 diversa
2069 2130 2385 2194 evaserint,
2411 2146 2530 2200 qua:
2561 2140 2750 2185 neutra
2801 2135 3019 2201 penitus
3048 2114 3232 2186 earum
3264 2135 3375 2196 sit,

1820 2237 1921 2276 nec
1953 2221 2156 2276 utravis
2189 2225 2424 2290 ipsarum
2474 2223 2731 2277 immunis
2763 2225 2834 2278 sit
2866 2239 2896 2277 a
2926 2225 3295 2292 corruptione,
3325 2237 3382 2278 ct

1823 2313 2146 2367 alteratione
2174 2312 2243 2366 ab
2291 2327 2358 2367 co
2379 2327 2512 2381 'quo
2540 2297 2728 2368 fuerat.
2753 2322 2916 2367 statu.
2949 2313 3102 2379 Quod
3138 2315 3184 2368 si
3218 2315 3382 2368 fuerit

1825 2405 2004 2457 uiistio
2039 2421 2069 2457 e
2098 2413 2285 2457 natura
2312 2404 2519 2467 subtili,
2557 2412 2613 2457 et
2644 2383 2836 2458 natura
2878 2419 3064 2460 crassa
3093 2446 3108 2470 ,
3141 2420 3249 2459 non
3297 2406 3378 2459 in-

1825 2493 1927 2548 t‘ert
1957 2494 2137 2548 uiistio
2162 2493 2646 2553 istaaltcrationem
2676 2503 2774 2549 aut
2809 2498 3245 2558 conversionem,
3282 2512 3382 2551 cx-

1825 2583 1986 2650 cmpli
2020 2583 2200 2653 gratia
2237 2600 2250 2637 :
2282 2585 2341 2638 In
2396 2584 2653 2639 mistione
2691 2586 2888 2639 anima:
2932 2595 2985 2639 et
3025 2585 3268 2655 corporis
3289 2584 3384 2657 [ex

1823 2675 2020 2743 quibus
2047 2673 2280 2746 constat]
2312 2677 2474 2746 homo
2489 2691 2648 2742 unus,
2679 2678 2860 2730 unitur
2889 2676 3114 2731 alterum
3147 2680 3301 2732 alteri
3325 2688 3384 2732 ut

1825 2777 1926 2817 nec
1955 2770 2187 2817 mutetur
2215 2765 2294 2818 vel
2323 2765 2583 2820 alteretur
2614 2766 2796 2820 anima
2860 2780 2890 2820 a
2936 2768 3236 2822 substantia
3287 2781 3386 2823 sua

1827 2871 1890 2909 ne
1958 2854 2029 2910 sit
2108 2856 2287 2909 anima
2368 2871 2487 2925 qua:
2543 2841 2868 2912 actionibns-
2913 2859 3030 2912 suis
3097 2859 3387 2928 dignosca-

1827 2955 1932 3009 tur,
1968 2961 2141 3016 neque
2167 2962 2366 3017 corpus
2397 2961 2428 3001 a
2458 2958 2600 3018 statu
2635 2959 2690 3004 et
2723 2951 3031 3004 actionibus
3065 2938 3178 3006 suis
3210 2960 3385 3008 mute-

156 3044 397 3112 Virgine
425 3044 479 3099 in
512 3043 618 3098 line
647 3041 922 3110 temporis,
955 3039 1026 3092 ita
1054 3047 1111 3092 ut
1145 3053 1251 3094 non
1277 3047 1618 3106 separaretur
1643 3035 1723 3089 vel
1830 3047 1914 3092 tur
1937 3047 1990 3092 et
2011 3030 2287 3104 alteretur;
2316 3047 2410 3093 aut
2438 3040 2894 3122 quemadmodum
2923 3041 3012 3095 ubi
3039 3043 3222 3096 unitur
3243 3044 3385 3112 ignis

147 3153 183 3193 ι
209 3136 410 3198 Patre,
441 3132 524 3188 vel
558 3148 590 3187 a
631 3131 832 3201 Spiritu
867 3138 1076 3185 sancto.

223 3229 442 3286 Verum
473 3227 612 3282 sicut
635 3226 815 3280 radius
835 3223 1028 3280 solaris
1050 3221 1140 3292 qui
1173 3220 1496 3292 genitusest
1516 3221 1586 3300 ab
1610 3220 1726 3290 ipso

145 3325 300 3389 sole,
334 3321 502 3390 cujus
535 3322 624 3375 lux
658 3327 826 3375 totum
868 3316 1002 3372 illud
1034 3317 1176 3370 inter
1207 3314 1405 3391 coelum
1445 3323 1498 3367 et
1523 3322 1722 3368 terram

139 3399 458 3491 [spatium]
492 3412 695 3466 lumine
735 3410 922 3479 implet
946 3451 961 3475 ,
992 3405 1323 3475 conspicitur
1356 3407 1408 3458 in
1436 3404 1596 3458 domo
1629 3403 1727 3456 ali-

141 3523 292 3578 qua,
329 3513 502 3574 atque
532 3504 589 3557 in
631 3503 747 3571 ipsa
777 3514 903 3555 vere
927 3507 1013 3554 est
1041 3499 1163 3552 luce
1193 3503 1247 3549 et
1275 3498 1452 3550 calore
1492 3508 1615 3556 suo,
1652 3494 1726 3546 ita

129 3590 349 3655 lumen
397 3605 457 3648 ut
484 3607 670 3648 revera
707 3591 924 3644 minime
945 3593 1293 3669 lsepareturoa
1325 3584 1472 3639 fonte
1508 3599 1613 3653 quo
1638 3599 1730 3652 ge-

137 3694 312 3746 nitus
344 3695 465 3750 est;
488 3700 609 3739 cum
640 3698 739 3738 nec
773 3683 840 3737 ab
871 3682 1040 3752 ipsius
1064 3693 1291 3746 corpore
1320 3692 1420 3732 uec
1464 3677 1582 3731 luce
1627 3675 1726 3743 ab-

130 3781 476 3838 scindatur,
513 3776 585 3829 ita
624 3775 786 3828 etiam
818 3770 1076 3826 habitavit
1105 3767 1274 3823 Filius
1311 3766 1404 3822 Dei
1447 3767 1500 3819 in
1533 3766 1727 3818 huma-

127 3875 370 3939 nitate“
397 3869 469 3921 ita
508 3875 566 3921 ut
606 3866 826 3919 minime
857 3878 887 3916 a
914 3864 1078 3915 Patre
1105 3869 1450 3945 separaretur
1471 3896 1488 3920 ,
1521 3856 1729 3926 fuitque

131 3967 194 4017 in
233 3957 606 4017 huinanitate
645 3971 788 4020 vere,
835 3947 1102 4021 idemque
1136 3966 1260 4006 vere
1304 3965 1424 4004 cum
1467 3948 1626 4002 Patre
1677 3955 1732 4002 et

124 4052 380 4122 Spiritu
436 4058 646 4100 sancto.
690 4045 767 4098 Ac
822 4043 965 4096 sicut
1008 4039 1227 4094 verbum
1265 4038 1502 4093 hominis
1535 4037 1626 4107 qui
1662 4036 1729 4089 ab

124 4141 460 4197 intellectu
493 4137 662 4204 ipsius
693 4130 1166 4203 gignitur'cbartte
1196 4128 1536 4193 inscribitur,
1567 4127 1732 4180 adeo-

115 4250 250 4304 que
288 4239 494 4284 totum
527 4241 648 4279 vere
686 4223 849 4278 estin
886 4220 1176 4276 charta‘ita
1207 4229 1265 4273 ut
1299 4220 1512 4273 interim
1542 4219 1608 4272 ab
1650 4219 1732 4270 in-

115 4323 402 4378 tellecta
430 4332 588 4393 aquo
609 4316 844 4385 genitum
869 4321 954 4368 est
983 4311 1397 4393 haudquaquam
1430 4319 1730 4380 separetur,

1835 3145 1954 3184 eum
1982 3130 2126 3184 ferro
2156 3129 2434 3199 ipsumque
2460 3116 2759 3186 subtilitate
2779 3147 2874 3186 sua
2904 3143 3166 3202 penetrat.
3197 3136 3389 3188 simul-

1834 3236 1939 3289 que
1973 3219 2266 3289 conjuncta
2299 3236 2402 3274 una
2433 3219 2568 3275 ﬁunt
2593 3237 2787 3289 pruna,
2815 3223 2884 3275 ita
2918 3232 2974 3276 ut
3007 3238 3105 3278 nec
3129 3226 3389 3279 alteretur

1809 3311 1974 3379 .iguis
2010 3312 2090 3365 vel
2128 3321 2360 3365 mutetur
2387 3325 2417 3365 a
2451 3312 2755 3366 substantia
2788 3327 2888 3366 sua
2929 3330 2994 3369 ne
3018 3315 3090 3368 sit
3137 3314 3277 3385 ignis
3307 3316 3390 3370 lu-

1834 3416 1981 3465 cens,
2019 3415 2220 3467 urens;
2257 3417 2429 3470 neque
2455 3402 2714 3456 alteretur
2758 3401 2961 3458 ferrum
2991 3414 3086 3458 aut
3119 3415 3385 3468 mutetur,

1836 3509 1904 3547 nc
1937 3493 2010 3547 sit
2041 3493 2238 3546 ferrum
2284 3492 2630 3546 materiatqu
2680 3493 2826 3563 quod
2872 3495 3117 3550 vulneret
3153 3506 3206 3550 et
3237 3499 3388 3552 sein-

1837 3586 1929 3640 dat
1964 3601 1978 3636 :
2015 3584 2203 3644 eodem
2236 3583 2404 3637 modo
2441 3582 2501 3636 lit
2544 3585 2598 3638 in
2631 3585 2779 3639 omni
2830 3587 3053 3640 mistura
3083 3603 3199 3656 qua:
3233 3603 3390 3644 com-
3448 3586 3450 3588 ’

1837 3677 2013 3745 posita
2043 3684 2126 3730 est
2161 3690 2193 3730 e
2221 3675 2385 3730 rebus
2411 3674 2618 3730 duabus
2651 3677 2903 3740 diversis,
2939 3694 3168 3745 quarum
3223 3684 3390 3736 altera

1840 3771 1908 3824 sit
1935 3767 2231 3838 spiritualis
2256 3803 2272 3829 ,
2300 3766 2535 3828 subtilis,
2564 3768 2732 3820 altera
2761 3769 3057 3823 materialis
3089 3783 3141 3823 et
3167 3785 3349 3825 crassa
3374 3790 3388 3838 ;

1840 3859 2004 3913 veluti
2039 3858 2218 3912 anima
2269 3866 2322 3919 et
2367 3871 2596 3926 corpus;
2635 3857 2774 3926 ignis
2825 3867 2879 3911 et
2925 3858 3164 3926 ierrum;
3212 3863 3290 3915 vel
3338 3874 3395 3916 ut

1839 3953 1942 4016 sol,
1972 3951 2061 4020 qui
2087 3954 2149 4005 ’se
2179 3949 2448 4003 immiscet
2479 3964 2652 4017 aquae,
2685 3951 2816 4015 luto,
2862 3941 3122 4020 omnique
3150 3955 3394 4009 materia:

1839 4037 2106 4105 humidae,
2143 4049 2198 4095 et
2226 4041 2422 4110 putida:
2445 4078 2461 4103 ,
2495 4056 2667 4110 neque
2707 4051 2943 4096 mutatur
2967 4046 3047 4098 vel
3077 4046 3334 4100 alteratttr
3362 4061 3393 4100 a

1841 4135 1960 4188 luce
1993 4131 2255 4185 munditie
2285 4139 2339 4184 et
2369 4130 2600 4200 puritate
2640 4147 2734 4186 sua
2757 4171 2773 4195 ,
2814 4132 2941 4186 licet
2969 4150 3090 4190 cum
3139 4137 3284 4190 omni
3336 4153 3396 4192 re

1843 4225 2017 4294 nigra,
2051 4233 2102 4277 et
2141 4221 2358 4278 sordida
2390 4222 2499 4292 36
2529 4223 2734 4290 putida.
2765 4233 2819 4276 et
2852 4225 3130 4279 immunda
3160 4229 3395 4282 miscea-

1820 4326 1969 4387 Ιιιιι·;
2001 4312 2122 4382 quia
2159 4327 2264 4374 non
2297 4312 2353 4364 lit
2393 4326 2627 4379 unquam
2665 4313 2886 4366 mistura
2924 4316 3025 4368 nisi
3071 4318 3242 4370 tribus
3276 4334 3405 4372 uio-'

115 4425 344 4482 neque
393 4408 468 4462 ab
495 4422 560 4462 eo
607 4414 888 4474 separetur
937 4404 1242 4458 intellectus
1283 4418 1312 4456 a
1343 4418 1451 4472 quo
1496 4403 1735 4473 genitum
1773 4415 1819 4469 1)
1847 4405 1952 4469 dis,
1991 4419 2220 4474 quorum
2253 4419 2391 4457 unus
2420 4412 2507 4458 est
2543 4419 2662 4458 cum
2711 4404 3008 4460 miscentur
3037 4409 3155 4462 dum
3191 4419 3398 4465 natura:

117 4513 254 4566 est,
293 4499 581 4570 quoniam
631 4497 936 4550 intellectus
969 4496 1063 4564 per
1107 4495 1328 4573 verbum
1379 4492 1738 4564 dignoscitur,

106 4609 270 4650 cum
316 4589 384 4645 ei
427 4587 577 4653 insit,
609 4598 771 4656 atque
802 4584 1022 4639 verbum
1057 4591 1228 4638 totum
1267 4583 1336 4636 sit
1372 4583 1426 4637 in
1458 4582 1736 4637 intellectu

110 4683 231 4752 qui
271 4682 483 4750 ipsum
515 4676 720 4745 genuit,
754 4683 1032 4743 totumque
1061 4673 1116 4726 in
1148 4673 1350 4742 scipso,
1378 4688 1441 4726 ac
1469 4681 1636 4727 totum
1684 4672 1740 4726 in

96 4773 363 4825 charta
407 4765 496 4819 cui
534 4763 640 4831 32
669 4762 880 4816 unitum
915 4771 998 4816 est
1033 4778 1046 4813 :
1091 4761 1340 4814 similiter
1367 4758 1605 4814 Verbum
1644 4759 1737 4813 Dei

103 4873 332 4918 totum
377 4865 475 4922 est
505 4855 559 4908 in
584 4855 742 4929 Patre
771 4870 799 4906 ιι
823 4868 930 4921 quo
959 4854 1196 4922 genitum
1229 4860 1309 4906 est
1337 4895 1352 4919 ,
1378 4859 1649 4929 et‘totum
1687 4853 1741 4905 in

30 4974 32 4978 τ
94 4954 377 5023 scipso,
419 4952 700 5014 totumque
726 4926 784 4997 in
817 4943 1018 5011 Spiritu
1044 4982 1061 5006 ,
1085 4958 1150 4998 ac
1193 4951 1369 5026 totum
1399 4926 1743 4996 iu‘huinaui.

95 5057 280 5110 tate,
326 5041 406 5094 in
453 5051 560 5106 qua
607 5035 846 5097 resedit,
876 5035 1074 5102 cuique
1105 5031 1309 5104 unitum
1343 5041 1444 5087 est.
1480 5032 1742 5096 Quamvis

85 5135 289 5194 cnim
329 5129 540 5185 orltnis
571 5126 871 5181 similitudo
901 5133 1082 5178 creata
1122 5125 1278 5193 longe
1323 5125 1462 5177 absit
1498 5124 1564 5177 ab
1595 5139 1658 5177 eo
1689 5137 1745 5177 ut

83 5229 497 5282 creatorem
526 5215 747 5276 referat.
775 5231 882 5270 non
908 5216 1067 5270 desiit
1091 5225 1274 5268 tamen
1311 5215 1448 5268 Deus
1488 5215 1744 5268 εἱιιιὶιὶιιιο

77 5320 301 5373 dines
374 5308 568 5364 servis
591 5311 704 5362 suis
729 5307 781 5361 in
816 5307 1066 5384 omnibus
1091 5307 1242 5359 libris
1271 5308 1385 5360 suis
1417 5320 1739 5374 proponere,

81 5423 162 5462 ιιι
207 5421 303 5460 ea
343 5413 500 5470 quae
528 5412 633 5452 non
663 5411 893 5452 cernunt
937 5412 1001 5450 ex
1034 5398 1102 5450 iis
1136 5414 1255 5465 qua:
1290 5403 1520 5451 cernunt
1547 5397 1746 5452 intelli-

74 5505 386 5569 gerent.
440 5504 614 5556 eaque
639 5503 759 5556 qua:
790 5489 918 5555 ipsis
950 5504 1056 5540 non
1089 5498 1214 5541 sunt
1246 5489 1551 5551 manifesta,
1585 5504 1646 5540 ex
1679 5490 1744 5541 iis
1775 5481 1781 5486 ’

67 5603 244 5657 quae
299 5578 632 5636 manifesta
666 5588 790 5632 sunt
832 5579 1228 5647 dignoscerent.
1281 5578 1396 5648 Non
1438 5589 1522 5634 est
1566 5591 1744 5632 autem

66 5671 458 5736 habitatio
485 5669 640 5726 Verbi
671 5671 762 5727 Dei
792 5672 1072 5740 creatoris,
1099 5672 1323 5742 ejusque
1346 5688 1465 5728 cum
1493 5673 1746 5728 substan-

1845 4498 2181 4559 materiales,
2211 4510 2332 4566 qua:
2373 4504 2647 4549 mutantur
2675 4503 2727 4550 et
2753 4510 3215 4567 corrumpuntur;
3247 4491 3392 4556 ιιι-ἰιῖ

1845 4588 2068 4639 mistura
2092 4601 2245 4655 aqua:
2277 4597 2330 4640 et
2360 4587 2469 4639 vini
2501 4628 2514 4649 ,
2545 4588 2696 4640 aceti~
2719 4599 2773 4640 et
2823 4589 3037 4652 mellis;
3067 4591 3275 4643 auri-ct
3310 4608 3399 4644 ar-

1841 4675 2025 4744 genti;
2057 4675 2180 4729 teris
2208 4685 2259 4728 et
2290 4675 2486 4743 plumbi
2513 4692 2528 4741 ;
2569 4675 2650 4728 ha:
2707 4675 2849 4729 enim
2908 4693 3117 4736 omnes.
3149 4693 3292 4732 eum
3347 4685 3395 4734 id

1844 4779 2016 4834 genus
2056 4765 2200 4828 aliis,
2232 4765 2481 4819 alteratio
2519 4775 2645 4818 sunt
2673 4777 2725 4818 ct
2750 4767 3058 4834 corruptio;
3093 4769 3216 4836 quia
3255 4785 3396 4839 qum:

1843 4872 1910 4910 ea
1950 4855 2074 4909 vino
2103 4862 2156 4908 et
2190 4870 2325 4923 aqua
2374 4859 2592 4908 mistum
2643 4867 2748 4918 εει,
2805 4873 2900 4910 nec
2953 4860 3134 4910 vinum
3183 4871 3263 4914 cst
3301 4879 3398 4914 nm:

1846 4961 2007 5017 aqua,
2035 4947 2177 5016 quod
2209 4954 2492 5024 utrumque
2514 4962 2702 4999 eorum
2735 4963 2763 5000 a
2793 4957 2982 5001 natura
3007 4966 3101 5002 sua
3135 4959 3394 5003 mutatum

1850 5037 1941 5102 sit,
1969 5051 2030 5090 ac
2058 5035 2366 5089 contulistio
2394 5034 2634 5104 ipsorum
2669 5034 2810 5088 facta
2843 5038 3058 5090 sitcum
3091 5042 3394 5106 corruptio-

1847 5143 1914 5181 ne
1953 5129 2192 5196 ipsorum
2227 5136 2279 5179 ct
2325 5127 2619 5179 mutatione
2664 5142 2690 5178 a
2741 5138 2882 5180 statu
2932 5145 3073 5181 suo:
3108 5138 3268 5197 atque
3324 5133 3395 5184 ita

1850 5220 1988 5288 quod
2015 5218 2234 5270 mistqu
2262 5225 2348 5271 est
2376 5232 2440 5268 ex
2475 5225 2624 5270 aceto
2658 5228 2710 5268 et
2741 5218 2915 5280 melle,
2955 5220 3152 5271 factum
3185 5232 3262 5273 est
3303 5212 3394 5275 nc-

1848 5322 1950 5376 que
1982 5318 2190 5360 acetum
2220 5345 2234 5368 ,
2263 5320 2440 5374 neque
2470 5307 2594 5375 mel,
2636 5306 2774 5372 quod
2817 5319 3104 5375 utrumque
3139 5327 3322 5362 eorum
3364 5329 3391 5363 a

1847 5406 1989 5452 statu
2026 5413 2126 5452 suo
2164 5405 2423 5450 mutatum
2466 5399 2535 5449 sit
2570 5416 2582 5448 :
2617 5397 2687 5448 ita
2733 5405 2786 5450 ct
2839 5400 2889 5451 in
2927 5403 3150 5452 mistura
3183 5402 3296 5453 auri
3343 5415 3393 5456 ct

1850 5490 2099 5558 argenti,
2148 5488 2346 5557 plumbi
2402 5473 2454 5540 et
2510 5489 2666 5551 :ttris,
2737 5493 2872 5542 laud
2951 5509 3139 5558 purum
3215 5505 3394 5547 manet

1850 5581 2163 5635 utrumlibet
2187 5595 2393 5632 eorum.
2431 5581 2602 5647 Atque
2639 5582 2722 5635 hic
2760 5599 2898 5637 unus
2925 5594 3002 5637 cst
3027 5602 3056 5637 e
3089 5585 3259 5642 tribus
3291 5587 3395 5639 mi-

1851 5670 2043 5728 stiouis
2083 5669 2275 5724 modis.
2303 5669 2585 5727 Secundus
2614 5681 2696 5727 est
2728 5675 2906 5729 mistio
2936 5662 3053 5743 qua?
3085 5675 3140 5728 iit
3165 5677 3390 5733 scorsim
