3950 6348
565 344 702 411 1043

1567 348 1935 409 ΕυΤΥΟΗῐῙ
1976 348 2387 447 ALE§ANDR
2403 353 2512 412 [Nl
2549 353 2764 414 PATR.

3630 356 3737 422 ιαμ

558 456 761 511 addens
787 456 944 511 dicit:
976 456 1040 511 Et
1070 455 1289 511 Verbum
1318 458 1513 527 factum
1530 465 1608 509 est
1638 472 1783 518 raro,
1814 468 1861 509 et
1890 471 2121 509 commo-
2149 460 2195 515 Α
2225 460 2393 525 tilem,
2423 478 2543 531 quae
2582 472 2725 517 statu
2757 475 2858 518 suo
2885 464 3114 533 simplici
3144 469 3316 522 tribus
3352 468 3546 525 diebus
3568 469 3618 521 in
3638 486 3738 525 aere

559 557 733 601 ratum
758 559 835 601 est
871 551 1003 601 inter
1028 565 1122 602 nos
1142 549 1182 614 ³,
1212 548 1666 618 conﬁrmavitque
1695 548 1898 602 dictum
1929 565 2107 613 suum,

560 638 972 692 subsistentiam
996 636 1161 693 Verbi
1186 653 1349 692 unam
1378 652 1524 702 esse,
1553 628 1673 707 qua
1704 654 1977 708 nunquam
2004 655 2110 694 non

560 730 660 782 fuit
707 745 829 783 cum
860 730 1053 789 Patre.
1091 731 1443 799 eamdemque
1491 731 1661 800 ipsam
1707 739 1981 800 assumpta
2015 725 2115 785 na;

561 832 679 875 tura
712 808 945 876 humana
977 822 1189 887 factam.
1216 821 1386 877 fuisse
1416 837 1633 878 carnem
1662 824 1727 877 ad
1758 823 2113 880 habitandum

569 912 712 967 inter
750 912 1021 977 homines,
1056 928 1218 982 quam
1253 928 1391 968 nova
1426 907 1699 970 creatione
1737 916 1841 971 sibi
1876 915 2115 971 condidit

560 1017 624 1055 ex
683 1000 1113 1074 Mariavirgine
1160 1002 1280 1058 sine
1335 1003 1542 1059 semine
1592 1002 1851 1059 humano.
1882 1003 2115 1072 Fuitque

561 1090 798 1147 Verbum
845 1093 989 1162 quod
1038 1108 1258 1148 carnem
1303 1092 1462 1148 istam
1515 1092 1771 1148 formavit
1817 1094 1871 1148 ia
1924 1093 2113 1158 Maria,

554 1184 736 1261 instar
763 1185 987 1242 seminis
1015 1184 1155 1253 quod
1187 1180 1350 1239 causa
1378 1186 1461 1241 est
1489 1183 1830 1242 formationis
1858 1185 2113 1242 hominis.

563 1272 763 1342 Estque
814 1275 987 1343 ipsum
1027 1289 1257 1345 persona
1286 1276 1375 1330 illa
1403 1290 1523 1345 quae
1551 1275 1605 1330 in
1634 1283 1821 1331 sancta
1847 1275 2117 1347 Trinitate

563 1374 881 1420 numeratur
908 1380 1031 1419 cum
1061 1366 1224 1421 Patre
1242 1375 1299 1421 et
1333 1364 1539 1436 Spiritu
1586 1372 1800 1421 sancto.
1859 1366 2116 1433 idemque

561 1452 704 1523 quod
738 1463 1057 1507 numeratur
1082 1470 1245 1509 unum
1286 1469 1409 1510 cum
1444 1454 1792 1519 hominibus;
1836 1456 1923 1510 ille
1958 1454 2115 1512 Jesus

563 1543 813 1601 Christus
841 1543 1013 1600 Filius
1043 1543 1135 1601 Dei
1160 1546 1417 1609 viventis,
1438 1546 1715 1603 Filiusille
1740 1547 1965 1613 unicus;
1994 1563 2118 1617 per-

563 1631 739 1688 fectus
786 1632 929 1689 Deus
975 1648 1097 1688 eum
1147 1633 1305 1690 Patre
1349 1646 1401 1691 et
1452 1634 1659 1705 Spiritu
1704 1645 1928 1701 sancto,
1969 1637 2117 1691 nullo

564 1724 707 1778 inter
739 1724 887 1794 ipsos
917 1724 1233 1781 discrimine
1262 1726 1404 1797 quod
1436 1728 1503 1783 ad
1532 1728 1829 1784 essentiam
1862 1729 2115 1783 divinita-

566 1806 636 1868 tis
674 1824 721 1869 et
758 1817 1113 1872 substantiam
1151 1817 1356 1886 ipsius;
1406 1827 1461 1873 et
1497 1819 1767 1889 perfectus
1798 1821 1962 1873 homo
1993 1834 2114 1874 cum

567 1904 738 1961 Matre
773 1921 874 1961 sua
900 1908 1221 1979 eat-terisque
1256 1910 1593 1973 hominibus,
1630 1910 1776 1965 nullo
1802 1911 1942 1966 inter
1968 1910 2120 1979 ipsos

566 1998 881 2054 discrimine
927 2002 1137 2057 ratione
1186 2001 1441 2057 essentia
1493 1994 1947 2057 humanitatistet
1990 2003 2123 2057 stib-

566 2090 781 2145 stantia:
838 2090 1032 2160 ipsius,
1062 2092 1180 2147 sine
1200 2094 1561 2149 conversione
1582 2093 1995 2156 autmutatione
2015 2093 2122 2163 56

567 2179 831 2234 utriusvis
868 2189 1186 2235 naturarum
1223 2182 1393 2250 ipsius
1427 2198 1455 2236 a
1492 2181 1794 2236 substantia
1828 2196 1958 2246 sua;
2005 2182 2120 2236 sive

566 2268 869 2325 divinitatis
905 2285 934 2324 a
971 2270 1281 2327 substantia
1314 2286 1411 2326 sua
1449 2271 1632 2325 subtili
1668 2281 1721 2324 et
1754 2271 2119 2338 simplicitate;

567 2360 636 2415 ad
671 2376 914 2418 crassam
947 2362 1307 2417 humanitatis
1343 2362 1644 2433 [naturam]
1681 2370 1733 2416 et
1765 2364 2122 2429 compositio-

567 2442 691 2507 nem
724 2455 933 2524 ipsius;
966 2456 1077 2511 sive
1105 2432 1458 2536 humanitatis
1483 2470 1509 2507 a
1537 2456 1785 2509 crassitie
1814 2463 1867 2509 et
1899 2470 2122 2525 compo-

568 2544 768 2601 sitione
798 2546 862 2600 ad
897 2547 1253 2602 subtilitatem
1289 2557 1343 2602 et
1374 2548 1777 2617 simplicitatem
1803 2547 2121 2611 divinitatis,

571 2634 746 2705 lsine,
794 2636 1064 2709 inquam,]
1108 2639 1188 2693 vel
1240 2638 1527 2702 mistione,
1576 2648 1963 2706 eorrumpente
2006 2651 2126 2705 qua:

572 2734 741 2780 mutet
782 2727 1101 2781 alterutrum
1149 2744 1206 2782 rc
1245 2730 1425 2798 aliqua
1464 2729 1529 2783 ad
1568 2730 1926 2784 substantiam
1970 2742 2123 2783 suam
2184 2740 2189 2743 ‘

576 2814 926 2888 [spectante,]
970 2819 1082 2873 sive
1127 2833 1291 2888 parva
1336 2820 1450 2873 sive
1496 2835 1725 2889 magna,
1758 2834 1862 2889 qua
1910 2818 2060 2877 ﬂeret
2098 2832 2128 2871 e

571 2906 783 2963 duabus
820 2911 1025 2963 naturis
1055 2924 1159 2961 una
1185 2920 1377 2964 natura
1410 2911 1591 2963 mista.
1624 2908 1734 2963 lloc
1760 2910 1903 2963 enim
1939 2907 2127 2962 inﬁde-

569 2998 695 3051 litas
723 3008 803 3052 est
834 3008 887 3053 et
917 3000 1247 3068 blasphemia
1278 3000 1330 3053 in
1361 2999 1548 3061 Deum,
1578 3000 1787 3068 atligere
1820 3000 1919 3067 ipsi
1954 3007 2124 3051 muta-

2214 555 2539 623 permausit,
2572 569 2807 623 quorum
2844 557 3049 625 primus
3108 557 3208 611 l‘uit
3245 559 3377 614 feria
3427 558 3601 629 prima
3653 577 3737 629 qna

2214 658 2393 701 creata
2422 654 2545 701 est:
2611 646 2810 701 deinde
2847 647 2946 717 ipsi
2980 648 3067 701 die
3102 660 3296 717 quarto
3349 666 3552 720 corpus
3598 663 3743 705 matec

2213 739 2349 794 riale
2379 738 2608 803 creavit,
2650 737 2702 791 in
2754 753 2861 808 quo
2892 739 3064 807 ipsam
3145 742 3357 804 statuit,
3396 751 3559 810 atque
3618 743 3742 795 inha-

2215 830 2390 886 bitare
2420 830 2569 897 fecit,
2620 831 2873 886 mistione
2901 832 3208 908 necessaria
3266 842 3320 885 et
3381 834 3745 901 conjunctione

2215 922 2396 987 iirma,
2444 933 2497 976 et
2526 929 2700 977 totum
2732 920 2845 975 hoc
2874 920 3041 974 solem
3078 919 3364 987 appellavit
3386 922 3609 974 nomine
3636 937 3745 983 uno,

2214 1013 2359 1083 quod
2412 1012 2819 1083 comprehendit
2847 1019 2901 1068 et
2932 1022 3181 1063 naturam
3218 1009 3361 1062 lucis
3392 1010 3544 1072 solis,
3579 1018 3633 1063 et
3667 1026 3750 1061 na-

2216 1115 2391 1160 turam
2423 1105 2668 1175 corporis
2700 1104 2842 1174 ejus,
2900 1102 3141 1171 unitate.
3177 1098 3543 1153 subsistentia:
3601 1100 3747 1167 ipsius

2215 1195 2379 1263 unius
2409 1208 2573 1264 quam
2600 1190 3003 1259 comprehendit
3040 1188 3117 1243 sol
3151 1188 3291 1242 unus
3319 1202 3335 1251 ;
3363 1188 3521 1255 cujus
3555 1204 3652 1242 nec
3677 1190 3747 1245 ius

2216 1294 2339 1340 ante
2374 1300 2571 1353 corpus
2599 1282 2769 1349 ipsius
2800 1282 2879 1337 sol
2916 1280 3233 1340 vocabatur,
3271 1292 3371 1331 uec
3406 1291 3605 1345 corpus
3656 1275 3751 1326 sine

2218 1378 2335 1432 luce
2395 1377 2477 1432 sol
2535 1374 2708 1439 audit,
2756 1388 2940 1428 verum
3002 1372 3081 1427 sol
3138 1385 3279 1425 unus
3335 1377 3418 1422 est
3472 1383 3601 1421 eum
3655 1364 3754 1417 luce

2216 1481 2270 1525 et
2332 1482 2559 1537 corpore
2639 1483 2739 1523 suo
2798 1466 3018 1533 pariter.
3087 1462 3395 1528 Eodemque
3466 1457 3627 1514 modo
3686 1455 3753 1507 di-

2217 1564 2497 1635 gnoscitur
2548 1562 2636 1615 lux
2688 1558 2779 1613 Dei
2810 1556 3078 1613 Christus.
3113 1552 3298 1622 Neque
3324 1552 3467 1605 enim
3507 1558 3632 1602 ante
3684 1548 3756 1601 in-

2218 1653 2591 1707 earnationem
2631 1664 2783 1705 suam
2815 1663 2883 1702 ex
2915 1646 3121 1717 virgine
3164 1644 3331 1697 Maria
3360 1643 3660 1711 appellatus
3687 1650 3756 1694 est

2217 1745 2508 1808 Christus;
2542 1756 2718 1809 neque
2752 1740 2957 1794 dicitur
2986 1735 3299 1790 humanitas
3324 1734 3497 1802 ipsius
3526 1735 3645 1787 sine
3684 1732 3757 1785 di-

2218 1839 2444 1894 vinitate
2471 1835 2741 1898 Christus,
2899 1840 3085 1884 verum
3111 1827 3367 1881 divinitas
3387 1836 3439 1877 et
3465 1825 3759 1878 humanitas

2220 1929 2391 1997 ipsius
2430 1925 2590 1981 simul
2635 1921 2897 1979 Christus
2922 1933 3085 1982 unus,
3118 1917 3212 1984 qui
3246 1926 3415 1970 estex
3467 1913 3761 1967 substantia

2220 2020 2398 2075 Patris
2445 2027 2499 2073 et
2526 2016 2761 2085 Spiritus
2786 2013 2959 2068 sancti
2989 2009 3287 2078 secundum
3316 2005 3683 2065 divinitatem,
3709 2010 3754 2055 et

2220 2126 2284 2163 ex
2316 2105 2615 2163 substantia
2662 2102 2845 2157 Matris
2870 2114 2980 2154 sua:
3021 2098 3460 2164 reliquorumque
3491 2091 3759 2144 hominum

2222 2208 2472 2269 respectu
2512 2192 2863 2251 humanitatis
2904 2204 3037 2261 suae,
3066 2187 3158 2256 qui
3191 2186 3306 2238 vnit
3351 2184 3632 2237 voluntate
3684 2196 3743 2233 na

2223 2300 2357 2344 turre
2391 2283 2743 2345 humanitatis
2798 2294 2931 2341 suae,
2962 2288 3265 2344 omnesque
3354 2272 3475 2340 ejus
3537 2270 3766 2324 actiones

2222 2386 2500 2449 operatur,
2524 2384 2746 2444 excepto
2776 2380 3016 2451 peccato.
3047 2368 3341 2451 Peccatum
3367 2363 3513 2417 enim
3548 2377 3656 2415 non
3689 2368 3761 2413 est

2223 2445 2291 2525 de
2322 2464 2624 2525 substantia
2684 2445 2907 2522 naturm,
2947 2468 3132 2513 verum
3182 2445 3435 2509 accidens
3478 2452 3626 2519 quod
3686 2464 3769 2517 per

2222 2561 2572 2617 rebellionem
2607 2555 2662 2608 in
2690 2541 2939 2606 naturam
2966 2541 3211 2603 intravit:
3250 2545 3367 2599 Non
3407 2542 3620 2598 destitit
3649 2540 3767 2593 sub-

2226 2652 2424 2708 stantia
2466 2644 2817 2701 ltumanitatis
2843 2642 3014 2713 ipsius
3041 2638 3265 2707 obsequi
3297 2633 3622 2690 substantia
3649 2631 3767 2684 divi-

2227 2744 2413 2798 nitatis
2469 2738 2661 2810 ipsius,
2698 2752 2764 2791 ex
2791 2748 2900 2803 quo
2926 2745 3147 2787 carnem
3182 2727 3378 2787 induit,
3438 2739 3540 2779 nec
3576 2720 3776 2776 destitit

2229 2829 2455 2883 aﬂectus
2481 2809 2836 2879 humanitatis
2871 2820 3045 2889 ipsius
3083 2830 3277 2886 parere
3306 2812 3523 2867 aﬂectui
3582 2809 3773 2865 divini-

2232 2921 2329 2977 tati
2358 2920 2529 2990 ipsius
2555 2934 2569 2981 ;
2607 2929 2781 2982 neque
2801 2914 2945 2968 enim
2976 2908 3247 2965 desiderat
3279 2905 3595 2959 humanitas
3615 2902 3777 2971 ipsius

2228 3028 2326 3084 per
2350 3027 2429 3075 se,
2454 3008 2597 3077 quod
2626 3007 2740 3061 vult
2762 3012 2957 3059 natura
2984 3000 3337 3057 humanitatis
3372 2996 3439 3050 de
3466 2994 3611 3056 cibo,
3638 3000 3777 3084 potu,

570 3086 774 3140 tionem
805 3087 1039 3155 aliquam
1072 3103 1176 3156 qua
1208 3104 1235 3141 a
1274 3089 1577 3160 substantia
1610 3104 1706 3143 sua
1744 3099 1962 3143 creante
1996 3103 2118 3142 con-
2151 3104 2195 3163 ε
2228 3083 2441 3168 πωπω,
2473 3100 2796 3169 cm“,qu
2826 3110 2947 3165 qua,
2978 3094 3045 3148 ad
3078 3089 3445 3147 ευδειεηιίιηι
3472 3083 3781 3139 nummi“.

571 3184 877 3233 verteretur
921 3179 973 3233 itt
1022 3180 1381 3233 substantiam
1436 3188 1707 3246 creatam;
1757 3190 1850 3235 aut
1900 3178 2123 3251 [dicere]

544 3279 811 3335 ‘carnem,
852 3284 1012 3339 quam
1058 3272 1157 3326 sibi
1210 3272 1263 3325 in
1312 3272 1677 3326 habitaculum
1724 3274 1949 3333 creavit,
1991 3288 2125 3326 con-

572 3362 710 3417 verti
751 3376 781 3415 a
828 3363 1132 3419 substantia
1175 3379 1274 3418 sua
1319 3372 1500 3419 creata
1550 3380 1614 3419 ac
1658 3364 1770 3420 ﬂeri
1826 3375 2125 3421 errantem.

573 3454 728 3520 Quod
753 3455 797 3510 si
820 3455 940 3509 duae
964 3464 1168 3509 natura:
1189 3456 1675 3511 commiscerentur
1699 3458 1925 3512 mistura
1951 3460 2128 3527 aliqua

576 3545 710 3598 adeo
735 3554 793 3598 ut
821 3544 1009 3604 tierent
1038 3556 1398 3608 natura,una,
1424 3561 1530 3599 non
1561 3556 1707 3601 esset
1736 3547 1986 3603 Christus
2011 3559 2130 3619 post

577 3639 1008 3693 incarnationem
1040 3653 1220 3703 suam,
1248 3654 1278 3694 e
1314 3640 1619 3694 substantia
1656 3639 1832 3693 Patris
1864 3648 1916 3695 et
1954 3641 2129 3709 Spiri-

578 3736 672 3781 tus
708 3728 911 3796 sancti,
958 3727 1223 3796 siquidem
1264 3727 1564 3783 substantia
1604 3726 1782 3780 Patris
1812 3736 1865 3781 et
1894 3726 2131 3797 Spiritus

576 3816 749 3872 sancti
787 3826 867 3871 est
900 3815 1204 3872 substantia
1233 3817 1483 3886 simplex,
1511 3817 1756 3881 subtilis,
1789 3817 1879 3871 lux
1911 3832 2127 3881 creans,

575 3922 739 3978 quam
769 3921 877 3961 non
914 3906 1213 3975 ingreditur
1238 3908 1582 3977 compositio.
1610 3907 1673 3959 Et
1702 3908 1973 3975 quomodo
1997 3923 2129 3962 con-

576 3999 787 4054 veniret
824 4007 882 4053 ut
921 3997 1091 4054 Filius
1133 3999 1449 4053 incarnatus
1490 4009 1870 4053 aceenseretur
1904 4000 2047 4054 Patri
2079 4008 2133 4053 et

578 4090 771 4147 sancto
825 4088 1072 4158 Spiritui,
1107 4097 1393 4160 postquam
1450 4104 1482 4143 e
1531 4088 1836 4145 substantia
1892 4091 2133 4161 ipsorum

576 4196 828 4252 egressus
857 4189 1003 4236 esset
1036 4195 1148 4251 prae
1174 4194 1237 4235 ea
1264 4182 1353 4234 cui
1383 4181 1653 4235 obnoxius
1685 4180 1859 4237 fuerat
1885 4183 2135 4239 mistione

579 4279 634 4324 et
660 4272 1088 4340 compositione?
1112 4274 1218 4326 Aut
1250 4272 1519 4339 quomodo
1547 4272 1937 4327 concederetur
1960 4272 2135 4343 ipsum

580 4377 705 4417 esse
734 4361 901 4417 Deum
936 4374 1100 4417 uttum
1125 4378 1247 4417 eum
1283 4362 1445 4416 Patre
1473 4370 1527 4416 et
1561 4361 1765 4431 Spiritu
1797 4372 1991 4420 sancto
2016 4379 2138 4419 cum

2228 3196 2299 3251 tis
2346 3198 2613 3263 spectant,
2669 3195 2898 3256 excepto
2946 3192 3190 3254 peccato,
3246 3180 3419 3234 donec
3474 3175 3797 3263 desiderare.

2228 3260 2393 3341 iaciat
2424 3282 2680 3338 divinitas
2704 3279 2877 3337 iusius
2904 3275 3298 3330 humanitatem
3330 3262 3525 3339 ipsius,
3552 3260 3784 3335 velitque

2230 3378 2331 3447 ipsi
2355 3385 2415 3431 ut
2436 3375 2565 3430 velit
2586 3372 2733 3443 quod
2758 3371 2807 3426 ei
2848 3384 2944 3438 per
2966 3382 3026 3423 se
3050 3364 3333 3434 competit,
3361 3375 3466 3415 nec
3485 3358 3779 3429 quidquam

2228 3466 2457 3535 sumpsit
2481 3464 2691 3518 ratione
2716 3460 3058 3537 necessitatis
3080 3468 3130 3511 et
3163 3454 3575 3524 contpulsionis,
3604 3465 3785 3505 eorum

2228 3571 2349 3625 qum
2384 3567 2513 3608 caro
2543 3548 2845 3606 necessario
2879 3547 3131 3620 requirit,
3175 3558 3350 3621 neque
3397 3543 3464 3596 ad
3490 3541 3783 3611 quidquam

2230 3662 2418 3703 eorum
2438 3645 2699 3714 confugit,
2724 3641 2795 3697 ob
2818 3639 3110 3709 potentiam
3148 3634 3467 3691 substantia:
3491 3631 3786 3687 divinitatis

2232 3754 2347 3795 suae
2404 3752 2524 3808 qua:
2567 3736 2794 3790 adtnista
2833 3743 2914 3788 est
2965 3728 3291 3785 humanitati
3353 3727 3530 3797 ipsius
3571 3725 3781 3779 unitate

2234 3827 2617 3891 subsistentia,
2648 3825 2715 3880 ad
2754 3819 3110 3877 amovendam
3173 3832 3389 3873 omnem
3446 3814 3786 3885 compulsio-

2235 3934 2356 3975 netn
2430 3927 2483 3972 et
2542 3913 2927 3969 necessitatem
2983 3925 3014 3963 a
3071 3907 3373 3982 substantia
3436 3904 3787 3960 humanitatis

2237 4012 2429 4079 ipsius.
2468 4006 2662 4061 Verum
2690 3993 2905 4059 creavit
2931 4002 3054 4073 ipsa
3084 3997 3442 4053 substantiam
3479 3992 3785 4050 humanita;

2236 4100 2309 4157 tis
2338 4098 2531 4167 ipsius,
2583 4096 2859 4163 voluitque
2883 4107 3003 4162 qua:
3029 4089 3199 4145 voluit
3223 4086 3539 4142 humanitas
3569 4101 3670 4155 per
3698 4098 3785 4145 se;

2237 4198 2299 4244 ut
2343 4191 2418 4243 ita
2488 4187 2766 4241 veritatem
2829 4186 3099 4239 astrueret
3153 4187 3360 4233 natura:
3415 4174 3788 4233 humanitatis.

2238 4282 2407 4351 ipsam
2447 4276 2693 4351 31-63
2719 4276 2927 4331 scilicet
2955 4282 3156 4351 statum
3179 4262 3186 4270 ’
3209 4285 3366 4326 suum
3408 4269 3644 4327 ﬁrmiter
3677 4266 3791 4319 reti-

2242 4350 2389 4437 nere,
2416 4386 2517 4425 nec
2538 4372 2591 4425 itt
2622 4368 2767 4423 aliud
2800 4365 2928 4437 quid
2952 4381 2981 4419 a
3016 4350 3318 4421 substantia
3341 4376 3440 4417 sua
3470 4371 3789 4415 conversum

581 4469 645 4508 ea
666 4469 786 4523 qua:
806 4454 1200 4523 naturaeipsius
1222 4453 1487 4523 obtigerat
1512 4454 1961 4531 mistione?_Quitt
1980 4454 2140 4510 etiam
2175 4461 2218 4519 ι)
2254 4476 2399 4515 esse.
2439 4458 2693 4527 Fecitque
2721 4456 2974 4525 Christus
3000 4469 3190 4509 omnes
3228 4451 3590 4511 humanitatis
3633 4449 3792 4503 aeuo.

585 4546 687 4600 hoc
718 4555 876 4615 pacto
905 4554 1051 4625 esset
1088 4546 1400 4599 humanitas
1430 4545 1636 4601 Christi
1674 4547 1983 4601 humanitas
2013 4562 2136 4601 cum

582 4650 646 4689 ea
675 4651 837 4704 quam
870 4635 1112 4688 subierat
1138 4633 1385 4704 57-59
1416 4637 1716 4690 mutatione
1744 4644 1987 4705 respectu
2014 4638 2142 4692 sub-

584 4728 795 4783 stantia:
818 4742 930 4781 sum
953 4742 980 4777 a
1010 4734 1204 4779 natura
1238 4727 1593 4781 humanitatis
1616 4726 1681 4780 ad
1706 4728 2139 4781 commistiouetn

586 4830 709 4870 cum
730 4815 1036 4870 substantia
1064 4814 1386 4878 divinitatis,
1406 4827 1457 4869 et
1483 4817 1933 4885 alterationequze
1965 4826 2142 4871 muta-

585 4905 788 4963 tionem
818 4906 1105 4971 utriusque
1148 4914 1358 4957 natura:
1399 4906 1465 4958 ah
1506 4919 1695 4973 ecquo
1741 4905 1917 4959 fuerat
1960 4914 2143 4971 statu,

585 4997 685 5051 init
699 5006 825 5050 rret.
844 4993 953 5049 Nos
967 5010 1091 5049 vero
1109 4995 1381 5050 credimus
1402 4996 1457 5050 in
1470 4995 1744 5053 Christum
1770 5013 1959 5062 unum,
1977 5014 2144 5053 unum

580 5092 790 5143 factum
841 5088 1049 5140 unitate
1072 5102 1319 5156 personas
1356 5087 1409 5141 in
1459 5090 1562 5155 qua
1594 5089 1859 5158 cepulatas
1908 5102 2035 5143 sunt
2066 5092 2148 5143 di-

585 5180 788 5233 unitas
821 5185 874 5232 et
902 5178 1209 5233 substantia
1239 5180 1615 5250 humanitatis,
1676 5197 1797 5249 qua:
1829 5196 1921 5235 eas
1982 5183 2143 5237 simul

585 5268 878 5339 conjungit
926 5270 1046 5323 sine
1102 5270 1378 5334 mistione,
1432 5272 1811 5339 conversione,
1841 5275 2142 5328 mutatione

573 5373 675 5414 aut
713 5361 1051 5429 separatione
1086 5376 1191 5430 qua
1230 5361 1577 5417 divellantur.
1626 5362 1817 5432 'Neque
1842 5372 1922 5417 est
1947 5364 2060 5433 ipse
2090 5364 2142 5417 in

590 5454 855 5508 alterutra
888 5462 1203 5509 naturarum
1265 5456 1379 5508 sine
1410 5453 1579 5509 altera
1612 5472 1627 5509 :
1691 5458 2143 5524 quemadmodum

591 5550 843 5601 novimus
876 5545 1039 5599 Deum
1064 5547 1219 5599 initio
1251 5559 1468 5601 creasse
1498 5546 1673 5602 lucem
1695 5548 1993 5617 simplicem
2024 5548 2152 5602 sub-

693 5722 717 5754 ⁸
740 5719 894 5779 Joan.
926 5722 966 5789 l,
1003 5724 1085 5778 it.

2241 4564 2361 4613 nes,
2388 4554 2614 4615 excepto
2645 4553 2887 4615 peccato.
2908 4559 3029 4599 cum
3063 4544 3315 4598 incitaret
3338 4540 3604 4593 divinitas
3634 4538 3791 4607 ipsam

2243 4638 2309 4691 ad
2343 4636 2619 4691 faciendas
2654 4635 3009 4689 humanitatis
3040 4634 3302 4696 actiones,
3333 4634 3404 4685 ita
3437 4640 3494 4684 nt
3531 4646 3638 4686 nec
3669 4629 3796 4683 face

2245 4735 2325 4783 ret
2357 4727 2445 4780 illa
2468 4727 2656 4789 invita,
2682 4734 2777 4780 aut
2817 4725 3137 4785 necessitate
3181 4723 3246 4777 ad
3269 4721 3558 4793 quodlibet
3617 4734 3791 4777 eorum

2245 4819 2517 4885 compulsa
2552 4835 2569 4882 ;
2610 4828 2663 4871 at
2692 4830 2815 4870 cum
2847 4816 3005 4869 vellet
3038 4814 3294 4868 divinitas
3330 4820 3388 4865 ut
3441 4812 3610 4866 vellet
3656 4825 3791 4863 suam

2250 4894 2600 4971 voluntatem,
2632 4920 2795 4975 opera
2851 4914 3029 4959 autem
3080 4905 3248 4972 ipsius
3276 4902 3500 4965 faceret,
3550 4902 3794 4955 videlicet

2253 4996 2513 5069 [aliquod]
2545 4994 2847 5050 divinitatis
2880 4993 3044 5047 totius
3075 5006 3213 5060 opus
3246 4991 3527 5043 voluntate
3560 4987 3796 5043 essentia:

2250 5088 2549 5143 divinitatis
2580 5104 2596 5152 ;
2630 5101 2737 5140 non
2770 5084 2896 5139 fecit
2926 5084 3028 5138 hoc
3053 5081 3207 5151 quasi
3242 5091 3429 5149 petens
3456 5079 3529 5133 ah
3558 5079 3673 5133 alio
3728 5075 3794 5127 vel

2249 5196 2407 5251 prece
2429 5180 2509 5233 vel
2539 5176 2928 5248 supplicatione
2954 5175 3037 5229 vel
3068 5179 3277 5241 rogatu,
3312 5185 3499 5224 verum
3533 5171 3797 5222 voluntam

2250 5270 2549 5326 divinitatis
2584 5267 2880 5324 essentiali.
2943 5265 3203 5320 Voluntas
3228 5262 3371 5316 enim
3434 5259 3663 5327 generis
3708 5264 3793 5313 est,

2252 5378 2357 5416 non
2385 5359 2699 5422 individui;
2762 5356 2991 5424 ideoque
3023 5353 3386 5422 quodcunque
3452 5349 3577 5402 vult
3642 5348 3794 5406 Pater.

2253 5456 2392 5509 idem
2426 5452 2540 5507 vult
2566 5458 2621 5506 et
2660 5448 2852 5513 Filius,
2878 5455 2933 5503 et
2965 5446 3201 5516 Spiritus
3250 5449 3475 5498 sanctus
3504 5458 3521 5506 ;
3553 5450 3615 5495 et
3645 5436 3793 5510 quod.

2260 5562 2474 5619 cunque
2506 5545 2618 5601 vult
2648 5543 2841 5610 Filius,
2876 5541 3014 5596 idem
3045 5538 3157 5593 vult
3183 5542 3263 5607 et_
3293 5532 3457 5590 Pater
3488 5541 3546 5588 et
3578 5530 3795 5603 Spiritus
