3950 6348
187 276 298 338 1045

1556 276 1918 343 ANNALES.

3213 281 3354 361 low

178 395 408 452 sanctus;
442 386 1008 458 etquodcunqucfvult
1023 386 1259 457 Spiritus
1282 396 1527 454 sanctus.
1558 390 1697 445 idem
1727 393 1774 451 Δ
1807 398 1912 451 Deo
1944 396 2183 466 propria,
2230 412 2349 463 qua:
2383 411 2540 451 nemo
2576 397 2712 453 alitis
2762 397 2991 453 faciundi
3030 362 3349 466 potestatein

176 479 315 535 etiam
343 476 633 532 vultPater
648 489 702 534 et
722 478 913 544 Filius;
948 472 1051 533 non
1069 488 1151 535 cst
1169 479 1696 547 interipsoscontra-

175 571 318 623 rietas
357 570 452 619 aut
475 565 797 621 differentia.
820 555 998 636 Atque
1028 569 1100 622 ita
1129 568 1289 623 etiam
1324 571 1575 625 voluntas
1600 572 1699 626 hu-

175 657 452 720 inanitatis.
474 658 686 723 generis
723 666 810 713 est
845 673 952 712 non
986 659 1247 715 individui
1277 676 1292 714 :
1328 662 1557 730 ideoque
1581 677 1699 716 om-

173 750 315 805 nibus
342 748 654 803 hominibus
683 748 1277 807 communiterinsitum
1315 762 1397 813 est
1435 762 1691 822 appetere

172 842 375 904 bonum,
402 853 502 894 nec
533 838 816 907 quisquam
847 847 931 895 est
954 840 1127 900 ﬁdelis
1160 846 1241 899 vel
1297 845 1551 915 inﬁdelis,
1606 847 1702 901 bo-

172 945 269 986 nus
296 930 377 985 vel
410 930 608 986 malus.
635 930 727 999 qui
762 947 869 987 non
892 942 1122 1003 appetat
1155 936 1380 1001 bonum,
1412 938 1701 1007 ipsumque

171 1014 398 1087 πείρετε
427 1018 732 1085 desideret.
769 1033 879 1077 tum
912 1026 965 1078 in
999 1025 1100 1080 hoc
1133 1028 1357 1093 mundo,
1391 1038 1500 1082 tum
1532 1030 1584 1082 in
1620 1027 1704 1082 fu-

170 1117 327 1177 turo;
357 1126 456 1166 nec
484 1112 767 1185 quisquam
808 1124 895 1171 est
919 1119 1011 1186 qui
1049 1127 1271 1189 respuat
1324 1118 1555 1183 bonum,
1608 1127 1703 1174 aut

168 1199 246 1253 cui
290 1213 395 1254 non
448 1200 579 1257 insit
632 1204 905 1272 appetitus
964 1206 1093 1268 cibi,
1156 1214 1337 1274 potus,
1374 1207 1700 1275 indumenti,

168 1290 351 1355 somni,
387 1290 607 1360 quietis.
641 1295 1067 1363 tranquillitatis,
1096 1287 1514 1366 prosperitatis,
1547 1302 1701 1355 sani-

164 1381 278 1436 tatis
305 1390 355 1437 et
381 1383 522 1449 vitae;
550 1392 604 1440 et
624 1386 806 1439 odium
837 1400 1020 1440 eorum
1046 1403 1163 1457 qua:
1182 1390 1290 1461 64
1312 1390 1398 1447 bis
1424 1395 1702 1448 contraria

163 1478 300 1535 sunt,
333 1473 583 1533 videlicet
647 1474 824 1540 famis,
882 1471 1025 1546 sitis,
1066 1480 1351 1546 nuditatis,
1394 1482 1734 1552 insomnize,’

157 1560 373 1624 laboris,
403 1556 682 1629 molestiae,
704 1565 1072 1634 adversitatis,
1102 1572 1458 1641 aegritudinis,
1491 1579 1701 1633 mortis.
1758 1636 1761 1639 _

1804 484 1983 549 habet,
2020 500 2193 553 neque
2222 485 2313 539 ulli
2350 496 2596 554 unquam
2632 501 2662 541 ε
2691 489 2957 540 creaturis
2992 488 3165 555 ipsius
3190 524 3193 529 ‹
3218 500 3353 540 con.

1802 587 1956 628 cessa
1988 581 2135 627 sunt.
2164 572 2330 641 quue
2365 575 2489 643 quia
2518 574 2634 642 ipse
2671 581 2821 627 creat
2850 574 3211 642 quodcunque
3234 574 3348 626 vult

1802 672 1857 717 et
1880 662 2200 716 abscondita
2229 664 2399 726 novit.
2426 664 2758 733 perspiciens
2788 678 2910 731 quae
2948 671 3133 731 tegunt
3163 672 3347 732 pecto-

1802 767 1885 817 ra,
1912 761 1988 821 et
2022 760 2243 820 peccata
2296 754 2543 816 remittit,
2579 768 2700 823 qua:
2743 768 2904 809 nemo
2956 763 3147 820 praeter
3176 756 3351 822 ipsum

1803 846 2083 900 remittere
2118 849 2314 915 potest.
2377 843 2580 911 Estque
2615 846 2671 899 in
2702 847 2850 900 omni
2884 845 3004 901 loco
3034 860 3187 913 aeque
3213 862 3349 913 pra:-

1803 950 1929 990 sens
1946 934 2093 988 nulla
2119 948 2177 993 re
2195 933 2533 998 terminatus,
2555 927 2677 988 etin
2697 937 2958 1003 sepulcris
2976 922 3089 1006 68
3107 936 3355 990 conditos

1775 1023 1889 1100 [die
1920 1024 2340 1079 resurrectionis
2367 1025 2791 1080 resuscitatnrus
2820 1034 2902 1079 est
2932 1028 3169 1095 potentia
3230 1042 3352 1092 sua,

1803 1130 1929 1171 cum
1962 1114 2329 1172 sit-Dominus
2358 1116 2701 1184 dieijudicii,
2765 1116 3019 1170 thronum
3082 1132 3356 1185 occupans

1802 1214 1854 1263 et
1879 1222 2103 1277 regnum
2150 1216 2207 1262 et
2240 1207 2584 1262 ratiocinium
2611 1206 2885 1271 severum’,
2915 1207 3004 1273 qui
3065 1207 3357 1275 unicuique

1802 1288 2098 1355 secundum
2132 1314 2195 1354 ea
2229 1314 2349 1369 qua:
2377 1299 2503 1354 fecit
2536 1298 2825 1365 retribuit;
2857 1299 3106 1366 idemque
3143 1298 3233 1365 qui
3294 1298 3358 1348 de

1804 1391 1944 1444 caelo
1977 1389 2311 1446 descendens
2344 1389 2659 1444 incarnatus
2697 1397 2802 1453 est,
2826 1399 2881 1444 et
2906 1404 3106 1457 corpus
3141 1389 3192 1441 in
3251 1403 3360 1441 etr-

1804 1481 1913 1535 Ium
1953 1482 2194 1536 sustulit.

1874 1570 2009 1627 Cum
2058 1580 2239 1626 autem
2278 1572 2480 1627 iaceret
2506 1586 2671 1639 opera
2724 1568 3097 1631 humanitatis.
3136 1584 3198 1624 ea
3241 1584 3358 1634 qmu

157 1650 283 1748 Illud
311 1658 491 1748 autem
526 1652 671 1721 quod
697 1653 1009 1725 discrepant
1036 1660 1281 1716 homines
1310 1672 1508 1732 praeter
1538 1681 1706 1736 appe-
1738 1693 1779 1748 Β
1806 1676 1969 1731 opera
2001 1668 2130 1724 sunt
2157 1661 2410 1730 generica
2444 1671 2497 1715 et
2529 1662 2797 1715 naturalia
2859 1647 3062 1729 (qualia
3085 1666 3211 1713 sunt
3235 1658 3358 1711 ede-

155 1739 303 1793 titum
335 1740 690 1821 universalem
730 1747 874 1816 quod
908 1748 972 1801 ad
1008 1765 1096 1804 res
1120 1765 1256 1817 quas
1284 1753 1378 1806 alii
1414 1753 1603 1811 conira
1639 1773 1703 1813 ac
1735 1739 1745 1811 ί

152 1830 238 1884 alii
285 1832 476 1897 velint,
516 1850 624 1889 non
656 1844 740 1891 est
763 1852 793 1890 a
842 1840 1121 1896 voluntate
1153 1846 1390 1907 naturali
1421 1863 1544 1917 quas
1604 1866 1701 1918 ge-

153 1920 264 1976 neri
297 1925 575 1993 competit,
604 1927 697 1981 sed
732 1927 1061 1997 desiderium
1092 1933 1369 2004 singulare
1400 1940 1544 2006 quod
1580 1941 1703 2009 qui-

152 2010 379 2066 busdam
408 2020 614 2067 tantum
653 2015 931 2072 hominum
961 2023 1175 2088 accidit,
1228 2040 1290 2079 ac
1318 2030 1580 2095 appetitui
1611 2047 1704 2086 na—

151 2104 308 2158 turali
340 2108 668 2160 contrarium
698 2127 713 2173 ;
756 2118 937 2180 utpote
960 2115 1104 2181 quod
1137 2116 1281 2171 aliud
1311 2133 1339 2171 a
1373 2121 1514 2175 bono
1541 2136 1701 2191 appe-

148 2201 244 2258 tat,
278 2194 510 2264 ideoque
540 2197 850 2268 discrepant
879 2203 932 2255 in
964 2203 1251 2262 desideriis
1286 2208 1406 2265 istis
1452 2212 1703 2267 acciden-

146 2282 347 2341 talibus
403 2300 523 2353 quae
582 2287 651 2342 ab
710 2290 993 2348 aﬂectibtts
1048 2296 1317 2365 oriuntur,
1376 2316 1702 2372 unoquoque

143 2373 276 2428 illud
305 2375 521 2431 volente
542 2378 685 2447 quod
708 2380 979 2438 desiderat
1007 2385 1077 2440 ob
1104 2388 1433 2458 voluptatem
1457 2409 1576 2462 qua:
1595 2395 1699 2463 ipsi

142 2464 267 2520 inde
301 2467 821 2539 contingit.-Neque
853 2481 1029 2529 tamen
1081 2476 1299 2533 interim
1354 2483 1511 2538 exuit
1549 2486 1701 2553 quis-

140 2554 286 2623 piam
317 2558 615 2626 appetitum
637 2575 976 2633 communem
1002 2582 1109 2635 quo
1134 2569 1430 2625 incitantur
1449 2575 1697 2632 homines

140 2640 209 2695 ad
241 2643 448 2725 bonum
478 2645 761 2701 volendum
801 2650 1088 2723 ipsumque
1108 2659 1558 2725 amplectendam,
1588 2674 1695 2719 tam

134 2729 199 2785 in
224 2722 472 2824 b‘acgvita
490 2751 647 2805 quam
671 2739 726 2793 in
746 2737 948 2796 futura.
975 2722 1209 2816 Ideoque
1234 2749 1452 2807 ChriSto
1477 2722 1697 2824 compe-

136 2828 263 2876 tunt
297 2822 443 2877 bime
472 2827 779 2885 voluntates
814 2836 1089 2892 naturales
1148 2838 1388 2909 integrae.
1422 2822 1613 2899 divina
1646 2857 1703 2901 et

128 2912 403 2981 humana,
437 2918 647 2989 duoque
664 2939 856 2992 genera
876 2926 1104 2996 integra,
1124 2944 1318 2986 creans
1343 2943 1397 2987 et
1422 2944 1693 3005 creatum,

1806 1767 1885 1817 re,
1913 1751 2123 1815 bibere,
2157 1751 2327 1811 indui.
2358 1767 2601 1818 somnus,
2646 1754 2833 1816 sudor,
2865 1752 3109 1829 tristitia,
3146 1765 3363 1819 perpes-

1805 1845 2010 1908 siones,
2047 1846 2243 1911 mors),
2286 1844 2373 1911 bis
2428 1846 2819 1923 humanitatem
2863 1860 3017 1899 suam
3069 1843 3359 1907 adstruxit,

1804 1951 1971 2004 seque
2002 1935 2275 1990 hominem
2307 1943 2499 1991 natura
2528 1920 2863 2005 perlectum-
2894 1951 3032 1991 esse.
3094 1935 3192 1989 Est
3232 1950 3361 2004 ergo

1803 2025 2059 2081 Christus
2105 2024 2279 2081 Filius
2318 2026 2409 2081 Dei
2479 2042 2675 2096 genere
2720 2034 2805 2092 et,
2841 2008 3101 2080 cssentia‘
3130 2024 3309 2078 divina
3344 2038 3360 2084 ;

1803 2115 2053 2184 idemque
2080 2116 2219 2172 ﬁlius
2252 2117 2484 2171 hominis
2514 2132 2712 2186 genere
2734 2125 2788 2171 ct
2836 2117 3071 2170 essentia
3099 2116 3356 2173 humana.

1804 2207 2024 2277 ipseque
2068 2206 2322 2263 Christus
2354 2224 2496 2264 unus
2527 2208 2735 2263 unitate
2769 2207 3057 2277 peculiari,
3115 2220 3361 2274 persnnae

1756 2311 1915 2357 sua:
1970 2297 2132 2351 unius
2198 2296 2451 2366 pmpria;
2506 2312 2747 2364 personm
2810 2297 3020 2350 scilicet
3083 2295 3359 2349 ﬁliationis

1801 2396 2191 2467 aternze.\quae
2218 2390 2400 2457 genita
2446 2392 2529 2443 est
2563 2402 2592 2441 a
2626 2387 2784 2441 Patre
2826 2389 2943 2442 sine
2979 2389 3176 2451 Matre,
3226 2396 3358 2441 ’antc

1801 2480 1994 2534 saecula
2022 2498 2035 2546 ;
2068 2479 2363 2548 eademque
2393 2477 2925 2548 persona'ﬁliatinnis
2954 2478 3220 2535 humanm.
3242 2493 3360 2544 qua:

1800 2580 1923 2626 nata
1952 2582 2035 2627 est
2069 2571 2275 2626 ultimis
2304 2572 2641 2640 temporibus
2671 2585 2737 2624 ex
2765 2568 2934 2622 Maria
2970 2560 3208 2638 Virgine,
3242 2568 3360 2622 sine

1798 2672 1982 2732 patre;
2014 2671 2206 2731 estque
2234 2663 2612 2732 ipsepersona
2644 2676 2775 2726 una,
2820 2668 3045 2721 acterna,
3076 2660 3221 2729 quod
3285 2659 3352 2712 ad

1798 2754 2137 2810 divinitatem
2169 2774 2184 2817 ς
2234 2754 2574 2823 temporalis.
2601 2751 2747 2821 quod
2779 2751 2845 2804 ad
2902 2748 3346 2811 humanitatem-7:

1800 2845 2053 2914 idemque
2074 2836 2287 2899 duabus
2321 2844 2483 2898 simul
2508 2841 2723 2909 naturis
2746 2838 3005 2909 loquitur,
3031 2854 3094 2894 ac
3125 2840 3357 2893 duorum

1800 2935 2058 3002 generum
2094 2935 2333 2989 actiones
2360 2932 2490 2985 edit.
2555 2930 2653 2985 Ubi
2679 2931 2833 2991 dixit.
2874 2930 2984 2999 Ego
3015 2946 3129 2983 sum
3189 2928 3358 2981 Filius
3395 2972 3399 2976 .

129 3009 433 3077 conjuncta
466 3011 583 3067 sine
618 3014 836 3069 mistura
892 3017 943 3071 in
971 3036 1074 3074 una
1109 3037 1340 3089 persona
1387 3025 1514 3094 'quae
1563 3028 1699 3085 duas
1726 3020 1768 3077 (ἶ
1803 3027 1929 3095 Dei,
1961 3029 2028 3083 de
2058 3026 2343 3101 divinitate
2376 3022 2617 3093 loquitur
2649 3040 2663 3088 ;
2691 3030 2744 3075 at
2781 3022 2869 3075 ubi
2911 3020 3069 3083 dixit,
3110 3018 3215 3089 Ego
3243 3037 3358 3075 sum

126 3107 372 3155 naturas
392 3104 812 3170 .compreheudit
848 3109 1045 3164 unione
1074 3112 1175 3166 sibi
1213 3117 1453 3184 propria,
1485 3118 1697 3188 insepa-

124 3191 411 3259 rabiliter,
448 3193 608 3266 [adeo
640 3196 720 3268 ut]
785 3200 1407 3279 loquatur’proprietate
1456 3224 1702 3278 persona

121 3300 245 3340 sua:
273 3285 446 3341 unius
488 3302 738 3345 sermone
768 3292 995 3346 duarum
1031 3305 1371 3365 naturarum,
1410 3300 1608 3357 divina:
1646 3313 1700 3358 et

114 3373 435 3441 humanae,
484 3394 583 3433 nec
606 3380 676 3435 sit
724 3384 815 3453 qui
872 3385 1109 3455 loquitur
1160 3399 1411 3446 sermone
1467 3393 1704 3449 humano

118 3466 301 3545 alius.
362 3478 411 3524 et
437 3470 529 3539 qui
555 3487 806 3529 sermone
838 3477 1022 3532 divino
1048 3480 1209 3544 alius,
1232 3496 1421 3551 verum
1451 3475 1703 3543 Christus

119 3575 278 3615 unus
306 3561 405 3629 qui
425 3570 650 3635 utroque
681 3567 839 3620 simul
871 3583 1122 3626 sermone
1152 3572 1422 3641 loquatur,
1437 3583 1490 3628 et
1521 3583 1701 3632 utras-

118 3665 238 3718 que
297 3651 552 3708 actiones
578 3665 698 3724 agat
724 3656 936 3713 duabus
960 3660 1349 3728 voluntatibus,
1399 3673 1451 3717 et
1488 3664 1701 3722 duabus

116 3740 300 3795 simul
333 3740 580 3812 65-37
612 3746 823 3800 naturis
852 3764 868 3812 ;
895 3762 1018 3801 cum
1050 3752 1180 3803 velit
1210 3753 1491 3807 voluntate
1519 3752 1699 3808 divina

108 3829 349 3887 faciens
394 3847 557 3902 opera
609 3834 854 3898 Deitatis.
909 3853 1029 3907 quae
1082 3839 1210 3895 facit
1269 3844 1703 3914 quandocunque

108 3923 266 3987 vult.
297 3930 365 3978 et
394 3924 666 3994 quomodo
705 3928 840 3989 vult.
867 3944 970 3983 nun
1030 3933 1365 3998 praecedente
1429 3934 1705 3991 voluntate

107 4015 392 4071 actiones
421 4016 611 4086 ipsius.
641 4034 762 4073 cum
790 4022 1143 4092 penesipsum
1168 4025 1240 4092 sit
1276 4035 1335 4080 ut
1362 4027 1522 4082 faciat
1548 4029 1704 4096 quid-

103 4105 259 4175 quid
295 4105 444 4168 vult.
476 4107 908 4178 quandocunque
935 4113 1070 4174 vult,
1114 4115 1260 4168 nulla
1318 4115 1691 4172 intercedente

99 4198 428 4269 petitione.
458 4212 639 4266 prece,
669 4208 763 4254 aut
796 4210 1015 4271 rogatu,
1062 4202 1218 4271 juxta
1254 4204 1386 4260 illud
1412 4207 1553 4276 quod
1570 4208 1705 4263 dixit

100 4288 222 4361 ipsi
260 4290 530 4357 Ieprosus
556 4308 570 4343 :
600 4289 841 4356 Domine,
868 4293 914 4345 si
942 4293 1017 4347 vis
1038 4303 1181 4361 pater
1207 4296 1499 4363 mundare;
1526 4308 1580 4354 et
1612 4316 1701 4356 re-

101 4381 373 4453 spondit
402 4381 537 4452 ipse.
585 4381 733 4448 Volo,
761 4384 1011 4439 mundare
1039 4385 1082 4450 ⁸,
1108 4386 1290 4457 itaque
1318 4404 1348 4443 a
1377 4388 1526 4459 lepra
1581 4408 1699 4455 sua.

95 4476 303 4544 ipsius
339 4464 648 4538 voluntate,
680 4477 971 4531 mundatus
1000 4486 1124 4533 est:
1150 4478 1309 4547 juxta
1344 4482 1508 4536 etiam
1542 4499 1696 4538 man-

96 4568 322 4648 datum
373 4564 548 4633 ipsius
577 4565 643 4619 ad
689 4565 977 4631 daemonia.
1028 4578 1085 4623 ut
1134 4584 1166 4624 e
1204 4571 1552 4628 tltemouiacis
1605 4572 1701 4628 ex-

89 4661 291 4721 irent.
366 4672 496 4723 cum
557 4668 808 4728 rogarent
854 4659 1028 4726 ipsmn
1073 4659 1336 4715 danuonia
1398 4658 1692 4733 utjuberet

91 4753 279 4823 ipsos
321 4762 533 4819 porcos
564 4749 769 4818 ingredi
801 4740 999 4821 (neque
1032 4753 1177 4807 enim
1224 4754 1353 4807 illud
1381 4754 1499 4810 sine
1533 4757 1705 4826 ipsius

91 4836 628 4914 permisSul‘acere
650 4844 963 4911 potuerunt)
979 4850 1143 4912 atque
1175 4843 1288 4913 ipse
1322 4845 1443 4901 illos
1480 4850 1703 4915 permit-

90 4922 317 4989 teret.’
349 4928 552 4985 Postea
603 4932 791 4998 etiam,
855 4942 1077 4989 ventum
1132 4944 1187 4988 ct
1236 4948 1384 4989 mare
1425 4932 1705 5005 quiescere

77 5023 315 5094 jussit,
367 5020 533 5090 idque
560 5021 677 5075 sine
709 5037 865 5089 prece
893 5033 985 5077 aut
1016 5025 1289 5092 petitione.
1309 5026 1485 5096 Atque
1517 5026 1703 5095 hujus-

88 5113 277 5170 modi
310 5110 497 5165 multa
527 5112 581 5165 in
609 5111 900 5183 Evangelio
931 5114 1071 5169 facta
1098 5128 1489 5182 memorantur,
1513 5119 1710 5185 quibus

84 5201 499 5280 divinitatem
557 5216 709 5255 suam
790 5204 1149 5273 conﬁrmavit,
1208 5206 1434 5276 ideoque
1487 5209 1713 5262 credunt

91 5293 328 5352 ﬁdeles
371 5290 552 5360 ipsum
579 5308 704 5348 csse
734 5292 901 5348 Deum
936 5295 1256 5364 perfectum,
1315 5298 1442 5353 dum
1507 5298 1711 5353 faceret

80 5402 295 5459 opera
346 5384 663 5440 divinitatis
688 5402 804 5455 quae
836 5388 977 5441 nulla
1008 5404 1243 5458 unquam
1278 5400 1526 5447 creatura
1548 5391 1705 5455 fecit,

82 5496 213 5537 nec
288 5474 554 5543 unquam
596 5478 769 5532 facere
821 5488 1017 5548 potest,
1044 5494 1166 5535 cum
1218 5480 1328 5560 sint
1385 5496 1551 5551 opera
1603 5481 1705 5538 soli

1804 3112 1980 3174 Filius
2029 3116 2275 3176 hominis.
2304 3112 2370 3168 de
2403 3111 2757 3165 humanitate.
2816 3109 2936 3177 Ipse
2968 3109 3226 3161 miracula
3266 3126 3353 3159 rn-

1804 3213 1952 3267 tione
1981 3207 2285 3264 divinitatis
2315 3219 2426 3259 sua:
2452 3202 2597 3266 fecit,
2617 3201 2872 3269 idemque
2908 3199 3217 3254 alﬂictiones
3243 3216 3363 3268 pcr-

1804 3302 1927 3360 tulit
1956 3300 2164 3354 ratione
2194 3296 2550 3351 humanitatls
2587 3310 2601 3362 ξ
2634 3292 2953 3348 cruciﬁxus
3012 3298 3065 3344 ct
3118 3300 3362 3343 mortuus

1804 3402 1884 3449 est
1910 3391 2118 3446 ratidne
2156 3385 2510 3456 humanitatis
2572 3398 2706 3445 sure,
2764 3396 2863 3435 nec
2912 3381 3206 3436 cruciﬁxus
3262 3395 3359 3432 nec

1804 3495 2049 3539 mortuus
2081 3482 2291 3535 ratione
2321 3454 2564 3549 69-71
2594 3474 2914 3529 divinitatis.
2953 3472 3180 3525 Mutatio
3210 3470 3357 3535 enim

1801 3584 1854 3629 et
1896 3570 2277 3643 perpessiones
2303 3578 2358 3622 et
2388 3582 2533 3621 mors
2564 3563 2925 3618 humanitatis
2945 3562 3159 3631 propria
3201 3574 3352 3620 sunt.

1804 3677 1910 3717 non
1940 3657 2240 3715 divinitatis
2267 3696 2282 3719 ,
2304 3670 2421 3724 qua:
2453 3653 2522 3708 ab
2549 3652 2808 3707 omnibus
2829 3652 2950 3706 istis
2975 3651 3231 3704 immunis
3256 3661 3361 3704 cst.

1804 3753 1923 3807 Non
1954 3726 2134 3804 autem
2188 3746 2392 3815 patitur
2454 3742 2659 3813 aliquid
2707 3742 2773 3796 ab
2827 3740 3202 3795 accidentibus
3242 3756 3363 3809 quae

1805 3843 1977 3913 ipsius
2001 3848 2211 3894 natura:
2240 3852 2346 3891 non
2378 3834 2709 3889 conveniunt
2738 3850 2751 3887 :
2784 3832 3015 3900 exetnpli
3054 3833 3245 3901 gratia,
3278 3848 3364 3885 sc-

1804 3934 1922 3989 curi
1945 3928 2127 3986 scindi
2180 3943 2287 3982 non
2323 3925 2466 3981 cadit
2499 3925 2552 3979 in
2584 3925 2777 3985 solem,
2818 3924 2944 3992 quia
2978 3923 3175 3987 scindi,
3232 3922 3361 3975 solis

1779 4012 2178 4090 Anatttrte‘iion
2229 4015 2509 4085 competit.
2565 4015 2798 4084 Ideoque
2869 4015 3044 4068 securi
3100 4013 3363 4068 scinditur

1807 4116 1970 4173 arbor
1999 4110 2091 4167 cui
2146 4109 2228 4165 sol
2254 4106 2503 4177 atl‘ulget.
2557 4116 2613 4161 at
2663 4120 2773 4160 non
2841 4122 2946 4160 una
2991 4120 3129 4171 cum,
3169 4106 3362 4159 arhorc

1805 4208 2075 4265 scinditur
2099 4204 2181 4260 sol
2210 4219 2224 4256 :
2258 4202 2401 4257 ferro
2427 4200 2571 4257 enim
2625 4200 2799 4254 scindi
2834 4201 2887 4254 in
2946 4200 3148 4270 lignum
3193 4200 3359 4262 cadit,

1806 4311 1861 4356 at
1888 4315 1994 4355 non
2030 4301 2085 4354 in
2119 4297 2307 4353 solem.
2366 4297 2442 4349 Ac
2473 4294 2635 4356 sicut,
2675 4307 2795 4346 cum
2841 4275 3054 4345 'l‘crrum
3092 4292 3211 4359 igne
3273 4308 3363 4345 ra-

1812 4393 2065 4448 Iei’actum
2108 4402 2270 4458 aqua!
2294 4386 2653 4454 immergitur,
2706 4397 2982 4451 occupans
3012 4381 3181 4451 frigus
3210 4397 3361 4449 aquae

1810 4482 1952 4552 ignis
1968 4480 2226 4542 calorem,
2258 4475 2432 4543 ipsum
2462 4472 2780 4542 exstinguit,
2808 4473 2878 4525 ita
2914 4480 3094 4523 tamen
3130 4480 3187 4524 ttt
3217 4472 3359 4524 nulla

1810 4570 1879 4624 ab
1906 4583 1972 4624 eo
1997 4581 2137 4621 noxa
2169 4565 2223 4618 in
2275 4560 2478 4639 ferrum
2517 4561 2695 4623 cadat.
2723 4560 2849 4628 quia
2877 4560 3056 4628 passio
3100 4559 3169 4613 ab
3221 4574 3359 4628 aqua

1810 4658 2009 4734 [illata]
2050 4657 2167 4728 igni
2188 4655 2445 4723 competit
2481 4661 2538 4706 ut
2572 4652 2641 4705 ab
2672 4651 2784 4719 ipsa
2850 4650 3248 4718 cxstinguatur,
3306 4655 3361 4699 at

1810 4768 1918 4806 non
1948 4748 2204 4818 competit
2240 4746 2383 4800 l'erro
2411 4743 2598 4798 eadem
2632 4738 2954 4794 madefacto.
2980 4739 3174 4791 Eodem
3202 4738 3361 4791 modo

1811 4843 2012 4899 cadunt
2040 4834 2391 4910 passioncsin
2424 4833 2658 4888 animam
2685 4831 2967 4884 humanam
3012 4836 3069 4882 ct
3100 4828 3165 4881 ad
3191 4829 3359 4896 ipsam

1813 4933 2149 5004 perungunt.
2192 4935 2469 4992 tutumque
2508 4934 2728 4988 corpus,
2759 4917 2885 4986 quia
2922 4916 2976 4970 in
3009 4917 3121 4984 ipso
3156 4918 3359 4984 passin-

1811 5040 1906 5079 nes
1954 5024 2134 5075 locum
2199 5015 2420 5080 habent,
2461 5023 2515 5065 at
2573 5016 2680 5063 ηοιι
2740 5009 2883 5061 cadit
2938 5007 2989 5059 in
3025 5006 3357 5058 divinitatem

1758 5143 1763 5147 ί
1809 5112 2121 5183 quidquam.
2156 5104 2345 5161 Porro
2375 5102 2648 5157 credimus
2678 5099 2951 5151 Christum
3017 5096 3209 5151 Filium
3270 5094 3357 5144 “t‘i

1809 5203 2031 5260 unicum
2061 5210 2180 5255 esse
2221 5202 2340 5266 post
2399 5189 2850 5250 incarnationem.
2917 5201 3125 5243 necnon
3191 5185 3357 5240 ﬁlium

1810 5287 2066 5357 hominis,
2099 5291 2274 5359 ipsum
2306 5300 2412 5340 non
2459 5283 2644 5343 alium,
2673 5276 2951 5334 Christum
2989 5292 3179 5339 unum.
3242 5274 3349 5326 ltu—

1814 5387 2020 5443 minum
2050 5395 2239 5442 unum,
2270 5376 2404 5451 duas
2446 5373 2729 5427 habentem
2760 5368 3156 5439 generationes.
3206 5367 3355 5432 geni-

1817 5486 1933 5536 tum
1977 5490 2009 5531 a
2037 5474 2191 5537 l'atrc
2230 5478 2353 5526 ante
2392 5468 2614 5532 saecula,
2641 5477 2801 5535 supra
2839 5476 3053 5519 omnem
3115 5475 3358 5520 causam,
