3950 6348
3877 868 3882 967 l

3875 1052 3882 1143 l

3873 1143 3882 1238 l

3875 1409 3882 1500 Ι

3875 1596 3882 1682 l

3877 1773 3882 1869 l

3877 1869 3882 1965 l

3871 2312 3882 2412 l

3877 3676 3882 3760 l

3875 3855 3882 3943 l

3875 3943 3882 4035 l

3873 4125 3882 4218 l

3875 4315 3882 4400 l

3875 4400 3882 4499 Ι

3869 4948 3882 5158 Ι

3789 5408 3810 5450 ὲ·

3789 5367 3882 6210 xl

658 177 783 252 1051
1673 185 2036 247 EUTYCIIII
2059 187 2594 253 ALEX.\.\'DRIN[
2628 195 2841 258 PATR.
3700 214 3786 278 1059

655 298 870 366 equites
896 297 1190 388 allocutus.
1222 299 1455 374 Tergum
1486 298 1908 388 (inquitimcum
1929 301 2216 364 custodite,
2248 307 2291 360 Α
2323 304 2476 370 Quod
2514 307 2602 360 ubi
2647 309 2913 364 audiissct
2948 311 3209 367 Eusebius
3234 311 3731 388 [turanne-cpiscopus
3751 332 3789 379 ad

651 402 728 451 et.
766 389 895 460 quid
953 403 1052 459 ego
1105 387 1298 442 faciam
1353 390 1660 444 observate.
1701 387 1921 441 lrruens
1975 404 2105 454 ergo
2156 389 2211 441 in

2326 397 2504 465 ipsum
2540 397 2834 468 profectus,
2859 417 2922 454 ac
2946 418 3066 456 cum
3092 420 3156 458 eo
3183 393 3471 474 disputans
3496 387 3791 469 validarootn

653 485 828 551 ipsos,
862 499 1050 537 eorum
1080 481 1301 535 ordines
1329 495 1452 534 cum
1475 479 1820 548 dissipasset,
1843 479 1944 532 viri
1977 480 2214 547 scapttlze
2324 486 2501 553 ipsum
2537 500 2850 559 argumenta
2885 495 3109 560 protulit
3142 497 3342 564 quibus
3391 501 3693 553 sententiam
3724 506 3795 568 eiu,-

655 573 821 626 ictum
873 572 1094 640 impegit
1147 570 1240 638 qui
1292 569 1358 622 ad
1405 569 1628 622 dorsum
1683 569 1857 638 ipsius
1900 569 2214 638 pertingens
2325 577 2603 633 refutavit.
2664 580 2794 635 Dein
2843 583 2910 637 ad
2963 584 3277 641 Flavianum
3330 591 3674 657 patriarcham
3707 595 3796 649 Con.

657 663 898 715 medium
955 677 1076 714 eum
1121 661 1418 725 dissecuit;
1449 668 1504 715 et
1535 671 1824 730 utrumque
1870 661 2076 716 labium
2108 663 2217 716 cle-

2325 671 2868 742 stantinOpolitannm
2897 676 3172 743 profectus
3203 682 3374 748 ipsum
3414 680 3481 735 de.
3506 681 3799 752 Entyclteteet

655 753 868 822 phanto.
906 754 1087 822 gladio
1137 752 1455 808 discindens
1491 752 1669 821 ipsum
1720 754 2054 831 prostravit:
2091 767 2219 807 cor-
2329 763 2618 823 sententia!
2648 763 2820 830 ipsius
2852 763 3084 818 falsitate
3115 773 3402 823 certiorem
3445 772 3594 833 fecit,
3627 789 3711 828 nec
3737 793 3800 830 non

653 855 976 911 reptum-iue
1015 845 1082 898 de
1129 859 1272 910 equo
1310 859 1411 899 suo
1465 845 1700 911 equitem
1751 851 1910 899 terra:
1963 844 2214 910 illidens,
2328 851 2508 918 ipsum
2569 850 3199 922 Constantinopolitanos
3268 859 3320 911 in
3382 859 3548 914 falsas
3598 862 3803 928 opiniones

650 933 832 1002 ipsum
879 932 1355 1001 lnterfecit;.quin
1390 943 1444 988 et
1485 934 1614 988 hlna
1673 934 1956 988 hominum
2011 937 2216 1005 capita,
2327 941 2585 996 traxisse.
2641 941 2931 999 Flavianus
2978 960 3109 1014 ergo
3144 947 3448 1015 patriarcha
3493 950 3804 1007 Constantino-

650 1025 882 1079 alterum
919 1025 1110 1078 dextra
1146 1024 1378 1078 alterum
1414 1024 1661 1090 sinistra,
1699 1025 2042 1092 prehendens
2079 1027 2215 1079 invi-
2327 1031 2603 1099 politanus
2638 1033 2706 1087 ad
2737 1033 3090 1105 Eutychetem
3124 1038 3344 1092 mittens
3377 1040 3552 1106 ipsum
3597 1047 3808 1099 accersivit

651 1130 768 1170 cem
807 1116 1009 1170 collisit
1037 1115 1175 1169 adeo
1199 1123 1257 1169 ut
1288 1116 1506 1184 utrique
1535 1115 1745 1170 cerebri
1773 1115 2006 1171 medulla
2035 1117 2218 1172 emue-
2327 1131 2740 1194 convocatoque
2768 1127 3242 1197 Constantinopoli
3288 1130 3516 1182 concilio
3553 1131 3807 1201 disputatio.

653 1216 753 1260 ret.
807 1205 1082 1260 Irruentes
1121 1204 1281 1259 etiam
1341 1203 1595 1258 Bahrami
1641 1205 1870 1260 comites
1895 1247 1909 1271 ,
1967 1223 2214 1277 magnam
2327 1225 2449 1264 nem
2481 1225 2605 1266 cum
2638 1213 2758 1283 ipso
2789 1213 2998 1272 habuit.
3035 1216 3178 1272 Dixit
3213 1218 3464 1288 85-87
3489 1219 3522 1252 ⁸
3557 1231 3711 1275 autem
3739 1225 3808 1278 Eu-

651 1312 840 1350 eorum
879 1304 1117 1366 stragem
1164 1296 1478 1360 ediderunt,
1526 1312 1588 1352 ac
1623 1297 1794 1366 spolia
1845 1300 2212 1369 diripuerunt.
2323 1301 2556 1373 tyches:
2599 1301 2655 1358 Si
2704 1304 3004 1362 dixerimus
3055 1307 3273 1364 Christo
3303 1309 3439 1365 duas
3487 1325 3613 1366 esse
3652 1321 3812 1369 naturas

656 1387 910 1442 Reversis
945 1403 1074 1457 ergo
1110 1387 1356 1457 81-83
1383 1387 1414 1419 ⁸
1457 1402 1583 1457 rege
1623 1398 1674 1442 et
1713 1389 1982 1442 Bahramo
2023 1405 2114 1444 rex
2142 1391 2214 1444 illi
2323 1389 2466 1445 idem
2497 1406 2810 1462 asset-emus
2840 1410 2962 1449 cum
2991 1395 3276 1463 Nestorio;
3308 1413 3490 1451 verum
3524 1398 3733 1452 dicimus
3750 1419 3811 1454 nos

655 1483 816 1533 tiliam
854 1495 1006 1534 suam
1040 1489 1269 1547 nuptmn
1306 1479 1614 1543 dedit,‘nec
1648 1496 1755 1534 non
1804 1480 1907 1549 ipsi
1947 1480 2135 1535 Daibal
2164 1491 2218 1533 et
2312 1481 2604 1537 .Christum
2635 1500 2756 1540 esse
2791 1495 3037 1541 naturam
3072 1505 3262 1551 unam,
3296 1496 3348 1542 et
3378 1505 3682 1558 personant,
3705 1507 3813 1545 uuam

654 1569 875 1624 Macran
916 1579 1198 1639 terrasque
1233 1571 1438 1626 circum
1481 1572 1724 1640 jacentes
1756 1572 1808 1625 in
1841 1574 2059 1640 regione
2093 1574 2218 1627 Sin-
2324 1585 2447 1622 cum
2483 1573 2746 1625 consistat
2770 1574 2984 1628 duabus
3016 1577 3225 1630 naturis
3251 1591 3369 1644 quae
3392 1574 3561 1646 [dum]
3589 1590 3722 1631 erant
3738 1592 3815 1635 ante

651 1664 754 1718 dia:
786 1665 1025 1720 donavit.
1085 1665 1316 1730 Rogavit
1364 1675 1542 1717 autem
1597 1665 1770 1730 ipsum
1826 1663 2127 1718 Bahramns
2161 1677 2219 1718 ιιι
2251 1659 2294 1716 Β
2327 1661 2586 1714 unionem
2620 1679 2634 1714 :
2668 1672 2722 1715 at
2765 1664 2854 1717 ubi
2895 1676 3234 1734 assumptum
3281 1675 3364 1720 est
3408 1681 3615 1735 corpus
3661 1674 3818 1724 recessit

654 1757 966 1823 ronseripta
1003 1758 1310 1826 syngrapha
1343 1765 1398 1808 et
1429 1755 1689 1808 adhibitis
1713 1754 1839 1809 facti
1873 1756 1960 1810 sui
1988 1758 2222 1812 testibus
2323 1749 2566 1805 dualiias.
2600 1752 2706 1809 iSla
2757 1766 2822 1808 ac
2870 1753 3045 1809 iactus
3099 1767 3182 1811 est
3225 1769 3416 1813 natura
3468 1779 3577 1816 una
3604 1804 3617 1824 ,
3667 1778 3816 1829 "Itaque

654 1844 882 1918 [ratum]
921 1848 1050 1901 illud
1085 1848 1187 1914 ipsi
1219 1847 1441 1901 faceret.
1477 1846 1631 1912 Quod
1661 1862 1783 1900 cum
1833 1846 2054 1901 fecisset
2106 1863 2217 1910 rex,
2325 1857 2576 1910 persona.
2613 1844 2710 1898 Cui
2746 1847 3026 1925 respondit
3077 1847 3368 1905 Flavianus
3398 1853 3700 1920 patriarcha
3731 1854 3818 1905 Cou-

651 1953 906 1992 reversus
939 1939 991 1992 iu
1030 1955 1255 2003 regnum
1299 1954 1456 1992 suum
1498 1938 1822 2000 Bahramus,
1853 1939 2017 2006 jussit
2047 1941 2222 2009 regio-
2323 1934 2886 2002 siantinopolitanus:
2923 1935 2980 1990 Si
3009 1950 3151 1992 esset
3179 1941 3432 1996 Christus
3484 1943 3588 2011 (uti
3622 1947 3818 2004 asseritis)

655 2043 782 2079 num
817 2029 1074 2092 istarum,
1101 2043 1238 2094 quas
1267 2029 1367 2096 ipsi
1390 2029 1687 2080 donaverat
1719 2031 2087 2097 rex,vcctigal
2117 2031 2218 2086 sibi
2324 2033 2518 2075 "illum
2555 2041 2682 2088 lim.
2721 2035 2832 2077 tum
2866 2038 3005 2081 esset
3040 2038 3232 2082 natura
3281 2047 3401 2098 quae
3438 2049 3466 2081 a
3487 2041 3640 2083 terna
3677 2031 3754 2083 fuit
3784 2035 3821 2084 de

651 2119 830 2172 reddi.
889 2118 1072 2186 Neque
1131 2119 1413 2173 desierunt
1456 2135 1644 2172 carum
1681 2135 1812 2187 opes
1864 2121 1917 2175 iu
1973 2121 2211 2175 Persium

2325 2127 2466 2164 novo
2506 2113 2686 2178 facta;
2743 2115 2887 2182 quod
2940 2119 2982 2168 si
3021 2120 3112 2185 qui
3168 2131 3405 2175 aeternus
3460 2121 3584 2182 fuit.
3633 2122 3693 2176 dc
3731 2139 3820 2175 nom

655 2212 947 2280 asportari.
977 2210 1182 2266 Ferunt
1211 2220 1390 2266 autem
1428 2211 1715 2266 Persarum
1741 2213 1960 2278 quidam
1988 2214 2219 2267 Bahravu
2323 2213 2477 2258 οτῑιιε
2511 2206 2604 2269 Sil.
2639 2216 2747 2259 illi"
2781 2215 2834 2260 ei
2862 2208 2957 2275 (illi
2994 2225 3270 2277 nunquam
3305 2227 3415 2266 non
3451 2213 3587 2277 fuit,
3626 2215 3742 2268 idem
3763 2215 3824 2264 alt-

652 2301 786 2356 er
872 2303 923 2354 in
979 2305 1200 2356 tutelam
1245 2303 1470 2356 Numani
1522 2304 1677 2358 Ebnil
1722 2304 1961 2358 Mandari
2020 2305 2224 2359 Lacha-
2323 2300 2544 2365 quando
2582 2315 2688 2353 non
2726 2302 2847 2356 fuit.
2885 2301 3040 2367 Quod
3079 2305 3124 2358 si
3158 2306 3371 2360 admitti
3406 2309 3585 2374 possit
3635 2317 3685 2360 ut
3726 2311 3820 2375 quod

650 2394 877 2447 mieusis
898 2394 1042 2460 regis
1062 2394 1299 2448 Arabum
1331 2395 1380 2446 in
1411 2394 1629 2447 deserto
1661 2394 1866 2459 fuisse;
1902 2398 2217 2465 ipsumque,
2322 2402 2584 2445 retentum
2616 2391 2737 2459 fttit,
2779 2391 2921 2448 idein
2953 2393 3019 2448 de
3053 2411 3196 2450 novo
3232 2397 3416 2458 fuerit,
3467 2401 3573 2452 erit
3622 2397 3743 2452 idem
3768 2403 3822 2463 qui

652 2500 776 2538 cum
814 2484 877 2537 ad
913 2483 1246 2538 Bahramuru
1287 2485 1626 2552 pervenisset
1672 2486 1863 2540 mortis
1898 2487 2219 2557 Yazdejordi
2325 2492 2434 2538 stat
2494 2484 2728 2550 sedens;
2795 2487 2938 2552 quod
2997 2487 3231 2539 calidum
3273 2496 3355 2540 est
3415 2487 3698 2556 frigidum;
3727 2490 3823 2554 quod

653 2575 830 2640 patris
863 2575 947 2629 sui
992 2575 1171 2638 fama,
1213 2589 1333 2626 cum
1384 2575 1659 2629 Arahihus
1698 2576 1789 2644 qui
1841 2577 2016 2644 ipsum
2051 2581 2220 2633 secuti
2326 2577 2704 2639 tenebrosum,
2751 2578 3026 2642 lucidum;
3079 2577 3204 2632 eum
3249 2578 3301 2631 id
3354 2595 3526 2646 genus
3581 2579 3825 2646 impossibi-

652 2676 777 2719 sunt
813 2664 1113 2734 profectum
1150 2663 1322 2719 donec
1369 2665 1418 2718 in
1474 2666 1724 2719 Alsawad
1774 2676 1952 2721 castra
2009 2668 2219 2737 ﬁgeret,
2325 2665 2466 2719 libus
2497 2681 2615 2732 qure
2653 2666 2764 2719 lieri
2797 2683 2903 2719 non
2935 2676 3105 2734 potest
3155 2677 3214 2721 ut
3255 2646 3657 2736 coniungantur
3687 2669 3730 2719 iu
3757 2683 3817 2717 ea-

653 2757 728 2810 ibi
753 2773 874 2810 cum
904 2757 1190 2810 Persarum
1221 2757 1635 2825 procerihnsde
1656 2774 1822 2826 regno
1849 2761 2218 2826 contendisse,
2325 2754 2445 2809 dem
2477 2755 2602 2827 [rei]
2635 2764 2806 2826 parte.
2846 2757 3030 2810 Noluit
3065 2767 3243 2811 tamen
3290 2758 3379 2810 ille
3413 2772 3442 2810 a
3484 2758 3741 2811 sententia
3765 2772 3828 2808 su:

654 2849 828 2903 donec
854 2848 944 2916 jus
975 2847 1124 2901 illius
1159 2846 1395 2902 confessi
1426 2863 1591 2914 regno
1619 2851 1792 2916 ipsum
1859 2849 2217 2917 praeficerem.
2325 2847 2611 2908 recedere;
2663 2863 2835 2914 quare
2880 2849 3226 2901 anathemate
3280 2848 3429 2901 illum
3478 2849 3766 2916 percussit.
3802 2857 3832 2896 at

726 2938 992 3008 Regnavit
1022 2954 1152 3008 ergo
1184 2937 1415 2991 Bahram
1456 2937 1612 3001 Jaur,
1661 2950 1779 3005 post
1813 2949 2014 3006 patrem
2057 2958 2217 2994 suum
2255 3002 2287 3008 _
2324 2937 2799 3004 Constantinopoli
2854 2955 2960 2993 non
3011 2940 3237 3008 expulit,
3289 2939 3432 3007 quod
3476 2955 3593 2990 cum
3646 2938 3831 2989 medicus

656 3029 1056 3100 Yazdejerdum
1112 3030 1170 3085 F.
1221 3029 1497 3092 liahrami.
1549 3017 1621 3082 in.
1655 3029 1850 3106 ρει-επις
1914 3032 2218 3087 octodecim
2248 3002 2290 3058 ο
2324 3036 2470 3082 esset
2504 3044 2570 3082 eo
2596 3027 2844 3081 homines
2871 3043 3006 3095 opus
3033 3028 3314 3082 haberent.
3352 3026 3523 3080 Porro
3547 3026 3833 3079 Theodosius

654 3133 848 3180 annos,
876 3118 1038 3186 idque
1071 3132 1216 3172 anno
1232 3116 2098 3187 TheodosiijnniorisGraecorum
2125 3123 2224 3174 iut-
2326 3131 2418 3170 rex
2452 3116 2591 3168 idem
2623 3133 2742 3169 eum
2780 3117 3075 3186 Eutyehcte
3110 3117 3303 3170 sensit.
3352 3117 3625 3185 Eutychos
3662 3129 3772 3182 ergo
3795 3129 3832 3165 se

656 3209 930 3276 peratoris
972 3209 1276 3264 tricesimo.
1311 3210 1464 3262 Anno
1494 3218 1671 3263 autem
1706 3212 1964 3265 vicesimo
1992 3215 2224 3280 septimo
2326 3207 2465 3272 apud
2495 3204 2855 3258 Theodosium
2885 3220 3060 3273 regem
3085 3203 3383 3258 defendens
3402 3205 3540 3257 dixit
3566 3204 3830 3257 Flavianum

655 3301 808 3368 regni
843 3298 1136 3354 Theodosii
1197 3298 1568 3352 Romanorum
1618 3301 1962 3369 imperatoris
2011 3305 2222 3358 consti-
2326 3298 2502 3364 ipsum
2541 3297 2738 3365 injuria
2797 3297 3324 3358 excomtuunicasse,
3360 3309 3539 3363 regem
3593 3308 3771 3363 rogans
3795 3299 3827 3341 ut

658 3400 813 3444 tutus
845 3401 930 3446 est
957 3392 1156 3446 Sextus
1187 3391 1498 3459 patriarcha
1537 3390 1847 3458 Romanus;
1883 3410 2056 3448 annos
2100 3406 2224 3449 octo
2326 3386 2544 3456 SCIipliS
2600 3386 2665 3439 ad
2713 3400 2904 3440 omnes
2945 3385 3287 3453 patriarchas
3321 3385 3537 3468 litteris,
3589 3381 3828 3436 cont-enin:

657 3482 815 3544 sedit,
865 3482 989 3535 dein
1047 3490 1296 3536 mortuus
1328 3492 1429 3535 est.
1487 3484 1641 3535 Anno
1669 3484 1913 3550 ejusdem
1949 3487 2217 3542 tricesimo

2324 3487 2378 3530 et
2413 3480 2480 3528 de
2511 3493 2577 3529 eo
2624 3477 2768 3544 quod
2805 3476 2908 3544 ipsi
2961 3477 3281 3544 contigisset
3343 3477 3643 3544 disquirere
3683 3473 3825 3545 [inite-

659 3573 854 3641 qninto
908 3570 1087 3626 factus
1129 3578 1213 3624 est
1264 3570 1372 3625 Leo
1421 3572 1733 3640 patriarcha
1771 3568 2074 3637 Romanus,
2130 3577 2234 3644 qui.
2327 3568 2456 3640 ret].
2507 3568 2734 3635 Scripsit
2766 3583 2892 3636 ergo
2920 3583 3010 3620 rex
3043 3577 3154 3620 tum
3202 3567 3270 3619 ad
3310 3567 3621 3620 Dioscorum
3651 3568 3829 3634 patriar-

661 3676 838 3716 annos
867 3661 1060 3730 viginti
1092 3676 1260 3714 unum
1296 3660 1458 3722 sedit,
1511 3660 1637 3714 dein
1673 3671 1920 3717 mortuus
1959 3673 2059 3716 est.
2097 3663 2224 3734 Ejus
2326 3663 2483 3714 chain
2534 3658 2981 3718 Alexandrinum,
3035 3669 3145 3711 ttnn
3195 3658 3259 3711 ad
3313 3658 3598 3711 Domninm
3653 3657 3827 3726 patriar-

661 3749 994 3819 prmfecturte
1031 3765 1174 3803 anno
1207 3765 1353 3803 nono
1406 3748 1508 3805 fuit
1553 3751 1844 3804 concilium
1882 3765 2136 3818 quartum
2169 3757 2221 3808 itt

2325 3752 2482 3803 eham
2521 3749 2688 3819 88"
2735 3748 3158 3809 Autiochenum,
3203 3763 3302 3802 nec
3349 3765 3456 3802 non
3509 3747 3730 3802 Leonem
3770 3763 3827 3813 pa-

664 3845 800 3898 urhe
847 3841 1019 3913 85*
1058 3842 1424 3896 Chalcedone.
1503 3845 1662 3896 Anno
1721 3844 1976 3898 \‘icesirno
2035 3859 2226 3902 oclavo
2326 3841 2620 3894 triarcham
2661 3839 2986 3905 Rotuanum,
3037 3850 3089 3894 et
3131 3838 3477 3894 Iuvenalium
3522 3839 3828 3908 patriareliam

661 3949 690 3987 r
726 3933 815 4002 ειιὶ
841 3931 1136 3986 Theodosii
1171 3932 1508 3985 constitutus
1529 3941 1608 3985 est
1635 3931 2223 4002 Domniuspatriarcha
2328 3931 2883 3998 llierosolytnitanum
2959 3938 3020 3983 ut
3074 3945 3183 3984 una
3249 3947 3374 3984 cum
3441 3930 3702 4000 episcopis
3752 3929 3829 3981 suis

661 4025 1039 4079 Atttiorhenus
1076 4024 1168 4090 qui
1227 4037 1402 4077 annos
1435 4022 1625 4091 viginti
1671 4039 1837 4077 unum
1887 4026 2047 4094 sedit,
2099 4028 2222 4082 dein
2327 4021 2654 4076 accederent
2694 4028 2752 4072 ιιι
2799 4020 2865 4073 de
2902 4020 3222 4090 Eutychetis
3255 4020 3471 4088 negotio
3499 4020 3827 4088 disquireer

664 4124 916 4169 mortuus
951 4121 1055 4169 est.
1097 4115 1254 4168 Anno
1302 4114 1452 4180 regni
1488 4113 1731 4181 ejusdem
1764 4118 2044 4172 tricesimo
2078 4135 2223 4174 nono
2328 4113 2431 4179 Qui
2465 4128 2596 4182 ergo
2629 4111 2825 4181 Ephesi
2860 4120 3256 4170 convenerunt.
3294 4110 3473 4180 Atque
3502 4118 3584 4164 est
3613 4111 3708 4163 hoc
3735 4120 3827 4159 ςοιι·

667 4207 1006 4261 constitutus
1053 4213 1137 4260 est
1171 4204 1464 4260 Flavianus
1498 4207 1803 4275 patriarcha
1833 4210 2224 4266 Constantino-
2330 4205 2516 4259 Cilittm
2551 4203 2850 4258 secundum
2895 4202 3088 4271 Ephesi
3119 4203 3387 4264 habitum,
3421 4201 3580 4275 cujus
3622 4195 3828 4270 prasides

664 4299 962 4366 politanus,
998 4299 1090 4366 qui
1143 4311 1267 4350 cum
1316 4296 1535 4351 biennio
1565 4297 1798 4353 sedisset
1833 4310 2209 4356 mortuus-est.
2248 4323 2301 4382 ι)
2327 4309 2482 4351 erant
2515 4297 2809 4351 Dioscorus
2835 4295 3144 4364 patriarcha
3176 4295 3599 4357 Alexandrinus,
3622 4291 3826 4346 Domnitis

669 4389 781 4444 lloc
808 4390 970 4443 etiam
1006 4403 1150 4441 anno
1181 4388 1357 4442 factus
1388 4398 1472 4444 est
1514 4388 1808 4446 Dioscorus
1841 4389 2083 4445 Jacobita
2131 4409 2225 4463 pa-
2259 4381 2268 4382 ί
2328 4389 2642 4460 patriarcha
2669 4386 3063 4451 Antiochenus,
3085 4385 3400 4440 Juvenalius
3432 4384 3720 4455 patriarcha
3743 4381 3828 4433 llie—

666 4479 907 4533 triarcha
939 4478 1358 4543 Alexandrinus,
1391 4480 1629 4546 quicum
1662 4497 1754 4536 sex
1787 4498 1961 4538 annos
1992 4486 2225 4541 sedisset
2328 4480 2782 4551 rosolymitanns,
2825 4490 2880 4531 et
2926 4479 3166 4547 deputati
3196 4478 3393 4532 Leonis
3430 4477 3731 4546 patriarcha
3759 4475 3826 4523 llo-

667 4572 1015 4650 auathemate
1053 4571 1302 4634 devotus,
1358 4587 1414 4625 et
1460 4573 1513 4626 in
1571 4574 1818 4628 exsilium
1870 4577 2060 4645 pulsus
2119 4591 2223 4637 est.

2332 4573 2502 4626 mani.
2560 4572 2946 4649 pisceptarunt
2983 4584 3110 4638 ergo
3140 4568 3205 4622 de
3233 4569 3481 4638 eo_quod
3535 4570 3666 4622 inter
3706 4566 3825 4628 Euty-

670 4661 794 4716 Fuit
823 4649 966 4716 vero,
999 4662 1473 4732 Constantinopoli
1517 4668 1815 4720 monachus
1862 4669 2079 4736 quidam
2115 4687 2226 4724 me-
2332 4666 2544 4719 chelem
2601 4673 2655 4717 et
2714 4661 3004 4716 Eusebium
3079 4661 3303 4716 Doralite
3362 4661 3664 4729 episeopmu
3713 4667 3824 4720 aleo-’7

668 4751 829 4806 dicns
883 4752 1106 4807 nomine
1160 4753 1428 4821 Eutyches
1487 4755 1579 4822 qui
1635 4758 1872 4811 asseruit
1932 4775 2038 4813 non
2103 4777 2226 4815 esse
2336 4757 2651 4820 Flavianum
2690 4755 3054 4823 patriarchaut
3103 4753 3739 4822 Constantinopolitanum
3774 4749 3826 4797 in-

669 4842 888 4896 Christo
934 4857 1134 4909 corpus
1187 4843 1431 4912 ejusdem
1483 4861 1606 4900 cum
1653 4850 1976 4917 corporibus
2025 4853 2230 4907 nostris
2335 4856 2687 4902 tercesserat.
2712 4845 3000 4899 Dioscorus
3019 4853 3198 4898 autem
3219 4844 3558 4897 Alexandria:
3578 4837 3821 4911 patrimi:

674 4940 906 4994 natura.
928 4931 1320 5001 Christumque
1346 4944 1470 4989 ante
1498 4936 1926 4992 incarnationem
1959 4953 1988 4991 e
2015 4938 2228 4991 duabus
2334 4937 2655 5008 Eutychetis
2687 4937 3013 4988 sententiam
3049 4935 3380 4988 conﬁrmans
3424 4933 3720 4987 Flavianum
3766 4941 3822 4992 P1

672 5024 990 5078 constitisse
1008 5024 1237 5091 naturis,
1259 5029 1830 5094 postincarnatiouem
1862 5040 2036 5081 autem
2065 5044 2223 5082 uuam
2333 5031 2624 5085 triarcham
2671 5028 3332 5097 Constantinopolitanum
3361 5036 3416 5082 et
3459 5027 3737 5081 "Eusebium
3759 5020 3821 5069 llo

671 5112 976 5185 [habuisse]
1013 5124 1285 5170 naturam.
1323 5117 1521 5187 (Atque
1555 5118 1668 5172 lucc
1713 5119 1978 5174 sententia
2009 5117 2224 5172 Jacobi-
2331 5122 2481 5177 ralia:
2511 5122 2826 5190 episcOpum
2856 5117 3364 5172 exeommuuiCaVit.

673 5211 866 5269 tarum,
896 5211 1054 5275 cujus
1081 5217 1270 5263 auctor
1304 5209 1402 5262 fuit
1434 5210 1731 5264 monachus
1754 5211 1856 5265 iste
1889 5211 2216 5280 Eutychos.)
2406 5210 2747 5266 Ohstiterunt
2787 5224 2916 5263 vero
2968 5207 3227 5262 Domnius
3256 5205 3566 5276 patriarcha
3594 5197 3816 5257 Antiatis~

730 5423 796 5481 (°)
835 5423 1169 5491 _l_las_pa_ginas
1194 5427 1380 5491 eisdem
1422 5432 1639 5491 numeris
1693 5443 1948 5490 perperam
2007 5436 2296 5490 praenotatas
2333 5430 2511 5490 quibus
2534 5429 2873 5491 praecidentes
2915 5425 3237 5491 distinctionis
3256 5435 3376 5491 ergo
3403 5408 3810 5491 ξδιέτῖδῖοιωωξῖ

637 5536 647 5545 ,
669 5489 772 5597 Ἢ
804 5483 922 5597 alias
945 5483 994 5536 iu
1017 5483 1179 5537 Indice
1200 5488 1608 5556 subsiguavimus.
1641 5483 1768 5542 ldcrn
1785 5483 1841 5540 in
1878 5483 2096 5542 numeris
2119 5491 2323 5542 Hii-1352
2341 5483 2650 5542 commissum
2672 5487 2899 5541 similiter
2923 5487 3247 5537 indicatimus.
3286 5487 3426 5544 Quod
3451 5483 3598 5534 semel
3619 5485 3808 5529 tanaimt

768 5559 794 5594 s
809 5558 848 5595 ει
873 5581 888 5594 .
