3950 6348
114 307 234 372 1053

1507 313 1874 380 ΑΝΝΑΙρΕΞ.

3163 319 3298 399 1054

102 439 211 487 eos,
255 419 568 477 Juvenalius
603 421 1149 494 Hierosolymitanus,
1184 423 1490 481 Mordastns
1521 435 1618 483 An-

1734 441 1879 507 quod
1931 440 2178 508 ejusdem
2229 442 2535 498 doctrinam
2581 445 2865 514 amplexus
2897 459 3063 516 esset,
3105 462 3160 505 et
3205 467 3304 522 pa-

100 525 224 581 cym
251 509 561 578 episcopus,
594 518 649 565 et
673 514 780 565 Asa
808 511 1102 577 Robensis,
1139 527 1260 568 cum
1302 516 1486 571 multis
1510 519 1633 574 aliis

95 601 364 671 episcopis,
409 617 511 656 nec
558 619 671 657 non
733 604 1008 674 deputatis
1060 605 1255 662 Leonis
1309 588 1635 678 patriarcha:

95 693 328 757 Romani,
367 692 630 749 Dioscoro
669 695 994 762 patriarcha!
1043 699 1414 756 Alexandrino
1461 704 1514 758 in
1569 721 1634 760 eo

90 771 229 859 quod
253 785 400 847 fecit,
429 796 482 840 et
536 787 856 841 sententiam
889 789 1056 859 ipsius
1105 802 1162 847 ut
1214 795 1503 850 absurdam
1537 798 1634 852 da-

89 876 854 932 mnarunt.Excommunicavit
887 895 1014 952 ergo
1060 883 1203 947 ipsos
1242 885 1554 950 Dioscorus,
1581 897 1634 941 et

85 967 144 1022 ad
160 966 390 1020 Leonem
421 967 790 1036 patriarcbam
816 969 1122 1026 Romanum
1151 982 1203 1028 et
1231 976 1295 1028 ad
1321 976 1634 1031 sacerdotes

84 1057 380 1126 complures
403 1057 633 1127 scripsit
681 1075 790 1129 quo
829 1061 978 1130 ipsos
1026 1065 1532 1120 exemnmunicaret
1578 1076 1634 1122 ct

79 1156 416 1207 sacramento
445 1150 800 1206 interdiceret
829 1153 933 1207 nisi
968 1152 1292 1223 Eutychetis
1319 1155 1628 1224 opinionem

83 1241 552 1311 amplecterentur,
589 1253 752 1310 atque
810 1243 865 1296 in
916 1243 1016 1297 hac
1070 1246 1340 1300 sententia
1387 1245 1455 1300 ab
1500 1249 1631 1302 urbe

77 1332 282 1401 Epheso
321 1347 570 1388 reversus
605 1343 706 1395 est,
749 1334 915 1402 idque
957 1349 1101 1387 anno
1139 1337 1288 1406 regni
1340 1335 1630 1393 Theodosii

75 1423 304 1494 89-91
337 1423 583 1480 Junioris
613 1424 1050 1494 quadragesimo,
1089 1427 1230 1482 unde
1261 1439 1516 1498 corrupta
1546 1440 1631 1486 est

72 1517 226 1582 ﬁdes;
263 1515 482 1584 fuitque
533 1515 667 1571 ﬁdes
715 1524 769 1570 et
816 1520 1089 1572 sententia
1145 1517 1298 1589 [quae
1353 1521 1626 1591 obtinuit]

79 1607 328 1664 sententia
400 1605 753 1676 Eutychetis,
824 1609 1099 1678 prmcipue
1167 1611 1219 1663 in
1291 1609 1526 1681 Egypto
1577 1625 1630 1667 et

72 1698 440 1763 Alexandria;
501 1699 864 1769 eamdemque
926 1699 1248 1772 Eutychetis
1303 1705 1625 1758 sententiam

1739 531 2010 586 triarchas
2059 533 2380 589 demortnos
2429 539 2982 601 excommunicasset,
3017 551 3070 594 et
3099 556 3209 610 quo
3245 542 3309 596 ti-

1735 623 1858 678 dem
1909 623 2294 678 conlirmarcnt
2332 642 2490 692 quam
2553 627 2845 682 ediderant
2903 631 3008 683 tria
3066 635 3301 686 concilia

1736 724 1943 772 sancta.
2002 715 2392 770 Convencrunt
2446 719 2611 786 igitur
2671 719 3004 776 Cbalcedoni
3061 725 3301 790 episcopi

1735 807 1980 861 sexcenti
2035 806 2280 874 triginta.
2329 805 2542 860 Primas
2589 809 2644 861 in
2675 811 2911 865 concilio
2945 813 3302 865 obtinuerunt

1734 898 2020 952 Anatolius
2041 885 2349 967 patriarcha
2370 899 2616 970 93-95
2635 899 3050 968 Constantinop,
3077 904 3298 958 Illasim.

1733 989 2126 1051 Antiochenus,
2167 1000 2222 1043 et
2264 989 2536 1044 Bullavius
2568 991 2931 1064 [luvenalius]
2982 995 3300 1063 Hierosoly-

1734 1081 1994 1146 mitanus.
2032 1081 2143 1134 Leo
2165 1089 2342 1137 autem
2378 1083 2690 1152 patriarcha
2736 1083 3013 1140 Romanus
3063 1087 3126 1139 ad
3163 1086 3300 1140 hlar-

1732 1172 1950 1224 ciannm
1991 1169 2375 1239 imperatorem
2417 1173 2484 1226 de
2522 1171 2625 1226 [ille
2653 1175 2978 1234 orthodoxa.
3032 1164 3134 1228 tide
3165 1174 3298 1227 Mcl-

1733 1261 2026 1322 chitarum.
2081 1262 2362 1326 scribens,
2417 1263 2700 1332 epistolam
2754 1280 2851 1333 per
2898 1266 3233 1319 sacerdotem
3269 1282 3298 1317 e

1734 1351 2023 1419 discipulis
2052 1351 2168 1406 suis
2194 1354 2479 1421 quemdam
2514 1357 2733 1408 nomine
2763 1355 3099 1409 Bonifacium
3129 1357 3293 1418 misit,

1731 1458 1894 1512 quam
1925 1441 2124 1496 deinde
2156 1441 2470 1500 Marcianus
2505 1446 2802 1513 imperator
2827 1462 2920 1515 per
2957 1446 3293 1500 Bonifacinm

1733 1533 2078 1588 sacerdotem
2137 1535 2532 1590 Chalcedonem
2582 1539 2730 1592 misit
2779 1537 2845 1592 ad
2898 1540 3185 1606 episcopos
3221 1539 3294 1590 ibi

1732 1634 2116 1695 congregatos,
2151 1625 2242 1694 qui
2279 1626 2616 1679 Bonifaciuzu
2653 1644 2880 1682 uttntcro
2911 1640 3294 1682 sexeentorum

1736 1717 1949 1782 triginta
1983 1727 2401 1770 accensuerunt.
2435 1718 2782 1786 Fueruntque
2815 1723 2864 1771 in
2885 1720 3115 1772 concilio
3135 1721 3299 1774 disci-

67 1790 340 1860 amplexus
373 1797 458 1843 εει
489 1788 832 1845 Τιιθοίίοεῖυε
866 1791 1184 1860 ίηιβετθίονο
1210 1791 1382 1860 cuius
1411 1792 1621 1861 imperii
1657 1778 1698 1835 Β
1730 1778 1840 1872 puli
1867 1801 2138 1872 Entbymii
2171 1806 2350 1858 sancti
2388 1778 3006 1876 Stephanusepiscopus
3034 1810 3292 1872 Barabizr,

61 1894 194 1932 anno
219 1879 648 1948 quadragesimo
680 1889 926 1937 mortuus
974 1891 1056 1936 est
1087 1881 1374 1937 Flavianus
1401 1884 1628 1952 patriar~

60 1972 152 2023 cba
173 1960 849 2041 Constantinopolitanus,
875 1989 1032 2042 quem
1059 1975 1627 2027 excomninnicaverat

57 2058 356 2133 Dioscorus
388 2066 403 2113 ἑ
435 2063 522 2116 cui
548 2063 602 2116 in
625 2063 992 2131 patriarcbatu
1017 2064 1624 2133 ConstantinOpolitano

55 2151 320 2207 sullectus
360 2163 445 2208 est
469 2155 840 2218 Athanasius,
901 2155 992 2224 qui
1047 2170 1170 2208 cum
1221 2171 1393 2212 annos
1431 2170 1620 2209 novem

52 2241 310 2308 sedisset,
337 2255 594 2299 mortuus
619 2254 724 2300 est.
751 2246 882 2314 Ejus
907 2247 1238 2313 praefectum
1265 2263 1408 2303 anno
1427 2261 1622 2317 quarto

48 2335 143 2388 fuit
177 2336 482 2413 concilium
517 2344 772 2406 quartum
803 2339 854 2392 in
891 2339 1418 2396 urbe~Chalcedone.
1451 2339 1620 2396 Porro

45 2441 190 2480 anno
226 2428 388 2497 regni
445 2425 734 2482 Theodosii
788 2430 1208 2498 quadragesimo
1245 2432 1420 2500 primo
1475 2448 1616 2496 more

40 2525 167 2571 tuus
229 2527 322 2572 est
363 2518 628 2572 Domnius
685 2521 993 2587 patriarcha
1041 2523 1413 2578 Antiochenus
1455 2539 1615 2592 quem

41 2611 624 2670 excommunicaverat
683 2612 1010 2677 Dioscorus,
1065 2616 1506 2684 constitutusque
1537 2626 1619 2670 est

36 2711 160 2769 post
193 2702 387 2771 ipsum
410 2702 727 2770 patriarcha
762 2703 960 2758 ibidem
999 2704 1288 2768 Maximus,
1318 2707 1409 2774 qui
1443 2722 1616 2761 annos

33 2799 281 2858 quatuor:
316 2791 484 2857 sedit,
517 2791 642 2846 dein
678 2801 929 2850 mortuus
958 2805 1060 2848 est.
1112 2795 1243 2866 Ejus
1281 2795 1616 2865 praefecturae

27 2899 177 2937 anno
227 2886 408 2939 tertio
463 2885 564 2938 iuit
609 2886 903 2940 concilium
957 2896 1209 2956 quartum
1262 2889 1612 2944 ChiliCCdtllll.

27 2972 156 3028 Fuit
219 2983 417 3030 autem
465 2975 776 3031 Theodosio
823 2979 1139 3048 imperatori
1205 2995 1347 3034 uxor
1393 2981 1612 3036 nomine

25 3063 332 3133 Eudocia;
369 3083 604 3136 cumque
662 3069 978 3138 imperatori
1032 3071 1292 3126 donatum
1341 3082 1485 3126 esset
1518 3089 1608 3140 po-

23 3175 175 3216 mum
235 3168 492 3228 tempore
536 3175 646 3229 quo
695 3175 804 3214 non
856 3162 1220 3231 reperirentur
1267 3179 1449 3230 poma,
1498 3130 1685 3231 ipseC

25 3252 157 3306 illud
201 3252 474 3305 Eudocize
504 3251 660 3304 uxori
694 3250 861 3317 dedit,
893 3262 949 3306 at
979 3268 1103 3307 cum
1141 3265 1320 3319 postea
1362 3257 1450 3310 die
1474 3271 1614 3324 quo-

25 3344 145 3397 iam
185 3343 432 3398 domum
485 3343 703 3414 patricii
737 3344 1018 3412 cujusdam
1069 3345 1373 3414 ingressus,
1403 3349 1476 3401 ibi
1514 3364 1613 3416 po-

25 3449 172 3488 num
217 3435 384 3490 istud
417 3417 736 3502 repe'risset,
769 3450 910 3504 aegre
934 3435 1220 3490 admodum
1249 3438 1374 3491 illud
1404 3439 1613 3506 habuit,

26 3526 384 3595 ristitiaqne
417 3524 646 3579 allectus
675 3532 778 3589 est,
827 3526 1135 3593 suspicatus
1181 3541 1404 3580 uxorem
1448 3543 1602 3582 suam

25 3621 344 3677 indociam
380 3619 616 3690 patricio
649 3619 736 3674 isti
766 3619 1080 3674 amiciorem
1111 3633 1255 3674 esse.
1288 3618 1462 3688 Ipsam
1483 3633 1614 3688 ergo

26 3713 422 3784 :lierosolyma
461 3711 745 3779 relegavit.
1276 3718 1278 3720 '

81 3805 337 3861 Mortuo
378 3801 688 3857 Theodosio
747 3803 974 3858 Juniore
1022 3801 1334 3857 Graecorum
1385 3787 1622 3871 impera?

25 3913 159 3963 ore,
201 3896 334 3966 92
374 3893 662 3962 imperavit
717 3892 854 3962 ipsis
901 3891 1212 3946 Marcianus
1260 3907 1434 3946 annos
1483 3906 1614 3954 sex,

26 3991 185 4058 dque
211 4000 385 4046 anno
408 3982 937 4055 regni-Yazdejerdis
965 3982 1004 4036 l'.
1037 3983 1289 4038 Bahrami
1326 3982 1614 4036 Persarum

26 4081 162 4149 egis
199 4077 445 4134 decimo
479 4087 700 4146 quarto.
739 4075 835 4130 Ubi
875 4085 1055 4128 autem
1087 4090 1255 4143 regno
1297 4074 1504 4143 potitus
1532 4081 1616 4127 est

26 4169 384 4233 darcianus,
440 4168 828 4221 convenientes
881 4182 946 4221 ex
993 4167 1251 4221 omnibus
1299 4165 1616 4235 regionibus

28 4261 312 4334 piscOpi,
367 4259 582 4333 ipsique
625 4259 912 4327 imperium
965 4258 1204 4314 faustum
1259 4257 1614 4326 comprecati,

26 4362 214 4407 .otum
254 4350 374 4420 ipsi
402 4351 834 4418 feceruntquam
861 4349 1046 4418 inique
1065 4349 1267 4414 egisset
1325 4348 1614 4402 concilium

1729 1902 1781 1948 et
1811 1893 2045 1949 Joannes
2072 1897 2363 1965 cpiscopus
2405 1897 2790 1952 Barbarorum.
2841 1898 2939 1953 Ubi
2995 1917 3125 1969 ergo
3160 1917 3291 1955 cou-

1727 1998 2012 2054 veneranl,
2049 1988 2101 2041 in
2133 1987 2425 2043 falsitatem
2467 1991 2750 2044 sententiae
2789 1990 3028 2045 Dioscori
3063 1994 3294 2058 patriar—

1725 2079 1843 2133 chae
1893 2080 2248 2148 Alexandrini
2292 2081 2716 2149 inqttisiveruut,
2770 2083 2984 2150 etquid
3039 2084 3105 2136 de
3153 2085 3294 2136 laeto

1727 2169 1900 2236 ipsius
1921 2168 2066 2236 quod
2092 2166 2411 2237 Eutychetis
2434 2172 2758 2222 sententiam
2783 2172 3064 2237 amplexus
3093 2174 3290 2234 inm-at,

1725 2270 1773 2311 et
1806 2259 1859 2311 in
1897 2259 2095 2326 ipsum,
2124 2274 2342 2326 unaque
2375 2261 2428 2312 in
2467 2259 2842 2328 Eutycbetem,
2877 2263 3161 2314 anathema
3195 2264 3290 2314 de-

1727 2350 2070 2413 nuntiarunt,
2111 2357 2440 2413 statuentes.
2484 2351 2769 2404 Dominum
2810 2362 3053 2406 nostrum
3104 2350 3289 2406 losum

1723 2440 1999 2494 Christum
2043 2442 2208 2495 Deum
2242 2457 2364 2496 esse
2398 2451 2452 2494 et
2494 2441 2792 2508 hominem,
2841 2443 3292 2512 ipsumqneejns-

1722 2528 1843 2582 dem
1879 2545 2002 2584 esse
2030 2531 2284 2583 essentize
2311 2545 2436 2582 cum
2467 2529 2625 2583 Patre
2652 2532 2798 2599 quod
2831 2532 2894 2583 ad
2924 2523 3288 2596 divinitatem,

1720 2621 2072 2690 ejusdemque
2096 2636 2219 2674 cum
2251 2621 2408 2675 nobis
2433 2623 2576 2689 quod
2606 2623 2669 2675 ad
2698 2624 3108 2684 humanitatem,
3139 2634 3287 2676 utra-

1719 2728 1820 2782 que
1851 2721 2042 2765 natura
2065 2711 2328 2779 agnitum,
2357 2695 2654 2788 perfectum
2681 2711 2734 2764 in
2755 2711 3040 2765 divinitite
3076 2730 3192 2772 sua,
3224 2721 3279 2762 et
3310 2739 3315 2743 -

1720 2804 2016 2872 perfectum
2048 2805 2100 2856 in
2120 2803 2608 2862 humanitatesua.
2637 2804 2908 2855 Christum
2937 2820 3122 2856 unum.
3149 2804 3288 2855 Con-

1720 2895 2110 2962 lirmaruntque
2150 2893 2451 2958 doctrinam
2484 2876 2862 2962 episcoporum
2914 2903 3280 2947 trecentorum

1717 2983 2018 3038 octodecim
2045 2982 2135 3050 qui
2170 2983 2368 3037 Nicaea:
2395 2991 2788 3044 convenerunt,
2823 2983 3051 3050 amplexi
3080 2983 3284 3034 dictum

1715 3077 1990 3144 ipsorum;
2029 3091 2149 3128 esse
2181 3075 2392 3128 scilicet
2424 3075 2622 3128 Filium
2667 3074 2813 3127 Patri
2847 3075 3285 3135 coesscntialem,

1717 3166 1899 3219 lumen
1929 3164 1998 3219 de
2032 3165 2259 3229 lumine,
2292 3164 2458 3222 Deum
2492 3181 2676 3218 verum
2727 3166 2792 3218 de
2827 3165 2938 3217 Deo
2973 3181 3120 3226 vero,
3156 3181 3290 3217 ana-

1720 3259 1900 3312 thema
1948 3257 2109 3312 etiam
2147 3257 2401 3312 dixerunt
2445 3257 2555 3326 93
2598 3257 2746 3319 Ario,
2795 3265 2847 3308 et
2897 3259 3289 3308 continuarunt

1716 3348 2016 3402 doctrinam
2075 3348 2295 3402 c0nci|ii
2349 3347 2577 3401 seCundi
2631 3359 2843 3400 centum
2891 3347 3286 3414 quinquaginta

1715 3439 2100 3507 episcoporum
2150 3438 2255 3503 qui
2289 3436 2782 3504 (Ξοιιςιειιιιίηθρυιίη
2810 3448 2998 3488 contra
3041 3435 3286 3489 Macedo-

1723 3530 1874 3584 nium
1915 3539 2308 3594 convenerant,
2380 3542 2688 3583 asserentes
2735 3527 3293 3596 Spiritum.sanrtnm

1717 3638 1838 3678 esse
1891 3622 2088 3684 Deum.
2129 3636 2362 3690 esseque
2411 3621 2626 3674 Patrem
2675 3619 2871 3672 Filium
2919 3630 2975 3672 et
3023 3620 3288 3687 Spiritum

1717 3722 1968 3767 sanctum
2023 3712 2190 3767 Deum
2243 3727 2432 3776 unum,
2463 3727 2621 3764 unam
2677 3721 2954 3772 naturam,
3010 3719 3120 3764 tres
3168 3725 3284 3777 per-

1717 3819 1902 3866 sonas,
1947 3813 2000 3857 et
2047 3811 2159 3858 tres
2183 3802 2526 3871 hypostascs.
2557 3801 2931 3854 Macedoninm
2963 3799 3126 3854 etiam
3155 3813 3287 3851 ana-

1718 3884 2165 3949 thematizarunt.
2192 3892 2598 3947 Conﬁrmarunt
2627 3893 2789 3947 etiam
2821 3893 3125 3945 doctrinam
3157 3905 3284 3941 con-

1717 3988 1827 4041 cilii
1860 3986 2034 4049 tertii,
2066 4000 2256 4038 eorum
2307 4000 2502 4053 nempe
2553 3985 2644 4053 qui
2699 3983 2896 4052 Ephesi
2952 3983 3121 4050 prima
3172 3982 3286 4034 vice

1717 4086 2138 4142 convenerant,
2179 4077 2432 4130 videlicet
2473 4076 2855 4144 episcoporum
2904 4075 3284 4136 ducentorum,

1685 4176 1905 4224 "contra
1926 4168 2282 4234 Nestorium;
2323 4169 2566 4223 dicentes
2613 4168 2834 4222 Mariam
2881 4167 3154 4235 Virginem
3199 4180 3283 4233 pe-

1719 4262 1930 4331 perisse
1961 4261 2152 4321 Deum,
2189 4259 2479 4313 Dominum
2517 4269 2758 4312 nostrum
2796 4256 2980 4312 Jesutn
3005 4257 3282 4311 Christum

1708 4353 1814 4423 qui
1848 4350 2095 4421 ejusdem
2151 4358 2238 4408 cst
2291 4365 2416 4425 cum
2457 4351 2616 4405 Patre
2657 4365 2761 4405 suo
2810 4360 3018 4404 natura:
3048 4349 3282 4410 divina»,

25 4442 350 4501 scutulam
399 4439 756 4510 Εβιιεείηυιη,
791 4449 844 4495 ει
875 4439 1008 4508 (μιίά
1059 4439 1279 4494 fecisset
1319 4438 1614 4528 Dioscorus
1646 4465 1693 4524 ι)
1720 4443 1968 4513 ejusdem
2009 4458 2133 4498 cum
2175 4441 2494 4497 hominibus
2522 4452 2730 4496 naturae
2762 4441 3032 4502 humame,
3063 4455 3125 4492 ac
3156 4455 3273 4492 eou-

30 4531 362 4588 atriarcha
411 4530 831 4595 Alexandrinus,
871 4531 1364 4585 cxcommunicatis
1415 4529 1614 4600 injuria

25 4622 381 4680 atriarclris
411 4623 502 4690 qui
535 4623 734 4675 mortui
769 4621 1005 4686 fuerant,
1039 4631 1093 4674 et
1133 4622 1459 4675 sententiam
1500 4621 1612 4676 Eu-

27 4717 271 4784 rchetis
317 4714 556 4769 inﬁdelis
586 4715 864 4783 amplexus
909 4719 1132 4785 eamque
1177 4723 1232 4765 ut
1266 4726 1448 4766 veram
1477 4729 1612 4768 con-

27 4824 289 4871 rmans,
345 4816 400 4861 et
440 4806 715 4883 quomodo
761 4805 920 4860 [idem
967 4816 1021 4859 et
1074 4806 1396 4859 traditiones
1432 4820 1614 4860 corru-

27 4902 210 4964 isset,
267 4897 422 4961 adeo
458 4908 514 4950 nt
542 4897 860 4953 Eutvchetis
885 4898 1153 4952 sententia
1182 4898 1322 4968 apud
1368 4897 1612 4950 homines

27 4994 434 5049 ivalesccret.
493 4988 668 5058 Ju‘ssit
731 5005 860 5058 ergo
926 4989 1234 5044 Marcianus
1291 5005 1381 5042 rex
1447 4987 1610 5042 scribi

27 5094 240 5140 tteras
287 5080 367 5134 ad
402 5081 639 5144 Leonem
683 5083 1049 5150 patriarcltatn
1083 5081 1411 5144 Romanum,
1447 5080 1614 5133 Maxi-

34 5197 146 5236 um
204 5175 604 5247 patriarcham
635 5167 1028 5228 Antiochenutii
1059 5185 1112 5228 et
1144 5165 1441 5228 Bullavium
1473 5172 1610 5244 [Ju-

27 5263 366 5334 tnalium]
405 5265 773 5332 patriarcham
808 5263 1377 5334 llicrosolymitanum,
1408 5273 1466 5318 ut
1503 5280 1610 5319 una

27 5378 119 5418 tm
149 5355 907 5425 metrOpolitisetepiscOpis
945 5357 1057 5410 suis
1092 5357 1454 5417 accederent;
1491 5355 1606 5410 dari

32 5457 171 5508 iam
222 5451 468 5504 litteras
498 5447 564 5499 ad
597 5447 882 5515 episc0pos
913 5446 1002 5514 qui
1044 5461 1074 5500 e
1106 5445 1414 5500 Grmcornm
1449 5447 1609 5500 terri-

33 5546 145 5602 rlo
176 5547 408 5598 essent
437 5547 495 5592 ut
519 5553 712 5592 omnes
738 5537 1069 5592 Cltalcedoui
1102 5539 1473 5602 convenirent,
1499 5555 1606 5607 quo

27 5655 44 5691 ε
85 5627 425 5692 sententia
478 5627 793 5697 Eutychetis
838 5628 1168 5698 dispiccrcnt
1214 5629 1606 5697 disquirerenb

27 5743 119 5798 ιο,
164 5733 243 5780 et
281 5719 367 5778 dc
413 5718 552 5777 facto
591 5719 832 5778 Dioscori
884 5721 1204 5790 patriarcha:
1252 5721 1602 5780 Alexandrini

1717 4535 1850 4591 fessi
1881 4536 2020 4590 duas
2049 4549 2186 4609 esse.
2222 4535 2444 4610 Christo
2489 4545 2741 4599 naturas,
2769 4547 3055 4603 personam
3099 4547 3280 4593 unam,

1664 4695 1670 4700 _
1717 4626 2038 4696 bypostasin
2066 4641 2268 4692 unam;
2314 4636 2367 4680 et
2399 4624 2712 4691 Nestorium
2755 4627 3102 4680 anathemate
3125 4623 3277 4675 devo-

1717 4728 1933 4786 vet-unt,
1989 4735 2089 4774 nec
2139 4734 2251 4772 non
2300 4717 2644 4784 Dioscorum,
2700 4725 2754 4770 et
2808 4715 3060 4785 quisquis
3117 4713 3282 4780 ipsius

1715 4809 2038 4864 sententiam
2058 4808 2797 4877 amplecteretur,ipsumque
2821 4806 2939 4857 loco
2961 4803 3278 4856 abdicarunt

1715 4903 2006 4956 anathema
2022 4902 2184 4954 etiam
2204 4898 2463 4954 dixerunt
2483 4899 2715 4953 concilio
2733 4896 2975 4956 secundo
2991 4895 3282 4963 Ephesino.

1716 4991 2012 5060 Adfuitque
2062 4990 2189 5043 huic
2241 4990 2476 5043 concilio
2521 4989 2937 5043 archidiaconus
2965 4985 3285 5039 Alexandri-

1716 5099 1820 5136 nus
1853 5083 2072 5136 nomine
2103 5081 2409 5142 Proterius.
2454 5097 2616 5150 quem
2657 5079 3019 5149 patriarcham
3057 5079 3278 5130 Alexau~

1715 5172 1845 5226 driae
1865 5173 1986 5226 loco
2013 5172 2255 5227 Dioscori
2288 5172 2541 5251 infidelis,
2580 5168 2877 5234 maledicti,
2905 5169 3276 5237 praefecerunt.

1784 5264 1902 5317 Jam
1947 5279 1978 5318 a
2007 5263 2242 5339 concilio
2276 5259 2462 5326 tertio,
2505 5261 2780 5330 Ephosino
2815 5260 3024 5314 scilicet
3063 5260 3276 5325 episeo-

1713 5371 1904 5426 porum
1943 5341 2301 5410 ducentorum
2331 5356 2424 5422 qui
2475 5353 2646 5420 prima
2692 5353 2811 5406 vice
2849 5348 3045 5417 Ephesi
3079 5362 3274 5400 convc-

1713 5449 1926 5502 nientes
1973 5446 2282 5501 Nestorium
2340 5447 2692 5514 anathemate
2748 5449 3158 5526 percusserunt,
3208 5437 3273 5490 ad

1711 5549 1982 5611 quartum
2023 5539 2122 5592 hoc
2161 5541 2458 5602 concilium
2506 5535 2649 5606 quod
2677 5532 3003 5588 ChalcedOni
3039 5531 3276 5584 habitum

1656 5690 1663 5697 ,
1709 5641 1816 5693 est.
1870 5630 1994 5683 anui
2042 5637 2168 5690 sunt
2220 5621 2416 5698 vigVnti
2451 5644 2614 5690 unus,
2659 5625 2764 5680 hoe
2811 5638 3005 5691 nempe
3056 5622 3110 5674 in
3141 5617 3270 5690 97-

1709 5722 1819 5792 99
1869 5739 1976 5792 quo
2021 5707 2407 5783 convcner/unt
2444 5718 2685 5789 episcopi
2745 5713 2989 5772 succuti
3033 5712 3232 5792 trigj‘un
