  <div class='ocr_page' id='page_1' title='image "/cluster/home/n/w/nwhite01/storage/ocr_20150623/100/hvd.32044010574994/1455.png"; bbox 0 0 3950 6348; ppageno 0'>
   <div class='ocr_carea' id='block_1_1' title="bbox 635 248 775 312">
    <p class='ocr_par' dir='ltr' id='par_1_1' title="bbox 635 248 775 312">
     <span class='ocr_line' id='line_1_1' title="bbox 635 248 775 312; baseline 0 -1"><span class='ocrx_word' id='word_1_1' title='bbox 635 248 661 311; x_wconf 81' lang='lat' dir='ltr'><strong>l</strong></span> <span class='ocrx_word' id='word_1_2' title='bbox 671 248 775 312; x_wconf 73' lang='lat'><strong>059</strong></span> 
     </span>
    </p>
   </div>
   <div class='ocr_carea' id='block_1_2' title="bbox 1661 250 2868 314">
    <p class='ocr_par' dir='ltr' id='par_1_2' title="bbox 1661 250 2868 314">
     <span class='ocr_line' id='line_1_2' title="bbox 1661 250 2868 314; baseline 0.003 -4"><span class='ocrx_word' id='word_1_3' title='bbox 1661 250 2028 311; x_wconf 68' lang='lat' dir='ltr'><strong>EUTYCl-lll</strong></span> <span class='ocrx_word' id='word_1_4' title='bbox 2072 251 2605 314; x_wconf 68' lang='lat' dir='ltr'><strong>ALEXANDRINI</strong></span> <span class='ocrx_word' id='word_1_5' title='bbox 2647 254 2868 314; x_wconf 74' lang='lat' dir='ltr'><strong>PATR.</strong></span> 
     </span>
    </p>
   </div>
   <div class='ocr_carea' id='block_1_3' title="bbox 3698 259 3803 325">
    <p class='ocr_par' dir='ltr' id='par_1_3' title="bbox 3698 259 3803 325">
     <span class='ocr_line' id='line_1_3' title="bbox 3698 259 3803 325; baseline 0.019 -2"><span class='ocrx_word' id='word_1_6' title='bbox 3698 259 3803 325; x_wconf 75' lang='lat'><strong>106&#39;)</strong></span> 
     </span>
    </p>
   </div>
   <div class='ocr_carea' id='block_1_4' title="bbox 637 350 3812 446">
    <p class='ocr_par' dir='ltr' id='par_1_4' title="bbox 637 350 3812 446">
     <span class='ocr_line' id='line_1_4' title="bbox 637 350 3812 446; baseline 0.003 -27"><span class='ocrx_word' id='word_1_7' title='bbox 637 367 856 436; x_wconf 77' lang='lat' dir='ltr'><strong>penitus</strong></span> <span class='ocrx_word' id='word_1_8' title='bbox 882 362 1153 419; x_wconf 88' lang='lat' dir='ltr'><strong>defecisse</strong></span> <span class='ocrx_word' id='word_1_9' title='bbox 1185 363 1678 434; x_wconf 85' lang='lat' dir='ltr'><strong>videretquidqnid</strong></span> <span class='ocrx_word' id='word_1_10' title='bbox 1711 368 1852 435; x_wconf 88' lang='lat' dir='ltr'><strong>apud</strong></span> <span class='ocrx_word' id='word_1_11' title='bbox 1885 367 2032 436; x_wconf 85' lang='lat' dir='ltr'><strong>ipsos</strong></span> <span class='ocrx_word' id='word_1_12' title='bbox 2054 376 2202 422; x_wconf 84' lang='lat' dir='ltr'><strong>esset</strong></span> <span class='ocrx_word' id='word_1_13' title='bbox 2227 365 2278 427; x_wconf 80' lang='grc' dir='ltr'><strong>Α</strong></span> <span class='ocrx_word' id='word_1_14' title='bbox 2305 369 2525 437; x_wconf 82' lang='lat' dir='ltr'><strong>probrio</strong></span> <span class='ocrx_word' id='word_1_15' title='bbox 2565 371 2742 434; x_wconf 85' lang='lat' dir='ltr'><strong>cedat,</strong></span> <span class='ocrx_word' id='word_1_16' title='bbox 2796 371 2912 441; x_wconf 70' lang='lat' dir='ltr'><strong>sive</strong></span> <span class='ocrx_word' id='word_1_17' title='bbox 2967 377 3022 423; x_wconf 90' lang='lat' dir='ltr'><strong>nt</strong></span> <span class='ocrx_word' id='word_1_18' title='bbox 3068 350 3283 425; x_wconf 79' lang='lat' dir='ltr'><strong>dicatur</strong></span> <span class='ocrx_word' id='word_1_19' title='bbox 3315 387 3328 424; x_wconf 91' lang='lat'>:</span> <span class='ocrx_word' id='word_1_20' title='bbox 3379 370 3608 438; x_wconf 81' lang='lat' dir='ltr'><strong>Quidam</strong></span> <span class='ocrx_word' id='word_1_21' title='bbox 3657 369 3812 446; x_wconf 72' lang='lat' dir='ltr'><strong>aliquid</strong></span> 
     </span>
    </p>
   </div>
   <div class='ocr_carea' id='block_1_5' title="bbox 635 455 2202 537">
    <p class='ocr_par' dir='ltr' id='par_1_5' title="bbox 635 455 2202 537">
     <span class='ocr_line' id='line_1_5' title="bbox 635 455 2202 537; baseline 0.002 -26"><span class='ocrx_word' id='word_1_22' title='bbox 635 457 820 537; x_wconf 71' lang='lat' dir='ltr'><strong>viatici</strong></span> <span class='ocrx_word' id='word_1_23' title='bbox 853 466 906 509; x_wconf 91' lang='lat' dir='ltr'><strong>et</strong></span> <span class='ocrx_word' id='word_1_24' title='bbox 937 472 1127 524; x_wconf 73' lang='lat' dir='ltr'><strong>aquae,</strong></span> <span class='ocrx_word' id='word_1_25' title='bbox 1183 465 1346 524; x_wconf 84' lang='lat' dir='ltr'><strong>atque</strong></span> <span class='ocrx_word' id='word_1_26' title='bbox 1382 455 1436 509; x_wconf 91' lang='lat' dir='ltr'><strong>in</strong></span> <span class='ocrx_word' id='word_1_27' title='bbox 1489 456 1666 510; x_wconf 90' lang='lat' dir='ltr'><strong>locum</strong></span> <span class='ocrx_word' id='word_1_28' title='bbox 1706 459 2031 526; x_wconf 86' lang='lat' dir='ltr'><strong>pervenisse.</strong></span> <span class='ocrx_word' id='word_1_29' title='bbox 2054 459 2202 525; x_wconf 89' lang='lat' dir='ltr'><strong>ipsos</strong></span> 
     </span>
    </p>
   </div>
   <div class='ocr_carea' id='block_1_6' title="bbox 636 547 2198 616">
    <p class='ocr_par' dir='ltr' id='par_1_6' title="bbox 636 547 2198 616">
     <span class='ocr_line' id='line_1_6' title="bbox 636 547 2198 616; baseline 0.003 -17"><span class='ocrx_word' id='word_1_30' title='bbox 636 549 780 602; x_wconf 89' lang='lat' dir='ltr'><strong>unde</strong></span> <span class='ocrx_word' id='word_1_31' title='bbox 801 547 977 602; x_wconf 88' lang='lat' dir='ltr'><strong>redire</strong></span> <span class='ocrx_word' id='word_1_32' title='bbox 1005 547 1315 616; x_wconf 81' lang='lat' dir='ltr'><strong>nequirent,</strong></span> <span class='ocrx_word' id='word_1_33' title='bbox 1349 561 1538 600; x_wconf 91' lang='lat' dir='ltr'><strong>verum</strong></span> <span class='ocrx_word' id='word_1_34' title='bbox 1571 547 1704 616; x_wconf 85' lang='lat' dir='ltr'><strong>ipsis</strong></span> <span class='ocrx_word' id='word_1_35' title='bbox 1737 548 2018 604; x_wconf 88' lang='lat' dir='ltr'><strong>fateretur.</strong></span> <span class='ocrx_word' id='word_1_36' title='bbox 2060 547 2198 604; x_wconf 89' lang='lat' dir='ltr'><strong>Tum</strong></span> 
     </span>
    </p>
   </div>
   <div class='ocr_carea' id='block_1_7' title="bbox 637 638 2198 711">
    <p class='ocr_par' dir='ltr' id='par_1_7' title="bbox 637 638 2198 711">
     <span class='ocr_line' id='line_1_7' title="bbox 637 638 2198 711; baseline 0.001 -19"><span class='ocrx_word' id='word_1_37' title='bbox 637 639 850 705; x_wconf 61' lang='lat' dir='ltr'><strong>l‘hirusi</strong></span> <span class='ocrx_word' id='word_1_38' title='bbox 875 639 1125 702; x_wconf 76' lang='lat' dir='ltr'><strong>comites,</strong></span> <span class='ocrx_word' id='word_1_39' title='bbox 1145 653 1330 693; x_wconf 90' lang='lat' dir='ltr'><strong>verum</strong></span> <span class='ocrx_word' id='word_1_40' title='bbox 1349 638 1672 709; x_wconf 85' lang='lat' dir='ltr'><strong>(inquiunt),</strong></span> <span class='ocrx_word' id='word_1_41' title='bbox 1693 653 1726 693; x_wconf 93' lang='lat' dir='ltr'><strong>o</strong></span> <span class='ocrx_word' id='word_1_42' title='bbox 1755 655 1874 706; x_wconf 87' lang='lat' dir='ltr'><strong>rex,</strong></span> <span class='ocrx_word' id='word_1_43' title='bbox 1911 641 2071 711; x_wconf 74' lang='lat'><strong>113</strong></span> <span class='ocrx_word' id='word_1_44' title='bbox 2102 641 2198 696; x_wconf 89' lang='lat' dir='ltr'><strong>tibi</strong></span> 
     </span>
    </p>
   </div>
   <div class='ocr_carea' id='block_1_8' title="bbox 636 717 2200 800">
    <p class='ocr_par' dir='ltr' id='par_1_8' title="bbox 636 717 2200 800">
     <span class='ocr_line' id='line_1_8' title="bbox 636 717 2200 800; baseline 0.002 -19"><span class='ocrx_word' id='word_1_45' title='bbox 636 729 902 793; x_wconf 91' lang='lat' dir='ltr'><strong>diximus,</strong></span> <span class='ocrx_word' id='word_1_46' title='bbox 928 738 984 782; x_wconf 93' lang='lat' dir='ltr'><strong>at</strong></span> <span class='ocrx_word' id='word_1_47' title='bbox 1015 744 1200 783; x_wconf 90' lang='lat' dir='ltr'><strong>aurem</strong></span> <span class='ocrx_word' id='word_1_48' title='bbox 1231 717 1392 783; x_wconf 86' lang='lat' dir='ltr'><strong>nobis</strong></span> <span class='ocrx_word' id='word_1_49' title='bbox 1425 729 1668 798; x_wconf 71' lang='lat' dir='ltr'><strong>praebere</strong></span> <span class='ocrx_word' id='word_1_50' title='bbox 1695 729 2074 800; x_wconf 84' lang='lat' dir='ltr'><strong>noluisti,jam</strong></span> <span class='ocrx_word' id='word_1_51' title='bbox 2099 746 2200 784; x_wconf 87' lang='lat' dir='ltr'><strong>an-</strong></span> 
     </span>
    </p>
   </div>
   <div class='ocr_carea' id='block_1_9' title="bbox 636 819 2199 896">
    <p class='ocr_par' dir='ltr' id='par_1_9' title="bbox 636 819 2199 896">
     <span class='ocr_line' id='line_1_9' title="bbox 636 819 2199 896; baseline 0.002 -26"><span class='ocrx_word' id='word_1_52' title='bbox 636 828 745 873; x_wconf 86' lang='lat' dir='ltr'><strong>tem</strong></span> <span class='ocrx_word' id='word_1_53' title='bbox 766 819 1057 874; x_wconf 80' lang='lat' dir='ltr'><strong>consilium</strong></span> <span class='ocrx_word' id='word_1_54' title='bbox 1082 827 1175 873; x_wconf 87' lang='lat' dir='ltr'><strong>est’</strong></span> <span class='ocrx_word' id='word_1_55' title='bbox 1193 827 1253 896; x_wconf 86' lang='lat' dir='ltr'><strong>ut</strong></span> <span class='ocrx_word' id='word_1_56' title='bbox 1278 826 1422 874; x_wconf 87' lang='lat' dir='ltr'><strong>recta</strong></span> <span class='ocrx_word' id='word_1_57' title='bbox 1447 834 1758 890; x_wconf 85' lang='lat' dir='ltr'><strong>pergamus,</strong></span> <span class='ocrx_word' id='word_1_58' title='bbox 1789 819 1974 876; x_wconf 83' lang='lat' dir='ltr'><strong>forsan</strong></span> <span class='ocrx_word' id='word_1_59' title='bbox 2001 835 2199 890; x_wconf 86' lang='lat' dir='ltr'><strong>aquam</strong></span> 
     </span>
    </p>
   </div>
   <div class='ocr_carea' id='block_1_10' title="bbox 635 909 2200 983">
    <p class='ocr_par' dir='ltr' id='par_1_10' title="bbox 635 909 2200 983">
     <span class='ocr_line' id='line_1_10' title="bbox 635 909 2200 983; baseline 0.002 -22"><span class='ocrx_word' id='word_1_60' title='bbox 635 909 907 978; x_wconf 80' lang='lat' dir='ltr'><strong>reperturi</strong></span> <span class='ocrx_word' id='word_1_61' title='bbox 934 925 1151 965; x_wconf 88' lang='lat' dir='ltr'><strong>sumus.</strong></span> <span class='ocrx_word' id='word_1_62' title='bbox 1179 909 1413 964; x_wconf 83' lang='lat' dir='ltr'><strong>Profecti</strong></span> <span class='ocrx_word' id='word_1_63' title='bbox 1439 921 1570 966; x_wconf 85' lang='lat' dir='ltr'><strong>sunt</strong></span> <span class='ocrx_word' id='word_1_64' title='bbox 1591 927 1723 983; x_wconf 90' lang='lat' dir='ltr'><strong>ergo</strong></span> <span class='ocrx_word' id='word_1_65' title='bbox 1757 912 2106 970; x_wconf 80' lang='lat' dir='ltr'><strong>dextrorsum</strong></span> <span class='ocrx_word' id='word_1_66' title='bbox 2135 925 2200 964; x_wconf 90' lang='lat' dir='ltr'><strong>ac</strong></span> 
     </span>
    </p>
   </div>
   <div class='ocr_carea' id='block_1_11' title="bbox 631 999 2202 1073">
    <p class='ocr_par' dir='ltr' id='par_1_11' title="bbox 631 999 2202 1073">
     <span class='ocr_line' id='line_1_11' title="bbox 631 999 2202 1073; baseline 0.002 -21"><span class='ocrx_word' id='word_1_67' title='bbox 631 999 1006 1055; x_wconf 83' lang='lat' dir='ltr'><strong>sinistrorsum</strong></span> <span class='ocrx_word' id='word_1_68' title='bbox 1051 1002 1284 1070; x_wconf 80' lang='lat' dir='ltr'><strong>sparsim</strong></span> <span class='ocrx_word' id='word_1_69' title='bbox 1317 1005 1512 1072; x_wconf 88' lang='lat' dir='ltr'><strong>aquam</strong></span> <span class='ocrx_word' id='word_1_70' title='bbox 1552 1004 1841 1073; x_wconf 69' lang='lat' dir='ltr'><strong>quaesitum</strong></span> <span class='ocrx_word' id='word_1_71' title='bbox 1874 1044 1892 1068; x_wconf 92' lang='lat'><strong>,</strong></span> <span class='ocrx_word' id='word_1_72' title='bbox 1939 1003 2202 1057; x_wconf 88' lang='lat' dir='ltr'><strong>maxima-</strong></span> 
     </span>
    </p>
   </div>
   <div class='ocr_carea' id='block_1_12' title="bbox 631 1091 2201 1162">
    <p class='ocr_par' dir='ltr' id='par_1_12' title="bbox 631 1091 2201 1162">
     <span class='ocr_line' id='line_1_12' title="bbox 631 1091 2201 1162; baseline 0.001 -18"><span class='ocrx_word' id='word_1_73' title='bbox 631 1105 738 1158; x_wconf 88' lang='lat' dir='ltr'><strong>que</strong></span> <span class='ocrx_word' id='word_1_74' title='bbox 786 1091 1032 1160; x_wconf 88' lang='lat' dir='ltr'><strong>ipsorum</strong></span> <span class='ocrx_word' id='word_1_75' title='bbox 1083 1107 1210 1160; x_wconf 83' lang='lat' dir='ltr'><strong>pars</strong></span> <span class='ocrx_word' id='word_1_76' title='bbox 1252 1092 1344 1146; x_wconf 88' lang='lat' dir='ltr'><strong>siti</strong></span> <span class='ocrx_word' id='word_1_77' title='bbox 1391 1092 1574 1162; x_wconf 90' lang='lat' dir='ltr'><strong>periit,</strong></span> <span class='ocrx_word' id='word_1_78' title='bbox 1639 1093 1787 1148; x_wconf 88' lang='lat' dir='ltr'><strong>haud</strong></span> <span class='ocrx_word' id='word_1_79' title='bbox 1843 1093 2201 1149; x_wconf 82' lang='lat' dir='ltr'><strong>evadentibns</strong></span> 
     </span>
    </p>
   </div>
   <div class='ocr_carea' id='block_1_13' title="bbox 630 1175 2200 1260">
    <p class='ocr_par' dir='ltr' id='par_1_13' title="bbox 630 1175 2200 1260">
     <span class='ocr_line' id='line_1_13' title="bbox 630 1175 2200 1260; baseline 0.001 -26"><span class='ocrx_word' id='word_1_80' title='bbox 630 1196 738 1234; x_wconf 89' lang='lat' dir='ltr'><strong>una</strong></span> <span class='ocrx_word' id='word_1_81' title='bbox 767 1197 892 1236; x_wconf 90' lang='lat' dir='ltr'><strong>cum</strong></span> <span class='ocrx_word' id='word_1_82' title='bbox 920 1181 1156 1236; x_wconf 85' lang='lat' dir='ltr'><strong>Phiruzo</strong></span> <span class='ocrx_word' id='word_1_83' title='bbox 1189 1184 1434 1260; x_wconf 76' lang='lat' dir='ltr'><strong>exceptis</strong></span> <span class='ocrx_word' id='word_1_84' title='bbox 1477 1175 1666 1254; x_wconf 82' lang='lat' dir='ltr'><strong>paucis</strong></span> <span class='ocrx_word' id='word_1_85' title='bbox 1691 1183 1904 1254; x_wconf 88' lang='lat' dir='ltr'><strong>aliquot</strong></span> <span class='ocrx_word' id='word_1_86' title='bbox 1956 1199 1989 1239; x_wconf 88' lang='lat' dir='ltr'><strong>e</strong></span> <span class='ocrx_word' id='word_1_87' title='bbox 2025 1185 2200 1239; x_wconf 89' lang='lat' dir='ltr'><strong>comi-</strong></span> 
     </span>
    </p>
   </div>
   <div class='ocr_carea' id='block_1_14' title="bbox 630 1273 2201 1345">
    <p class='ocr_par' dir='ltr' id='par_1_14' title="bbox 630 1273 2201 1345">
     <span class='ocr_line' id='line_1_14' title="bbox 630 1273 2201 1345; baseline 0.003 -21"><span class='ocrx_word' id='word_1_88' title='bbox 630 1281 742 1326; x_wconf 89' lang='lat' dir='ltr'><strong>tum</strong></span> <span class='ocrx_word' id='word_1_89' title='bbox 768 1273 1111 1338; x_wconf 88' lang='lat' dir='ltr'><strong>fortissimis,</strong></span> <span class='ocrx_word' id='word_1_90' title='bbox 1144 1273 1239 1344; x_wconf 86' lang='lat' dir='ltr'><strong>qui</strong></span> <span class='ocrx_word' id='word_1_91' title='bbox 1269 1274 1735 1345; x_wconf 81' lang='lat' dir='ltr'><strong>ipsumcomitati</strong></span> <span class='ocrx_word' id='word_1_92' title='bbox 1769 1284 1918 1336; x_wconf 85' lang='lat' dir='ltr'><strong>sunt,</strong></span> <span class='ocrx_word' id='word_1_93' title='bbox 1939 1275 2113 1330; x_wconf 87' lang='lat' dir='ltr'><strong>donec</strong></span> <span class='ocrx_word' id='word_1_94' title='bbox 2131 1273 2201 1328; x_wconf 91' lang='lat' dir='ltr'><strong>ab</strong></span> 
     </span>
    </p>
   </div>
   <div class='ocr_carea' id='block_1_15' title="bbox 629 1354 2199 1434">
    <p class='ocr_par' dir='ltr' id='par_1_15' title="bbox 629 1354 2199 1434">
     <span class='ocr_line' id='line_1_15' title="bbox 629 1354 2199 1434; baseline 0.003 -19"><span class='ocrx_word' id='word_1_95' title='bbox 629 1363 881 1418; x_wconf 80' lang='lat' dir='ltr'><strong>hostibus</strong></span> <span class='ocrx_word' id='word_1_96' title='bbox 913 1379 1082 1434; x_wconf 88' lang='lat' dir='ltr'><strong>prope</strong></span> <span class='ocrx_word' id='word_1_97' title='bbox 1113 1366 1391 1429; x_wconf 84' lang='lat' dir='ltr'><strong>abessent,</strong></span> <span class='ocrx_word' id='word_1_98' title='bbox 1414 1354 1553 1434; x_wconf 80' lang='lat' dir='ltr'><strong>quos</strong></span> <span class='ocrx_word' id='word_1_99' title='bbox 1579 1363 1771 1419; x_wconf 90' lang='lat' dir='ltr'><strong>eadem</strong></span> <span class='ocrx_word' id='word_1_100' title='bbox 1807 1354 1989 1428; x_wconf 85' lang='lat' dir='ltr'><strong>noete,</strong></span> <span class='ocrx_word' id='word_1_101' title='bbox 2025 1379 2199 1434; x_wconf 86' lang='lat' dir='ltr'><strong>eoque</strong></span> 
     </span>
    </p>
   </div>
   <div class='ocr_carea' id='block_1_16' title="bbox 628 1455 2200 1525">
    <p class='ocr_par' dir='ltr' id='par_1_16' title="bbox 628 1455 2200 1525">
     <span class='ocr_line' id='line_1_16' title="bbox 628 1455 2200 1525; baseline 0 -15"><span class='ocrx_word' id='word_1_102' title='bbox 628 1472 737 1524; x_wconf 89' lang='lat' dir='ltr'><strong>quo</strong></span> <span class='ocrx_word' id='word_1_103' title='bbox 767 1463 925 1509; x_wconf 89' lang='lat' dir='ltr'><strong>erant</strong></span> <span class='ocrx_word' id='word_1_104' title='bbox 945 1463 1088 1508; x_wconf 86' lang='lat' dir='ltr'><strong>statu</strong></span> <span class='ocrx_word' id='word_1_105' title='bbox 1105 1456 1724 1525; x_wconf 84' lang='lat' dir='ltr'><strong>aggressi,superarunt.</strong></span> <span class='ocrx_word' id='word_1_106' title='bbox 1748 1455 1886 1510; x_wconf 85' lang='lat' dir='ltr'><strong>Tum</strong></span> <span class='ocrx_word' id='word_1_107' title='bbox 1912 1457 2200 1511; x_wconf 80' lang='lat' dir='ltr'><strong>Acbshan-</strong></span> 
     </span>
    </p>
   </div>
   <div class='ocr_carea' id='block_1_17' title="bbox 627 1543 2199 1621">
    <p class='ocr_par' dir='ltr' id='par_1_17' title="bbox 627 1543 2199 1621">
     <span class='ocr_line' id='line_1_17' title="bbox 627 1543 2199 1621; baseline 0.001 -23"><span class='ocrx_word' id='word_1_108' title='bbox 627 1560 859 1608; x_wconf 76' lang='lat' dir='ltr'><strong>warum,</strong></span> <span class='ocrx_word' id='word_1_109' title='bbox 894 1543 1106 1612; x_wconf 77' lang='lat' dir='ltr'><strong>rogavit</strong></span> <span class='ocrx_word' id='word_1_110' title='bbox 1127 1543 1324 1597; x_wconf 83' lang='lat' dir='ltr'><strong>Phiruz</strong></span> <span class='ocrx_word' id='word_1_111' title='bbox 1354 1554 1412 1600; x_wconf 95' lang='lat' dir='ltr'><strong>ut</strong></span> <span class='ocrx_word' id='word_1_112' title='bbox 1436 1545 1538 1614; x_wconf 90' lang='lat' dir='ltr'><strong>ipsi</strong></span> <span class='ocrx_word' id='word_1_113' title='bbox 1568 1553 1622 1600; x_wconf 92' lang='lat' dir='ltr'><strong>et</strong></span> <span class='ocrx_word' id='word_1_114' title='bbox 1651 1547 1943 1621; x_wconf 80' lang='lat' dir='ltr'><strong>comitibus</strong></span> <span class='ocrx_word' id='word_1_115' title='bbox 1973 1547 2064 1616; x_wconf 89' lang='lat' dir='ltr'><strong>qui</strong></span> <span class='ocrx_word' id='word_1_116' title='bbox 2100 1562 2199 1600; x_wconf 89' lang='lat' dir='ltr'><strong>su-</strong></span> 
     </span>
    </p>
   </div>
   <div class='ocr_carea' id='block_1_18' title="bbox 628 1633 2192 1706">
    <p class='ocr_par' dir='ltr' id='par_1_18' title="bbox 628 1633 2192 1706">
     <span class='ocr_line' id='line_1_18' title="bbox 628 1633 2192 1706; baseline 0.003 -21"><span class='ocrx_word' id='word_1_117' title='bbox 628 1642 882 1703; x_wconf 87' lang='lat' dir='ltr'><strong>pererant</strong></span> <span class='ocrx_word' id='word_1_118' title='bbox 927 1637 1046 1690; x_wconf 85' lang='lat' dir='ltr'><strong>suis</strong></span> <span class='ocrx_word' id='word_1_119' title='bbox 1101 1634 1333 1703; x_wconf 89' lang='lat' dir='ltr'><strong>gratiam</strong></span> <span class='ocrx_word' id='word_1_120' title='bbox 1398 1633 1606 1691; x_wconf 79' lang='lat' dir='ltr'><strong>faciens</strong></span> <span class='ocrx_word' id='word_1_121' title='bbox 1658 1638 1828 1706; x_wconf 18' lang='lat' dir='ltr'><strong>ipsos.</strong></span> <span class='ocrx_word' id='word_1_122' title='bbox 1859 1638 1914 1692; x_wconf 91' lang='lat' dir='ltr'><strong>in</strong></span> <span class='ocrx_word' id='word_1_123' title='bbox 1948 1637 2192 1706; x_wconf 76' lang='lat' dir='ltr'><strong>patriam</strong></span> 
     </span>
    </p>
   </div>
   <div class='ocr_carea' id='block_1_19' title="bbox 2308 461 3814 533">
    <p class='ocr_par' dir='ltr' id='par_1_19' title="bbox 2308 461 3814 533">
     <span class='ocr_line' id='line_1_19' title="bbox 2308 461 3814 533; baseline 0.009 -24"><span class='ocrx_word' id='word_1_124' title='bbox 2308 474 2597 528; x_wconf 74' lang='lat' dir='ltr'><strong>aggressus</strong></span> <span class='ocrx_word' id='word_1_125' title='bbox 2646 462 2722 516; x_wconf 91' lang='lat' dir='ltr'><strong>illi</strong></span> <span class='ocrx_word' id='word_1_126' title='bbox 2755 461 3078 533; x_wconf 69' lang='lat' dir='ltr'><strong>perﬁciendo</strong></span> <span class='ocrx_word' id='word_1_127' title='bbox 3136 477 3245 516; x_wconf 88' lang='lat' dir='ltr'><strong>non</strong></span> <span class='ocrx_word' id='word_1_128' title='bbox 3289 461 3412 527; x_wconf 89' lang='lat' dir='ltr'><strong>fuit,</strong></span> <span class='ocrx_word' id='word_1_129' title='bbox 3467 462 3640 518; x_wconf 88' lang='lat' dir='ltr'><strong>hostis</strong></span> <span class='ocrx_word' id='word_1_130' title='bbox 3678 476 3814 523; x_wconf 75' lang='lat' dir='ltr'><strong>autem</strong></span> 
     </span>
    </p>
   </div>
   <div class='ocr_carea' id='block_1_20' title="bbox 2308 550 3817 624">
    <p class='ocr_par' dir='ltr' id='par_1_20' title="bbox 2308 550 3817 624">
     <span class='ocr_line' id='line_1_20' title="bbox 2308 550 3817 624; baseline 0.005 -20"><span class='ocrx_word' id='word_1_131' title='bbox 2308 550 2481 618; x_wconf 81' lang='lat' dir='ltr'><strong>ipsius</strong></span> <span class='ocrx_word' id='word_1_132' title='bbox 2516 552 2635 621; x_wconf 89' lang='lat' dir='ltr'><strong>ipso</strong></span> <span class='ocrx_word' id='word_1_133' title='bbox 2665 555 2839 622; x_wconf 88' lang='lat' dir='ltr'><strong>iisque</strong></span> <span class='ocrx_word' id='word_1_134' title='bbox 2865 555 2958 623; x_wconf 88' lang='lat' dir='ltr'><strong>qui</strong></span> <span class='ocrx_word' id='word_1_135' title='bbox 3007 568 3133 608; x_wconf 89' lang='lat' dir='ltr'><strong>cum</strong></span> <span class='ocrx_word' id='word_1_136' title='bbox 3174 555 3292 622; x_wconf 86' lang='lat' dir='ltr'><strong>ipso</strong></span> <span class='ocrx_word' id='word_1_137' title='bbox 3319 563 3480 608; x_wconf 91' lang='lat' dir='ltr'><strong>erant</strong></span> <span class='ocrx_word' id='word_1_138' title='bbox 3512 556 3743 624; x_wconf 82' lang='lat' dir='ltr'><strong>superior</strong></span> <span class='ocrx_word' id='word_1_139' title='bbox 3762 557 3817 611; x_wconf 73' lang='lat' dir='ltr'><strong>fa-</strong></span> 
     </span>
    </p>
   </div>
   <div class='ocr_carea' id='block_1_21' title="bbox 2306 644 3818 716">
    <p class='ocr_par' dir='ltr' id='par_1_21' title="bbox 2306 644 3818 716">
     <span class='ocr_line' id='line_1_21' title="bbox 2306 644 3818 716; baseline 0.003 -18"><span class='ocrx_word' id='word_1_140' title='bbox 2306 655 2427 698; x_wconf 85' lang='lat' dir='ltr'><strong>etus</strong></span> <span class='ocrx_word' id='word_1_141' title='bbox 2451 644 2680 712; x_wconf 82' lang='lat' dir='ltr'><strong>gratiam</strong></span> <span class='ocrx_word' id='word_1_142' title='bbox 2714 647 2848 712; x_wconf 87' lang='lat' dir='ltr'><strong>ipsis</strong></span> <span class='ocrx_word' id='word_1_143' title='bbox 2872 654 3138 714; x_wconf 67' lang='lat' dir='ltr'><strong>praestans</strong></span> <span class='ocrx_word' id='word_1_144' title='bbox 3177 644 3302 702; x_wconf 89' lang='lat' dir='ltr'><strong>illos</strong></span> <span class='ocrx_word' id='word_1_145' title='bbox 3331 647 3470 700; x_wconf 90' lang='lat' dir='ltr'><strong>inito</strong></span> <span class='ocrx_word' id='word_1_146' title='bbox 3501 654 3658 716; x_wconf 83' lang='lat' dir='ltr'><strong>pacto</strong></span> <span class='ocrx_word' id='word_1_147' title='bbox 3698 647 3818 702; x_wconf 85' lang='lat' dir='ltr'><strong>dimi-</strong></span> 
     </span>
    </p>
   </div>
   <div class='ocr_carea' id='block_1_22' title="bbox 2307 733 3822 807">
    <p class='ocr_par' dir='ltr' id='par_1_22' title="bbox 2307 733 3822 807">
     <span class='ocr_line' id='line_1_22' title="bbox 2307 733 3822 807; baseline -0.001 -18"><span class='ocrx_word' id='word_1_148' title='bbox 2307 737 2412 799; x_wconf 89' lang='lat' dir='ltr'><strong>sit;</strong></span> <span class='ocrx_word' id='word_1_149' title='bbox 2435 737 2547 789; x_wconf 83' lang='lat' dir='ltr'><strong>sive</strong></span> <span class='ocrx_word' id='word_1_150' title='bbox 2574 733 2656 806; x_wconf 92' lang='lat' dir='ltr'><strong>[ut</strong></span> <span class='ocrx_word' id='word_1_151' title='bbox 2686 735 2920 807; x_wconf 83' lang='lat' dir='ltr'><strong>dicatur]</strong></span> <span class='ocrx_word' id='word_1_152' title='bbox 2953 748 2966 788; x_wconf 90' lang='lat'><strong>:</strong></span> <span class='ocrx_word' id='word_1_153' title='bbox 2999 735 3197 792; x_wconf 74' lang='lat' dir='ltr'><strong>Fmdus</strong></span> <span class='ocrx_word' id='word_1_154' title='bbox 3231 751 3294 792; x_wconf 84' lang='lat' dir='ltr'><strong>ac</strong></span> <span class='ocrx_word' id='word_1_155' title='bbox 3345 742 3563 804; x_wconf 87' lang='lat' dir='ltr'><strong>pactum</strong></span> <span class='ocrx_word' id='word_1_156' title='bbox 3621 734 3822 805; x_wconf 74' lang='lat' dir='ltr'><strong>violarit,</strong></span> 
     </span>
    </p>
   </div>
   <div class='ocr_carea' id='block_1_23' title="bbox 2306 826 3823 895">
    <p class='ocr_par' dir='ltr' id='par_1_23' title="bbox 2306 826 3823 895">
     <span class='ocr_line' id='line_1_23' title="bbox 2306 826 3823 895; baseline 0 -15"><span class='ocrx_word' id='word_1_157' title='bbox 2306 836 2360 880; x_wconf 91' lang='lat' dir='ltr'><strong>et</strong></span> <span class='ocrx_word' id='word_1_158' title='bbox 2385 841 2484 895; x_wconf 91' lang='lat' dir='ltr'><strong>pro</strong></span> <span class='ocrx_word' id='word_1_159' title='bbox 2513 827 2658 880; x_wconf 89' lang='lat' dir='ltr'><strong>bono</strong></span> <span class='ocrx_word' id='word_1_160' title='bbox 2679 826 2878 880; x_wconf 90' lang='lat' dir='ltr'><strong>malum</strong></span> <span class='ocrx_word' id='word_1_161' title='bbox 2928 828 3193 895; x_wconf 82' lang='lat' dir='ltr'><strong>rependit.</strong></span> <span class='ocrx_word' id='word_1_162' title='bbox 3241 827 3460 882; x_wconf 85' lang='lat' dir='ltr'><strong>Norunt</strong></span> <span class='ocrx_word' id='word_1_163' title='bbox 3484 837 3663 882; x_wconf 86' lang='lat' dir='ltr'><strong>autem</strong></span> <span class='ocrx_word' id='word_1_164' title='bbox 3689 830 3823 880; x_wconf 78' lang='lat' dir='ltr'><strong>conii-</strong></span> 
     </span>
    </p>
   </div>
   <div class='ocr_carea' id='block_1_24' title="bbox 2305 913 3824 988">
    <p class='ocr_par' dir='ltr' id='par_1_24' title="bbox 2305 913 3824 988">
     <span class='ocr_line' id='line_1_24' title="bbox 2305 913 3824 988; baseline 0.005 -23"><span class='ocrx_word' id='word_1_165' title='bbox 2305 921 2390 968; x_wconf 85' lang='lat' dir='ltr'><strong>tes</strong></span> <span class='ocrx_word' id='word_1_166' title='bbox 2418 913 2495 968; x_wconf 91' lang='lat' dir='ltr'><strong>tui</strong></span> <span class='ocrx_word' id='word_1_167' title='bbox 2529 922 2581 968; x_wconf 88' lang='lat' dir='ltr'><strong>te</strong></span> <span class='ocrx_word' id='word_1_168' title='bbox 2620 914 2768 982; x_wconf 86' lang='lat' dir='ltr'><strong>ipsos</strong></span> <span class='ocrx_word' id='word_1_169' title='bbox 2816 915 2885 969; x_wconf 87' lang='lat' dir='ltr'><strong>ad</strong></span> <span class='ocrx_word' id='word_1_170' title='bbox 2955 916 3198 986; x_wconf 91' lang='lat' dir='ltr'><strong>iniquum</strong></span> <span class='ocrx_word' id='word_1_171' title='bbox 3244 916 3448 987; x_wconf 84' lang='lat' dir='ltr'><strong>aliquid</strong></span> <span class='ocrx_word' id='word_1_172' title='bbox 3499 920 3824 988; x_wconf 69' lang='lat' dir='ltr'><strong>praestandum</strong></span> 
     </span>
    </p>
   </div>
   <div class='ocr_carea' id='block_1_25' title="bbox 2307 1004 3921 1086">
    <p class='ocr_par' dir='ltr' id='par_1_25' title="bbox 2307 1004 3921 1086">
     <span class='ocr_line' id='line_1_25' title="bbox 2307 1004 3921 1086; baseline 0.003 -29"><span class='ocrx_word' id='word_1_173' title='bbox 2307 1005 2545 1075; x_wconf 84' lang='lat' dir='ltr'><strong>adigere.</strong></span> <span class='ocrx_word' id='word_1_174' title='bbox 2578 1004 2790 1072; x_wconf 84' lang='lat' dir='ltr'><strong>Quibus</strong></span> <span class='ocrx_word' id='word_1_175' title='bbox 2825 1007 2961 1062; x_wconf 87' lang='lat' dir='ltr'><strong>adde</strong></span> <span class='ocrx_word' id='word_1_176' title='bbox 3002 1023 3098 1062; x_wconf 88' lang='lat' dir='ltr'><strong>nec</strong></span> <span class='ocrx_word' id='word_1_177' title='bbox 3132 1019 3184 1063; x_wconf 91' lang='lat' dir='ltr'><strong>te</strong></span> <span class='ocrx_word' id='word_1_178' title='bbox 3216 1010 3456 1065; x_wconf 68' lang='lat' dir='ltr'><strong>victoria:</strong></span> <span class='ocrx_word' id='word_1_179' title='bbox 3485 1021 3692 1064; x_wconf 76' lang='lat' dir='ltr'><strong>certum</strong></span> <span class='ocrx_word' id='word_1_180' title='bbox 3715 1024 3824 1073; x_wconf 75' lang='lat' dir='ltr'><strong>esse.</strong></span> <span class='ocrx_word' id='word_1_181' title='bbox 3917 1023 3921 1086; x_wconf 50' lang='grc' dir='ltr'>ἦ</span> 
     </span>
    </p>
   </div>
   <div class='ocr_carea' id='block_1_26' title="bbox 2307 1095 3921 1171">
    <p class='ocr_par' dir='ltr' id='par_1_26' title="bbox 2307 1095 3921 1171">
     <span class='ocr_line' id='line_1_26' title="bbox 2307 1095 3921 1171; baseline 0.003 -21"><span class='ocrx_word' id='word_1_182' title='bbox 2307 1097 2402 1152; x_wconf 86' lang='lat' dir='ltr'><strong>sed</strong></span> <span class='ocrx_word' id='word_1_183' title='bbox 2425 1097 2697 1165; x_wconf 80' lang='lat' dir='ltr'><strong>ejusmodi</strong></span> <span class='ocrx_word' id='word_1_184' title='bbox 2745 1113 2857 1153; x_wconf 91' lang='lat' dir='ltr'><strong>rem</strong></span> <span class='ocrx_word' id='word_1_185' title='bbox 2889 1115 3130 1168; x_wconf 80' lang='lat' dir='ltr'><strong>sperare,</strong></span> <span class='ocrx_word' id='word_1_186' title='bbox 3187 1117 3308 1171; x_wconf 67' lang='lat' dir='ltr'><strong>qua</strong></span> <span class='ocrx_word' id='word_1_187' title='bbox 3332 1111 3386 1156; x_wconf 94' lang='lat' dir='ltr'><strong>et</strong></span> <span class='ocrx_word' id='word_1_188' title='bbox 3413 1101 3482 1155; x_wconf 92' lang='lat' dir='ltr'><strong>de</strong></span> <span class='ocrx_word' id='word_1_189' title='bbox 3516 1109 3569 1155; x_wconf 91' lang='lat' dir='ltr'><strong>te</strong></span> <span class='ocrx_word' id='word_1_190' title='bbox 3597 1110 3826 1169; x_wconf 86' lang='lat' dir='ltr'><strong>speretur.</strong></span> <span class='ocrx_word' id='word_1_191' title='bbox 3919 1095 3921 1102; x_wconf 70' lang='grc'><strong><em>“</em></strong></span> 
     </span>
    </p>
   </div>
   <div class='ocr_carea' id='block_1_27' title="bbox 2305 1189 3829 1269">
    <p class='ocr_par' dir='ltr' id='par_1_27' title="bbox 2305 1189 3829 1269">
     <span class='ocr_line' id='line_1_27' title="bbox 2305 1189 3829 1269; baseline 0.003 -27"><span class='ocrx_word' id='word_1_192' title='bbox 2305 1189 2460 1269; x_wconf 78' lang='lat' dir='ltr'><strong>Quod</strong></span> <span class='ocrx_word' id='word_1_193' title='bbox 2496 1190 2542 1244; x_wconf 89' lang='lat' dir='ltr'><strong>si</strong></span> <span class='ocrx_word' id='word_1_194' title='bbox 2568 1189 2766 1245; x_wconf 84' lang='lat' dir='ltr'><strong>viceris</strong></span> <span class='ocrx_word' id='word_1_195' title='bbox 2791 1205 2888 1244; x_wconf 90' lang='lat' dir='ltr'><strong>nec</strong></span> <span class='ocrx_word' id='word_1_196' title='bbox 2928 1191 3068 1245; x_wconf 90' lang='lat' dir='ltr'><strong>bona</strong></span> <span class='ocrx_word' id='word_1_197' title='bbox 3097 1191 3200 1244; x_wconf 90' lang='lat' dir='ltr'><strong>erit</strong></span> <span class='ocrx_word' id='word_1_198' title='bbox 3239 1192 3384 1246; x_wconf 88' lang='lat' dir='ltr'><strong>fama</strong></span> <span class='ocrx_word' id='word_1_199' title='bbox 3415 1202 3530 1258; x_wconf 81' lang='lat' dir='ltr'><strong>tua,</strong></span> <span class='ocrx_word' id='word_1_200' title='bbox 3567 1206 3667 1246; x_wconf 85' lang='lat' dir='ltr'><strong>nec</strong></span> <span class='ocrx_word' id='word_1_201' title='bbox 3715 1193 3829 1261; x_wconf 83' lang='lat' dir='ltr'><strong>quod</strong></span> 
     </span>
    </p>
   </div>
   <div class='ocr_carea' id='block_1_28' title="bbox 2307 1282 3921 1418">
    <p class='ocr_par' dir='ltr' id='par_1_28' title="bbox 2307 1282 3921 1418">
     <span class='ocr_line' id='line_1_28' title="bbox 2307 1282 3921 1418; baseline 0.001 -82"><span class='ocrx_word' id='word_1_202' title='bbox 2307 1282 2500 1337; x_wconf 80' lang='lat' dir='ltr'><strong>feceris</strong></span> <span class='ocrx_word' id='word_1_203' title='bbox 2549 1284 2711 1338; x_wconf 85' lang='lat' dir='ltr'><strong>laude</strong></span> <span class='ocrx_word' id='word_1_204' title='bbox 2749 1283 2996 1352; x_wconf 86' lang='lat' dir='ltr'><strong>dignum.</strong></span> <span class='ocrx_word' id='word_1_205' title='bbox 3056 1283 3210 1348; x_wconf 79' lang='lat' dir='ltr'><strong>Quod</strong></span> <span class='ocrx_word' id='word_1_206' title='bbox 3259 1285 3305 1337; x_wconf 91' lang='lat' dir='ltr'><strong>si</strong></span> <span class='ocrx_word' id='word_1_207' title='bbox 3364 1283 3831 1350; x_wconf 73' lang='lat' dir='ltr'><strong>victus‘fueris,et</strong></span> <span class='ocrx_word' id='word_1_208' title='bbox 3915 1303 3921 1418; x_wconf 50' lang='lat'><strong>1</strong></span> 
     </span>
     <span class='ocr_line' id='line_1_29' title="bbox 2307 1372 3832 1418; baseline 0 0"><span class='ocrx_word' id='word_1_209' title='bbox 2307 1376 2538 1418; x_wconf 71' lang='lat' dir='ltr'><strong>lninenm</strong></span> <span class='ocrx_word' id='word_1_210' title='bbox 2581 1383 2637 1418; x_wconf 67' lang='grc' dir='ltr'><strong>οι</strong></span> <span class='ocrx_word' id='word_1_211' title='bbox 2666 1377 2942 1418; x_wconf 63' lang='lat' dir='ltr'><strong>exercitus</strong></span> <span class='ocrx_word' id='word_1_212' title='bbox 2997 1382 3120 1418; x_wconf 60' lang='lat' dir='ltr'><strong>tunc</strong></span> <span class='ocrx_word' id='word_1_213' title='bbox 3166 1372 3397 1418; x_wconf 66' lang='lat' dir='ltr'><strong>infames</strong></span> <span class='ocrx_word' id='word_1_214' title='bbox 3434 1375 3641 1418; x_wconf 66' lang='lat' dir='ltr'><strong>reddis-</strong></span> <span class='ocrx_word' id='word_1_215' title='bbox 3692 1374 3832 1418; x_wconf 72' lang='lat' dir='ltr'><strong>Penes</strong></span> 
     </span>
    </p>
   </div>
   <div class='ocr_carea' id='block_1_29' title="bbox 2305 1372 3921 1444">
    <p class='ocr_par' dir='ltr' id='par_1_29' title="bbox 2305 1372 3921 1444">
     <span class='ocr_line' id='line_1_30' title="bbox 2305 1372 3921 1444; baseline 0.003 -15"><span class='ocrx_word' id='word_1_216' title='bbox 2305 1376 2538 1444; x_wconf 88' lang='lat' dir='ltr'><strong>teipsnm</strong></span> <span class='ocrx_word' id='word_1_217' title='bbox 2581 1383 2638 1429; x_wconf 88' lang='lat' dir='ltr'><strong>et</strong></span> <span class='ocrx_word' id='word_1_218' title='bbox 2666 1377 2942 1430; x_wconf 82' lang='lat' dir='ltr'><strong>exercitus</strong></span> <span class='ocrx_word' id='word_1_219' title='bbox 2997 1382 3120 1429; x_wconf 87' lang='lat' dir='ltr'><strong>tuos</strong></span> <span class='ocrx_word' id='word_1_220' title='bbox 3166 1372 3397 1429; x_wconf 80' lang='lat' dir='ltr'><strong>infames</strong></span> <span class='ocrx_word' id='word_1_221' title='bbox 3434 1375 3642 1430; x_wconf 82' lang='lat' dir='ltr'><strong>reddis.</strong></span> <span class='ocrx_word' id='word_1_222' title='bbox 3692 1374 3832 1430; x_wconf 75' lang='lat' dir='ltr'><strong>Penes</strong></span> <span class='ocrx_word' id='word_1_223' title='bbox 3915 1372 3921 1434; x_wconf 62' lang='grc' dir='ltr'>ῗ</span> 
     </span>
    </p>
   </div>
   <div class='ocr_carea' id='block_1_30' title="bbox 2303 1461 3834 1536">
    <p class='ocr_par' dir='ltr' id='par_1_30' title="bbox 2303 1461 3834 1536">
     <span class='ocr_line' id='line_1_31' title="bbox 2303 1461 3834 1536; baseline -0.001 -16"><span class='ocrx_word' id='word_1_224' title='bbox 2303 1481 2434 1536; x_wconf 87' lang='lat' dir='ltr'><strong>ergo</strong></span> <span class='ocrx_word' id='word_1_225' title='bbox 2463 1465 2747 1520; x_wconf 84' lang='lat' dir='ltr'><strong>arbitrium</strong></span> <span class='ocrx_word' id='word_1_226' title='bbox 2789 1475 2939 1518; x_wconf 91' lang='lat' dir='ltr'><strong>tuum</strong></span> <span class='ocrx_word' id='word_1_227' title='bbox 2973 1478 3059 1517; x_wconf 89' lang='lat' dir='ltr'><strong>res</strong></span> <span class='ocrx_word' id='word_1_228' title='bbox 3115 1472 3222 1518; x_wconf 86' lang='lat' dir='ltr'><strong>est.</strong></span> <span class='ocrx_word' id='word_1_229' title='bbox 3245 1461 3356 1531; x_wconf 80' lang='lat' dir='ltr'><strong>Ego</strong></span> <span class='ocrx_word' id='word_1_230' title='bbox 3381 1471 3432 1518; x_wconf 89' lang='lat' dir='ltr'><strong>to</strong></span> <span class='ocrx_word' id='word_1_231' title='bbox 3464 1463 3739 1528; x_wconf 84' lang='lat' dir='ltr'><strong>admonui,</strong></span> <span class='ocrx_word' id='word_1_232' title='bbox 3763 1479 3834 1518; x_wconf 85' lang='lat' dir='ltr'><strong>nc-</strong></span> 
     </span>
    </p>
   </div>
   <div class='ocr_carea' id='block_1_31' title="bbox 2304 1554 3921 1682">
    <p class='ocr_par' dir='ltr' id='par_1_31' title="bbox 2304 1554 3921 1682">
     <span class='ocr_line' id='line_1_32' title="bbox 2304 1554 3836 1626; baseline -0.002 -16"><span class='ocrx_word' id='word_1_233' title='bbox 2304 1572 2410 1626; x_wconf 90' lang='lat' dir='ltr'><strong>que</strong></span> <span class='ocrx_word' id='word_1_234' title='bbox 2436 1573 2520 1610; x_wconf 91' lang='lat' dir='ltr'><strong>me</strong></span> <span class='ocrx_word' id='word_1_235' title='bbox 2538 1556 2604 1610; x_wconf 85' lang='lat' dir='ltr'><strong>ad</strong></span> <span class='ocrx_word' id='word_1_236' title='bbox 2637 1557 2753 1610; x_wconf 61' lang='lat' dir='ltr'><strong>hac</strong></span> <span class='ocrx_word' id='word_1_237' title='bbox 2775 1572 2895 1626; x_wconf 78' lang='lat' dir='ltr'><strong>qua:</strong></span> <span class='ocrx_word' id='word_1_238' title='bbox 2935 1556 3091 1610; x_wconf 89' lang='lat' dir='ltr'><strong>audis</strong></span> <span class='ocrx_word' id='word_1_239' title='bbox 3145 1556 3375 1610; x_wconf 80' lang='lat' dir='ltr'><strong>dicenda</strong></span> <span class='ocrx_word' id='word_1_240' title='bbox 3407 1563 3594 1607; x_wconf 81' lang='lat' dir='ltr'><strong>movet</strong></span> <span class='ocrx_word' id='word_1_241' title='bbox 3633 1554 3836 1608; x_wconf 81' lang='lat' dir='ltr'><strong>imbecil-</strong></span> 
     </span>
     <span class='ocr_line' id='line_1_33' title="bbox 2305 1581 3921 1682; baseline 0 0"><span class='ocrx_word' id='word_1_242' title='bbox 2305 1648 2426 1682; x_wconf 69' lang='lat' dir='ltr'><strong>“Inc</strong></span> <span class='ocrx_word' id='word_1_243' title='bbox 2479 1647 2637 1682; x_wconf 66' lang='lat' dir='ltr'><strong>nni&quot;:</strong></span> <span class='ocrx_word' id='word_1_244' title='bbox 2659 1647 2740 1682; x_wconf 77' lang='grc' dir='ltr'><strong>νοΙ</strong></span> <span class='ocrx_word' id='word_1_245' title='bbox 2772 1661 2835 1682; x_wconf 73' lang='grc' dir='ltr'><strong>ιη</strong></span> <span class='ocrx_word' id='word_1_246' title='bbox 2865 1659 2978 1682; x_wconf 65' lang='lat' dir='ltr'><strong>luna</strong></span> <span class='ocrx_word' id='word_1_247' title='bbox 3057 1644 3142 1682; x_wconf 70' lang='lat' dir='ltr'><strong>vol</strong></span> <span class='ocrx_word' id='word_1_248' title='bbox 3173 1661 3235 1682; x_wconf 68' lang='lat' dir='ltr'><strong>ar</strong></span> <span class='ocrx_word' id='word_1_249' title='bbox 3291 1644 3574 1682; x_wconf 67' lang='lat' dir='ltr'><strong>onniarnnl</strong></span> <span class='ocrx_word' id='word_1_250' title='bbox 3630 1657 3833 1682; x_wconf 65' lang='lat' dir='ltr'><strong>Intumui</strong></span> <span class='ocrx_word' id='word_1_251' title='bbox 3917 1581 3921 1682; x_wconf 60' lang='grc'>‹</span> 
     </span>
    </p>
   </div>
   <div class='ocr_carea' id='block_1_32' title="bbox 2305 1644 3833 1715">
    <p class='ocr_par' dir='ltr' id='par_1_32' title="bbox 2305 1644 3833 1715">
     <span class='ocr_line' id='line_1_34' title="bbox 2305 1644 3833 1715; baseline -0.005 -14"><span class='ocrx_word' id='word_1_252' title='bbox 2305 1648 2450 1710; x_wconf 89' lang='lat' dir='ltr'><strong>litas,</strong></span> <span class='ocrx_word' id='word_1_253' title='bbox 2479 1647 2640 1715; x_wconf 88' lang='lat' dir='ltr'><strong>cujus</strong></span> <span class='ocrx_word' id='word_1_254' title='bbox 2659 1647 2741 1700; x_wconf 85' lang='lat' dir='ltr'><strong>vel</strong></span> <span class='ocrx_word' id='word_1_255' title='bbox 2772 1661 2836 1700; x_wconf 87' lang='lat' dir='ltr'><strong>ex</strong></span> <span class='ocrx_word' id='word_1_256' title='bbox 2865 1659 3004 1710; x_wconf 84' lang='lat' dir='ltr'><strong>mea,</strong></span> <span class='ocrx_word' id='word_1_257' title='bbox 3057 1644 3144 1699; x_wconf 88' lang='lat' dir='ltr'><strong>vel</strong></span> <span class='ocrx_word' id='word_1_258' title='bbox 3173 1661 3238 1700; x_wconf 83' lang='lat' dir='ltr'><strong>ex</strong></span> <span class='ocrx_word' id='word_1_259' title='bbox 3291 1644 3575 1714; x_wconf 79' lang='lat' dir='ltr'><strong>copiarum</strong></span> <span class='ocrx_word' id='word_1_260' title='bbox 3630 1657 3833 1695; x_wconf 82' lang='lat' dir='ltr'><strong>meam</strong></span> 
     </span>
    </p>
   </div>
   <div class='ocr_carea' id='block_1_33' title="bbox 625 1713 3834 1808">
    <p class='ocr_par' dir='ltr' id='par_1_33' title="bbox 625 1713 3834 1808">
     <span class='ocr_line' id='line_1_35' title="bbox 625 1713 3834 1808; baseline 0.003 -30"><span class='ocrx_word' id='word_1_261' title='bbox 625 1740 782 1779; x_wconf 90' lang='lat' dir='ltr'><strong>suam</strong></span> <span class='ocrx_word' id='word_1_262' title='bbox 822 1724 1144 1789; x_wconf 83' lang='lat' dir='ltr'><strong>dimitteret,</strong></span> <span class='ocrx_word' id='word_1_263' title='bbox 1182 1739 1355 1794; x_wconf 89' lang='lat' dir='ltr'><strong>seque</strong></span> <span class='ocrx_word' id='word_1_264' title='bbox 1395 1727 1678 1797; x_wconf 86' lang='lat' dir='ltr'><strong>cumipso</strong></span> <span class='ocrx_word' id='word_1_265' title='bbox 1707 1727 1889 1785; x_wconf 76' lang='lat' dir='ltr'><strong>fmdus</strong></span> <span class='ocrx_word' id='word_1_266' title='bbox 1932 1729 2196 1784; x_wconf 91' lang='lat' dir='ltr'><strong>initurum</strong></span> <span class='ocrx_word' id='word_1_267' title='bbox 2226 1713 2272 1772; x_wconf 82' lang='grc' dir='ltr'><strong><em>Β</em></strong></span> <span class='ocrx_word' id='word_1_268' title='bbox 2307 1749 2463 1808; x_wconf 65' lang='lat' dir='ltr'><strong>parte</strong></span> <span class='ocrx_word' id='word_1_269' title='bbox 2505 1713 2766 1793; x_wconf 54' lang='lat' dir='ltr'><strong>cum-cius</strong></span> <span class='ocrx_word' id='word_1_270' title='bbox 2822 1755 2968 1804; x_wconf 74' lang='lat' dir='ltr'><strong>sum,</strong></span> <span class='ocrx_word' id='word_1_271' title='bbox 3029 1752 3216 1793; x_wconf 83' lang='lat' dir='ltr'><strong>verum</strong></span> <span class='ocrx_word' id='word_1_272' title='bbox 3256 1744 3317 1790; x_wconf 86' lang='lat' dir='ltr'><strong>ut</strong></span> <span class='ocrx_word' id='word_1_273' title='bbox 3362 1713 3582 1790; x_wconf 81' lang='lat' dir='ltr'><strong>fortiori</strong></span> <span class='ocrx_word' id='word_1_274' title='bbox 3633 1733 3765 1802; x_wconf 84' lang='lat' dir='ltr'><strong>apud</strong></span> <span class='ocrx_word' id='word_1_275' title='bbox 3798 1743 3834 1787; x_wconf 84' lang='lat' dir='ltr'><strong>te</strong></span> 
     </span>
    </p>
   </div>
   <div class='ocr_carea' id='block_1_34' title="bbox 628 1815 2196 1890">
    <p class='ocr_par' dir='ltr' id='par_1_34' title="bbox 628 1815 2196 1890">
     <span class='ocr_line' id='line_1_36' title="bbox 628 1815 2196 1890; baseline 0.006 -24"><span class='ocrx_word' id='word_1_276' title='bbox 628 1815 772 1868; x_wconf 82' lang='lat' dir='ltr'><strong>haud</strong></span> <span class='ocrx_word' id='word_1_277' title='bbox 807 1829 1048 1884; x_wconf 84' lang='lat' dir='ltr'><strong>unquam</strong></span> <span class='ocrx_word' id='word_1_278' title='bbox 1082 1831 1143 1871; x_wconf 90' lang='lat' dir='ltr'><strong>se</strong></span> <span class='ocrx_word' id='word_1_279' title='bbox 1183 1817 1414 1885; x_wconf 86' lang='lat' dir='ltr'><strong>posthac</strong></span> <span class='ocrx_word' id='word_1_280' title='bbox 1443 1816 1573 1870; x_wconf 90' lang='lat' dir='ltr'><strong>dum</strong></span> <span class='ocrx_word' id='word_1_281' title='bbox 1606 1819 1810 1875; x_wconf 87' lang='lat' dir='ltr'><strong>viveret</strong></span> <span class='ocrx_word' id='word_1_282' title='bbox 1841 1819 2020 1890; x_wconf 89' lang='lat' dir='ltr'><strong>ipsum</strong></span> <span class='ocrx_word' id='word_1_283' title='bbox 2055 1819 2196 1875; x_wconf 91' lang='lat' dir='ltr'><strong>bello</strong></span> 
     </span>
    </p>
   </div>
   <div class='ocr_carea' id='block_1_35' title="bbox 627 1907 2193 1979">
    <p class='ocr_par' dir='ltr' id='par_1_35' title="bbox 627 1907 2193 1979">
     <span class='ocr_line' id='line_1_37' title="bbox 627 1907 2193 1979; baseline 0.005 -25"><span class='ocrx_word' id='word_1_284' title='bbox 627 1919 1031 1973; x_wconf 76' lang='lat' dir='ltr'><strong>aggressurum,</strong></span> <span class='ocrx_word' id='word_1_285' title='bbox 1107 1907 1428 1961; x_wconf 86' lang='lat' dir='ltr'><strong>constitutio</strong></span> <span class='ocrx_word' id='word_1_286' title='bbox 1481 1909 1621 1963; x_wconf 88' lang='lat' dir='ltr'><strong>inter</strong></span> <span class='ocrx_word' id='word_1_287' title='bbox 1679 1909 1827 1979; x_wconf 87' lang='lat' dir='ltr'><strong>ipsos</strong></span> <span class='ocrx_word' id='word_1_288' title='bbox 1871 1917 1924 1964; x_wconf 89' lang='lat' dir='ltr'><strong>et</strong></span> <span class='ocrx_word' id='word_1_289' title='bbox 1971 1924 2193 1978; x_wconf 79' lang='lat' dir='ltr'><strong>regnum</strong></span> 
     </span>
    </p>
   </div>
   <div class='ocr_carea' id='block_1_36' title="bbox 627 1997 2192 2068">
    <p class='ocr_par' dir='ltr' id='par_1_36' title="bbox 627 1997 2192 2068">
     <span class='ocr_line' id='line_1_38' title="bbox 627 1997 2192 2068; baseline 0.006 -22"><span class='ocrx_word' id='word_1_290' title='bbox 627 2009 782 2047; x_wconf 88' lang='lat' dir='ltr'><strong>suum</strong></span> <span class='ocrx_word' id='word_1_291' title='bbox 839 1997 1073 2051; x_wconf 90' lang='lat' dir='ltr'><strong>termino</strong></span> <span class='ocrx_word' id='word_1_292' title='bbox 1119 2013 1282 2066; x_wconf 87' lang='lat' dir='ltr'><strong>quem</strong></span> <span class='ocrx_word' id='word_1_293' title='bbox 1324 2013 1604 2068; x_wconf 84' lang='lat' dir='ltr'><strong>nunquam</strong></span> <span class='ocrx_word' id='word_1_294' title='bbox 1649 2007 1796 2056; x_wconf 86' lang='lat' dir='ltr'><strong>esset</strong></span> <span class='ocrx_word' id='word_1_295' title='bbox 1837 2001 2192 2056; x_wconf 81' lang='lat' dir='ltr'><strong>transiturus.</strong></span> 
     </span>
    </p>
   </div>
   <div class='ocr_carea' id='block_1_37' title="bbox 622 2086 2195 2161">
    <p class='ocr_par' dir='ltr' id='par_1_37' title="bbox 622 2086 2195 2161">
     <span class='ocr_line' id='line_1_39' title="bbox 622 2086 2195 2161; baseline 0.004 -24"><span class='ocrx_word' id='word_1_296' title='bbox 622 2086 722 2138; x_wconf 87' lang='lat' dir='ltr'><strong>Cui</strong></span> <span class='ocrx_word' id='word_1_297' title='bbox 769 2101 922 2161; x_wconf 64' lang='lat' dir='ltr'><strong>cum,</strong></span> <span class='ocrx_word' id='word_1_298' title='bbox 947 2088 1235 2142; x_wconf 90' lang='lat' dir='ltr'><strong>annuisset</strong></span> <span class='ocrx_word' id='word_1_299' title='bbox 1264 2087 1662 2155; x_wconf 79' lang='lat' dir='ltr'><strong>Achsbanwar,</strong></span> <span class='ocrx_word' id='word_1_300' title='bbox 1703 2089 1906 2158; x_wconf 90' lang='lat' dir='ltr'><strong>scripto</strong></span> <span class='ocrx_word' id='word_1_301' title='bbox 1943 2090 2046 2144; x_wconf 91' lang='lat' dir='ltr'><strong>hoc</strong></span> <span class='ocrx_word' id='word_1_302' title='bbox 2089 2089 2195 2158; x_wconf 89' lang='lat' dir='ltr'><strong>ipsi</strong></span> 
     </span>
    </p>
   </div>
   <div class='ocr_carea' id='block_1_38' title="bbox 606 2173 2194 2248">
    <p class='ocr_par' dir='ltr' id='par_1_38' title="bbox 606 2173 2194 2248">
     <span class='ocr_line' id='line_1_40' title="bbox 606 2173 2194 2248; baseline 0.004 -22"><span class='ocrx_word' id='word_1_303' title='bbox 606 2173 962 2228; x_wconf 66' lang='lat' dir='ltr'><strong>’conlirmavit</strong></span> <span class='ocrx_word' id='word_1_304' title='bbox 989 2176 1188 2228; x_wconf 77' lang='lat' dir='ltr'><strong>Pliiruz</strong></span> <span class='ocrx_word' id='word_1_305' title='bbox 1247 2177 1437 2230; x_wconf 85' lang='lat' dir='ltr'><strong>ascitis</strong></span> <span class='ocrx_word' id='word_1_306' title='bbox 1466 2178 1700 2233; x_wconf 89' lang='lat' dir='ltr'><strong>testibus</strong></span> <span class='ocrx_word' id='word_1_307' title='bbox 1722 2217 1738 2239; x_wconf 86' lang='lat'><strong>.</strong></span> <span class='ocrx_word' id='word_1_308' title='bbox 1772 2179 2194 2248; x_wconf 89' lang='lat' dir='ltr'><strong>juramentoque</strong></span> 
     </span>
    </p>
   </div>
   <div class='ocr_carea' id='block_1_39' title="bbox 625 2264 2187 2336">
    <p class='ocr_par' dir='ltr' id='par_1_39' title="bbox 625 2264 2187 2336">
     <span class='ocr_line' id='line_1_41' title="bbox 625 2264 2187 2336; baseline 0.003 -20"><span class='ocrx_word' id='word_1_309' title='bbox 625 2278 683 2316; x_wconf 90' lang='lat' dir='ltr'><strong>se</strong></span> <span class='ocrx_word' id='word_1_310' title='bbox 727 2264 1076 2331; x_wconf 74' lang='lat' dir='ltr'><strong>obstringens</strong></span> <span class='ocrx_word' id='word_1_311' title='bbox 1120 2266 1326 2318; x_wconf 88' lang='lat' dir='ltr'><strong>nullam</strong></span> <span class='ocrx_word' id='word_1_312' title='bbox 1371 2281 1430 2320; x_wconf 91' lang='lat' dir='ltr'><strong>se</strong></span> <span class='ocrx_word' id='word_1_313' title='bbox 1474 2267 1552 2318; x_wconf 90' lang='lat' dir='ltr'><strong>illi</strong></span> <span class='ocrx_word' id='word_1_314' title='bbox 1590 2265 1836 2320; x_wconf 85' lang='lat' dir='ltr'><strong>fraudem</strong></span> <span class='ocrx_word' id='word_1_315' title='bbox 1890 2267 2187 2336; x_wconf 85' lang='lat' dir='ltr'><strong>facturum,</strong></span> 
     </span>
    </p>
   </div>
   <div class='ocr_carea' id='block_1_40' title="bbox 624 2350 1835 2424">
    <p class='ocr_par' dir='ltr' id='par_1_40' title="bbox 624 2350 1835 2424">
     <span class='ocr_line' id='line_1_42' title="bbox 624 2350 1835 2424; baseline 0.002 -17"><span class='ocrx_word' id='word_1_316' title='bbox 624 2367 785 2423; x_wconf 81' lang='lat' dir='ltr'><strong>atque</strong></span> <span class='ocrx_word' id='word_1_317' title='bbox 819 2355 890 2408; x_wconf 92' lang='lat' dir='ltr'><strong>ita</strong></span> <span class='ocrx_word' id='word_1_318' title='bbox 921 2355 973 2408; x_wconf 92' lang='lat' dir='ltr'><strong>in</strong></span> <span class='ocrx_word' id='word_1_319' title='bbox 1011 2371 1234 2424; x_wconf 82' lang='lat' dir='ltr'><strong>regnum</strong></span> <span class='ocrx_word' id='word_1_320' title='bbox 1261 2350 1421 2410; x_wconf 81' lang='lat' dir='ltr'><strong>suum</strong></span> <span class='ocrx_word' id='word_1_321' title='bbox 1453 2371 1706 2411; x_wconf 86' lang='lat' dir='ltr'><strong>reversus</strong></span> <span class='ocrx_word' id='word_1_322' title='bbox 1733 2366 1835 2412; x_wconf 79' lang='lat' dir='ltr'><strong>est.</strong></span> 
     </span>
    </p>
   </div>
   <div class='ocr_carea' id='block_1_41' title="bbox 701 2447 2188 2518">
    <p class='ocr_par' dir='ltr' id='par_1_41' title="bbox 701 2447 2188 2518">
     <span class='ocr_line' id='line_1_43' title="bbox 701 2447 2188 2518; baseline 0.003 -17"><span class='ocrx_word' id='word_1_323' title='bbox 701 2447 796 2501; x_wconf 80' lang='lat' dir='ltr'><strong>Ubi</strong></span> <span class='ocrx_word' id='word_1_324' title='bbox 830 2455 1114 2516; x_wconf 85' lang='lat' dir='ltr'><strong>postquam</strong></span> <span class='ocrx_word' id='word_1_325' title='bbox 1151 2448 1220 2502; x_wconf 89' lang='lat' dir='ltr'><strong>ad</strong></span> <span class='ocrx_word' id='word_1_326' title='bbox 1277 2459 1490 2517; x_wconf 84' lang='lat' dir='ltr'><strong>tempus</strong></span> <span class='ocrx_word' id='word_1_327' title='bbox 1545 2449 1763 2518; x_wconf 85' lang='lat' dir='ltr'><strong>aliquod</strong></span> <span class='ocrx_word' id='word_1_328' title='bbox 1818 2450 2188 2518; x_wconf 81' lang='lat' dir='ltr'><strong>substitisset,</strong></span> 
     </span>
    </p>
   </div>
   <div class='ocr_carea' id='block_1_42' title="bbox 625 2536 2196 2607">
    <p class='ocr_par' dir='ltr' id='par_1_42' title="bbox 625 2536 2196 2607">
     <span class='ocr_line' id='line_1_44' title="bbox 625 2536 2196 2607; baseline 0.006 -21"><span class='ocrx_word' id='word_1_329' title='bbox 625 2538 676 2588; x_wconf 91' lang='lat' dir='ltr'><strong>in</strong></span> <span class='ocrx_word' id='word_1_330' title='bbox 712 2537 1032 2590; x_wconf 69' lang='lat' dir='ltr'><strong>memoriam</strong></span> <span class='ocrx_word' id='word_1_331' title='bbox 1060 2536 1162 2605; x_wconf 86' lang='lat' dir='ltr'><strong>ipsi</strong></span> <span class='ocrx_word' id='word_1_332' title='bbox 1186 2538 1354 2592; x_wconf 88' lang='lat' dir='ltr'><strong>subiit</strong></span> <span class='ocrx_word' id='word_1_333' title='bbox 1389 2538 1519 2607; x_wconf 91' lang='lat' dir='ltr'><strong>quid</strong></span> <span class='ocrx_word' id='word_1_334' title='bbox 1559 2540 1665 2594; x_wconf 88' lang='lat' dir='ltr'><strong>sibi</strong></span> <span class='ocrx_word' id='word_1_335' title='bbox 1695 2542 1763 2595; x_wconf 87' lang='lat' dir='ltr'><strong>ab</strong></span> <span class='ocrx_word' id='word_1_336' title='bbox 1789 2541 2196 2596; x_wconf 81' lang='lat' dir='ltr'><strong>Acbshanwaro</strong></span> 
     </span>
    </p>
   </div>
   <div class='ocr_carea' id='block_1_43' title="bbox 619 2608 2189 2703">
    <p class='ocr_par' dir='ltr' id='par_1_43' title="bbox 619 2608 2189 2703">
     <span class='ocr_line' id='line_1_45' title="bbox 619 2608 2189 2703; baseline 0.004 -24"><span class='ocrx_word' id='word_1_337' title='bbox 619 2627 825 2703; x_wconf 82' lang='lat' dir='ltr'><strong>dudum</strong></span> <span class='ocrx_word' id='word_1_338' title='bbox 857 2608 1146 2682; x_wconf 57' lang='lat' dir='ltr'><strong>eve—tiissct.</strong></span> <span class='ocrx_word' id='word_1_339' title='bbox 1167 2628 1340 2697; x_wconf 86' lang='lat' dir='ltr'><strong>Cujus</strong></span> <span class='ocrx_word' id='word_1_340' title='bbox 1373 2644 1496 2683; x_wconf 90' lang='lat' dir='ltr'><strong>cum</strong></span> <span class='ocrx_word' id='word_1_341' title='bbox 1529 2629 1682 2684; x_wconf 88' lang='lat' dir='ltr'><strong>illum</strong></span> <span class='ocrx_word' id='word_1_342' title='bbox 1707 2631 1953 2700; x_wconf 91' lang='lat' dir='ltr'><strong>puderet,</strong></span> <span class='ocrx_word' id='word_1_343' title='bbox 1996 2633 2189 2686; x_wconf 92' lang='lat' dir='ltr'><strong>metuit</strong></span> 
     </span>
    </p>
   </div>
   <div class='ocr_carea' id='block_1_44' title="bbox 619 2718 2191 2793">
    <p class='ocr_par' dir='ltr' id='par_1_44' title="bbox 619 2718 2191 2793">
     <span class='ocr_line' id='line_1_46' title="bbox 619 2718 2191 2793; baseline 0.006 -25"><span class='ocrx_word' id='word_1_344' title='bbox 619 2728 799 2770; x_wconf 83' lang='lat' dir='ltr'><strong>tamen</strong></span> <span class='ocrx_word' id='word_1_345' title='bbox 847 2731 970 2770; x_wconf 91' lang='lat' dir='ltr'><strong>cum</strong></span> <span class='ocrx_word' id='word_1_346' title='bbox 1024 2718 1140 2786; x_wconf 92' lang='lat' dir='ltr'><strong>ipso</strong></span> <span class='ocrx_word' id='word_1_347' title='bbox 1179 2719 1366 2772; x_wconf 89' lang='lat' dir='ltr'><strong>dolose</strong></span> <span class='ocrx_word' id='word_1_348' title='bbox 1399 2734 1578 2788; x_wconf 85' lang='lat' dir='ltr'><strong>agere.</strong></span> <span class='ocrx_word' id='word_1_349' title='bbox 1615 2721 1832 2790; x_wconf 90' lang='lat' dir='ltr'><strong>Impulit</strong></span> <span class='ocrx_word' id='word_1_350' title='bbox 1855 2737 1981 2792; x_wconf 87' lang='lat' dir='ltr'><strong>ergo</strong></span> <span class='ocrx_word' id='word_1_351' title='bbox 2015 2723 2191 2793; x_wconf 90' lang='lat' dir='ltr'><strong>ipsum</strong></span> 
     </span>
    </p>
   </div>
   <div class='ocr_carea' id='block_1_45' title="bbox 623 2802 2194 2879">
    <p class='ocr_par' dir='ltr' id='par_1_45' title="bbox 623 2802 2194 2879">
     <span class='ocr_line' id='line_1_47' title="bbox 623 2802 2194 2879; baseline 0.006 -21"><span class='ocrx_word' id='word_1_352' title='bbox 623 2809 724 2861; x_wconf 92' lang='lat' dir='ltr'><strong>hoc</strong></span> <span class='ocrx_word' id='word_1_353' title='bbox 755 2819 811 2859; x_wconf 89' lang='lat' dir='ltr'><strong>ut</strong></span> <span class='ocrx_word' id='word_1_354' title='bbox 840 2822 962 2861; x_wconf 87' lang='lat' dir='ltr'><strong>eum</strong></span> <span class='ocrx_word' id='word_1_355' title='bbox 992 2823 1184 2862; x_wconf 91' lang='lat' dir='ltr'><strong>rursus</strong></span> <span class='ocrx_word' id='word_1_356' title='bbox 1212 2809 1352 2863; x_wconf 88' lang='lat' dir='ltr'><strong>bello</strong></span> <span class='ocrx_word' id='word_1_357' title='bbox 1375 2802 1778 2879; x_wconf 74' lang='lat' dir='ltr'><strong>aggrederetur.</strong></span> <span class='ocrx_word' id='word_1_358' title='bbox 1815 2811 2194 2867; x_wconf 81' lang='lat' dir='ltr'><strong>llixeruntau-</strong></span> 
     </span>
    </p>
   </div>
   <div class='ocr_carea' id='block_1_46' title="bbox 621 2898 2189 2974">
    <p class='ocr_par' dir='ltr' id='par_1_46' title="bbox 621 2898 2189 2974">
     <span class='ocr_line' id='line_1_48' title="bbox 621 2898 2189 2974; baseline 0.007 -25"><span class='ocrx_word' id='word_1_359' title='bbox 621 2910 727 2950; x_wconf 85' lang='lat' dir='ltr'><strong>tem</strong></span> <span class='ocrx_word' id='word_1_360' title='bbox 757 2898 856 2966; x_wconf 89' lang='lat' dir='ltr'><strong>ipsi</strong></span> <span class='ocrx_word' id='word_1_361' title='bbox 884 2898 1178 2952; x_wconf 84' lang='lat' dir='ltr'><strong>consiliarii</strong></span> <span class='ocrx_word' id='word_1_362' title='bbox 1202 2900 1370 2968; x_wconf 88' lang='lat' dir='ltr'><strong>ipsius</strong></span> <span class='ocrx_word' id='word_1_363' title='bbox 1396 2918 1410 2953; x_wconf 90' lang='lat'><strong>:</strong></span> <span class='ocrx_word' id='word_1_364' title='bbox 1449 2902 1801 2974; x_wconf 73' lang='lat'><strong>117-119</strong></span> <span class='ocrx_word' id='word_1_365' title='bbox 1832 2903 2032 2960; x_wconf 66' lang='lat' dir='ltr'><strong>Fmdus</strong></span> <span class='ocrx_word' id='word_1_366' title='bbox 2063 2921 2189 2960; x_wconf 91' lang='lat' dir='ltr'><strong>cum</strong></span> 
     </span>
    </p>
   </div>
   <div class='ocr_carea' id='block_1_47' title="bbox 621 2988 2194 3066">
    <p class='ocr_par' dir='ltr' id='par_1_47' title="bbox 621 2988 2194 3066">
     <span class='ocr_line' id='line_1_49' title="bbox 621 2988 2194 3066; baseline 0.008 -28"><span class='ocrx_word' id='word_1_367' title='bbox 621 2988 742 3056; x_wconf 91' lang='lat' dir='ltr'><strong>ipso</strong></span> <span class='ocrx_word' id='word_1_368' title='bbox 771 2989 964 3050; x_wconf 87' lang='lat' dir='ltr'><strong>iniisti,</strong></span> <span class='ocrx_word' id='word_1_369' title='bbox 990 2990 1286 3042; x_wconf 84' lang='lat' dir='ltr'><strong>metuimus</strong></span> <span class='ocrx_word' id='word_1_370' title='bbox 1327 3006 1393 3044; x_wconf 89' lang='lat' dir='ltr'><strong>ne</strong></span> <span class='ocrx_word' id='word_1_371' title='bbox 1413 2993 1551 3044; x_wconf 87' lang='lat' dir='ltr'><strong>male</strong></span> <span class='ocrx_word' id='word_1_372' title='bbox 1582 2993 1678 3046; x_wconf 87' lang='lat' dir='ltr'><strong>tibi</strong></span> <span class='ocrx_word' id='word_1_373' title='bbox 1709 2993 1862 3053; x_wconf 87' lang='lat' dir='ltr'><strong>fraus</strong></span> <span class='ocrx_word' id='word_1_374' title='bbox 1891 3003 1945 3051; x_wconf 88' lang='lat' dir='ltr'><strong>et</strong></span> <span class='ocrx_word' id='word_1_375' title='bbox 1996 2996 2194 3066; x_wconf 84' lang='lat' dir='ltr'><strong>injuria</strong></span> 
     </span>
    </p>
   </div>
   <div class='ocr_carea' id='block_1_48' title="bbox 619 3076 2195 3147">
    <p class='ocr_par' dir='ltr' id='par_1_48' title="bbox 619 3076 2195 3147">
     <span class='ocr_line' id='line_1_50' title="bbox 619 3076 2195 3147; baseline 0.008 -17"><span class='ocrx_word' id='word_1_376' title='bbox 619 3077 937 3131; x_wconf 88' lang='lat' dir='ltr'><strong>succedant.</strong></span> <span class='ocrx_word' id='word_1_377' title='bbox 999 3076 1295 3147; x_wconf 72' lang='lat' dir='ltr'><strong>Respondit</strong></span> <span class='ocrx_word' id='word_1_378' title='bbox 1341 3082 1448 3136; x_wconf 88' lang='lat' dir='ltr'><strong>illis</strong></span> <span class='ocrx_word' id='word_1_379' title='bbox 1498 3080 1697 3138; x_wconf 84' lang='lat' dir='ltr'><strong>Phiruz</strong></span> <span class='ocrx_word' id='word_1_380' title='bbox 1747 3102 1763 3140; x_wconf 85' lang='lat'><strong>:</strong></span> <span class='ocrx_word' id='word_1_381' title='bbox 1822 3085 2022 3142; x_wconf 88' lang='lat' dir='ltr'><strong>Pactus</strong></span> <span class='ocrx_word' id='word_1_382' title='bbox 2078 3104 2195 3143; x_wconf 90' lang='lat' dir='ltr'><strong>sum</strong></span> 
     </span>
    </p>
   </div>
   <div class='ocr_carea' id='block_1_49' title="bbox 621 3169 2196 3246">
    <p class='ocr_par' dir='ltr' id='par_1_49' title="bbox 621 3169 2196 3246">
     <span class='ocr_line' id='line_1_51' title="bbox 621 3169 2196 3246; baseline 0.008 -25"><span class='ocrx_word' id='word_1_383' title='bbox 621 3185 745 3222; x_wconf 92' lang='lat' dir='ltr'><strong>cum</strong></span> <span class='ocrx_word' id='word_1_384' title='bbox 777 3169 894 3237; x_wconf 75' lang='lat' dir='ltr'><strong>ipso</strong></span> <span class='ocrx_word' id='word_1_385' title='bbox 920 3185 1003 3222; x_wconf 90' lang='lat' dir='ltr'><strong>me</strong></span> <span class='ocrx_word' id='word_1_386' title='bbox 1037 3171 1266 3238; x_wconf 88' lang='lat' dir='ltr'><strong>lapidem</strong></span> <span class='ocrx_word' id='word_1_387' title='bbox 1303 3170 1695 3246; x_wconf 81' lang='lat' dir='ltr'><strong>[designatum]</strong></span> <span class='ocrx_word' id='word_1_388' title='bbox 1749 3176 1892 3230; x_wconf 86' lang='lat' dir='ltr'><strong>haud</strong></span> <span class='ocrx_word' id='word_1_389' title='bbox 1933 3180 2196 3234; x_wconf 86' lang='lat' dir='ltr'><strong>transitu-</strong></span> 
     </span>
    </p>
   </div>
   <div class='ocr_carea' id='block_1_50' title="bbox 629 3259 2197 3332">
    <p class='ocr_par' dir='ltr' id='par_1_50' title="bbox 629 3259 2197 3332">
     <span class='ocr_line' id='line_1_52' title="bbox 629 3259 2197 3332; baseline 0.009 -20"><span class='ocrx_word' id='word_1_390' title='bbox 629 3275 770 3313; x_wconf 90' lang='lat' dir='ltr'><strong>rum.</strong></span> <span class='ocrx_word' id='word_1_391' title='bbox 797 3259 1052 3327; x_wconf 85' lang='lat' dir='ltr'><strong>Lapidem</strong></span> <span class='ocrx_word' id='word_1_392' title='bbox 1085 3276 1213 3330; x_wconf 86' lang='lat' dir='ltr'><strong>ergo</strong></span> <span class='ocrx_word' id='word_1_393' title='bbox 1246 3264 1489 3327; x_wconf 88' lang='lat' dir='ltr'><strong>plaustro</strong></span> <span class='ocrx_word' id='word_1_394' title='bbox 1525 3264 1833 3332; x_wconf 84' lang='lat' dir='ltr'><strong>impositum</strong></span> <span class='ocrx_word' id='word_1_395' title='bbox 1879 3277 2062 3320; x_wconf 89' lang='lat' dir='ltr'><strong>coram</strong></span> <span class='ocrx_word' id='word_1_396' title='bbox 2098 3283 2197 3326; x_wconf 88' lang='lat' dir='ltr'><strong>no.-</strong></span> 
     </span>
    </p>
   </div>
   <div class='ocr_carea' id='block_1_51' title="bbox 620 3349 2198 3425">
    <p class='ocr_par' dir='ltr' id='par_1_51' title="bbox 620 3349 2198 3425">
     <span class='ocr_line' id='line_1_53' title="bbox 620 3349 2198 3425; baseline 0.006 -22"><span class='ocrx_word' id='word_1_397' title='bbox 620 3351 703 3404; x_wconf 89' lang='lat' dir='ltr'><strong>bis</strong></span> <span class='ocrx_word' id='word_1_398' title='bbox 734 3349 927 3414; x_wconf 82' lang='lat' dir='ltr'><strong>feram,</strong></span> <span class='ocrx_word' id='word_1_399' title='bbox 965 3367 1138 3420; x_wconf 90' lang='lat' dir='ltr'><strong>neque</strong></span> <span class='ocrx_word' id='word_1_400' title='bbox 1166 3367 1195 3404; x_wconf 88' lang='lat' dir='ltr'><strong>a</strong></span> <span class='ocrx_word' id='word_1_401' title='bbox 1238 3363 1389 3422; x_wconf 90' lang='lat' dir='ltr'><strong>tergo</strong></span> <span class='ocrx_word' id='word_1_402' title='bbox 1443 3370 1680 3422; x_wconf 88' lang='lat' dir='ltr'><strong>unquam</strong></span> <span class='ocrx_word' id='word_1_403' title='bbox 1745 3355 2069 3425; x_wconf 89' lang='lat' dir='ltr'><strong>relinquam.</strong></span> <span class='ocrx_word' id='word_1_404' title='bbox 2128 3357 2198 3411; x_wconf 80' lang='lat' dir='ltr'><strong>At</strong></span> 
     </span>
    </p>
   </div>
   <div class='ocr_carea' id='block_1_52' title="bbox 622 3441 2194 3518">
    <p class='ocr_par' dir='ltr' id='par_1_52' title="bbox 622 3441 2194 3518">
     <span class='ocr_line' id='line_1_54' title="bbox 622 3441 2194 3518; baseline 0.008 -24"><span class='ocrx_word' id='word_1_405' title='bbox 622 3443 742 3497; x_wconf 88' lang='lat' dir='ltr'><strong>illi:</strong></span> <span class='ocrx_word' id='word_1_406' title='bbox 776 3441 978 3496; x_wconf 76' lang='lat' dir='ltr'><strong>Fmdus</strong></span> <span class='ocrx_word' id='word_1_407' title='bbox 1021 3444 1323 3513; x_wconf 80' lang='lat' dir='ltr'><strong>(inquiunt)</strong></span> <span class='ocrx_word' id='word_1_408' title='bbox 1357 3460 1460 3498; x_wconf 93' lang='lat' dir='ltr'><strong>non</strong></span> <span class='ocrx_word' id='word_1_409' title='bbox 1497 3455 1656 3514; x_wconf 91' lang='lat' dir='ltr'><strong>prout</strong></span> <span class='ocrx_word' id='word_1_410' title='bbox 1697 3456 1753 3500; x_wconf 93' lang='lat' dir='ltr'><strong>tu</strong></span> <span class='ocrx_word' id='word_1_411' title='bbox 1805 3447 2194 3518; x_wconf 86' lang='lat' dir='ltr'><strong>interpretatus</strong></span> 
     </span>
    </p>
   </div>
   <div class='ocr_carea' id='block_1_53' title="bbox 627 3532 2195 3612">
    <p class='ocr_par' dir='ltr' id='par_1_53' title="bbox 627 3532 2195 3612">
     <span class='ocr_line' id='line_1_55' title="bbox 627 3532 2195 3612; baseline 0.008 -27"><span class='ocrx_word' id='word_1_412' title='bbox 627 3547 708 3594; x_wconf 87' lang='lat' dir='ltr'><strong>es,</strong></span> <span class='ocrx_word' id='word_1_413' title='bbox 736 3533 829 3586; x_wconf 86' lang='lat' dir='ltr'><strong>sed</strong></span> <span class='ocrx_word' id='word_1_414' title='bbox 850 3532 1005 3600; x_wconf 89' lang='lat' dir='ltr'><strong>juxta</strong></span> <span class='ocrx_word' id='word_1_415' title='bbox 1038 3534 1384 3587; x_wconf 87' lang='lat' dir='ltr'><strong>manifestum</strong></span> <span class='ocrx_word' id='word_1_416' title='bbox 1413 3535 1726 3607; x_wconf 68' lang='lat' dir='ltr'><strong>[verb‘ortun</strong></span> <span class='ocrx_word' id='word_1_417' title='bbox 1767 3540 2012 3612; x_wconf 84' lang='lat' dir='ltr'><strong>sensum]</strong></span> <span class='ocrx_word' id='word_1_418' title='bbox 2037 3542 2195 3598; x_wconf 88' lang='lat' dir='ltr'><strong>intel-</strong></span> 
     </span>
    </p>
   </div>
   <div class='ocr_carea' id='block_1_54' title="bbox 613 3622 2189 3704">
    <p class='ocr_par' dir='ltr' id='par_1_54' title="bbox 613 3622 2189 3704">
     <span class='ocr_line' id='line_1_56' title="bbox 613 3622 2189 3704; baseline 0.008 -28"><span class='ocrx_word' id='word_1_419' title='bbox 613 3623 887 3692; x_wconf 83' lang='lat' dir='ltr'><strong>ligendum</strong></span> <span class='ocrx_word' id='word_1_420' title='bbox 905 3631 1008 3676; x_wconf 90' lang='lat' dir='ltr'><strong>est.</strong></span> <span class='ocrx_word' id='word_1_421' title='bbox 1029 3622 1228 3686; x_wconf 84' lang='lat' dir='ltr'><strong>Pbiruz</strong></span> <span class='ocrx_word' id='word_1_422' title='bbox 1250 3634 1450 3689; x_wconf 90' lang='lat' dir='ltr'><strong>autem,</strong></span> <span class='ocrx_word' id='word_1_423' title='bbox 1467 3635 1650 3704; x_wconf 80' lang='lat' dir='ltr'><strong>spreto</strong></span> <span class='ocrx_word' id='word_1_424' title='bbox 1677 3629 1920 3698; x_wconf 86' lang='lat' dir='ltr'><strong>ipsorum</strong></span> <span class='ocrx_word' id='word_1_425' title='bbox 1940 3635 2189 3699; x_wconf 89' lang='lat' dir='ltr'><strong>consilio,</strong></span> 
     </span>
    </p>
   </div>
   <div class='ocr_carea' id='block_1_55' title="bbox 622 3714 2188 3793">
    <p class='ocr_par' dir='ltr' id='par_1_55' title="bbox 622 3714 2188 3793">
     <span class='ocr_line' id='line_1_57' title="bbox 622 3714 2188 3793; baseline 0.01 -26"><span class='ocrx_word' id='word_1_426' title='bbox 622 3716 689 3768; x_wconf 86' lang='lat' dir='ltr'><strong>ad</strong></span> <span class='ocrx_word' id='word_1_427' title='bbox 718 3714 916 3769; x_wconf 90' lang='lat' dir='ltr'><strong>bellum</strong></span> <span class='ocrx_word' id='word_1_428' title='bbox 948 3714 1358 3772; x_wconf 81' lang='lat' dir='ltr'><strong>Acbshanwaro</strong></span> <span class='ocrx_word' id='word_1_429' title='bbox 1403 3720 1746 3774; x_wconf 86' lang='lat' dir='ltr'><strong>inferendum</strong></span> <span class='ocrx_word' id='word_1_430' title='bbox 1781 3723 2059 3793; x_wconf 86' lang='lat' dir='ltr'><strong>profectus</strong></span> <span class='ocrx_word' id='word_1_431' title='bbox 2085 3736 2188 3782; x_wconf 87' lang='lat' dir='ltr'><strong>est.</strong></span> 
     </span>
    </p>
   </div>
   <div class='ocr_carea' id='block_1_56' title="bbox 617 3804 2192 3883">
    <p class='ocr_par' dir='ltr' id='par_1_56' title="bbox 617 3804 2192 3883">
     <span class='ocr_line' id='line_1_58' title="bbox 617 3804 2192 3883; baseline 0.01 -26"><span class='ocrx_word' id='word_1_432' title='bbox 617 3805 740 3870; x_wconf 87' lang='lat' dir='ltr'><strong>Quo</strong></span> <span class='ocrx_word' id='word_1_433' title='bbox 776 3804 965 3858; x_wconf 88' lang='lat' dir='ltr'><strong>audito</strong></span> <span class='ocrx_word' id='word_1_434' title='bbox 999 3821 1329 3876; x_wconf 89' lang='lat' dir='ltr'><strong>magnopere</strong></span> <span class='ocrx_word' id='word_1_435' title='bbox 1385 3809 1612 3864; x_wconf 87' lang='lat' dir='ltr'><strong>miratus</strong></span> <span class='ocrx_word' id='word_1_436' title='bbox 1647 3812 2039 3883; x_wconf 79' lang='lat' dir='ltr'><strong>Achsha‘mvar,</strong></span> <span class='ocrx_word' id='word_1_437' title='bbox 2089 3833 2192 3873; x_wconf 76' lang='lat' dir='ltr'><strong>nec</strong></span> 
     </span>
    </p>
   </div>
   <div class='ocr_carea' id='block_1_57' title="bbox 619 3891 2187 3978">
    <p class='ocr_par' dir='ltr' id='par_1_57' title="bbox 619 3891 2187 3978">
     <span class='ocr_line' id='line_1_59' title="bbox 619 3891 2187 3978; baseline 0.01 -29"><span class='ocrx_word' id='word_1_438' title='bbox 619 3895 880 3951; x_wconf 87' lang='lat' dir='ltr'><strong>dubitans</strong></span> <span class='ocrx_word' id='word_1_439' title='bbox 906 3895 1100 3951; x_wconf 84' lang='lat' dir='ltr'><strong>fraude</strong></span> <span class='ocrx_word' id='word_1_440' title='bbox 1133 3914 1355 3951; x_wconf 87' lang='lat' dir='ltr'><strong>usurum</strong></span> <span class='ocrx_word' id='word_1_441' title='bbox 1389 3899 1588 3953; x_wconf 81' lang='lat' dir='ltr'><strong>Pliiruz</strong></span> <span class='ocrx_word' id='word_1_442' title='bbox 1631 3891 1850 3972; x_wconf 81' lang='lat' dir='ltr'><strong>scriptis</strong></span> <span class='ocrx_word' id='word_1_443' title='bbox 1891 3907 1959 3960; x_wconf 86' lang='lat' dir='ltr'><strong>ad</strong></span> <span class='ocrx_word' id='word_1_444' title='bbox 2009 3909 2187 3978; x_wconf 90' lang='lat' dir='ltr'><strong>ipsum</strong></span> 
     </span>
    </p>
   </div>
   <div class='ocr_carea' id='block_1_58' title="bbox 625 3987 2186 4055">
    <p class='ocr_par' dir='ltr' id='par_1_58' title="bbox 625 3987 2186 4055">
     <span class='ocr_line' id='line_1_60' title="bbox 625 3987 2186 4055; baseline 0.009 -16"><span class='ocrx_word' id='word_1_445' title='bbox 625 3987 845 4049; x_wconf 90' lang='lat' dir='ltr'><strong>litteris,</strong></span> <span class='ocrx_word' id='word_1_446' title='bbox 881 3996 1100 4055; x_wconf 89' lang='lat' dir='ltr'><strong>pactum</strong></span> <span class='ocrx_word' id='word_1_447' title='bbox 1166 4003 1348 4042; x_wconf 86' lang='lat' dir='ltr'><strong>secum</strong></span> <span class='ocrx_word' id='word_1_448' title='bbox 1405 3990 1598 4044; x_wconf 89' lang='lat' dir='ltr'><strong>initum</strong></span> <span class='ocrx_word' id='word_1_449' title='bbox 1655 3993 1730 4046; x_wconf 88' lang='lat' dir='ltr'><strong>illi</strong></span> <span class='ocrx_word' id='word_1_450' title='bbox 1768 3995 1822 4048; x_wconf 89' lang='lat' dir='ltr'><strong>in</strong></span> <span class='ocrx_word' id='word_1_451' title='bbox 1869 4000 2186 4053; x_wconf 90' lang='lat' dir='ltr'><strong>memoriam</strong></span> 
     </span>
    </p>
   </div>
   <div class='ocr_carea' id='block_1_59' title="bbox 621 4080 2189 4160">
    <p class='ocr_par' dir='ltr' id='par_1_59' title="bbox 621 4080 2189 4160">
     <span class='ocr_line' id='line_1_61' title="bbox 621 4080 2189 4160; baseline 0.01 -29"><span class='ocrx_word' id='word_1_452' title='bbox 621 4080 920 4156; x_wconf 70' lang='lat' dir='ltr'><strong>revocavit,</strong></span> <span class='ocrx_word' id='word_1_453' title='bbox 953 4095 1151 4148; x_wconf 78' lang='lat' dir='ltr'><strong>rogans</strong></span> <span class='ocrx_word' id='word_1_454' title='bbox 1183 4091 1242 4132; x_wconf 94' lang='lat' dir='ltr'><strong>ut</strong></span> <span class='ocrx_word' id='word_1_455' title='bbox 1287 4092 1694 4149; x_wconf 87' lang='lat' dir='ltr'><strong>reverteretur;</strong></span> <span class='ocrx_word' id='word_1_456' title='bbox 1756 4097 1811 4141; x_wconf 89' lang='lat' dir='ltr'><strong>at</strong></span> <span class='ocrx_word' id='word_1_457' title='bbox 1864 4089 1951 4144; x_wconf 88' lang='lat' dir='ltr'><strong>ille</strong></span> <span class='ocrx_word' id='word_1_458' title='bbox 1989 4107 2189 4160; x_wconf 86' lang='lat' dir='ltr'><strong>nequa-</strong></span> 
     </span>
    </p>
   </div>
   <div class='ocr_carea' id='block_1_60' title="bbox 615 4170 2188 4252">
    <p class='ocr_par' dir='ltr' id='par_1_60' title="bbox 615 4170 2188 4252">
     <span class='ocr_line' id='line_1_62' title="bbox 615 4170 2188 4252; baseline 0.013 -33"><span class='ocrx_word' id='word_1_459' title='bbox 615 4185 776 4236; x_wconf 82' lang='lat' dir='ltr'><strong>quam</strong></span> <span class='ocrx_word' id='word_1_460' title='bbox 817 4170 930 4223; x_wconf 63' lang='lat' dir='ltr'><strong>haec</strong></span> <span class='ocrx_word' id='word_1_461' title='bbox 951 4179 1196 4223; x_wconf 83' lang='lat' dir='ltr'><strong>moratus</strong></span> <span class='ocrx_word' id='word_1_462' title='bbox 1223 4172 1482 4239; x_wconf 90' lang='lat' dir='ltr'><strong>perrexit,</strong></span> <span class='ocrx_word' id='word_1_463' title='bbox 1509 4173 1683 4230; x_wconf 87' lang='lat' dir='ltr'><strong>donec</strong></span> <span class='ocrx_word' id='word_1_464' title='bbox 1719 4177 1970 4250; x_wconf 79' lang='lat' dir='ltr'><strong>lliyatela</strong></span> <span class='ocrx_word' id='word_1_465' title='bbox 1998 4199 2188 4252; x_wconf 86' lang='lat' dir='ltr'><strong>perve-</strong></span> 
     </span>
    </p>
   </div>
   <div class='ocr_carea' id='block_1_61' title="bbox 617 4260 2185 4330">
    <p class='ocr_par' dir='ltr' id='par_1_61' title="bbox 617 4260 2185 4330">
     <span class='ocr_line' id='line_1_63' title="bbox 617 4260 2185 4330; baseline 0.011 -18"><span class='ocrx_word' id='word_1_466' title='bbox 617 4260 800 4313; x_wconf 87' lang='lat' dir='ltr'><strong>niret:</strong></span> <span class='ocrx_word' id='word_1_467' title='bbox 841 4275 1072 4328; x_wconf 86' lang='lat' dir='ltr'><strong>eumque</strong></span> <span class='ocrx_word' id='word_1_468' title='bbox 1123 4262 1322 4316; x_wconf 88' lang='lat' dir='ltr'><strong>vallum</strong></span> <span class='ocrx_word' id='word_1_469' title='bbox 1383 4265 1524 4319; x_wconf 92' lang='lat' dir='ltr'><strong>inter</strong></span> <span class='ocrx_word' id='word_1_470' title='bbox 1573 4281 1725 4321; x_wconf 90' lang='lat' dir='ltr'><strong>suam</strong></span> <span class='ocrx_word' id='word_1_471' title='bbox 1757 4279 1810 4324; x_wconf 91' lang='lat' dir='ltr'><strong>et</strong></span> <span class='ocrx_word' id='word_1_472' title='bbox 1849 4265 2066 4327; x_wconf 80' lang='lat' dir='ltr'><strong>Phiruzi</strong></span> <span class='ocrx_word' id='word_1_473' title='bbox 2099 4276 2185 4330; x_wconf 83' lang='lat' dir='ltr'><strong>di-</strong></span> 
     </span>
    </p>
   </div>
   <div class='ocr_carea' id='block_1_62' title="bbox 617 4342 2139 4426">
    <p class='ocr_par' dir='ltr' id='par_1_62' title="bbox 617 4342 2139 4426">
     <span class='ocr_line' id='line_1_64' title="bbox 617 4342 2139 4426; baseline 0.011 -21"><span class='ocrx_word' id='word_1_474' title='bbox 617 4353 819 4406; x_wconf 89' lang='lat' dir='ltr'><strong>tionem</strong></span> <span class='ocrx_word' id='word_1_475' title='bbox 889 4353 1152 4408; x_wconf 73' lang='lat' dir='ltr'><strong>eﬂoderat</strong></span> <span class='ocrx_word' id='word_1_476' title='bbox 1201 4355 1594 4426; x_wconf 68' lang='lat' dir='ltr'><strong>Achshanwar,</strong></span> <span class='ocrx_word' id='word_1_477' title='bbox 1647 4376 1810 4426; x_wconf 90' lang='lat' dir='ltr'><strong>super</strong></span> <span class='ocrx_word' id='word_1_478' title='bbox 1859 4363 1951 4417; x_wconf 88' lang='lat' dir='ltr'><strong>illo</strong></span> <span class='ocrx_word' id='word_1_479' title='bbox 1990 4342 2139 4426; x_wconf 53' lang='lat' dir='ltr'><strong>ponte</strong></span> 
     </span>
    </p>
   </div>
   <div class='ocr_carea' id='block_1_63' title="bbox 621 4442 2183 4525">
    <p class='ocr_par' dir='ltr' id='par_1_63' title="bbox 621 4442 2183 4525">
     <span class='ocr_line' id='line_1_65' title="bbox 621 4442 2183 4525; baseline 0.012 -30"><span class='ocrx_word' id='word_1_480' title='bbox 621 4442 1020 4511; x_wconf 83' lang='lat' dir='ltr'><strong>exstruijnssit</strong></span> <span class='ocrx_word' id='word_1_481' title='bbox 1048 4445 1276 4511; x_wconf 80' lang='lat' dir='ltr'><strong>Phiruz,</strong></span> <span class='ocrx_word' id='word_1_482' title='bbox 1321 4451 1520 4516; x_wconf 90' lang='lat' dir='ltr'><strong>quibus</strong></span> <span class='ocrx_word' id='word_1_483' title='bbox 1580 4455 1873 4510; x_wconf 89' lang='lat' dir='ltr'><strong>transiret:</strong></span> <span class='ocrx_word' id='word_1_484' title='bbox 1912 4458 2183 4525; x_wconf 90' lang='lat' dir='ltr'><strong>impositis</strong></span> 
     </span>
    </p>
   </div>
   <div class='ocr_carea' id='block_1_64' title="bbox 611 4533 2185 4619">
    <p class='ocr_par' dir='ltr' id='par_1_64' title="bbox 611 4533 2185 4619">
     <span class='ocr_line' id='line_1_66' title="bbox 611 4533 2185 4619; baseline 0.012 -34"><span class='ocrx_word' id='word_1_485' title='bbox 611 4533 773 4586; x_wconf 77' lang='lat' dir='ltr'><strong>etiam</strong></span> <span class='ocrx_word' id='word_1_486' title='bbox 834 4537 1124 4614; x_wconf 52' lang='lat' dir='ltr'><strong>pontibus,</strong></span> <span class='ocrx_word' id='word_1_487' title='bbox 1160 4539 1369 4619; x_wconf 81' lang='lat' dir='ltr'><strong>vexillis</strong></span> <span class='ocrx_word' id='word_1_488' title='bbox 1417 4557 1539 4610; x_wconf 68' lang='lat' dir='ltr'><strong>qua:</strong></span> <span class='ocrx_word' id='word_1_489' title='bbox 1611 4543 1856 4600; x_wconf 87' lang='lat' dir='ltr'><strong>redeunti</strong></span> <span class='ocrx_word' id='word_1_490' title='bbox 1915 4549 1968 4602; x_wconf 90' lang='lat' dir='ltr'><strong>in</strong></span> <span class='ocrx_word' id='word_1_491' title='bbox 2030 4552 2185 4619; x_wconf 85' lang='lat' dir='ltr'><strong>signa</strong></span> 
     </span>
    </p>
   </div>
   <div class='ocr_carea' id='block_1_65' title="bbox 607 4623 2182 4700">
    <p class='ocr_par' dir='ltr' id='par_1_65' title="bbox 607 4623 2182 4700">
     <span class='ocr_line' id='line_1_67' title="bbox 607 4623 2182 4700; baseline 0.011 -23"><span class='ocrx_word' id='word_1_492' title='bbox 607 4631 813 4677; x_wconf 88' lang='lat' dir='ltr'><strong>essent.</strong></span> <span class='ocrx_word' id='word_1_493' title='bbox 843 4623 977 4677; x_wconf 91' lang='lat' dir='ltr'><strong>Cum</strong></span> <span class='ocrx_word' id='word_1_494' title='bbox 1007 4639 1137 4696; x_wconf 87' lang='lat' dir='ltr'><strong>ergo</strong></span> <span class='ocrx_word' id='word_1_495' title='bbox 1161 4628 1273 4697; x_wconf 72' lang='lat' dir='ltr'><strong>jam</strong></span> <span class='ocrx_word' id='word_1_496' title='bbox 1306 4629 1359 4682; x_wconf 89' lang='lat' dir='ltr'><strong>in</strong></span> <span class='ocrx_word' id='word_1_497' title='bbox 1400 4632 1684 4700; x_wconf 89' lang='lat' dir='ltr'><strong>procinctu</strong></span> <span class='ocrx_word' id='word_1_498' title='bbox 1709 4647 1889 4691; x_wconf 89' lang='lat' dir='ltr'><strong>essent</strong></span> <span class='ocrx_word' id='word_1_499' title='bbox 1910 4641 2182 4694; x_wconf 88' lang='lat' dir='ltr'><strong>exercitus</strong></span> 
     </span>
    </p>
   </div>
   <div class='ocr_carea' id='block_1_66' title="bbox 609 4711 2182 4795">
    <p class='ocr_par' dir='ltr' id='par_1_66' title="bbox 609 4711 2182 4795">
     <span class='ocr_line' id='line_1_68' title="bbox 609 4711 2182 4795; baseline 0.011 -30"><span class='ocrx_word' id='word_1_500' title='bbox 609 4711 831 4766; x_wconf 79' lang='lat' dir='ltr'><strong>mittens</strong></span> <span class='ocrx_word' id='word_1_501' title='bbox 862 4714 927 4766; x_wconf 83' lang='lat' dir='ltr'><strong>ad</strong></span> <span class='ocrx_word' id='word_1_502' title='bbox 968 4711 1258 4770; x_wconf 82' lang='lat' dir='ltr'><strong>Phiruzum</strong></span> <span class='ocrx_word' id='word_1_503' title='bbox 1305 4717 1703 4787; x_wconf 79' lang='lat' dir='ltr'><strong>Achshanwar,</strong></span> <span class='ocrx_word' id='word_1_504' title='bbox 1754 4727 1963 4795; x_wconf 80' lang='lat' dir='ltr'><strong>rogavit</strong></span> <span class='ocrx_word' id='word_1_505' title='bbox 1999 4736 2058 4781; x_wconf 91' lang='lat' dir='ltr'><strong>ut</strong></span> <span class='ocrx_word' id='word_1_506' title='bbox 2114 4727 2182 4782; x_wconf 92' lang='lat' dir='ltr'><strong>ad</strong></span> 
     </span>
    </p>
   </div>
   <div class='ocr_carea' id='block_1_67' title="bbox 611 4805 2176 4892">
    <p class='ocr_par' dir='ltr' id='par_1_67' title="bbox 611 4805 2176 4892">
     <span class='ocr_line' id='line_1_69' title="bbox 611 4805 2176 4892; baseline 0.013 -34"><span class='ocrx_word' id='word_1_507' title='bbox 611 4805 794 4874; x_wconf 89' lang='lat' dir='ltr'><strong>ipsum</strong></span> <span class='ocrx_word' id='word_1_508' title='bbox 825 4807 1005 4860; x_wconf 92' lang='lat' dir='ltr'><strong>medio</strong></span> <span class='ocrx_word' id='word_1_509' title='bbox 1032 4809 1170 4863; x_wconf 89' lang='lat' dir='ltr'><strong>inter</strong></span> <span class='ocrx_word' id='word_1_510' title='bbox 1191 4813 1463 4868; x_wconf 90' lang='lat' dir='ltr'><strong>exercitus</strong></span> <span class='ocrx_word' id='word_1_511' title='bbox 1491 4815 1668 4884; x_wconf 87' lang='lat' dir='ltr'><strong>spatio</strong></span> <span class='ocrx_word' id='word_1_512' title='bbox 1726 4818 1793 4872; x_wconf 88' lang='lat' dir='ltr'><strong>ad</strong></span> <span class='ocrx_word' id='word_1_513' title='bbox 1845 4821 2176 4892; x_wconf 86' lang='lat' dir='ltr'><strong>colloquium</strong></span> 
     </span>
    </p>
   </div>
   <div class='ocr_carea' id='block_1_68' title="bbox 605 4896 2178 4972">
    <p class='ocr_par' dir='ltr' id='par_1_68' title="bbox 605 4896 2178 4972">
     <span class='ocr_line' id='line_1_70' title="bbox 605 4896 2178 4972; baseline 0.013 -22"><span class='ocrx_word' id='word_1_514' title='bbox 605 4896 868 4966; x_wconf 75' lang='lat' dir='ltr'><strong>prodiret.</strong></span> <span class='ocrx_word' id='word_1_515' title='bbox 896 4900 997 4963; x_wconf 78' lang='lat' dir='ltr'><strong>Qui</strong></span> <span class='ocrx_word' id='word_1_516' title='bbox 1028 4915 1149 4955; x_wconf 92' lang='lat' dir='ltr'><strong>cum</strong></span> <span class='ocrx_word' id='word_1_517' title='bbox 1177 4904 1486 4972; x_wconf 85' lang='lat' dir='ltr'><strong>prodiisset,</strong></span> <span class='ocrx_word' id='word_1_518' title='bbox 1510 4908 1644 4962; x_wconf 86' lang='lat' dir='ltr'><strong>dixit</strong></span> <span class='ocrx_word' id='word_1_519' title='bbox 1671 4902 1746 4963; x_wconf 85' lang='lat' dir='ltr'><strong>illi</strong></span> <span class='ocrx_word' id='word_1_520' title='bbox 1765 4913 2135 4970; x_wconf 71' lang='lat' dir='ltr'><strong>‘Achshauwar</strong></span> <span class='ocrx_word' id='word_1_521' title='bbox 2162 4935 2178 4972; x_wconf 91' lang='lat'><strong>:</strong></span> 
     </span>
    </p>
   </div>
   <div class='ocr_carea' id='block_1_69' title="bbox 605 4986 2175 5061">
    <p class='ocr_par' dir='ltr' id='par_1_69' title="bbox 605 4986 2175 5061">
     <span class='ocr_line' id='line_1_71' title="bbox 605 4986 2175 5061; baseline 0.014 -22"><span class='ocrx_word' id='word_1_522' title='bbox 605 4986 781 5041; x_wconf 85' lang='lat' dir='ltr'><strong>Credo</strong></span> <span class='ocrx_word' id='word_1_523' title='bbox 811 4989 1060 5057; x_wconf 90' lang='lat' dir='ltr'><strong>equidem</strong></span> <span class='ocrx_word' id='word_1_524' title='bbox 1094 5007 1195 5061; x_wconf 87' lang='lat' dir='ltr'><strong>ego</strong></span> <span class='ocrx_word' id='word_1_525' title='bbox 1239 5009 1344 5047; x_wconf 90' lang='lat' dir='ltr'><strong>non</strong></span> <span class='ocrx_word' id='word_1_526' title='bbox 1391 4997 1623 5052; x_wconf 84' lang='lat' dir='ltr'><strong>aliudte</strong></span> <span class='ocrx_word' id='word_1_527' title='bbox 1675 5000 1740 5054; x_wconf 91' lang='lat' dir='ltr'><strong>ad</strong></span> <span class='ocrx_word' id='word_1_528' title='bbox 1787 5002 1964 5058; x_wconf 89' lang='lat' dir='ltr'><strong>locum</strong></span> <span class='ocrx_word' id='word_1_529' title='bbox 2012 5005 2175 5061; x_wconf 82' lang='lat' dir='ltr'><strong>istum</strong></span> 
     </span>
    </p>
   </div>
   <div class='ocr_carea' id='block_1_70' title="bbox 604 5084 2178 5167">
    <p class='ocr_par' dir='ltr' id='par_1_70' title="bbox 604 5084 2178 5167">
     <span class='ocr_line' id='line_1_72' title="bbox 604 5084 2178 5167; baseline 0.014 -38"><span class='ocrx_word' id='word_1_530' title='bbox 604 5090 894 5144; x_wconf 87' lang='lat' dir='ltr'><strong>evocasse,</strong></span> <span class='ocrx_word' id='word_1_531' title='bbox 926 5095 1089 5146; x_wconf 89' lang='lat' dir='ltr'><strong>quam</strong></span> <span class='ocrx_word' id='word_1_532' title='bbox 1127 5084 1387 5150; x_wconf 89' lang='lat' dir='ltr'><strong>pudorem</strong></span> <span class='ocrx_word' id='word_1_533' title='bbox 1421 5089 1492 5141; x_wconf 91' lang='lat' dir='ltr'><strong>ob</strong></span> <span class='ocrx_word' id='word_1_534' title='bbox 1515 5089 1748 5144; x_wconf 87' lang='lat' dir='ltr'><strong>reditum</strong></span> <span class='ocrx_word' id='word_1_535' title='bbox 1781 5099 1935 5147; x_wconf 90' lang='lat' dir='ltr'><strong>tuum</strong></span> <span class='ocrx_word' id='word_1_536' title='bbox 1974 5110 2040 5149; x_wconf 93' lang='lat' dir='ltr'><strong>eo</strong></span> <span class='ocrx_word' id='word_1_537' title='bbox 2069 5112 2178 5167; x_wconf 83' lang='lat' dir='ltr'><strong>quo</strong></span> 
     </span>
    </p>
   </div>
   <div class='ocr_carea' id='block_1_71' title="bbox 590 5171 2176 5242">
    <p class='ocr_par' dir='ltr' id='par_1_71' title="bbox 590 5171 2176 5242">
     <span class='ocr_line' id='line_1_73' title="bbox 590 5171 2176 5242; baseline 0.017 -27"><span class='ocrx_word' id='word_1_538' title='bbox 590 5179 870 5220; x_wconf 76' lang='lat' dir='ltr'><strong>reversus</strong></span> <span class='ocrx_word' id='word_1_539' title='bbox 900 5183 959 5223; x_wconf 88' lang='lat' dir='ltr'><strong>es</strong></span> <span class='ocrx_word' id='word_1_540' title='bbox 987 5171 1166 5224; x_wconf 90' lang='lat' dir='ltr'><strong>modo.</strong></span> <span class='ocrx_word' id='word_1_541' title='bbox 1193 5176 1267 5226; x_wconf 80' lang='lat' dir='ltr'><strong>Ac</strong></span> <span class='ocrx_word' id='word_1_542' title='bbox 1306 5191 1400 5242; x_wconf 91' lang='lat' dir='ltr'><strong>per</strong></span> <span class='ocrx_word' id='word_1_543' title='bbox 1432 5177 1594 5230; x_wconf 89' lang='lat' dir='ltr'><strong>vitam</strong></span> <span class='ocrx_word' id='word_1_544' title='bbox 1633 5195 1806 5234; x_wconf 89' lang='lat' dir='ltr'><strong>meam</strong></span> <span class='ocrx_word' id='word_1_545' title='bbox 1859 5183 1904 5236; x_wconf 92' lang='lat' dir='ltr'><strong>si</strong></span> <span class='ocrx_word' id='word_1_546' title='bbox 1943 5200 2043 5240; x_wconf 90' lang='lat' dir='ltr'><strong>nos</strong></span> <span class='ocrx_word' id='word_1_547' title='bbox 2081 5187 2176 5241; x_wconf 91' lang='lat' dir='ltr'><strong>tibi</strong></span> 
     </span>
    </p>
   </div>
   <div class='ocr_carea' id='block_1_72' title="bbox 604 5253 2174 5342">
    <p class='ocr_par' dir='ltr' id='par_1_72' title="bbox 604 5253 2174 5342">
     <span class='ocr_line' id='line_1_74' title="bbox 604 5253 2174 5342; baseline 0.018 -37"><span class='ocrx_word' id='word_1_548' title='bbox 604 5253 707 5309; x_wconf 88' lang='lat' dir='ltr'><strong>hoc</strong></span> <span class='ocrx_word' id='word_1_549' title='bbox 725 5257 883 5312; x_wconf 88' lang='lat' dir='ltr'><strong>modo</strong></span> <span class='ocrx_word' id='word_1_550' title='bbox 901 5258 1142 5314; x_wconf 89' lang='lat' dir='ltr'><strong>lraudem</strong></span> <span class='ocrx_word' id='word_1_551' title='bbox 1166 5262 1506 5330; x_wconf 88' lang='lat' dir='ltr'><strong>fecissemus,</strong></span> <span class='ocrx_word' id='word_1_552' title='bbox 1532 5270 1710 5339; x_wconf 88' lang='lat' dir='ltr'><strong>majus</strong></span> <span class='ocrx_word' id='word_1_553' title='bbox 1730 5275 1934 5342; x_wconf 86' lang='lat' dir='ltr'><strong>aliquid</strong></span> <span class='ocrx_word' id='word_1_554' title='bbox 1964 5293 1992 5328; x_wconf 88' lang='lat' dir='ltr'><strong>a</strong></span> <span class='ocrx_word' id='word_1_555' title='bbox 2016 5279 2174 5333; x_wconf 84' lang='lat' dir='ltr'><strong>nubis</strong></span> 
     </span>
    </p>
   </div>
   <div class='ocr_carea' id='block_1_73' title="bbox 605 5350 2176 5436">
    <p class='ocr_par' dir='ltr' id='par_1_73' title="bbox 605 5350 2176 5436">
     <span class='ocr_line' id='line_1_75' title="bbox 605 5350 2176 5436; baseline 0.015 -33"><span class='ocrx_word' id='word_1_556' title='bbox 605 5350 874 5419; x_wconf 84' lang='lat' dir='ltr'><strong>petiisses.</strong></span> <span class='ocrx_word' id='word_1_557' title='bbox 903 5350 1145 5410; x_wconf 71' lang='lat' dir='ltr'><strong>Fmderis</strong></span> <span class='ocrx_word' id='word_1_558' title='bbox 1197 5357 1355 5428; x_wconf 82' lang='lat'><strong>120</strong></span> <span class='ocrx_word' id='word_1_559' title='bbox 1387 5373 1564 5415; x_wconf 85' lang='lat' dir='ltr'><strong>autem</strong></span> <span class='ocrx_word' id='word_1_560' title='bbox 1604 5380 1633 5416; x_wconf 91' lang='lat' dir='ltr'><strong>a</strong></span> <span class='ocrx_word' id='word_1_561' title='bbox 1680 5377 1732 5420; x_wconf 90' lang='lat' dir='ltr'><strong>te</strong></span> <span class='ocrx_word' id='word_1_562' title='bbox 1773 5369 1915 5436; x_wconf 85' lang='lat' dir='ltr'><strong>paeti</strong></span> <span class='ocrx_word' id='word_1_563' title='bbox 1959 5371 2176 5426; x_wconf 87' lang='lat' dir='ltr'><strong>violatio</strong></span> 
     </span>
    </p>
   </div>
   <div class='ocr_carea' id='block_1_74' title="bbox 604 5446 2171 5533">
    <p class='ocr_par' dir='ltr' id='par_1_74' title="bbox 604 5446 2171 5533">
     <span class='ocr_line' id='line_1_76' title="bbox 604 5446 2171 5533; baseline 0.016 -39"><span class='ocrx_word' id='word_1_564' title='bbox 604 5456 691 5496; x_wconf 86' lang='lat' dir='ltr'><strong>res</strong></span> <span class='ocrx_word' id='word_1_565' title='bbox 727 5452 811 5496; x_wconf 87' lang='lat' dir='ltr'><strong>est</strong></span> <span class='ocrx_word' id='word_1_566' title='bbox 847 5446 1003 5514; x_wconf 91' lang='lat' dir='ltr'><strong>cujus</strong></span> <span class='ocrx_word' id='word_1_567' title='bbox 1032 5450 1204 5518; x_wconf 88' lang='lat' dir='ltr'><strong>magis</strong></span> <span class='ocrx_word' id='word_1_568' title='bbox 1237 5455 1436 5516; x_wconf 85' lang='lat' dir='ltr'><strong>pudere</strong></span> <span class='ocrx_word' id='word_1_569' title='bbox 1482 5455 1658 5523; x_wconf 86' lang='lat' dir='ltr'><strong>debet,</strong></span> <span class='ocrx_word' id='word_1_570' title='bbox 1691 5473 1851 5527; x_wconf 92' lang='lat' dir='ltr'><strong>quam</strong></span> <span class='ocrx_word' id='word_1_571' title='bbox 1887 5461 2006 5529; x_wconf 87' lang='lat' dir='ltr'><strong>ejus</strong></span> <span class='ocrx_word' id='word_1_572' title='bbox 2027 5465 2171 5533; x_wconf 87' lang='lat' dir='ltr'><strong>quod</strong></span> 
     </span>
    </p>
   </div>
   <div class='ocr_carea' id='block_1_75' title="bbox 605 5533 2173 5625">
    <p class='ocr_par' dir='ltr' id='par_1_75' title="bbox 605 5533 2173 5625">
     <span class='ocr_line' id='line_1_77' title="bbox 605 5533 2173 5625; baseline 0.017 -39"><span class='ocrx_word' id='word_1_573' title='bbox 605 5533 700 5588; x_wconf 87' lang='lat' dir='ltr'><strong>tibi</strong></span> <span class='ocrx_word' id='word_1_574' title='bbox 731 5538 977 5608; x_wconf 85' lang='lat' dir='ltr'><strong>contigit.</strong></span> <span class='ocrx_word' id='word_1_575' title='bbox 1009 5538 1124 5596; x_wconf 83' lang='lat' dir='ltr'><strong>Hoc</strong></span> <span class='ocrx_word' id='word_1_576' title='bbox 1169 5559 1300 5613; x_wconf 82' lang='lat' dir='ltr'><strong>ergo</strong></span> <span class='ocrx_word' id='word_1_577' title='bbox 1326 5547 1511 5598; x_wconf 89' lang='lat' dir='ltr'><strong>animo</strong></span> <span class='ocrx_word' id='word_1_578' title='bbox 1540 5553 1830 5621; x_wconf 86' lang='lat' dir='ltr'><strong>perpende,</strong></span> <span class='ocrx_word' id='word_1_579' title='bbox 1866 5568 2025 5625; x_wconf 86' lang='lat' dir='ltr'><strong>atque</strong></span> <span class='ocrx_word' id='word_1_580' title='bbox 2063 5563 2173 5613; x_wconf 74' lang='lat' dir='ltr'><strong>lure</strong></span> 
     </span>
    </p>
   </div>
   <div class='ocr_carea' id='block_1_76' title="bbox 599 5623 2171 5720">
    <p class='ocr_par' dir='ltr' id='par_1_76' title="bbox 599 5623 2171 5720">
     <span class='ocr_line' id='line_1_78' title="bbox 599 5623 2171 5720; baseline 0.018 -41"><span class='ocrx_word' id='word_1_581' title='bbox 599 5623 708 5680; x_wconf 87' lang='lat' dir='ltr'><strong>duo</strong></span> <span class='ocrx_word' id='word_1_582' title='bbox 739 5626 882 5684; x_wconf 86' lang='lat' dir='ltr'><strong>inter</strong></span> <span class='ocrx_word' id='word_1_583' title='bbox 912 5645 970 5686; x_wconf 87' lang='lat' dir='ltr'><strong>se</strong></span> <span class='ocrx_word' id='word_1_584' title='bbox 1008 5633 1200 5690; x_wconf 84' lang='lat' dir='ltr'><strong>confer</strong></span> <span class='ocrx_word' id='word_1_585' title='bbox 1232 5648 1290 5691; x_wconf 91' lang='lat' dir='ltr'><strong>ut</strong></span> <span class='ocrx_word' id='word_1_586' title='bbox 1335 5640 1540 5709; x_wconf 87' lang='lat' dir='ltr'><strong>videas,</strong></span> <span class='ocrx_word' id='word_1_587' title='bbox 1606 5656 1786 5720; x_wconf 76' lang='lat' dir='ltr'><strong>utrum</strong></span> <span class='ocrx_word' id='word_1_588' title='bbox 1840 5623 2034 5720; x_wconf 82' lang='lat' dir='ltr'><strong>majori</strong></span> <span class='ocrx_word' id='word_1_589' title='bbox 2076 5667 2171 5706; x_wconf 87' lang='lat' dir='ltr'><strong>oo-</strong></span> 
     </span>
    </p>
   </div>
   <div class='ocr_carea' id='block_1_77' title="bbox 1647 4353 2189 4454">
    <p class='ocr_par' dir='ltr' id='par_1_77' title="bbox 1647 4353 2178 4433">
     <span class='ocr_line' id='line_1_79' title="bbox 1647 4353 2178 4433; baseline 0.017 -19"><span class='ocrx_word' id='word_1_590' title='bbox 1647 4376 1810 4430; x_wconf 90' lang='lat' dir='ltr'><strong>super</strong></span> <span class='ocrx_word' id='word_1_591' title='bbox 1859 4363 1951 4417; x_wconf 88' lang='lat' dir='ltr'><strong>illo</strong></span> <span class='ocrx_word' id='word_1_592' title='bbox 1990 4353 2178 4433; x_wconf 78' lang='lat' dir='ltr'><strong>pontes</strong></span> 
     </span>
    </p>
   </div>
   <div class='ocr_carea' id='block_1_78' title="bbox 2295 4353 3921 4454">
    <p class='ocr_par' dir='ltr' id='par_1_78' title="bbox 2295 4353 3921 4454">
     <span class='ocr_line' id='line_1_80' title="bbox 2295 4353 3921 4454; baseline 0.003 -19"><span class='ocrx_word' id='word_1_593' title='bbox 2295 4382 2418 4451; x_wconf 80' lang='lat' dir='ltr'><strong>pede</strong></span> <span class='ocrx_word' id='word_1_594' title='bbox 2456 4381 2736 4444; x_wconf 90' lang='lat' dir='ltr'><strong>subduxit,</strong></span> <span class='ocrx_word' id='word_1_595' title='bbox 2762 4397 2936 4451; x_wconf 82' lang='lat' dir='ltr'><strong>neque</strong></span> <span class='ocrx_word' id='word_1_596' title='bbox 2983 4391 3192 4454; x_wconf 86' lang='lat' dir='ltr'><strong>tergum</strong></span> <span class='ocrx_word' id='word_1_597' title='bbox 3226 4353 3450 4452; x_wconf 71' lang='lat' dir='ltr'><strong>inflexit,</strong></span> <span class='ocrx_word' id='word_1_598' title='bbox 3487 4403 3588 4442; x_wconf 89' lang='lat' dir='ltr'><strong>nec</strong></span> <span class='ocrx_word' id='word_1_599' title='bbox 3619 4405 3681 4444; x_wconf 90' lang='lat' dir='ltr'><strong>se</strong></span> <span class='ocrx_word' id='word_1_600' title='bbox 3726 4388 3835 4441; x_wconf 75' lang='lat' dir='ltr'><strong>dei-</strong></span> <span class='ocrx_word' id='word_1_601' title='bbox 3919 4353 3921 4418; x_wconf 62' lang='grc' dir='ltr'><strong>ί</strong></span> 
     </span>
    </p>
   </div>
   <div class='ocr_carea' id='block_1_79' title="bbox 2307 1823 3833 1898">
    <p class='ocr_par' dir='ltr' id='par_1_79' title="bbox 2307 1823 3833 1898">
     <span class='ocr_line' id='line_1_81' title="bbox 2307 1823 3833 1898; baseline -0.004 -14"><span class='ocrx_word' id='word_1_602' title='bbox 2307 1837 2430 1884; x_wconf 89' lang='lat' dir='ltr'><strong>utar</strong></span> <span class='ocrx_word' id='word_1_603' title='bbox 2464 1838 2808 1898; x_wconf 86' lang='lat' dir='ltr'><strong>argumento.</strong></span> <span class='ocrx_word' id='word_1_604' title='bbox 2832 1844 2935 1883; x_wconf 88' lang='lat' dir='ltr'><strong>nec</strong></span> <span class='ocrx_word' id='word_1_605' title='bbox 2974 1827 3335 1882; x_wconf 85' lang='lat' dir='ltr'><strong>incolumitati</strong></span> <span class='ocrx_word' id='word_1_606' title='bbox 3394 1825 3694 1894; x_wconf 86' lang='lat' dir='ltr'><strong>quidquam</strong></span> <span class='ocrx_word' id='word_1_607' title='bbox 3721 1823 3833 1892; x_wconf 82' lang='lat' dir='ltr'><strong>quod</strong></span> 
     </span>
    </p>
   </div>
   <div class='ocr_carea' id='block_1_80' title="bbox 2305 1914 3834 1989">
    <p class='ocr_par' dir='ltr' id='par_1_80' title="bbox 2305 1914 3834 1989">
     <span class='ocr_line' id='line_1_82' title="bbox 2305 1914 3834 1989; baseline -0.006 -15"><span class='ocrx_word' id='word_1_608' title='bbox 2305 1935 2472 1989; x_wconf 87' lang='lat' dir='ltr'><strong>penes</strong></span> <span class='ocrx_word' id='word_1_609' title='bbox 2496 1934 2580 1973; x_wconf 90' lang='lat' dir='ltr'><strong>me</strong></span> <span class='ocrx_word' id='word_1_610' title='bbox 2607 1929 2691 1973; x_wconf 92' lang='lat' dir='ltr'><strong>est</strong></span> <span class='ocrx_word' id='word_1_611' title='bbox 2714 1916 2963 1987; x_wconf 66' lang='lat' dir='ltr'><strong>prmfero.</strong></span> <span class='ocrx_word' id='word_1_612' title='bbox 2995 1917 3291 1985; x_wconf 73' lang='lat' dir='ltr'><strong>Respondit</strong></span> <span class='ocrx_word' id='word_1_613' title='bbox 3313 1915 3515 1971; x_wconf 79' lang='lat' dir='ltr'><strong>Pbiruz</strong></span> <span class='ocrx_word' id='word_1_614' title='bbox 3552 1934 3568 1970; x_wconf 90' lang='lat'><strong>:</strong></span> <span class='ocrx_word' id='word_1_615' title='bbox 3602 1914 3719 1969; x_wconf 79' lang='lat' dir='ltr'><strong>Non</strong></span> <span class='ocrx_word' id='word_1_616' title='bbox 3743 1929 3834 1967; x_wconf 77' lang='lat' dir='ltr'><strong>sum</strong></span> 
     </span>
    </p>
   </div>
   <div class='ocr_carea' id='block_1_81' title="bbox 2302 2008 3921 2081">
    <p class='ocr_par' dir='ltr' id='par_1_81' title="bbox 2302 2008 3921 2081">
     <span class='ocr_line' id='line_1_83' title="bbox 2302 2008 3921 2081; baseline -0.005 -16"><span class='ocrx_word' id='word_1_617' title='bbox 2302 2025 2402 2081; x_wconf 88' lang='lat' dir='ltr'><strong>ego</strong></span> <span class='ocrx_word' id='word_1_618' title='bbox 2428 2010 2476 2066; x_wconf 91' lang='lat' dir='ltr'><strong>is</strong></span> <span class='ocrx_word' id='word_1_619' title='bbox 2499 2011 2840 2080; x_wconf 68' lang='lat' dir='ltr'><strong>quemjminae</strong></span> <span class='ocrx_word' id='word_1_620' title='bbox 2862 2025 2970 2079; x_wconf 68' lang='lat' dir='ltr'><strong>prae</strong></span> <span class='ocrx_word' id='word_1_621' title='bbox 3000 2019 3146 2064; x_wconf 90' lang='lat' dir='ltr'><strong>metu</strong></span> <span class='ocrx_word' id='word_1_622' title='bbox 3183 2009 3343 2065; x_wconf 83' lang='lat' dir='ltr'><strong>abiis</strong></span> <span class='ocrx_word' id='word_1_623' title='bbox 3369 2024 3488 2078; x_wconf 68' lang='lat' dir='ltr'><strong>qum</strong></span> <span class='ocrx_word' id='word_1_624' title='bbox 3518 2008 3688 2076; x_wconf 81' lang='lat' dir='ltr'><strong>cupio</strong></span> <span class='ocrx_word' id='word_1_625' title='bbox 3713 2021 3834 2059; x_wconf 82' lang='lat' dir='ltr'><strong>aver-</strong></span> <span class='ocrx_word' id='word_1_626' title='bbox 3919 2047 3921 2066; x_wconf 77' lang='grc'>,</span> 
     </span>
    </p>
   </div>
   <div class='ocr_carea' id='block_1_82' title="bbox 2304 2097 3835 2169">
    <p class='ocr_par' dir='ltr' id='par_1_82' title="bbox 2304 2097 3835 2169">
     <span class='ocr_line' id='line_1_84' title="bbox 2304 2097 3835 2169; baseline -0.005 -11"><span class='ocrx_word' id='word_1_627' title='bbox 2304 2113 2443 2158; x_wconf 90' lang='lat' dir='ltr'><strong>tant.</strong></span> <span class='ocrx_word' id='word_1_628' title='bbox 2479 2103 2632 2168; x_wconf 84' lang='lat' dir='ltr'><strong>Quod</strong></span> <span class='ocrx_word' id='word_1_629' title='bbox 2660 2102 2705 2157; x_wconf 91' lang='lat' dir='ltr'><strong>si</strong></span> <span class='ocrx_word' id='word_1_630' title='bbox 2735 2101 3019 2157; x_wconf 85' lang='lat' dir='ltr'><strong>videretur</strong></span> <span class='ocrx_word' id='word_1_631' title='bbox 3067 2101 3198 2154; x_wconf 82' lang='lat' dir='ltr'><strong>mihi</strong></span> <span class='ocrx_word' id='word_1_632' title='bbox 3257 2100 3332 2154; x_wconf 91' lang='lat' dir='ltr'><strong>illi</strong></span> <span class='ocrx_word' id='word_1_633' title='bbox 3365 2099 3509 2169; x_wconf 88' lang='lat' dir='ltr'><strong>quod</strong></span> <span class='ocrx_word' id='word_1_634' title='bbox 3557 2097 3835 2169; x_wconf 75' lang='lat' dir='ltr'><strong>aggredior.</strong></span> 
     </span>
    </p>
   </div>
   <div class='ocr_carea' id='block_1_83' title="bbox 2303 2188 3835 2258">
    <p class='ocr_par' dir='ltr' id='par_1_83' title="bbox 2303 2188 3835 2258">
     <span class='ocr_line' id='line_1_85' title="bbox 2303 2188 3835 2258; baseline -0.006 -12"><span class='ocrx_word' id='word_1_635' title='bbox 2303 2192 2456 2247; x_wconf 88' lang='lat' dir='ltr'><strong>fraus</strong></span> <span class='ocrx_word' id='word_1_636' title='bbox 2486 2192 2688 2256; x_wconf 87' lang='lat' dir='ltr'><strong>inesse,</strong></span> <span class='ocrx_word' id='word_1_637' title='bbox 2721 2206 2827 2244; x_wconf 90' lang='lat' dir='ltr'><strong>non</strong></span> <span class='ocrx_word' id='word_1_638' title='bbox 2861 2191 3006 2245; x_wconf 90' lang='lat' dir='ltr'><strong>alius</strong></span> <span class='ocrx_word' id='word_1_639' title='bbox 3059 2189 3192 2244; x_wconf 89' lang='lat' dir='ltr'><strong>illud</strong></span> <span class='ocrx_word' id='word_1_640' title='bbox 3246 2189 3419 2258; x_wconf 84' lang='lat' dir='ltr'><strong>magis</strong></span> <span class='ocrx_word' id='word_1_641' title='bbox 3451 2188 3676 2256; x_wconf 81' lang='lat' dir='ltr'><strong>indigne</strong></span> <span class='ocrx_word' id='word_1_642' title='bbox 3705 2201 3835 2255; x_wconf 80' lang='lat' dir='ltr'><strong>quam</strong></span> 
     </span>
    </p>
   </div>
   <div class='ocr_carea' id='block_1_84' title="bbox 2302 2265 3837 2356">
    <p class='ocr_par' dir='ltr' id='par_1_84' title="bbox 2302 2265 3837 2356">
     <span class='ocr_line' id='line_1_86' title="bbox 2302 2265 3837 2356; baseline -0.01 -16"><span class='ocrx_word' id='word_1_643' title='bbox 2302 2285 2420 2356; x_wconf 89' lang='lat' dir='ltr'><strong>ipse</strong></span> <span class='ocrx_word' id='word_1_644' title='bbox 2441 2265 2584 2338; x_wconf 22' lang='lat' dir='ltr'><strong>a&#39;me</strong></span> <span class='ocrx_word' id='word_1_645' title='bbox 2607 2298 2729 2352; x_wconf 85' lang='lat' dir='ltr'><strong>ego,</strong></span> <span class='ocrx_word' id='word_1_646' title='bbox 2756 2281 2945 2336; x_wconf 86' lang='lat' dir='ltr'><strong>ferret.</strong></span> <span class='ocrx_word' id='word_1_647' title='bbox 3001 2281 3110 2348; x_wconf 83' lang='lat' dir='ltr'><strong>Ego</strong></span> <span class='ocrx_word' id='word_1_648' title='bbox 3149 2289 3330 2334; x_wconf 90' lang='lat' dir='ltr'><strong>autem</strong></span> <span class='ocrx_word' id='word_1_649' title='bbox 3357 2277 3501 2332; x_wconf 90' lang='lat' dir='ltr'><strong>haud</strong></span> <span class='ocrx_word' id='word_1_650' title='bbox 3534 2278 3664 2331; x_wconf 83' lang='lat' dir='ltr'><strong>aliis</strong></span> <span class='ocrx_word' id='word_1_651' title='bbox 3691 2283 3837 2330; x_wconf 85' lang='lat' dir='ltr'><strong>tecum</strong></span> 
     </span>
    </p>
   </div>
   <div class='ocr_carea' id='block_1_85' title="bbox 2301 2368 3838 2439">
    <p class='ocr_par' dir='ltr' id='par_1_85' title="bbox 2301 2368 3838 2439">
     <span class='ocr_line' id='line_1_87' title="bbox 2301 2368 3838 2439; baseline -0.008 -8"><span class='ocrx_word' id='word_1_652' title='bbox 2301 2374 2707 2431; x_wconf 86' lang='lat' dir='ltr'><strong>conditionibus</strong></span> <span class='ocrx_word' id='word_1_653' title='bbox 2728 2372 2904 2427; x_wconf 63' lang='lat' dir='ltr'><strong>foedus</strong></span> <span class='ocrx_word' id='word_1_654' title='bbox 2922 2371 3074 2439; x_wconf 75' lang='lat'><strong>121</strong></span> <span class='ocrx_word' id='word_1_655' title='bbox 3089 2369 3267 2439; x_wconf 43' lang='lat'><strong>3123</strong></span> <span class='ocrx_word' id='word_1_656' title='bbox 3287 2368 3528 2438; x_wconf 87' lang='lat' dir='ltr'><strong>percussi</strong></span> <span class='ocrx_word' id='word_1_657' title='bbox 3554 2382 3717 2436; x_wconf 83' lang='lat' dir='ltr'><strong>quam</strong></span> <span class='ocrx_word' id='word_1_658' title='bbox 3730 2380 3838 2434; x_wconf 75' lang='lat' dir='ltr'><strong>quas</strong></span> 
     </span>
    </p>
   </div>
   <div class='ocr_carea' id='block_1_86' title="bbox 2305 2457 3835 2536">
    <p class='ocr_par' dir='ltr' id='par_1_86' title="bbox 2305 2457 3835 2536">
     <span class='ocr_line' id='line_1_88' title="bbox 2305 2457 3835 2536; baseline -0.008 -16"><span class='ocrx_word' id='word_1_659' title='bbox 2305 2467 2422 2536; x_wconf 90' lang='lat' dir='ltr'><strong>ipse</strong></span> <span class='ocrx_word' id='word_1_660' title='bbox 2445 2465 2500 2520; x_wconf 91' lang='lat' dir='ltr'><strong>in</strong></span> <span class='ocrx_word' id='word_1_661' title='bbox 2526 2472 2746 2534; x_wconf 89' lang='lat' dir='ltr'><strong>pectore</strong></span> <span class='ocrx_word' id='word_1_662' title='bbox 2766 2462 2960 2517; x_wconf 87' lang='lat' dir='ltr'><strong>celavi.</strong></span> <span class='ocrx_word' id='word_1_663' title='bbox 2984 2460 3061 2515; x_wconf 84' lang='lat' dir='ltr'><strong>Ne</strong></span> <span class='ocrx_word' id='word_1_664' title='bbox 3089 2475 3218 2532; x_wconf 87' lang='lat' dir='ltr'><strong>ergo</strong></span> <span class='ocrx_word' id='word_1_665' title='bbox 3238 2469 3290 2514; x_wconf 91' lang='lat' dir='ltr'><strong>te</strong></span> <span class='ocrx_word' id='word_1_666' title='bbox 3314 2457 3548 2528; x_wconf 80' lang='lat' dir='ltr'><strong>decipiat</strong></span> <span class='ocrx_word' id='word_1_667' title='bbox 3575 2457 3668 2510; x_wconf 89' lang='lat' dir='ltr'><strong>illa</strong></span> <span class='ocrx_word' id='word_1_668' title='bbox 3701 2471 3835 2525; x_wconf 84' lang='lat' dir='ltr'><strong>quam</strong></span> 
     </span>
    </p>
   </div>
   <div class='ocr_carea' id='block_1_87' title="bbox 2305 2549 3840 2629">
    <p class='ocr_par' dir='ltr' id='par_1_87' title="bbox 2305 2549 3840 2629">
     <span class='ocr_line' id='line_1_89' title="bbox 2305 2549 3840 2629; baseline -0.009 -18"><span class='ocrx_word' id='word_1_669' title='bbox 2305 2559 2481 2629; x_wconf 87' lang='lat' dir='ltr'><strong>primo</strong></span> <span class='ocrx_word' id='word_1_670' title='bbox 2507 2557 2575 2611; x_wconf 84' lang='lat' dir='ltr'><strong>de</strong></span> <span class='ocrx_word' id='word_1_671' title='bbox 2595 2555 2753 2622; x_wconf 85' lang='lat' dir='ltr'><strong>nobis</strong></span> <span class='ocrx_word' id='word_1_672' title='bbox 2774 2553 3098 2623; x_wconf 88' lang='lat' dir='ltr'><strong>concepisti,</strong></span> <span class='ocrx_word' id='word_1_673' title='bbox 3122 2549 3416 2621; x_wconf 85' lang='lat' dir='ltr'><strong>paucitatis</strong></span> <span class='ocrx_word' id='word_1_674' title='bbox 3445 2557 3502 2604; x_wconf 89' lang='lat' dir='ltr'><strong>et</strong></span> <span class='ocrx_word' id='word_1_675' title='bbox 3530 2549 3840 2617; x_wconf 71' lang='lat' dir='ltr'><strong>impotenti:</strong></span> 
     </span>
    </p>
   </div>
   <div class='ocr_carea' id='block_1_88' title="bbox 2304 2638 3844 2719">
    <p class='ocr_par' dir='ltr' id='par_1_88' title="bbox 2304 2638 3844 2719">
     <span class='ocr_line' id='line_1_90' title="bbox 2304 2638 3844 2719; baseline -0.01 -14"><span class='ocrx_word' id='word_1_676' title='bbox 2304 2651 2490 2719; x_wconf 71' lang='lat' dir='ltr'><strong>opinio</strong></span> <span class='ocrx_word' id='word_1_677' title='bbox 2522 2667 2537 2706; x_wconf 90' lang='lat'><strong>:</strong></span> <span class='ocrx_word' id='word_1_678' title='bbox 2567 2662 2755 2703; x_wconf 90' lang='lat' dir='ltr'><strong>verum</strong></span> <span class='ocrx_word' id='word_1_679' title='bbox 2779 2645 2924 2702; x_wconf 87' lang='lat' dir='ltr'><strong>scias</strong></span> <span class='ocrx_word' id='word_1_680' title='bbox 2957 2659 3041 2698; x_wconf 90' lang='lat' dir='ltr'><strong>me</strong></span> <span class='ocrx_word' id='word_1_681' title='bbox 3092 2643 3510 2712; x_wconf 85' lang='lat' dir='ltr'><strong>haudquaquam</strong></span> <span class='ocrx_word' id='word_1_682' title='bbox 3571 2652 3628 2696; x_wconf 85' lang='lat' dir='ltr'><strong>te</strong></span> <span class='ocrx_word' id='word_1_683' title='bbox 3677 2638 3844 2694; x_wconf 53' lang='lat' dir='ltr'><strong>dereli.</strong></span> 
     </span>
    </p>
   </div>
   <div class='ocr_carea' id='block_1_89' title="bbox 2309 2729 3844 2806">
    <p class='ocr_par' dir='ltr' id='par_1_89' title="bbox 2309 2729 3844 2806">
     <span class='ocr_line' id='line_1_91' title="bbox 2309 2729 3844 2806; baseline -0.01 -8"><span class='ocrx_word' id='word_1_684' title='bbox 2309 2751 2556 2806; x_wconf 84' lang='lat' dir='ltr'><strong>cturum,</strong></span> <span class='ocrx_word' id='word_1_685' title='bbox 2585 2741 2759 2795; x_wconf 90' lang='lat' dir='ltr'><strong>donec</strong></span> <span class='ocrx_word' id='word_1_686' title='bbox 2787 2737 2920 2794; x_wconf 92' lang='lat' dir='ltr'><strong>illud</strong></span> <span class='ocrx_word' id='word_1_687' title='bbox 2947 2736 3013 2792; x_wconf 92' lang='lat' dir='ltr'><strong>de</strong></span> <span class='ocrx_word' id='word_1_688' title='bbox 3041 2743 3094 2789; x_wconf 90' lang='lat' dir='ltr'><strong>te</strong></span> <span class='ocrx_word' id='word_1_689' title='bbox 3120 2735 3391 2789; x_wconf 85' lang='lat' dir='ltr'><strong>obtineam</strong></span> <span class='ocrx_word' id='word_1_690' title='bbox 3418 2731 3567 2803; x_wconf 88' lang='lat' dir='ltr'><strong>quod</strong></span> <span class='ocrx_word' id='word_1_691' title='bbox 3599 2741 3660 2801; x_wconf 83' lang='lat' dir='ltr'><strong>tu</strong></span> <span class='ocrx_word' id='word_1_692' title='bbox 3687 2729 3753 2786; x_wconf 88' lang='lat' dir='ltr'><strong>de</strong></span> <span class='ocrx_word' id='word_1_693' title='bbox 3780 2743 3844 2782; x_wconf 82' lang='lat' dir='ltr'><strong>me</strong></span> 
     </span>
    </p>
   </div>
   <div class='ocr_carea' id='block_1_90' title="bbox 2237 2824 3843 2893">
    <p class='ocr_par' dir='ltr' id='par_1_90' title="bbox 2237 2824 3843 2893">
     <span class='ocr_line' id='line_1_92' title="bbox 2237 2824 3843 2893; baseline -0.011 -3"><span class='ocrx_word' id='word_1_694' title='bbox 2237 2883 2244 2892; x_wconf 93' lang='lat'><strong>.</strong></span> <span class='ocrx_word' id='word_1_695' title='bbox 2307 2836 2654 2889; x_wconf 85' lang='lat' dir='ltr'><strong>obtinueras.</strong></span> <span class='ocrx_word' id='word_1_696' title='bbox 2707 2830 2852 2885; x_wconf 85' lang='lat' dir='ltr'><strong>Dixit</strong></span> <span class='ocrx_word' id='word_1_697' title='bbox 2917 2829 3322 2884; x_wconf 80' lang='lat' dir='ltr'><strong>Achshanwar:</strong></span> <span class='ocrx_word' id='word_1_698' title='bbox 3377 2824 3456 2880; x_wconf 77' lang='lat' dir='ltr'><strong>Ne</strong></span> <span class='ocrx_word' id='word_1_699' title='bbox 3508 2836 3562 2880; x_wconf 88' lang='lat' dir='ltr'><strong>te</strong></span> <span class='ocrx_word' id='word_1_700' title='bbox 3612 2824 3843 2893; x_wconf 85' lang='lat' dir='ltr'><strong>decipiat,</strong></span> 
     </span>
    </p>
   </div>
   <div class='ocr_carea' id='block_1_91' title="bbox 2306 2911 3844 2994">
    <p class='ocr_par' dir='ltr' id='par_1_91' title="bbox 2306 2911 3844 2994">
     <span class='ocr_line' id='line_1_93' title="bbox 2306 2911 3844 2994; baseline -0.01 -14"><span class='ocrx_word' id='word_1_701' title='bbox 2306 2926 2442 2980; x_wconf 90' lang='lat' dir='ltr'><strong>illud</strong></span> <span class='ocrx_word' id='word_1_702' title='bbox 2467 2940 2576 2994; x_wconf 91' lang='lat' dir='ltr'><strong>quo</strong></span> <span class='ocrx_word' id='word_1_703' title='bbox 2625 2911 2678 2978; x_wconf 87' lang='lat' dir='ltr'><strong>te</strong></span> <span class='ocrx_word' id='word_1_704' title='bbox 2736 2922 2912 2990; x_wconf 89' lang='lat' dir='ltr'><strong>ipsum</strong></span> <span class='ocrx_word' id='word_1_705' title='bbox 2942 2920 3108 2984; x_wconf 85' lang='lat' dir='ltr'><strong>fallis,</strong></span> <span class='ocrx_word' id='word_1_706' title='bbox 3139 2919 3267 2973; x_wconf 83' lang='lat' dir='ltr'><strong>dum</strong></span> <span class='ocrx_word' id='word_1_707' title='bbox 3295 2933 3480 2972; x_wconf 85' lang='lat' dir='ltr'><strong>coram</strong></span> <span class='ocrx_word' id='word_1_708' title='bbox 3521 2927 3578 2970; x_wconf 89' lang='lat' dir='ltr'><strong>te</strong></span> <span class='ocrx_word' id='word_1_709' title='bbox 3637 2914 3844 2984; x_wconf 83' lang='lat' dir='ltr'><strong>lapidem</strong></span> 
     </span>
    </p>
   </div>
   <div class='ocr_carea' id='block_1_92' title="bbox 2226 3007 3844 3108">
    <p class='ocr_par' dir='ltr' id='par_1_92' title="bbox 2226 3007 3844 3108">
     <span class='ocr_line' id='line_1_94' title="bbox 2226 3007 3844 3108; baseline -0.011 -35"><span class='ocrx_word' id='word_1_710' title='bbox 2226 3047 2271 3108; x_wconf 68' lang='grc' dir='ltr'>ρ</span> <span class='ocrx_word' id='word_1_711' title='bbox 2305 3015 2626 3088; x_wconf 77' lang='lat' dir='ltr'><strong>gestandum</strong></span> <span class='ocrx_word' id='word_1_712' title='bbox 2683 3027 2865 3067; x_wconf 86' lang='lat' dir='ltr'><strong>cures.</strong></span> <span class='ocrx_word' id='word_1_713' title='bbox 2903 3009 3068 3064; x_wconf 85' lang='lat' dir='ltr'><strong>Pacta</strong></span> <span class='ocrx_word' id='word_1_714' title='bbox 3109 3009 3375 3078; x_wconf 85' lang='lat' dir='ltr'><strong>siquidem</strong></span> <span class='ocrx_word' id='word_1_715' title='bbox 3403 3015 3458 3062; x_wconf 88' lang='lat' dir='ltr'><strong>et</strong></span> <span class='ocrx_word' id='word_1_716' title='bbox 3502 3007 3741 3072; x_wconf 70' lang='lat' dir='ltr'><strong>fcedera,</strong></span> <span class='ocrx_word' id='word_1_717' title='bbox 3773 3019 3844 3058; x_wconf 82' lang='lat' dir='ltr'><strong>se-</strong></span> 
     </span>
    </p>
   </div>
   <div class='ocr_carea' id='block_1_93' title="bbox 2300 3103 3845 3168">
    <p class='ocr_par' dir='ltr' id='par_1_93' title="bbox 2300 3103 3845 3168">
     <span class='ocr_line' id='line_1_95' title="bbox 2300 3103 3845 3168; baseline -0.008 -4"><span class='ocrx_word' id='word_1_718' title='bbox 2300 3108 2538 3164; x_wconf 86' lang='lat' dir='ltr'><strong>cundum</strong></span> <span class='ocrx_word' id='word_1_719' title='bbox 2576 3105 2865 3165; x_wconf 86' lang='lat' dir='ltr'><strong>verborum</strong></span> <span class='ocrx_word' id='word_1_720' title='bbox 2917 3117 3114 3168; x_wconf 72' lang='lat' dir='ltr'><strong>sonum</strong></span> <span class='ocrx_word' id='word_1_721' title='bbox 3167 3103 3444 3164; x_wconf 90' lang='lat' dir='ltr'><strong>ineuntur,</strong></span> <span class='ocrx_word' id='word_1_722' title='bbox 3503 3115 3619 3154; x_wconf 88' lang='lat' dir='ltr'><strong>non</strong></span> <span class='ocrx_word' id='word_1_723' title='bbox 3673 3115 3845 3154; x_wconf 78' lang='lat' dir='ltr'><strong>secun-</strong></span> 
     </span>
    </p>
   </div>
   <div class='ocr_carea' id='block_1_94' title="bbox 2300 3193 3844 3270">
    <p class='ocr_par' dir='ltr' id='par_1_94' title="bbox 2300 3193 3844 3270">
     <span class='ocr_line' id='line_1_96' title="bbox 2300 3193 3844 3270; baseline -0.008 -17"><span class='ocrx_word' id='word_1_724' title='bbox 2300 3199 2427 3253; x_wconf 91' lang='lat' dir='ltr'><strong>dum</strong></span> <span class='ocrx_word' id='word_1_725' title='bbox 2484 3195 2619 3251; x_wconf 91' lang='lat' dir='ltr'><strong>illud</strong></span> <span class='ocrx_word' id='word_1_726' title='bbox 2667 3193 2813 3266; x_wconf 83' lang='lat' dir='ltr'><strong>quod</strong></span> <span class='ocrx_word' id='word_1_727' title='bbox 2862 3193 3147 3270; x_wconf 80' lang='lat' dir='ltr'><strong>occultum</strong></span> <span class='ocrx_word' id='word_1_728' title='bbox 3206 3193 3518 3248; x_wconf 86' lang='lat' dir='ltr'><strong>retinetur:</strong></span> <span class='ocrx_word' id='word_1_729' title='bbox 3573 3204 3844 3258; x_wconf 74' lang='lat' dir='ltr'><strong>rerumque</strong></span> 
     </span>
    </p>
   </div>
   <div class='ocr_carea' id='block_1_95' title="bbox 2298 3284 3841 3358">
    <p class='ocr_par' dir='ltr' id='par_1_95' title="bbox 2298 3284 3841 3358">
     <span class='ocr_line' id='line_1_97' title="bbox 2298 3284 3841 3358; baseline -0.002 -17"><span class='ocrx_word' id='word_1_730' title='bbox 2298 3290 2541 3343; x_wconf 89' lang='lat' dir='ltr'><strong>omnium</strong></span> <span class='ocrx_word' id='word_1_731' title='bbox 2570 3288 2947 3358; x_wconf 86' lang='lat' dir='ltr'><strong>turpissimum</strong></span> <span class='ocrx_word' id='word_1_732' title='bbox 2994 3293 3076 3340; x_wconf 88' lang='lat' dir='ltr'><strong>est</strong></span> <span class='ocrx_word' id='word_1_733' title='bbox 3133 3284 3399 3340; x_wconf 65' lang='lat' dir='ltr'><strong>foederum</strong></span> <span class='ocrx_word' id='word_1_734' title='bbox 3465 3297 3518 3342; x_wconf 91' lang='lat' dir='ltr'><strong>et</strong></span> <span class='ocrx_word' id='word_1_735' title='bbox 3579 3298 3841 3356; x_wconf 85' lang='lat' dir='ltr'><strong>pactorum</strong></span> 
     </span>
    </p>
   </div>
   <div class='ocr_carea' id='block_1_96' title="bbox 2297 3378 3839 3447">
    <p class='ocr_par' dir='ltr' id='par_1_96' title="bbox 2297 3378 3839 3447">
     <span class='ocr_line' id='line_1_98' title="bbox 2297 3378 3839 3447; baseline -0.001 -15"><span class='ocrx_word' id='word_1_736' title='bbox 2297 3381 2536 3434; x_wconf 88' lang='lat' dir='ltr'><strong>violatio.</strong></span> <span class='ocrx_word' id='word_1_737' title='bbox 2569 3379 2664 3434; x_wconf 90' lang='lat' dir='ltr'><strong>llle</strong></span> <span class='ocrx_word' id='word_1_738' title='bbox 2724 3394 2853 3434; x_wconf 89' lang='lat' dir='ltr'><strong>vero</strong></span> <span class='ocrx_word' id='word_1_739' title='bbox 2897 3378 3000 3447; x_wconf 89' lang='lat' dir='ltr'><strong>ipsi</strong></span> <span class='ocrx_word' id='word_1_740' title='bbox 3071 3379 3383 3434; x_wconf 88' lang='lat' dir='ltr'><strong>auscultare</strong></span> <span class='ocrx_word' id='word_1_741' title='bbox 3410 3379 3612 3435; x_wconf 91' lang='lat' dir='ltr'><strong>noluit.</strong></span> <span class='ocrx_word' id='word_1_742' title='bbox 3671 3379 3839 3434; x_wconf 87' lang='lat' dir='ltr'><strong>Statim</strong></span> 
     </span>
    </p>
   </div>
   <div class='ocr_carea' id='block_1_97' title="bbox 2295 3468 3842 3540">
    <p class='ocr_par' dir='ltr' id='par_1_97' title="bbox 2295 3468 3842 3540">
     <span class='ocr_line' id='line_1_99' title="bbox 2295 3468 3842 3540; baseline -0.003 -14"><span class='ocrx_word' id='word_1_743' title='bbox 2295 3485 2424 3540; x_wconf 87' lang='lat' dir='ltr'><strong>ergo</strong></span> <span class='ocrx_word' id='word_1_744' title='bbox 2474 3470 2681 3525; x_wconf 89' lang='lat' dir='ltr'><strong>reversi</strong></span> <span class='ocrx_word' id='word_1_745' title='bbox 2719 3479 2870 3525; x_wconf 92' lang='lat' dir='ltr'><strong>sunt.</strong></span> <span class='ocrx_word' id='word_1_746' title='bbox 2909 3469 3054 3524; x_wconf 89' lang='lat' dir='ltr'><strong>Dixit</strong></span> <span class='ocrx_word' id='word_1_747' title='bbox 3103 3477 3282 3524; x_wconf 84' lang='lat' dir='ltr'><strong>autem</strong></span> <span class='ocrx_word' id='word_1_748' title='bbox 3322 3468 3518 3524; x_wconf 79' lang='lat' dir='ltr'><strong>Phirux</strong></span> <span class='ocrx_word' id='word_1_749' title='bbox 3576 3472 3842 3525; x_wconf 79' lang='lat' dir='ltr'><strong>comitibus</strong></span> 
     </span>
    </p>
   </div>
   <div class='ocr_carea' id='block_1_98' title="bbox 2296 3561 3840 3632">
    <p class='ocr_par' dir='ltr' id='par_1_98' title="bbox 2296 3561 3840 3632">
     <span class='ocr_line' id='line_1_100' title="bbox 2296 3561 3840 3632; baseline -0.004 -14"><span class='ocrx_word' id='word_1_750' title='bbox 2296 3563 2418 3618; x_wconf 87' lang='lat' dir='ltr'><strong>suis</strong></span> <span class='ocrx_word' id='word_1_751' title='bbox 2453 3579 2466 3614; x_wconf 92' lang='lat'><strong>:</strong></span> <span class='ocrx_word' id='word_1_752' title='bbox 2510 3561 2634 3616; x_wconf 80' lang='lat' dir='ltr'><strong>Erat</strong></span> <span class='ocrx_word' id='word_1_753' title='bbox 2659 3562 3040 3616; x_wconf 77' lang='lat' dir='ltr'><strong>Achsbanwar</strong></span> <span class='ocrx_word' id='word_1_754' title='bbox 3070 3576 3364 3632; x_wconf 84' lang='lat' dir='ltr'><strong>congressu</strong></span> <span class='ocrx_word' id='word_1_755' title='bbox 3395 3566 3692 3632; x_wconf 85' lang='lat' dir='ltr'><strong>egregius;</strong></span> <span class='ocrx_word' id='word_1_756' title='bbox 3726 3579 3840 3615; x_wconf 77' lang='lat' dir='ltr'><strong>nun-</strong></span> 
     </span>
    </p>
   </div>
   <div class='ocr_carea' id='block_1_99' title="bbox 2293 3652 3841 3724">
    <p class='ocr_par' dir='ltr' id='par_1_99' title="bbox 2293 3652 3841 3724">
     <span class='ocr_line' id='line_1_101' title="bbox 2293 3652 3841 3724; baseline 0 -19"><span class='ocrx_word' id='word_1_757' title='bbox 2293 3668 2454 3724; x_wconf 88' lang='lat' dir='ltr'><strong>quam</strong></span> <span class='ocrx_word' id='word_1_758' title='bbox 2503 3664 2685 3708; x_wconf 83' lang='lat' dir='ltr'><strong>autem</strong></span> <span class='ocrx_word' id='word_1_759' title='bbox 2747 3654 2855 3707; x_wconf 87' lang='lat' dir='ltr'><strong>vidi</strong></span> <span class='ocrx_word' id='word_1_760' title='bbox 2881 3666 3058 3723; x_wconf 83' lang='lat' dir='ltr'><strong>&#39;equo,</strong></span> <span class='ocrx_word' id='word_1_761' title='bbox 3107 3653 3197 3708; x_wconf 89' lang='lat' dir='ltr'><strong>cui</strong></span> <span class='ocrx_word' id='word_1_762' title='bbox 3241 3652 3538 3718; x_wconf 87' lang='lat' dir='ltr'><strong>insidebat,</strong></span> <span class='ocrx_word' id='word_1_763' title='bbox 3588 3655 3738 3710; x_wconf 86' lang='lat' dir='ltr'><strong>inter</strong></span> <span class='ocrx_word' id='word_1_764' title='bbox 3773 3653 3841 3721; x_wconf 84' lang='lat' dir='ltr'><strong>jn-</strong></span> 
     </span>
    </p>
   </div>
   <div class='ocr_carea' id='block_1_100' title="bbox 2294 3743 3837 3801">
    <p class='ocr_par' dir='ltr' id='par_1_100' title="bbox 2294 3743 3837 3801">
     <span class='ocr_line' id='line_1_102' title="bbox 2294 3743 3837 3801; baseline 0.003 -4"><span class='ocrx_word' id='word_1_765' title='bbox 2294 3753 2472 3800; x_wconf 82' lang='lat' dir='ltr'><strong>menta</strong></span> <span class='ocrx_word' id='word_1_766' title='bbox 2501 3745 2755 3800; x_wconf 83' lang='lat' dir='ltr'><strong>similem.</strong></span> <span class='ocrx_word' id='word_1_767' title='bbox 2791 3743 2960 3798; x_wconf 83' lang='lat' dir='ltr'><strong>Pedes</strong></span> <span class='ocrx_word' id='word_1_768' title='bbox 2985 3744 3131 3798; x_wconf 90' lang='lat' dir='ltr'><strong>enim</strong></span> <span class='ocrx_word' id='word_1_769' title='bbox 3175 3744 3318 3799; x_wconf 87' lang='lat' dir='ltr'><strong>haud</strong></span> <span class='ocrx_word' id='word_1_770' title='bbox 3379 3743 3615 3799; x_wconf 41' lang='lat' dir='ltr'><strong>‘omnino</strong></span> <span class='ocrx_word' id='word_1_771' title='bbox 3670 3745 3837 3801; x_wconf 84' lang='lat' dir='ltr'><strong>movit.</strong></span> 
     </span>
    </p>
   </div>
   <div class='ocr_carea' id='block_1_101' title="bbox 2294 3835 3839 3905">
    <p class='ocr_par' dir='ltr' id='par_1_101' title="bbox 2294 3835 3839 3905">
     <span class='ocr_line' id='line_1_103' title="bbox 2294 3835 3839 3905; baseline 0.001 -18"><span class='ocrx_word' id='word_1_772' title='bbox 2294 3848 2467 3904; x_wconf 89' lang='lat' dir='ltr'><strong>neque</strong></span> <span class='ocrx_word' id='word_1_773' title='bbox 2510 3835 2742 3902; x_wconf 85' lang='lat' dir='ltr'><strong>ungulas</strong></span> <span class='ocrx_word' id='word_1_774' title='bbox 2766 3835 2887 3889; x_wconf 87' lang='lat' dir='ltr'><strong>loco</strong></span> <span class='ocrx_word' id='word_1_775' title='bbox 2921 3835 3165 3902; x_wconf 91' lang='lat' dir='ltr'><strong>sustulit,</strong></span> <span class='ocrx_word' id='word_1_776' title='bbox 3194 3849 3371 3905; x_wconf 89' lang='lat' dir='ltr'><strong>neque</strong></span> <span class='ocrx_word' id='word_1_777' title='bbox 3401 3835 3665 3901; x_wconf 83' lang='lat' dir='ltr'><strong>hinnivit,</strong></span> <span class='ocrx_word' id='word_1_778' title='bbox 3690 3850 3839 3905; x_wconf 79' lang='lat' dir='ltr'><strong>neque</strong></span> 
     </span>
    </p>
   </div>
   <div class='ocr_carea' id='block_1_102' title="bbox 2290 3925 3837 3998">
    <p class='ocr_par' dir='ltr' id='par_1_102' title="bbox 2290 3925 3837 3998">
     <span class='ocr_line' id='line_1_104' title="bbox 2290 3925 3837 3998; baseline 0.001 -20"><span class='ocrx_word' id='word_1_779' title='bbox 2290 3927 2494 3981; x_wconf 90' lang='lat' dir='ltr'><strong>excidit</strong></span> <span class='ocrx_word' id='word_1_780' title='bbox 2522 3925 2626 3997; x_wconf 89' lang='lat' dir='ltr'><strong>ipsi</strong></span> <span class='ocrx_word' id='word_1_781' title='bbox 2681 3927 2884 3996; x_wconf 87' lang='lat' dir='ltr'><strong>aliquid</strong></span> <span class='ocrx_word' id='word_1_782' title='bbox 2918 3927 3064 3997; x_wconf 90' lang='lat' dir='ltr'><strong>quod</strong></span> <span class='ocrx_word' id='word_1_783' title='bbox 3114 3928 3443 3997; x_wconf 89' lang='lat' dir='ltr'><strong>colloquium</strong></span> <span class='ocrx_word' id='word_1_784' title='bbox 3495 3929 3837 3998; x_wconf 55' lang='lat' dir='ltr'><strong>interrunpr</strong></span> 
     </span>
    </p>
   </div>
   <div class='ocr_carea' id='block_1_103' title="bbox 2291 4019 3837 4096">
    <p class='ocr_par' dir='ltr' id='par_1_103' title="bbox 2291 4019 3837 4096">
     <span class='ocr_line' id='line_1_105' title="bbox 2291 4019 3837 4096; baseline 0.001 -25"><span class='ocrx_word' id='word_1_785' title='bbox 2291 4026 2372 4071; x_wconf 90' lang='lat' dir='ltr'><strong>ret</strong></span> <span class='ocrx_word' id='word_1_786' title='bbox 2408 4026 2522 4071; x_wconf 88' lang='lat' dir='ltr'><strong>toto</strong></span> <span class='ocrx_word' id='word_1_787' title='bbox 2548 4033 2659 4088; x_wconf 88' lang='lat' dir='ltr'><strong>quo</strong></span> <span class='ocrx_word' id='word_1_788' title='bbox 2716 4020 2878 4073; x_wconf 89' lang='lat' dir='ltr'><strong>simul</strong></span> <span class='ocrx_word' id='word_1_789' title='bbox 2931 4019 3137 4096; x_wconf 74' lang='lat' dir='ltr'><strong>fuimus</strong></span> <span class='ocrx_word' id='word_1_790' title='bbox 3168 4029 3432 4089; x_wconf 89' lang='lat' dir='ltr'><strong>tempore.</strong></span> <span class='ocrx_word' id='word_1_791' title='bbox 3485 4020 3837 4076; x_wconf 73' lang='lat' dir='ltr'><strong>Achsbauuzr</strong></span> 
     </span>
    </p>
   </div>
   <div class='ocr_carea' id='block_1_104' title="bbox 2292 4107 3833 4180">
    <p class='ocr_par' dir='ltr' id='par_1_104' title="bbox 2292 4107 3833 4180">
     <span class='ocr_line' id='line_1_106' title="bbox 2292 4107 3833 4180; baseline 0 -20"><span class='ocrx_word' id='word_1_792' title='bbox 2292 4123 2418 4162; x_wconf 82' lang='lat' dir='ltr'><strong>vero</strong></span> <span class='ocrx_word' id='word_1_793' title='bbox 2455 4109 2618 4162; x_wconf 86' lang='lat' dir='ltr'><strong>suis:</strong></span> <span class='ocrx_word' id='word_1_794' title='bbox 2658 4107 2923 4174; x_wconf 79' lang='lat' dir='ltr'><strong>Conveni,</strong></span> <span class='ocrx_word' id='word_1_795' title='bbox 2976 4118 3138 4180; x_wconf 87' lang='lat' dir='ltr'><strong>prout</strong></span> <span class='ocrx_word' id='word_1_796' title='bbox 3182 4109 3316 4165; x_wconf 89' lang='lat' dir='ltr'><strong>mihi</strong></span> <span class='ocrx_word' id='word_1_797' title='bbox 3350 4110 3623 4180; x_wconf 84' lang='lat' dir='ltr'><strong>vobisque</strong></span> <span class='ocrx_word' id='word_1_798' title='bbox 3682 4113 3833 4166; x_wconf 81' lang='lat' dir='ltr'><strong>visum</strong></span> 
     </span>
    </p>
   </div>
   <div class='ocr_carea' id='block_1_105' title="bbox 2289 4199 3834 4272">
    <p class='ocr_par' dir='ltr' id='par_1_105' title="bbox 2289 4199 3834 4272">
     <span class='ocr_line' id='line_1_107' title="bbox 2289 4199 3834 4272; baseline 0.001 -17"><span class='ocrx_word' id='word_1_799' title='bbox 2289 4209 2393 4260; x_wconf 86' lang='lat' dir='ltr'><strong>est.</strong></span> <span class='ocrx_word' id='word_1_800' title='bbox 2425 4199 2719 4254; x_wconf 77' lang='lat' dir='ltr'><strong>Phirtizum</strong></span> <span class='ocrx_word' id='word_1_801' title='bbox 2753 4200 2961 4271; x_wconf 84' lang='lat' dir='ltr'><strong>integre</strong></span> <span class='ocrx_word' id='word_1_802' title='bbox 3012 4211 3303 4269; x_wconf 85' lang='lat' dir='ltr'><strong>armatum,</strong></span> <span class='ocrx_word' id='word_1_803' title='bbox 3357 4213 3644 4272; x_wconf 84' lang='lat' dir='ltr'><strong>nunquam</strong></span> <span class='ocrx_word' id='word_1_804' title='bbox 3678 4213 3834 4258; x_wconf 79' lang='lat' dir='ltr'><strong>autem</strong></span> 
     </span>
    </p>
   </div>
   <div class='ocr_carea' id='block_1_106' title="bbox 2287 4291 3833 4365">
    <p class='ocr_par' dir='ltr' id='par_1_106' title="bbox 2287 4291 3833 4365">
     <span class='ocr_line' id='line_1_108' title="bbox 2287 4291 3833 4365; baseline 0.002 -21"><span class='ocrx_word' id='word_1_805' title='bbox 2287 4305 2345 4344; x_wconf 91' lang='lat' dir='ltr'><strong>se</strong></span> <span class='ocrx_word' id='word_1_806' title='bbox 2378 4291 2432 4344; x_wconf 93' lang='lat' dir='ltr'><strong>in</strong></span> <span class='ocrx_word' id='word_1_807' title='bbox 2468 4304 2609 4360; x_wconf 88' lang='lat' dir='ltr'><strong>equo</strong></span> <span class='ocrx_word' id='word_1_808' title='bbox 2631 4306 2731 4345; x_wconf 90' lang='lat' dir='ltr'><strong>suo</strong></span> <span class='ocrx_word' id='word_1_809' title='bbox 2759 4293 2948 4356; x_wconf 90' lang='lat' dir='ltr'><strong>movit,</strong></span> <span class='ocrx_word' id='word_1_810' title='bbox 2991 4308 3091 4348; x_wconf 88' lang='lat' dir='ltr'><strong>nec</strong></span> <span class='ocrx_word' id='word_1_811' title='bbox 3137 4310 3376 4364; x_wconf 89' lang='lat' dir='ltr'><strong>unquam</strong></span> <span class='ocrx_word' id='word_1_812' title='bbox 3415 4298 3610 4365; x_wconf 87' lang='lat' dir='ltr'><strong>pedem</strong></span> <span class='ocrx_word' id='word_1_813' title='bbox 3647 4298 3714 4352; x_wconf 90' lang='lat' dir='ltr'><strong>de</strong></span> <span class='ocrx_word' id='word_1_814' title='bbox 3738 4307 3833 4351; x_wconf 85' lang='lat' dir='ltr'><strong>sta-</strong></span> 
     </span>
    </p>
   </div>
   <div class='ocr_carea' id='block_1_107' title="bbox 2289 4470 3921 4552">
    <p class='ocr_par' dir='ltr' id='par_1_107' title="bbox 2289 4470 3921 4552">
     <span class='ocr_line' id='line_1_109' title="bbox 2289 4470 3921 4552; baseline 0.001 -28"><span class='ocrx_word' id='word_1_815' title='bbox 2289 4483 2529 4524; x_wconf 88' lang='lat' dir='ltr'><strong>trorsum</strong></span> <span class='ocrx_word' id='word_1_816' title='bbox 2565 4470 2648 4523; x_wconf 89' lang='lat' dir='ltr'><strong>vel</strong></span> <span class='ocrx_word' id='word_1_817' title='bbox 2688 4471 3070 4526; x_wconf 90' lang='lat' dir='ltr'><strong>sinistrorsum</strong></span> <span class='ocrx_word' id='word_1_818' title='bbox 3118 4474 3407 4528; x_wconf 86' lang='lat' dir='ltr'><strong>convertit.</strong></span> <span class='ocrx_word' id='word_1_819' title='bbox 3468 4476 3580 4544; x_wconf 85' lang='lat' dir='ltr'><strong>Ego</strong></span> <span class='ocrx_word' id='word_1_820' title='bbox 3638 4477 3829 4530; x_wconf 78' lang='lat' dir='ltr'><strong>interim</strong></span> <span class='ocrx_word' id='word_1_821' title='bbox 3919 4493 3921 4552; x_wconf 67' lang='grc' dir='ltr'><strong>ς</strong></span> 
     </span>
    </p>
   </div>
   <div class='ocr_carea' id='block_1_108' title="bbox 2286 4558 3824 4632">
    <p class='ocr_par' dir='ltr' id='par_1_108' title="bbox 2286 4558 3824 4632">
     <span class='ocr_line' id='line_1_110' title="bbox 2286 4558 3824 4632; baseline 0.003 -20"><span class='ocrx_word' id='word_1_822' title='bbox 2286 4559 2484 4628; x_wconf 78' lang='lat' dir='ltr'><strong>saepius</strong></span> <span class='ocrx_word' id='word_1_823' title='bbox 2519 4558 2706 4612; x_wconf 90' lang='lat' dir='ltr'><strong>femori</strong></span> <span class='ocrx_word' id='word_1_824' title='bbox 2745 4560 2965 4615; x_wconf 80' lang='lat' dir='ltr'><strong>innixus</strong></span> <span class='ocrx_word' id='word_1_825' title='bbox 2990 4577 3106 4616; x_wconf 91' lang='lat' dir='ltr'><strong>sum</strong></span> <span class='ocrx_word' id='word_1_826' title='bbox 3131 4578 3271 4632; x_wconf 92' lang='lat' dir='ltr'><strong>equo</strong></span> <span class='ocrx_word' id='word_1_827' title='bbox 3301 4564 3581 4628; x_wconf 84' lang='lat' dir='ltr'><strong>insistens,</strong></span> <span class='ocrx_word' id='word_1_828' title='bbox 3613 4582 3678 4622; x_wconf 86' lang='lat' dir='ltr'><strong>ac</strong></span> <span class='ocrx_word' id='word_1_829' title='bbox 3712 4566 3824 4621; x_wconf 52' lang='lat' dir='ltr'><strong>sub.</strong></span> 
     </span>
    </p>
   </div>
   <div class='ocr_carea' id='block_1_109' title="bbox 2298 4651 3827 4728">
    <p class='ocr_par' dir='ltr' id='par_1_109' title="bbox 2298 4651 3827 4728">
     <span class='ocr_line' id='line_1_111' title="bbox 2298 4651 3827 4728; baseline 0.003 -24"><span class='ocrx_word' id='word_1_830' title='bbox 2298 4651 2424 4704; x_wconf 89' lang='lat' dir='ltr'><strong>inde</strong></span> <span class='ocrx_word' id='word_1_831' title='bbox 2472 4652 2707 4719; x_wconf 88' lang='lat' dir='ltr'><strong>respexi,</strong></span> <span class='ocrx_word' id='word_1_832' title='bbox 2763 4651 2886 4706; x_wconf 88' lang='lat' dir='ltr'><strong>dein</strong></span> <span class='ocrx_word' id='word_1_833' title='bbox 2943 4654 2995 4706; x_wconf 92' lang='lat' dir='ltr'><strong>in</strong></span> <span class='ocrx_word' id='word_1_834' title='bbox 3028 4669 3090 4708; x_wconf 92' lang='lat' dir='ltr'><strong>ea</strong></span> <span class='ocrx_word' id='word_1_835' title='bbox 3123 4671 3244 4724; x_wconf 80' lang='lat' dir='ltr'><strong>quae</strong></span> <span class='ocrx_word' id='word_1_836' title='bbox 3287 4667 3415 4712; x_wconf 91' lang='lat' dir='ltr'><strong>ante</strong></span> <span class='ocrx_word' id='word_1_837' title='bbox 3461 4660 3641 4728; x_wconf 86' lang='lat' dir='ltr'><strong>posita</strong></span> <span class='ocrx_word' id='word_1_838' title='bbox 3697 4653 3827 4713; x_wconf 80' lang='lat' dir='ltr'><strong>erant</strong></span> 
     </span>
    </p>
   </div>
   <div class='ocr_carea' id='block_1_110' title="bbox 2301 4741 3827 4819">
    <p class='ocr_par' dir='ltr' id='par_1_110' title="bbox 2301 4741 3827 4819">
     <span class='ocr_line' id='line_1_112' title="bbox 2301 4741 3827 4819; baseline 0.008 -25"><span class='ocrx_word' id='word_1_839' title='bbox 2301 4742 2490 4794; x_wconf 92' lang='lat' dir='ltr'><strong>oculos</strong></span> <span class='ocrx_word' id='word_1_840' title='bbox 2517 4741 2747 4810; x_wconf 84' lang='lat' dir='ltr'><strong>conjeci,</strong></span> <span class='ocrx_word' id='word_1_841' title='bbox 2790 4742 2908 4810; x_wconf 90' lang='lat' dir='ltr'><strong>ipso</strong></span> <span class='ocrx_word' id='word_1_842' title='bbox 2937 4745 3042 4797; x_wconf 85' lang='lat' dir='ltr'><strong>lixo</strong></span> <span class='ocrx_word' id='word_1_843' title='bbox 3069 4759 3131 4799; x_wconf 91' lang='lat' dir='ltr'><strong>ac</strong></span> <span class='ocrx_word' id='word_1_844' title='bbox 3164 4747 3348 4815; x_wconf 87' lang='lat' dir='ltr'><strong>quieto</strong></span> <span class='ocrx_word' id='word_1_845' title='bbox 3377 4741 3653 4804; x_wconf 83' lang='lat' dir='ltr'><strong>manente.</strong></span> <span class='ocrx_word' id='word_1_846' title='bbox 3693 4747 3827 4819; x_wconf 63' lang='lat'><strong>125</strong></span> 
     </span>
    </p>
   </div>
   <div class='ocr_carea' id='block_1_111' title="bbox 2287 4832 3824 4909">
    <p class='ocr_par' dir='ltr' id='par_1_111' title="bbox 2287 4832 3824 4909">
     <span class='ocr_line' id='line_1_113' title="bbox 2287 4832 3824 4909; baseline 0.006 -24"><span class='ocrx_word' id='word_1_847' title='bbox 2287 4832 2346 4886; x_wconf 90' lang='lat' dir='ltr'><strong>ld</strong></span> <span class='ocrx_word' id='word_1_848' title='bbox 2388 4842 2568 4887; x_wconf 88' lang='lat' dir='ltr'><strong>autem</strong></span> <span class='ocrx_word' id='word_1_849' title='bbox 2589 4834 2879 4887; x_wconf 86' lang='lat' dir='ltr'><strong>voluerunt</strong></span> <span class='ocrx_word' id='word_1_850' title='bbox 2899 4834 3098 4890; x_wconf 79' lang='lat' dir='ltr'><strong>Phiruz</strong></span> <span class='ocrx_word' id='word_1_851' title='bbox 3117 4835 3215 4909; x_wconf 90' lang='lat' dir='ltr'><strong>[et]</strong></span> <span class='ocrx_word' id='word_1_852' title='bbox 3230 4840 3603 4895; x_wconf 75' lang='lat' dir='ltr'><strong>Achshanvrar</strong></span> <span class='ocrx_word' id='word_1_853' title='bbox 3620 4843 3706 4898; x_wconf 80' lang='lat' dir='ltr'><strong>his</strong></span> <span class='ocrx_word' id='word_1_854' title='bbox 3718 4857 3824 4896; x_wconf 85' lang='lat' dir='ltr'><strong>nar-</strong></span> 
     </span>
    </p>
   </div>
   <div class='ocr_carea' id='block_1_112' title="bbox 2283 4915 3823 5005">
    <p class='ocr_par' dir='ltr' id='par_1_112' title="bbox 2283 4915 3823 5005">
     <span class='ocr_line' id='line_1_114' title="bbox 2283 4915 3823 5005; baseline 0.01 -32"><span class='ocrx_word' id='word_1_855' title='bbox 2283 4923 2491 4986; x_wconf 86' lang='lat' dir='ltr'><strong>randis,</strong></span> <span class='ocrx_word' id='word_1_856' title='bbox 2527 4930 2897 4979; x_wconf 89' lang='lat' dir='ltr'><strong>utsermones</strong></span> <span class='ocrx_word' id='word_1_857' title='bbox 2931 4927 3020 4980; x_wconf 91' lang='lat' dir='ltr'><strong>isti</strong></span> <span class='ocrx_word' id='word_1_858' title='bbox 3059 4915 3154 4997; x_wconf 79' lang='lat' dir='ltr'><strong>per</strong></span> <span class='ocrx_word' id='word_1_859' title='bbox 3195 4933 3480 4988; x_wconf 86' lang='lat' dir='ltr'><strong>exercitus</strong></span> <span class='ocrx_word' id='word_1_860' title='bbox 3509 4949 3645 4990; x_wconf 90' lang='lat' dir='ltr'><strong>suos</strong></span> <span class='ocrx_word' id='word_1_861' title='bbox 3692 4950 3823 5005; x_wconf 79' lang='lat' dir='ltr'><strong>spar-</strong></span> 
     </span>
    </p>
   </div>
   <div class='ocr_carea' id='block_1_113' title="bbox 2281 5017 3821 5097">
    <p class='ocr_par' dir='ltr' id='par_1_113' title="bbox 2281 5017 3821 5097">
     <span class='ocr_line' id='line_1_115' title="bbox 2281 5017 3821 5097; baseline 0.01 -32"><span class='ocrx_word' id='word_1_862' title='bbox 2281 5024 2562 5082; x_wconf 87' lang='lat' dir='ltr'><strong>gerentur,</strong></span> <span class='ocrx_word' id='word_1_863' title='bbox 2590 5017 2779 5095; x_wconf 76' lang='lat' dir='ltr'><strong>quoliis</strong></span> <span class='ocrx_word' id='word_1_864' title='bbox 2797 5020 3043 5088; x_wconf 89' lang='lat' dir='ltr'><strong>occupati</strong></span> <span class='ocrx_word' id='word_1_865' title='bbox 3074 5022 3318 5078; x_wconf 88' lang='lat' dir='ltr'><strong>homines</strong></span> <span class='ocrx_word' id='word_1_866' title='bbox 3347 5025 3488 5078; x_wconf 89' lang='lat' dir='ltr'><strong>haud</strong></span> <span class='ocrx_word' id='word_1_867' title='bbox 3508 5027 3821 5097; x_wconf 83' lang='lat' dir='ltr'><strong>inquirerent</strong></span> 
     </span>
    </p>
   </div>
   <div class='ocr_carea' id='block_1_114' title="bbox 2282 5105 3819 5192">
    <p class='ocr_par' dir='ltr' id='par_1_114' title="bbox 2282 5105 3819 5192">
     <span class='ocr_line' id='line_1_116' title="bbox 2282 5105 3819 5192; baseline 0.01 -34"><span class='ocrx_word' id='word_1_868' title='bbox 2282 5110 2332 5159; x_wconf 87' lang='lat' dir='ltr'><strong>in</strong></span> <span class='ocrx_word' id='word_1_869' title='bbox 2361 5121 2422 5159; x_wconf 88' lang='lat' dir='ltr'><strong>ea</strong></span> <span class='ocrx_word' id='word_1_870' title='bbox 2455 5123 2574 5176; x_wconf 72' lang='lat' dir='ltr'><strong>quae</strong></span> <span class='ocrx_word' id='word_1_871' title='bbox 2603 5122 2796 5163; x_wconf 86' lang='lat' dir='ltr'><strong>mutuo</strong></span> <span class='ocrx_word' id='word_1_872' title='bbox 2831 5112 3086 5166; x_wconf 87' lang='lat' dir='ltr'><strong>collocuti</strong></span> <span class='ocrx_word' id='word_1_873' title='bbox 3133 5114 3368 5170; x_wconf 81' lang='lat' dir='ltr'><strong>fuerant.</strong></span> <span class='ocrx_word' id='word_1_874' title='bbox 3403 5105 3557 5174; x_wconf 71' lang='lat' dir='ltr'><strong>Hane</strong></span> <span class='ocrx_word' id='word_1_875' title='bbox 3583 5138 3714 5192; x_wconf 83' lang='lat' dir='ltr'><strong>ergo</strong></span> <span class='ocrx_word' id='word_1_876' title='bbox 3729 5123 3819 5192; x_wconf 80' lang='lat' dir='ltr'><strong>jam</strong></span> 
     </span>
    </p>
   </div>
   <div class='ocr_carea' id='block_1_115' title="bbox 2281 5198 3818 5278">
    <p class='ocr_par' dir='ltr' id='par_1_115' title="bbox 2281 5198 3818 5278">
     <span class='ocr_line' id='line_1_117' title="bbox 2281 5198 3818 5278; baseline 0.01 -28"><span class='ocrx_word' id='word_1_877' title='bbox 2281 5198 2420 5252; x_wconf 86' lang='lat' dir='ltr'><strong>facto</strong></span> <span class='ocrx_word' id='word_1_878' title='bbox 2469 5205 2834 5270; x_wconf 82' lang='lat' dir='ltr'><strong>syngrapham</strong></span> <span class='ocrx_word' id='word_1_879' title='bbox 2893 5217 3054 5272; x_wconf 90' lang='lat' dir='ltr'><strong>quam</strong></span> <span class='ocrx_word' id='word_1_880' title='bbox 3126 5206 3228 5276; x_wconf 77' lang='lat' dir='ltr'><strong>ipsi</strong></span> <span class='ocrx_word' id='word_1_881' title='bbox 3289 5211 3592 5278; x_wconf 85' lang='lat' dir='ltr'><strong>scripserat</strong></span> <span class='ocrx_word' id='word_1_882' title='bbox 3645 5213 3818 5267; x_wconf 79' lang='lat' dir='ltr'><strong>Phirux</strong></span> 
     </span>
    </p>
   </div>
   <div class='ocr_carea' id='block_1_116' title="bbox 2286 5289 3816 5375">
    <p class='ocr_par' dir='ltr' id='par_1_116' title="bbox 2286 5289 3816 5375">
     <span class='ocr_line' id='line_1_118' title="bbox 2286 5289 3816 5375; baseline 0.012 -37"><span class='ocrx_word' id='word_1_883' title='bbox 2286 5289 2600 5356; x_wconf 78' lang='lat' dir='ltr'><strong>productam</strong></span> <span class='ocrx_word' id='word_1_884' title='bbox 2643 5290 2811 5345; x_wconf 74' lang='lat' dir='ltr'><strong>hastze</strong></span> <span class='ocrx_word' id='word_1_885' title='bbox 2867 5294 3119 5363; x_wconf 87' lang='lat' dir='ltr'><strong>imposuit</strong></span> <span class='ocrx_word' id='word_1_886' title='bbox 3171 5299 3562 5368; x_wconf 83' lang='lat' dir='ltr'><strong>Achshanwar,</strong></span> <span class='ocrx_word' id='word_1_887' title='bbox 3615 5321 3722 5375; x_wconf 88' lang='lat' dir='ltr'><strong>quo</strong></span> <span class='ocrx_word' id='word_1_888' title='bbox 3764 5306 3816 5357; x_wconf 83' lang='lat' dir='ltr'><strong>ab</strong></span> 
     </span>
    </p>
   </div>
   <div class='ocr_carea' id='block_1_117' title="bbox 2292 5383 3811 5453">
    <p class='ocr_par' dir='ltr' id='par_1_117' title="bbox 2292 5383 3811 5453">
     <span class='ocr_line' id='line_1_119' title="bbox 2292 5383 3811 5453; baseline 0.011 -19"><span class='ocrx_word' id='word_1_889' title='bbox 2292 5383 2532 5435; x_wconf 86' lang='lat' dir='ltr'><strong>exercitu</strong></span> <span class='ocrx_word' id='word_1_890' title='bbox 2589 5387 3019 5453; x_wconf 82' lang='lat' dir='ltr'><strong>conspiceretur,</strong></span> <span class='ocrx_word' id='word_1_891' title='bbox 3073 5403 3137 5442; x_wconf 90' lang='lat' dir='ltr'><strong>ac</strong></span> <span class='ocrx_word' id='word_1_892' title='bbox 3176 5390 3400 5447; x_wconf 78' lang='lat' dir='ltr'><strong>victoria</strong></span> <span class='ocrx_word' id='word_1_893' title='bbox 3442 5395 3496 5448; x_wconf 91' lang='lat' dir='ltr'><strong>in</strong></span> <span class='ocrx_word' id='word_1_894' title='bbox 3551 5390 3811 5453; x_wconf 69' lang='lat' dir='ltr'><strong>Pillf&#39;lll</strong></span> 
     </span>
    </p>
   </div>
   <div class='ocr_carea' id='block_1_118' title="bbox 2277 5417 3922 6236">
    <p class='ocr_par' dir='ltr' id='par_1_118' title="bbox 2277 5417 3811 5743">
     <span class='ocr_line' id='line_1_120' title="bbox 2292 5417 3811 5453; baseline 0.013 -21"><span class='ocrx_word' id='word_1_895' title='bbox 2292 5417 2532 5435; x_wconf 60' lang='grc' dir='ltr'><strong>ιιωυιιυ</strong></span> <span class='ocrx_word' id='word_1_896' title='bbox 2589 5417 3019 5453; x_wconf 65' lang='grc' dir='ltr'><strong>υυιιῠμιιυιυιυιν</strong></span> <span class='ocrx_word' id='word_1_897' title='bbox 3073 5417 3137 5442; x_wconf 74' lang='lat' dir='ltr'><strong>ut;</strong></span> <span class='ocrx_word' id='word_1_898' title='bbox 3180 5417 3400 5447; x_wconf 73' lang='lat' dir='ltr'><strong>vtuurtal</strong></span> <span class='ocrx_word' id='word_1_899' title='bbox 3442 5417 3496 5448; x_wconf 90' lang='grc'><strong>111</strong></span> <span class='ocrx_word' id='word_1_900' title='bbox 3551 5417 3811 5453; x_wconf 69' lang='lat' dir='ltr'><strong>nuru!</strong></span> 
     </span>
     <span class='ocr_line' id='line_1_121' title="bbox 2277 5473 3811 5548; baseline 0.01 -23"><span class='ocrx_word' id='word_1_901' title='bbox 2277 5473 2478 5540; x_wconf 87' lang='lat' dir='ltr'><strong>potitus</strong></span> <span class='ocrx_word' id='word_1_902' title='bbox 2507 5484 2630 5540; x_wconf 88' lang='lat' dir='ltr'><strong>est;</strong></span> <span class='ocrx_word' id='word_1_903' title='bbox 2665 5479 2896 5542; x_wconf 90' lang='lat' dir='ltr'><strong>quicum</strong></span> <span class='ocrx_word' id='word_1_904' title='bbox 2945 5478 2996 5530; x_wconf 90' lang='lat' dir='ltr'><strong>iu</strong></span> <span class='ocrx_word' id='word_1_905' title='bbox 3055 5477 3236 5548; x_wconf 87' lang='lat' dir='ltr'><strong>fugam</strong></span> <span class='ocrx_word' id='word_1_906' title='bbox 3303 5473 3601 5542; x_wconf 83' lang='lat' dir='ltr'><strong>conversus</strong></span> <span class='ocrx_word' id='word_1_907' title='bbox 3625 5476 3676 5541; x_wconf 38' lang='lat' dir='ltr'><strong>&#39;a</strong></span> <span class='ocrx_word' id='word_1_908' title='bbox 3715 5488 3811 5542; x_wconf 80' lang='lat' dir='ltr'><strong>loco</strong></span> 
     </span>
     <span class='ocr_line' id='line_1_122' title="bbox 2277 5563 3809 5645; baseline 0.009 -29"><span class='ocrx_word' id='word_1_909' title='bbox 2277 5563 2579 5630; x_wconf 86' lang='lat' dir='ltr'><strong>signorum,</strong></span> <span class='ocrx_word' id='word_1_910' title='bbox 2611 5580 2730 5633; x_wconf 72' lang='lat' dir='ltr'><strong>quae</strong></span> <span class='ocrx_word' id='word_1_911' title='bbox 2759 5566 2823 5619; x_wconf 89' lang='lat' dir='ltr'><strong>ad</strong></span> <span class='ocrx_word' id='word_1_912' title='bbox 2881 5578 3071 5636; x_wconf 91' lang='lat' dir='ltr'><strong>pontes</strong></span> <span class='ocrx_word' id='word_1_913' title='bbox 3129 5587 3235 5640; x_wconf 89' lang='lat' dir='ltr'><strong>qua</strong></span> <span class='ocrx_word' id='word_1_914' title='bbox 3284 5575 3525 5630; x_wconf 80' lang='lat' dir='ltr'><strong>eundum</strong></span> <span class='ocrx_word' id='word_1_915' title='bbox 3576 5588 3692 5633; x_wconf 77' lang='lat' dir='ltr'><strong>erat</strong></span> <span class='ocrx_word' id='word_1_916' title='bbox 3730 5577 3809 5645; x_wconf 74' lang='lat' dir='ltr'><strong>ipsi</strong></span> 
     </span>
     <span class='ocr_line' id='line_1_123' title="bbox 2280 5656 3809 5743; baseline 0.012 -35"><span class='ocrx_word' id='word_1_917' title='bbox 2280 5656 2492 5723; x_wconf 76' lang='lat' dir='ltr'><strong>fixerat,</strong></span> <span class='ocrx_word' id='word_1_918' title='bbox 2518 5656 2803 5714; x_wconf 84' lang='lat' dir='ltr'><strong>aberrans.</strong></span> <span class='ocrx_word' id='word_1_919' title='bbox 2831 5660 2895 5713; x_wconf 56' lang='lat' dir='ltr'><strong>acl</strong></span> <span class='ocrx_word' id='word_1_920' title='bbox 2933 5661 3142 5719; x_wconf 84' lang='lat' dir='ltr'><strong>fossam</strong></span> <span class='ocrx_word' id='word_1_921' title='bbox 3185 5679 3246 5724; x_wconf 85' lang='lat' dir='ltr'><strong>se</strong></span> <span class='ocrx_word' id='word_1_922' title='bbox 3278 5673 3504 5743; x_wconf 75' lang='lat' dir='ltr'><strong>recepit,</strong></span> <span class='ocrx_word' id='word_1_923' title='bbox 3542 5669 3629 5725; x_wconf 88' lang='lat' dir='ltr'><strong>ubi</strong></span> <span class='ocrx_word' id='word_1_924' title='bbox 3669 5670 3809 5726; x_wconf 77' lang='lat' dir='ltr'><strong>remi-</strong></span> 
     </span>
    </p>
   </div>
   <div class='ocr_carea' id='block_1_119' title="bbox 2277 5563 3809 5645">
    <p class='ocr_par' dir='ltr' id='par_1_119' title="bbox 2277 5563 3809 5645">
     <span class='ocr_line' id='line_1_124' title="bbox 2277 5563 3809 5645; baseline 0.009 -29"><span class='ocrx_word' id='word_1_925' title='bbox 2277 5563 2579 5630; x_wconf 86' lang='lat' dir='ltr'><strong>siguorum,</strong></span> <span class='ocrx_word' id='word_1_926' title='bbox 2611 5580 2730 5633; x_wconf 72' lang='lat' dir='ltr'><strong>quae</strong></span> <span class='ocrx_word' id='word_1_927' title='bbox 2759 5566 2823 5619; x_wconf 89' lang='lat' dir='ltr'><strong>ad</strong></span> <span class='ocrx_word' id='word_1_928' title='bbox 2881 5578 3071 5636; x_wconf 91' lang='lat' dir='ltr'><strong>pontes</strong></span> <span class='ocrx_word' id='word_1_929' title='bbox 3129 5587 3235 5640; x_wconf 89' lang='lat' dir='ltr'><strong>qua</strong></span> <span class='ocrx_word' id='word_1_930' title='bbox 3284 5575 3525 5630; x_wconf 80' lang='lat' dir='ltr'><strong>eundum</strong></span> <span class='ocrx_word' id='word_1_931' title='bbox 3576 5588 3692 5633; x_wconf 77' lang='lat' dir='ltr'><strong>erat</strong></span> <span class='ocrx_word' id='word_1_932' title='bbox 3730 5577 3809 5645; x_wconf 74' lang='lat' dir='ltr'><strong>ipsi</strong></span> 
     </span>
    </p>
   </div>
   <div class='ocr_carea' id='block_1_120' title="bbox 2280 5656 3809 5743">
    <p class='ocr_par' dir='ltr' id='par_1_120' title="bbox 2280 5656 3809 5743">
     <span class='ocr_line' id='line_1_125' title="bbox 2280 5656 3809 5743; baseline 0.012 -35"><span class='ocrx_word' id='word_1_933' title='bbox 2280 5656 2492 5723; x_wconf 76' lang='lat' dir='ltr'><strong>fixerat,</strong></span> <span class='ocrx_word' id='word_1_934' title='bbox 2518 5656 2803 5714; x_wconf 84' lang='lat' dir='ltr'><strong>aberrans.</strong></span> <span class='ocrx_word' id='word_1_935' title='bbox 2831 5660 2895 5713; x_wconf 56' lang='lat' dir='ltr'><strong>acl</strong></span> <span class='ocrx_word' id='word_1_936' title='bbox 2933 5661 3142 5719; x_wconf 84' lang='lat' dir='ltr'><strong>fossam</strong></span> <span class='ocrx_word' id='word_1_937' title='bbox 3185 5679 3246 5724; x_wconf 85' lang='lat' dir='ltr'><strong>se</strong></span> <span class='ocrx_word' id='word_1_938' title='bbox 3278 5673 3504 5743; x_wconf 75' lang='lat' dir='ltr'><strong>recepit,</strong></span> <span class='ocrx_word' id='word_1_939' title='bbox 3542 5669 3629 5725; x_wconf 88' lang='lat' dir='ltr'><strong>ubi</strong></span> <span class='ocrx_word' id='word_1_940' title='bbox 3669 5670 3809 5726; x_wconf 77' lang='lat' dir='ltr'><strong>remi-</strong></span> 
     </span>
    </p>
   </div>
  </div>
