3950 6348
113 264 246 329 1061

1536 263 1733 322 ANNA
1743 265 1896 324 LES.

3189 267 3329 332 1062

109 385 193 430 tes
227 374 393 444 ipsius
425 357 514 448 alii
553 374 606 427 in
634 372 768 442 aiios
812 373 1112 428 irrueruut.
1143 372 1298 442 Cepit
1342 387 1472 441 ergo
1521 361 1671 426 Aeli-
1706 376 1748 429 A
1781 371 1989 425 obitum
2018 367 2186 440 patris
2216 367 2534 426 adversatus
2568 373 2697 429 milii
2752 350 2922 430 frit/(er
2957 368 3178 444 regnum
3233 377 3329 436 oc-

107 470 368 520 sl~anwar
397 465 657 536 quidquid
688 464 922 520 Pliiruzo
957 465 1056 518 fuit
1080 480 1182 518 una
1227 479 1348 519 eum
1393 463 1561 532 ipsius
1601 464 1666 517 li-

44 617 49 625 _
107 560 278 622 beris,
309 541 549 627 opesque
596 556 714 625 ejus
766 557 1034 626 exercitus
1088 557 1318 610 ducibus
1369 555 1664 620 distribuit,

110 649 293 716 iisque
323 646 728 714 quiPliiruzum
760 647 999 701 comitati
1033 654 1160 701 sunt
1184 687 1198 711 ,
1232 643 1405 713 Quare
1446 647 1662 717 (inquit)

102 753 218 792 non
249 737 474 790 dedistis
507 736 741 790 Pliiruzo
775 735 1062 790 consilium
1095 751 1326 804 eumque
1376 737 1662 790 admonui-

82 821 245 882 ‘siis?
266 826 350 880 Illi
379 840 506 881 vero
531 843 545 878 :
575 825 822 879 Fecimus
841 825 1080 896 (inquit),
1100 832 1153 879 at
1188 826 1666 881 nobisauscultare

100 920 307 974 noluit.
828 937 831 939 '

179 1002 620 1079 Praeeratautem
654 1008 938 1077 Sejestano
966 1009 1050 1064 vir
1089 1009 1308 1078 quidam
1363 1023 1427 1063 ex
1485 1009 1661 1062 Azda-

99 1103 243 1156 sliiri
275 1103 748 1164 amicis.‘iiomine
802 1102 1070 1168 Suchran,
1099 1118 1129 1156 e
1175 1101 1372 1158 Persian
1419 1100 1666 1170 proceri-

98 1179 236 1268 b'us,
275 1191 417 1258 apud
445 1207 606 1260 quem
630 1200 787 1246 erant
818 1201 870 1246 et
904 1207 935 1246 e
968 1193 1200 1268 ducibus
1238 1193 1410 1260 ipsius
1445 1191 1660 1255 amicis,

99 1264 382 1333 nonnulli.
404 1280 508 1334 Hic
539 1281 713 1336 delata
745 1281 810 1334 ad
844 1281 1035 1352 ipsum
1053 1264 1237 1336 eorum
1269 1295 1392 1350 quae
1429 1279 1662 1336 Pbiruzo

98 1369 423 1424 acciderant
451 1371 615 1435 fama,
643 1373 826 1427 statim
867 1387 972 1426 una
1033 1386 1156 1426 cum
1226 1371 1514 1426 comitibus
1545 1373 1661 1427 suis

102 1459 408 1530 lliyatelam
431 1477 619 1516 versus
647 1463 924 1532 profectus
959 1461 1025 1515 ad
1082 1476 1141 1515 se
1192 1460 1409 1516 Pliiruzi
1475 1464 1660 1533 copias

102 1552 332 1622 colligit,
365 1552 500 1607 adeo
529 1561 587 1606 ut
626 1554 693 1606 ad
725 1567 972 1619 magnam
1031 1553 1326 1621 po:eiitiam
1348 1565 1654 1622 _cresceret.

105 1641 252 1696 Cum
312 1659 442 1714 ergo
518 1657 684 1713 prope
734 1642 847 1710 jam
910 1643 979 1696 ab
1035 1641 1408 1698 Aelisbanwar
1464 1647 1660 1700 castris

99 1737 342 1799 abesset,
376 1734 524 1788 misit
555 1733 646 1802 qui
671 1734 770 1802 ipsi
794 1719 1035 1788 dicereut
1061 1751 1077 1788 :
1110 1733 1226 1789 Non
1255 1736 1527 1804 ideogvcni
1554 1752 1654 1806 ego

101 1837 162 1877 iit
197 1835 252 1879 te
277 1826 414 1879 bello
440 1825 700 1880 lacessam
722 1867 737 1888 ,
779 1840 965 1878 verum
991 1839 1112 1879 eum
1145 1827 1197 1878 in
1237 1817 1396 1882 linem
1429 1837 1489 1883 ut
1518 1829 1653 1884 illud

95 1915 247 1984 quod
273 1913 340 1968 de
364 1895 714 1982 125-127
744 1913 960 1986 Pliiruzi
990 1911 1337 1967 facultatibus
1369 1913 1425 1967 in
1456 1930 1652 1972 manus

91 2017 230 2064 tuas
253 2007 514 2074 pervenit,
553 2005 771 2064 reddas,
803 2011 857 2057 et
885 2004 976 2072 qui
1004 2005 1148 2072 apud
1179 2007 1654 2075 te‘suntcaptivos

95 2096 378 2157 dimittas,
428 2106 487 2146 ut
545 2095 618 2146 sit
671 2093 774 2146 lioc
813 2092 984 2146 iuter-
1019 2109 1120 2147 nos
1167 2097 1316 2162 pacis
1365 2094 1654 2168 [conditio]

97 2201 322 2254 nosque
344 2199 373 2238 a
401 2193 454 2237 te.
491 2185 748 2252 impetum
781 2194 1027 2237 nostrum
1060 2194 1400 2252 avertanius;
1433 2187 1578 2255 quod
1608 2188 1653 2242 si

94 2277 368 2337 volucris,
393 2276 486 2329 illo
521 2292 569 2327 a.
587 2285 638 2328 te
663 2281 883 2343 accepto
905 2282 1269 2340 revertemur;
1293 2277 1380 2332 'sin
1399 2279 1655 2346 nolueris,

105 2381 306 2419 vereor
324 2381 392 2420 ue
429 2375 478 2418 te
510 2365 784 2434 pmiiiteat.
813 2367 1073 2420 Annuens
1116 2381 1242 2434 ergo
1286 2369 1657 2424 Acbsbauwar
1693 2413 1699 2424 .

93 2454 386 2508 Suelirauo
407 2455 458 2507 iu
484 2469 546 2507 eo
566 2454 706 2522 quod
744 2455 916 2526 petiit,
947 2457 1190 2525 captivos
1212 2473 1400 2511 eorum
1428 2459 1656 2526 dimisit,

91 2544 390 2612 spoliaque
416 2543 621 2597 reddita
653 2546 883 2609 remisit,
910 2546 1044 2600 adeo
1075 2555 1133 2600 ut
1176 2546 1316 2602 inter
1371 2551 1544 2616 ipsum
1577 2561 1658 2604 at-

92 2649 214 2702 que
253 2633 380 2687 illos
405 2644 854 2702 compellerentur
907 2649 1018 2688 res.
1074 2633 1211 2688 Tum
1271 2652 1520 2692 reversus
1573 2650 1660 2693 est

93 2725 355 2779 Siiclirau
437 2724 502 2778 ad
576 2726 639 2778 Al
711 2723 974 2795 Madycn,
1024 2713 1452 2783 'obse’rvantibus
1525 2728 1656 2784 Per-

92 2813 184 2865 sis
237 2813 493 2880 quidquid
521 2813 688 2882 petiit,
717 2815 925 2882 ipsique
953 2815 1073 2869 ideo
1099 2817 1300 2882 gratias
1349 2819 1653 2886 agentibus.

99 2921 103 2923 λ
184 2903 430 2958 Mortuus
464 2911 546 2957 est
577 2919 705 2972 ergo
758 2894 966 2959 Pliiruz'
1001 2921 1123 2960 cum
1157 2917 1431 2976 regnasset
1487 2925 1658 2966 annos

92 2991 301 3058 viginti
335 3001 562 3060 septem.
598 2993 1113 3064 Couteuderuutque
1143 2996 1284 3049 inter
1312 3011 1369 3050 se
1397 2997 1462 3051 de
1493 3014 1659 3069 regno
1685 3030 1732 3094 ρ

95 3083 201 3135 lilii
231 3081 402 3147 ipsius
448 3081 639 3135 Κυωά
695 3093 746 3136 et
803 3082 1048 3149 Balabes,
1100 3085 1272 3138 donec
1318 3084 1542 3141 Balabes
1581 3089 1656 3141 vi-

96 3183 258 3226 etum
319 3171 596 3224 Kobadum
652 3185 716 3224 co
779 3173 1072 3238 abdicaret,
1135 3175 1228 3242 qui
1287 3166 1659 3255 Cliorasanum

96 3279 242 3329 ergo
278 3262 426 3329 petiit
457 3261 714 3314 auxilium
763 3277 792 3316 a
843 3262 1095 3316 Cbakauo
1133 3264 1431 3320 Turcarum
1491 3268 1662 3337 impc-

99 3362 295 3403 κείω-ε
333 3360 522 3401 contra
554 3347 772 3403 fratrem
803 3364 962 3404 suum
1013 3351 1261 3414 petitum.
1295 3350 1661 3422 Regnavitque

95 3441 336 3516 Ba‘labes
374 3440 510 3493 bene
563 3454 620 3491 se
656 3441 708 3492 in
767 3441 1019 3495 omnibus
1063 3457 1278 3512 gerens,
1336 3446 1662 3514 conditaque

97 3533 244 3587 urbe
275 3533 442 3600 ipsam
499 3529 722 3584 Balasur
774 3531 1080 3598 appellavit.
1137 3535 1206 3586 At
1255 3548 1377 3586 cum
1429 3547 1662 3603 quatuor

96 3637 284 3676 annos
311 3628 585 3691 regnasset
621 3621 730 3674 fato
771 3619 987 3674 functus
1017 3631 1120 3687 est,
1171 3621 1330 3692 idque
1361 3637 1503 3678 anno
1559 3625 1662 3677 im-

95 3713 249 3784 perii
311 3710 546 3764 Zenonis
599 3704 966 3764 Romanorum
1029 3712 1370 3780 imperatoris
1428 3714 1660 3768 decimo.

94 3806 248 3859 Cum
293 3813 472 3854 autem
535 3800 968 3870 proﬁcisceretur
1036 3801 1219 3856 Kobad
1283 3803 1656 3858 Cborasanum

104 3891 606 3962 ipsumeomitatus
627 3899 709 3944 est
747 3890 1042 3944 Zormabar
1077 3893 1342 3945 Suebrani
1382 3893 1557 3958 illius;
1594 3909 1660 3949 eo

97 3982 283 4053 igitur
310 3997 431 4053 cum
462 3981 837 4048 pervenissent
864 3979 1118 4032 diversati
1151 3988 1272 4033 sunt
1297 3982 1438 4050 apud
1462 3997 1660 4049 quem-

102 4066 533 4127 daineillicibus
565 4070 804 4138 ipsorum
824 4067 1172 4137 primoribus,
1199 4083 1354 4136 quem
1386 4072 1658 4136 negotium

101 4169 276 4218 suum
333 4161 595 4214 celarunt.
622 4159 766 4212 Dixit
815 4168 994 4211 autem
1043 4157 1370 4213 Zoruiabaro
1427 4157 1657 4215 Kobad:

102 4254 306 4319 Qua-re
334 4251 490 4319 123
508 4248 636 4302 milii
660 4249 889 4317 aliquam
920 4247 1157 4302 melioris
1173 4250 1336 4302 sortis
1354 4251 1656 4320 mulierem.

1689 1697 1734 1752 Β

1771 463 2033 530 eupavit:
2089 477 2152 515 ac
2194 460 2468 531 pollicitus
2503 461 2581 516 illi
2642 478 2698 516 se
2736 479 2892 533 opem
2943 465 3043 535 ipsi
3095 465 3326 522 laturum

1771 565 2112 620 regnumque
2182 560 2655 618 recuperaturum,
2689 565 2936 622 .quataor
2975 556 3132 610 anuis
3165 559 3330 626 ’apud

1767 640 1917 692 illum
1953 640 2215 704 substitit,
2253 641 2453 709 quibus
2489 642 2666 714 ipsum
2690 641 2920 705 distulit.
2947 646 3139 700 Postea
3163 662 3328 701 exer-

1766 731 1878 783 citu
1922 729 2045 783 forti
2073 732 2140 785 ab
2161 732 2248 786 illo
2281 724 2580 787 instructus
2603 733 2890 801 ,prol'ectus
2944 735 3128 789 ΚιοΜά
3154 735 3329 788 donec

1766 819 2207 874 Abi'abasabrum
2273 824 2602 891 perveniret,
2663 839 2725 878 ac
2778 824 2969 878 eodem
3021 827 3140 879 loco
3195 824 3328 897 [quo

1763 910 1952 982 antea]
1999 911 2307 969 diversatus
2349 914 2414 968 de
2445 917 2677 970 muliere
2719 916 2822 969 ista
2866 917 3175 972 sciscitatus
3219 927 3324 984 est,

1765 1014 1886 1069 quae
1912 1001 1981 1054 ad
2013 1001 2163 1055 illum
2199 1006 2430 1059 accessit
2477 1021 2581 1058 una
2613 1004 2736 1060 cum
2794 1007 2908 1060 lilio
2956 1022 3115 1075 quem
3163 1017 3327 1078 pepeé

1710 1122 1712 1125 -
1767 1096 1915 1143 rerat
1933 1089 2045 1158 jam
2077 1091 2279 1147 trienni
2310 1094 2485 1162 ipsum
2535 1083 2695 1148 iuanu
2727 1105 2936 1152 tenens.
2971 1097 3328 1170 Rogaathue

1763 1178 2020 1235 Kobado:
2045 1181 2304 1246 Quisnam
2337 1195 2423 1249 est
2449 1185 2534 1239 liic
2556 1188 2726 1255 puer?
2752 1187 2901 1244 Tuus
2931 1192 3147 1260 (inquit)
3181 1192 3326 1248 ﬁlius

1762 1281 1866 1324 est.
1887 1270 2098 1327 Certior
2122 1273 2298 1344 139-
2312 1276 2604 1354 131ergo
2619 1293 2649 1332 a
2670 1278 2997 1345 Zorntaharo
3019 1283 3190 1356 factus
3203 1298 3325 1339 csse

1764 1360 1914 1416 illam
1948 1364 2120 1432 patris
2153 1364 2376 1435 familiae
2415 1367 2604 1429 tiliam,
2641 1368 2857 1425 lmtatus
2881 1379 3001 1436 est,
3042 1372 3325 1442 ipsamque

1762 1466 1870 1505 una
1901 1467 2024 1506 cum
2061 1454 2193 1519 lilio,
2236 1455 2327 1510 cui
2358 1471 2556 1512 nomen
2616 1468 2731 1513 erat
2778 1450 3096 1516 Babudaclit
3138 1472 3320 1521 secum

1762 1544 2078 1611 assumpsit.
2111 1543 2244 1599 Cum
2273 1555 2454 1600 autem
2506 1548 2572 1600 Al
2648 1547 2909 1620 Madayen
2967 1556 3321 1622 pervenisset.

1763 1631 1986 1687 lratrein
2021 1649 2178 1688 suum
2201 1636 2477 1692 interiisse
2531 1640 2758 1708 reperit,
2810 1645 3084 1712 regnaque
3117 1647 3322 1714 potitus

1763 1733 1866 1779 est.
1891 1725 2155 1795 Regnavit
2179 1726 2308 1796 ergo
2331 1728 2516 1798 Kobad
2554 1730 2772 1787 Pliiruzi
2814 1734 2960 1788 ﬁlius
2991 1751 3163 1792 annos
3181 1753 3317 1807 qua-

1735 1807 2016 1884 ~draginta
2049 1825 2184 1882 tres,
2222 1819 2384 1888 idque
2415 1835 2560 1876 anno
2599 1823 2811 1892 imperii
2840 1825 3077 1882 Zenonis
3120 1825 3324 1897 Roma-

1759 1921 1955 1962 norum
1989 1909 2333 1977 imperatoris
2361 1909 2572 1966 decimo
2595 1926 2813 1979 quarto.
2844 1913 3092 1984 Regnum
3133 1929 3315 1975 autem

1767 1995 2060 2050 Sucbrano
2117 1987 2338 2070 filioque
2366 2001 2539 2070 ipsius
2572 2001 2903 2058 Zorinaliaro
2933 2006 3320 2064 administran-

1762 2086 1890 2140 dum
1924 2089 2216 2154 commisit,
2261 2091 2560 2161 urbemque
2614 2093 2756 2148 inter
2800 2096 3000 2150 Abwaz
3047 2087 3111 2153 et.
3141 2100 3320 2156 Persi-

1762 2177 1884 2231 dem
1907 2179 2169 2243 condidit,
2199 2195 2360 2249 quam
2393 2181 2579 2237 Kobad
2607 2184 2824 2240 Cliorab
2867 2189 3175 2256 appellavit,
3199 2207 3321 2259 quae

1761 2277 1813 2320 et
1842 2267 2077 2335 A!Rajan
2143 2278 2226 2324 est
2267 2310 2283 2334 ,
2337 2271 2393 2325 iu
2452 2289 2559 2342 qua
2615 2276 2858 2344 captivos
2915 2276 3318 2335 llamdauc‘nses

1761 2358 2068 2422 collocavit,
2099 2360 2285 2414 urbem
2317 2362 2480 2415 etiam
2516 2379 2683 2433 prope
2729 2364 3002 2431 Alblabat,
3066 2384 3184 2436 quin
3214 2369 3321 2425 Ila-

1763 2453 2296 2526 rawaqappellatur,
2328 2469 2427 2523 nec
2465 2471 2573 2512 non
2614 2457 2773 2510 aliain
2815 2459 2868 2512 in
2911 2459 3144 2514 Axdsliir
3177 2462 3319 2516 Clio-

1763 2542 1884 2604 rab,
1918 2557 2040 2609 quin
2069 2542 2287 2607 Kobad,
2317 2544 2535 2600 Cliorab
2595 2547 2785 2614 audit;
2845 2551 3150 2618 multasque
3186 2568 3320 2619 prie.

1765 2642 1912 2715 terea
1948 2635 2107 2687 urbes
2153 2635 2409 2704 vicosque
2456 2637 2724 2705 condidit,
2776 2653 3075 2710 amnesque
3111 2633 3316 2712 effodit,

1764 2739 2036 2792 arcusque
2063 2733 2118 2779 et
2140 2734 2329 2794 pontes
2354 2731 2643 2804 exstruxit.

1835 2815 1981 2871 Obiit
2012 2827 2191 2870 autem
2223 2817 2405 2871 Zenon
2435 2819 2804 2874 Romanorum
2841 2823 3138 2892 imperator
3169 2835 3315 2894 post-

1763 2922 1923 2969 quam
1950 2912 2142 2964 aiinos
2174 2907 2560 2974 septemdecim
2587 2909 2930 2977 imperasset,
2963 2913 3125 2982 idque
3171 2905 3316 2969 anno

1765 2999 1910 3067 regni
1943 2997 2180 3053 Kobadis
2209 2998 2299 3052 lilii
2341 2999 2559 3053 Pliirnzi
2597 3001 2738 3067 regis
2790 3000 3079 3058 Persarum
3103 2986 3312 3074 quinto,

1764 3089 2063 3154 imperante
2111 3095 2232 3153 post
2282 3088 2456 3155 ipsum
2495 3088 2756 3144 Romanis
2802 3090 3092 3146 Anastasio
3139 3110 3312 3148 anuos

1761 3179 1950 3248 viginti
2016 3188 2248 3247 septem.
2308 3176 2434 3230 Fuit
2483 3177 2571 3233 liic
2619 3179 2886 3242 lacobita.
2940 3180 3310 3238 Melcbitaruni
3380 3221 3384 3224 -

1762 3269 2026 3322 doctrina:
2073 3268 2373 3332 adversus;
2429 3278 2594 3324 natus
2633 3270 2687 3324 in
2727 3273 2863 3340 urbe
2912 3271 3101 3340 liama,
3152 3292 3309 3342 quam

1760 3359 2018 3415 aedificari
2079 3375 2142 3414 ac
2195 3359 2398 3414 muniri
2448 3361 2637 3429 jussit,
2694 3375 2820 3416 arce
2874 3362 3077 3417 biennii
3137 3367 3311 3442 spatio

1761 3451 2005 3506 condita.
2037 3449 2329 3519 Postquam
2372 3465 2502 3504 vero
2541 3451 2728 3505 decem
2765 3452 2874 3521 jam
2927 3445 3084 3515 anuis
3115 3455 3308 3527 impe-

1759 3552 1960 3608 rasset,
1993 3542 2221 3611 contigit
2250 3541 2560 3596 hominibus
2584 3542 2638 3596 in
2661 3543 2881 3597 Oriente
2912 3527 3082 3612 iantes
3110 3547 3308 3614 gravis,

1697 3699 1705 3708 ι
1759 3647 2059 3708 magnaque
2090 3633 2431 3686 locustarum
2465 3634 2641 3699 copia.
2674 3632 3022 3714 Porro‘132
3057 3635 3310 3691 Kobades

1759 3721 2046 3776 Persarum
2080 3739 2173 3777 rex
2209 3721 2468 3793 [urbem]
2504 3723 2767 3778 Amedum
2807 3739 3097 3794 aggressus
3133 3729 3305 3796 ipsam

1759 3815 2045 3875 vastavit,-
2074 3815 2350 3896 missoque
2398 3813 2780 3868 Alexandriam
2833 3818 3072 3870 exercitu
3117 3834 3309 3888 magno

1758 3905 2018 3972 quidquid
2044 3899 2198 3958 extra
2232 3904 2422 3960 urbem
2469 3904 2574 3960 fuit
2607 3905 2871 3961 incendit.
2930 3905 3206 3976 Multaque
3255 3921 3311 3965 et

1760 3993 1944 4061 gravia
1972 3992 2174 4060 praelia,
2200 4005 2501 4062 pugna-que
2532 3990 2873 4058 frequentes,
2902 3991 3043 4046 inter
3074 3991 3311 4049 Kobadis

1762 4083 1911 4150 regis
1944 4073 2230 4137 Persarum
2255 4091 2309 4136 et
2347 4082 2622 4137 Anastasii
2658 4080 3026 4140 Romanorum
3078 4083 3310 4153 impera-

1761 4173 1895 4228 toris
1923 4174 2152 4229 comites
2187 4174 2527 4228 acciderunt.
2586 4170 2712 4226 Fuit
2756 4179 2938 4228 autem
2974 4174 3340 4248 Alcxapdi-iie,

1757 4262 2043 4332 [traiectus
2063 4278 2127 4318 ex
2153 4271 2307 4333 parte
2328 4263 2610 4317 Anastasii
2636 4255 2982 4330 imperat‘oris
3012 4260 3305 4320 Eustatius.

104 4344 354 4398 Femina:
405 4341 546 4392 enim
581 4339 849 4392 desiderio
887 4348 1089 4402 teneor,
1139 4347 1319 4393 metuo
1347 4348 1528 4394 autem
1589 4357 1657 4397 ne
1682 4353 1734 4411 Β
1761 4356 1970 4411 Accidit
2000 4357 2161 4410 etiam
2195 4364 2316 4424 ροει
2353 4354 2498 4410 tum}.
2529 4357 2584 4409 in
2617 4354 2940 4410 Alexandria
2984 4358 3036 4410 ει
3079 4355 3306 4425 Αεὲγριο

103 4437 171 4490 in
222 4430 512 4499 ignobilem
557 4429 787 4497 aliquam
843 4429 888 4480 si
936 4429 1168 4481 incidam
1223 4445 1339 4498 qua:
1389 4432 1659 4499 pepererit

106 4516 741 4584 nobisin-ignominiam
775 4514 947 4568 cedet.
1006 4515 1130 4569 Fuit
1175 4532 1303 4585 ergo
1366 4521 1556 4573 donius
1594 4522 1656 4574 .in

102 4625 226 4680 qua
256 4605 509 4660 diversati
545 4613 671 4660 sunt
701 4606 918 4660 domino
958 4608 1065 4660 tilia
1120 4609 1308 4691 virgo,
1342 4611 1500 4679 cujus
1543 4627 1661 4663 ma.

102 4709 255 4754 trem
278 4695 467 4748 adiens
497 4691 792 4746 Zormaliar
847 4691 1019 4760 ipsam
1063 4704 1120 4745 ut
1161 4705 1214 4747 et
1270 4704 1474 4762 patrem
1525 4694 1659 4748 allo-

102 4799 275 4843 cutus
297 4795 415 4857 est,‘
433 4785 631 4853 quibus
661 4799 782 4836 cum
817 4785 1053 4852 placeret
1077 4783 1204 4836 illud
1247 4786 1388 4852 quod
1431 4785 1498 4838 ab
1528 4785 1660 4854 ipsis

63 4916 71 4920 ι
106 4877 295 4946 petiit,
319 4877 418 4943 ipsi
439 4883 768 4928 annuerunt.
813 4875 1151 4929 Pernoctavit
1194 4890 1323 4942 ergo
1367 4883 1548 4942 postea
1589 4877 1661 4928 fe-

105 4969 263 5023 mina
297 4967 398 5020 ista
426 4980 545 5018 cum
579 4965 826 5029 Kobado,
850 4975 1011 5033 atque
1049 4979 1114 5018 ex
1142 4979 1206 5016 eo
1253 4967 1472 5033 gravida
1522 4965 1658 5020 facta

104 5066 222 5113 est.
253 5056 476 5121 Quoties
501 5064 676 5119 autem
701 5055 764 5107 ad
818 5055 986 5124 ipsam
1022 5055 1278 5110 accedere
1313 5056 1470 5110 vellet
1493 5057 1660 5125 jussit

105 5162 239 5204 cam
293 5155 550 5199 retectam
601 5159 741 5198 esse.
819 5145 1185 5213 interrogante
1256 5155 1433 5201 autem
1487 5156 1660 5202 matre

106 5237 294 5298 ipsius
324 5235 390 5287 de
415 5243 555 5286 statu
588 5232 817 5296 Kobadi,
851 5249 974 5286 cum
1003 5234 1078 5286 illi
1134 5237 1396 5291 iudicaret
1457 5237 1658 5291 vidisse

108 5344 175 5382 se
234 5325 506 5378 feinoralia
567 5325 733 5393 ipsius
795 5326 1091 5380 boloserica
1161 5343 1294 5380 auro
1349 5329 1656 5396 intertexta,

104 5415 367 5484 cognovit
399 5425 577 5469 mater
609 5417 784 5484 ipsum
817 5431 848 5471 e
883 5417 1082 5472 familia
1112 5421 1252 5487 regia
1273 5436 1411 5483 esse,
1445 5435 1506 5474 ac
1564 5421 1679 5496 lm-g

108 5520 226 5562 tata
264 5515 365 5560 est.
401 5507 676 5563 Accedens
708 5499 882 5563 autem
915 5509 1098 5565 Kobad
1139 5513 1202 5565 ad
1253 5513 1602 5567 Cliacbanuiu
1638 5530 1653 5566 :

110 5598 471 5670 ligotiuquit)
508 5598 648 5656 filius
703 5616 822 5656 sum
870 5604 1012 5673 regis
1071 5602 1374 5671 Persarum,
1425 5615 1479 5659 at
1537 5616 1655 5675 post

161 5747 286 5760 νν-’κ

1760 4446 1933 4502 fames
1965 4448 2168 4516 gravis,
2204 4447 2340 4501 adeo
2369 4455 2428 4500 ut
2452 4447 2631 4500 inedia
2666 4457 3008 4500 morerentur
3034 4448 3302 4512 homines,

1760 4535 2125 4604 desolataeque
2179 4543 2362 4590 essent
2410 4532 2736 4589 Alexandria
2788 4541 2842 4588 et
2883 4533 3146 4602 Egyptus
3199 4549 3350 4604 piae,

1764 4623 1917 4694 peste
1964 4633 2018 4679 et
2059 4631 2232 4678 morte
2263 4639 2382 4691 quae
2414 4623 2658 4678 homines
2705 4624 2923 4677 invasit.
2968 4623 3090 4676 Erat
3127 4620 3300 4681 aurem

1760 4714 2106 4768 Alexandriae
2166 4711 2386 4766 Iudaeus
2451 4713 2674 4781 quidam
2741 4714 3023 4799 opulentus
3087 4719 3298 4774 nomine

1762 4805 1936 4862 Urbib
1977 4804 2091 4874 (qui
2126 4813 2312 4872 postea
2359 4804 2827 4858 cbristianismum
2869 4804 3142 4873 amplexus
3171 4809 3292 4878 est),

1762 4879 1853 4964 qui
1884 4894 2213 4962 pauperibus
2254 4893 2483 4948 mortuis
2530 4893 2807 4948 involucra
2853 4896 3113 4963 praestitit.
3153 4895 3293 4950 Ideni

1759 4985 1846 5039 die
1875 4982 2155 5038 Paschalis
2186 4983 2463 5038 Dominico
2509 4999 2732 5053 magnas
2764 4984 3039 5038 distribuit
3072 4986 3290 5039 eleemo-

1762 5089 1929 5144 synas
1987 5073 2042 5128 in
2098 5073 2340 5128 Ecclesia
2390 5074 2606 5127 Arcadii
2641 5072 2785 5144 [quo
2836 5074 3106 5146 tempore]
3141 5076 3293 5128 turba

1759 5163 2058 5234 compressi
2099 5164 2297 5216 mortui
2346 5171 2472 5216 sunt
2505 5162 2608 5215 viri
2656 5165 2906 5216 trecenti.
2953 5163 3118 5216 Porro
3153 5178 3301 5230 anno

1760 5251 1973 5320 imperii
2004 5252 2278 5305 Anastasii
2331 5250 2701 5306 Romanorum
2751 5253 3092 5321 imperatoris
3142 5267 3294 5312 sexio

1761 5342 2092 5395 constitutus
2153 5352 2235 5396 est
2302 5341 2540 5397 Joannes
2611 5345 2907 5397 monachus
2991 5352 3290 5414 patriarcha

1759 5427 2176 5492 Alexandrinus,
2207 5431 2295 5497 qui
2321 5429 2564 5483 Jacobita
2622 5430 2721 5484 fuit
2753 5448 2767 5484 :
2800 5434 2940 5485 sedit
2985 5449 3154 5487 annos
3204 5450 3295 5488 nu-

1753 5533 1899 5587 ,vem,
1935 5519 2059 5573 deiu
2093 5528 2339 5574 mortuus
2363 5529 2467 5574 cst.
2500 5522 2885 5591 Annoimperii
2925 5523 3164 5594 ejusdem
3198 5523 3289 5576 dce

1757 5607 1896 5687 cinio
1925 5611 2116 5679 quinto
2182 5609 2357 5667 lactus
2409 5620 2493 5666 est
2531 5611 2768 5670 Joannes
2801 5613 2934 5668 alter
2987 5611 3284 5683 patriai-clm
