  <div class='ocr_page' id='page_1' title='image "/cluster/home/n/w/nwhite01/storage/ocr_20150623/100/hvd.32044010574994/1458.png"; bbox 0 0 3950 6348; ppageno 0'>
   <div class='ocr_carea' id='block_1_1' title="bbox 124 295 246 360">
    <p class='ocr_par' dir='ltr' id='par_1_1' title="bbox 124 295 246 360">
     <span class='ocr_line' id='line_1_1' title="bbox 124 295 246 360; baseline -0.016 0"><span class='ocrx_word' id='word_1_1' title='bbox 124 295 246 360; x_wconf 78' lang='grc'><strong>1061</strong></span> 
     </span>
    </p>
   </div>
   <div class='ocr_carea' id='block_1_2' title="bbox 1535 287 1894 346">
    <p class='ocr_par' dir='ltr' id='par_1_2' title="bbox 1535 287 1894 346">
     <span class='ocr_line' id='line_1_2' title="bbox 1535 287 1894 346; baseline 0.003 -1"><span class='ocrx_word' id='word_1_2' title='bbox 1535 287 1894 346; x_wconf 82' lang='lat' dir='ltr'><strong>ANNALES.</strong></span> 
     </span>
    </p>
   </div>
   <div class='ocr_carea' id='block_1_3' title="bbox 3187 285 3326 351">
    <p class='ocr_par' dir='ltr' id='par_1_3' title="bbox 3187 285 3326 351">
     <span class='ocr_line' id='line_1_3' title="bbox 3187 285 3326 351; baseline -0.014 0"><span class='ocrx_word' id='word_1_3' title='bbox 3187 285 3326 351; x_wconf 75' lang='lat'><strong>1062</strong></span> 
     </span>
    </p>
   </div>
   <div class='ocr_carea' id='block_1_4' title="bbox 122 371 3327 476">
    <p class='ocr_par' dir='ltr' id='par_1_4' title="bbox 122 371 3327 476">
     <span class='ocr_line' id='line_1_4' title="bbox 122 371 3327 476; baseline -0.003 -16"><span class='ocrx_word' id='word_1_4' title='bbox 122 418 198 462; x_wconf 74' lang='lat' dir='ltr'><strong>tes</strong></span> <span class='ocrx_word' id='word_1_5' title='bbox 229 404 390 474; x_wconf 81' lang='lat' dir='ltr'><strong>ipsius</strong></span> <span class='ocrx_word' id='word_1_6' title='bbox 422 386 513 476; x_wconf 79' lang='lat' dir='ltr'><strong>alii</strong></span> <span class='ocrx_word' id='word_1_7' title='bbox 552 393 605 454; x_wconf 83' lang='lat' dir='ltr'><strong>in</strong></span> <span class='ocrx_word' id='word_1_8' title='bbox 633 399 767 468; x_wconf 67' lang='lat' dir='ltr'><strong>aiios</strong></span> <span class='ocrx_word' id='word_1_9' title='bbox 811 399 1111 454; x_wconf 73' lang='lat' dir='ltr'><strong>iuuerunt.</strong></span> <span class='ocrx_word' id='word_1_10' title='bbox 1142 397 1298 468; x_wconf 67' lang='lat' dir='ltr'><strong>Cepit</strong></span> <span class='ocrx_word' id='word_1_11' title='bbox 1341 411 1470 465; x_wconf 83' lang='lat' dir='ltr'><strong>ergo</strong></span> <span class='ocrx_word' id='word_1_12' title='bbox 1519 385 1670 450; x_wconf 73' lang='lat' dir='ltr'><strong>Aeli-</strong></span> <span class='ocrx_word' id='word_1_13' title='bbox 1705 400 1746 453; x_wconf 89' lang='lat' dir='ltr'><strong>A</strong></span> <span class='ocrx_word' id='word_1_14' title='bbox 1779 394 1988 448; x_wconf 79' lang='lat' dir='ltr'><strong>abitum</strong></span> <span class='ocrx_word' id='word_1_15' title='bbox 2016 390 2185 463; x_wconf 84' lang='lat' dir='ltr'><strong>patris</strong></span> <span class='ocrx_word' id='word_1_16' title='bbox 2214 389 2532 447; x_wconf 72' lang='lat' dir='ltr'><strong>adversatus</strong></span> <span class='ocrx_word' id='word_1_17' title='bbox 2566 395 2695 450; x_wconf 81' lang='lat' dir='ltr'><strong>milii</strong></span> <span class='ocrx_word' id='word_1_18' title='bbox 2751 371 2921 451; x_wconf 45' lang='lat' dir='ltr'><strong>frater</strong></span> <span class='ocrx_word' id='word_1_19' title='bbox 2956 388 3176 464; x_wconf 77' lang='lat' dir='ltr'><strong>regnum</strong></span> <span class='ocrx_word' id='word_1_20' title='bbox 3232 397 3327 455; x_wconf 78' lang='lat' dir='ltr'><strong>oc-</strong></span> 
     </span>
    </p>
   </div>
   <div class='ocr_carea' id='block_1_5' title="bbox 121 488 1666 564">
    <p class='ocr_par' dir='ltr' id='par_1_5' title="bbox 121 488 1666 564">
     <span class='ocr_line' id='line_1_5' title="bbox 121 488 1666 564; baseline -0.006 -13"><span class='ocrx_word' id='word_1_21' title='bbox 121 502 367 551; x_wconf 81' lang='lat' dir='ltr'><strong>sl-anwar</strong></span> <span class='ocrx_word' id='word_1_22' title='bbox 395 492 656 564; x_wconf 76' lang='lat' dir='ltr'><strong>quidquid</strong></span> <span class='ocrx_word' id='word_1_23' title='bbox 688 491 921 546; x_wconf 81' lang='lat' dir='ltr'><strong>Pltiruzo</strong></span> <span class='ocrx_word' id='word_1_24' title='bbox 956 491 1055 544; x_wconf 80' lang='lat' dir='ltr'><strong>fuit</strong></span> <span class='ocrx_word' id='word_1_25' title='bbox 1079 505 1180 543; x_wconf 81' lang='lat' dir='ltr'><strong>una</strong></span> <span class='ocrx_word' id='word_1_26' title='bbox 1227 503 1346 544; x_wconf 86' lang='lat' dir='ltr'><strong>cum</strong></span> <span class='ocrx_word' id='word_1_27' title='bbox 1392 488 1560 557; x_wconf 87' lang='lat' dir='ltr'><strong>ipsius</strong></span> <span class='ocrx_word' id='word_1_28' title='bbox 1599 488 1666 541; x_wconf 91' lang='lat' dir='ltr'><strong>Ii-</strong></span> 
     </span>
    </p>
   </div>
   <div class='ocr_carea' id='block_1_6' title="bbox 66 569 1663 659">
    <p class='ocr_par' dir='ltr' id='par_1_6' title="bbox 66 569 1663 659">
     <span class='ocr_line' id='line_1_6' title="bbox 66 569 1663 659; baseline -0.009 -14"><span class='ocrx_word' id='word_1_29' title='bbox 66 650 71 659; x_wconf 35' lang='lat' dir='ltr'><strong>I</strong></span> <span class='ocrx_word' id='word_1_30' title='bbox 122 592 279 652; x_wconf 71' lang='lat' dir='ltr'><strong>beris,</strong></span> <span class='ocrx_word' id='word_1_31' title='bbox 309 569 548 656; x_wconf 76' lang='lat' dir='ltr'><strong>opesque</strong></span> <span class='ocrx_word' id='word_1_32' title='bbox 595 583 714 652; x_wconf 90' lang='lat' dir='ltr'><strong>ejus</strong></span> <span class='ocrx_word' id='word_1_33' title='bbox 765 583 1033 652; x_wconf 82' lang='lat' dir='ltr'><strong>exercitus</strong></span> <span class='ocrx_word' id='word_1_34' title='bbox 1088 582 1318 635; x_wconf 90' lang='lat' dir='ltr'><strong>ducibus</strong></span> <span class='ocrx_word' id='word_1_35' title='bbox 1369 579 1663 644; x_wconf 88' lang='lat' dir='ltr'><strong>distribuit,</strong></span> 
     </span>
    </p>
   </div>
   <div class='ocr_carea' id='block_1_7' title="bbox 126 669 1662 745">
    <p class='ocr_par' dir='ltr' id='par_1_7' title="bbox 126 669 1662 745">
     <span class='ocr_line' id='line_1_7' title="bbox 126 669 1662 745; baseline -0.005 -13"><span class='ocrx_word' id='word_1_36' title='bbox 126 681 294 745; x_wconf 76' lang='lat' dir='ltr'><strong>iisque</strong></span> <span class='ocrx_word' id='word_1_37' title='bbox 323 673 727 742; x_wconf 80' lang='lat' dir='ltr'><strong>quiniruzum</strong></span> <span class='ocrx_word' id='word_1_38' title='bbox 760 673 998 728; x_wconf 75' lang='lat' dir='ltr'><strong>comitati</strong></span> <span class='ocrx_word' id='word_1_39' title='bbox 1033 679 1160 727; x_wconf 89' lang='lat' dir='ltr'><strong>sunt</strong></span> <span class='ocrx_word' id='word_1_40' title='bbox 1183 713 1198 735; x_wconf 91' lang='lat'><strong>,</strong></span> <span class='ocrx_word' id='word_1_41' title='bbox 1231 669 1404 738; x_wconf 87' lang='lat' dir='ltr'><strong>Quare</strong></span> <span class='ocrx_word' id='word_1_42' title='bbox 1445 672 1662 741; x_wconf 82' lang='lat' dir='ltr'><strong>(inquit)</strong></span> 
     </span>
    </p>
   </div>
   <div class='ocr_carea' id='block_1_8' title="bbox 120 761 1662 829">
    <p class='ocr_par' dir='ltr' id='par_1_8' title="bbox 120 761 1662 829">
     <span class='ocr_line' id='line_1_8' title="bbox 120 761 1662 829; baseline -0.007 -7"><span class='ocrx_word' id='word_1_43' title='bbox 120 784 222 822; x_wconf 90' lang='lat' dir='ltr'><strong>non</strong></span> <span class='ocrx_word' id='word_1_44' title='bbox 251 764 474 819; x_wconf 85' lang='lat' dir='ltr'><strong>dedistis</strong></span> <span class='ocrx_word' id='word_1_45' title='bbox 507 763 742 817; x_wconf 77' lang='lat' dir='ltr'><strong>Pltiruzo</strong></span> <span class='ocrx_word' id='word_1_46' title='bbox 775 761 1062 816; x_wconf 89' lang='lat' dir='ltr'><strong>consilium</strong></span> <span class='ocrx_word' id='word_1_47' title='bbox 1095 775 1326 829; x_wconf 90' lang='lat' dir='ltr'><strong>eumque</strong></span> <span class='ocrx_word' id='word_1_48' title='bbox 1376 761 1662 814; x_wconf 88' lang='lat' dir='ltr'><strong>admonui-</strong></span> 
     </span>
    </p>
   </div>
   <div class='ocr_carea' id='block_1_9' title="bbox 102 850 1665 921">
    <p class='ocr_par' dir='ltr' id='par_1_9' title="bbox 102 850 1665 921">
     <span class='ocr_line' id='line_1_9' title="bbox 102 850 1665 921; baseline -0.005 -9"><span class='ocrx_word' id='word_1_49' title='bbox 102 852 248 912; x_wconf 74' lang='grc' dir='ltr'><strong>’διίεῖ</strong></span> <span class='ocrx_word' id='word_1_50' title='bbox 268 855 350 908; x_wconf 84' lang='lat' dir='ltr'><strong>Illi</strong></span> <span class='ocrx_word' id='word_1_51' title='bbox 379 867 545 908; x_wconf 87' lang='lat' dir='ltr'><strong>vero:</strong></span> <span class='ocrx_word' id='word_1_52' title='bbox 575 851 1080 921; x_wconf 85' lang='lat' dir='ltr'><strong>Fecimus(inquit),</strong></span> <span class='ocrx_word' id='word_1_53' title='bbox 1100 857 1153 904; x_wconf 88' lang='lat' dir='ltr'><strong>at</strong></span> <span class='ocrx_word' id='word_1_54' title='bbox 1187 852 1344 906; x_wconf 89' lang='lat' dir='ltr'><strong>nobis</strong></span> <span class='ocrx_word' id='word_1_55' title='bbox 1359 850 1665 905; x_wconf 86' lang='lat' dir='ltr'><strong>auscultare</strong></span> 
     </span>
    </p>
   </div>
   <div class='ocr_carea' id='block_1_10' title="bbox 118 948 747 1003">
    <p class='ocr_par' dir='ltr' id='par_1_10' title="bbox 118 948 747 1003">
     <span class='ocr_line' id='line_1_10' title="bbox 118 948 747 1003; baseline -0.008 -1"><span class='ocrx_word' id='word_1_56' title='bbox 118 948 308 1003; x_wconf 84' lang='lat' dir='ltr'><strong>noluit.</strong></span> <span class='ocrx_word' id='word_1_57' title='bbox 745 957 747 960; x_wconf 78' lang='lat'><em>‘</em></span> 
     </span>
    </p>
   </div>
   <div class='ocr_carea' id='block_1_11' title="bbox 185 1031 1662 1108">
    <p class='ocr_par' dir='ltr' id='par_1_11' title="bbox 185 1031 1662 1108">
     <span class='ocr_line' id='line_1_11' title="bbox 185 1031 1662 1108; baseline -0.004 -16"><span class='ocrx_word' id='word_1_58' title='bbox 185 1031 418 1108; x_wconf 67' lang='lat' dir='ltr'><strong>Praeerat</strong></span> <span class='ocrx_word' id='word_1_59' title='bbox 441 1044 621 1090; x_wconf 89' lang='lat' dir='ltr'><strong>autem</strong></span> <span class='ocrx_word' id='word_1_60' title='bbox 655 1034 939 1103; x_wconf 84' lang='lat' dir='ltr'><strong>Sejestano</strong></span> <span class='ocrx_word' id='word_1_61' title='bbox 967 1035 1051 1090; x_wconf 90' lang='lat' dir='ltr'><strong>vir</strong></span> <span class='ocrx_word' id='word_1_62' title='bbox 1089 1034 1309 1103; x_wconf 89' lang='lat' dir='ltr'><strong>quidam</strong></span> <span class='ocrx_word' id='word_1_63' title='bbox 1363 1047 1428 1087; x_wconf 80' lang='lat' dir='ltr'><strong>ex</strong></span> <span class='ocrx_word' id='word_1_64' title='bbox 1485 1033 1662 1086; x_wconf 82' lang='lat' dir='ltr'><strong>Azda-</strong></span> 
     </span>
    </p>
   </div>
   <div class='ocr_carea' id='block_1_12' title="bbox 117 1123 1666 1194">
    <p class='ocr_par' dir='ltr' id='par_1_12' title="bbox 117 1123 1666 1194">
     <span class='ocr_line' id='line_1_12' title="bbox 117 1123 1666 1194; baseline -0.006 -8"><span class='ocrx_word' id='word_1_65' title='bbox 117 1131 244 1186; x_wconf 87' lang='lat' dir='ltr'><strong>sbiri</strong></span> <span class='ocrx_word' id='word_1_66' title='bbox 276 1129 749 1192; x_wconf 87' lang='lat' dir='ltr'><strong>amicis,&#39;nomlne</strong></span> <span class='ocrx_word' id='word_1_67' title='bbox 803 1128 1071 1192; x_wconf 87' lang='lat' dir='ltr'><strong>Suchran,</strong></span> <span class='ocrx_word' id='word_1_68' title='bbox 1100 1143 1130 1181; x_wconf 95' lang='lat' dir='ltr'><strong>e</strong></span> <span class='ocrx_word' id='word_1_69' title='bbox 1176 1126 1374 1182; x_wconf 64' lang='lat' dir='ltr'><strong>Persia:</strong></span> <span class='ocrx_word' id='word_1_70' title='bbox 1420 1123 1666 1194; x_wconf 85' lang='lat' dir='ltr'><strong>proceri-</strong></span> 
     </span>
    </p>
   </div>
   <div class='ocr_carea' id='block_1_13' title="bbox 117 1209 1662 1293">
    <p class='ocr_par' dir='ltr' id='par_1_13' title="bbox 117 1209 1662 1293">
     <span class='ocr_line' id='line_1_13' title="bbox 117 1209 1662 1293; baseline -0.004 -19"><span class='ocrx_word' id='word_1_71' title='bbox 117 1209 239 1293; x_wconf 74' lang='lat' dir='ltr'><strong>bus,</strong></span> <span class='ocrx_word' id='word_1_72' title='bbox 276 1218 418 1285; x_wconf 86' lang='lat' dir='ltr'><strong>apud</strong></span> <span class='ocrx_word' id='word_1_73' title='bbox 446 1234 608 1287; x_wconf 87' lang='lat' dir='ltr'><strong>quem</strong></span> <span class='ocrx_word' id='word_1_74' title='bbox 632 1227 788 1272; x_wconf 87' lang='lat' dir='ltr'><strong>erant</strong></span> <span class='ocrx_word' id='word_1_75' title='bbox 819 1227 872 1271; x_wconf 90' lang='lat' dir='ltr'><strong>ct</strong></span> <span class='ocrx_word' id='word_1_76' title='bbox 905 1233 936 1271; x_wconf 89' lang='lat' dir='ltr'><strong>e</strong></span> <span class='ocrx_word' id='word_1_77' title='bbox 969 1218 1202 1293; x_wconf 82' lang='lat' dir='ltr'><strong>ducibus</strong></span> <span class='ocrx_word' id='word_1_78' title='bbox 1239 1217 1411 1285; x_wconf 89' lang='lat' dir='ltr'><strong>ipsius</strong></span> <span class='ocrx_word' id='word_1_79' title='bbox 1446 1215 1662 1278; x_wconf 86' lang='lat' dir='ltr'><strong>amicis,</strong></span> 
     </span>
    </p>
   </div>
   <div class='ocr_carea' id='block_1_14' title="bbox 118 1292 1664 1377">
    <p class='ocr_par' dir='ltr' id='par_1_14' title="bbox 118 1292 1664 1377">
     <span class='ocr_line' id='line_1_14' title="bbox 118 1292 1664 1377; baseline -0.001 -16"><span class='ocrx_word' id='word_1_80' title='bbox 118 1292 382 1362; x_wconf 80' lang='lat' dir='ltr'><strong>nonnulli.</strong></span> <span class='ocrx_word' id='word_1_81' title='bbox 406 1307 508 1362; x_wconf 83' lang='lat' dir='ltr'><strong>Hic</strong></span> <span class='ocrx_word' id='word_1_82' title='bbox 540 1308 715 1362; x_wconf 83' lang='lat' dir='ltr'><strong>delata</strong></span> <span class='ocrx_word' id='word_1_83' title='bbox 746 1307 812 1360; x_wconf 91' lang='lat' dir='ltr'><strong>ad</strong></span> <span class='ocrx_word' id='word_1_84' title='bbox 846 1307 1036 1377; x_wconf 81' lang='lat' dir='ltr'><strong>ipsum</strong></span> <span class='ocrx_word' id='word_1_85' title='bbox 1055 1292 1239 1362; x_wconf 79' lang='lat' dir='ltr'><strong>eurum</strong></span> <span class='ocrx_word' id='word_1_86' title='bbox 1271 1319 1392 1374; x_wconf 74' lang='lat' dir='ltr'><strong>qua:</strong></span> <span class='ocrx_word' id='word_1_87' title='bbox 1431 1304 1664 1360; x_wconf 85' lang='lat' dir='ltr'><strong>Phirnzo</strong></span> 
     </span>
    </p>
   </div>
   <div class='ocr_carea' id='block_1_15' title="bbox 116 1395 1662 1462">
    <p class='ocr_par' dir='ltr' id='par_1_15' title="bbox 116 1395 1662 1462">
     <span class='ocr_line' id='line_1_15' title="bbox 116 1395 1662 1462; baseline 0 -12"><span class='ocrx_word' id='word_1_88' title='bbox 116 1397 424 1452; x_wconf 86' lang='lat' dir='ltr'><strong>acciderant</strong></span> <span class='ocrx_word' id='word_1_89' title='bbox 452 1397 616 1462; x_wconf 79' lang='lat' dir='ltr'><strong>fama,</strong></span> <span class='ocrx_word' id='word_1_90' title='bbox 645 1399 828 1453; x_wconf 80' lang='lat' dir='ltr'><strong>statim</strong></span> <span class='ocrx_word' id='word_1_91' title='bbox 868 1413 974 1452; x_wconf 90' lang='lat' dir='ltr'><strong>una</strong></span> <span class='ocrx_word' id='word_1_92' title='bbox 1035 1411 1157 1451; x_wconf 90' lang='lat' dir='ltr'><strong>cum</strong></span> <span class='ocrx_word' id='word_1_93' title='bbox 1227 1395 1516 1454; x_wconf 78' lang='lat' dir='ltr'><strong>comitibus</strong></span> <span class='ocrx_word' id='word_1_94' title='bbox 1547 1397 1662 1450; x_wconf 90' lang='lat' dir='ltr'><strong>suis</strong></span> 
     </span>
    </p>
   </div>
   <div class='ocr_carea' id='block_1_16' title="bbox 119 1484 1662 1559">
    <p class='ocr_par' dir='ltr' id='par_1_16' title="bbox 119 1484 1662 1559">
     <span class='ocr_line' id='line_1_16' title="bbox 119 1484 1662 1559; baseline 0.001 -18"><span class='ocrx_word' id='word_1_95' title='bbox 119 1488 409 1559; x_wconf 86' lang='lat' dir='ltr'><strong>lliyatelam</strong></span> <span class='ocrx_word' id='word_1_96' title='bbox 433 1503 621 1544; x_wconf 86' lang='lat' dir='ltr'><strong>versus</strong></span> <span class='ocrx_word' id='word_1_97' title='bbox 649 1489 926 1558; x_wconf 81' lang='lat' dir='ltr'><strong>profectus</strong></span> <span class='ocrx_word' id='word_1_98' title='bbox 962 1487 1027 1540; x_wconf 85' lang='lat' dir='ltr'><strong>ad</strong></span> <span class='ocrx_word' id='word_1_99' title='bbox 1084 1501 1143 1540; x_wconf 89' lang='lat' dir='ltr'><strong>se</strong></span> <span class='ocrx_word' id='word_1_100' title='bbox 1194 1484 1411 1540; x_wconf 79' lang='lat' dir='ltr'><strong>Pltiruzi</strong></span> <span class='ocrx_word' id='word_1_101' title='bbox 1477 1488 1662 1557; x_wconf 74' lang='lat' dir='ltr'><strong>capias</strong></span> 
     </span>
    </p>
   </div>
   <div class='ocr_carea' id='block_1_17' title="bbox 117 1578 1656 1649">
    <p class='ocr_par' dir='ltr' id='par_1_17' title="bbox 117 1578 1656 1649">
     <span class='ocr_line' id='line_1_17' title="bbox 117 1578 1656 1649; baseline 0.001 -17"><span class='ocrx_word' id='word_1_102' title='bbox 117 1579 331 1649; x_wconf 75' lang='lat' dir='ltr'><strong>colligit,</strong></span> <span class='ocrx_word' id='word_1_103' title='bbox 365 1579 502 1634; x_wconf 88' lang='lat' dir='ltr'><strong>adeo</strong></span> <span class='ocrx_word' id='word_1_104' title='bbox 531 1588 589 1633; x_wconf 92' lang='lat' dir='ltr'><strong>ut</strong></span> <span class='ocrx_word' id='word_1_105' title='bbox 628 1580 695 1642; x_wconf 87' lang='lat' dir='ltr'><strong>ad</strong></span> <span class='ocrx_word' id='word_1_106' title='bbox 728 1593 975 1645; x_wconf 89' lang='lat' dir='ltr'><strong>magnam</strong></span> <span class='ocrx_word' id='word_1_107' title='bbox 1033 1578 1328 1646; x_wconf 79' lang='lat' dir='ltr'><strong>petentiatn</strong></span> <span class='ocrx_word' id='word_1_108' title='bbox 1351 1589 1656 1646; x_wconf 72' lang='lat' dir='ltr'><strong>cresceret.</strong></span> 
     </span>
    </p>
   </div>
   <div class='ocr_carea' id='block_1_18' title="bbox 120 1667 1662 1741">
    <p class='ocr_par' dir='ltr' id='par_1_18' title="bbox 120 1667 1662 1741">
     <span class='ocr_line' id='line_1_18' title="bbox 120 1667 1662 1741; baseline 0 -17"><span class='ocrx_word' id='word_1_109' title='bbox 120 1670 252 1725; x_wconf 81' lang='lat' dir='ltr'><strong>Cum</strong></span> <span class='ocrx_word' id='word_1_110' title='bbox 311 1686 444 1741; x_wconf 89' lang='lat' dir='ltr'><strong>ergo</strong></span> <span class='ocrx_word' id='word_1_111' title='bbox 520 1684 686 1740; x_wconf 85' lang='lat' dir='ltr'><strong>prope</strong></span> <span class='ocrx_word' id='word_1_112' title='bbox 737 1669 850 1736; x_wconf 84' lang='lat' dir='ltr'><strong>jam</strong></span> <span class='ocrx_word' id='word_1_113' title='bbox 913 1669 981 1721; x_wconf 92' lang='lat' dir='ltr'><strong>ab</strong></span> <span class='ocrx_word' id='word_1_114' title='bbox 1037 1667 1410 1722; x_wconf 84' lang='lat' dir='ltr'><strong>Acbsltanwar</strong></span> <span class='ocrx_word' id='word_1_115' title='bbox 1466 1670 1662 1724; x_wconf 77' lang='lat' dir='ltr'><strong>castris</strong></span> 
     </span>
    </p>
   </div>
   <div class='ocr_carea' id='block_1_19' title="bbox 115 1744 1657 1830">
    <p class='ocr_par' dir='ltr' id='par_1_19' title="bbox 115 1744 1657 1830">
     <span class='ocr_line' id='line_1_19' title="bbox 115 1744 1657 1830; baseline 0.001 -16"><span class='ocrx_word' id='word_1_116' title='bbox 115 1765 342 1827; x_wconf 87' lang='lat' dir='ltr'><strong>abesset,</strong></span> <span class='ocrx_word' id='word_1_117' title='bbox 377 1762 526 1816; x_wconf 79' lang='lat' dir='ltr'><strong>misit</strong></span> <span class='ocrx_word' id='word_1_118' title='bbox 557 1761 649 1830; x_wconf 89' lang='lat' dir='ltr'><strong>qui</strong></span> <span class='ocrx_word' id='word_1_119' title='bbox 674 1760 772 1828; x_wconf 89' lang='lat' dir='ltr'><strong>ipsi</strong></span> <span class='ocrx_word' id='word_1_120' title='bbox 797 1744 1080 1814; x_wconf 36' lang='lat' dir='ltr'><strong>dicere-ut:</strong></span> <span class='ocrx_word' id='word_1_121' title='bbox 1112 1758 1228 1813; x_wconf 82' lang='lat' dir='ltr'><strong>Non</strong></span> <span class='ocrx_word' id='word_1_122' title='bbox 1257 1761 1530 1829; x_wconf 28' lang='lat' dir='ltr'><strong>ideogvcni</strong></span> <span class='ocrx_word' id='word_1_123' title='bbox 1557 1776 1657 1830; x_wconf 83' lang='lat' dir='ltr'><strong>ego</strong></span> 
     </span>
    </p>
   </div>
   <div class='ocr_carea' id='block_1_20' title="bbox 118 1842 1656 1915">
    <p class='ocr_par' dir='ltr' id='par_1_20' title="bbox 118 1842 1656 1915">
     <span class='ocr_line' id='line_1_20' title="bbox 118 1842 1656 1915; baseline 0.002 -11"><span class='ocrx_word' id='word_1_124' title='bbox 118 1864 167 1905; x_wconf 90' lang='lat' dir='ltr'><strong>nt</strong></span> <span class='ocrx_word' id='word_1_125' title='bbox 200 1862 251 1907; x_wconf 88' lang='lat' dir='ltr'><strong>te</strong></span> <span class='ocrx_word' id='word_1_126' title='bbox 277 1853 416 1907; x_wconf 90' lang='lat' dir='ltr'><strong>bello</strong></span> <span class='ocrx_word' id='word_1_127' title='bbox 443 1853 703 1906; x_wconf 86' lang='lat' dir='ltr'><strong>lacessam</strong></span> <span class='ocrx_word' id='word_1_128' title='bbox 725 1893 740 1915; x_wconf 95' lang='lat'><strong>,</strong></span> <span class='ocrx_word' id='word_1_129' title='bbox 781 1866 968 1904; x_wconf 82' lang='lat' dir='ltr'><strong>verum</strong></span> <span class='ocrx_word' id='word_1_130' title='bbox 995 1865 1115 1904; x_wconf 90' lang='lat' dir='ltr'><strong>eum</strong></span> <span class='ocrx_word' id='word_1_131' title='bbox 1148 1852 1200 1904; x_wconf 92' lang='lat' dir='ltr'><strong>in</strong></span> <span class='ocrx_word' id='word_1_132' title='bbox 1239 1842 1399 1906; x_wconf 87' lang='lat' dir='ltr'><strong>linem</strong></span> <span class='ocrx_word' id='word_1_133' title='bbox 1432 1861 1492 1907; x_wconf 92' lang='lat' dir='ltr'><strong>ut</strong></span> <span class='ocrx_word' id='word_1_134' title='bbox 1521 1853 1656 1908; x_wconf 72' lang='lat' dir='ltr'><strong>illud</strong></span> 
     </span>
    </p>
   </div>
   <div class='ocr_carea' id='block_1_21' title="bbox 113 1923 1654 2013">
    <p class='ocr_par' dir='ltr' id='par_1_21' title="bbox 113 1923 1654 2013">
     <span class='ocr_line' id='line_1_21' title="bbox 113 1923 1654 2013; baseline 0.001 -19"><span class='ocrx_word' id='word_1_135' title='bbox 113 1943 247 2012; x_wconf 86' lang='lat' dir='ltr'><strong>quod</strong></span> <span class='ocrx_word' id='word_1_136' title='bbox 271 1941 339 1995; x_wconf 89' lang='lat' dir='ltr'><strong>de</strong></span> <span class='ocrx_word' id='word_1_137' title='bbox 365 1923 718 2009; x_wconf 64' lang='lat'><strong>125-127</strong></span> <span class='ocrx_word' id='word_1_138' title='bbox 748 1939 964 1992; x_wconf 84' lang='lat' dir='ltr'><strong>Phiruzi</strong></span> <span class='ocrx_word' id='word_1_139' title='bbox 993 1937 1340 2013; x_wconf 77' lang='lat' dir='ltr'><strong>facultatibus</strong></span> <span class='ocrx_word' id='word_1_140' title='bbox 1373 1938 1428 1992; x_wconf 88' lang='lat' dir='ltr'><strong>in</strong></span> <span class='ocrx_word' id='word_1_141' title='bbox 1459 1953 1654 1995; x_wconf 87' lang='lat' dir='ltr'><strong>manus</strong></span> 
     </span>
    </p>
   </div>
   <div class='ocr_carea' id='block_1_22' title="bbox 111 2028 1658 2102">
    <p class='ocr_par' dir='ltr' id='par_1_22' title="bbox 111 2028 1658 2102">
     <span class='ocr_line' id='line_1_22' title="bbox 111 2028 1658 2102; baseline -0.003 -10"><span class='ocrx_word' id='word_1_142' title='bbox 111 2045 230 2092; x_wconf 86' lang='lat' dir='ltr'><strong>tuas</strong></span> <span class='ocrx_word' id='word_1_143' title='bbox 251 2034 517 2102; x_wconf 82' lang='lat' dir='ltr'><strong>pervenit,</strong></span> <span class='ocrx_word' id='word_1_144' title='bbox 556 2028 774 2091; x_wconf 83' lang='lat' dir='ltr'><strong>reddas,</strong></span> <span class='ocrx_word' id='word_1_145' title='bbox 807 2037 860 2084; x_wconf 84' lang='lat' dir='ltr'><strong>et</strong></span> <span class='ocrx_word' id='word_1_146' title='bbox 889 2030 979 2098; x_wconf 89' lang='lat' dir='ltr'><strong>qui</strong></span> <span class='ocrx_word' id='word_1_147' title='bbox 1007 2030 1151 2098; x_wconf 90' lang='lat' dir='ltr'><strong>apud</strong></span> <span class='ocrx_word' id='word_1_148' title='bbox 1183 2031 1658 2100; x_wconf 78' lang='lat' dir='ltr'><strong>te‘suntcaptivos</strong></span> 
     </span>
    </p>
   </div>
   <div class='ocr_carea' id='block_1_23' title="bbox 113 2119 1658 2192">
    <p class='ocr_par' dir='ltr' id='par_1_23' title="bbox 113 2119 1658 2192">
     <span class='ocr_line' id='line_1_23' title="bbox 113 2119 1658 2192; baseline -0.002 -15"><span class='ocrx_word' id='word_1_149' title='bbox 113 2124 380 2184; x_wconf 82' lang='lat' dir='ltr'><strong>dimittas,</strong></span> <span class='ocrx_word' id='word_1_150' title='bbox 431 2132 490 2174; x_wconf 88' lang='lat' dir='ltr'><strong>ut</strong></span> <span class='ocrx_word' id='word_1_151' title='bbox 549 2123 621 2174; x_wconf 86' lang='lat' dir='ltr'><strong>sit</strong></span> <span class='ocrx_word' id='word_1_152' title='bbox 674 2121 777 2173; x_wconf 80' lang='lat' dir='ltr'><strong>hoc</strong></span> <span class='ocrx_word' id='word_1_153' title='bbox 817 2119 988 2172; x_wconf 89' lang='lat' dir='ltr'><strong>iuter-</strong></span> <span class='ocrx_word' id='word_1_154' title='bbox 1023 2134 1123 2172; x_wconf 87' lang='lat' dir='ltr'><strong>nos</strong></span> <span class='ocrx_word' id='word_1_155' title='bbox 1171 2121 1320 2188; x_wconf 87' lang='lat' dir='ltr'><strong>pacis</strong></span> <span class='ocrx_word' id='word_1_156' title='bbox 1369 2119 1658 2192; x_wconf 89' lang='lat' dir='ltr'><strong>[conditio]</strong></span> 
     </span>
    </p>
   </div>
   <div class='ocr_carea' id='block_1_24' title="bbox 115 2211 1657 2282">
    <p class='ocr_par' dir='ltr' id='par_1_24' title="bbox 115 2211 1657 2282">
     <span class='ocr_line' id='line_1_24' title="bbox 115 2211 1657 2282; baseline 0 -16"><span class='ocrx_word' id='word_1_157' title='bbox 115 2229 322 2282; x_wconf 90' lang='lat' dir='ltr'><strong>nosque</strong></span> <span class='ocrx_word' id='word_1_158' title='bbox 344 2227 374 2266; x_wconf 89' lang='lat' dir='ltr'><strong>a</strong></span> <span class='ocrx_word' id='word_1_159' title='bbox 404 2221 457 2264; x_wconf 80' lang='lat' dir='ltr'><strong>te.</strong></span> <span class='ocrx_word' id='word_1_160' title='bbox 495 2212 750 2279; x_wconf 91' lang='lat' dir='ltr'><strong>impetum</strong></span> <span class='ocrx_word' id='word_1_161' title='bbox 784 2220 1030 2263; x_wconf 89' lang='lat' dir='ltr'><strong>nostrum</strong></span> <span class='ocrx_word' id='word_1_162' title='bbox 1063 2219 1404 2277; x_wconf 73' lang='lat' dir='ltr'><strong>avertamus;</strong></span> <span class='ocrx_word' id='word_1_163' title='bbox 1437 2211 1582 2280; x_wconf 84' lang='lat' dir='ltr'><strong>quod</strong></span> <span class='ocrx_word' id='word_1_164' title='bbox 1611 2211 1657 2266; x_wconf 88' lang='lat' dir='ltr'><strong>si</strong></span> 
     </span>
    </p>
   </div>
   <div class='ocr_carea' id='block_1_25' title="bbox 112 2301 1660 2369">
    <p class='ocr_par' dir='ltr' id='par_1_25' title="bbox 112 2301 1660 2369">
     <span class='ocr_line' id='line_1_25' title="bbox 112 2301 1660 2369; baseline 0.001 -13"><span class='ocrx_word' id='word_1_165' title='bbox 112 2305 369 2364; x_wconf 80' lang='lat' dir='ltr'><strong>volucris,</strong></span> <span class='ocrx_word' id='word_1_166' title='bbox 395 2303 490 2356; x_wconf 91' lang='lat' dir='ltr'><strong>illo</strong></span> <span class='ocrx_word' id='word_1_167' title='bbox 525 2319 574 2354; x_wconf 78' lang='lat' dir='ltr'><strong>a.</strong></span> <span class='ocrx_word' id='word_1_168' title='bbox 591 2311 642 2354; x_wconf 87' lang='lat' dir='ltr'><strong>te</strong></span> <span class='ocrx_word' id='word_1_169' title='bbox 667 2307 887 2369; x_wconf 85' lang='lat' dir='ltr'><strong>accepto</strong></span> <span class='ocrx_word' id='word_1_170' title='bbox 909 2308 1274 2364; x_wconf 84' lang='lat' dir='ltr'><strong>revertemur;</strong></span> <span class='ocrx_word' id='word_1_171' title='bbox 1298 2301 1384 2356; x_wconf 88' lang='lat' dir='ltr'><strong>&#39;sin</strong></span> <span class='ocrx_word' id='word_1_172' title='bbox 1404 2303 1660 2368; x_wconf 85' lang='lat' dir='ltr'><strong>nolueris,</strong></span> 
     </span>
    </p>
   </div>
   <div class='ocr_carea' id='block_1_26' title="bbox 120 2391 1703 2461">
    <p class='ocr_par' dir='ltr' id='par_1_26' title="bbox 120 2391 1703 2461">
     <span class='ocr_line' id='line_1_26' title="bbox 120 2391 1703 2461; baseline 0.002 -17"><span class='ocrx_word' id='word_1_173' title='bbox 120 2409 305 2446; x_wconf 79' lang='lat' dir='ltr'><strong>vct&#39;cor</strong></span> <span class='ocrx_word' id='word_1_174' title='bbox 322 2409 393 2447; x_wconf 79' lang='lat' dir='ltr'><strong>ne</strong></span> <span class='ocrx_word' id='word_1_175' title='bbox 432 2401 482 2445; x_wconf 88' lang='lat' dir='ltr'><strong>te</strong></span> <span class='ocrx_word' id='word_1_176' title='bbox 514 2391 788 2461; x_wconf 77' lang='lat' dir='ltr'><strong>pmnileat.</strong></span> <span class='ocrx_word' id='word_1_177' title='bbox 817 2393 1078 2446; x_wconf 88' lang='lat' dir='ltr'><strong>Annuens</strong></span> <span class='ocrx_word' id='word_1_178' title='bbox 1121 2407 1247 2458; x_wconf 80' lang='lat' dir='ltr'><strong>ergo</strong></span> <span class='ocrx_word' id='word_1_179' title='bbox 1290 2393 1662 2447; x_wconf 74' lang='lat' dir='ltr'><strong>Aclisbanwar</strong></span> <span class='ocrx_word' id='word_1_180' title='bbox 1698 2436 1703 2447; x_wconf 89' lang='lat'><strong>.</strong></span> 
     </span>
    </p>
   </div>
   <div class='ocr_carea' id='block_1_27' title="bbox 109 2481 1660 2552">
    <p class='ocr_par' dir='ltr' id='par_1_27' title="bbox 109 2481 1660 2552">
     <span class='ocr_line' id='line_1_27' title="bbox 109 2481 1660 2552; baseline 0.003 -18"><span class='ocrx_word' id='word_1_181' title='bbox 109 2481 387 2536; x_wconf 82' lang='lat' dir='ltr'><strong>Suchrano</strong></span> <span class='ocrx_word' id='word_1_182' title='bbox 409 2481 464 2534; x_wconf 92' lang='lat' dir='ltr'><strong>iu</strong></span> <span class='ocrx_word' id='word_1_183' title='bbox 488 2496 550 2534; x_wconf 89' lang='lat' dir='ltr'><strong>eo</strong></span> <span class='ocrx_word' id='word_1_184' title='bbox 570 2481 711 2549; x_wconf 88' lang='lat' dir='ltr'><strong>quod</strong></span> <span class='ocrx_word' id='word_1_185' title='bbox 749 2481 921 2552; x_wconf 88' lang='lat' dir='ltr'><strong>petiit,</strong></span> <span class='ocrx_word' id='word_1_186' title='bbox 951 2483 1194 2550; x_wconf 88' lang='lat' dir='ltr'><strong>captivos</strong></span> <span class='ocrx_word' id='word_1_187' title='bbox 1217 2498 1404 2536; x_wconf 85' lang='lat' dir='ltr'><strong>eorum</strong></span> <span class='ocrx_word' id='word_1_188' title='bbox 1432 2483 1660 2550; x_wconf 86' lang='lat' dir='ltr'><strong>dimisit,</strong></span> 
     </span>
    </p>
   </div>
   <div class='ocr_carea' id='block_1_28' title="bbox 109 2571 1663 2640">
    <p class='ocr_par' dir='ltr' id='par_1_28' title="bbox 109 2571 1663 2640">
     <span class='ocr_line' id='line_1_28' title="bbox 109 2571 1663 2640; baseline 0.003 -16"><span class='ocrx_word' id='word_1_189' title='bbox 109 2571 392 2639; x_wconf 87' lang='lat' dir='ltr'><strong>spoliaque</strong></span> <span class='ocrx_word' id='word_1_190' title='bbox 420 2571 626 2624; x_wconf 84' lang='lat' dir='ltr'><strong>reddita</strong></span> <span class='ocrx_word' id='word_1_191' title='bbox 658 2571 887 2636; x_wconf 86' lang='lat' dir='ltr'><strong>remisit,</strong></span> <span class='ocrx_word' id='word_1_192' title='bbox 915 2572 1049 2626; x_wconf 89' lang='lat' dir='ltr'><strong>adeo</strong></span> <span class='ocrx_word' id='word_1_193' title='bbox 1080 2580 1138 2624; x_wconf 88' lang='lat' dir='ltr'><strong>ut</strong></span> <span class='ocrx_word' id='word_1_194' title='bbox 1181 2572 1322 2626; x_wconf 88' lang='lat' dir='ltr'><strong>inter</strong></span> <span class='ocrx_word' id='word_1_195' title='bbox 1375 2575 1549 2640; x_wconf 90' lang='lat' dir='ltr'><strong>ipsum</strong></span> <span class='ocrx_word' id='word_1_196' title='bbox 1581 2586 1663 2627; x_wconf 83' lang='lat' dir='ltr'><strong>at-</strong></span> 
     </span>
    </p>
   </div>
   <div class='ocr_carea' id='block_1_29' title="bbox 109 2658 1664 2729">
    <p class='ocr_par' dir='ltr' id='par_1_29' title="bbox 109 2658 1664 2729">
     <span class='ocr_line' id='line_1_29' title="bbox 109 2658 1664 2729; baseline 0.003 -17"><span class='ocrx_word' id='word_1_197' title='bbox 109 2675 213 2729; x_wconf 87' lang='lat' dir='ltr'><strong>que</strong></span> <span class='ocrx_word' id='word_1_198' title='bbox 250 2660 382 2714; x_wconf 86' lang='lat' dir='ltr'><strong>illos</strong></span> <span class='ocrx_word' id='word_1_199' title='bbox 408 2671 858 2729; x_wconf 77' lang='lat' dir='ltr'><strong>compellerentur</strong></span> <span class='ocrx_word' id='word_1_200' title='bbox 913 2675 1022 2714; x_wconf 90' lang='lat' dir='ltr'><strong>res.</strong></span> <span class='ocrx_word' id='word_1_201' title='bbox 1079 2658 1216 2713; x_wconf 82' lang='lat' dir='ltr'><strong>Tum</strong></span> <span class='ocrx_word' id='word_1_202' title='bbox 1275 2677 1526 2716; x_wconf 81' lang='lat' dir='ltr'><strong>reversus</strong></span> <span class='ocrx_word' id='word_1_203' title='bbox 1579 2673 1664 2716; x_wconf 82' lang='lat' dir='ltr'><strong>est</strong></span> 
     </span>
    </p>
   </div>
   <div class='ocr_carea' id='block_1_30' title="bbox 110 2739 1660 2820">
    <p class='ocr_par' dir='ltr' id='par_1_30' title="bbox 110 2739 1660 2820">
     <span class='ocr_line' id='line_1_30' title="bbox 110 2739 1660 2820; baseline 0.003 -18"><span class='ocrx_word' id='word_1_204' title='bbox 110 2751 355 2807; x_wconf 77' lang='lat' dir='ltr'><strong>Sucltran</strong></span> <span class='ocrx_word' id='word_1_205' title='bbox 443 2751 508 2805; x_wconf 87' lang='lat' dir='ltr'><strong>ad</strong></span> <span class='ocrx_word' id='word_1_206' title='bbox 581 2753 644 2804; x_wconf 88' lang='lat' dir='ltr'><strong>Al</strong></span> <span class='ocrx_word' id='word_1_207' title='bbox 716 2750 980 2820; x_wconf 81' lang='lat' dir='ltr'><strong>Madyen,</strong></span> <span class='ocrx_word' id='word_1_208' title='bbox 1029 2739 1456 2807; x_wconf 70' lang='lat' dir='ltr'><strong>&#39;obse&#39;rvantibus</strong></span> <span class='ocrx_word' id='word_1_209' title='bbox 1529 2752 1660 2808; x_wconf 85' lang='lat' dir='ltr'><strong>Per-</strong></span> 
     </span>
    </p>
   </div>
   <div class='ocr_carea' id='block_1_31' title="bbox 108 2839 1658 2910">
    <p class='ocr_par' dir='ltr' id='par_1_31' title="bbox 108 2839 1658 2910">
     <span class='ocr_line' id='line_1_31' title="bbox 108 2839 1658 2910; baseline 0.004 -20"><span class='ocrx_word' id='word_1_210' title='bbox 108 2839 183 2893; x_wconf 83' lang='lat' dir='ltr'><strong>sis</strong></span> <span class='ocrx_word' id='word_1_211' title='bbox 235 2840 498 2908; x_wconf 77' lang='lat' dir='ltr'><strong>quidquid</strong></span> <span class='ocrx_word' id='word_1_212' title='bbox 527 2840 694 2909; x_wconf 87' lang='lat' dir='ltr'><strong>petiit,</strong></span> <span class='ocrx_word' id='word_1_213' title='bbox 721 2841 930 2908; x_wconf 86' lang='lat' dir='ltr'><strong>ipsique</strong></span> <span class='ocrx_word' id='word_1_214' title='bbox 959 2841 1078 2894; x_wconf 88' lang='lat' dir='ltr'><strong>ideo</strong></span> <span class='ocrx_word' id='word_1_215' title='bbox 1104 2842 1305 2908; x_wconf 78' lang='lat' dir='ltr'><strong>gratias</strong></span> <span class='ocrx_word' id='word_1_216' title='bbox 1355 2843 1658 2910; x_wconf 79' lang='lat' dir='ltr'><strong>agentibus.</strong></span> 
     </span>
    </p>
   </div>
   <div class='ocr_carea' id='block_1_32' title="bbox 113 2920 1663 3001">
    <p class='ocr_par' dir='ltr' id='par_1_32' title="bbox 113 2920 1663 3001">
     <span class='ocr_line' id='line_1_32' title="bbox 113 2920 1663 3001; baseline 0.005 -19"><span class='ocrx_word' id='word_1_217' title='bbox 113 2948 115 2951; x_wconf 94' lang='grc'>·</span> <span class='ocrx_word' id='word_1_218' title='bbox 184 2931 436 2985; x_wconf 76' lang='lat' dir='ltr'><strong>Mortuus</strong></span> <span class='ocrx_word' id='word_1_219' title='bbox 470 2938 552 2984; x_wconf 88' lang='lat' dir='ltr'><strong>est</strong></span> <span class='ocrx_word' id='word_1_220' title='bbox 583 2946 711 2998; x_wconf 85' lang='lat' dir='ltr'><strong>ergo</strong></span> <span class='ocrx_word' id='word_1_221' title='bbox 764 2920 971 2985; x_wconf 61' lang='grc' dir='ltr'><strong>ΡΙιίἠτιιί</strong></span> <span class='ocrx_word' id='word_1_222' title='bbox 1007 2947 1128 2986; x_wconf 88' lang='lat' dir='ltr'><strong>cum</strong></span> <span class='ocrx_word' id='word_1_223' title='bbox 1163 2940 1436 3001; x_wconf 87' lang='lat' dir='ltr'><strong>regnasset</strong></span> <span class='ocrx_word' id='word_1_224' title='bbox 1493 2950 1663 2989; x_wconf 84' lang='lat' dir='ltr'><strong>annos</strong></span> 
     </span>
    </p>
   </div>
   <div class='ocr_carea' id='block_1_33' title="bbox 1769 482 3324 554">
    <p class='ocr_par' dir='ltr' id='par_1_33' title="bbox 1769 482 3324 554">
     <span class='ocr_line' id='line_1_33' title="bbox 1769 482 3324 554; baseline 0.003 -18"><span class='ocrx_word' id='word_1_225' title='bbox 1769 486 2032 553; x_wconf 85' lang='lat' dir='ltr'><strong>cupavit:</strong></span> <span class='ocrx_word' id='word_1_226' title='bbox 2088 499 2151 538; x_wconf 85' lang='lat' dir='ltr'><strong>ac</strong></span> <span class='ocrx_word' id='word_1_227' title='bbox 2193 482 2466 552; x_wconf 87' lang='lat' dir='ltr'><strong>pollicitus</strong></span> <span class='ocrx_word' id='word_1_228' title='bbox 2501 482 2580 537; x_wconf 88' lang='lat' dir='ltr'><strong>illi</strong></span> <span class='ocrx_word' id='word_1_229' title='bbox 2641 499 2698 538; x_wconf 87' lang='lat' dir='ltr'><strong>se</strong></span> <span class='ocrx_word' id='word_1_230' title='bbox 2735 499 2890 554; x_wconf 84' lang='lat' dir='ltr'><strong>opem</strong></span> <span class='ocrx_word' id='word_1_231' title='bbox 2941 485 3041 554; x_wconf 92' lang='lat' dir='ltr'><strong>ipsi</strong></span> <span class='ocrx_word' id='word_1_232' title='bbox 3092 485 3324 542; x_wconf 82' lang='lat' dir='ltr'><strong>laturum</strong></span> 
     </span>
    </p>
   </div>
   <div class='ocr_carea' id='block_1_34' title="bbox 1770 576 3328 646">
    <p class='ocr_par' dir='ltr' id='par_1_34' title="bbox 1770 576 3328 646">
     <span class='ocr_line' id='line_1_34' title="bbox 1770 576 3328 646; baseline -0.003 -20"><span class='ocrx_word' id='word_1_233' title='bbox 1770 589 2111 644; x_wconf 81' lang='lat' dir='ltr'><strong>regnumque</strong></span> <span class='ocrx_word' id='word_1_234' title='bbox 2182 581 2654 640; x_wconf 82' lang='lat' dir='ltr'><strong>recuperaturum,</strong></span> <span class='ocrx_word' id='word_1_235' title='bbox 2688 585 2935 642; x_wconf 76' lang='lat' dir='ltr'><strong>quatuor</strong></span> <span class='ocrx_word' id='word_1_236' title='bbox 2974 576 3131 630; x_wconf 75' lang='lat' dir='ltr'><strong>anuis</strong></span> <span class='ocrx_word' id='word_1_237' title='bbox 3164 578 3328 646; x_wconf 55' lang='lat' dir='ltr'><strong>&#39;apltd</strong></span> 
     </span>
    </p>
   </div>
   <div class='ocr_carea' id='block_1_35' title="bbox 1766 660 3327 735">
    <p class='ocr_par' dir='ltr' id='par_1_35' title="bbox 1766 660 3327 735">
     <span class='ocr_line' id='line_1_35' title="bbox 1766 660 3327 735; baseline 0.003 -21"><span class='ocrx_word' id='word_1_238' title='bbox 1766 663 1916 715; x_wconf 89' lang='lat' dir='ltr'><strong>illum</strong></span> <span class='ocrx_word' id='word_1_239' title='bbox 1952 663 2214 726; x_wconf 82' lang='lat' dir='ltr'><strong>substitit,</strong></span> <span class='ocrx_word' id='word_1_240' title='bbox 2252 663 2453 732; x_wconf 82' lang='lat' dir='ltr'><strong>quibus</strong></span> <span class='ocrx_word' id='word_1_241' title='bbox 2488 664 2665 735; x_wconf 79' lang='lat' dir='ltr'><strong>ipsum</strong></span> <span class='ocrx_word' id='word_1_242' title='bbox 2690 660 2919 724; x_wconf 76' lang='lat' dir='ltr'><strong>distulit.</strong></span> <span class='ocrx_word' id='word_1_243' title='bbox 2947 666 3138 720; x_wconf 77' lang='lat' dir='ltr'><strong>Postea</strong></span> <span class='ocrx_word' id='word_1_244' title='bbox 3162 681 3327 722; x_wconf 73' lang='lat' dir='ltr'><strong>exer-</strong></span> 
     </span>
    </p>
   </div>
   <div class='ocr_carea' id='block_1_36' title="bbox 1766 746 3328 822">
    <p class='ocr_par' dir='ltr' id='par_1_36' title="bbox 1766 746 3328 822">
     <span class='ocr_line' id='line_1_36' title="bbox 1766 746 3328 822; baseline 0.001 -16"><span class='ocrx_word' id='word_1_245' title='bbox 1766 754 1878 806; x_wconf 87' lang='lat' dir='ltr'><strong>citu</strong></span> <span class='ocrx_word' id='word_1_246' title='bbox 1921 752 2045 806; x_wconf 81' lang='lat' dir='ltr'><strong>forti</strong></span> <span class='ocrx_word' id='word_1_247' title='bbox 2072 755 2139 807; x_wconf 85' lang='lat' dir='ltr'><strong>ab</strong></span> <span class='ocrx_word' id='word_1_248' title='bbox 2159 754 2248 808; x_wconf 89' lang='lat' dir='ltr'><strong>illo</strong></span> <span class='ocrx_word' id='word_1_249' title='bbox 2279 746 2580 809; x_wconf 82' lang='lat' dir='ltr'><strong>instructus</strong></span> <span class='ocrx_word' id='word_1_250' title='bbox 2603 753 2890 822; x_wconf 72' lang='lat' dir='ltr'><strong>,prnl&#39;ectus</strong></span> <span class='ocrx_word' id='word_1_251' title='bbox 2943 755 3128 810; x_wconf 65' lang='grc' dir='ltr'>Κοικιά</span> <span class='ocrx_word' id='word_1_252' title='bbox 3153 755 3328 808; x_wconf 84' lang='lat' dir='ltr'><strong>donec</strong></span> 
     </span>
    </p>
   </div>
   <div class='ocr_carea' id='block_1_37' title="bbox 1767 843 3327 916">
    <p class='ocr_par' dir='ltr' id='par_1_37' title="bbox 1767 843 3327 916">
     <span class='ocr_line' id='line_1_37' title="bbox 1767 843 3327 916; baseline 0 -20"><span class='ocrx_word' id='word_1_253' title='bbox 1767 843 2206 897; x_wconf 53' lang='lat' dir='ltr'><strong>Abt‘abasabrum</strong></span> <span class='ocrx_word' id='word_1_254' title='bbox 2273 846 2602 913; x_wconf 79' lang='lat' dir='ltr'><strong>perveniret,</strong></span> <span class='ocrx_word' id='word_1_255' title='bbox 2663 860 2724 899; x_wconf 88' lang='lat' dir='ltr'><strong>ac</strong></span> <span class='ocrx_word' id='word_1_256' title='bbox 2778 844 2969 898; x_wconf 76' lang='lat' dir='ltr'><strong>eodem</strong></span> <span class='ocrx_word' id='word_1_257' title='bbox 3021 847 3138 899; x_wconf 84' lang='lat' dir='ltr'><strong>loco</strong></span> <span class='ocrx_word' id='word_1_258' title='bbox 3195 843 3327 916; x_wconf 86' lang='lat' dir='ltr'><strong>[quo</strong></span> 
     </span>
    </p>
   </div>
   <div class='ocr_carea' id='block_1_38' title="bbox 1764 933 3324 1004">
    <p class='ocr_par' dir='ltr' id='par_1_38' title="bbox 1764 933 3324 1004">
     <span class='ocr_line' id='line_1_38' title="bbox 1764 933 3324 1004; baseline 0.001 -16"><span class='ocrx_word' id='word_1_259' title='bbox 1764 933 1952 1004; x_wconf 85' lang='lat' dir='ltr'><strong>antea]</strong></span> <span class='ocrx_word' id='word_1_260' title='bbox 2000 933 2307 990; x_wconf 86' lang='lat' dir='ltr'><strong>diversatus</strong></span> <span class='ocrx_word' id='word_1_261' title='bbox 2349 935 2415 990; x_wconf 91' lang='lat' dir='ltr'><strong>de</strong></span> <span class='ocrx_word' id='word_1_262' title='bbox 2445 937 2677 991; x_wconf 89' lang='lat' dir='ltr'><strong>muliere</strong></span> <span class='ocrx_word' id='word_1_263' title='bbox 2719 936 2822 990; x_wconf 87' lang='lat' dir='ltr'><strong>ista</strong></span> <span class='ocrx_word' id='word_1_264' title='bbox 2866 937 3175 991; x_wconf 85' lang='lat' dir='ltr'><strong>sciscitatus</strong></span> <span class='ocrx_word' id='word_1_265' title='bbox 3218 947 3324 1002; x_wconf 85' lang='lat' dir='ltr'><strong>est,</strong></span> 
     </span>
    </p>
   </div>
   <div class='ocr_carea' id='block_1_39' title="bbox 1765 1023 3328 1098">
    <p class='ocr_par' dir='ltr' id='par_1_39' title="bbox 1765 1023 3328 1098">
     <span class='ocr_line' id='line_1_39' title="bbox 1765 1023 3328 1098; baseline 0.003 -21"><span class='ocrx_word' id='word_1_266' title='bbox 1765 1038 1886 1092; x_wconf 67' lang='lat' dir='ltr'><strong>quae</strong></span> <span class='ocrx_word' id='word_1_267' title='bbox 1913 1023 1981 1078; x_wconf 88' lang='lat' dir='ltr'><strong>ad</strong></span> <span class='ocrx_word' id='word_1_268' title='bbox 2013 1024 2163 1077; x_wconf 89' lang='lat' dir='ltr'><strong>illum</strong></span> <span class='ocrx_word' id='word_1_269' title='bbox 2198 1027 2430 1080; x_wconf 86' lang='lat' dir='ltr'><strong>accessit</strong></span> <span class='ocrx_word' id='word_1_270' title='bbox 2477 1042 2581 1080; x_wconf 91' lang='lat' dir='ltr'><strong>una</strong></span> <span class='ocrx_word' id='word_1_271' title='bbox 2613 1025 2736 1080; x_wconf 84' lang='lat' dir='ltr'><strong>cum</strong></span> <span class='ocrx_word' id='word_1_272' title='bbox 2794 1027 2908 1081; x_wconf 86' lang='lat' dir='ltr'><strong>lilio</strong></span> <span class='ocrx_word' id='word_1_273' title='bbox 2956 1041 3115 1095; x_wconf 87' lang='lat' dir='ltr'><strong>quem</strong></span> <span class='ocrx_word' id='word_1_274' title='bbox 3163 1036 3328 1098; x_wconf 84' lang='lat' dir='ltr'><strong>pepe-‘</strong></span> 
     </span>
    </p>
   </div>
   <div class='ocr_carea' id='block_1_40' title="bbox 1711 1104 3328 1189">
    <p class='ocr_par' dir='ltr' id='par_1_40' title="bbox 1711 1104 3328 1189">
     <span class='ocr_line' id='line_1_40' title="bbox 1711 1104 3328 1189; baseline 0.006 -24"><span class='ocrx_word' id='word_1_275' title='bbox 1711 1145 1715 1148; x_wconf 56' lang='grc' dir='ltr'>ς</span> <span class='ocrx_word' id='word_1_276' title='bbox 1768 1104 1916 1166; x_wconf 83' lang='lat' dir='ltr'><strong>rerat</strong></span> <span class='ocrx_word' id='word_1_277' title='bbox 1934 1111 2046 1180; x_wconf 89' lang='lat' dir='ltr'><strong>jam</strong></span> <span class='ocrx_word' id='word_1_278' title='bbox 2077 1114 2280 1170; x_wconf 88' lang='lat' dir='ltr'><strong>trienni</strong></span> <span class='ocrx_word' id='word_1_279' title='bbox 2310 1115 2486 1184; x_wconf 89' lang='lat' dir='ltr'><strong>ipsum</strong></span> <span class='ocrx_word' id='word_1_280' title='bbox 2535 1105 2695 1168; x_wconf 79' lang='lat' dir='ltr'><strong>manu</strong></span> <span class='ocrx_word' id='word_1_281' title='bbox 2728 1125 2937 1173; x_wconf 89' lang='lat' dir='ltr'><strong>tenens.</strong></span> <span class='ocrx_word' id='word_1_282' title='bbox 2972 1117 3328 1189; x_wconf 82' lang='lat' dir='ltr'><strong>Rogaathue</strong></span> 
     </span>
    </p>
   </div>
   <div class='ocr_carea' id='block_1_41' title="bbox 1764 1201 3327 1280">
    <p class='ocr_par' dir='ltr' id='par_1_41' title="bbox 1764 1201 3327 1280">
     <span class='ocr_line' id='line_1_41' title="bbox 1764 1201 3327 1280; baseline 0.008 -25"><span class='ocrx_word' id='word_1_283' title='bbox 1764 1201 2021 1258; x_wconf 83' lang='lat' dir='ltr'><strong>Kobado:</strong></span> <span class='ocrx_word' id='word_1_284' title='bbox 2045 1203 2305 1269; x_wconf 86' lang='lat' dir='ltr'><strong>Quisnam</strong></span> <span class='ocrx_word' id='word_1_285' title='bbox 2337 1215 2423 1270; x_wconf 80' lang='lat' dir='ltr'><strong>est</strong></span> <span class='ocrx_word' id='word_1_286' title='bbox 2450 1206 2534 1260; x_wconf 86' lang='lat' dir='ltr'><strong>hic</strong></span> <span class='ocrx_word' id='word_1_287' title='bbox 2557 1208 2727 1276; x_wconf 80' lang='lat' dir='ltr'><strong>puer?</strong></span> <span class='ocrx_word' id='word_1_288' title='bbox 2753 1208 2902 1264; x_wconf 86' lang='lat' dir='ltr'><strong>Tuus</strong></span> <span class='ocrx_word' id='word_1_289' title='bbox 2931 1211 3148 1280; x_wconf 72' lang='lat' dir='ltr'><strong>(inquit)</strong></span> <span class='ocrx_word' id='word_1_290' title='bbox 3181 1211 3327 1267; x_wconf 76' lang='lat' dir='ltr'><strong>tilius</strong></span> 
     </span>
    </p>
   </div>
   <div class='ocr_carea' id='block_1_42' title="bbox 1763 1293 3326 1375">
    <p class='ocr_par' dir='ltr' id='par_1_42' title="bbox 1763 1293 3326 1375">
     <span class='ocr_line' id='line_1_42' title="bbox 1763 1293 3326 1375; baseline 0.007 -28"><span class='ocrx_word' id='word_1_291' title='bbox 1763 1303 1867 1348; x_wconf 89' lang='lat' dir='ltr'><strong>est.</strong></span> <span class='ocrx_word' id='word_1_292' title='bbox 1889 1293 2099 1350; x_wconf 89' lang='lat' dir='ltr'><strong>Certior</strong></span> <span class='ocrx_word' id='word_1_293' title='bbox 2123 1295 2606 1374; x_wconf 66' lang='lat' dir='ltr'><strong>129-131ergo</strong></span> <span class='ocrx_word' id='word_1_294' title='bbox 2621 1314 2651 1353; x_wconf 90' lang='lat' dir='ltr'><strong>a</strong></span> <span class='ocrx_word' id='word_1_295' title='bbox 2671 1299 2998 1365; x_wconf 74' lang='lat' dir='ltr'><strong>Zormaharo</strong></span> <span class='ocrx_word' id='word_1_296' title='bbox 3020 1303 3190 1375; x_wconf 76' lang='lat' dir='ltr'><strong>factus</strong></span> <span class='ocrx_word' id='word_1_297' title='bbox 3204 1318 3326 1358; x_wconf 83' lang='lat' dir='ltr'><strong>esse</strong></span> 
     </span>
    </p>
   </div>
   <div class='ocr_carea' id='block_1_43' title="bbox 1765 1383 3326 1461">
    <p class='ocr_par' dir='ltr' id='par_1_43' title="bbox 1765 1383 3326 1461">
     <span class='ocr_line' id='line_1_43' title="bbox 1765 1383 3326 1461; baseline 0.008 -28"><span class='ocrx_word' id='word_1_298' title='bbox 1765 1383 1914 1439; x_wconf 88' lang='lat' dir='ltr'><strong>illam</strong></span> <span class='ocrx_word' id='word_1_299' title='bbox 1949 1386 2122 1455; x_wconf 86' lang='lat' dir='ltr'><strong>patris</strong></span> <span class='ocrx_word' id='word_1_300' title='bbox 2154 1386 2377 1456; x_wconf 59' lang='lat' dir='ltr'><strong>tantilla</strong></span> <span class='ocrx_word' id='word_1_301' title='bbox 2417 1389 2606 1450; x_wconf 73' lang='lat' dir='ltr'><strong>tiliam,</strong></span> <span class='ocrx_word' id='word_1_302' title='bbox 2642 1388 2858 1445; x_wconf 68' lang='lat' dir='ltr'><strong>Iattatus</strong></span> <span class='ocrx_word' id='word_1_303' title='bbox 2883 1399 3004 1456; x_wconf 60' lang='lat' dir='ltr'><strong>est,</strong></span> <span class='ocrx_word' id='word_1_304' title='bbox 3043 1392 3326 1461; x_wconf 83' lang='lat' dir='ltr'><strong>ipsamque</strong></span> 
     </span>
    </p>
   </div>
   <div class='ocr_carea' id='block_1_44' title="bbox 1763 1471 3322 1541">
    <p class='ocr_par' dir='ltr' id='par_1_44' title="bbox 1763 1471 3322 1541">
     <span class='ocr_line' id='line_1_44' title="bbox 1763 1471 3322 1541; baseline 0.005 -13"><span class='ocrx_word' id='word_1_305' title='bbox 1763 1489 1871 1528; x_wconf 83' lang='lat' dir='ltr'><strong>una</strong></span> <span class='ocrx_word' id='word_1_306' title='bbox 1902 1490 2025 1529; x_wconf 89' lang='lat' dir='ltr'><strong>cum</strong></span> <span class='ocrx_word' id='word_1_307' title='bbox 2064 1476 2195 1541; x_wconf 88' lang='lat' dir='ltr'><strong>lilio,</strong></span> <span class='ocrx_word' id='word_1_308' title='bbox 2238 1477 2329 1532; x_wconf 91' lang='lat' dir='ltr'><strong>cui</strong></span> <span class='ocrx_word' id='word_1_309' title='bbox 2360 1493 2558 1533; x_wconf 87' lang='lat' dir='ltr'><strong>nomen</strong></span> <span class='ocrx_word' id='word_1_310' title='bbox 2617 1489 2734 1533; x_wconf 88' lang='lat' dir='ltr'><strong>erat</strong></span> <span class='ocrx_word' id='word_1_311' title='bbox 2781 1471 3097 1535; x_wconf 86' lang='lat' dir='ltr'><strong>Babudacbt</strong></span> <span class='ocrx_word' id='word_1_312' title='bbox 3140 1491 3322 1540; x_wconf 80' lang='lat' dir='ltr'><strong>secum</strong></span> 
     </span>
    </p>
   </div>
   <div class='ocr_carea' id='block_1_45' title="bbox 1764 1565 3323 1642">
    <p class='ocr_par' dir='ltr' id='par_1_45' title="bbox 1764 1565 3323 1642">
     <span class='ocr_line' id='line_1_45' title="bbox 1764 1565 3323 1642; baseline 0.007 -26"><span class='ocrx_word' id='word_1_313' title='bbox 1764 1567 2079 1634; x_wconf 86' lang='lat' dir='ltr'><strong>assumpsit.</strong></span> <span class='ocrx_word' id='word_1_314' title='bbox 2112 1565 2246 1621; x_wconf 88' lang='lat' dir='ltr'><strong>Cum</strong></span> <span class='ocrx_word' id='word_1_315' title='bbox 2275 1577 2456 1622; x_wconf 86' lang='lat' dir='ltr'><strong>autem</strong></span> <span class='ocrx_word' id='word_1_316' title='bbox 2508 1569 2574 1622; x_wconf 91' lang='lat' dir='ltr'><strong>Al</strong></span> <span class='ocrx_word' id='word_1_317' title='bbox 2651 1568 2910 1640; x_wconf 83' lang='lat' dir='ltr'><strong>Madayen</strong></span> <span class='ocrx_word' id='word_1_318' title='bbox 2968 1575 3323 1642; x_wconf 82' lang='lat' dir='ltr'><strong>pervenisset,</strong></span> 
     </span>
    </p>
   </div>
   <div class='ocr_carea' id='block_1_46' title="bbox 1766 1655 3324 1733">
    <p class='ocr_par' dir='ltr' id='par_1_46' title="bbox 1766 1655 3324 1733">
     <span class='ocr_line' id='line_1_46' title="bbox 1766 1655 3324 1733; baseline 0.009 -26"><span class='ocrx_word' id='word_1_319' title='bbox 1766 1655 1988 1710; x_wconf 74' lang='lat' dir='ltr'><strong>fratrem</strong></span> <span class='ocrx_word' id='word_1_320' title='bbox 2023 1672 2181 1711; x_wconf 91' lang='lat' dir='ltr'><strong>suum</strong></span> <span class='ocrx_word' id='word_1_321' title='bbox 2203 1658 2479 1714; x_wconf 88' lang='lat' dir='ltr'><strong>interiisse</strong></span> <span class='ocrx_word' id='word_1_322' title='bbox 2533 1661 2760 1728; x_wconf 75' lang='lat' dir='ltr'><strong>reperit,</strong></span> <span class='ocrx_word' id='word_1_323' title='bbox 2812 1665 3086 1731; x_wconf 79' lang='lat' dir='ltr'><strong>reganue</strong></span> <span class='ocrx_word' id='word_1_324' title='bbox 3119 1665 3324 1733; x_wconf 84' lang='lat' dir='ltr'><strong>potitus</strong></span> 
     </span>
    </p>
   </div>
   <div class='ocr_carea' id='block_1_47' title="bbox 1765 1748 3320 1826">
    <p class='ocr_par' dir='ltr' id='par_1_47' title="bbox 1765 1748 3320 1826">
     <span class='ocr_line' id='line_1_47' title="bbox 1765 1748 3320 1826; baseline 0.005 -24"><span class='ocrx_word' id='word_1_325' title='bbox 1765 1756 1868 1802; x_wconf 90' lang='lat' dir='ltr'><strong>est.</strong></span> <span class='ocrx_word' id='word_1_326' title='bbox 1893 1748 2158 1817; x_wconf 75' lang='lat' dir='ltr'><strong>Regnavit</strong></span> <span class='ocrx_word' id='word_1_327' title='bbox 2182 1751 2310 1819; x_wconf 81' lang='lat' dir='ltr'><strong>ergo</strong></span> <span class='ocrx_word' id='word_1_328' title='bbox 2333 1749 2519 1818; x_wconf 73' lang='lat' dir='ltr'><strong>Kobad</strong></span> <span class='ocrx_word' id='word_1_329' title='bbox 2557 1751 2775 1808; x_wconf 78' lang='lat' dir='ltr'><strong>Pltiruzi</strong></span> <span class='ocrx_word' id='word_1_330' title='bbox 2816 1753 2962 1808; x_wconf 86' lang='lat' dir='ltr'><strong>lilius</strong></span> <span class='ocrx_word' id='word_1_331' title='bbox 2992 1770 3166 1811; x_wconf 79' lang='lat' dir='ltr'><strong>annos</strong></span> <span class='ocrx_word' id='word_1_332' title='bbox 3185 1773 3320 1826; x_wconf 83' lang='lat' dir='ltr'><strong>qua-</strong></span> 
     </span>
    </p>
   </div>
   <div class='ocr_carea' id='block_1_48' title="bbox 1738 1830 3327 1916">
    <p class='ocr_par' dir='ltr' id='par_1_48' title="bbox 1738 1830 3327 1916">
     <span class='ocr_line' id='line_1_48' title="bbox 1738 1830 3327 1916; baseline 0.003 -23"><span class='ocrx_word' id='word_1_333' title='bbox 1738 1830 2018 1907; x_wconf 65' lang='lat' dir='ltr'><strong>draginta</strong></span> <span class='ocrx_word' id='word_1_334' title='bbox 2052 1847 2187 1904; x_wconf 87' lang='lat' dir='ltr'><strong>tres,</strong></span> <span class='ocrx_word' id='word_1_335' title='bbox 2224 1841 2386 1910; x_wconf 80' lang='lat' dir='ltr'><strong>idque</strong></span> <span class='ocrx_word' id='word_1_336' title='bbox 2417 1856 2562 1897; x_wconf 90' lang='lat' dir='ltr'><strong>anno</strong></span> <span class='ocrx_word' id='word_1_337' title='bbox 2602 1844 2814 1913; x_wconf 85' lang='lat' dir='ltr'><strong>imperii</strong></span> <span class='ocrx_word' id='word_1_338' title='bbox 2843 1845 3080 1900; x_wconf 85' lang='lat' dir='ltr'><strong>Zenonis</strong></span> <span class='ocrx_word' id='word_1_339' title='bbox 3122 1845 3327 1916; x_wconf 73' lang='lat' dir='ltr'><strong>[tenta-</strong></span> 
     </span>
    </p>
   </div>
   <div class='ocr_carea' id='block_1_49' title="bbox 1762 1931 3318 2004">
    <p class='ocr_par' dir='ltr' id='par_1_49' title="bbox 1762 1931 3318 2004">
     <span class='ocr_line' id='line_1_49' title="bbox 1762 1931 3318 2004; baseline 0.007 -22"><span class='ocrx_word' id='word_1_340' title='bbox 1762 1944 1958 1984; x_wconf 89' lang='lat' dir='ltr'><strong>norum</strong></span> <span class='ocrx_word' id='word_1_341' title='bbox 1992 1931 2336 2000; x_wconf 86' lang='lat' dir='ltr'><strong>imperatoris</strong></span> <span class='ocrx_word' id='word_1_342' title='bbox 2363 1931 2575 1987; x_wconf 83' lang='lat' dir='ltr'><strong>decimo</strong></span> <span class='ocrx_word' id='word_1_343' title='bbox 2597 1947 2816 2000; x_wconf 88' lang='lat' dir='ltr'><strong>quarto.</strong></span> <span class='ocrx_word' id='word_1_344' title='bbox 2847 1933 3095 2004; x_wconf 78' lang='lat' dir='ltr'><strong>Regnum</strong></span> <span class='ocrx_word' id='word_1_345' title='bbox 3135 1948 3318 1993; x_wconf 87' lang='lat' dir='ltr'><strong>autem</strong></span> 
     </span>
    </p>
   </div>
   <div class='ocr_carea' id='block_1_50' title="bbox 1770 2008 3323 2091">
    <p class='ocr_par' dir='ltr' id='par_1_50' title="bbox 1770 2008 3323 2091">
     <span class='ocr_line' id='line_1_50' title="bbox 1770 2008 3323 2091; baseline 0.006 -18"><span class='ocrx_word' id='word_1_346' title='bbox 1770 2018 2063 2073; x_wconf 80' lang='lat' dir='ltr'><strong>Sucltrano</strong></span> <span class='ocrx_word' id='word_1_347' title='bbox 2120 2008 2342 2091; x_wconf 82' lang='lat' dir='ltr'><strong>ﬁlioque</strong></span> <span class='ocrx_word' id='word_1_348' title='bbox 2369 2023 2543 2091; x_wconf 87' lang='lat' dir='ltr'><strong>ipsius</strong></span> <span class='ocrx_word' id='word_1_349' title='bbox 2575 2022 2906 2078; x_wconf 83' lang='lat' dir='ltr'><strong>Zormaltaro</strong></span> <span class='ocrx_word' id='word_1_350' title='bbox 2936 2026 3323 2082; x_wconf 86' lang='lat' dir='ltr'><strong>administran-</strong></span> 
     </span>
    </p>
   </div>
   <div class='ocr_carea' id='block_1_51' title="bbox 1765 2105 3322 2182">
    <p class='ocr_par' dir='ltr' id='par_1_51' title="bbox 1765 2105 3322 2182">
     <span class='ocr_line' id='line_1_51' title="bbox 1765 2105 3322 2182; baseline 0.006 -19"><span class='ocrx_word' id='word_1_351' title='bbox 1765 2109 1893 2163; x_wconf 89' lang='lat' dir='ltr'><strong>dum</strong></span> <span class='ocrx_word' id='word_1_352' title='bbox 1927 2111 2219 2176; x_wconf 87' lang='lat' dir='ltr'><strong>commisit,</strong></span> <span class='ocrx_word' id='word_1_353' title='bbox 2264 2113 2563 2182; x_wconf 87' lang='lat' dir='ltr'><strong>urbemque</strong></span> <span class='ocrx_word' id='word_1_354' title='bbox 2617 2114 2759 2168; x_wconf 84' lang='lat' dir='ltr'><strong>inter</strong></span> <span class='ocrx_word' id='word_1_355' title='bbox 2803 2116 3003 2170; x_wconf 80' lang='lat' dir='ltr'><strong>Abwaz</strong></span> <span class='ocrx_word' id='word_1_356' title='bbox 3050 2105 3114 2172; x_wconf 32' lang='lat' dir='ltr'><strong>et.</strong></span> <span class='ocrx_word' id='word_1_357' title='bbox 3143 2118 3322 2176; x_wconf 76' lang='lat' dir='ltr'><strong>Persi-</strong></span> 
     </span>
    </p>
   </div>
   <div class='ocr_carea' id='block_1_52' title="bbox 1767 2201 3324 2278">
    <p class='ocr_par' dir='ltr' id='par_1_52' title="bbox 1767 2201 3324 2278">
     <span class='ocr_line' id='line_1_52' title="bbox 1767 2201 3324 2278; baseline 0.007 -24"><span class='ocrx_word' id='word_1_358' title='bbox 1767 2201 1887 2254; x_wconf 88' lang='lat' dir='ltr'><strong>dem</strong></span> <span class='ocrx_word' id='word_1_359' title='bbox 1910 2201 2173 2265; x_wconf 83' lang='lat' dir='ltr'><strong>condidit,</strong></span> <span class='ocrx_word' id='word_1_360' title='bbox 2204 2217 2364 2271; x_wconf 90' lang='lat' dir='ltr'><strong>quam</strong></span> <span class='ocrx_word' id='word_1_361' title='bbox 2396 2201 2582 2258; x_wconf 84' lang='lat' dir='ltr'><strong>Kobad</strong></span> <span class='ocrx_word' id='word_1_362' title='bbox 2611 2205 2828 2260; x_wconf 87' lang='lat' dir='ltr'><strong>Chorab</strong></span> <span class='ocrx_word' id='word_1_363' title='bbox 2871 2208 3179 2275; x_wconf 82' lang='lat' dir='ltr'><strong>appellavit,</strong></span> <span class='ocrx_word' id='word_1_364' title='bbox 3203 2225 3324 2278; x_wconf 59' lang='lat' dir='ltr'><strong>quae</strong></span> 
     </span>
    </p>
   </div>
   <div class='ocr_carea' id='block_1_53' title="bbox 1765 2289 3321 2364">
    <p class='ocr_par' dir='ltr' id='par_1_53' title="bbox 1765 2289 3321 2364">
     <span class='ocr_line' id='line_1_53' title="bbox 1765 2289 3321 2364; baseline 0.004 -20"><span class='ocrx_word' id='word_1_365' title='bbox 1765 2299 1818 2344; x_wconf 89' lang='lat' dir='ltr'><strong>et</strong></span> <span class='ocrx_word' id='word_1_366' title='bbox 1846 2289 2082 2357; x_wconf 78' lang='lat' dir='ltr'><strong>AlRajan</strong></span> <span class='ocrx_word' id='word_1_367' title='bbox 2146 2300 2286 2356; x_wconf 92' lang='lat' dir='ltr'><strong>est,</strong></span> <span class='ocrx_word' id='word_1_368' title='bbox 2341 2293 2396 2346; x_wconf 92' lang='lat' dir='ltr'><strong>iu</strong></span> <span class='ocrx_word' id='word_1_369' title='bbox 2457 2309 2564 2362; x_wconf 90' lang='lat' dir='ltr'><strong>qua</strong></span> <span class='ocrx_word' id='word_1_370' title='bbox 2619 2296 2861 2364; x_wconf 85' lang='lat' dir='ltr'><strong>captivos</strong></span> <span class='ocrx_word' id='word_1_371' title='bbox 2918 2295 3321 2353; x_wconf 80' lang='lat' dir='ltr'><strong>llamdanenses</strong></span> 
     </span>
    </p>
   </div>
   <div class='ocr_carea' id='block_1_54' title="bbox 1765 2381 3324 2455">
    <p class='ocr_par' dir='ltr' id='par_1_54' title="bbox 1765 2381 3324 2455">
     <span class='ocr_line' id='line_1_54' title="bbox 1765 2381 3324 2455; baseline 0.005 -20"><span class='ocrx_word' id='word_1_372' title='bbox 1765 2381 2072 2444; x_wconf 89' lang='lat' dir='ltr'><strong>collocavit,</strong></span> <span class='ocrx_word' id='word_1_373' title='bbox 2103 2382 2290 2435; x_wconf 85' lang='lat' dir='ltr'><strong>urbem</strong></span> <span class='ocrx_word' id='word_1_374' title='bbox 2321 2383 2485 2436; x_wconf 90' lang='lat' dir='ltr'><strong>etiam</strong></span> <span class='ocrx_word' id='word_1_375' title='bbox 2520 2399 2687 2453; x_wconf 88' lang='lat' dir='ltr'><strong>prope</strong></span> <span class='ocrx_word' id='word_1_376' title='bbox 2732 2385 3006 2450; x_wconf 78' lang='lat' dir='ltr'><strong>AlMabat,</strong></span> <span class='ocrx_word' id='word_1_377' title='bbox 3070 2403 3188 2455; x_wconf 78' lang='lat' dir='ltr'><strong>qua:</strong></span> <span class='ocrx_word' id='word_1_378' title='bbox 3218 2388 3324 2443; x_wconf 85' lang='lat' dir='ltr'><strong>Ila-</strong></span> 
     </span>
    </p>
   </div>
   <div class='ocr_carea' id='block_1_55' title="bbox 1767 2474 3324 2547">
    <p class='ocr_par' dir='ltr' id='par_1_55' title="bbox 1767 2474 3324 2547">
     <span class='ocr_line' id='line_1_55' title="bbox 1767 2474 3324 2547; baseline 0.006 -22"><span class='ocrx_word' id='word_1_379' title='bbox 1767 2474 2300 2547; x_wconf 65' lang='lat' dir='ltr'><strong>rawadappellatur,</strong></span> <span class='ocrx_word' id='word_1_380' title='bbox 2333 2489 2432 2544; x_wconf 74' lang='lat' dir='ltr'><strong>nec</strong></span> <span class='ocrx_word' id='word_1_381' title='bbox 2469 2491 2578 2533; x_wconf 89' lang='lat' dir='ltr'><strong>non</strong></span> <span class='ocrx_word' id='word_1_382' title='bbox 2618 2477 2776 2530; x_wconf 87' lang='lat' dir='ltr'><strong>aliam</strong></span> <span class='ocrx_word' id='word_1_383' title='bbox 2819 2478 2873 2531; x_wconf 91' lang='lat' dir='ltr'><strong>in</strong></span> <span class='ocrx_word' id='word_1_384' title='bbox 2915 2478 3148 2533; x_wconf 77' lang='lat' dir='ltr'><strong>Azdsltir</strong></span> <span class='ocrx_word' id='word_1_385' title='bbox 3181 2480 3324 2534; x_wconf 77' lang='lat' dir='ltr'><strong>Clio-</strong></span> 
     </span>
    </p>
   </div>
   <div class='ocr_carea' id='block_1_56' title="bbox 1768 2564 3324 2638">
    <p class='ocr_par' dir='ltr' id='par_1_56' title="bbox 1768 2564 3324 2638">
     <span class='ocr_line' id='line_1_56' title="bbox 1768 2564 3324 2638; baseline 0.005 -21"><span class='ocrx_word' id='word_1_386' title='bbox 1768 2565 1890 2626; x_wconf 87' lang='lat' dir='ltr'><strong>rab.</strong></span> <span class='ocrx_word' id='word_1_387' title='bbox 1923 2579 2044 2632; x_wconf 75' lang='lat' dir='ltr'><strong>qnze</strong></span> <span class='ocrx_word' id='word_1_388' title='bbox 2074 2564 2292 2629; x_wconf 71' lang='lat' dir='ltr'><strong>Kobad,</strong></span> <span class='ocrx_word' id='word_1_389' title='bbox 2322 2565 2540 2620; x_wconf 87' lang='lat' dir='ltr'><strong>Chorab</strong></span> <span class='ocrx_word' id='word_1_390' title='bbox 2599 2566 2789 2634; x_wconf 84' lang='lat' dir='ltr'><strong>audit;</strong></span> <span class='ocrx_word' id='word_1_391' title='bbox 2850 2570 3154 2637; x_wconf 85' lang='lat' dir='ltr'><strong>multasque</strong></span> <span class='ocrx_word' id='word_1_392' title='bbox 3190 2586 3324 2638; x_wconf 61' lang='lat' dir='ltr'><strong>prce-,-</strong></span> 
     </span>
    </p>
   </div>
   <div class='ocr_carea' id='block_1_57' title="bbox 1770 2652 3321 2736">
    <p class='ocr_par' dir='ltr' id='par_1_57' title="bbox 1770 2652 3321 2736">
     <span class='ocr_line' id='line_1_57' title="bbox 1770 2652 3321 2736; baseline 0.003 -28"><span class='ocrx_word' id='word_1_393' title='bbox 1770 2665 1918 2736; x_wconf 78' lang='lat' dir='ltr'><strong>terca</strong></span> <span class='ocrx_word' id='word_1_394' title='bbox 1953 2657 2113 2710; x_wconf 86' lang='lat' dir='ltr'><strong>urbes</strong></span> <span class='ocrx_word' id='word_1_395' title='bbox 2158 2652 2414 2724; x_wconf 77' lang='lat' dir='ltr'><strong>vicosque</strong></span> <span class='ocrx_word' id='word_1_396' title='bbox 2461 2658 2729 2725; x_wconf 88' lang='lat' dir='ltr'><strong>condidit,</strong></span> <span class='ocrx_word' id='word_1_397' title='bbox 2781 2673 3080 2730; x_wconf 86' lang='lat' dir='ltr'><strong>amnesque</strong></span> <span class='ocrx_word' id='word_1_398' title='bbox 3115 2653 3321 2730; x_wconf 74' lang='lat' dir='ltr'><strong>eﬂ’odit,</strong></span> 
     </span>
    </p>
   </div>
   <div class='ocr_carea' id='block_1_58' title="bbox 1769 2751 2649 2825">
    <p class='ocr_par' dir='ltr' id='par_1_58' title="bbox 1769 2751 2649 2825">
     <span class='ocr_line' id='line_1_58' title="bbox 1769 2751 2649 2825; baseline 0.005 -25"><span class='ocrx_word' id='word_1_399' title='bbox 1769 2762 2042 2815; x_wconf 88' lang='lat' dir='ltr'><strong>arcusque</strong></span> <span class='ocrx_word' id='word_1_400' title='bbox 2069 2755 2123 2802; x_wconf 91' lang='lat' dir='ltr'><strong>et</strong></span> <span class='ocrx_word' id='word_1_401' title='bbox 2145 2756 2334 2816; x_wconf 88' lang='lat' dir='ltr'><strong>pontes</strong></span> <span class='ocrx_word' id='word_1_402' title='bbox 2359 2751 2649 2825; x_wconf 42' lang='lat' dir='ltr'><strong>e‘xstruﬁt.</strong></span> 
     </span>
    </p>
   </div>
   <div class='ocr_carea' id='block_1_59' title="bbox 1840 2838 3321 2913">
    <p class='ocr_par' dir='ltr' id='par_1_59' title="bbox 1840 2838 3321 2913">
     <span class='ocr_line' id='line_1_59' title="bbox 1840 2838 3321 2913; baseline 0.003 -19"><span class='ocrx_word' id='word_1_403' title='bbox 1840 2838 1987 2894; x_wconf 82' lang='lat' dir='ltr'><strong>Obiit</strong></span> <span class='ocrx_word' id='word_1_404' title='bbox 2018 2849 2197 2892; x_wconf 87' lang='lat' dir='ltr'><strong>autem</strong></span> <span class='ocrx_word' id='word_1_405' title='bbox 2228 2838 2410 2893; x_wconf 85' lang='lat' dir='ltr'><strong>Zenon</strong></span> <span class='ocrx_word' id='word_1_406' title='bbox 2442 2839 2810 2894; x_wconf 78' lang='lat' dir='ltr'><strong>Romanorum</strong></span> <span class='ocrx_word' id='word_1_407' title='bbox 2847 2842 3142 2912; x_wconf 88' lang='lat' dir='ltr'><strong>imperator</strong></span> <span class='ocrx_word' id='word_1_408' title='bbox 3175 2854 3321 2913; x_wconf 87' lang='lat' dir='ltr'><strong>post-</strong></span> 
     </span>
    </p>
   </div>
   <div class='ocr_carea' id='block_1_60' title="bbox 1769 2924 3322 3010">
    <p class='ocr_par' dir='ltr' id='par_1_60' title="bbox 1769 2924 3322 3010">
     <span class='ocr_line' id='line_1_60' title="bbox 1769 2924 3322 3010; baseline 0.003 -28"><span class='ocrx_word' id='word_1_409' title='bbox 1769 2945 1929 2992; x_wconf 87' lang='lat' dir='ltr'><strong>quam</strong></span> <span class='ocrx_word' id='word_1_410' title='bbox 1968 2943 2149 2986; x_wconf 85' lang='lat' dir='ltr'><strong>annos</strong></span> <span class='ocrx_word' id='word_1_411' title='bbox 2179 2927 2566 3005; x_wconf 83' lang='lat' dir='ltr'><strong>septemdecim</strong></span> <span class='ocrx_word' id='word_1_412' title='bbox 2592 2929 2936 2998; x_wconf 83' lang='lat' dir='ltr'><strong>imperasset,</strong></span> <span class='ocrx_word' id='word_1_413' title='bbox 2969 2933 3130 3001; x_wconf 91' lang='lat' dir='ltr'><strong>idque</strong></span> <span class='ocrx_word' id='word_1_414' title='bbox 3177 2924 3322 3010; x_wconf 71' lang='lat' dir='ltr'><strong>anno</strong></span> 
     </span>
    </p>
   </div>
   <div class='ocr_carea' id='block_1_61' title="bbox 109 3019 3318 3117">
    <p class='ocr_par' dir='ltr' id='par_1_61' title="bbox 109 3019 3318 3117">
     <span class='ocr_line' id='line_1_61' title="bbox 109 3019 3318 3117; baseline 0.003 -49"><span class='ocrx_word' id='word_1_415' title='bbox 109 3019 300 3086; x_wconf 70' lang='lat' dir='ltr'><strong>viginti</strong></span> <span class='ocrx_word' id='word_1_416' title='bbox 336 3029 568 3087; x_wconf 79' lang='lat' dir='ltr'><strong>septem.</strong></span> <span class='ocrx_word' id='word_1_417' title='bbox 604 3019 1119 3089; x_wconf 82' lang='lat' dir='ltr'><strong>Contenderuutque</strong></span> <span class='ocrx_word' id='word_1_418' title='bbox 1149 3022 1289 3074; x_wconf 86' lang='lat' dir='ltr'><strong>inter</strong></span> <span class='ocrx_word' id='word_1_419' title='bbox 1318 3036 1374 3074; x_wconf 90' lang='lat' dir='ltr'><strong>se</strong></span> <span class='ocrx_word' id='word_1_420' title='bbox 1402 3021 1468 3076; x_wconf 90' lang='lat' dir='ltr'><strong>de</strong></span> <span class='ocrx_word' id='word_1_421' title='bbox 1498 3039 1666 3094; x_wconf 87' lang='lat' dir='ltr'><strong>regno</strong></span> <span class='ocrx_word' id='word_1_422' title='bbox 1691 3053 1738 3117; x_wconf 65' lang='grc' dir='ltr'><strong>ρ</strong></span> <span class='ocrx_word' id='word_1_423' title='bbox 1771 3021 1916 3090; x_wconf 81' lang='lat' dir='ltr'><strong>regni</strong></span> <span class='ocrx_word' id='word_1_424' title='bbox 1950 3020 2186 3075; x_wconf 65' lang='lat' dir='ltr'><strong>Kolladis</strong></span> <span class='ocrx_word' id='word_1_425' title='bbox 2215 3020 2304 3074; x_wconf 73' lang='lat' dir='ltr'><strong>ﬁlii</strong></span> <span class='ocrx_word' id='word_1_426' title='bbox 2347 3020 2565 3074; x_wconf 77' lang='lat' dir='ltr'><strong>Phil&#39;ttzi</strong></span> <span class='ocrx_word' id='word_1_427' title='bbox 2603 3021 2745 3088; x_wconf 73' lang='lat' dir='ltr'><strong>regis</strong></span> <span class='ocrx_word' id='word_1_428' title='bbox 2796 3020 3086 3078; x_wconf 78' lang='lat' dir='ltr'><strong>Persarum</strong></span> <span class='ocrx_word' id='word_1_429' title='bbox 3108 3024 3318 3092; x_wconf 89' lang='lat' dir='ltr'><strong>quinto,</strong></span> 
     </span>
    </p>
   </div>
   <div class='ocr_carea' id='block_1_62' title="bbox 110 3108 1662 3176">
    <p class='ocr_par' dir='ltr' id='par_1_62' title="bbox 110 3108 1662 3176">
     <span class='ocr_line' id='line_1_62' title="bbox 110 3108 1662 3176; baseline 0.003 -16"><span class='ocrx_word' id='word_1_430' title='bbox 110 3111 201 3162; x_wconf 76' lang='lat' dir='ltr'><strong>lilii</strong></span> <span class='ocrx_word' id='word_1_431' title='bbox 230 3109 408 3176; x_wconf 79' lang='lat' dir='ltr'><strong>ipsius</strong></span> <span class='ocrx_word' id='word_1_432' title='bbox 455 3109 645 3162; x_wconf 70' lang='grc' dir='ltr'><strong>Κυωὰ</strong></span> <span class='ocrx_word' id='word_1_433' title='bbox 702 3119 753 3162; x_wconf 91' lang='lat' dir='ltr'><strong>et</strong></span> <span class='ocrx_word' id='word_1_434' title='bbox 811 3108 1055 3174; x_wconf 87' lang='lat' dir='ltr'><strong>Balabes,</strong></span> <span class='ocrx_word' id='word_1_435' title='bbox 1107 3111 1278 3163; x_wconf 85' lang='lat' dir='ltr'><strong>donec</strong></span> <span class='ocrx_word' id='word_1_436' title='bbox 1323 3109 1547 3166; x_wconf 85' lang='lat' dir='ltr'><strong>Balabes</strong></span> <span class='ocrx_word' id='word_1_437' title='bbox 1587 3114 1662 3165; x_wconf 84' lang='lat' dir='ltr'><strong>vi-</strong></span> 
     </span>
    </p>
   </div>
   <div class='ocr_carea' id='block_1_63' title="bbox 113 3189 1666 3280">
    <p class='ocr_par' dir='ltr' id='par_1_63' title="bbox 113 3189 1666 3280">
     <span class='ocr_line' id='line_1_63' title="bbox 113 3189 1666 3280; baseline 0.002 -27"><span class='ocrx_word' id='word_1_438' title='bbox 113 3212 256 3253; x_wconf 79' lang='lat' dir='ltr'><strong>Clum</strong></span> <span class='ocrx_word' id='word_1_439' title='bbox 320 3199 602 3251; x_wconf 74' lang='lat' dir='ltr'><strong>liobadum</strong></span> <span class='ocrx_word' id='word_1_440' title='bbox 659 3213 723 3250; x_wconf 86' lang='lat' dir='ltr'><strong>eo</strong></span> <span class='ocrx_word' id='word_1_441' title='bbox 785 3199 1079 3264; x_wconf 81' lang='lat' dir='ltr'><strong>abdicaret,</strong></span> <span class='ocrx_word' id='word_1_442' title='bbox 1142 3201 1235 3268; x_wconf 91' lang='lat' dir='ltr'><strong>qui</strong></span> <span class='ocrx_word' id='word_1_443' title='bbox 1293 3189 1666 3280; x_wconf 48' lang='lat' dir='ltr'><strong>Cltora&#39;sanum</strong></span> 
     </span>
    </p>
   </div>
   <div class='ocr_carea' id='block_1_64' title="bbox 111 3288 1670 3361">
    <p class='ocr_par' dir='ltr' id='par_1_64' title="bbox 111 3288 1670 3361">
     <span class='ocr_line' id='line_1_64' title="bbox 111 3288 1670 3361; baseline 0 -18"><span class='ocrx_word' id='word_1_444' title='bbox 111 3309 240 3358; x_wconf 69' lang='lat' dir='ltr'><strong>ergo</strong></span> <span class='ocrx_word' id='word_1_445' title='bbox 278 3291 434 3357; x_wconf 83' lang='lat' dir='ltr'><strong>petiit</strong></span> <span class='ocrx_word' id='word_1_446' title='bbox 464 3289 722 3341; x_wconf 76' lang='lat' dir='ltr'><strong>auxilium</strong></span> <span class='ocrx_word' id='word_1_447' title='bbox 770 3303 800 3341; x_wconf 92' lang='lat' dir='ltr'><strong>a</strong></span> <span class='ocrx_word' id='word_1_448' title='bbox 851 3288 1102 3342; x_wconf 82' lang='lat' dir='ltr'><strong>Cbakano</strong></span> <span class='ocrx_word' id='word_1_449' title='bbox 1140 3290 1438 3356; x_wconf 79' lang='lat' dir='ltr'><strong>Turcarum</strong></span> <span class='ocrx_word' id='word_1_450' title='bbox 1499 3292 1670 3361; x_wconf 85' lang='lat' dir='ltr'><strong>impc-</strong></span> 
     </span>
    </p>
   </div>
   <div class='ocr_carea' id='block_1_65' title="bbox 114 3376 1668 3448">
    <p class='ocr_par' dir='ltr' id='par_1_65' title="bbox 114 3376 1668 3448">
     <span class='ocr_line' id='line_1_65' title="bbox 114 3376 1668 3448; baseline 0.001 -19"><span class='ocrx_word' id='word_1_451' title='bbox 114 3390 296 3448; x_wconf 64' lang='lat' dir='ltr'><strong>[atate</strong></span> <span class='ocrx_word' id='word_1_452' title='bbox 335 3387 530 3429; x_wconf 83' lang='lat' dir='ltr'><strong>contra</strong></span> <span class='ocrx_word' id='word_1_453' title='bbox 561 3376 780 3430; x_wconf 79' lang='lat' dir='ltr'><strong>fratrem</strong></span> <span class='ocrx_word' id='word_1_454' title='bbox 811 3391 969 3430; x_wconf 90' lang='lat' dir='ltr'><strong>suum</strong></span> <span class='ocrx_word' id='word_1_455' title='bbox 1021 3377 1268 3440; x_wconf 87' lang='lat' dir='ltr'><strong>petitum.</strong></span> <span class='ocrx_word' id='word_1_456' title='bbox 1302 3376 1668 3447; x_wconf 83' lang='lat' dir='ltr'><strong>Regnavitque</strong></span> 
     </span>
    </p>
   </div>
   <div class='ocr_carea' id='block_1_66' title="bbox 110 3467 1669 3544">
    <p class='ocr_par' dir='ltr' id='par_1_66' title="bbox 110 3467 1669 3544">
     <span class='ocr_line' id='line_1_66' title="bbox 110 3467 1669 3544; baseline 0.001 -22"><span class='ocrx_word' id='word_1_457' title='bbox 110 3469 339 3544; x_wconf 69' lang='lat' dir='ltr'><strong>Balabes</strong></span> <span class='ocrx_word' id='word_1_458' title='bbox 380 3467 518 3521; x_wconf 90' lang='lat' dir='ltr'><strong>bene</strong></span> <span class='ocrx_word' id='word_1_459' title='bbox 571 3482 628 3519; x_wconf 89' lang='lat' dir='ltr'><strong>se</strong></span> <span class='ocrx_word' id='word_1_460' title='bbox 665 3467 716 3519; x_wconf 85' lang='lat' dir='ltr'><strong>in</strong></span> <span class='ocrx_word' id='word_1_461' title='bbox 774 3467 1027 3521; x_wconf 92' lang='lat' dir='ltr'><strong>omnibus</strong></span> <span class='ocrx_word' id='word_1_462' title='bbox 1070 3483 1286 3538; x_wconf 82' lang='lat' dir='ltr'><strong>gerens.</strong></span> <span class='ocrx_word' id='word_1_463' title='bbox 1344 3470 1669 3538; x_wconf 89' lang='lat' dir='ltr'><strong>conditaque</strong></span> 
     </span>
    </p>
   </div>
   <div class='ocr_carea' id='block_1_67' title="bbox 112 3556 1669 3628">
    <p class='ocr_par' dir='ltr' id='par_1_67' title="bbox 112 3556 1669 3628">
     <span class='ocr_line' id='line_1_67' title="bbox 112 3556 1669 3628; baseline -0.001 -14"><span class='ocrx_word' id='word_1_464' title='bbox 112 3562 243 3614; x_wconf 88' lang='lat' dir='ltr'><strong>urbe</strong></span> <span class='ocrx_word' id='word_1_465' title='bbox 275 3561 451 3628; x_wconf 71' lang='lat' dir='ltr'><strong>ipsam</strong></span> <span class='ocrx_word' id='word_1_466' title='bbox 507 3556 747 3612; x_wconf 74' lang='lat' dir='ltr'><strong>Balasur‘</strong></span> <span class='ocrx_word' id='word_1_467' title='bbox 782 3557 1088 3625; x_wconf 75' lang='lat' dir='ltr'><strong>appellavit.</strong></span> <span class='ocrx_word' id='word_1_468' title='bbox 1145 3561 1214 3611; x_wconf 88' lang='lat' dir='ltr'><strong>At</strong></span> <span class='ocrx_word' id='word_1_469' title='bbox 1263 3574 1385 3612; x_wconf 91' lang='lat' dir='ltr'><strong>cum</strong></span> <span class='ocrx_word' id='word_1_470' title='bbox 1437 3571 1669 3628; x_wconf 81' lang='lat' dir='ltr'><strong>quatuor</strong></span> 
     </span>
    </p>
   </div>
   <div class='ocr_carea' id='block_1_68' title="bbox 111 3646 1670 3718">
    <p class='ocr_par' dir='ltr' id='par_1_68' title="bbox 111 3646 1670 3718">
     <span class='ocr_line' id='line_1_68' title="bbox 111 3646 1670 3718; baseline -0.003 -14"><span class='ocrx_word' id='word_1_471' title='bbox 111 3666 285 3704; x_wconf 79' lang='lat' dir='ltr'><strong>annos</strong></span> <span class='ocrx_word' id='word_1_472' title='bbox 314 3655 592 3718; x_wconf 79' lang='lat' dir='ltr'><strong>regnasset</strong></span> <span class='ocrx_word' id='word_1_473' title='bbox 629 3647 738 3700; x_wconf 80' lang='lat' dir='ltr'><strong>fato</strong></span> <span class='ocrx_word' id='word_1_474' title='bbox 780 3646 995 3700; x_wconf 82' lang='lat' dir='ltr'><strong>functus</strong></span> <span class='ocrx_word' id='word_1_475' title='bbox 1025 3657 1129 3712; x_wconf 86' lang='lat' dir='ltr'><strong>est,</strong></span> <span class='ocrx_word' id='word_1_476' title='bbox 1179 3647 1338 3716; x_wconf 84' lang='lat' dir='ltr'><strong>idque</strong></span> <span class='ocrx_word' id='word_1_477' title='bbox 1369 3662 1511 3702; x_wconf 83' lang='lat' dir='ltr'><strong>anno</strong></span> <span class='ocrx_word' id='word_1_478' title='bbox 1566 3649 1670 3702; x_wconf 89' lang='lat' dir='ltr'><strong>im-</strong></span> 
     </span>
    </p>
   </div>
   <div class='ocr_carea' id='block_1_69' title="bbox 111 3736 1668 3812">
    <p class='ocr_par' dir='ltr' id='par_1_69' title="bbox 111 3736 1668 3812">
     <span class='ocr_line' id='line_1_69' title="bbox 111 3736 1668 3812; baseline -0.003 -17"><span class='ocrx_word' id='word_1_479' title='bbox 111 3743 249 3812; x_wconf 88' lang='lat' dir='ltr'><strong>perii</strong></span> <span class='ocrx_word' id='word_1_480' title='bbox 315 3737 555 3792; x_wconf 87' lang='lat' dir='ltr'><strong>Zenonis</strong></span> <span class='ocrx_word' id='word_1_481' title='bbox 607 3736 975 3790; x_wconf 76' lang='lat' dir='ltr'><strong>Romanorum</strong></span> <span class='ocrx_word' id='word_1_482' title='bbox 1038 3738 1378 3806; x_wconf 87' lang='lat' dir='ltr'><strong>imperatoris</strong></span> <span class='ocrx_word' id='word_1_483' title='bbox 1437 3738 1668 3792; x_wconf 89' lang='lat' dir='ltr'><strong>decimo.</strong></span> 
     </span>
    </p>
   </div>
   <div class='ocr_carea' id='block_1_70' title="bbox 109 3827 1665 3896">
    <p class='ocr_par' dir='ltr' id='par_1_70' title="bbox 109 3827 1665 3896">
     <span class='ocr_line' id='line_1_70' title="bbox 109 3827 1665 3896; baseline -0.004 -9"><span class='ocrx_word' id='word_1_484' title='bbox 109 3833 248 3887; x_wconf 81' lang='lat' dir='ltr'><strong>Cum</strong></span> <span class='ocrx_word' id='word_1_485' title='bbox 296 3842 481 3883; x_wconf 88' lang='lat' dir='ltr'><strong>autem</strong></span> <span class='ocrx_word' id='word_1_486' title='bbox 545 3827 978 3896; x_wconf 79' lang='lat' dir='ltr'><strong>proﬁcisceretur</strong></span> <span class='ocrx_word' id='word_1_487' title='bbox 1045 3827 1228 3881; x_wconf 81' lang='lat' dir='ltr'><strong>Kobad</strong></span> <span class='ocrx_word' id='word_1_488' title='bbox 1292 3829 1665 3883; x_wconf 78' lang='lat' dir='ltr'><strong>Cltorasanum</strong></span> 
     </span>
    </p>
   </div>
   <div class='ocr_carea' id='block_1_71' title="bbox 117 3916 1668 3991">
    <p class='ocr_par' dir='ltr' id='par_1_71' title="bbox 117 3916 1668 3991">
     <span class='ocr_line' id='line_1_71' title="bbox 117 3916 1668 3991; baseline -0.002 -16"><span class='ocrx_word' id='word_1_489' title='bbox 117 3919 615 3991; x_wconf 29' lang='lat' dir='ltr'><strong>ipsum..comitatus</strong></span> <span class='ocrx_word' id='word_1_490' title='bbox 636 3925 718 3971; x_wconf 89' lang='lat' dir='ltr'><strong>est</strong></span> <span class='ocrx_word' id='word_1_491' title='bbox 756 3916 1051 3970; x_wconf 87' lang='lat' dir='ltr'><strong>Zormabar</strong></span> <span class='ocrx_word' id='word_1_492' title='bbox 1087 3917 1350 3970; x_wconf 84' lang='lat' dir='ltr'><strong>Suchrani</strong></span> <span class='ocrx_word' id='word_1_493' title='bbox 1391 3918 1566 3981; x_wconf 84' lang='lat' dir='ltr'><strong>tilias;</strong></span> <span class='ocrx_word' id='word_1_494' title='bbox 1602 3933 1668 3972; x_wconf 89' lang='lat' dir='ltr'><strong>co</strong></span> 
     </span>
    </p>
   </div>
   <div class='ocr_carea' id='block_1_72' title="bbox 112 4005 1668 4082">
    <p class='ocr_par' dir='ltr' id='par_1_72' title="bbox 112 4005 1668 4082">
     <span class='ocr_line' id='line_1_72' title="bbox 112 4005 1668 4082; baseline -0.006 -16"><span class='ocrx_word' id='word_1_495' title='bbox 112 4012 286 4082; x_wconf 81' lang='lat' dir='ltr'><strong>igitur</strong></span> <span class='ocrx_word' id='word_1_496' title='bbox 315 4024 440 4080; x_wconf 81' lang='lat' dir='ltr'><strong>cum</strong></span> <span class='ocrx_word' id='word_1_497' title='bbox 472 4008 846 4076; x_wconf 90' lang='lat' dir='ltr'><strong>pervenissent</strong></span> <span class='ocrx_word' id='word_1_498' title='bbox 874 4005 1127 4058; x_wconf 82' lang='lat' dir='ltr'><strong>diversati</strong></span> <span class='ocrx_word' id='word_1_499' title='bbox 1159 4013 1281 4058; x_wconf 89' lang='lat' dir='ltr'><strong>sunt</strong></span> <span class='ocrx_word' id='word_1_500' title='bbox 1307 4007 1446 4076; x_wconf 87' lang='lat' dir='ltr'><strong>apud</strong></span> <span class='ocrx_word' id='word_1_501' title='bbox 1471 4020 1668 4073; x_wconf 86' lang='lat' dir='ltr'><strong>quem-</strong></span> 
     </span>
    </p>
   </div>
   <div class='ocr_carea' id='block_1_73' title="bbox 116 4094 1666 4165">
    <p class='ocr_par' dir='ltr' id='par_1_73' title="bbox 116 4094 1666 4165">
     <span class='ocr_line' id='line_1_73' title="bbox 116 4094 1666 4165; baseline -0.006 -9"><span class='ocrx_word' id='word_1_502' title='bbox 116 4095 543 4156; x_wconf 82' lang='lat' dir='ltr'><strong>damcdbcibus</strong></span> <span class='ocrx_word' id='word_1_503' title='bbox 574 4097 814 4165; x_wconf 76' lang='lat' dir='ltr'><strong>ipsorum</strong></span> <span class='ocrx_word' id='word_1_504' title='bbox 833 4094 1181 4163; x_wconf 89' lang='lat' dir='ltr'><strong>primoribus,</strong></span> <span class='ocrx_word' id='word_1_505' title='bbox 1209 4109 1364 4161; x_wconf 90' lang='lat' dir='ltr'><strong>quem</strong></span> <span class='ocrx_word' id='word_1_506' title='bbox 1395 4096 1666 4161; x_wconf 85' lang='lat' dir='ltr'><strong>negotium</strong></span> 
     </span>
    </p>
   </div>
   <div class='ocr_carea' id='block_1_74' title="bbox 115 4182 1667 4247">
    <p class='ocr_par' dir='ltr' id='par_1_74' title="bbox 115 4182 1667 4247">
     <span class='ocr_line' id='line_1_74' title="bbox 115 4182 1667 4247; baseline -0.006 1"><span class='ocrx_word' id='word_1_507' title='bbox 115 4199 280 4247; x_wconf 80' lang='lat' dir='ltr'><strong>suum</strong></span> <span class='ocrx_word' id='word_1_508' title='bbox 341 4189 604 4247; x_wconf 88' lang='lat' dir='ltr'><strong>celarunt.</strong></span> <span class='ocrx_word' id='word_1_509' title='bbox 632 4186 776 4239; x_wconf 78' lang='lat' dir='ltr'><strong>Dixit</strong></span> <span class='ocrx_word' id='word_1_510' title='bbox 825 4194 1004 4237; x_wconf 87' lang='lat' dir='ltr'><strong>autem</strong></span> <span class='ocrx_word' id='word_1_511' title='bbox 1053 4182 1380 4238; x_wconf 86' lang='lat' dir='ltr'><strong>Zormaltaro</strong></span> <span class='ocrx_word' id='word_1_512' title='bbox 1437 4182 1667 4238; x_wconf 73' lang='lat' dir='ltr'><strong>Kobad:</strong></span> 
     </span>
    </p>
   </div>
   <div class='ocr_carea' id='block_1_75' title="bbox 117 4273 1666 4349">
    <p class='ocr_par' dir='ltr' id='par_1_75' title="bbox 117 4273 1666 4349">
     <span class='ocr_line' id='line_1_75' title="bbox 117 4273 1666 4349; baseline 0.001 -21"><span class='ocrx_word' id='word_1_513' title='bbox 117 4283 313 4349; x_wconf 58' lang='lat' dir='ltr'><strong>Qum-re</strong></span> <span class='ocrx_word' id='word_1_514' title='bbox 342 4279 500 4346; x_wconf 71' lang='lat'><strong>128</strong></span> <span class='ocrx_word' id='word_1_515' title='bbox 518 4275 646 4328; x_wconf 86' lang='lat' dir='ltr'><strong>mihi</strong></span> <span class='ocrx_word' id='word_1_516' title='bbox 670 4276 899 4344; x_wconf 85' lang='lat' dir='ltr'><strong>aliquam</strong></span> <span class='ocrx_word' id='word_1_517' title='bbox 930 4273 1168 4328; x_wconf 87' lang='lat' dir='ltr'><strong>melioris</strong></span> <span class='ocrx_word' id='word_1_518' title='bbox 1184 4275 1347 4327; x_wconf 88' lang='lat' dir='ltr'><strong>sortis</strong></span> <span class='ocrx_word' id='word_1_519' title='bbox 1364 4275 1666 4344; x_wconf 72' lang='lat' dir='ltr'><strong>mulierem.</strong></span> 
     </span>
    </p>
   </div>
   <div class='ocr_carea' id='block_1_76' title="bbox 1771 3109 3318 3178">
    <p class='ocr_par' dir='ltr' id='par_1_76' title="bbox 1771 3109 3318 3178">
     <span class='ocr_line' id='line_1_76' title="bbox 1771 3109 3318 3178; baseline 0.001 -13"><span class='ocrx_word' id='word_1_520' title='bbox 1771 3113 2070 3178; x_wconf 83' lang='lat' dir='ltr'><strong>imperante</strong></span> <span class='ocrx_word' id='word_1_521' title='bbox 2117 3117 2238 3175; x_wconf 90' lang='lat' dir='ltr'><strong>post</strong></span> <span class='ocrx_word' id='word_1_522' title='bbox 2289 3110 2462 3177; x_wconf 88' lang='lat' dir='ltr'><strong>ipsum</strong></span> <span class='ocrx_word' id='word_1_523' title='bbox 2502 3109 2762 3164; x_wconf 73' lang='lat' dir='ltr'><strong>Romanis</strong></span> <span class='ocrx_word' id='word_1_524' title='bbox 2809 3110 3098 3166; x_wconf 88' lang='lat' dir='ltr'><strong>Anastasio</strong></span> <span class='ocrx_word' id='word_1_525' title='bbox 3145 3128 3318 3166; x_wconf 87' lang='lat' dir='ltr'><strong>annos</strong></span> 
     </span>
    </p>
   </div>
   <div class='ocr_carea' id='block_1_77' title="bbox 1767 3198 3392 3271">
    <p class='ocr_par' dir='ltr' id='par_1_77' title="bbox 1767 3198 3392 3271">
     <span class='ocr_line' id='line_1_77' title="bbox 1767 3198 3392 3271; baseline 0 -15"><span class='ocrx_word' id='word_1_526' title='bbox 1767 3202 1956 3271; x_wconf 85' lang='lat' dir='ltr'><strong>viginti</strong></span> <span class='ocrx_word' id='word_1_527' title='bbox 2023 3211 2256 3270; x_wconf 89' lang='lat' dir='ltr'><strong>septem.</strong></span> <span class='ocrx_word' id='word_1_528' title='bbox 2314 3198 2440 3252; x_wconf 88' lang='lat' dir='ltr'><strong>Fuit</strong></span> <span class='ocrx_word' id='word_1_529' title='bbox 2489 3198 2578 3254; x_wconf 88' lang='lat' dir='ltr'><strong>hic</strong></span> <span class='ocrx_word' id='word_1_530' title='bbox 2625 3199 2892 3263; x_wconf 76' lang='lat' dir='ltr'><strong>Jacobita.</strong></span> <span class='ocrx_word' id='word_1_531' title='bbox 2946 3199 3317 3258; x_wconf 78' lang='lat' dir='ltr'><strong>Melcltitantm</strong></span> <span class='ocrx_word' id='word_1_532' title='bbox 3389 3238 3392 3243; x_wconf 87' lang='lat'><strong><em>-</em></strong></span> 
     </span>
    </p>
   </div>
   <div class='ocr_carea' id='block_1_78' title="bbox 1769 3291 3316 3362">
    <p class='ocr_par' dir='ltr' id='par_1_78' title="bbox 1769 3291 3316 3362">
     <span class='ocr_line' id='line_1_78' title="bbox 1769 3291 3316 3362; baseline 0.001 -16"><span class='ocrx_word' id='word_1_533' title='bbox 1769 3291 2033 3346; x_wconf 66' lang='lat' dir='ltr'><strong>doctrinae</strong></span> <span class='ocrx_word' id='word_1_534' title='bbox 2079 3291 2380 3354; x_wconf 86' lang='lat' dir='ltr'><strong>adversus;</strong></span> <span class='ocrx_word' id='word_1_535' title='bbox 2435 3299 2600 3344; x_wconf 85' lang='lat' dir='ltr'><strong>natus</strong></span> <span class='ocrx_word' id='word_1_536' title='bbox 2640 3291 2693 3344; x_wconf 91' lang='lat' dir='ltr'><strong>in</strong></span> <span class='ocrx_word' id='word_1_537' title='bbox 2732 3293 2870 3360; x_wconf 80' lang='lat' dir='ltr'><strong>urbe</strong></span> <span class='ocrx_word' id='word_1_538' title='bbox 2919 3291 3108 3359; x_wconf 84' lang='lat' dir='ltr'><strong>llama,</strong></span> <span class='ocrx_word' id='word_1_539' title='bbox 3159 3311 3316 3362; x_wconf 87' lang='lat' dir='ltr'><strong>quam</strong></span> 
     </span>
    </p>
   </div>
   <div class='ocr_carea' id='block_1_79' title="bbox 1767 3381 3319 3462">
    <p class='ocr_par' dir='ltr' id='par_1_79' title="bbox 1767 3381 3319 3462">
     <span class='ocr_line' id='line_1_79' title="bbox 1767 3381 3319 3462; baseline -0.001 -23"><span class='ocrx_word' id='word_1_540' title='bbox 1767 3382 2025 3439; x_wconf 70' lang='lat' dir='ltr'><strong>aediﬁcari</strong></span> <span class='ocrx_word' id='word_1_541' title='bbox 2086 3398 2148 3436; x_wconf 90' lang='lat' dir='ltr'><strong>ac</strong></span> <span class='ocrx_word' id='word_1_542' title='bbox 2203 3381 2404 3436; x_wconf 87' lang='lat' dir='ltr'><strong>muniri</strong></span> <span class='ocrx_word' id='word_1_543' title='bbox 2455 3381 2644 3450; x_wconf 84' lang='lat' dir='ltr'><strong>jussit,</strong></span> <span class='ocrx_word' id='word_1_544' title='bbox 2701 3395 2828 3436; x_wconf 89' lang='lat' dir='ltr'><strong>arce</strong></span> <span class='ocrx_word' id='word_1_545' title='bbox 2880 3382 3084 3437; x_wconf 85' lang='lat' dir='ltr'><strong>biennii</strong></span> <span class='ocrx_word' id='word_1_546' title='bbox 3144 3386 3319 3462; x_wconf 74' lang='lat' dir='ltr'><strong>spatio</strong></span> 
     </span>
    </p>
   </div>
   <div class='ocr_carea' id='block_1_80' title="bbox 1769 3465 3314 3550">
    <p class='ocr_par' dir='ltr' id='par_1_80' title="bbox 1769 3465 3314 3550">
     <span class='ocr_line' id='line_1_80' title="bbox 1769 3465 3314 3550; baseline -0.003 -21"><span class='ocrx_word' id='word_1_547' title='bbox 1769 3474 2012 3529; x_wconf 88' lang='lat' dir='ltr'><strong>condita.</strong></span> <span class='ocrx_word' id='word_1_548' title='bbox 2043 3472 2336 3542; x_wconf 83' lang='lat' dir='ltr'><strong>Postquam</strong></span> <span class='ocrx_word' id='word_1_549' title='bbox 2379 3487 2509 3526; x_wconf 88' lang='lat' dir='ltr'><strong>vero</strong></span> <span class='ocrx_word' id='word_1_550' title='bbox 2549 3471 2735 3526; x_wconf 87' lang='lat' dir='ltr'><strong>decem</strong></span> <span class='ocrx_word' id='word_1_551' title='bbox 2772 3472 2882 3541; x_wconf 88' lang='lat' dir='ltr'><strong>jam</strong></span> <span class='ocrx_word' id='word_1_552' title='bbox 2933 3465 3092 3550; x_wconf 12' lang='lat' dir='ltr'><strong>annvis</strong></span> <span class='ocrx_word' id='word_1_553' title='bbox 3122 3475 3314 3546; x_wconf 70' lang='lat' dir='ltr'><strong>impe-</strong></span> 
     </span>
    </p>
   </div>
   <div class='ocr_carea' id='block_1_81' title="bbox 1767 3563 3316 3634">
    <p class='ocr_par' dir='ltr' id='par_1_81' title="bbox 1767 3563 3316 3634">
     <span class='ocr_line' id='line_1_81' title="bbox 1767 3563 3316 3634; baseline -0.001 -13"><span class='ocrx_word' id='word_1_554' title='bbox 1767 3574 1968 3630; x_wconf 88' lang='lat' dir='ltr'><strong>rasset,</strong></span> <span class='ocrx_word' id='word_1_555' title='bbox 2001 3565 2229 3633; x_wconf 89' lang='lat' dir='ltr'><strong>contigit</strong></span> <span class='ocrx_word' id='word_1_556' title='bbox 2257 3563 2568 3617; x_wconf 85' lang='lat' dir='ltr'><strong>hominibus</strong></span> <span class='ocrx_word' id='word_1_557' title='bbox 2591 3563 2646 3617; x_wconf 93' lang='lat' dir='ltr'><strong>in</strong></span> <span class='ocrx_word' id='word_1_558' title='bbox 2669 3563 2888 3618; x_wconf 90' lang='lat' dir='ltr'><strong>Oriente</strong></span> <span class='ocrx_word' id='word_1_559' title='bbox 2919 3563 3090 3633; x_wconf 74' lang='lat' dir='ltr'><strong>fames</strong></span> <span class='ocrx_word' id='word_1_560' title='bbox 3117 3566 3316 3634; x_wconf 79' lang='lat' dir='ltr'><strong>gravis,</strong></span> 
     </span>
    </p>
   </div>
   <div class='ocr_carea' id='block_1_82' title="bbox 1706 3652 3318 3732">
    <p class='ocr_par' dir='ltr' id='par_1_82' title="bbox 1706 3652 3318 3732">
     <span class='ocr_line' id='line_1_82' title="bbox 1706 3652 3318 3732; baseline 0 -22"><span class='ocrx_word' id='word_1_561' title='bbox 1706 3723 1713 3732; x_wconf 83' lang='lat'><em>_</em></span> <span class='ocrx_word' id='word_1_562' title='bbox 1768 3671 2067 3730; x_wconf 82' lang='lat' dir='ltr'><strong>magnaque</strong></span> <span class='ocrx_word' id='word_1_563' title='bbox 2097 3656 2439 3708; x_wconf 86' lang='lat' dir='ltr'><strong>locustarum</strong></span> <span class='ocrx_word' id='word_1_564' title='bbox 2473 3656 2648 3720; x_wconf 87' lang='lat' dir='ltr'><strong>cepia.</strong></span> <span class='ocrx_word' id='word_1_565' title='bbox 2682 3653 2849 3708; x_wconf 85' lang='lat' dir='ltr'><strong>Porro</strong></span> <span class='ocrx_word' id='word_1_566' title='bbox 2873 3652 3029 3724; x_wconf 69' lang='lat'><strong>132</strong></span> <span class='ocrx_word' id='word_1_567' title='bbox 3065 3655 3318 3710; x_wconf 77' lang='lat' dir='ltr'><strong>Kobadcs</strong></span> 
     </span>
    </p>
   </div>
   <div class='ocr_carea' id='block_1_83' title="bbox 1768 3742 3313 3816">
    <p class='ocr_par' dir='ltr' id='par_1_83' title="bbox 1768 3742 3313 3816">
     <span class='ocr_line' id='line_1_83' title="bbox 1768 3742 3313 3816; baseline 0 -18"><span class='ocrx_word' id='word_1_568' title='bbox 1768 3745 2054 3800; x_wconf 78' lang='lat' dir='ltr'><strong>Persarum</strong></span> <span class='ocrx_word' id='word_1_569' title='bbox 2087 3761 2181 3799; x_wconf 79' lang='lat' dir='ltr'><strong>rex</strong></span> <span class='ocrx_word' id='word_1_570' title='bbox 2217 3742 2477 3816; x_wconf 81' lang='lat' dir='ltr'><strong>[urbem]</strong></span> <span class='ocrx_word' id='word_1_571' title='bbox 2513 3745 2775 3798; x_wconf 83' lang='lat' dir='ltr'><strong>Amedum</strong></span> <span class='ocrx_word' id='word_1_572' title='bbox 2815 3759 3105 3814; x_wconf 82' lang='lat' dir='ltr'><strong>aggressus</strong></span> <span class='ocrx_word' id='word_1_573' title='bbox 3140 3748 3313 3816; x_wconf 87' lang='lat' dir='ltr'><strong>ipsam</strong></span> 
     </span>
    </p>
   </div>
   <div class='ocr_carea' id='block_1_84' title="bbox 1767 3834 3317 3907">
    <p class='ocr_par' dir='ltr' id='par_1_84' title="bbox 1767 3834 3317 3907">
     <span class='ocr_line' id='line_1_84' title="bbox 1767 3834 3317 3907; baseline 0.001 -17"><span class='ocrx_word' id='word_1_574' title='bbox 1767 3837 2053 3898; x_wconf 49' lang='lat' dir='ltr'><strong>vastavit;</strong></span> <span class='ocrx_word' id='word_1_575' title='bbox 2082 3837 2358 3904; x_wconf 81' lang='lat' dir='ltr'><strong>missaque</strong></span> <span class='ocrx_word' id='word_1_576' title='bbox 2406 3834 2788 3889; x_wconf 75' lang='lat' dir='ltr'><strong>Alexandriam</strong></span> <span class='ocrx_word' id='word_1_577' title='bbox 2841 3838 3080 3890; x_wconf 83' lang='lat' dir='ltr'><strong>exercitu</strong></span> <span class='ocrx_word' id='word_1_578' title='bbox 3125 3853 3317 3907; x_wconf 81' lang='lat' dir='ltr'><strong>magno</strong></span> 
     </span>
    </p>
   </div>
   <div class='ocr_carea' id='block_1_85' title="bbox 1767 3911 3319 3996">
    <p class='ocr_par' dir='ltr' id='par_1_85' title="bbox 1767 3911 3319 3996">
     <span class='ocr_line' id='line_1_85' title="bbox 1767 3911 3319 3996; baseline 0.005 -20"><span class='ocrx_word' id='word_1_579' title='bbox 1767 3927 2028 3996; x_wconf 88' lang='lat' dir='ltr'><strong>quidquid</strong></span> <span class='ocrx_word' id='word_1_580' title='bbox 2054 3911 2207 3980; x_wconf 78' lang='lat' dir='ltr'><strong>extra</strong></span> <span class='ocrx_word' id='word_1_581' title='bbox 2241 3926 2430 3981; x_wconf 86' lang='lat' dir='ltr'><strong>urbem</strong></span> <span class='ocrx_word' id='word_1_582' title='bbox 2477 3925 2582 3980; x_wconf 81' lang='lat' dir='ltr'><strong>fuit</strong></span> <span class='ocrx_word' id='word_1_583' title='bbox 2615 3925 2880 3981; x_wconf 88' lang='lat' dir='ltr'><strong>incendit.</strong></span> <span class='ocrx_word' id='word_1_584' title='bbox 2939 3925 3214 3996; x_wconf 78' lang='lat' dir='ltr'><strong>Multaque</strong></span> <span class='ocrx_word' id='word_1_585' title='bbox 3264 3941 3319 3984; x_wconf 90' lang='lat' dir='ltr'><strong>et</strong></span> 
     </span>
    </p>
   </div>
   <div class='ocr_carea' id='block_1_86' title="bbox 1769 4011 3320 4084">
    <p class='ocr_par' dir='ltr' id='par_1_86' title="bbox 1769 4011 3320 4084">
     <span class='ocr_line' id='line_1_86' title="bbox 1769 4011 3320 4084; baseline 0 -17"><span class='ocrx_word' id='word_1_586' title='bbox 1769 4015 1952 4084; x_wconf 84' lang='lat' dir='ltr'><strong>gravia</strong></span> <span class='ocrx_word' id='word_1_587' title='bbox 1980 4015 2183 4083; x_wconf 68' lang='lat' dir='ltr'><strong>praelia,</strong></span> <span class='ocrx_word' id='word_1_588' title='bbox 2209 4027 2510 4084; x_wconf 62' lang='lat' dir='ltr'><strong>pugnisque</strong></span> <span class='ocrx_word' id='word_1_589' title='bbox 2541 4011 2882 4078; x_wconf 81' lang='lat' dir='ltr'><strong>frequentes,</strong></span> <span class='ocrx_word' id='word_1_590' title='bbox 2910 4011 3052 4066; x_wconf 88' lang='lat' dir='ltr'><strong>inter</strong></span> <span class='ocrx_word' id='word_1_591' title='bbox 3083 4011 3320 4067; x_wconf 84' lang='lat' dir='ltr'><strong>Kobadis</strong></span> 
     </span>
    </p>
   </div>
   <div class='ocr_carea' id='block_1_87' title="bbox 1771 4094 3320 4173">
    <p class='ocr_par' dir='ltr' id='par_1_87' title="bbox 1771 4094 3320 4173">
     <span class='ocr_line' id='line_1_87' title="bbox 1771 4094 3320 4173; baseline -0.001 -14"><span class='ocrx_word' id='word_1_592' title='bbox 1771 4105 1920 4173; x_wconf 83' lang='lat' dir='ltr'><strong>regis</strong></span> <span class='ocrx_word' id='word_1_593' title='bbox 1953 4094 2240 4160; x_wconf 81' lang='lat' dir='ltr'><strong>Persarum</strong></span> <span class='ocrx_word' id='word_1_594' title='bbox 2265 4111 2318 4158; x_wconf 88' lang='lat' dir='ltr'><strong>et</strong></span> <span class='ocrx_word' id='word_1_595' title='bbox 2357 4103 2631 4158; x_wconf 80' lang='lat' dir='ltr'><strong>Anastasii</strong></span> <span class='ocrx_word' id='word_1_596' title='bbox 2667 4100 3036 4161; x_wconf 81' lang='lat' dir='ltr'><strong>Romanorum</strong></span> <span class='ocrx_word' id='word_1_597' title='bbox 3087 4103 3320 4172; x_wconf 82' lang='lat' dir='ltr'><strong>impera-</strong></span> 
     </span>
    </p>
   </div>
   <div class='ocr_carea' id='block_1_88' title="bbox 1771 4191 3348 4267">
    <p class='ocr_par' dir='ltr' id='par_1_88' title="bbox 1771 4191 3348 4267">
     <span class='ocr_line' id='line_1_88' title="bbox 1771 4191 3348 4267; baseline -0.001 -17"><span class='ocrx_word' id='word_1_598' title='bbox 1771 4196 1904 4251; x_wconf 84' lang='lat' dir='ltr'><strong>toris</strong></span> <span class='ocrx_word' id='word_1_599' title='bbox 1933 4197 2162 4250; x_wconf 90' lang='lat' dir='ltr'><strong>comites</strong></span> <span class='ocrx_word' id='word_1_600' title='bbox 2196 4195 2536 4250; x_wconf 86' lang='lat' dir='ltr'><strong>acciderunt.</strong></span> <span class='ocrx_word' id='word_1_601' title='bbox 2595 4191 2721 4246; x_wconf 84' lang='lat' dir='ltr'><strong>Fuit</strong></span> <span class='ocrx_word' id='word_1_602' title='bbox 2765 4199 2947 4247; x_wconf 89' lang='lat' dir='ltr'><strong>autem</strong></span> <span class='ocrx_word' id='word_1_603' title='bbox 2983 4194 3348 4267; x_wconf 52' lang='lat' dir='ltr'><strong>Alexandria).</strong></span> 
     </span>
    </p>
   </div>
   <div class='ocr_carea' id='block_1_89' title="bbox 1767 4275 3315 4356">
    <p class='ocr_par' dir='ltr' id='par_1_89' title="bbox 1767 4275 3315 4356">
     <span class='ocr_line' id='line_1_89' title="bbox 1767 4275 3315 4356; baseline -0.001 -16"><span class='ocrx_word' id='word_1_604' title='bbox 1767 4285 2053 4356; x_wconf 59' lang='lat' dir='ltr'><strong>praefectus</strong></span> <span class='ocrx_word' id='word_1_605' title='bbox 2073 4301 2137 4340; x_wconf 85' lang='lat' dir='ltr'><strong>ex</strong></span> <span class='ocrx_word' id='word_1_606' title='bbox 2163 4293 2316 4355; x_wconf 89' lang='lat' dir='ltr'><strong>parte</strong></span> <span class='ocrx_word' id='word_1_607' title='bbox 2337 4285 2619 4338; x_wconf 72' lang='lat' dir='ltr'><strong>Anastasii</strong></span> <span class='ocrx_word' id='word_1_608' title='bbox 2645 4275 2992 4350; x_wconf 73' lang='lat' dir='ltr'><strong>imperatoris</strong></span> <span class='ocrx_word' id='word_1_609' title='bbox 3021 4280 3315 4338; x_wconf 85' lang='lat' dir='ltr'><strong>Eustatins.</strong></span> 
     </span>
    </p>
   </div>
   <div class='ocr_carea' id='block_1_90' title="bbox 117 4365 3316 4446">
    <p class='ocr_par' dir='ltr' id='par_1_90' title="bbox 117 4365 3316 4446">
     <span class='ocr_line' id='line_1_90' title="bbox 117 4365 3316 4446; baseline -0.003 -19"><span class='ocrx_word' id='word_1_610' title='bbox 117 4374 362 4426; x_wconf 81' lang='lat' dir='ltr'><strong>Femina:</strong></span> <span class='ocrx_word' id='word_1_611' title='bbox 415 4369 556 4420; x_wconf 89' lang='lat' dir='ltr'><strong>enim</strong></span> <span class='ocrx_word' id='word_1_612' title='bbox 591 4365 859 4420; x_wconf 77' lang='lat' dir='ltr'><strong>desiderio</strong></span> <span class='ocrx_word' id='word_1_613' title='bbox 898 4375 1100 4427; x_wconf 90' lang='lat' dir='ltr'><strong>teneor,</strong></span> <span class='ocrx_word' id='word_1_614' title='bbox 1150 4372 1329 4417; x_wconf 88' lang='lat' dir='ltr'><strong>metuo</strong></span> <span class='ocrx_word' id='word_1_615' title='bbox 1358 4372 1538 4418; x_wconf 91' lang='lat' dir='ltr'><strong>autem</strong></span> <span class='ocrx_word' id='word_1_616' title='bbox 1599 4381 1667 4420; x_wconf 90' lang='lat' dir='ltr'><strong>ne</strong></span> <span class='ocrx_word' id='word_1_617' title='bbox 1693 4376 1745 4434; x_wconf 80' lang='lat'><strong>1)</strong></span> <span class='ocrx_word' id='word_1_618' title='bbox 1772 4379 1980 4434; x_wconf 49' lang='lat' dir='ltr'><strong>Accidit</strong></span> <span class='ocrx_word' id='word_1_619' title='bbox 2010 4379 2171 4433; x_wconf 57' lang='lat' dir='ltr'><strong>etiam</strong></span> <span class='ocrx_word' id='word_1_620' title='bbox 2205 4385 2326 4446; x_wconf 77' lang='grc' dir='ltr'>ροει</span> <span class='ocrx_word' id='word_1_621' title='bbox 2363 4375 2508 4431; x_wconf 66' lang='lat' dir='ltr'><strong>illud.</strong></span> <span class='ocrx_word' id='word_1_622' title='bbox 2539 4377 2593 4430; x_wconf 77' lang='lat' dir='ltr'><strong>in</strong></span> <span class='ocrx_word' id='word_1_623' title='bbox 2627 4375 2949 4430; x_wconf 59' lang='lat' dir='ltr'><strong>Alexandria</strong></span> <span class='ocrx_word' id='word_1_624' title='bbox 2995 4377 3046 4430; x_wconf 66' lang='grc' dir='ltr'><strong>ει</strong></span> <span class='ocrx_word' id='word_1_625' title='bbox 3089 4375 3316 4445; x_wconf 53' lang='grc' dir='ltr'><strong>Αεργριο</strong></span> 
     </span>
    </p>
   </div>
   <div class='ocr_carea' id='block_1_91' title="bbox 116 4455 1670 4529">
    <p class='ocr_par' dir='ltr' id='par_1_91' title="bbox 116 4455 1670 4529">
     <span class='ocr_line' id='line_1_91' title="bbox 116 4455 1670 4529; baseline -0.003 -16"><span class='ocrx_word' id='word_1_626' title='bbox 116 4465 172 4518; x_wconf 90' lang='lat' dir='ltr'><strong>in</strong></span> <span class='ocrx_word' id='word_1_627' title='bbox 225 4458 522 4529; x_wconf 86' lang='lat' dir='ltr'><strong>ignobilem</strong></span> <span class='ocrx_word' id='word_1_628' title='bbox 567 4456 798 4524; x_wconf 87' lang='lat' dir='ltr'><strong>aliquam</strong></span> <span class='ocrx_word' id='word_1_629' title='bbox 854 4455 899 4507; x_wconf 90' lang='lat' dir='ltr'><strong>si</strong></span> <span class='ocrx_word' id='word_1_630' title='bbox 947 4455 1180 4507; x_wconf 89' lang='lat' dir='ltr'><strong>incidam</strong></span> <span class='ocrx_word' id='word_1_631' title='bbox 1233 4469 1350 4523; x_wconf 72' lang='lat' dir='ltr'><strong>qua:</strong></span> <span class='ocrx_word' id='word_1_632' title='bbox 1400 4456 1670 4524; x_wconf 84' lang='lat' dir='ltr'><strong>pepererit</strong></span> 
     </span>
    </p>
   </div>
   <div class='ocr_carea' id='block_1_92' title="bbox 119 4541 1666 4612">
    <p class='ocr_par' dir='ltr' id='par_1_92' title="bbox 119 4541 1666 4612">
     <span class='ocr_line' id='line_1_92' title="bbox 119 4541 1666 4612; baseline -0.003 -10"><span class='ocrx_word' id='word_1_633' title='bbox 119 4549 288 4602; x_wconf 91' lang='lat' dir='ltr'><strong>nobis</strong></span> <span class='ocrx_word' id='word_1_634' title='bbox 315 4544 752 4612; x_wconf 84' lang='lat' dir='ltr'><strong>in-ignominiam</strong></span> <span class='ocrx_word' id='word_1_635' title='bbox 786 4541 958 4594; x_wconf 90' lang='lat' dir='ltr'><strong>cedct.</strong></span> <span class='ocrx_word' id='word_1_636' title='bbox 1017 4541 1140 4594; x_wconf 86' lang='lat' dir='ltr'><strong>Fuit</strong></span> <span class='ocrx_word' id='word_1_637' title='bbox 1186 4557 1314 4610; x_wconf 84' lang='lat' dir='ltr'><strong>ergo</strong></span> <span class='ocrx_word' id='word_1_638' title='bbox 1377 4546 1567 4597; x_wconf 86' lang='lat' dir='ltr'><strong>domus</strong></span> <span class='ocrx_word' id='word_1_639' title='bbox 1603 4546 1666 4598; x_wconf 90' lang='lat' dir='ltr'><strong>.in</strong></span> 
     </span>
    </p>
   </div>
   <div class='ocr_carea' id='block_1_93' title="bbox 115 4633 1672 4717">
    <p class='ocr_par' dir='ltr' id='par_1_93' title="bbox 115 4633 1672 4717">
     <span class='ocr_line' id='line_1_93' title="bbox 115 4633 1672 4717; baseline -0.004 -26"><span class='ocrx_word' id='word_1_640' title='bbox 115 4654 230 4709; x_wconf 90' lang='lat' dir='ltr'><strong>qua</strong></span> <span class='ocrx_word' id='word_1_641' title='bbox 261 4633 521 4690; x_wconf 89' lang='lat' dir='ltr'><strong>diversatl</strong></span> <span class='ocrx_word' id='word_1_642' title='bbox 556 4640 682 4688; x_wconf 86' lang='lat' dir='ltr'><strong>sunt</strong></span> <span class='ocrx_word' id='word_1_643' title='bbox 712 4633 930 4686; x_wconf 89' lang='lat' dir='ltr'><strong>domino</strong></span> <span class='ocrx_word' id='word_1_644' title='bbox 969 4634 1076 4686; x_wconf 88' lang='lat' dir='ltr'><strong>lilia</strong></span> <span class='ocrx_word' id='word_1_645' title='bbox 1131 4635 1320 4717; x_wconf 27' lang='lat' dir='ltr'><strong>virgea</strong></span> <span class='ocrx_word' id='word_1_646' title='bbox 1353 4635 1510 4704; x_wconf 83' lang='lat' dir='ltr'><strong>cujus</strong></span> <span class='ocrx_word' id='word_1_647' title='bbox 1554 4651 1672 4687; x_wconf 85' lang='lat' dir='ltr'><strong>ma-</strong></span> 
     </span>
    </p>
   </div>
   <div class='ocr_carea' id='block_1_94' title="bbox 115 4718 1670 4787">
    <p class='ocr_par' dir='ltr' id='par_1_94' title="bbox 115 4718 1670 4787">
     <span class='ocr_line' id='line_1_94' title="bbox 115 4718 1670 4787; baseline -0.006 -5"><span class='ocrx_word' id='word_1_648' title='bbox 115 4737 260 4782; x_wconf 89' lang='lat' dir='ltr'><strong>trem</strong></span> <span class='ocrx_word' id='word_1_649' title='bbox 286 4723 479 4775; x_wconf 84' lang='lat' dir='ltr'><strong>adiens</strong></span> <span class='ocrx_word' id='word_1_650' title='bbox 508 4719 804 4773; x_wconf 85' lang='lat' dir='ltr'><strong>Zormaltar</strong></span> <span class='ocrx_word' id='word_1_651' title='bbox 860 4718 1031 4786; x_wconf 82' lang='lat' dir='ltr'><strong>ipsam</strong></span> <span class='ocrx_word' id='word_1_652' title='bbox 1074 4729 1132 4771; x_wconf 88' lang='lat' dir='ltr'><strong>ut</strong></span> <span class='ocrx_word' id='word_1_653' title='bbox 1173 4730 1226 4772; x_wconf 91' lang='lat' dir='ltr'><strong>et</strong></span> <span class='ocrx_word' id='word_1_654' title='bbox 1281 4729 1485 4787; x_wconf 88' lang='lat' dir='ltr'><strong>patrem</strong></span> <span class='ocrx_word' id='word_1_655' title='bbox 1536 4718 1670 4772; x_wconf 85' lang='lat' dir='ltr'><strong>allo-</strong></span> 
     </span>
    </p>
   </div>
   <div class='ocr_carea' id='block_1_95' title="bbox 115 4809 1672 4884">
    <p class='ocr_par' dir='ltr' id='par_1_95' title="bbox 115 4809 1672 4884">
     <span class='ocr_line' id='line_1_95' title="bbox 115 4809 1672 4884; baseline -0.005 -14"><span class='ocrx_word' id='word_1_656' title='bbox 115 4828 283 4870; x_wconf 87' lang='lat' dir='ltr'><strong>cutus</strong></span> <span class='ocrx_word' id='word_1_657' title='bbox 307 4812 643 4884; x_wconf 24' lang='lat' dir='ltr'><strong>est,‘quibus</strong></span> <span class='ocrx_word' id='word_1_658' title='bbox 673 4826 793 4863; x_wconf 90' lang='lat' dir='ltr'><strong>cum</strong></span> <span class='ocrx_word' id='word_1_659' title='bbox 829 4811 1064 4879; x_wconf 89' lang='lat' dir='ltr'><strong>placeret</strong></span> <span class='ocrx_word' id='word_1_660' title='bbox 1089 4809 1216 4862; x_wconf 86' lang='lat' dir='ltr'><strong>illud</strong></span> <span class='ocrx_word' id='word_1_661' title='bbox 1259 4811 1399 4878; x_wconf 91' lang='lat' dir='ltr'><strong>quod</strong></span> <span class='ocrx_word' id='word_1_662' title='bbox 1443 4809 1509 4862; x_wconf 90' lang='lat' dir='ltr'><strong>ab</strong></span> <span class='ocrx_word' id='word_1_663' title='bbox 1540 4809 1672 4878; x_wconf 91' lang='lat' dir='ltr'><strong>ipsis</strong></span> 
     </span>
    </p>
   </div>
   <div class='ocr_carea' id='block_1_96' title="bbox 84 4901 1673 4974">
    <p class='ocr_par' dir='ltr' id='par_1_96' title="bbox 84 4901 1673 4974">
     <span class='ocr_line' id='line_1_96' title="bbox 84 4901 1673 4974; baseline -0.005 -14"><span class='ocrx_word' id='word_1_664' title='bbox 84 4907 307 4974; x_wconf 74' lang='lat' dir='ltr'><strong>petiit,</strong></span> <span class='ocrx_word' id='word_1_665' title='bbox 331 4905 430 4971; x_wconf 89' lang='lat' dir='ltr'><strong>ipsi</strong></span> <span class='ocrx_word' id='word_1_666' title='bbox 451 4910 780 4956; x_wconf 89' lang='lat' dir='ltr'><strong>annuerunt.</strong></span> <span class='ocrx_word' id='word_1_667' title='bbox 826 4901 1163 4956; x_wconf 85' lang='lat' dir='ltr'><strong>Pernoctavit</strong></span> <span class='ocrx_word' id='word_1_668' title='bbox 1207 4915 1335 4967; x_wconf 90' lang='lat' dir='ltr'><strong>ergo</strong></span> <span class='ocrx_word' id='word_1_669' title='bbox 1379 4908 1560 4966; x_wconf 88' lang='lat' dir='ltr'><strong>postea</strong></span> <span class='ocrx_word' id='word_1_670' title='bbox 1600 4901 1673 4952; x_wconf 83' lang='lat' dir='ltr'><strong>fe-</strong></span> 
     </span>
    </p>
   </div>
   <div class='ocr_carea' id='block_1_97' title="bbox 119 4989 1670 5059">
    <p class='ocr_par' dir='ltr' id='par_1_97' title="bbox 119 4989 1670 5059">
     <span class='ocr_line' id='line_1_97' title="bbox 119 4989 1670 5059; baseline -0.005 -8"><span class='ocrx_word' id='word_1_671' title='bbox 119 4998 272 5052; x_wconf 88' lang='lat' dir='ltr'><strong>mina</strong></span> <span class='ocrx_word' id='word_1_672' title='bbox 310 4995 411 5048; x_wconf 88' lang='lat' dir='ltr'><strong>ista</strong></span> <span class='ocrx_word' id='word_1_673' title='bbox 438 5007 558 5046; x_wconf 88' lang='lat' dir='ltr'><strong>cum</strong></span> <span class='ocrx_word' id='word_1_674' title='bbox 592 4989 838 5056; x_wconf 79' lang='lat' dir='ltr'><strong>Kobado,</strong></span> <span class='ocrx_word' id='word_1_675' title='bbox 863 5001 1023 5059; x_wconf 86' lang='lat' dir='ltr'><strong>atque</strong></span> <span class='ocrx_word' id='word_1_676' title='bbox 1062 5005 1126 5043; x_wconf 77' lang='lat' dir='ltr'><strong>ex</strong></span> <span class='ocrx_word' id='word_1_677' title='bbox 1155 5004 1219 5042; x_wconf 93' lang='lat' dir='ltr'><strong>eo</strong></span> <span class='ocrx_word' id='word_1_678' title='bbox 1266 4991 1484 5058; x_wconf 81' lang='lat' dir='ltr'><strong>gravida</strong></span> <span class='ocrx_word' id='word_1_679' title='bbox 1533 4989 1670 5043; x_wconf 83' lang='lat' dir='ltr'><strong>facta</strong></span> 
     </span>
    </p>
   </div>
   <div class='ocr_carea' id='block_1_98' title="bbox 119 5081 1672 5151">
    <p class='ocr_par' dir='ltr' id='par_1_98' title="bbox 119 5081 1672 5151">
     <span class='ocr_line' id='line_1_98' title="bbox 119 5081 1672 5151; baseline -0.005 -10"><span class='ocrx_word' id='word_1_680' title='bbox 119 5095 230 5141; x_wconf 85' lang='lat' dir='ltr'><strong>cst.</strong></span> <span class='ocrx_word' id='word_1_681' title='bbox 263 5085 488 5149; x_wconf 87' lang='lat' dir='ltr'><strong>Quoties</strong></span> <span class='ocrx_word' id='word_1_682' title='bbox 514 5091 689 5145; x_wconf 85' lang='lat' dir='ltr'><strong>autem</strong></span> <span class='ocrx_word' id='word_1_683' title='bbox 714 5083 778 5135; x_wconf 91' lang='lat' dir='ltr'><strong>ad</strong></span> <span class='ocrx_word' id='word_1_684' title='bbox 831 5082 998 5151; x_wconf 90' lang='lat' dir='ltr'><strong>ipsam</strong></span> <span class='ocrx_word' id='word_1_685' title='bbox 1035 5081 1291 5135; x_wconf 88' lang='lat' dir='ltr'><strong>accedere</strong></span> <span class='ocrx_word' id='word_1_686' title='bbox 1325 5081 1483 5134; x_wconf 90' lang='lat' dir='ltr'><strong>vellet</strong></span> <span class='ocrx_word' id='word_1_687' title='bbox 1505 5081 1672 5149; x_wconf 88' lang='lat' dir='ltr'><strong>jussit</strong></span> 
     </span>
    </p>
   </div>
   <div class='ocr_carea' id='block_1_99' title="bbox 119 5172 1674 5240">
    <p class='ocr_par' dir='ltr' id='par_1_99' title="bbox 119 5172 1674 5240">
     <span class='ocr_line' id='line_1_99' title="bbox 119 5172 1674 5240; baseline -0.005 -8"><span class='ocrx_word' id='word_1_688' title='bbox 119 5192 248 5233; x_wconf 89' lang='lat' dir='ltr'><strong>eam</strong></span> <span class='ocrx_word' id='word_1_689' title='bbox 305 5183 563 5227; x_wconf 88' lang='lat' dir='ltr'><strong>retectam</strong></span> <span class='ocrx_word' id='word_1_690' title='bbox 614 5187 754 5226; x_wconf 90' lang='lat' dir='ltr'><strong>esse.</strong></span> <span class='ocrx_word' id='word_1_691' title='bbox 833 5172 1198 5240; x_wconf 85' lang='lat' dir='ltr'><strong>lnterrogante</strong></span> <span class='ocrx_word' id='word_1_692' title='bbox 1269 5181 1446 5226; x_wconf 88' lang='lat' dir='ltr'><strong>autem</strong></span> <span class='ocrx_word' id='word_1_693' title='bbox 1500 5180 1674 5225; x_wconf 89' lang='lat' dir='ltr'><strong>matre</strong></span> 
     </span>
    </p>
   </div>
   <div class='ocr_carea' id='block_1_100' title="bbox 121 5259 1672 5327">
    <p class='ocr_par' dir='ltr' id='par_1_100' title="bbox 121 5259 1672 5327">
     <span class='ocr_line' id='line_1_100' title="bbox 121 5259 1672 5327; baseline -0.003 -8"><span class='ocrx_word' id='word_1_694' title='bbox 121 5266 308 5327; x_wconf 86' lang='lat' dir='ltr'><strong>ipsius</strong></span> <span class='ocrx_word' id='word_1_695' title='bbox 338 5263 403 5315; x_wconf 91' lang='lat' dir='ltr'><strong>de</strong></span> <span class='ocrx_word' id='word_1_696' title='bbox 428 5270 568 5314; x_wconf 89' lang='lat' dir='ltr'><strong>statu</strong></span> <span class='ocrx_word' id='word_1_697' title='bbox 602 5259 831 5323; x_wconf 78' lang='lat' dir='ltr'><strong>Kobadi,</strong></span> <span class='ocrx_word' id='word_1_698' title='bbox 865 5275 987 5313; x_wconf 90' lang='lat' dir='ltr'><strong>cum</strong></span> <span class='ocrx_word' id='word_1_699' title='bbox 1018 5260 1092 5312; x_wconf 91' lang='lat' dir='ltr'><strong>illi</strong></span> <span class='ocrx_word' id='word_1_700' title='bbox 1149 5261 1409 5315; x_wconf 89' lang='lat' dir='ltr'><strong>indicaret</strong></span> <span class='ocrx_word' id='word_1_701' title='bbox 1471 5261 1672 5314; x_wconf 90' lang='lat' dir='ltr'><strong>vidisse</strong></span> 
     </span>
    </p>
   </div>
   <div class='ocr_carea' id='block_1_101' title="bbox 123 5352 1670 5420">
    <p class='ocr_par' dir='ltr' id='par_1_101' title="bbox 123 5352 1670 5420">
     <span class='ocr_line' id='line_1_101' title="bbox 123 5352 1670 5420; baseline 0.002 -16"><span class='ocrx_word' id='word_1_702' title='bbox 123 5372 186 5410; x_wconf 77' lang='lat' dir='ltr'><strong>se</strong></span> <span class='ocrx_word' id='word_1_703' title='bbox 246 5353 520 5406; x_wconf 75' lang='lat' dir='ltr'><strong>l‘euioralia</strong></span> <span class='ocrx_word' id='word_1_704' title='bbox 581 5352 746 5420; x_wconf 86' lang='lat' dir='ltr'><strong>ipsius</strong></span> <span class='ocrx_word' id='word_1_705' title='bbox 809 5353 1104 5406; x_wconf 89' lang='lat' dir='ltr'><strong>boloserica</strong></span> <span class='ocrx_word' id='word_1_706' title='bbox 1174 5368 1307 5406; x_wconf 90' lang='lat' dir='ltr'><strong>auro</strong></span> <span class='ocrx_word' id='word_1_707' title='bbox 1362 5354 1670 5419; x_wconf 78' lang='lat' dir='ltr'><strong>intertexta,</strong></span> 
     </span>
    </p>
   </div>
   <div class='ocr_carea' id='block_1_102' title="bbox 120 5443 1693 5520">
    <p class='ocr_par' dir='ltr' id='par_1_102' title="bbox 120 5443 1693 5520">
     <span class='ocr_line' id='line_1_102' title="bbox 120 5443 1693 5520; baseline -0.001 -21"><span class='ocrx_word' id='word_1_708' title='bbox 120 5443 381 5511; x_wconf 80' lang='lat' dir='ltr'><strong>cognovit</strong></span> <span class='ocrx_word' id='word_1_709' title='bbox 414 5453 591 5496; x_wconf 77' lang='lat' dir='ltr'><strong>mater</strong></span> <span class='ocrx_word' id='word_1_710' title='bbox 624 5443 798 5512; x_wconf 89' lang='lat' dir='ltr'><strong>ipsum</strong></span> <span class='ocrx_word' id='word_1_711' title='bbox 831 5458 862 5497; x_wconf 88' lang='lat' dir='ltr'><strong>e</strong></span> <span class='ocrx_word' id='word_1_712' title='bbox 898 5444 1096 5498; x_wconf 82' lang='lat' dir='ltr'><strong>familia</strong></span> <span class='ocrx_word' id='word_1_713' title='bbox 1126 5447 1266 5512; x_wconf 86' lang='lat' dir='ltr'><strong>regia</strong></span> <span class='ocrx_word' id='word_1_714' title='bbox 1286 5461 1425 5508; x_wconf 85' lang='lat' dir='ltr'><strong>esse,</strong></span> <span class='ocrx_word' id='word_1_715' title='bbox 1459 5460 1521 5498; x_wconf 86' lang='lat' dir='ltr'><strong>ac</strong></span> <span class='ocrx_word' id='word_1_716' title='bbox 1578 5445 1693 5520; x_wconf 71' lang='lat' dir='ltr'><strong>lae-_</strong></span> 
     </span>
    </p>
   </div>
   <div class='ocr_carea' id='block_1_103' title="bbox 123 5526 1667 5592">
    <p class='ocr_par' dir='ltr' id='par_1_103' title="bbox 123 5526 1667 5592">
     <span class='ocr_line' id='line_1_103' title="bbox 123 5526 1667 5592; baseline 0.002 -4"><span class='ocrx_word' id='word_1_717' title='bbox 123 5548 240 5590; x_wconf 87' lang='lat' dir='ltr'><strong>tata</strong></span> <span class='ocrx_word' id='word_1_718' title='bbox 279 5543 379 5588; x_wconf 86' lang='lat' dir='ltr'><strong>est.</strong></span> <span class='ocrx_word' id='word_1_719' title='bbox 417 5534 691 5590; x_wconf 81' lang='lat' dir='ltr'><strong>Accedens</strong></span> <span class='ocrx_word' id='word_1_720' title='bbox 722 5526 897 5589; x_wconf 89' lang='lat' dir='ltr'><strong>autem</strong></span> <span class='ocrx_word' id='word_1_721' title='bbox 929 5535 1113 5592; x_wconf 82' lang='lat' dir='ltr'><strong>Kobad</strong></span> <span class='ocrx_word' id='word_1_722' title='bbox 1153 5539 1217 5591; x_wconf 86' lang='lat' dir='ltr'><strong>ad</strong></span> <span class='ocrx_word' id='word_1_723' title='bbox 1267 5539 1616 5592; x_wconf 81' lang='lat' dir='ltr'><strong>Chaebanum</strong></span> <span class='ocrx_word' id='word_1_724' title='bbox 1653 5555 1667 5591; x_wconf 85' lang='lat'><strong>:</strong></span> 
     </span>
    </p>
   </div>
   <div class='ocr_carea' id='block_1_104' title="bbox 127 5625 1669 5700">
    <p class='ocr_par' dir='ltr' id='par_1_104' title="bbox 127 5625 1669 5700">
     <span class='ocr_line' id='line_1_104' title="bbox 127 5625 1669 5700; baseline 0.003 -21"><span class='ocrx_word' id='word_1_725' title='bbox 127 5626 486 5697; x_wconf 67' lang='lat' dir='ltr'><strong>ligotiuquit)</strong></span> <span class='ocrx_word' id='word_1_726' title='bbox 523 5625 662 5683; x_wconf 78' lang='lat' dir='ltr'><strong>filius</strong></span> <span class='ocrx_word' id='word_1_727' title='bbox 718 5643 836 5684; x_wconf 90' lang='lat' dir='ltr'><strong>sum</strong></span> <span class='ocrx_word' id='word_1_728' title='bbox 884 5630 1026 5698; x_wconf 76' lang='lat' dir='ltr'><strong>regis</strong></span> <span class='ocrx_word' id='word_1_729' title='bbox 1085 5629 1388 5696; x_wconf 80' lang='lat' dir='ltr'><strong>Persarum,</strong></span> <span class='ocrx_word' id='word_1_730' title='bbox 1439 5639 1494 5683; x_wconf 87' lang='lat' dir='ltr'><strong>at</strong></span> <span class='ocrx_word' id='word_1_731' title='bbox 1552 5640 1669 5700; x_wconf 85' lang='lat' dir='ltr'><strong>post</strong></span> 
     </span>
    </p>
   </div>
   <div class='ocr_carea' id='block_1_105' title="bbox 215 5775 302 5784">
    <p class='ocr_par' dir='ltr' id='par_1_105' title="bbox 215 5775 302 5784">
     <span class='ocr_line' id='line_1_105' title="bbox 215 5775 302 5784; baseline 0 -2"><span class='ocrx_word' id='word_1_732' title='bbox 215 5775 302 5784; x_wconf 64' lang='grc' dir='ltr'><strong>’,ι-νη</strong></span> 
     </span>
    </p>
   </div>
   <div class='ocr_carea' id='block_1_106' title="bbox 1770 4467 3312 4539">
    <p class='ocr_par' dir='ltr' id='par_1_106' title="bbox 1770 4467 3312 4539">
     <span class='ocr_line' id='line_1_106' title="bbox 1770 4467 3312 4539; baseline -0.003 -17"><span class='ocrx_word' id='word_1_733' title='bbox 1770 4469 1943 4524; x_wconf 80' lang='lat' dir='ltr'><strong>fames</strong></span> <span class='ocrx_word' id='word_1_734' title='bbox 1975 4471 2178 4539; x_wconf 87' lang='lat' dir='ltr'><strong>gravis,</strong></span> <span class='ocrx_word' id='word_1_735' title='bbox 2214 4469 2350 4522; x_wconf 86' lang='lat' dir='ltr'><strong>adeo</strong></span> <span class='ocrx_word' id='word_1_736' title='bbox 2379 4477 2438 4521; x_wconf 91' lang='lat' dir='ltr'><strong>ut</strong></span> <span class='ocrx_word' id='word_1_737' title='bbox 2462 4468 2642 4522; x_wconf 88' lang='lat' dir='ltr'><strong>inedia</strong></span> <span class='ocrx_word' id='word_1_738' title='bbox 2676 4476 3018 4522; x_wconf 88' lang='lat' dir='ltr'><strong>morerentur</strong></span> <span class='ocrx_word' id='word_1_739' title='bbox 3044 4467 3312 4531; x_wconf 82' lang='lat' dir='ltr'><strong>homines,</strong></span> 
     </span>
    </p>
   </div>
   <div class='ocr_carea' id='block_1_107' title="bbox 1771 4553 3362 4626">
    <p class='ocr_par' dir='ltr' id='par_1_107' title="bbox 1771 4553 3362 4626">
     <span class='ocr_line' id='line_1_107' title="bbox 1771 4553 3362 4626; baseline 0.001 -15"><span class='ocrx_word' id='word_1_740' title='bbox 1771 4557 2136 4626; x_wconf 64' lang='lat' dir='ltr'><strong>desolataeque</strong></span> <span class='ocrx_word' id='word_1_741' title='bbox 2189 4564 2372 4611; x_wconf 86' lang='lat' dir='ltr'><strong>essent</strong></span> <span class='ocrx_word' id='word_1_742' title='bbox 2421 4553 2746 4610; x_wconf 79' lang='lat' dir='ltr'><strong>Alexandria</strong></span> <span class='ocrx_word' id='word_1_743' title='bbox 2799 4562 2852 4608; x_wconf 91' lang='lat' dir='ltr'><strong>et</strong></span> <span class='ocrx_word' id='word_1_744' title='bbox 2893 4553 3157 4623; x_wconf 66' lang='lat' dir='ltr'><strong>Egyptus</strong></span> <span class='ocrx_word' id='word_1_745' title='bbox 3211 4568 3362 4623; x_wconf 19' lang='lat' dir='ltr'><strong>puni</strong></span> 
     </span>
    </p>
   </div>
   <div class='ocr_carea' id='block_1_108' title="bbox 1775 4636 3311 4717">
    <p class='ocr_par' dir='ltr' id='par_1_108' title="bbox 1775 4636 3311 4717">
     <span class='ocr_line' id='line_1_108' title="bbox 1775 4636 3311 4717; baseline -0.002 -15"><span class='ocrx_word' id='word_1_746' title='bbox 1775 4636 1928 4717; x_wconf 65' lang='grc' dir='ltr'><strong>ρεέιθ</strong></span> <span class='ocrx_word' id='word_1_747' title='bbox 1974 4655 2028 4701; x_wconf 90' lang='lat' dir='ltr'><strong>et</strong></span> <span class='ocrx_word' id='word_1_748' title='bbox 2070 4653 2242 4700; x_wconf 86' lang='lat' dir='ltr'><strong>morte</strong></span> <span class='ocrx_word' id='word_1_749' title='bbox 2273 4660 2393 4713; x_wconf 66' lang='lat' dir='ltr'><strong>quae</strong></span> <span class='ocrx_word' id='word_1_750' title='bbox 2425 4644 2669 4699; x_wconf 80' lang='lat' dir='ltr'><strong>homines</strong></span> <span class='ocrx_word' id='word_1_751' title='bbox 2716 4645 2933 4697; x_wconf 87' lang='lat' dir='ltr'><strong>invasit.</strong></span> <span class='ocrx_word' id='word_1_752' title='bbox 2979 4643 3100 4696; x_wconf 83' lang='lat' dir='ltr'><strong>Erat</strong></span> <span class='ocrx_word' id='word_1_753' title='bbox 3139 4639 3311 4700; x_wconf 59' lang='lat' dir='ltr'><strong>adﬁni</strong></span> 
     </span>
    </p>
   </div>
   <div class='ocr_carea' id='block_1_109' title="bbox 1771 4733 3309 4819">
    <p class='ocr_par' dir='ltr' id='par_1_109' title="bbox 1771 4733 3309 4819">
     <span class='ocr_line' id='line_1_109' title="bbox 1771 4733 3309 4819; baseline -0.001 -29"><span class='ocrx_word' id='word_1_754' title='bbox 1771 4737 2116 4790; x_wconf 65' lang='lat' dir='ltr'><strong>Alexandriae</strong></span> <span class='ocrx_word' id='word_1_755' title='bbox 2177 4733 2397 4788; x_wconf 69' lang='lat' dir='ltr'><strong>Judzeus</strong></span> <span class='ocrx_word' id='word_1_756' title='bbox 2463 4734 2684 4802; x_wconf 90' lang='lat' dir='ltr'><strong>quidam</strong></span> <span class='ocrx_word' id='word_1_757' title='bbox 2753 4734 3034 4819; x_wconf 71' lang='lat' dir='ltr'><strong>opulentus</strong></span> <span class='ocrx_word' id='word_1_758' title='bbox 3097 4738 3309 4793; x_wconf 81' lang='lat' dir='ltr'><strong>nomine</strong></span> 
     </span>
    </p>
   </div>
   <div class='ocr_carea' id='block_1_110' title="bbox 1774 4825 3303 4897">
    <p class='ocr_par' dir='ltr' id='par_1_110' title="bbox 1774 4825 3303 4897">
     <span class='ocr_line' id='line_1_110' title="bbox 1774 4825 3303 4897; baseline -0.005 -12"><span class='ocrx_word' id='word_1_759' title='bbox 1774 4829 1948 4885; x_wconf 87' lang='lat' dir='ltr'><strong>Urbib</strong></span> <span class='ocrx_word' id='word_1_760' title='bbox 1988 4827 2102 4897; x_wconf 89' lang='lat' dir='ltr'><strong>(qui</strong></span> <span class='ocrx_word' id='word_1_761' title='bbox 2138 4835 2323 4894; x_wconf 90' lang='lat' dir='ltr'><strong>postea</strong></span> <span class='ocrx_word' id='word_1_762' title='bbox 2371 4826 2838 4880; x_wconf 82' lang='lat' dir='ltr'><strong>cltristianismum</strong></span> <span class='ocrx_word' id='word_1_763' title='bbox 2881 4825 3154 4894; x_wconf 76' lang='lat' dir='ltr'><strong>amplexus</strong></span> <span class='ocrx_word' id='word_1_764' title='bbox 3183 4829 3303 4897; x_wconf 90' lang='lat' dir='ltr'><strong>est),</strong></span> 
     </span>
    </p>
   </div>
   <div class='ocr_carea' id='block_1_111' title="bbox 1773 4914 3304 4987">
    <p class='ocr_par' dir='ltr' id='par_1_111' title="bbox 1773 4914 3304 4987">
     <span class='ocr_line' id='line_1_111' title="bbox 1773 4914 3304 4987; baseline 0 -18"><span class='ocrx_word' id='word_1_765' title='bbox 1773 4918 1865 4987; x_wconf 90' lang='lat' dir='ltr'><strong>qui</strong></span> <span class='ocrx_word' id='word_1_766' title='bbox 1896 4916 2225 4985; x_wconf 79' lang='lat' dir='ltr'><strong>pauperibus</strong></span> <span class='ocrx_word' id='word_1_767' title='bbox 2265 4915 2494 4969; x_wconf 90' lang='lat' dir='ltr'><strong>mortuis</strong></span> <span class='ocrx_word' id='word_1_768' title='bbox 2542 4914 2819 4969; x_wconf 85' lang='lat' dir='ltr'><strong>involucra</strong></span> <span class='ocrx_word' id='word_1_769' title='bbox 2865 4915 3125 4983; x_wconf 69' lang='lat' dir='ltr'><strong>praestitit.</strong></span> <span class='ocrx_word' id='word_1_770' title='bbox 3164 4914 3304 4969; x_wconf 88' lang='lat' dir='ltr'><strong>Idem</strong></span> 
     </span>
    </p>
   </div>
   <div class='ocr_carea' id='block_1_112' title="bbox 1771 5005 3302 5074">
    <p class='ocr_par' dir='ltr' id='par_1_112' title="bbox 1771 5005 3302 5074">
     <span class='ocr_line' id='line_1_112' title="bbox 1771 5005 3302 5074; baseline -0.003 -12"><span class='ocrx_word' id='word_1_771' title='bbox 1771 5008 1858 5062; x_wconf 86' lang='lat' dir='ltr'><strong>die</strong></span> <span class='ocrx_word' id='word_1_772' title='bbox 1887 5006 2167 5061; x_wconf 79' lang='lat' dir='ltr'><strong>Paschalis</strong></span> <span class='ocrx_word' id='word_1_773' title='bbox 2198 5005 2475 5059; x_wconf 87' lang='lat' dir='ltr'><strong>Dominico</strong></span> <span class='ocrx_word' id='word_1_774' title='bbox 2522 5020 2744 5074; x_wconf 89' lang='lat' dir='ltr'><strong>magnas</strong></span> <span class='ocrx_word' id='word_1_775' title='bbox 2777 5005 3050 5058; x_wconf 89' lang='lat' dir='ltr'><strong>distribuit</strong></span> <span class='ocrx_word' id='word_1_776' title='bbox 3083 5006 3302 5058; x_wconf 86' lang='lat' dir='ltr'><strong>elecmo—</strong></span> 
     </span>
    </p>
   </div>
   <div class='ocr_carea' id='block_1_113' title="bbox 1775 5092 3305 5166">
    <p class='ocr_par' dir='ltr' id='par_1_113' title="bbox 1775 5092 3305 5166">
     <span class='ocr_line' id='line_1_113' title="bbox 1775 5092 3305 5166; baseline -0.003 -16"><span class='ocrx_word' id='word_1_777' title='bbox 1775 5112 1941 5166; x_wconf 86' lang='lat' dir='ltr'><strong>synas</strong></span> <span class='ocrx_word' id='word_1_778' title='bbox 2000 5096 2054 5150; x_wconf 90' lang='lat' dir='ltr'><strong>in</strong></span> <span class='ocrx_word' id='word_1_779' title='bbox 2111 5095 2352 5149; x_wconf 88' lang='lat' dir='ltr'><strong>Ecclesia</strong></span> <span class='ocrx_word' id='word_1_780' title='bbox 2403 5095 2618 5148; x_wconf 88' lang='lat' dir='ltr'><strong>Arcadii</strong></span> <span class='ocrx_word' id='word_1_781' title='bbox 2654 5092 2798 5165; x_wconf 81' lang='lat' dir='ltr'><strong>[quo</strong></span> <span class='ocrx_word' id='word_1_782' title='bbox 2848 5093 3118 5165; x_wconf 85' lang='lat' dir='ltr'><strong>tempore]</strong></span> <span class='ocrx_word' id='word_1_783' title='bbox 3154 5095 3305 5146; x_wconf 84' lang='lat' dir='ltr'><strong>turba</strong></span> 
     </span>
    </p>
   </div>
   <div class='ocr_carea' id='block_1_114' title="bbox 1773 5182 3306 5257">
    <p class='ocr_par' dir='ltr' id='par_1_114' title="bbox 1773 5182 3306 5257">
     <span class='ocr_line' id='line_1_114' title="bbox 1773 5182 3306 5257; baseline -0.004 -17"><span class='ocrx_word' id='word_1_784' title='bbox 1773 5186 2071 5257; x_wconf 80' lang='lat' dir='ltr'><strong>compressi</strong></span> <span class='ocrx_word' id='word_1_785' title='bbox 2112 5186 2310 5238; x_wconf 89' lang='lat' dir='ltr'><strong>mortui</strong></span> <span class='ocrx_word' id='word_1_786' title='bbox 2359 5192 2485 5237; x_wconf 90' lang='lat' dir='ltr'><strong>sunt</strong></span> <span class='ocrx_word' id='word_1_787' title='bbox 2518 5183 2621 5236; x_wconf 87' lang='lat' dir='ltr'><strong>viri</strong></span> <span class='ocrx_word' id='word_1_788' title='bbox 2669 5185 2919 5236; x_wconf 91' lang='lat' dir='ltr'><strong>trecenti.</strong></span> <span class='ocrx_word' id='word_1_789' title='bbox 2965 5182 3130 5235; x_wconf 84' lang='lat' dir='ltr'><strong>Porro</strong></span> <span class='ocrx_word' id='word_1_790' title='bbox 3166 5197 3306 5250; x_wconf 89' lang='lat' dir='ltr'><strong>anno</strong></span> 
     </span>
    </p>
   </div>
   <div class='ocr_carea' id='block_1_115' title="bbox 1774 5272 3306 5342">
    <p class='ocr_par' dir='ltr' id='par_1_115' title="bbox 1774 5272 3306 5342">
     <span class='ocr_line' id='line_1_115' title="bbox 1774 5272 3306 5342; baseline -0.002 -18"><span class='ocrx_word' id='word_1_791' title='bbox 1774 5274 1986 5342; x_wconf 86' lang='lat' dir='ltr'><strong>imperii</strong></span> <span class='ocrx_word' id='word_1_792' title='bbox 2017 5274 2290 5327; x_wconf 77' lang='lat' dir='ltr'><strong>Anastasii</strong></span> <span class='ocrx_word' id='word_1_793' title='bbox 2344 5272 2714 5326; x_wconf 82' lang='lat' dir='ltr'><strong>Romanorum</strong></span> <span class='ocrx_word' id='word_1_794' title='bbox 2764 5273 3104 5340; x_wconf 71' lang='lat' dir='ltr'><strong>imperatovis</strong></span> <span class='ocrx_word' id='word_1_795' title='bbox 3155 5286 3306 5330; x_wconf 73' lang='lat' dir='ltr'><strong>serto</strong></span> 
     </span>
    </p>
   </div>
   <div class='ocr_carea' id='block_1_116' title="bbox 1775 5363 3303 5433">
    <p class='ocr_par' dir='ltr' id='par_1_116' title="bbox 1775 5363 3303 5433">
     <span class='ocr_line' id='line_1_116' title="bbox 1775 5363 3303 5433; baseline -0.001 -17"><span class='ocrx_word' id='word_1_796' title='bbox 1775 5365 2105 5417; x_wconf 87' lang='lat' dir='ltr'><strong>constitutus</strong></span> <span class='ocrx_word' id='word_1_797' title='bbox 2165 5375 2248 5417; x_wconf 87' lang='lat' dir='ltr'><strong>est</strong></span> <span class='ocrx_word' id='word_1_798' title='bbox 2315 5363 2554 5418; x_wconf 77' lang='lat' dir='ltr'><strong>Joannes</strong></span> <span class='ocrx_word' id='word_1_799' title='bbox 2624 5364 2920 5418; x_wconf 87' lang='lat' dir='ltr'><strong>monaclms</strong></span> <span class='ocrx_word' id='word_1_800' title='bbox 3004 5371 3303 5433; x_wconf 79' lang='lat' dir='ltr'><strong>patriarcha</strong></span> 
     </span>
    </p>
   </div>
   <div class='ocr_carea' id='block_1_117' title="bbox 1773 5450 3308 5526">
    <p class='ocr_par' dir='ltr' id='par_1_117' title="bbox 1773 5450 3308 5526">
     <span class='ocr_line' id='line_1_117' title="bbox 1773 5450 3308 5526; baseline 0.001 -22"><span class='ocrx_word' id='word_1_801' title='bbox 1773 5450 2190 5526; x_wconf 74' lang='lat' dir='ltr'><strong>Alexandrinus,</strong></span> <span class='ocrx_word' id='word_1_802' title='bbox 2221 5453 2309 5519; x_wconf 89' lang='lat' dir='ltr'><strong>qui</strong></span> <span class='ocrx_word' id='word_1_803' title='bbox 2335 5450 2578 5504; x_wconf 82' lang='lat' dir='ltr'><strong>Jacobita</strong></span> <span class='ocrx_word' id='word_1_804' title='bbox 2637 5451 2734 5504; x_wconf 77' lang='lat' dir='ltr'><strong>fuit</strong></span> <span class='ocrx_word' id='word_1_805' title='bbox 2766 5468 2781 5504; x_wconf 89' lang='lat'><strong>:</strong></span> <span class='ocrx_word' id='word_1_806' title='bbox 2814 5453 2953 5506; x_wconf 85' lang='lat' dir='ltr'><strong>sedit</strong></span> <span class='ocrx_word' id='word_1_807' title='bbox 2997 5468 3168 5505; x_wconf 90' lang='lat' dir='ltr'><strong>annos</strong></span> <span class='ocrx_word' id='word_1_808' title='bbox 3217 5469 3308 5506; x_wconf 83' lang='lat' dir='ltr'><strong>nu-</strong></span> 
     </span>
    </p>
   </div>
   <div class='ocr_carea' id='block_1_118' title="bbox 1767 5541 3302 5614">
    <p class='ocr_par' dir='ltr' id='par_1_118' title="bbox 1767 5541 3302 5614">
     <span class='ocr_line' id='line_1_118' title="bbox 1767 5541 3302 5614; baseline 0 -20"><span class='ocrx_word' id='word_1_809' title='bbox 1767 5555 1913 5610; x_wconf 83' lang='lat' dir='ltr'><strong>,vcm,</strong></span> <span class='ocrx_word' id='word_1_810' title='bbox 1949 5541 2073 5595; x_wconf 91' lang='lat' dir='ltr'><strong>dein</strong></span> <span class='ocrx_word' id='word_1_811' title='bbox 2107 5550 2354 5596; x_wconf 89' lang='lat' dir='ltr'><strong>mortuus</strong></span> <span class='ocrx_word' id='word_1_812' title='bbox 2378 5550 2481 5596; x_wconf 88' lang='lat' dir='ltr'><strong>est.</strong></span> <span class='ocrx_word' id='word_1_813' title='bbox 2514 5543 2899 5610; x_wconf 86' lang='lat' dir='ltr'><strong>Annoimpcrii</strong></span> <span class='ocrx_word' id='word_1_814' title='bbox 2939 5543 3178 5614; x_wconf 64' lang='lat' dir='ltr'><strong>(&#39;jlladuln</strong></span> <span class='ocrx_word' id='word_1_815' title='bbox 3211 5541 3302 5594; x_wconf 36' lang='lat' dir='ltr'><strong>dce</strong></span> 
     </span>
    </p>
   </div>
   <div class='ocr_carea' id='block_1_119' title="bbox 1772 5630 3298 5710">
    <p class='ocr_par' dir='ltr' id='par_1_119' title="bbox 1772 5630 3298 5710">
     <span class='ocr_line' id='line_1_119' title="bbox 1772 5630 3298 5710; baseline -0.003 -23"><span class='ocrx_word' id='word_1_816' title='bbox 1772 5631 1910 5710; x_wconf 74' lang='lat' dir='ltr'><strong>rimo</strong></span> <span class='ocrx_word' id='word_1_817' title='bbox 1940 5633 2130 5701; x_wconf 89' lang='lat' dir='ltr'><strong>quinto</strong></span> <span class='ocrx_word' id='word_1_818' title='bbox 2197 5631 2372 5688; x_wconf 82' lang='lat' dir='ltr'><strong>factus</strong></span> <span class='ocrx_word' id='word_1_819' title='bbox 2424 5641 2507 5688; x_wconf 87' lang='lat' dir='ltr'><strong>est</strong></span> <span class='ocrx_word' id='word_1_820' title='bbox 2545 5632 2783 5690; x_wconf 77' lang='lat' dir='ltr'><strong>Joannes</strong></span> <span class='ocrx_word' id='word_1_821' title='bbox 2817 5632 2948 5687; x_wconf 81' lang='lat' dir='ltr'><strong>alter</strong></span> <span class='ocrx_word' id='word_1_822' title='bbox 3002 5630 3298 5702; x_wconf 73' lang='lat' dir='ltr'><strong>patriai-clm</strong></span> 
     </span>
    </p>
   </div>
  </div>
