3950 6348
609 213 879 333 1οό3>

1614 267 1986 331 EUTYCIIH
2024 267 2564 330 ALEXANDRINI
2596 270 2813 331 ΡᾹΤΒ.

3683 269 3790 332 1064

608 372 1034 437 Alexandrinus,
1068 372 1160 442 qui
1214 348 1377 428 etiam
1414 370 1683 439 Jacohita,
1731 384 1787 430 et
1839 389 1963 429 cum
1994 387 2165 428 annos
2192 378 2240 435 Α
2274 389 2418 440 rum,
2452 375 2635 445 ibique
2683 373 2993 446 degentium
3042 381 3215 431 statu.
3281 374 3379 430 ille
3417 386 3551 444 ergo
3597 360 3710 441 ipsi,
3756 385 3797 427 ct

612 464 861 521 undecim
892 463 1127 519 sedisset
1157 471 1409 519 mortuus
1434 472 1538 520 est.
1570 463 1727 522 Anno
1750 464 1991 535 ejusdem
2020 464 2166 519 vices

604 556 747 611 simo
780 562 937 610 sexto
993 552 1170 610 lactus
1211 564 1297 609 est
1358 553 1655 611 Dioscorus
1686 555 1995 624 patriarcha
2044 554 2168 608 Alc-

605 646 927 711 sundrinus,
960 628 1207 700 Jacobita
1256 645 1444 709 etiam,
1497 635 1848 717 133-135
1898 644 1992 715 qui
2039 659 2163 700 cum

604 750 808 791 annum
849 751 1017 791 unum
1054 736 1290 792 sedisset
1323 748 1574 792 mortuus
1603 744 1708 794 est.
1738 736 1899 791 Anno
1919 735 2164 805 ejusdem

599 826 865 880 vicesimo
893 825 1126 895 septimo
1158 827 1499 882 constitutus
1529 836 1612 881 est
1630 824 1947 880 Timotheus
1965 823 2165 880 ibidem

598 919 957 984 patriarcha:
998 918 1087 973 hic
1141 918 1306 973 etiam
1364 916 1611 975 Jacobita
1660 917 1783 984 fuit,
1819 917 1972 976 duos.
1994 930 2169 973 annos

600 1007 761 1071 sedit,
792 1007 917 1061 dein
945 1006 1065 1062 loco
1096 1006 1517 1077 abdicatuscst.
1552 1005 1709 1063 Anno
1748 1007 1959 1077 imperii
1990 1007 2166 1078 ipsius

598 1107 797 1168 quarto
840 1098 1173 1154 constitutus
1205 1108 1288 1154 est
1372 1100 1688 1156 Timotheus
1728 1098 1833 1171 (vel
1860 1084 2162 1155 secundum

598 1188 745 1242 aliud
775 1186 1059 1257 exemplar
1090 1186 1497 1260 Macedonius),
1524 1181 2169 1260 patriarchaConstanti-

598 1274 1005 1349 nopolitanus:
1035 1296 1131 1336 sex
1163 1296 1337 1337 annos
1390 1280 1703 1347 sedit,dein
1756 1290 2005 1337 mortuus
2056 1288 2161 1337 est.

516 1406 519 1407 ν
595 1372 756 1424 Anno
783 1369 1028 1439 ejusdem
1060 1383 1203 1424 nouo
1228 1370 1565 1425 constitutus
1596 1378 1683 1425 est
1718 1368 2041 1424 Timotheus
2070 1382 2166 1438 pa-

598 1461 839 1515 triareha
895 1460 1621 1529 Constantinopolitanus,
1656 1461 1749 1532 qui
1814 1476 1913 1517 sex
1980 1475 2163 1517 annos

595 1551 758 1615 sedit,
784 1550 912 1605 dein
971 1561 1217 1607 mortuus
1265 1561 1389 1607 est.
1446 1552 1606 1606 Anno
1649 1550 1893 1621 ejusdem
1944 1548 2165 1605 decimo

595 1641 791 1710 quinto
843 1639 1021 1697 tactus
1073 1652 1158 1697 est
1211 1622 1459 1697 Joannes;
1501 1640 1802 1713 Cappadox
1853 1640 2163 1710 patriarcha

2282 465 2472 519 urbem
2504 467 2832 535 et'qui'eam
2871 464 3173 521 incolerent
3198 465 3337 522 bene
3361 479 3421 520 se
3455 462 3647 519 habere
3667 465 3794 521 dixit.

2279 554 2656 611 Melchitarum
2706 558 2872 612 etiam
2933 554 3238 611 doctrinam
3282 553 3510 626 ejusque
3550 552 3796 609 veritatem

2277 649 2380 719 ipsi
2408 649 2707 720 exposuit;
2739 658 2793 704 et
2812 648 3131 719 quicunque
3163 654 3354 703 contra
3411 646 3638 703 sentiret
3671 660 3799 700 exse-

2277 738 2538 794 crabilem
2593 752 2739 793 esse.
2801 736 2949 794 Dixit
3002 738 3166 793 etiam
3226 738 3378 809 ipsi:
3440 736 3705 806 Rogamus
3762 743 3801 789 te

2278 825 2577 885 Ecclesiam
2608 842 2679 883 ne
2712 829 2937 895 turbes;
2990 828 3231 900 quandiu
3256 828 3404 883 enim
3450 828 3507 881 in
3550 826 3674 895 pace
3708 840 3804 877 ma-

2275 926 2370 973 net
2411 918 2683 985 Ecclesia,
2730 919 3033 973 nos'etiam
3097 918 3496 989 tranquillitate
3543 915 3806 969 fruimur:

2278 1025 2345 1065 ne
2376 1018 2558 1065 autem
2599 1008 3058 1065 heterodoxorum
3088 1010 3411 1064 sententiam
3463 1004 3807 1075 amplecteris.

2274 1100 2484 1155 Annuit
2506 1085 2636 1169 ergo
2658 1114 2755 1161 rex
2782 1098 2889 1169 ipsi
2916 1098 2970 1153 in
2994 1098 3064 1154 iis
3083 1113 3204 1168 qua:
3224 1099 3378 1167 petiit
3402 1096 3807 1163 monachosque.

2276 1191 2503 1247 collatis
2518 1190 2586 1266 jn
2612 1189 2765 1260 ipsos
2792 1189 3135 1255 muneribus,
3180 1186 3556 1258 Hierosolyma
3636 1186 3811 1242 reverti

2268 1282 2461 1358 jussit,
2487 1280 2709 1351 scriptis
2737 1280 2803 1335 ad
2831 1280 2999 1334 Eliam
3036 1280 3402 1351 patriarchnm
3441 1275 3813 1348 Hierosolymi-

2276 1381 2464 1427 tanum
2510 1372 2707 1429 litteris
2736 1371 2939 1441 quibus
3007 1372 3181 1442 ipsius
3236 1371 3480 1441 epistola
3531 1370 3813 1439 respondit.

2270 1464 2477 1519 Saham
2537 1472 2721 1519 autem
2775 1462 2920 1534 apud
2969 1478 3029 1517 se
3077 1478 3300 1518 manere
3335 1460 3815 1530 jussit.~Quierge,

2272 1554 2510 1611 reversis
2542 1553 2826 1610 monachis
2852 1552 3244 1623 Hierosolyma.
3269 1553 3342 1609 ibi
3373 1554 3641 1616 substitit,
3661 1552 3818 1606 donec

2274 1632 2399 1715 post
2423 1644 2626 1699 annn’m
2657 1644 2892 1699 abeundi
2920 1646 3133 1714 copiam
3162 1655 3376 1712 petens,
3405 1644 3699 1704 obtineret,
3721 1652 3817 1697 tra-

596 1731 826 1795 ibident,
866 1732 961 1801 qui
986 1747 1185 1787 novem
1211 1746 1388 1788 annos
1423 1732 1741 1797 sedit,'dein
1772 1740 2025 1787 mortuus
2056 1740 2163 1787 est.
2198 1720 2240 1776 Β
2268 1738 2531 1807 demque
2584 1736 2693 1808 ipsi
2748 1735 3046 1807 imperator
3080 1736 3165 1793 bis
3212 1730 3359 1791 mille
3405 1749 3627 1801 aureos,
3673 1732 3822 1790 Utere

594 1826 754 1877 Anno
778 1822 1028 1893 ejusdem
1066 1822 1334 1879 vicesimo
1371 1834 1570 1893 quarto
1622 1823 1800 1879 iactus
1832 1831 1917 1895 est
1958 1824 2167 1894 Anth}:

597 1931 718 1971 ntus
744 1915 1055 1985 patriarcha
1117 1914 1343 1979 ibidem,
1391 1914 1495 1986 qui
1524 1913 1773 1971 daeohita
1813 1913 1947 1979 fuit,
1989 1930 2165 1970 annos

591 2010 839 2079 quinque
867 2009 1033 2072 sedit.
1062 1995 1528 2078 deinrelegatus
1581 2014 1687 2059 est.
1742 2006 1912 2077 Anno,
1950 2002 2166 2073 imperil

593 2102 765 2173 ipsius
793 2089 990 2172 quarto
1020 2099 1353 2154 constitutus
1385 2108 1470 2153 est
1535 2094 1794 2165 Pelagius
1854 2095 2185 2165 patriarchae

591 2188 897 2257 Romanus,
917 2190 1271 2260 quiquatuor
1320 2203 1497 2265 annos
1546 2188 1711 2252 sedit,
1752 2186 1883 2263 dein
1914 2194 2165 2242 mortuus

586 2291 698 2340 est.
732 2285 890 2337 Anno
923 2282 1169 2352 ejusdem
1199 2288 1398 2335 octavo
1434 2280 1771 2335 constitutus
1807 2288 1893 2333 est
1920 2279 2165 2333 Anasta-

588 2376 709 2428 sius
736 2373 1049 2443 patriarcha
1073 2370 1382 2435 Romanus,
1410 2370 1503 2440 qui
1534 2376 1660 2424 cum
1693 2384 1898 2424 annum
1930 2369 2166 2426 sedisset

592 2474 842 2521 mortuus
867 2472 974 2518 est.
1016 2462 1176 2516 Anno
1209 2460 1456 2531 ejusdem
1485 2476 1632 2516 nono
1675 2460 1853 2516 factus
1876 2468 1959 2516 est
1990 2462 2163 2533 Sym-

591 2550 817 2605 machus
846 2547 1047 2604 ihidetn
1083 2548 1397 2618 patriarcha
1422 2549 1517 2618 qui
1550 2552 1726 2603 annos
1749 2549 2163 2619 quatuordecim

576 2640 937 2706 ‘sedlt,rde'in
990 2648 1245 2696 mortuus
1297 2648 1404 2695 est.
1456 2639 1616 2695 Anno
1667 2640 1882 2711 imperii
1919 2640 2163 2710 ejusdem

589 2742 790 2803 quarto
818 2732 1155 2787 constitutus
1178 2740 1263 2787 est
1292 2729 1589 2787 Flavianus
1619 2732 1935 2801 patriarcha
1970 2733 2164 2786 Antio-

586 2825 799 2879 (lienus
851 2824 945 2894 qui
1004 2837 1184 2880 annos
1233 2821 1654 2894 quatuordccim
1705 2822 1870 2886 sedit,
1921 2822 2047 2877 dein
2105 2822 2162 2878 in

583 2916 844 2972 exsilium
884 2916 1080 2986 pulsus
1116 2919 1224 2971 est;
1266 2912 1396 2968 Fuit
1433 2902 1635 2969 autem
1684 2914 2007 2968 Anastasius
2059 2914 2161 2968 im-

588 3014 811 3077 perator
863 3006 1147 3063 sententia
1196 3004 1582 3062 Ielchitarum
1639 3006 1927 3071 adversus,
1971 3013 2161 3077 utpote
2185 3045 2229 3103 ο

594 3097 757 3170 133
800 3096 1076 3154 Jacobita.
1127 3096 1312 3170 Quare
1343 3097 1567 3168 scriptis
1614 3098 1681 3153 ad
1731 3097 1911 3169 ipsum
1961 3097 2159 3153 litteris

592 3167 744 3241 ﬁlias
768 3187 1079 3256 patriarcha
1108 3167 1643 3259 liierosolymitanns
1696 3167 1983 3242 veritatem
2030 3200 2162 3241 sen-

592 3280 778 3335 tentia
812 3276 1189 3335 lelehitarum
1244 3276 1349 3349 ipsi
1405 3276 1681 3349 exposuit.
1726 3285 1783 3333 et
1847 3275 2163 3348 quicunque

592 3371 931 3424 contrarium
985 3368 1121 3439 ipsis
1151 3354 1436 3425 assereret
1487 3367 1834 3423 maledictum
1879 3381 2025 3423 esse.
2058 3366 2161 3421 Ili-

591 3460 776 3529 sitque
830 3457 902 3529 ad
951 3457 1131 3527 ipsum
1188 3457 1571 3513 coenobiorum
1623 3455 1971 3527 pra-positos,
2022 3457 2189 3536 inter)

590 3562 736 3619 quos
776 3554 935 3603 erant
962 3546 1313 3604 Theodosius
1363 3547 1660 3617 prefectus
1694 3547 2021 3604 monasterii
2073 3547 2167 3602 Al.

594 3636 895 3713 davrahesi,
923 3625 1579 3709 Charitanus'praiectus
1610 3638 1832 3695 AlSaihi
1860 3641 2083 3706 veteris,
2110 3648 2167 3695 et

596 3730 753 3811 Saba
776 3728 1068 3803 prcfcctus
1094 3718 1163 3786 Al
1193 3728 1351 3787 Saiki
1393 3732 1544 3799 novi,
1576 3732 1671 3803 qui
1692 3732 1949 3789 omnibus
1982 3732 2164 3804 (locis)

596 3824 703 3880 hoc
725 3822 951 3879 nomine
974 3816 1269 3895 appellatis
1302 3832 1559 3896 praeerat,
1594 3833 1649 3879 et
1678 3822 1843 3880 Saiko
1895 3825 2089 3893 veteri;
2114 3826 2165 3881 ei

592 3915 810 3971 scilicet
836 3912 932 3985 q'ui
956 3912 1243 3971 Charitani
1260 3923 1403 3983 erat,
1433 3930 1557 3972 cum
1588 3917 1779 3973 multis
1807 3931 1840 3973 e
1868 3917 2167 3991 monacho-

599 4004 1034 4078 rumprul'ectis,
1064 4005 1214 4063 inter
1233 4022 1375 4079 quos
1404 4016 1459 4065 et
1484 4008 1817 4065 sacerdotes.
1844 4006 1968 4064 Haec
1982 4016 2165 4064 autem

2268 1826 2551 1903 (inquens)
2579 1831 2822 1883 nummis
2853 1827 2976 1883 istis
3004 1828 3069 1882 ad
3102 1826 3432 1883 monasteria
3464 1824 3813 1881 exstruenda.

2239 1984 2243 1989 τ
2266 1912 2412 1972 Saba
2440 1933 2573 1989 ergo
2604 1916 2989 1991 Hierosolyma
3015 1917 3198 1973 rediit.

2336 2008 2510 2063 Porro
2539 2008 2639 2063 iuit
2672 2008 3153 2078 Constantinopoli
3208 2009 3293 2063 vir
3330 2008 3557 2077 quidam
3610 2008 3820 2064 nomine

2268 2096 2529 2160 Severus,
2587 2099 2681 2167 qui
2718 2097 2965 2153 Dioscori
2990 2107 3043 2152 et
3068 2098 3318 2170 Eutychii
3358 2099 3690 2154 sententiam
3718 2111 3822 2151 azn-

2266 2187 2463 2257 plexus
2515 2198 2621 2249 est,
2676 2205 2839 2244 unam
2898 2203 3154 2245 asserens
3213 2196 3491 2254 naturam,
3546 2203 3819 2258 personant

2265 2272 2812 2339 unam,‘voluntatetn
2846 2294 3031 2335 unam.
3064 2277 3164 2335 Hic
3190 2279 3257 2332 ad
3285 2279 3642 2339 Anastasium
3666 2280 3826 2349 impe-

2264 2377 2502 2423 ratorem
2538 2370 2832 2433 accedens.
2869 2370 3009 2424 dixit
3056 2369 3163 2439 ipsi
3191 2370 3480 2439 episcopos
3527 2372 3669 2427 istestI
3711 2387 3823 2428 ses-

2264 2466 2457 2514 centos
2484 2465 2541 2513 et
2565 2460 2789 2528 triginta
2822 2460 2916 2531 qui
2949 2460 3024 2517 in.
3063 2460 3201 2516 urbe
3237 2460 3590 2515 Chalcedone.
3626 2477 3821 2519 convc-

2263 2548 2481 2603 nientes
2535 2547 2591 2603 in
2651 2548 2977 2603 Dioscorutn
3026 2562 3082 2606 et
3144 2548 3475 2619 Entyehiutn
3538 2542 3824 2607 anathema

2226 2646 2229 2649 ’
2270 2639 2430 2713 ιω
2467 2640 2748 2704 dixerunt,
2773 2641 2917 2696 male
2965 2641 3020 2696 in
3051 2642 3155 2696 hoc
3184 2640 3416 2696 fecisse:
3457 2656 3646 2715 veram
3685 2642 3825 2697 δεξιῇ.

2264 2742 2351 2786 cet
2383 2732 2545 2788 iidem
2598 2746 2725 2788 esse
2761 2747 2924 2803 quam
2975 2730 3213 2802 professi
3260 2741 3393 2788 sunt
3444 2732 3827 2805 Eutychiusct

2265 2820 2579 2879 Dioscorus.
2612 2823 2733 2879 Noli
2765 2838 2897 2895 ergo
2926 2822 3149 2894 (inquit)
3186 2822 3589 2878 monachorum
3610 2823 3711 2892 qui
3764 2823 3826 2878 ad

2264 2916 2317 2969 te
2374 2914 2775 2985 Hierosolymis
2822 2921 3095 2969 venerunt
3144 2914 3479 2968 sententiam
3536 2914 3825 2984 amplecti,

2265 2990 2455 3075 utpote
2474 3020 2601 3075 quae
2627 3004 2763 3061 l‘alsa
2793 3006 2870 3059 sit
2904 3020 2922 3061 :
2963 3019 3155 3060 verum
3195 3003 3515 3075 perscriptis
3544 3004 3614 3059 ad
3637 3017 3829 3059 omnes

2264 3090 2505 3147 ditiones
2554 3104 2676 3148 tuas
2712 3092 2912 3148 litteris
2935 3092 3133 3163 jnbeas
3187 3094 3463 3150 sexcentis
3505 3102 3562 3148 et
3599 3092 3826 3164 triginta

2261 3185 2533 3257 episcopis
2569 3184 2667 3255 qui
2709 3183 3043 3241 Chalcedonl
3093 3194 3471 3242 convenerunt
3526 3186 3823 3241 anathema

2262 3274 2601 3342 denuntiari,
2620 3276 2980 3345 hominesque
3003 3276 3251 3348 lmpellas
3268 3276 3335 3331 ad
3363 3291 3527 3332 unam
3547 3286 3828 3343 naturam,

2264 3366 2599 3423 voluntatem
2624 3380 2812 3431 uuam.
2843 3382 3116 3439 unamque
3140 3382 3429 3439 personam
3446 3368 3826 3440 proﬁtendam.

2264 3456 2324 3512 in
2356 3472 2469 3528 quo
2496 3457 2691 3512 annuit
2748 3458 2853 3529 ipsi
2901 3459 3223 3531 imperator.
3276 3460 3477 3523 Audito
3528 3474 3666 3530 ergo
3697 3458 3827 3529 quid

2267 3550 2451 3606 facere
2476 3549 2755 3605 statuisset
2788 3550 3113 3607 Anastasius
3133 3551 3454 3622 imperator,
3490 3544 3721 3621 scripsit
3764 3550 3827 3605 ad

2264 3642 2446 3714 ipsum
2486 3638 2785 3697 Flavianus
2815 3642 3129 3712 patriarcha
3161 3642 3565 3708 Antiochenus,
3590 3642 3829 3698 suadens

2266 3751 2338 3792 ne
2393 3735 2524 3791 illud
2583 3735 2732 3805 quod
2784 3714 2996 3791 diceret
3053 3735 3291 3792 Severus
3337 3736 3569 3792 faceret.
3625 3734 3827 3793 Versat

2265 3830 2410 3885 enim
2450 3829 2731 3907 amplexos
2764 3842 2893 3885 esse
2947 3828 3237 3900 episcopos
3272 3838 3568 3885 sexcentos
3611 3829 3828 3899 triginta

2266 3921 2362 3993 qui
2392 3917 2731 3976 Chalcedonl
2768 3928 3167 3986 convenerunt,-
3205 3927 3262 3975 et
3290 3920 3385 3990 qui
3425 3922 3720 3975 sententiae
3750 3920 3831 3989 ip-

2269 4026 2458 4067 sorum
2490 4004 2907 4083 contradicer'et
2932 4010 3325 4067 exsecrabilem
3348 4025 3501 4066 esse.
3529 4010 3616 4065 ira
3646 4008 3826 4067 autem

593 4095 823 4167 scripsit
849 4114 864 4150 :
886 4090 1012 4151 Iisi
1034 4094 1101 4150 ad
1119 4095 1399 4152 temultos
1416 4110 1448 4152 e
1464 4096 1557 4152 Dei
1583 4096 1777 4160 servis.
1798 4105 1855 4153 et
1872 4097 2169 4152 monacbo-
2269 4116 2537 4158 accensus
2595 4100 2897 4172 imperator
2950 4100 3137 4157 missis
3192 4098 3446 4174 [nuntiis]
3510 4098 3825 4155 Flavianu-

600 4202 721 4241 rum
742 4185 1459 4257 desertinpstripcelectos,
1486 4187 1785 4259 inteﬁquos
1808 4195 1865 4242 et
1886 4186 2031 4243 Saba
2051 4187 2169 4243 esl-
2271 4189 2644 4263 patriarcham
2674 4189 3077 4246 Antiochenum
3106 4188 3360 4246 exsulare
3387 4189 3575 4260 jussit,
3605 4189 3826 4246 selecto

601 4283 749 4339 mins
769 4279 860 4336 ille
885 4279 979 4350 qui
1003 4281 1283 4336 desertum
1309 4290 1561 4337 nostrum
1588 4282 1643 4336 in
1674 4282 1839 4337 urbes
1869 4279 2165 4349 convertit,
2270 4282 2392 4339 vice
2418 4282 2594 4354 ipsius
2625 4282 2681 4336 in
2708 4281 3137 4351 patriarchatum
3187 4280 3390 4337 ibidem
3437 4281 3670 4339 Severo.
3698 4282 3828 4337 υ-

604 4385 897 4442 tpsumque
932 4370 1167 4441 habitari
1220 4368 1370 4434 fecit,
1408 4366 1509 4441 qui
1546 4381 1602 4426 et
1653 4370 1959 4428 Palatina
2006 4369 2164 4426 stella
2198 4389 2242 4445 υ
2270 4387 2405 4441 ergo
2450 4370 2717 4431 audiisset
2769 4366 2887 4425 Elia
2915 4369 3827 4447 {patriarchaﬂierosolymitanns

602 4473 713 4518 est.
775 4462 913 4518 Cum
960 4458 1170 4516 autem'
1200 4460 1732 4532 Constantinopolim
1797 4461 2189 4533 pervenissent.
2271 4462 2592 4519 Flavianum
2615 4462 2682 4516 'in
2718 4460 2973 4516 exsiliunt
3001 4446 3217 4531 pulsum
3266 4446 3413 4527 esse,
3466 4475 3533 4515 ac
3568 4462 3828 4517 Severum

606 4549 865 4615 monachi
899 4550 1119 4620 copiam
1154 4549 1499 4623 (accedendi)
1540 4552 1609 4606 ab
1660 4550 1954 4607 Anastasio
2002 4549 2173 4621 petie-
2272 4557 2327 4611 in
2354 4552 2535 4609 locum
2566 4554 2742 4623 ipsius
2789 4550 3099 4620 aulectum,
3142 4553 3466 4609 convocavit
3509 4566 3699 4608 coram
3744 4551 3826 4606 Sc-

608 4656 760 4709 runt,
800 4644 896 4716 qui
945 4643 1085 4713 ipsis
1136 4643 1454 4700 introeundi
1498 4644 1713 4700 veniam
1763 4644 2059 4702 concessit.
2090 4643 2171 4697 Ad
2274 4632 2463 4714 pulcro
2490 4650 2545 4697 et
2574 4642 2847 4717 Golgotha
2877 4641 3203 4706 monachos,
3240 4642 3335 4711 qui
3356 4640 3427 4696 .in
3479 4640 3827 4697 Anastasism

609 4750 792 4806 regem
822 4744 957 4805 ergo
983 4734 1223 4804 ingressi
1255 4743 1407 4791 sunt.
1441 4734 1569 4791 Fuit
1614 4745 1797 4793 autem
1838 4735 1985 4801 Saba
2009 4734 2175 4790 vesti-

612 4828 720 4886 bus
747 4826 893 4882 tritls
914 4826 1158 4892 indutus,
1187 4840 1358 4897 quare
1374 4841 1501 4881 cum
1530 4838 1670 4898 pone
1691 4838 1919 4885 eteteros
1934 4842 1994 4884 se
2008 4827 2177 4882 conti-

611 4924 787 4981 neret,
832 4914 1234 4986 prohibuerunt
1280 4916 1457 4985 ipsum
1485 4917 1696 4973 ostiarii
1754 4916 1823 4973 ah
1886 4918 2172 4988 ingressu.

584 5008 750 5064 tam
798 5020 931 5075 ergo
988 5006 1213 5077 legisset
1275 5008 1604 5064 Anastasius
1675 5008 1976 5080 imperator
2046 5009 2176 5065 Elia

616 5097 942 5172 patriarcha
992 5094 1484 5173 ‘ﬂierosolymitani
1539 5099 1853 5171 epistolam,
1909 5099 2173 5167 Quisnam

617 5184 823 5262 (inquit
856 5190 1165 5265 monachis)
1219 5201 1251 5248 e
1306 5191 1465 5247 vehis
1509 5201 1595 5247 est
1648 5191 1789 5247 Saba
1850 5192 1953 5248 iste
2001 5193 2053 5247 in
2091 5193 2177 5249 his

619 5283 821 5339 litteris
842 5276 1139 5340 laudatus?
1168 5267 1250 5338 ult
1294 5282 1799 5354 circumspicientes
1851 5299 1977 5363 cum
2031 5284 2177 5342 haud

621 5374 816 5433 adesse
875 5374 1057 5446 ipsum
1107 5364 1383 5442 "ﬁderent,
1415 5375 1625 5447 ipsum
1689 5390 1992 5433 accersere.
2040 5373 2177 5433 Cum

624 5474 805 5520 autem
861 5460 929 5521 ad
1004 5463 1384 5535 imperatorem
1445 5458 1813 5538 137-139
1900 5467 2181 5539 ingressus

624 5561 796 5622 esset,
828 5551 921 5612 ille
944 5558 1010 5613 ad
1047 5572 1109 5615 se
1135 5552 1370 5631 propias
1410 5558 1671 5616 accedere
1717 5558 1957 5629 iussum,
1990 5559 2177 5629 juxta-

628 5657 826 5719 que-sc
852 5647 1198 5718 collocatum,
1252 5650 1604 5720 interrogavit
1654 5649 1721 5708 de
1776 5648 2182 5723 Hierosolymo-

2276 4736 2660 4804 imperntorem
2688 4742 2745 4788 et
2762 4733 3025 4788 Severum
3052 4732 3452 4804 patriarcham,
3480 4739 3539 4787 et
3564 4738 3826 4802 quotquot

2275 4826 2450 4896 ipsius
2486 4826 2817 4880 sententiam
2853 4818 3339 4895 amplecterentur,
3392 4822 3691 4879 anathema
3738 4824 3829 4877 de-

2282 4916 2629 4971 nuntiarunt.
2656 4916 2984 4972 Anastasius
3011 4915 3469 4985 ergoimperat‘or
3490 4914 3682 4969 aedito
3703 4911 3825 4983 quid

2278 5006 2495 5067 fecisset
2524 5006 2641 5063 Elia
2692 5006 3004 5082 patriarcha
3037 5004 3390 5079 151-153
3444 5002 3825 5075 ﬂierosdymio

2276 5108 2462 5167 tanus,
2495 5100 2741 5165 mittens,
2768 5097 2949 5169 ipsum
2986 5098 3119 5153 llam
3164 5096 3426 5169 relegavit
3453 5097 3646 5169 (idque
3692 5107 3825 5149 anas

2280 5190 2494 5261 imperii
2556 5188 2837 5274 Anastasii
2890 5188 3160 5245 vicesimo
3216 5186 3427 5257 tertio),
3483 5186 3827 5271 proiecitque

2278 5264 2670 5353 Hierosolymis
2693 5279 3060 5353 patriarcham
3093 5278 3385 5351 quemdam
3406 5280 3633 5335 nomine
3670 5264 3824 5334 loss}

2280 5389 2427 5440 nem,
2485 5378 2673 5444 utpote
2723 5370 2817 5442 qui
2873 5370 2977 5442 ipsi
3005 5369 3335 5441 promiserat
3369 5370 3515 5426 sein
3552 5370 3825 5442 episcepst

2282 5474 2581 5529 sexcentos
2603 5463 2829 5534 triginta
2852 5461 3284 5534 quiChalcedoni
3314 5459 3686 5519 interfuerunt
3710 5464 3822 5516 anl-

2282 5556 2466 5611 tbema
2494 5555 2792 5611 dicturum.
2818 5548 2923 5615 Ubi
2946 5569 3076 5626 ergo
3098 5551 3474 5624 Hierosolyma
3492 5553 3821 5615 locum

2283 5632 2705 5722 convenientes.
2744 5648 2923 5707 insutu
2954 5643 3207 5708 monachi
3242 5652 3296 5703 et
3327 5643 3511 5706 δεδι·
3556 5642 3677 5703 Noli
3730 5642 3818 5716 (h-
