3950 6348
175 224 298 290 1065

1556 221 1920 285 ΑΝΝΑΙΕΒ.
1986 174 1989 175 ν

3212 219 3344 283 1066

168 335 364 405 quilnt)
388 329 567 388 Severi
597 332 917 389 sententiam
946 331 1217 407 amplecti,
1262 331 1359 387 scd
1389 331 1679 387 cobcilittm
1714 353 1758 400 Α
1787 322 2053 390 Jacobitis
2090 332 2445 403 respondere,
2473 342 2525 386 et
2553 329 2815 385 doctrinm
2848 334 3093 403 ipsorum
3138 324 3377 388 istisin-9

167 418 578 483 Chalcedonense
589 437 889 495 propugna:
906 421 1074 495 [quod
1088 423 1132 477 si
1152 420 1688 496 feceris],nosonines

163 531 191 572 a
221 515 451 587 partibus
476 516 583 570 tuis
622 515 913 571 stabimus.
946 513 1101 580 Quod
1128 513 1219 569 ille
1241 513 1370 583 ipsis
1394 513 1685 591 pollicitus,

105 647 110 652 -
163 607 469 676 contrarium
504 608 552 662 ei
618 606 762 676 quod
834 605 937 675 ipsi
987 604 1337 687 mandaverat
1393 604 1689 674 imperator

160 698 295 754 fecit.
358 697 523 767 Cujus
608 695 687 750 rei
751 695 952 750 certior
1012 686 1189 768 factus
1270 694 1584 774 imperator,
1657 686 1688 749 e

96 788 101 794 ’
159 788 376 843 ducibus
420 789 551 843 suis-
584 785 876 857 quemdam
923 786 1096 849 misit,
1136 787 1226 855 qui
1272 784 1537 843 Joannem
1590 804 1688 861 pa-

158 863 430 933 triarcham
491 873 1068 948 Hierosolymitanum,
1122 876 1253 931 illud
1309 878 1485 933 facere
1540 886 1687 950 quod

158 968 462 1039 promiserat
521 976 801 1033 moneret,
856 974 1031 1037 utque
1114 967 1330 1023 concilii
1384 968 1688 1024 Chalcedo-

156 1058 699 1114 nensismentionem
745 1055 929 1112 facere
980 1057 1291 1120 desisteret,
1343 1058 1429 1112 sin
1482 1059 1689 1123 minus,

154 1145 399 1205 cathedra
438 1134 738 1203 abdicaret.
775 1146 1059 1203 Accedens
1081 1161 1212 1216 ergo
1243 1146 1355 1200 dux
1384 1147 1484 1201 iste
1522 1146 1692 1202 Joan-

155 1250 265 1294 nem
288 1237 652 1312 patriarcbam
678 1236 1008 1308 prehensum
1039 1235 1092 1288 in
1121 1248 1399 1288 carcerem
1427 1236 1690 1305 conjecit.

150 1326 308 1394 Quem
340 1326 412 1401 ibi
444 1326 707 1383 adeuntes
745 1325 996 1379 monachi
1042 1322 1093 1376 ei
1127 1333 1417 1377 suaserunt
1447 1334 1507 1379 nt
1551 1325 1692 1380 idem

149 1416 265 1473 duci
317 1432 378 1473 se
431 1417 702 1471 facturum
752 1409 1122 1484 pollice‘retur,
1164 1413 1308 1484 quod
1378 1416 1691 1485 imperatori

150 1506 415 1576 pollicitus
447 1499 643 1568 fuerat,
667 1518 789 1557 eum
824 1510 1003 1558 autem
1049 1503 1263 1559 adesset
1321 1518 1512 1570 omnes
1569 1487 1698 1561 illos

146 1595 480 1650 anathemate
520 1592 701 1647 feriret
742 1607 882 1663 quos
921 1590 1518 1649 anatheinatizaverant
1579 1611 1696 1651 meo

145 1686 319 1742 nacbi.
348 1677 505 1751 Quod
538 1699 665 1759 cum
704 1662 942 1756 fecisset,
976 1683 1363 1751 convenientes
1418 1682 1691 1753 monachi,
1726 1662 1767 1716 Β

146 1792 365 1833 numero
387 1777 607 1832 circiter
658 1774 841 1830 decies
886 1773 1036 1828 mille
1079 1774 1223 1829 inter
1271 1789 1413 1845 quos
1438 1773 1693 1832 'l‘heodo-

144 1869 278 1935 slus,
305 1869 602 1931 Charitan,
624 1875 677 1922 et
703 1864 844 1925 Saba
873 1851 1273 1921 coenobiorum
1303 1869 1604 1938 praepositi,
1640 1871 1694 1923 in

144 1961 486 2023 Dioscorum,
549 1956 899 2028 Eutychium,
950 1954 1211 2012 Severum
1266 1966 1320 2011 et
1383 1958 1696 2030 quicunque

142 2052 432 2107 concilium
492 2049 933 2105 Chalcedonense
983 2046 1147 2120 ιω
1210 2062 1320 2102 non
1395 2049 1695 2120 reciperent

146 2142 435 2197 anathema
501 2140 789 2205 dixerunt.
848 2137 1037 2193 lictuit
1110 2146 1292 2193 autem
1354 2140 1697 2209 imperatoris

139 2232 351 2302 legatus
379 2247 411 2286 a
443 2231 749 2286 monachis.
792 2230 997 2285 Aderat
1018 2276 1030 2288 ,
1054 2228 1216 2283 etiam
1282 2242 1390 2282 una
1462 2228 1698 2300 impera-

138 2326 274 2381 toris
304 2330 601 2394 cognatus,
636 2321 724 2377 cui
774 2334 902 2376 eum
957 2320 1011 2375 id
1045 2334 1210 2389 grave
1249 2328 1417 2384 esset,
1451 2322 1703 2391 promisit

138 2416 252 2486 ipse
286 2414 577 2470 monachis
604 2412 953 2468 reversurum
987 2406 1371 2480 imperatorem
1413 2408 1485 2464 ab
1529 2408 1701 2465 altera

135 2485 241 2563 ista
294 2507 363 2561 ad
402 2505 650 2577 ipsorum
697 2502 1019 2574 sententiam
1050 2511 1101 2555 et
1142 2500 1550 2569 adveritatetna
1570 2500 1702 2556 Cmn

135 2611 266 2669 ergo
346 2593 885 2664 Constantinopolim
937 2590 1284 2662 pervenisset
1357 2591 1704 2661 imperatoris

132 2696 407 2759 cognatus
451 2687 574 2749 iste,
611 2684 743 2754 quid
771 2716 775 2720 -
799 2684 1000 2739 factum
1049 2692 1194 2755 esset
1253 2682 1371 2751 ipsi
1409 2681 1702 2736 nuntiavit.

129 2780 381 2850 Cumque
414 2779 469 2834 in
499 2780 684 2831 animo
718 2775 943 2829 haberet
998 2774 1292 2844 imperator
1331 2773 1497 2827 etiam
1540 2769 1706 2843 Joan;

133 2885 256 2928 neut
289 2872 665 2941 patriarehant
729 2856 1288 2941 llierosolymitanum
1346 2865 1401 2917 itt
1450 2863 1705 2952 exsilium

1788 434 1967 502 temet
1992 425 2382 482 absurditatem
2405 422 2712 477 ostendere.
2748 421 2966 477 Dicatur
2997 424 3101 480 illis
3135 440 3150 477 :
3183 422 3350 479 Dicito

1789 516 1944 572 nobis
1973 514 2127 600 [quid
2154 510 2429 583 sentiatis]
2462 514 2529 567 dc
2578 527 2808 579 persona
2840 511 3000 568 Verbi
3055 514 3171 577 Dei,
3228 530 3351 584 qua:

1790 606 1907 667 licri
1940 622 2049 661 non
2075 616 2270 676 potest,
2300 603 2431 676 quin
2464 605 2547 659 vel
2597 603 2893 671 sumpserit
2937 604 3065 673 quid
3111 606 3177 661 dc
3220 606 3354 661 sub-

1755 700 1993 755 stantia
2044 699 2402 754 humanitatis
2456 698 2615 768 eique
2676 697 2830 751 unita
2882 695 3065 759 fuerit,
3110 698 3211 752 vel'
3242 712 3351 751 non

1790 788 2103 871 sumpserit.
2146 787 2487 844 Si‘dixcritis
2523 788 2657 841 nihil
2693 787 2995 858 accepisse,
3036 785 3230 840 falsum
3271 796 3355 841 est

1748 906 1751 907 ν
1793 884 2079 947 personam
2103 892 2265 948 quam
2286 877 2505 930 Christo
2532 876 2829 930 attribuitis
2850 876 3209 945 compositam
3235 890 3357 930 csse

1793 982 1858 1021 ex
1891 969 2174 1021 divinitate
2207 977 2263 1021 et
2302 965 2663 1021 humanitate.
2697 966 2851 1030 Quod
2877 966 2923 1020 si
2955 966 3084 1036 quid
3114 980 3362 1035 sumpse-

1797 1058 1889 1124 rit,
1917 1071 2143 1112 neeesse
2186 1066 2267 1112 est
2294 1065 2374 1122 ut,
2404 1055 2547 1125 quod
2580 1066 2854 1125 sumptum
2882 1057 3061 1123 fuerit
3094 1072 3161 1111 es
3193 1056 3362 1111 Maria

1800 1144 2040 1218 Virgine,
2069 1148 2141 1203 sit
2191 1147 2622 1215 Sttltstantia,v'el
2666 1147 2976 1215 communis
3002 1148 3086 1200 vel
3119 1150 3355 1215 partien-

1797 1239 1968 1305 laris;
2000 1241 2044 1293 si
2079 1239 2389 1294 communis
2424 1237 2608 1305 fuerit,
2641 1238 2766 1291 inde
2797 1245 3058 1307 sequetur
3081 1253 3205 1313 esse
3235 1241 3363 1291 sub-

1798 1330 2057 1384 stantiam
2095 1328 2333 1384 divina’m
2367 1337 2421 1385 et
2445 1328 2786 1384 substantias
2826 1329 3113 1393 humanas,
3140 1326 3364 1397 cothpo-

1786 1422 1969 1493 sitas,
2026 1420 2264 1482 multas;
2333 1418 2477 1489 quod
2543 1418 2883 1489 impossibile
2942 1426 3049 1473 est.
3114 1416 3268 1485 Quod
3316 1419 3362 1471 si

1799 1496 2105 1567 substantia
2143 1509 2490 1585 particularis
2513 1524 2634 1579 qua:
2672 1508 2904 1564 indicari
2958 1519 3160 1579 potest,
3204 1506 3367 1581 158

1802 1611 1915 1656 tum
1946 1591 2074 1656 sunt
2097 1600 2329 1657 Christo
2359 1596 2685 1656 substantia:
2739 1600 2901 1665 duae,“
2932 1601 3116 1655 divina
3168 1615 3366 1669 ttempu

1794 1700 1849 1746 et
1876 1693 2136 1756 humana,
2167 1702 2222 1747 at
2250 1692 2608 1752 subsistentia
2644 1706 2773 1753 una,
2804 1699 2858 1746 et
2884 1691 3179 1760 unicuique
3239 1692 3370 1747 sub-

1795 1784 2007 1839 stantia:
2046 1792 2241 1838 natnra
2294 1798 2393 1839 sua
2450 1800 2463 1836 :
2514 1788 2691 1853 atque
2724 1783 2807 1837 bm
2854 1781 2977 1837 dua:
3026 1782 3369 1839 substantizc.

1796 1882 2003 1928 naturae
2030 1874 2174 1939 dum,
2218 1873 2577 1934 subsistentia
2614 1888 2741 1939 una,
2791 1883 2846 1934 et
2901 1888 3129 1929 necesse
3178 1873 3281 1928 erit
3314 1885 3373 1927 ut

1796 1966 1922 2017 dum
1950 1966 2117 2019 unita:
2144 1962 2484 2018 fuerintdna:
2516 1963 2857 2029 substantim,
2882 1973 3106 2020 mutata
3125 1963 3325 2019 fuerint
3354 1985 3367 2018 :

1799 2056 1939 2125 quod
1971 2056 2016 2109 si
2056 2070 2087 2112 a
2124 2055 2431 2131 substantia
2468 2041 2565 2110 sua
2590 2059 2824 2110 'tnuta'm
2854 2055 3075 2125 fuerint,
3112 2055 3230 2111 fieri
3261 2073 3369 2110 non

1801 2155 1980 2215 potest
2013 2146 2146 2216 quin
2174 2150 2238 2199 'ut
2276 2146 2358 2200 vel
2414 2154 2620 2200 mutata
2655 2146 2816 2200 fuerit
2847 2144 3160 2201 substantia
3187 2147 3371 2202 divina

1802 2238 1856 2289 in
1906 2235 2265 2289 substantiam
2316 2235 2629 2300 humanam,
2662 2244 2715 2291 et
2760 2235 2899 2290 facta
2920 2238 2992 2291 sit
3025 2237 3229 2295 homo;
3289 2238 3374 2293 ιρι

1790 2324 2111 2392 substantia
2148 2326 2382 2379 humana
2423 2326 2478 2379 in
2504 2324 2767 2387 divinam,
2799 2324 3049 2396 factaque
3086 2327 3158 2383 sit
3184 2326 3369 2387 Deus:

1805 2424 1899 2471 attt
1941 2426 1998 2471 ut
2030 2425 2274 2486 utrmque
2301 2417 2370 2471 ah
2398 2415 2637 2491 essentia
2678 2429 2776 2469 sna
2833 2400 2889 2468 in
2940 2416 3103 2469 aliam
3154 2427 3376 2471 mutam

1803 2507 1915 2562 sint
1942 2494 2267 2572 essentiam,
2301 2514 2361 2561 ut
2404 2510 2474 2560 ita
2512 2523 2575 2560 c.v
2630 2507 2696 2560 iis
2753 2505 2893 2565 facta
2956 2507 3029 2562 sit
3074 2507 3377 2565 substantia

1774 2658 1777 2663 p
1804 2596 1930 2664 alia,
1962 2605 2017 2652 et
2041 2606 2234 2663 natura
2267 2598 2393 2651 alia.
2430 2596 2580 2662 Quod
2614 2597 2659 2657 si
2688 2597 2763 2652 ita
2803 2612 2863 2651 se
2888 2597 3144 2653 habuerit
3175 2613 3285 2665 res,
3318 2608 3374 2655 et

1804 2702 2063 2744 conversa
2093 2685 2257 2742 fuerit
2280 2686 2545 2745 divinitas,
2566 2690 2619 2740 in
2652 2687 3066 2758 humanitatem,
3099 2688 3235 2744 tum
3273 2703 3377 2746 ne-

1806 2790 1928 2834 tura
1960 2779 2165 2861 Christi
2200 2780 2373 2834 homo
2396 2781 2507 2845 est,
2542 2781 2661 2840 non
2710 2756 2857 2833 Deus
2882 2756 2911 2843 ;V
2950 2789 3006 2835 et
3063 2781 3376 2836 necessario
3416 2792 3420 2796 ‘

1807 2871 2137 2941 attribuetur
2169 2885 2333 2942 poena
2370 2869 3037 2937 sttbstantizedwinitatis,
3076 2879 3130 2927 et
3160 2871 3377 2929 invadet

132 2962 379 3027 mirare,
413 2958 727 3030 congregati
773 2955 1028 3012 monachi
1067 2964 1123 3010 et
1152 2956 1394 3047 episcopi
1422 2955 1488 3010 ad
1524 2957 1705 3027 ipsum
1733 2987 1777 3047 ε
1811 2961 1984 3033 ipsam
2012 2964 2334 3033 corruptio;
2389 2962 2493 3015 hoc
2521 2968 2714 3031 autent
2736 2960 3381 3031 impiissibilium‘absur-

128 3054 510 3125 scripserunt,
539 3067 599 3107 se
630 3048 817 3106 Severi
864 3048 946 3103 vel
972 3045 1290 3111 'heterodoxi
1320 3046 1553 3117 alicujus
1584 3062 1714 3103 scn-

129 3147 369 3201 tentiam
410 3132 835 3213 haudquaquam
891 3139 1263 3218 amplexnros,
1315 3139 1531 3194 etiamsi
1582 3153 1711 3193 san-

128 3237 357 3310 guinem
380 3236 622 3305 ipsorum
684 3220 971 3296 funderet;
1029 3239 1284 3301 rogantes
1307 3230 1473 3297 ctiam
1500 3230 1721 3304 ipsum,

131 3339 193 3384 ut
220 3344 253 3381 a
287 3328 441 3382 tttalo
480 3325 616 3396 ipsis
666 3323 947 3379 inferendo
996 3321 1307 3379 desisteret.
1356 3319 1493 3376 Cum
1544 3310 1723 3377 ctiant

127 3419 416 3476 audiisset
459 3414 820 3488 Symmachus
873 3411 1180 3493 patriarcha
1242 3410 1520 3465 Romanus
1579 3409 1744 3480 qnid‘

134 3511 369 3567 fecisset
396 3506 718 3564 Anastasius
743 3545 758 3570 ,
786 3504 1006 3575 scriptis
1040 3504 1108 3562 ad
1141 3503 1319 3573 ipsum
1380 3501 1579 3581 litteris
1620 3501 1705 3554 fa-

125 3610 287 3661 ctum
304 3600 432 3671 eius
444 3599 789 3673 vituperavit,
816 3597 1029 3667 ipsique
1043 3595 1331 3649 anathema
1348 3592 1718 3648 denuntiavit.

169 3689 573 3761 .Hurtuusque
602 3697 687 3745 est
722 3687 1088 3759 Symmachus
1118 3684 1430 3756 patriarcha
1456 3698 1580 3738 cum
1600 3696 1712 3754 an-

130 3803 243 3846 nos
265 3782 692 3858 quatuordecim
731 3779 990 3834 sedisset.
1020 3773 1152 3831 Post
1179 3790 1342 3846 quem
1376 3769 1716 3858 constitutus

126 3893 218 3938 est
252 3877 463 3934 ibidem
519 3872 832 3945 patriarcha
880 3868 1194 3934 Hormisda,
1226 3866 1320 3936 qui
1364 3864 1567 3920 Severo
1622 3876 1719 3934 pa-

130 3971 408 4029 triarcha:
434 3959 779 4023 Antiocheno
809 3972 864 4017 et
908 3966 1184 4031 quotquot
1228 3958 1376 4029 idem
1420 3971 1544 4010 cum
1595 3956 1718 4024 ipso

130 4070 461 4122 assererem
491 4055 793 4121 maledixit,
824 4053 990 4123 idque
1016 4064 1165 4106 anno
1195 4046 1409 4119 imperii
1441 4045 1714 4101 Anastasii

130 4156 519 4213 Romanorum
555 4146 901 4218 imperatoris
933 4142 1192 4199 vicesimo
1217 4140 1399 4195 tertio.
1432 4134 1586 4191 Sedit
1612 4150 1714 4189 au-

129 4260 251 4305 tem
288 4238 582 4299 ﬂortnisda
610 4237 917 4308 patriaacha
955 4233 1446 4288 Romanuseannos
1473 4234 1711 4294 septem,

96 4293 564 4415 ,t'l'gn'niortu‘ns
584 4293 689 4384 est.
733 4293 922 4400 Porro,
985 4322 1090 4377 fuit
1150 4318 1357 4376 Severo
1413 4293 1794 4397 discipulus”

130 4427 380 4485 nomine
400 4421 664 4483 Jacobus,
718 4417 805 4471 cui
866 4416 1113 4469 antictns'
1147 4418 1265 4466 erat
1312 4424 1345 4465 e
1386 4407 1719 4473 semiiinibus

133 4511 449 4575 Aibat-adet
471 4524 568 4566 seu
593 4506 926 4563 dorsualium
977 4496 1326 4574 1551‘,
1361 4511 1483 4567 qua
1507 4496 1720 4567 iumen.

130 4612 215 4667 tis
244 4604 482 4664 insterni
509 4600 686 4656 solent
714 4593 981 4663 consutis,
1012 4595 1158 4648 unde
1182 4584 1484 4660 cognatum
1534 4583 1723 4640 Jacobi

134 4696 582 4761 Albaradiensis
636 4690 869 4760 accepit,
928 4688 1086 4758 cujus
1141 4686 1390 4739 doctrina
1441 4688 1560 4735 erat
1600 4691 1726 4734 esse

98 4847 104 4852 .
131 4794 382 4856 Christo
412 4798 669 4844 naturam
720 4797 882 4837 unam
918 4796 950 4835 e
978 4778 1194 4834 duabus
1223 4773 1436 4829 naturis
1480 4772 1725 4854 [compo-

132 4879 371 4955 sitam,|
402 4876 761 4944 substantiam
783 4890 815 4927 e
837 4868 1160 4927 substantiis
1186 4866 1417 4931 duabus,
1446 4874 1507 4955 et
1528 4860 1725 4955 volun-A

134 4991 328 5039 tatem
353 4952 545 5038 unam,
570 4965 864 5025 secundum
897 4960 1223 5019 sententiam
1246 4956 1456 5020 Severi,
1480 4952 1724 5008 Dioscuri

132 5080 204 5130 et
254 5062 514 5136 Eutychii
575 5055 1008 5119 maledictorum.
1058 5045 1485 5136 Profectus__bic
1534 5056 1726 5098 versus

137 5133 630 5224 lesbpotatniam,
692 5142 917 5207 Citam,
972 5133 1726 5224 Tacritum,‘llaranumret

137 5223 478 5307 Armeniam
506 5240 668 5293 iidem
699 5233 978 5307 hominum
1008 5229 1277 5297 corrupit,
1304 5238 1573 5294 suamque
1602 5223 1727 5278 illos

138 5336 469 5397 doctrinam
520 5328 773 5401 amplecti
826 5324 976 5381 fecit.
1024 5322 1157 5399 Inde
1219 5320 1312 5388 qui
1364 5315 1552 5371 Jacobi
1603 5315 1725 5368 ιιιιεί

139 5431 584 5487 consenserunt,
609 5421 859 5486 idemque
873 5428 1000 5469 eum
1026 5413 1147 5482 ipso
1169 5420 1454 5465 asseruere
1468 5404 1728 5462 Jaeohita:

144 5518 427 5594 ιιιρειιιιὶ
458 5522 610 5577 sunt,
646 5511 716 5565 ab
762 5507 936 5577 ipsius
986 5504 1208 5560 homine
1261 5499 1491 5556 Jacobo.
1547 5497 1727 5567 lnqnit

143 5613 301 5673 Sail
320 5609 438 5672 Ehe
458 5605 641 5663 Batriit
672 5601 915 5658 medicus
935 5614 954 5653 :
980 5596 1173 5654 Visum
1205 5606 1287 5655 est
1316 5596 1451 5651 mihi
1481 5595 1581 5649 hoc
1606 5594 1725 5651 loco

296 5726 307 5733 ·
411 5786 415 5790 _
483 5705 751 5777 Panos.
778 5701 896 5764 οι.
924 5694 1085 5781 CXI.

1810 3051 2097 3107 dissitnum
2127 3060 2231 3107 est.
2257 3052 2355 3106 Sin
2383 3066 2648 3106 conversa
2672 3051 2833 3106 fuerit
2851 3051 3161 3109 substantia
3189 3055 3383 3110 buma-

1812 3144 2002 3198 nitatis
2050 3145 2104 3197 in
2158 3142 2520 3199 substantiam
2589 3128 2909 3207 divinitatis,
2970 3143 3074 3201 erit
3124 3143 3378 3201 Christus

1812 3232 1979 3298 Dens,
2044 3249 2150 3289 non
2203 3234 2393 3298 homo,
2440 3241 2495 3288 et
2552 3234 2803 3303 sequitur
2869 3233 3038 3290 fuisse
3091 3230 3268 3305 ipsum
3313 3236 3382 3290 de

1810 3340 1951 3380 novo
1980 3312 2187 3387 ortum,
2219 3334 2273 3379 ct
2308 3323 2668 3400 factumesse
2698 3334 2984 3391 aeternum,
3023 3326 3172 3397 quod
3198 3334 3255 3383 et
3297 3331 3382 3383 in.

1811 3425 1894 3491 ter
1917 3416 2286 3488 impossibilia
2337 3430 2552 3471 suntme
2582 3400 2901 3471 absurdum
2957 3426 3065 3473 est.
3127 3416 3281 3485 Quod
3333 3421 3379 3473 si

1816 3516 2059 3578 utraeque
2097 3507 2259 3563 simul
2290 3521 2319 3560 a
2344 3506 2663 3562 substantia
2688 3502 2789 3562 sna
2818 3496 3042 3566 mutate
3070 3508 3295 3566 fuerint.
3328 3521 3383 3563 ct

1809 3613 1838 3651 a
1873 3606 2068 3652 natura
2096 3611 2161 3651 ac
2192 3596 2434 3651 essentia
2485 3610 2583 3651 sua
2616 3610 2897 3652 conversa:
2928 3597 2983 3651 itt
3016 3598 3378 3653 substantiam

1815 3658 2078 3752 aiiattl\ac
2117 3695 2370 3742 naturam
2406 3686 2589 3749 aliam.
2629 3684 2741 3755 jam
2796 3685 3055 3745 Christus
3101 3703 3201 3744 nec
3238 3688 3381 3744 Dem

1783 3821 1787 3824 μ
1814 3780 1943 3843 erit,
1975 3794 2076 3857 nec
2105 3780 2290 3844 hamo,
2319 3790 2377 3833 ιιι
2402 3777 2739 3833 orichalcum
2766 3778 2909 3848 quod
2942 3769 3042 3835 nec
3063 3786 3138 3836 tes
3168 3787 3253 3836 est
3284 3796 3384 3835 nec

1814 3870 2122 3941 plumbum,
2151 3877 2247 3922 aut
2272 3878 2468 3924 natura
2497 3869 2628 3923 muli
2660 3883 2783 3939 qua:
2821 3883 2921 3925 nec
2942 3869 3084 3924 asini
3130 3885 3228 3925 nec
3257 3874 3381 3940 equi

1790 3957 2398 4048 matura/15945],
2450 3966 2552 4014 est.
2613 3958 2769 4026 Quod
2824 3958 2873 4013 si
2919 3968 3125 4048 natura:
3170 3959 3310 4016 bium
3354 3981 3382 4012 a

1814 4043 2120 4106 substantia
2152 4064 2252 4106 sua
2281 4064 2405 4120 post
2434 4050 2691 4104 unionem
2714 4064 2991 4106 conversa
3023 4043 3132 4107 non
3161 4051 3382 4112 fuerint.

1816 4157 1920 4197 nec
1953 4142 2021 4199 ab
2052 4142 2293 4197 essentia
2326 4156 2427 4196 sua
2462 4139 2825 4205 mutata-sed
2850 4149 3077 4211 utraque
3109 4142 3164 4197 in
3189 4150 3382 4197 natura

1820 4248 1887 4299 ac
1916 4236 2219 4291 substantia
2271 4248 2369 4288 sua
2405 4232 2620 4288 stabilis
2675 4240 2993 4301 permaneat
3038 4244 3163 4287 cum
3208 4233 3386 4289 subsi-

1824 4312 2020 4386 stentia
2058 4307 2343 4398 unaiqitte
2393 4332 2478 4379 est
2520 4323 2883 4379 subsistentia
2918 4322 3104 4390 Verbi,
3132 4324 3243 4395 jam
3276 4315 3396 4379 mai

1827 4400 2079 4474 nifestu‘m
2104 4424 2189 4473 est
2218 4431 2283 4471 ac
2321 4427 2538 4482 certum
2582 4413 2860 4468 Chi-istum
2913 4428 3036 4470 esse
3080 4424 3386 4489 personant

1825 4524 2011 4575 unam,
2058 4508 2197 4564 duas
2246 4506 2555 4579 [habentem
2587 4502 2864 4578 naturas].
2905 4504 3041 4559 duas
3060 4503 3389 4567 voluntates.

1824 4600 2072 4668 duasque
2100 4597 2365 4662 actiones,
2388 4598 2521 4656 cum
2558 4594 2765 4649 unitate
2813 4585 3175 4648 subsistentia:
3205 4592 3387 4652 unius,

1826 4686 2078 4744 videlicet
2128 4673 2497 4745 subsistentire
2541 4679 2705 4737 Verbi
2731 4682 2874 4750 quod
2906 4690 2990 4746 est
3022 4679 3190 4735 Filius
3236 4691 3391 4734 :t'lcr.
3430 4728 3435 4733 .

1830 4780 2151 4848 nus,jatque
2190 4775 2293 4829 hoc
2334 4772 2495 4827 modo
2542 4770 2808 4826 evertitur
2852 4769 2984 4824 fides
3021 4766 3391 4823 Jacobitarum

1796 4892 1801 4900 ι
1827 4865 2169 4943 [dicentium]
2199 4882 2318 4923 esse
2344 4864 2620 4921 Christum
2649 4862 3016 4919 substantiam
3042 4875 3200 4915 unam
3220 4871 3275 4915 et
3298 4876 3392 4913 na-

1830 4972 2005 5016 tnratn
2027 4948 2227 5012 'nnam.

1902 5049 2119 5106 Dicetur
2147 5048 2310 5103 etiam
2340 5048 2450 5103 illis
2475 5064 2490 5101 :
2519 5047 2691 5102 Dicite
2718 5045 2898 5109 nobis,
2926 5043 3038 5099 hzec
3065 5051 3261 5098 natura
3288 5061 3392 5096 tttta

1830 5156 1996 5213 quam
2018 5139 2242 5195 Christo
2266 5137 2539 5211 tribuitis,
2565 5122 2724 5194 estne
2739 5149 2802 5193 ea
2824 5134 3004 5189 divina
3030 5148 3100 5188 an
3123 5134 3396 5188 humana?

1832 5244 1927 5289 aut
1960 5230 2143 5285 divina
2172 5219 2333 5285 simul
2368 5215 2423 5283 et
2450 5224 2723 5280 humana?
2759 5228 2860 5279 aut
2911 5236 3013 5277 nec
3061 5223 3246 5278 divina
3297 5239 3391 5275 nec

1847 5324 2086 5377 humana
2112 5319 2148 5373 ἴ
2170 5318 2228 5374 Si
2261 5318 2502 5374 dixerint
2532 5330 2631 5369 nec
2661 5312 2902 5369 divinam
2938 5327 3061 5368 esse
3089 5328 3184 5369 nec
3214 5315 3391 5367 burna-

1833 5398 1981 5478 nam,
2012 5413 2124 5483 jam
2160 5412 2227 5467 ad
2258 5407 2634 5466 inﬁdelitatem
2682 5404 2893 5475 delapsi
2941 5402 3216 5459 Christum
3280 5412 3392 5458 sta-

1832 5512 2049 5561 tuerunt
2081 5516 2181 5557 nec
2205 5499 2373 5555 Deum
2400 5510 2525 5553 esse
2547 5486 2658 5551 nec
2675 5495 2975 5559 hominem,
3011 5493 3155 5563 quod
3186 5492 3389 5560 impos-

1825 5597 1987 5656 sibile
2016 5604 2103 5649 est
2136 5612 2152 5649 :
2188 5591 2333 5665 quod
2380 5590 2428 5646 si
2458 5587 2696 5646 divinam
2749 5598 2871 5643 esse
2912 5600 3019 5639 non
3079 5583 3400 5639 humanam.

2933 5674 3080 5737 .34
