3950 6348
633 150 652 211 1
663 150 765 209 667

624 341 1070 409 autumeut'nou
1133 352 1396 416 divinam,
1447 351 1787 407 divinitatem
1844 359 2063 420 negant,
2133 362 2187 406 et

623 443 896 521 Christum
925 443 1270 518 constituunt
1301 445 1392 513 qui
1427 444 1571 498 Deus
1614 459 1723 498 non
1749 444 1821 498 sit
1850 463 1867 497 ⁴ε
1900 445 1943 498 si
1976 458 2107 497 vero
2132 452 2187 496 et

626 534 919 590 humanam
950 543 1007 589 et
1045 520 1286 588 divinam
1313 550 1436 589 esse
1487 544 1758 600 asseram,
1797 535 1899 589 hoe
1931 522 2094 605 pacto
2131 543 2187 588 et

627 633 727 676 Nos
740 619 1013 684 homines,
1034 629 1089 675 et
1115 618 1549 675 PatremrFilium
1572 632 1625 675 et
1646 622 1908 691 Spiritum
1936 631 2183 677 sanctum

630 712 795 783 unius
824 720 1070 775 statuunt
1088 706 1326 767 natura.
1364 713 1518 778 Quod
1570 712 1617 768 si
1646 713 1888 769 dixerint
1916 715 2057 768 hanc
2085 728 2185 767 na-
2214 746 2221 749 -

630 811 805 857 turam
854 816 1013 855 unam
1048 816 1169 869 qum
1203 800 1422 857 Christo
1462 814 1567 867 est,
1628 817 1725 857 nec
1775 802 2010 857 divinam
2066 817 2188 857 esse

629 905 727 947 nec
762 890 1076 956 humanam,
1124 892 1403 946 Christum
1432 891 1644 961 ﬁngunt
1676 892 1769 961 qui
1803 908 1904 946 nec
1942 892 2013 947 sit
2044 893 2186 948 Deus

630 997 732 1041 nec
761 982 962 1048 homo;
1015 982 1259 1064 adeoque
1304 980 1461 1054 152
1498 983 1765 1039 sententia
1802 983 2047 1054 ipsorum
2081 1001 2186 1039 un-

627 1064 790 1147 dique
818 1071 1155 1132 absurditate
1198 1073 1460 1145 cingitur,
1494 1086 1546 1129 et
1578 1075 1931 1145 abnegatione
1957 1063 2247 1133 Christi.‘

628 1163 847 1223 Dicatur
888 1163 1120 1233 insuper
1176 1164 1283 1218 illis
1348 1181 1363 1218 :
1426 1164 1924 1219 AnnonChristus
1991 1174 2184 1220 natura

623 1253 845 1324 mqualls
865 1260 949 1308 est
971 1252 1120 1309 Patri
1153 1262 1207 1307 et
1230 1252 1487 1323 Spiritui?
1521 1252 1836 1307 Dii-cutibus
1856 1252 1961 1307 illis
1991 1270 2006 1307 :
2037 1254 2185 1319 lmo;

626 1354 925 1421 regeretur,
958 1342 1127 1397 Dicite
1155 1342 1582 1399 nobiszNatura
1632 1344 1736 1399 ista
1784 1359 1891 1413 qua
1941 1341 2088 1397 Patti
2133 1355 2188 1399 et

626 1433 850 1503 Spiritui
882 1434 1109 1503 aequalis
1137 1444 1243 1499 est,
1288 1449 1413 1488 nunt
1454 1442 1509 1491 et
1556 1434 1868 1490 hominibus
1918 1436 2189 1505 aqualis?

626 1522 681 1578 Si
739 1524 960 1578 dicant:
1000 1521 1193 1587 Etiam,
1238 1525 1349 1599 jam
1381 1524 1625 1581 homines
1650 1526 1873 1608 quosvis
1899 1537 1951 1579 et
1975 1524 2185 1580 Patrem

627 1623 681 1669 et
714 1614 908 1668 Filium
945 1614 1297 1684 et‘Spiritum
1346 1626 1600 1671 sanctum
1652 1618 1817 1672 unius
1855 1627 2061 1672 natura:
2105 1617 2187 1671 ia-
2218 1608 2259 1663 Β

622 1707 793 1769 ciunt,
820 1720 940 1774 quae
969 1704 1127 1775 longe
1154 1704 1474 1774 turpissima
1506 1718 1590 1761 est
1622 1706 1677 1761 in
1710 1705 1901 1767 Deum.
1933 1721 2041 1760 non
2067 1706 2187 1760 sine

623 1795 986 1861 celebratione
1018 1795 1432 1851 memorandum
1461 1835 1477 1861 ,
1535 1796 1887 1867 blasphemia.
1941 1796 2093 1862 Quod
2138 1797 2184 1852 si

582 1910 588 1915 -
620 1886 857 1941 dixerint
881 1894 1130 1940 naturam
1160 1903 1265 1956 qua
1290 1888 1512 1957 aequalis
1546 1897 1631 1943 est
1672 1887 1821 1942 Patri
1866 1900 1922 1943 et
1958 1888 2184 1958 Spiritui

623 1987 812 2034 saneto
836 1978 995 2031 aliam
1020 1993 1140 2034 esse
1164 1979 1232 2035 ab
1258 1993 1325 2033 ea
1355 1990 1463 2050 qua
1485 1980 1708 2048 aequalis
1732 1991 1814 2034 est
1847 1982 2179 2046 hominibus,

619 2070 726 2141 iam
759 2080 953 2140 negant
1006 2069 1152 2140 quod
1180 2096 1183 2097 ν
1207 2070 1627 2135 atilrmaverant,
1660 2077 1714 2125 et
1759 2086 1981 2127 necesse
2010 2081 2093 2127 est
2127 2080 2185 2126 ut

619 2161 802 2214 dicant
848 2158 1070 2215 Christo
1127 2158 1265 2229 duas
1312 2172 1435 2214 esse
1482 2170 1730 2224 naturas,
1792 2168 2017 2215 alteram
2077 2177 2183 2231 qua

619 2253 847 2322 aqualis
872 2262 953 2306 est
984 2251 1130 2313 Patri
1155 2259 1207 2307 et
1239 2249 1492 2321 Spiritui,
1536 2252 1759 2305 alteram
1792 2261 1901 2321 qua
1948 2253 2184 2307 homini-

619 2340 719 2396 bus
777 2340 1041 2409 a-quaiis;
1083 2338 1324 2409 adeoque
1359 2339 1639 2394 manifesta
1691 2340 1826 2394 facta
1871 2352 1951 2395 est
1980 2350 2033 2396 et
2060 2358 2179 2395 vera

615 2431 966 2501 comprobata
1004 2430 1136 2485 lides
1169 2428 1565 2494 Meicbitarum,
1600 2440 1654 2484 et
1700 2441 1920 2485 ostensa
1975 2432 2182 2485 falsitas

616 2520 732 2589 ejus
757 2519 898 2588 quod
928 2527 1184 2574 asserunt
1212 2517 1492 2575 Jacobittc.

685 2608 802 2663 lam
838 2626 962 2664 vero
999 2619 1057 2664 ut
1089 2610 1154 2664 ad
1184 2625 1330 2676 eam,
1366 2610 1418 2663 iu
1469 2626 1573 2681 qua
1631 2612 1898 2666 narranda
1957 2612 2178 2680 fuimus,

617 2701 895 2755 historiam
964 2708 1322 2765 revertamur,
1377 2714 1589 2755 mortuo
1633 2704 1834 2758 Severo
1874 2706 2177 2773 patriarcha

614 2790 979 2871 Antiocheno.
1004 2792 1331 2845 constitutus
1362 2798 1446 2845 est
1476 2802 1603 2862 post
1633 2780 1808 2862 ipsum
1849 2791 2050 2849 Paulus
2075 2795 2179 2848 ibi-

616 2885 737 2936 dein
790 2882 1116 2953 patriarcha,
1166 2882 1258 2952 qui
1294 2897 1417 2936 cum
1448 2883 1688 2952 quinque
1719 2898 1893 2940 annos
1924 2888 2175 2951 sedisset,

616 2982 862 3025 nummis
901 2983 983 3027 est
1014 2988 1043 3035 ;-
1088 2971 1193 3043 [vel
1248 2972 1548 3028 secundum
1602 2973 1832 3031 alterum
1878 2980 2173 3047 exemplar,

612 3075 735 3115 cum
766 3058 969 3131 duos];
1002 3060 1287 3129 factusque
1324 3070 1407 3117 est
1442 3071 1566 3132 post
1604 3061 1780 3131 ipsum
1827 3065 2024 3119 ibidem
2075 3082 2172 3135 pa-

613 3151 846 3205 triarcha
872 3146 1234 3220 Euphrasius,
1265 3154 1355 3223 qui
1389 3155 1628 3223 quinque
1665 3170 1835 3209 annos
1866 3158 2024 3219 sedit,
2050 3157 2171 3210 dein

614 3254 858 3295 mortuus
886 3250 985 3296 est.
1018 3242 1073 3296 ld
1104 3261 1249 3297 anno
1282 3245 1493 3313 imperii
1526 3246 1802 3299 Anastasii
1829 3247 2175 3315 imperatoris

609 3331 975 3387 Bouianorum
1026 3335 1286 3388 vicesimo
1338 3348 1509 3390 sexto.
1576 3340 1731 3389 Anno
1778 3337 1983 3405 imperii
2025 3337 2171 3406 ejus-

609 3424 733 3478 dem
787 3424 1045 3477 viccsimn
1084 3426 1243 3480 tertio
1293 3434 1577 3497 postquam
1613 3429 1665 3481 in‘
1699 3428 1945 3481 exsilium
1984 3430 2171 3496 pulsus

612 3510 983 3583 ιᾷδ-ιάτ
1022 3513 1121 3568 fuit
1148 3514 1259 3569 Elia
1291 3516 1597 3585 patriarcha
1644 3515 2171 3583 ilict-osolymitanus

608 3604 806 3659 accidit
840 3605 899 3657 ius
939 3602 1226 3659 Palaestina
1255 3615 1310 3660 et
1338 3608 1732 3677 Hierosolymis
1780 3607 1999 3661 aiilictio
2056 3623 2169 3660 ma-

607 3710 733 3764 gna,
770 3709 892 3747 cum
927 3692 1101 3759 fame,
1141 3706 1313 3765 peste,
1346 3697 1653 3751 calamitate
1688 3712 1901 3767 magna,
1934 3699 2170 3753 locusta-

606 3801 724 3839 rum
773 3788 950 3855 c0pia,
982 3796 1035 3842 et
1072 3791 1400 3845 mortalitate
1426 3808 1443 3855 ;
1469 3806 1565 3845 nec
1598 3807 1691 3859 per
1718 3794 1984 3861 integrum
2011 3794 2169 3862 quin-

605 3877 897 3949 quennium
932 3878 1069 3946 pluit
1097 3896 1110 3930 :
1144 3895 1398 3949 annoque
1438 3882 1704 3951 siccitatis
1746 3884 1939 3951 quinto
1970 3898 2161 3953 magna

607 3967 728 4030 luit,
748 3983 854 4037 pra:
869 3982 1021 4037 aqua!
1040 3970 1243 4039 inopia,
1266 3972 1511 4040 angustia
1532 3970 1935 4043 Hierosolymis,
1954 3975 2091 4029 adeo
2109 3984 2165 4029 ut

604 4061 912 4114 exsiccatos
936 4070 1079 4114 esset
1111 4061 1232 4115 fons
1269 4061 1547 4126 Silmvani,
1583 4065 1938 4135 hominesque
1964 4067 2165 4137 ubique

605 4150 870 4205 fodientes
896 4166 1088 4219 aquam
1132 4162 1309 4206 tamen
1340 4169 1455 4212 non
1489 4155 1812 4211 invenirent.
1842 4154 1965 4210 Fuit
1998 4160 2160 4213 etiam

603 4240 903 4294 Antiochia:
943 4251 1099 4295 terrae
1143 4254 1325 4297 metus
1359 4244 1570 4314 ingens,
1614 4262 1722 4315 quo
1751 4248 2002 4315 collapsa:
2027 4257 2153 4304 sunt
2184 4274 2230 4328 υ

598 4332 738 4386 mdes
772 4332 972 4397 multa,
1003 4349 1309 4403 magnaque
1355 4335 1634 4389 hominum
1680 4339 1969 4391 multitudo
2013 4339 2155 4393 occi-

597 4421 693 4473 dit.
729 4421 1016 4489 Postquam
1043 4434 1219 4476 autem
1262 4424 1374 4493 jam
1416 4427 1788 4494 quinquennio
1814 4431 2155 4485 exsulaverat

598 4513 709 4565 Elia
748 4514 1048 4577 patriarcha
1087 4514 1615 4585 llierosolymitanus
1647 4518 1699 4571 in
1746 4519 1878 4572 urbe
1914 4521 2045 4585 llah,
2086 4539 2153 4576 eo

594 4605 659 4657 ad
690 4604 862 4671 ipsutn
905 4603 1129 4671 profecti
1164 4617 1287 4661 sunt
1330 4610 1702 4662 emnobiorum
1735 4609 1991 4677 praefecti,
2018 4629 2151 4666 una-

593 4710 697 4762 que
733 4694 897 4751 Saba.
947 4695 1096 4761 Quos
1151 4713 1272 4751 cum
1334 4715 1529 4767 magno
1584 4702 1783 4771 gaudio
1843 4705 2149 4771 excepisset

593 4786 727 4854 ipse,
764 4785 837 4838 ibi
869 4789 1007 4856 apud
1037 4804 1159 4842 eum
1192 4800 1395 4852 septem
1442 4791 1557 4845 dies
1594 4785 1980 4862 substiterunt,
2028 4805 2147 4863 post

588 4891 726 4943 quas
758 4874 895 4929 dixit
928 4875 1060 4946 ipsis
1089 4896 1103 4931 :
1137 4877 1256 4933 .lam
1303 4891 1554 4937 mortuus
1585 4893 1659 4937 cst
1694 4886 2014 4941 Anastasius
2048 4890 2145 4940 im-

484 5016 489 5021 ,
588 4973 1045 5036 μξηιιυιν.θςο‹ιυε
1063 4976 1179 5037 post
1203 4969 1386 5023 decem
1427 4970 1545 5044 dies
1600 4973 1775 5041 ipsum
1836 4991 2055 5044 sequar,
2089 4986 2143 5031 et

586 5069 770 5106 rorant
805 5055 1027 5109 Domino
1078 5066 1267 5112 ttOstro
1292 5040 1539 5124 Christd,
1592 5078 1713 5116 cum
1765 5064 1883 5133 ipso
1916 5040 2141 5135 iudicio

584 5144 931 5199 contendam.
966 5145 1094 5201 Post
1126 5164 1254 5218 ergo
1294 5149 1483 5205 decem
1515 5152 1634 5207 dies
1663 5155 1994 5211 obdormivit
2024 5157 2137 5212 Elia

584 5236 910 5302 patriarcha.
963 5252 1141 5295 annos
1173 5251 1333 5294 natus
1376 5242 1849 5319 octoginta'octo,
1906 5263 2136 5322 quorum

580 5325 771 5392 viginti
828 5335 1064 5395 quatuor
1111 5330 1454 5398 patriarchali
1488 5348 1715 5389 munere
1764 5335 1986 5391 functus
2030 5350 2135 5393 est.

581 5410 779 5467 Ferunt
814 5424 1064 5500 sanctum
1092 5418 1269 5472 Saban
1296 5419 1583 5476 observato
1610 5431 1869 5506 tempore,
1903 5427 1969 5480 dc
1992 5428 2138 5480 Ana-

580 5506 747 5558 stasio
793 5496 1115 5573 imperatore
1170 5512 1506 5579 qumsivissc,
1542 5496 1984 5583 nuntiatumque
2025 5518 2135 5583 ipsi
2174 5526 2177 5529 '

1642 150 2003 208 EU'l'lCllll
2048 147 2573 207 ALEXANDliINi
2610 149 2701 208 ΡΑ
2718 149 2828 208 ΙΊὶ.

623 252 732 333 iam
780 263 1177 317 humanitatem
1219 271 1524 332 negarunt;
1580 263 1665 316 sin
1706 262 2013 317 humanam
2067 276 2191 316 esse
2218 274 2260 327 Α
2293 258 2463 317 fuisse
2490 276 2558 331 eo
2587 270 2836 332 tempore
2881 261 3146 317 accidisse
3176 262 3638 331 Constantinopoli
3667 264 3784 333 fulgur
3898 252 3906 393 ‘

625 341 934 393 2|II!I‘mﬂnl-
962 348 1069 393 tanta
1133 352 1391 393 divinam,
1447 351 1787 393 δίνίιιῖιςιυιηι
1844 359 2057 393 nne-nul,
2133 362 2187 393 οι
2286 360 2340 393 ιι
2370 352 2573 393 lnnilrn
2613 352 2815 393 trramlp
2868 356 3007 393 nmlss,
3044 350 3327 393 Ahnetnain
3356 351 3665 393 insimulari
3690 355 3784 393 ani.

2262 480 2264 483 ι
2286 440 2366 495 dit
2399 445 2453 496 in
2488 443 2713 527 cerebro
2745 442 2985 506 morbus,
3010 442 3151 502 adeo
3176 450 3233 495 ut
3258 459 3418 497 manu
3442 452 3602 511 caput
3631 451 3786 503 unctis.

2229 796 2235 800 ’
2286 803 2394 868 ptis
2428 802 2622 856 litteris
2646 802 2889 871 iusserat
2910 794 3234 858 Anastasius
3267 792 3556 879 imperator
3588 811 3793 858 sanet-ai

3699 149 3783 209 lilii

2286 360 2341 405 et
2370 352 2574 404 tonitru
2612 352 2836 419 grande,
2868 356 3007 409 unde
3039 350 3327 407 Anastasio
3356 351 3666 422 imperatori
3690 355 3784 406 acci-

2287 541 2449 600 atque
2483 534 2793 586 exclamans
2826 548 3092 602 opemque
3125 530 3305 603 ιω·
3336 547 3525 603 petens
3545 549 3574 585 a
3596 531 3787 587 domoin

2286 622 2505 675 domum
2540 622 2772 692 fugeret,
2800 624 2969 677 donec
2997 633 3240 678 assecuta
3275 624 3448 691 ipsum
3489 640 3520 677 a
3546 623 3652 676 Deo
3675 638 3789 691 ρωω

2288 711 2450 765 vitam
2483 712 2584 779 ipsi
2612 715 2869 780 eriperet.
2912 712 3053 766 Ante
3083 723 3499 766 mortemsuam
3533 728 3656 769 vero
3676 715 3788 780 _scri-

2290 886 2660 945 Theodosium
2724 892 3046 947 monasterii
3108 890 3449 947 Aldawaresi
3507 891 3791 959 pmtectum.

2286 980 2681 1052 Hierosolymis
2729 982 2878 1051 pelli.
2910 982 3213 1057 Antequam
3252 982 3798 1059 anitemﬂierosolyas

2286 1073 2654 1143 pertingerent
2696 1072 2905 1137 litterar,
2953 1070 3201 1129 mortuus
3236 1082 3318 1128 est
3362 1074 3687 1143 imperator;
3718 1074 3793 1126 im-

2287 1164 2601 1233 perat-itque
2649 1173 2769 1233 post
2821 1164 2999 1233 ipsum
3040 1162 3300 1219 Romanis
3352 1161 3618 1229 Justinus,
3647 1178 3679 1218 e
3711 1180 3795 1233 pro-

2288 1253 2465 1309 vincia
2489 1252 2737 1309 Thracia
2762 1254 3049 1319 oriundus,
3078 1270 3250 1311 annos
3278 1270 3495 1322 navem,
3518 1255 3675 1325 idque
3690 1272 3795 1311 attlt'

2287 1345 2435 1414 regni
2453 1342 2718 1410 Kobadis,
2745 1343 2841 1398 lilii
2863 1344 3080 1399 Phiruzi
3112 1343 3397 1413 Persarum
3414 1347 3796 1418 registriccsiutt

2287 1434 2543 1490 secundo.

2356 1569 2699 1627 Fuit‘autem
2725 1572 2972 1629 Justinus
3019 1575 3311 1644 imperator
3337 1576 3439 1631 iide
3478 1576 3801 1637 orthodosas‘

2286 1664 2399 1717 veri
2424 1671 2610 1724 tenax.
2634 1663 2808 1721 iussit
2833 1656 2966 1737 ergo
2998 1652 3353 1737 quoscunque
3380 1668 3435 1720 in
3466 1668 3708 1721 exsilium
3736 1682 3799 1734 pe-

2268 1755 2517 1824 pulisset
2538 1758 2862 1815 Anastasius
2896 1758 3212 1829 imperator,
3252 1758 3306 1813 in
3342 1758 3457 1813 loca
3507 1773 3605 1814 sua
3634 1757 3802 1812 redire.

2284 1845 2551 1915 ﬁdemque
2574 1862 2728 1902 suam
2756 1849 2947 1904 litteris
2980 1850 3243 1921 signatam
3275 1849 3639 1922 Hierosolyma
3665 1851 3800 1904 misit.

2281 1938 2661 1993 Convenerunt
2712 1956 2843 2011 ergo
2876 1944 3125 1998 monachi
3167 1944 3454 2007 lctabundi
3504 1954 3803 2011 ostensaquc

2282 2027 2625 2097 imperatoris
2653 2032 2880 2100 epistola
2916 2022 3112 2087 l‘estum
3149 2033 3357 2087 illustre
3389 2032 3748 2094 celebrarunt.
3767 2043 3803 2087 et

2281 2122 2573 2176 concilium
2612 2132 2883 2199 quartum
2915 2127 3292 2194 episcoporum
3326 2132 3705 2179 sescentorum
3731 2124 3802 2175 tri-

2281 2213 2452 2283 giuta,
2488 2214 2581 2283 qtti
2613 2213 2945 2268 Chalcedoni
2993 2217 3300 2285 congregati
3347 2225 3496 2278 sunt,
3549 2215 3803 2269 conﬁrma-

2275 2312 2429 2357 runt.
2462 2305 2622 2358 Anno
2653 2304 2862 2373 imperii
2898 2302 3095 2358 Justiui
3135 2306 3322 2375 quinto
3366 2305 3695 2361 constitutus
3747 2314 3807 2357 est

2276 2386 2514 2449 Joannes
2542 2396 2848 2463 patriarcha
2893 2395 3189 2461 Romanus,
3214 2398 3303 2468 qui
3333 2413 3457 2451 cum
3490 2398 3707 2451 biennio
3736 2411 3807 2451 se-

2278 2488 2445 2541 disset
2468 2497 2715 2542 mortuus
2739 2495 2840 2542 est.
2879 2489 3038 2543 Anno
3080 2489 3290 2564 imperii
3316 2490 3561 2559 ejusdem
3595 2490 3809 2559 septimo

2278 2590 2495 2631 creatus
2523 2590 2606 2631 est
2657 2577 2806 2632 Felix
2844 2579 3039 2634 ibidem
3073 2580 3418 2650 patriarcha;
3464 2582 3559 2650 qui
3597 2590 3809 2651 quatuor

2280 2684 2450 2724 annos
2482 2670 2647 2735 sedit,
2677 2669 2803 2724 dein
2838 2680 3083 2727 mortuus
3116 2680 3217 2727 est.
3244 2671 3400 2726 Auno
3429 2653 3659 2741 imperii
3690 2672 3811 2740 eius

2278 2758 2399 2813 dein
2434 2762 2673 2815 secundo
2702 2761 3032 2817 constitutus
3049 2771 3132 2817 est
3157 2760 3499 2817 Theodosius
3522 2763 3815 2831 patriarcha

2278 2850 2696 2917 Alexandrinus,
2726 2852 2818 2922 qui
2845 2849 3091 2907 Jacobita
3134 2851 3261 2917 fuit,
3297 2863 3353 2908 et
3393 2855 3654 2923 scriptor.
3695 2852 3817 2909 Tres

2203 2940 2248 2998 C
2278 2954 2453 2995 annos
2486 2941 2648 3007 sedit,
2689 2941 2815 2996 dein
2843 2943 2962 2996 loco
2992 2943 3280 2999 abdicatus
3302 2952 3408 3009 est,
3452 2954 3507 2999 et
3543 2947 3598 2999 in
3652 2946 3817 2999 locum

2275 3032 2448 3099 ipsius
2474 3034 2734 3089 suileclus
2769 3033 2934 3089 Caius
2966 3036 3314 3105 patriarcha;
3362 3039 3452 3107 qui
3496 3036 3815 3090 Manichmns

2276 3119 2398 3183 fuit.
2433 3122 2900 3195 etim-151‘
2955 3127 3376 3183 archidiaconus
3436 3130 3651 3189 fuerat;
3705 3144 3819 3183 cura

2272 3214 2411 3269 duos
2439 3229 2612 3269 annos
2650 3217 2909 3278 sedisset.
2943 3217 3061 3270 loco
3111 3218 3389 3274 abdicatus
3408 3230 3525 3283 cst,
3564 3220 3753 3275 redeu'
3778 3232 3817 3271 te

2274 3303 2607 3372 Theodosio,
2650 3307 2742 3375 qui
2808 3308 3079 3378 relegatus
3133 3310 3332 3373 fuerat,
3385 3312 3451 3363 ad
3488 3312 3819 3371 cathedram.

2270 3408 2431 3463 quam
2466 3410 2589 3448 cum
2623 3398 2863 3466 quinque
2885 3414 3058 3453 annos
3082 3408 3409 3467 otzcupasset
3437 3401 3699 3454 exsulare
3720 3402 3815 3468 jus

2270 3497 2363 3537 sus
2399 3494 2647 3539 mortuus
2675 3494 2780 3541 est.
2809 3488 2966 3540 Anno
2994 3488 3205 3557 imperii
3248 3491 3421 3559 ipsius
3470 3492 3676 3559 primo,
3708 3508 3819 3546 cuiu

2272 3575 2577 3630 nuntiatum
2618 3577 2720 3645 ipsi
2750 3588 2895 3633 esset
2928 3580 3255 3650 Anthymum
3285 3583 3657 3650 patriarchatu
3687 3585 3815 3637 Cou-
3904 3572 3905 3653 l

2270 3663 2813 3733 stantinopolitanum
2843 3664 3149 3721 Jacobitani
3191 3684 3334 3737 esse,
3370 3671 3545 3740 ipsum
3577 3672 3707 3726 loco
3735 3674 3820 3725 ab-

2268 3751 2491 3817 dicavit,
2522 3755 2637 3809 vice
2677 3757 2853 3825 ipsius
2886 3759 2939 3811 in
2970 3761 3395 3827 patriarcbatum
3426 3764 3815 3818 Constantino-
3904 3824 3905 3837 χ

2268 3843 2565 3907 politanum
2598 3845 2827 3900 δυσιεριο
2882 3845 3072 3902 Menna
3124 3851 3213 3919 qui
3272 3858 3399 3903 octo
3449 3865 3632 3904 annos
3692 3853 3820 3907 sedit

2265 3933 2391 3984 dein
2430 3944 2673 3997 mwtuus
2703 3945 2807 3989 est.
2836 3939 2993 3991 Anno
3041 3941 3257 4009 imperii
3307 3940 3548 4009 ejusdem
3606 3946 3819 4009 quinm.

2266 4025 2600 4080 constitutus
2636 4036 2723 4080 est
2757 4027 3010 4096 Ephraitn
3064 4031 3368 4098 patriarcha
3423 4032 3817 4087 Antiocbcnus.

2265 4115 2354 4167 ubi
2382 4118 2678 4170 octodecim
2710 4133 2881 4175 annos
2913 4122 3069 4183 sedit.
3099 4124 3220 4175 dein
3245 4132 3486 4177 mortuus
3514 4135 3622 4180 est.
3666 4126 3736 4179 .Io
3772 4142 3814 4176 ηε
3904 4176 3905 4187 χ

2263 4220 2362 4260 nes
2390 4216 2565 4262 autem
2594 4211 2896 4277 patriarcha
2928 4212 3468 4284 Hierosolymitanus,
3500 4221 3597 4286 qui
3658 4220 3717 4272 in
3746 4218 3820 4271 ὶ.›ν
3904 4208 3905 4227 ¹

2257 4311 2379 4350 cum
2408 4288 2540 4363 Elite
2581 4301 2796 4369 relegati
2819 4304 3144 4358 substitutus
3170 4316 3276 4370 est,
3311 4307 3451 4361 sedit
3474 4321 3696 4377 septem
3729 4325 3816 4361 au-

2256 4400 2377 4450 nos,
2412 4387 2538 4443 dein
2571 4401 2818 4447 mortuus
2838 4402 2941 4449 est.
2968 4396 3124 4464 Anno
3160 4411 3288 4463 ergo
3338 4399 3548 4467 imperti
3616 4401 3818 4457 Justini
3904 4404 3905 4431 ³

2254 4478 2415 4540 tertio
2455 4484 2783 4537 constitutus
2827 4493 2909 4537 est
2946 4484 3137 4561 Petrps
3193 4489 3502 4554 patriarcha
3554 4491 3816 4549 Hieroso-

2253 4569 2566 4638 lymitauus.
2601 4575 2691 4641 qui
2719 4591 2782 4627 ex
2820 4575 3009 4629 incolis
3034 4575 3239 4649 labriui
3271 4580 3390 4645 i‘uit,
3417 4598 3598 4639 annos
3630 4587 3821 4641 decem
3904 4584 3905 4643 Ῠ

2249 4662 2407 4722 sedit,
2432 4662 2555 4715 dein
2582 4676 2827 4719 mortuus
2854 4676 2935 4719 cst
2968 4666 3094 4737 [vei,
3128 4673 3423 4725 secundum
3452 4675 3606 4729 aliud
3640 4693 3819 4730 exeru-

2248 4750 2387 4817 plar,
2419 4751 2607 4821 viginti
2628 4755 2857 4831 annos]
2891 4756 3037 4811 Misit
3067 4772 3246 4839 autem
3275 4761 3528 4819 Justinus
3568 4768 3815 4839 impera-

2246 4850 2333 4928 tor
2360 4841 2415 4894 in
2453 4857 2641 4899 omnes
2668 4848 2912 4915 regiones
2933 4847 3153 4919 [j‘ubens
3190 4852 3464 4928 homines]
3512 4864 3815 4913 t‘onciiiu-n

2242 4923 2688 4990 (Sitalcedonense
2724 4940 3069 5007 continuare,
3102 4943 3226 4997 dein
3253 4923 3505 5002 mortuus
3536 4961 3628 5003 est
3653 4949 3817 5005 Juvi‘

2242 5038 2349 5079 nus
2374 5014 2739 5108 Romanorum
2769 5028 3086 5097 imperator.
3135 5034 3437 5102 imperante
3468 5051 3602 5107 post
3639 5043 3816 5110 ipsum

2244 5115 2502 5171 Romanis
2524 5116 2837 5175 Iustiniano
2874 5137 3046 5177 annos
3085 5127 3304 5195 triginta
3360 5144 3585 5194 novem.
3658 5137 3815 5202 idque

2240 5221 2387 5263 anno
2419 5209 2567 5277 regni
2592 5211 2782 5264 Kobad
2815 5211 2908 5265 lilii
2954 5212 3129 5269 ansi
3162 5219 3302 5285 regis
3342 5216 3651 5275 Persarum
3684 5243 3788 5293 qm

2238 5296 2545 5367 dragesimo
2582 5302 2781 5367 primo.
2814 5300 2937 5356 Fuit
2959 5315 3139 5359 autem
3170 5306 3522 5365 Justiuianns
3578 5316 3753 5381 itstpet
3767 5332 3812 5361 ao

2239 5400 2323 5442 tor
2348 5387 2661 5457 imperatori
2688 5390 2906 5447 Iustino
2939 5395 3133 5451 amnis.

2303 5519 2640 5582 Iustiniauus
2671 5541 2823 5580 anno
2844 5522 3060 5590 imperii
3082 5530 3166 5587 sui
3201 5530 3381 5590 primo
3409 5534 3809 5595 Alexandria-
