3950 6348
213 153 478 269 ιοδυ,’

1583 198 1942 267 ANNALES.

3258 206 3394 270 $010

209 320 451 383 mittens,
482 315 844 371 'l'licOdOsium
882 316 1057 386 152‘
1095 317 1452 386 patriarcham
1480 300 1747 373 Constan-
1778 330 1822 382 Α
1852 329 2045 397 serant
2077 316 2355 379 Jacobita',
2405 324 2663 386 ceperunt
2710 326 2872 388 atque
2910 332 3261 388 occuparunt.
3290 316 3393 373 Ita.

196 408 488 478 'tinopolim
512 405 837 461 accersitum
863 406 1034 475 jussit
1074 406 1437 459 Jacobitarutu
1470 408 1751 461 sententiae

206 498 536 563 renuntiare,
556 502 611 551 et
633 496 700 549 ad
728 496 1007 549 veritatem
1037 496 1244 561 redire;
1269 496 1411 565 quod
1430 510 1551 549 cum
1577 496 1752 565 facere

205 594 508 649 recusaret,
547 588 602 639 in
633 585 816 638 animo
847 585 1033 638 habuit
1064 585 1238 654 ipsum
1282 594 1452 639 morte
1497 586 1748 647 multare,

204 688 259 732 at
307 691 430 731 eum
468 676 536 729 ab
564 678 681 745 ipso
715 676 1078 745 impetratum,
1123 690 1256 730 uxor
1295 676 1480 745 ipsius,
1540 674 1753 729 nomine

213 768 511 833 l‘beodora,
558 768 799 830 dimisit;
840 768 939 834 .qtti
966 780 1091 835 ergo
1150 764 1438 836 Egyptum
1497 780 1749 820 reversus

200 865 326 915 loco
354 859 587 933 quodam
624 850 772 915 dicto
803 858 956 913 Masil
992 868 1045 913 et
1096 857 1358 921 Lamidis,
1384 873 1416 912 e
1457 857 1749 927 provinciis

203 952 418 1023 ὤσῃ)ιί
455 952 907 1016 occidentalibus,
968 950 1218 1015 delituit;
1259 949 1540 1011 doctrinm,
1586 961 1747 1015 quam

148 1033 155 1043 ’
205 1046 483 1113 amplexus
504 1043 674 1097 fuerat
701 1040 1065 1097 Jacobitarutu
1093 1042 1403 1117 adhaerens:
1427 1052 1658 1106 cumque
1683 1036 1749 1089 ad

203 1151 377 1204 ipsum
411 1120 872 1205 congregarentur
905 1132 1153 1187 homines
1182 1132 1414 1198 ejusque
1475 1129 1578 1181 rei.
1606 1127 1748 1180 fama

184 1225 270 1279 1d
298 1227 671 1294 imperatorem
708 1224 1061 1294 pervenisset,
1088 1208 1304 1277 mittens
1334 1221 1424 1275 ille
1456 1221 1630 1290 ipsum
1658 1235 1751 1273 ex-

202 1319 381 1371 sulare
422 1318 593 1386 jussit
622 1316 881 1385 praefecto
918 1314 1253 1370 Alexandria:
1312 1314 1618 1384 patriarcha
1663 1312 1747 1365 cui

199 1424 395 1464 nomen
423 1408 646 1470 Paulus,
673 1409 765 1477 qui
788 1407 1049 1468 Melchita
1082 1406 1203 1470 fuit,
1243 1421 1497 1475 cinoque
1522 1404 1749 1457 biennio

198 1498 434 1552 sedisset
463 1498 736 1553 irruentes
766 1496 819 1550 in
866 1498 1039 1565 ipsum
1076 1494 1333 1550 Jacobitze
1360 1482 1532 1548 morte
1573 1493 1747 1562 ipsum

199 1587 501 1643 aﬂ‘ecerunt
527 1606 545 1642 :
582 1589 637 1641 in
665 1587 1024 1657 cujuslocum
1059 1574 1385 1641 substitutus
1412 1594 1492 1639 est
1523 1583 1750 1653 patriar-

1853 423 1959 475 quc
2001 409 2315 477 cOmposita‘
2338 418 2421 463 est
2462 408 2615 477 urbs.

1923 496 2045 550 Fuit
2066 484 2263 550 lautem
2294 496 2398 551 hoc
2428 512 2572 551 anno
2594 497 2813 566 imperii
2839 496 3127 551 Iustiniani
3163 500 3392 567 impera-

1854 590 1987 643 toris
2038 589 2249 642 decimo
2293 582 2501 658 quinto.
2548 591 2727 659 Atque
2756 605 2819 642 cx
2863 591 2965 643 isto
3002 600 3238 659 tempore
3293 593 3392 646 fuit

1848 679 2217 735 Jacohitarum
2252 679 2512 733 cathedra
2557 680 2609 734 in
2653 681 2989 736 monasterio
3018 683 3134 736 Abu
3164 682 3385 737 Ilakarii

1850 771 1915 824 ad
1963 770 2105 824 diem
2156 783 2328 837 usque
2373 767 2713 824 hodiernum.
2770 758 2888 826 aiam
2934 787 2962 824 a
2998 782 3235 837 tempore
3281 789 3388 844 quo

1854 859 2176 915 interfectus
2227 870 2308 915 est
2358 857 2645 914 Proterius
2691 862 3029 918 Alexandria!
3090 864 3391 932 patriarcha

1850 961 2014 1018 atque
2040 950 2165 1019 igne
2190 956 2489 1012 crematus,
2518 950 2583 1003 ad
2612 950 2712 1003 hoc
2737 966 2843 1019 quo
2860 950 3116 1006 Jacobita:
3138 953 3206 1007 ab
3232 952 3395 1022 Apol-
3446 981 3450 985 ι

1853 1040 2047 1094 linario
2094 1040 2269 1094 occisi
2342 1049 2471 1094 sunt
2525 1048 2579 1094 et
2634 1042 2899 1095 sententia
2966 1042 3391 1097 orthodoxornm

1852 1132 2067 1201 publice
2119 1130 2373 1197 obtinuit,
2424 1130 2551 1185 anni
2587 1140 2714 1186 sunt
2764 1132 2984 1198 triginta
3017 1131 3275 1201 quinque,
3306 1135 3390 1187 vel

1850 1222 2148 1277 secundum
2180 1222 2325 1277 aliud
2353 1222 2649 1291 exemplar,
2678 1223 2805 1299 anui
2831 1216 3389 1293 octoginta’quinque.

1850 1315 2151 1369 lnvainerat
2184 1315 2449 1384 siquidem
2478 1316 2532 1370 iu
2564 1315 2891 1369 Alexandria
2922 1324 3137 1382 totaque
3160 1312 3395 1383 Egypto

1847 1404 2223 1458 Jznctzbitarum
2275 1394 2610 1471 sententia;
2682 1389 3013 1474 fueramque
3073 1405 3395 1474 patriarcha:

1848 1482 2199 1549 Alexandrini
2240 1491 2515 1558 Jacobitc.
2559 1502 2699 1549 utet
2731 1495 3263 1564 eximperatoribus
3290 1492 3397 1546 Ro-

1850 1586 2027 1642 manis
2081 1587 2222 1647 later
2253 1578 2648 1658 exterosLeo
2681 1586 2911 1648 Parvus,
2963 1584 3131 1648 Zeno,
3168 1584 3395 1639 Anasta-

198 1679 326 1740 cba,
358 1666 577 1733 nomine
605 1678 866 1741 Dalmius,
888 1678 983 1748 qui
1004 1689 1056 1731 et
1084 1676 1334 1732 Melchita
1360 1675 1478 1739 fuit,
1503 1675 1747 1743 seditque
1780 1666 1818 1723 Ii
1848 1678 1983 1747 eius,
2033 1680 2233 1751 aliique
2259 1697 2397 1751 quos
2434 1683 2489 1737 in
2526 1684 2953 1752 praecedentibus
2994 1675 3370 1736 recensuimus

201 1783 377 1822 anuos
404 1768 663 1837 quinque,
692 1782 915 1837 magnas
942 1766 1239 1821 molestias
1272 1772 1325 1818 ct
1357 1755 1498 1816 mala
1553 1774 1746 1832 passus

199 1878 233 1913 a
263 1858 548 1921 Jacobitis,
582 1859 676 1928 qui
698 1853 760 1913 et
790 1844 966 1928 ipsum
990 1873 1020 1912 e
1063 1846 1240 1910 medio
1279 1855 1466 1909 tollere
1522 1851 1745 1907 studue-

196 1960 357 2015 runt;
395 1952 491 2023 qui
511 1966 640 2023 ergo
674 1950 904 2021 fugiens,
928 1965 1050 2003 cum
1082 1948 1321 2018 quinque
1348 1946 1595 2024 annosin
1618 1944 1742 2013 fuga

197 2045 519 2113 perstitisset
537 2049 707 2095 mortu
717 2058 778 2096 us
791 2040 1081 2095 est.Delato
1097 2054 1223 2106 ergo
1241 2035 1429 2090 nuntio
1441 2034 1513 2089 ad
1524 2037 1740 2103 impera-

196 2144 365 2188 torem
385 2128 1064 2196 Justinianum,Jacobitas
1085 2125 1463 2183 Alexandriam
1503 2132 1557 2179 et
1584 2124 1745 2194 A‘Igy-

196 2235 343 2293 ptum
368 2237 686 2291 occupasse,
706 2230 761 2275 et
779 2210 1113 2288 patriarchas
1137 2202 1404 2289 quotquot
1425 2216 1553 2283 ipsis
1575 2213 1748 2284 prefi-

195 2323 451 2368 cerentur
488 2314 759 2366 trucidare
800 2328 815 2368 :
862 2310 975 2379 ipse
1000 2310 1075 2363 ira
1107 2309 1342 2379 percitus
1371 2307 1560 2361 ducem
1583 2320 1613 2359 e
1634 2304 1746 2379 suis

196 2404 480 2475 quemdam
500 2402 858 2472 patriarcbam
880 2378 1217 2455 Alexandria:
1235 2397 1537 2458 constituit,
1556 2378 1745 2462 adjun-

195 2507 390 2566 ctoque
418 2495 519 2564 ipsi
547 2494 788 2548 exercitu
812 2506 1125 2553 numeroso,
1152 2504 1216 2545 eo
1236 2490 1411 2559 ipsqu
1438 2488 1580 2540 misit
1608 2502 1623 2539 :
1650 2500 1751 2546 no-_

192 2604 318 2643 nteit
341 2588 440 2658 ipsi
479 2568 843 2655 Apollinarius
886 2583 1007 2637 fuit.
1054 2580 1169 2635 Dux
1203 2595 1329 2648 ergo
1373 2580 1473 2632 iste
1513 2578 1743 2630 Alexan-

193 2657 366 2735 driam
395 2657 718 2749 perveniens
735 2690 853 2729 eam
881 2675 1160 2741 ingressus
1192 2679 1294 2730 est,
1320 2669 1504 2723 habitu
1525 2665 1744 2719 militari

579 2767 822 2828 indutus,
865 2772 1048 2832 utpote
1067 2763 1191 2815 eiex
1225 2769 1375 2829 parte.
1405 2756 1745 2826 imperatoris

198 2861 514 2934 pn'fectus.
546 2859 625 2911 Ad
661 2856 946 2919 ecclesiam
984 2863 1162 2906 autem
1199 2851 1287 2903 ubi
1359 2851 1613 2911 venisset,
1648 2861 1746 2899 ex-

197 2957 307 3007 utis
338 2953 578 3007 vestibus
633 2950 753 3005 istis
802 2947 1153 3013 habitumque
1202 2939 1612 3012 patriarchalem
1662 2937 1745 2999 in-

194 3047 391 3109 duens,
443 3046 709 3097 accedens
750 3055 903 3094 sacra
935 3028 1241 3093 celebravit.
1294 3022 1585 3103 Coeperunt
1616 3043 1745 3097 ergo

192 3138 543 3191 Alexandrini
579 3151 643 3188 ex
690 3133 838 3186 omni
875 3130 1072 3198 angulo
1108 3144 1171 3180 ac
1205 3136 1357 3194 parte
1388 3125 1568 3192 ipsum
1600 3121 1743 3174 saxis

195 3239 255 3282 et
306 3228 573 3296 lapidibus
624 3234 825 3293 petere,
873 3223 1008 3275 adeo
1060 3230 1118 3272 ut
1150 3220 1261 3271 fere
1291 3217 1358 3270 ab
1383 3216 1513 3285 ipsis
1544 3213 1747 3267 interli-

201 3327 438 3374 ceretur.
489 3313 682 3368 Statim
718 3328 847 3382 ergo
877 3311 943 3364 ab
982 3312 1114 3380 ipsis
1150 3325 1206 3363 se
1238 3308 1586 3369 subtrahens,
1624 3310 1744 3373 post

200 3411 438 3465 triduum
471 3405 718 3461 obtendit
743 3405 976 3472 perlatas
1007 3416 1127 3455 esse
1150 3400 1215 3452 ad
1246 3414 1305 3453 se
1330 3398 1395 3450 ab
1422 3397 1745 3465 imperatore

196 3502 406 3553 litteras
454 3514 572 3566 quae
606 3511 786 3550 coram
836 3494 1033 3562 populo
1083 3491 1317 3558 legendae
1347 3497 1549 3542 essent.
1581 3484 1740 3540 Cam-

195 3602 335 3656 pana
377 3600 510 3655 ergo
541 3581 750 3653 pulsata
794 3581 1051 3650 p0pulum
1099 3579 1304 3632 monuit
1345 3587 1400 3629 ut
1432 3577 1521 3630 die
1570 3574 1748 3635 Domi-

198 3680 325 3731 nico
380 3678 434 3729 in
491 3674 779 3730 ecclesiam
842 3672 1199 3725 convenirent
1244 3684 1352 3739 quo
1404 3666 1745 3736 imperatoris

194 3770 404 3827 litteras
439 3767 711 3820 audirent.
764 3764 896 3817 Cum
932 3777 1061 3831 ergo
1109 3762 1326 3815 adesset
1357 3759 1473 3813 dies
1508 3757 1747 3811 Domini-

192 3877 315 3922 cus,
358 3876 464 3914 non
509 3860 730 3912 relictus
762 3868 843 3911 cst
870 3853 1264 3925 quispiaurqui
1304 3869 1410 3905 non
1441 3851 1743 3906 accederet.

203 3951 280 4003 De
313 3952 414 4003 hoc
453 3957 632 4001 autem
687 3950 827 4000 inter
862 3945 1250 4012 Apollinarium
1286 3942 1646 4011 patriarchaui
1694 3950 1745 3993 ct

198 4044 427 4098 Comites
471 4055 602 4093 suos
652 4047 1004 4101 convenerat,
1041 4045 1097 4088 ut
1126 4052 1248 4088 cum
1286 4035 1498 4104 signum
1530 4034 1630 4087 sibi
1663 4033 1746 4099 ip-

198 4137 387 4202 sisque
417 4143 599 4187 uotum
630 4130 804 4193 daret,
836 4130 1011 4198 gladio
1041 4143 1228 4182 omnes
1259 4127 1312 4180 in
1342 4126 1568 4180 ecclesia
1602 4142 1747 4195 pra:-

193 4228 378 4280 setites
412 4224 658 4276 ferirent.
694 4221 807 4289 Ipse
839 4234 968 4288 ergo
998 4232 1227 4271 ascenso
1290 4222 1566 4285 suggesta.
1602 4215 1746 4268 Heus

1850 1772 2019 1825 Porro
2076 1789 2221 1827 anno
2275 1773 2490 1843 imperii
2544 1774 2842 1827 Iustiniani
2904 1774 3163 1850 vicesimo
3220 1774 3394 1840 primo

1849 1866 2179 1941 Samaritani
2232 1866 2287 1919 iu
2341 1865 2628 1919 Palaestina
2683 1866 2901 1934 impctu'
2938 1864 3082 1919 facto
3134 1863 3392 1918 ecclesias

1846 1971 2033 2011 omnes
2094 1957 2403 2023 diruerant,
2456 1965 2510 2011 et
2572 1958 2625 2010 in
2676 1971 2770 2010 cas
2835 1958 3009 2024 ignem
3071 1955 3392 2024 ipjeceruut.

1846 2046 2187 2101 Christianos
2219 2047 2381 2100 etiam
2414 2062 2519 2100 non
2564 2062 2764 2115 paucos
2810 2047 3218 2109 interfecerunt,
3266 2063 3393 2114 gra-

1851 2137 2113 2204 tibusque
2142 2136 2477 2190 cruciatibus
2503 2136 2816 2198 atl'eceruut,
2843 2146 2895 2189 et
2918 2128 3225 2204 episeopinn
3252 2134 3392 2189 Neo-

1849 2228 2142 2293 poiitanum
2160 2226 2516 2279 trucidarunt.
2540 2227 2655 2291 Quo
2676 2227 2856 2278 audito
2876 2224 3394 2294 Justiuianusimpc—

1849 2329 1994 2370 ratur
2025 2318 2193 2370 misso
2218 2313 2459 2370 exercitu
2497 2318 2688 2386 grandi
2743 2307 2989 2386 magnam
3022 2316 3391 2369 Samaritano-

1848 2424 1964 2461 rum
2005 2408 2401 2462 multitudinem
2424 2408 2645 2462 occidit.
2676 2406 3029 2477 157-159
3058 2408 3393 2477 Eotempore

1847 2500 2057 2561 rogavit
2102 2494 2303 2551 Petrus
2346 2498 2655 2566 patriarcha
2707 2496 3234 2575 llierosolyinitmrus
3283 2497 3395 2550 Mar

1847 2587 2038 2661 Sabam
2083 2601 2142 2641 ut
2167 2588 2689 2656 Constantinopolim
2733 2589 3040 2659 profectus,
3064 2591 3131 2641 ab
3162 2592 3390 2661 impera-

1847 2688 1959 2733 tore
2015 2688 2221 2747 peteret
2278 2680 2507 2734 remitti”
2534 2681 2601 2735 de
2649 2662 2853 2755 tributo
2897 2683 3039 2750 quod
3097 2683 3393 2750 penderent

1847 2767 2147 2821 Palaestinae
2177 2769 2366 2822 incolae
2409 2769 2637 2837 aliquid,
2686 2777 2933 2838 respectu
2975 2768 3092 2836 ejus
3139 2784 3300 2843 quam
3338 2771 3390 2821 in

1800 2928 1809 2933 ν
1842 2876 1909 2937 ea
1945 2859 2184 2914 fecerant
2214 2859 2537 2914 Samaritani
2568 2862 2978 2915 desolationem.
3007 2859 3287 2914 Proiectus
3312 2871 3395 2913 est

1847 2967 1974 3020 ergo
2005 2949 2115 3004 Mar
2145 2951 2286 3005 Saba
2317 2950 2865 3021 Constantinopolim,
2896 2967 3053 3020 quem
3101 2952 3252 3006 lmtus
3297 2968 3393 3006 ex-

1845 3044 1987 3111 cepit
2038 3042 2353 3111 imperator,
2406 3056 2638 3111 cumque
2683 3043 2750 3095 ab
2777 3043 2895 3110 ipso
2921 3043 3129 3095 litteras
3166 3044 3395 3112 patriar-

1845 3134 1960 3186 clue
1991 3131 2466 3202 llierosolymitani
2513 3135 2833 3199 accepisset,
2866 3133 3098 3194 rozavit,
3136 3133 3393 3202 quidnam

1846 3223 1948 3292 ipsi
1985 3223 2187 3291 negotii
2228 3210 2395 3277 csSct.
2427 3224 2525 3276 Cui
2556 3222 2669 3275 Mar
2700 3221 2837 3275 Saba
2869 3237 2883 3273 :
2918 3222 3049 3275 Peto
3081 3224 3312 3293 (inquit)
3339 3235 3396 3276 ut

1845 3314 1911 3367 de
1945 3315 2146 3369 tributo
2175 3313 2472 3367 PJl:l‘Sllll:B
2519 3314 2782 3367 remittas.
2835 3312 3110 3381 Siquidem
3160 3313 3398 3366 Samari-

1847 3408 1958 3460 tani
2004 3408 2122 3473 ejus
2173 3406 2368 3459 incolis
2400 3404 2703 3459 interfectis
2742 3405 2910 3472 ipsam
2961 3412 3241 3464 \astarunt
3272 3405 3397 3473 :ju-

1847 3497 2079 3565 bcatque
2105 3497 2395 3565 imperator
2419 3495 2623 3549 exstrui
2648 3494 2905 3548 ecclesias
2928 3510 3063 3563 quas
3085 3506 3395 3548 eremarunt

1848 3586 2200 3651 Samaritani,
2253 3600 2356 3639 nec
2402 3600 2509 3639 non
2558 3584 2814 3638 fabricari
2866 3584 3250 3653 Hierosolymis
3299 3601 3395 3653 pro

1845 3678 2140 3747 peregrinis
2181 3676 2588 3737 nosocomium;
2639 3686 2803 3744 utque
2845 3676 3154 3746 perficiatur
3186 3676 3394 3731 Helenae
3435 3673 3439 3676 ’

1848 3769 2113 3836 templum
2148 3766 2293 3836 quod
2337 3773 2624 3821 exstruere
2655 3776 2897 3837 cmperat
2928 3766 3038 3820 Elia
3082 3768 3392 3836 patriarcha

1845 3858 2388 3929 llierosolymitanus.
2436 3858 2492 3911 In
2540 3859 2741 3927 quibus
2771 3859 3025 3913 omnibus
3072 3859 3263 3911 annuit
3293 3862 3393 3927 Ipsi

1850 3950 2176 4017 itltpcratot‘;
2221 3962 2320 4001 nec
2351 3963 2458 4001 non
2493 3948 2544 4000 in
2580 3949 2789 4002 cmteris
2820 3964 3157 4017 quaecunque
3187 3950 3253 4003 ab
3281 3950 3396 4018 ipso

1846 4046 2065 4108 petcrct'
2094 4052 2157 4091 ac
2190 4048 2424 4106 rogaret.
2478 4037 2737 4107 Misitque
2774 4056 2895 4098 cum
2932 4041 2981 4091 iu
3019 4042 3175 4091 liuent
3227 4045 3394 4107 impc-

1846 4139 1995 4183 rator
2044 4145 2148 4182 una
2189 4145 2311 4181 cum
2356 4129 2473 4197 ipso
2520 4130 2783 4198 legatum,
2828 4129 3011 4184 multis
3065 4130 3390 4183 instructum

1846 4220 2064 4289 Opibus,
2118 4220 2444 4289 Scripsitque
2500 4221 2563 4271 ad
2607 4219 2911 4273 Palmstina:
2948 4220 3283 4289 praefectum,
3335 4230 3393 4273 ut

192 4314 443 4383 (inquit)
492 4312 834 4365 Alexandriae
891 4309 1160 4378 inquilini,
1234 4309 1280 4360 si
1336 4306 1405 4361 ad
1457 4306 1740 4361 veritatem
1776 4324 1818 4383 υ
1844 4310 2142 4364 Palis-stium
2171 4312 2433 4363 tributum
2466 4311 2642 4379 legato
2672 4310 2912 4365 traderet
2945 4310 3009 4363 ad
3045 4324 3107 4363 ea
3139 4324 3259 4379 quae
3291 4311 3391 4375 ipsi

198 4405 579 4465 revertamini,
621 4412 676 4456 et
723 4417 751 4454 a
798 4402 1071 4455 sententia
1116 4398 1412 4453 Jacobitica
1459 4399 1745 4462 recedatis,

190 4497 356 4569 [bene
402 4494 534 4567 est,]
585 4495 669 4549 siu
712 4495 914 4570 minus,
948 4492 1108 4547 timeo
1154 4492 1329 4553 vobis.
1361 4506 1428 4546 ne
1474 4490 1651 4543 mittat
1681 4490 1749 4543 ad

188 4607 289 4644 vos
356 4589 651 4657 imperator
711 4586 803 4656 qui
861 4586 1178 4654 sanguinem
1243 4595 1481 4638 vestrum
1541 4580 1745 4637 elTundi

192 4683 491 4753 pernnttat,
551 4694 753 4733 uxores
811 4679 1063 4746 proSLitui
1117 4686 1171 4729 et
1219 4676 1418 4730 liberos
1470 4677 1747 4744 orphauos

191 4776 335 4830 ﬁeri.
402 4754 499 4827 llis
545 4773 671 4824 dum
708 4772 833 4824 illos
879 4770 1266 4839 alloqueretur,
1320 4767 1418 4836 ipsi
1471 4768 1743 4837 lapidibus

189 4881 319 4919 cum
353 4874 557 4934 petere,
590 4862 725 4915 adeo
760 4870 818 4913 ut
857 4863 979 4912 vitae
1022 4874 1135 4914 suae
1173 4860 1388 4912 timeret
1418 4874 1444 4921 ,ε
1477 4872 1644 4927 quare
1670 4859 1744 4912 si-

189 4970 361 5028 gnum
396 4953 525 5007 illud
570 4952 737 5006 sociis
774 4937 912 5003 suis.
935 4949 1102 5015 dedit,
1133 4949 1225 5017 qui
1271 4947 1451 5015 gladio
1479 4955 1744 5015 quotquot

188 5051 249 5103 in
304 5047 537 5109 ecclesia
590 5044 805 5099 fuerant
856 5044 1092 5110 aggressi
1150 5041 1321 5095 sunt:
1365 5037 1743 5106 interfectique

190 5150 325 5197 sunt
373 5124 597 5192 intra‘et
637 5144 790 5191 extra
838 5133 1123 5188 ecclesiam
1157 5132 1403 5186 homines
1432 5130 1738 5190 innumeri,

187 5234 330 5287 adeo
367 5241 425 5285 ut
458 5232 764 5284 occisorum
789 5228 1010 5295 sanguis
1036 5224 1193 5295 156
1225 5237 1393 5291 usque
1418 5223 1481 5275 ad
1511 5221 1738 5273 militum

186 5341 366 5396 genua
396 5324 740 5392 pertingeret.
769 5318 958 5387 Magna
989 5332 1118 5370 vero
1145 5317 1420 5381 hominum
1454 5309 1741 5365 multitudo

183 5418 261 5484 ab
306 5416 443 5483 ipsis
489 5411 612 5482 fuga
658 5411 890 5480 prolapsi
940 5414 1067 5462 sunt
1114 5406 1167 5470 in
1211 5406 1403 5456 vallem
1459 5400 1630 5455 Habiti
1671 5398 1739 5453 ad

186 5507 582 5563 monasterium
631 5504 744 5556 Abu
782 5500 1029 5553 aiakarii.
1066 5495 1269 5550 Exinde
1301 5496 1475 5564 palam
1506 5492 1740 5545 obtinuit

183 5596 573 5664 “hilarum
606 5593 898 5658 sententia,
932 5586 1545 5661 ipsique'templa,_quae
1578 5582 1733 5637 iuva-

1802 4463 1806 4467 ,
1849 4402 1901 4454 iu
1959 4401 2228 4455 mandatis
2264 4400 2483 4454 dederat
2521 4400 2815 4469 imperator
2840 4400 3185 4454 exstruenda.
3230 4400 3395 4453 Jussit

1847 4490 2010 4543 etiam
2045 4489 2337 4565 imperator
2362 4489 2596 4557 legatum
2622 4489 2913 4543 ecclesiam
2940 4488 3391 4541 Bethleemiticam

1846 4596 1963 4650 qua:
2010 4594 2173 4650 parva
2226 4581 2326 4632 fuit
2377 4579 2617 4646 diruere,
2659 4579 2931 4651 aliamque
2980 4578 3235 4646 amplam,
3286 4593 3393 4629 rna-

1849 4688 2004 4745 gnam
2045 4680 2095 4727 et
2134 4672 2414 4743 pulchram
2465 4672 2771 4739 fabricare;
2822 4674 2956 4727 adeo
3009 4680 3065 4726 ut
3119 4686 3219 4727 non
3254 4680 3393 4726 δευρὶ

1848 4765 2239 4833 Hierosolymis
2272 4762 2530 4832 templum
2572 4764 2688 4831 ipsa
2736 4764 3017 4831 pulchrius
3072 4761 3393 4815 Pcrvcuieus

1844 4870 1972 4924 ergo
2012 4855 2219 4923 legatus
2264 4853 2662 4925 Hierosolyma,
2712 4856 3080 4908 nosocomium
3117 4853 3273 4921 160
3300 4868 3391 4919 pc-

1845 4944 2074 5014 regrinis
2127 4944 2388 5007 condidit,
2441 4954 2496 4997 et
2554 4945 2849 5002 ecclesiam
2885 4942 3094 4995 llclenzn
3146 4945 3390 5020 per-fecit.

1846 5037 2148 5106 templaque
2197 5052 2317 5105 qu:c
2369 5036 2725 5091 incenderant
2755 5035 3076 5088 Samaritani
3124 5034 3387 5088 instaura-

1842 5130 1940 5193 vit,
1988 5143 2223 5183 necnon
2275 5130 2606 5183 monasteria
2657 5108 3050 5196 quamplurima
3107 5128 3389 5203 exstruxit,

1841 5220 2126 5287 dirutaque
2177 5219 2408 5273 ecclesia
2462 5217 2862 5273 Bethleemitica
2895 5217 3137 5271 eamdem
3172 5230 3237 5269 eo
3285 5232 3391 5284 quo

1800 5311 1947 5381 (jam
1995 5324 2054 5364 se
2079 5311 2237 5363 habet
2284 5310 2442 5363 modo
2469 5309 2779 5363 aedificavit.
2829 5308 3072 5378 Cumque
3100 5308 3184 5361 bis
3214 5308 3390 5359 omni-

1841 5400 2229 5461 busabsolutis
2259 5402 2324 5454 ad
2360 5402 2746 5468 imperatorem
2794 5414 3046 5453 reversus
3073 5406 3242 5461 esset,
3273 5399 3389 5461 ille,

1832 5490 2102 5545 ‘Describe
2154 5491 2284 5542 mihi
2338 5490 2597 5559 (inquit)
2644 5490 2917 5559 quomodo
2949 5489 3238 5544 ecclesiam
3294 5488 3391 5543 Bc-

1846 5561 2231 5637 thlcetuiticam
2268 5581 2607 5657 exstruxisti.
2668 5580 2840 5648 Quam
2870 5594 2993 5635 cum
3049 5580 3151 5649 ipsi
3184 5580 3393 5637 descri-
