3950 6348
608 232 734 299 1071

610 438 794 502 istam,
828 454 926 494 nec
954 440 1229 496 ullatenus
1262 440 1362 511 ipsi
1394 442 1629 512 placuit;
1659 458 1825 511 quare
1856 442 2007 496 valde
2038 442 2138 511 ipsi

564 529 772 584 .iratus
808 530 1141 597 :Acecptns,
1200 532 1401 601 inquit,
1451 548 1701 588 nummos
1743 532 1841 587 tibi
1884 532 1983 602 ipsi
2012 547 2143 586 con-
2168 542 2188 573 ‘-

600 620 841 688 gessisti.
890 621 1175 675 aedilicium
1204 632 1384 678 autem
1412 624 1726 679 t-xstrnxisti
1759 624 1898 678 male
1921 638 2143 690 compa-

568 710 768 769 -‘ctunt.
809 716 862 761 et
892 708 1178 763 ecclesiam
1216 712 1560 765 tenebrosam
1612 710 1919 772 confecisti.
1969 710 2145 764 nulla-

598 805 757 851 tenus
803 812 881 852 ex-
915 808 1098 855 mente
1146 814 1263 856 mea
1318 799 1659 866 fabricatam.
1706 815 1807 856 nec
1852 800 2140 855 consilium

600 891 779 943 meum
827 900 1049 945 secutus
1087 906 1168 945 es.
1215 892 1513 962 Capiteque
1542 894 1721 963 ipsum
1772 892 1928 962 plecti
1956 892 2140 959 jussit.

599 978 815 1032 Struxit
848 979 1010 1033 etiam
1044 978 1389 1037 Justinianus
1437 984 1729 1053 imperator
1760 983 2146 1040 Constantium

599 1066 707 1135 poli
774 1069 1027 1139 templum
1069 1067 1285 1125 Sancta:
1328 1069 1568 1141 Sophia,
1613 1070 1817 1126 fabrica
1853 1071 2145 1126 admodum

597 1157 851 1224 eleganti.

578 1262 581 1265 ·
666 1247 834 1302 Porro
885 1260 1136 1307 mortuus
1157 1262 1241 1309 est
1264 1250 1380 1306 Mar
1402 1249 1544 1307 Saba
1579 1266 1750 1306 annos
1781 1261 1942 1306 natus
1971 1268 2146 1307 nona-

596 1340 746 1406 ginta
798 1351 1051 1410 quatuor.
1118 1342 1252 1398 Cum
1312 1351 1490 1398 autem
1541 1344 1856 1422 antliisaent.
1894 1345 2145 1399 monachi

596 1432 796 1486 montis
830 1430 974 1487 Stoic
1007 1431 1074 1489 de
1112 1434 1253 1490 bona
1284 1433 1935 1505 imperatorislustiniani
1968 1438 2149 1490 inten-

597 1523 765 1585 tione.
804 1535 1075 1593 quamque
1096 1523 1391 1580 condendis
1420 1525 1669 1580 ecclesiis
1709 1534 1763 1580 et
1806 1525 2150 1581 monasteriis

596 1615 874 1669 struendis
900 1614 1285 1681 delectaretur,
1316 1616 1385 1671 ad
1412 1616 1587 1685 ipsum
1612 1616 1864 1686 profecti.
1904 1632 2148 1687 conque-

1342 304 1353 311 ε
1604 244 1962 303 EUTl’Cllll
2006 217 2526 303 tumnetum
2565 244 2778 303 PATR.
2892 279 2899 285 .
3653 240 3766 307 tuis
3880 94 3928 419 Ι

1342 373 1353 385 -
1384 350 1678 419 imperator
1733 351 2152 418 descriptionem
2184 368 2223 419 Α
2254 349 2485 405 illustria
2514 364 2577 403 ac
2599 364 2767 418 aquas
2790 349 3071 404 aediﬁcavit
3098 366 3113 412 ;
3142 360 3196 402 at
3230 348 3490 417 templum
3520 346 3573 400 in
3600 350 3769 404 mostis

605 348 822 415 pslssct.
882 348 1022 404 liaml
1072 350 1353 419 probavi—
1384 350 1678 421 imperator
1733 351 2152 433 descriptionem
2184 368 2223 419 Α
2254 349 2485 405 illustria
2514 364 2577 403 ac
2599 364 2767 418 aquas
2790 349 3071 404 aediﬁcavit
3098 366 3113 412 ;
3142 360 3196 402 at
3230 348 3490 417 templum
3520 346 3573 400 in
3600 350 3769 404 mestis

2239 443 2444 498 vertice
2474 455 2638 511 supra
2667 443 2844 497 locum
2876 442 2932 515 itj
2960 454 3070 510 quo
3097 438 3273 495 loses
3334 440 3507 509 legem
3545 436 3766 508 accepit:

2239 548 2437 587 nomen
2463 532 2721 602 praelecto
2755 532 3069 587 monasterii
3096 540 3213 585 erat
3261 531 3452 587 Doula.
3524 530 3771 588 Reversus

2238 633 2418 679 autem
2446 624 2509 677 ad
2531 621 2897 677 Justinianum
2949 623 3324 691 imperatorem
3353 623 3563 691 legatus
3612 638 3773 677 narra-

2239 714 2316 767 vit
2358 712 2461 781 ipsi
2491 728 2754 780 quasnam
2797 712 3057 766 ecclesias
3076 700 3144 766 et
3173 726 3293 779 quie
3336 714 3663 768 monasteria
3690 730 3771 769 ex-

2239 812 2559 867 struxerat;
2600 802 2890 871 descripsit
2936 804 3099 856 etiam
3141 803 3382 872 ipsique
3418 806 3579 858 modo
3606 820 3774 859 mona-

2239 894 2464 949 sterium
2496 896 2696 947 montis
2728 890 2873 946 Sina
2899 892 3276 948 adiﬁcaverat.
3308 892 3410 948 Cui
3466 893 3775 962 inperator:

2241 983 2477 1049 Errasti.
2532 984 2727 1054 inquit,
2757 994 2811 1038 ct
2842 987 3123 1038 monachis
3155 986 3411 1051 injuriam
3442 984 3639 1046 fecisti.
3658 1002 3779 1055 quos

2242 1079 2297 1133 in
2332 1078 2682 1131 inimicorum
2715 1090 2907 1131 manus
2941 1076 3234 1130 tradidisti.
3264 1076 3442 1141 Quare
3476 1066 3655 1131 autem
3685 1092 3777 1130 non

2244 1166 2299 1220 in
2338 1168 2541 1239 montis
2575 1168 2792 1221 vertice
2824 1169 3211 1220 monasterium
3270 1166 3629 1221 exstruxisti!
3663 1164 3787 1221 lies-

2244 1256 2433 1327 pondit
2460 1257 2666 1326 legatus
2710 1276 2723 1311 :
2770 1255 2945 1324 Ipsum
2970 1255 3119 1325 juxta
3144 1254 3340 1309 rubum
3362 1266 3415 1308 et
3444 1269 3609 1323 prope
3632 1270 3786 1325 aquas

2245 1348 2397 1420 posui
2422 1364 2437 1415 ;
2466 1349 2610 1418 quod
2636 1348 2681 1403 si
2714 1350 2765 1401 in
2796 1349 2997 1401 montis
3032 1346 3245 1414 fastigio
3268 1355 3607 1408 exstructum
3674 1347 3789 1400 fuis-

2243 1450 2349 1505 set,
2372 1439 2679 1511 caruissent
2728 1437 2979 1491 monachi
3014 1450 3175 1506 aqua,
3208 1438 3340 1491 adeo
3389 1447 3450 1491 ut
3479 1438 3526 1491 si
3554 1439 3789 1492 obsessis

2246 1530 2533 1599 aliquando
2559 1528 2693 1598 ipsis
2720 1527 3013 1582 interclusa
3065 1536 3215 1582 esset
3244 1544 3407 1596 aqua.
3440 1544 3550 1598 prae
3573 1529 3669 1582 siti
3688 1543 3792 1579 mo-

2248 1628 2498 1672 rt-retttur
2527 1634 2543 1682 ;
2577 1618 2791 1687 longius
2822 1615 3167 1688 135.137
3194 1617 3415 1685 insuper
3442 1617 3510 1669 ab
3545 1618 3676 1685 ipsis
3706 1619 3794 1671 ab-

611 1706 682 1759 t-ti
712 1714 838 1762 runt
889 1705 1409 1762 Arabcslsmaelltas
1460 1709 1592 1777 ipsis
1622 1709 1877 1763 damnum
1928 1707 2148 1773 inferre,
2182 1696 2445 1764 Bfu'sset
2512 1710 2701 1763 rubus.
2737 1707 2881 1762 Dixit
2935 1710 3265 1777 imperator:
3323 1694 3644 1776 eqtandus
3678 1721 3793 1774 erga

600 1808 795 1865 penum
820 1796 1059 1865 ipsorum
1108 1795 1422 1853 devorando
1452 1800 1676 1869 locaque
1700 1798 2011 1865 diruendo,
2042 1800 2150 1853 cel-

597 1890 782 1955 lasqtte
816 1889 1180 1958 ingredientes
1207 1887 1476 1959 quidquid
1504 1889 1577 1942 ibi
1624 1896 1769 1943 esset
1808 1888 2070 1954 diripere.
2098 1897 2153 1943 et

598 1981 651 2033 in
685 1978 947 2035 ecclesias
978 1977 1251 2033 irruentes
1287 1976 1687 2033 Eucharistiam
1713 1979 2003 2047 deglutire.
2031 1979 2141 2035 lto—

587 2076 755 2135 {ante
778 2082 908 2138 ergo
939 2068 1283 2135 imperatore,
1333 2067 1461 2138 quid
1494 2068 1709 2130 vellent.
1746 2066 2097 2138 ιρι-ωε
2132 2083 2147 2119 :

596 2158 890 2231 Rogamus,
944 2158 1220 2227 inquiunt,
1268 2174 1303 2214 o
1331 2173 1448 2224 rex,
1483 2165 1539 2210 ut
1572 2158 1730 2212 nobis
1760 2161 2150 2212 monasterium

594 2260 845 2307 exstruas
876 2252 928 2303 in
959 2265 1067 2320 quo
1094 2250 1418 2303 muniamttr.
1463 2246 1671 2320 (Neque
1700 2250 1845 2305 enim
1906 2258 2029 2303 ante
2084 2249 2152 2303 il-

598 2341 690 2397 Iud
720 2343 1146 2416 tempus‘ullum
1202 2342 1305 2396 fuit
1364 2342 1417 2395 in
1451 2349 1631 2396 monte
1687 2341 1816 2396 Sina
1845 2341 2151 2397 cmuobiutn

600 2426 654 2487 in
702 2448 809 2502 quo
864 2432 1217 2486 convenirent
1278 2430 1552 2491 monachi.
1614 2432 1710 2487 sed
1758 2430 1813 2483 in
1882 2427 2188 2482 montibus'

600 2536 662 2576 ac
691 2523 915 2577 vallibus
957 2523 1101 2577 circa
1140 2522 1334 2575 rubum
1367 2537 1398 2577 e
1424 2538 1535 2589 quo
1571 2520 1714 2575 Deus
1743 2518 1929 2575 nosco
1951 2521 2156 2575 allocn.

599 2623 687 2669 tus
706 2620 813 2675 est.
850 2614 1080 2683 sparsim
1111 2612 1399 2683 degerunt.
1425 2609 1550 2664 Fuit
1581 2618 1792 2665 tantum
1828 2611 1959 2679 ipsis
1986 2625 2151 2679 supra

598 2706 795 2761 rubum
836 2706 1000 2759 turris
1033 2720 1246 2774 magna.
1269 2718 1391 2773 qua:
1422 2713 1476 2757 et
1507 2704 1663 2758 hodie
1693 2714 1964 2772 superest.
1993 2713 2155 2771 atque

599 2797 652 2851 in
685 2812 747 2853 ea
787 2798 1048 2867 templum
1080 2796 1291 2851 Sancta:
1325 2794 1529 2861 Maria,
1564 2793 1630 2848 ad
1668 2809 1831 2863 quam
1878 2794 2153 2859 monachi.

599 2889 891 2944 act-edente
919 2889 1171 2959 quopiam
1204 2903 1234 2942 a
1260 2904 1371 2957 quo
1431 2888 1706 2947 timerent.
1756 2884 2151 2956 confugientes.

604 2981 661 3034 in
688 2980 876 3035 eadem
938 2980 1151 3033 munire
1197 2994 1255 3033 se
1297 2978 1560 3033 solebant.
1595 2976 1739 3031 Misit
1770 2991 1898 3047 ergo
1921 2977 2153 3045 impera-

603 3083 687 3127 tor
718 3086 824 3125 una
864 3084 988 3126 cum
1034 3069 1168 3139 ipsis
1208 3069 1448 3137 legatum
1498 3068 1691 3136 opibus
1713 3067 1898 3122 multis
1942 3054 2153 3121 nimii-

599 3171 769 3223 ctum.
793 3158 1012 3228 scriptis
1037 3158 1201 3212 etiam
1230 3160 1296 3211 ad
1328 3156 1547 3228 Egypti
1579 3156 1889 3227 prterectum
1925 3156 2147 3235 litteris.

599 3260 659 3305 ut
704 3252 875 3307 eidem
908 3260 1171 3319 quantum
1202 3248 1364 3302 vellet
1397 3263 1744 3303 nummorum
1800 3250 2057 3314 traderet.
2090 3265 2152 3304 ac

600 3343 748 3395 viros
802 3341 963 3395 etiam
1039 3338 1431 3409 suppeditaret.
1487 3339 1699 3409 ipsique
1752 3353 2024 3394 annonam
2086 3356 2151 3395 cx

601 3432 834 3501 ﬁgypto
861 3430 1203 3485 deferendam
1234 3437 1498 3494 curaret;
1555 3430 1730 3499 legato
1785 3430 1839 3485 in
1884 3428 2151 3485 mandatis

598 3524 726 3575 dato
762 3532 820 3575 ut
850 3520 1137 3575 ecclesiam
1197 3520 1250 3573 in
1281 3518 1500 3574 Kalzent
1565 3528 1889 3595 exstrueret.
1944 3536 2153 3595 necnon

599 3610 983 3678 monasterium
1017 3610 1193 3679 ηυδε,
1238 3617 1403 3678 utque
1436 3608 1489 3663 in
1533 3617 1718 3664 monte
1780 3592 1912 3665 Sina
1947 3592 2155 3665 .mona-

601 3703 824 3755 steriutn
858 3688 1175 3762 aediﬁcat-ct,
1239 3699 1490 3769 idemque
1532 3700 1885 3770 permuniret.
1933 3701 2067 3756 adeo
2096 3708 2155 3755 ιιι

602 3806 709 3845 non
734 3791 858 3844 alibi
892 3790 943 3842 in
986 3799 1100 3843 toto
1126 3788 1328 3843 mundo
1358 3790 1533 3860 magis
1564 3790 1834 3845 munitum
1886 3792 2157 3859 reperire-

596 3893 687 3947 tur
712 3879 952 3947 atlcoqnc
991 3878 1259 3931 ﬁrmatum
1298 3878 1477 3943 daret.
1507 3888 1696 3933 utnon
1745 3879 1940 3935 alicubi
2006 3881 2158 3933 locus

602 3972 798 4040 aliquis
846 3977 991 4023 esset
1044 3971 1185 4022 unde
1240 3969 1318 4022 vel
1374 3972 1706 4024 monasterio
1733 3970 1815 4023 vel
1871 3968 2156 4023 monachis

601 4062 857 4115 damnum
894 4058 1229 4113 inferendum
1268 4067 1619 4113 metueretur.
1677 4062 1811 4115 Cum
1868 4074 1998 4129 ergo
2028 4059 2158 4113 Kal-

603 4168 812 4206 aetuutn
844 4150 1177 4221 pervenisset
1204 4150 1411 4219 legatus
1445 4151 1545 4207 istc
1583 4152 1826 4206 condidit
1853 4152 1924 4206 ibi
1969 4138 2157 4207 ’eccie-

601 4244 735 4312 siam
757 4244 815 4295 S.
839 4241 1118 4296 Athanasii
1144 4237 1559 4312 ;exstruxitqhe
1578 4244 1967 4297 monasterium
1996 4241 2158 4315 Bay:

2266 1799 2365 1853 tibi
2397 1812 2521 1851 eum
2562 1807 2704 1851 terra
2746 1795 2845 1850 fuit
2880 1810 3035 1869 mons
3073 1797 3175 1851 iste
3205 1794 3299 1869 qui
3358 1810 3388 1848 a
3438 1795 3795 1864 septentrione

2253 1888 2581 1942 monasterio
2604 1885 2870 1941 imminet.
2912 1883 3013 1938 Cui
3052 1884 3257 1953 legatus
3301 1900 3314 1936 :
3351 1881 3407 1938 Si
3464 1895 3609 1938 totas
3655 1894 3795 1937 terra:

2253 1976 2644 2041 Romanorum,
2690 1972 2930 2048 Αῖεηιιι,
2962 1984 3017 2029 et
3064 1968 3239 2045 Syriae
3290 1991 3422 2045 opes
3448 1974 3796 2043 impendisse-

2253 2082 2394 2129 mns.
2449 2066 2591 2120 haud
2651 2079 2934 2136 possemus
2977 2074 3217 2119 montem
3268 2064 3434 2119 istum
3499 2064 3795 2120 absolvere.

2251 2157 2426 2213 iratus
2457 2172 2587 2227 ergo
2618 2156 2914 2226 imperator
2940 2164 3102 2227 caput
3133 2156 3237 2225 ipsi
3298 2156 3572 2225 att-putari
3617 2155 3797 2225 jussit.

2252 2248 2450 2304 Deinde
2477 2250 2639 2323 alium
2673 2247 2820 2302 misit
2871 2246 3129 2318 legatum.
3162 2263 3382 2317 unaque
3433 2261 3560 2301 cum
3609 2247 3798 2315 ipso»
3876 2268 3877 2271 η

2251 2340 2434 2397 vernis
2461 2339 2828 2395 Romanorum
2862 2354 2972 2393 una
3028 2352 3153 2393 cum
3192 2338 3378 2393 liberis
3424 2347 3481 2393 et
3547 2339 3800 2392 uxoribus

2252 2433 2493 2502 ipsorum
2540 2426 2755 2485 centum
2785 2431 2961 2501 viros1
2979 2429 3180 2500 jubens
3210 2429 3369 2483 etiam
3397 2440 3455 2482 ut
3483 2445 3547 2483 cx
3570 2427 3801 2498 Δτῐηριι»

2250 2522 2389 2577 alios
2414 2530 2633 2602 centum
2671 2535 2778 2574 una
2826 2535 2957 2587 cum
2980 2520 3223 2589 ipsorum
3284 2519 3549 2573 uxoribus
3583 2529 3640 2573 et
3679 2520 3801 2571 lihe-

2251 2614 2329 2669 ris
2354 2614 2645 2682 acciperet.
2663 2610 2864 2681 quibus
2901 2621 3057 2664 extra
3088 2618 3330 2663 montem
3366 2608 3557 2663 Sinam
3617 2610 3802 2665 domos

2250 2710 2555 2759 exstrueret
2589 2702 2644 2757 in
2674 2702 2877 2781 quibus
2902 2700 2977 2756 ibi
3024 2702 3304 2771 degerent.
3361 2715 3473 2771 quo
3527 2709 3803 2755 monastic

2258 2796 2400 2850 rium
2432 2806 2488 2849 et
2538 2796 2840 2850 monachos
2889 2794 3223 2849 custodirent
3255 2810 3271 2860 ;
3304 2797 3615 2869 et‘victum
3684 2793 3804 2863 ipsis

2252 2884 2702 2955 suppeditandum
2729 2895 2971 2948 curaret.
3001 2884 3244 2954 ipsisque
3264 2892 3317 2939 et
3348 2884 3687 2938 monasterio
3746 2897 3804 2935 es

2254 2974 2488 3069 ξιιμο
2519 2989 2752 3069 annonae
2787 2968 3049 3069 quantu‘m
3083 2972 3379 3035 suﬂiceret.
3422 2972 3805 3069 deferendam.
3908 2986 3911 3069 ι

2252 3065 2387 3120 Cntn
2424 3078 2556 3136 ergo
2585 3064 2653 3121 ad
2679 3075 2918 3120 montem
2977 3062 3161 3120 Sinam
3218 3065 3554 3141 pervenisset
3604 3064 3808 3133 legatus
3908 3062 3909 3089 ‘

2251 3168 2406 3213 extra
2439 3143 2831 3212 monasterium
2858 3153 3135 3211 Orientem
3155 3170 3349 3210 versus
3388 3156 3558 3209 multa
3588 3164 3807 3210 exstru-

2245 3248 2330 3302 xit
2365 3246 2666 3312 domicilia.
2700 3244 2998 3317 eademque
3029 3260 3158 3301 arce
3184 3245 3565 3305 communivit.
3603 3246 3668 3300 in
3692 3246 3809 3314 qui.

2252 3339 2355 3394 bus
2376 3353 2564 3397 servos
2586 3338 2725 3394 istos
2752 3337 3035 3393 collocavit
3066 3353 3177 3407 quo
3204 3338 3592 3393 monasterium
3618 3322 3733 3393 ἐιη
3758 3351 3808 3389 o-

2250 3432 2450 3494 dirent.
2480 3431 2733 3500 idemque
2763 3440 3089 3496 tuerentur;
3115 3430 3207 3498 qui
3229 3428 3381 3483 locus
3398 3429 3465 3483 ad
3498 3428 3604 3483 hoc
3641 3443 3807 3494 usque

2254 3531 2470 3593 tempus
2504 3522 2595 3575 Dir
2618 3525 2671 3575 oi
2697 3520 2860 3583 Abii.
2925 3536 3044 3583 seu.
3081 3520 3472 3587 monasterium
3524 3533 3809 3575 servorum

2253 3610 2578 3679 appellatur.
2628 3606 2764 3675 Cum
2799 3622 2926 3662 vero
2956 3608 3158 3677 genitis
3206 3608 3392 3663 liberis
3439 3608 3806 3679 multiplicati.

2210 3746 2213 3749 Α
2253 3696 2342 3749 diu
2380 3696 2880 3761 ibi/substitissent,
2910 3710 2973 3751 ac
3027 3695 3622 3753 Iohammedanismus
3677 3699 3810 3753 obtto

2252 3795 2405 3842 neret
2427 3786 2592 3857 (quod
2626 3787 2731 3842 sub
2780 3786 2990 3863 Citalil‘a
3023 3787 3178 3842 Abilil
3212 3785 3384 3843 Ilalee
3432 3789 3551 3844 Ebn
3581 3788 3807 3862 literne

2254 3878 2472 3949 accidit)
2504 3878 2594 3933 alii
2627 3880 2681 3934 iu
2720 3880 2861 3936 alios
2895 3865 3165 3935 Irruentes
3196 3879 3399 3935 mutuis
3434 3896 3494 3936 se
3561 3883 3805 3937 adibus

2253 3970 2619 4035 sustulerunt.
2650 3971 2809 4026 casis
2830 3972 2973 4035 aliis.
2999 3971 3125 4026 aliis
3150 3971 3508 4041 fugientibus.
3537 3972 3674 4030 aliis'
3703 3971 3802 4028 Io-

2240 4058 2781 4117 'ltammedauismnm
2808 4062 3094 4133 atuplexis.
3112 4077 3343 4133 quorum
3381 4064 3538 4120 liberi
3562 4064 3632 4120 ad
3659 4066 3803 4138 103

2255 4152 2404 4206 hunc
2454 4166 2627 4220 asque
2655 4152 2796 4207 diem
2828 4153 2881 4206 in
2908 4155 3276 4217 monasteriis.
3316 4154 3473 4210 illam
3496 4158 3805 4229 religionem

2256 4242 2569 4311 proﬁtentes
2592 4241 2749 4309 aBanu
2796 4240 2997 4315 galelti.
3025 4244 3387 4315 appellantur.
3414 4256 3469 4302 et
3510 4249 3670 4317 pueri
3694 4246 3803 4322 (ses

601 4342 714 4383 ttttn
745 4330 809 4385 ad
846 4339 1081 4385 montem
1123 4330 1310 4384 Sinam
1367 4330 1644 4400 prolectus
1674 4332 1746 4385 ibi
1781 4338 1977 4386 rubum
2003 4334 2151 4387 inve-
2185 4344 2230 4407 ι)
2256 4333 2398 4386 servi
2428 4330 2450 4404 ]
2506 4336 2821 4388 monasterii
2860 4333 3090 4390 audiunt
3121 4346 3400 4403 ;snntque
3423 4352 3488 4393 es
3536 4338 3681 4410 ipsis
3709 4335 3801 4395 Lar

602 4422 682 4474 nit
739 4421 792 4474 in
832 4421 951 4473 loco
979 4422 1122 4474 inter
1145 4420 1280 4475 duos
1301 4431 1517 4476 montes
1544 4430 1799 4493 angusto.
1834 4422 2149 4494 ibidemque

603 4512 798 4566 turrim
822 4527 987 4583 prope
1007 4515 1198 4566 rubum
1219 4521 1571 4579 exstructam,
1592 4529 1801 4569 necnon
1822 4514 1981 4588 ια
1998 4530 2151 4586 aqua:

601 4603 779 4655 fontes
808 4616 972 4669 prope
1000 4602 1247 4655 eumdem
1306 4602 1691 4666 seatnricutes.
1743 4610 1799 4656 at
1856 4606 2152 4658 monachos

602 4710 694 4763 per
727 4694 894 4747 valles
924 4692 1220 4759 dispersos.
1274 4692 1331 4745 ln
1356 4693 1541 4747 animo
1573 4708 1702 4763 ergo
1732 4692 1921 4747 itabuit
1960 4709 2152 4749 mona-

598 4784 825 4839 sterium
850 4796 1013 4851 supra
1046 4789 1284 4835 montem
1350 4792 1633 4837 exstruere
1690 4785 1877 4839 relicto
1922 4786 2043 4841 rubi
2097 4796 2152 4839 et
2192 4804 2195 4805 '

600 4873 767 4928 turris
801 4872 939 4926 loco.
958 4871 1112 4937 Quod
1142 4880 1320 4925 tamen
1359 4886 1547 4926 rursus
1571 4887 1726 4942 aqu:
1744 4872 1914 4944 gratia
1949 4874 2151 4943 impro—

601 4963 768 5025 bavit,
793 4961 914 5014 ideo
944 4962 1089 5030 quod
1122 4961 1266 5013 nulla
1304 4973 1452 5015 esset
1479 4946 1642 5031 supra
1684 4976 1921 5019 montem
1987 4977 2150 5033 aqua.

604 5056 877 5111 l-Lxstrtixit
929 5069 1058 5124 ergo
1118 5056 1505 5108 monasterium
1563 5054 1717 5123 juxta
1783 5055 1975 5108 rubum
2027 5054 2152 5109 loco

601 5147 789 5214 turris,
820 5148 951 5201 turri
990 5148 1043 5199 iit
1068 5145 1398 5199 monasterio
1430 5145 1660 5200 inclusa.
1698 5141 1929 5213 Fuitquc
1958 5159 2149 5200 mena.

600 5240 820 5293 sterium
849 5238 987 5291 inter
1013 5236 1151 5290 riuos
1202 5244 1414 5289 montes
1464 5235 1588 5288 loco
1621 5243 1874 5304 angusto,
1902 5234 2043 5305 adeo
2093 5243 2150 5287 ut

600 5330 644 5381 si
693 5328 815 5396 quis
846 5312 1055 5383 nioutis
1074 5325 1349 5395 fastigium
1395 5324 1824 5396 septentrionale
1873 5338 2147 5383 conscen-

602 5428 733 5475 tiens
758 5421 985 5489 lapidem
1002 5418 1229 5489 jaccrct.
1264 5417 1319 5471 in
1377 5416 1617 5472 medium
1649 5414 1906 5471 decidens
1960 5430 2149 5470 mona—

600 5513 825 5565 sterium
851 5509 1125 5565 monachis
1154 5515 1390 5562 noceret.
1426 5504 1490 5561 Et
1522 5501 2146 5574 monastcrjuutquidetn

603 5599 657 5651 tu
693 5597 825 5651 loco
851 5598 953 5651 isto
983 5606 1211 5667 angusto
1237 5593 1391 5663 jusla
1440 5593 1631 5647 rulmm
1690 5603 1745 5648 et
1797 5604 2147 5651 monumenta

2252 4416 2587 4477 chmietises.
2636 4419 2931 4478 Dirueruut
2991 4433 3174 4478 autem
3232 4425 3485 4482 monachi
3538 4427 3803 4483 domicilia

2250 4526 2527 4565 servorum
2554 4521 2842 4584 postquam
2899 4499 3289 4571 Mobamniedis
3322 4515 3647 4586 religionem
3682 4534 3805 4571 asi-

2250 4604 2392 4674 plexi
2419 4613 2547 4658 sunt
2571 4620 2636 4658 ne
2662 4607 2788 4675 quis
2814 4620 2878 4661 ea
2914 4606 3342 4677 incoleret.qu
3368 4622 3505 4679 ergo
3533 4621 3593 4663 et
3648 4609 3806 4667 hodie

2249 4693 2488 4749 desolata
2522 4705 2762 4751 manent.
3270 4752 3276 4759 ,

2311 4784 2491 4840 Porro
2512 4803 2658 4845 anno
2706 4789 2916 4858 imperii
2961 4787 3257 4845 Iustiniani
3298 4792 3543 4848 modo

2250 4878 2523 4933 tutusest’
2562 4876 2872 4934 Bonifacius
2903 4867 3237 4949 patriarcha
3263 4878 3596 4951 Romanus;
3659 4900 3802 4939 cuu-

2248 4984 2354 5037 que
2382 4968 2522 5023 duos
2549 4984 2724 5024 annos
2753 4969 2983 5025 sedisset
3008 4981 3254 5031 mortuus
3280 4985 3384 5031 est.
3431 4976 3594 5032 Anno
3632 4975 3805 5047 inpe-

2252 5058 2316 5111 rii
2344 5058 2585 5128 ejusdem
2621 5069 2816 5130 quarto
2848 5062 3182 5119 constitutus
3210 5072 3308 5119 est'
3334 5064 3539 5121 ibidem
3562 5067 3799 5136 patriar.

2248 5150 2357 5203 cita
2390 5146 2651 5214 Joannes.
2679 5152 2772 5221 qui
2799 5159 2861 5206 et
2886 5150 3023 5207 duos
3065 5155 3430 5227 annossedit.
3456 5136 3612 5211 dein"
3657 5150 3791 5211 utor-

2238 5250 2377 5305 tuus
2404 5250 2511 5295 est.
2564 5240 2726 5296 Auno
2751 5240 2991 5311 ejusdem
3020 5243 3213 5307 scxto.’
3239 5244 3416 5301 laetus
3455 5250 3542 5301 est
3600 5247 3797 5320 ibidem

2252 5332 2553 5401 patriarcha
2578 5332 2869 5402 Agapetu‘s.
2901 5334 2993 5403 qui
3027 5349 3152 5389 cum
3184 5351 3349 5389 unum
3374 5351 3580 5394 annum
3617 5338 3795 5395 sdis-

2250 5433 2332 5476 set
2387 5431 2635 5479 mortuus
2662 5432 2767 5479 est.
2800 5425 2959 5480 Auno
2987 5425 3229 5497 ejusliun
3260 5429 3496 5498 septimo
3518 5432 3785 5485 constitu-

2250 5520 2339 5563 tus
2382 5522 2463 5566 est
2487 5512 2558 5567 ibi
2614 5512 2922 5584 patriarcha
2955 5514 3271 5586 Sylvcrius;
3331 5533 3505 5573 annos
3562 5519 3789 5588 qni-qs:

2249 5601 2406 5670 sedit,
2437 5602 2563 5659 dein
2588 5613 2833 5659 mortuus
2861 5618 2962 5661 est.
2998 5610 3153 5664 Anno
3176 5608 3418 5674 ejusdem
3456 5606 3790 5665 decimum
