3962 6344
586 260 720 327 1079

1608 268 1933 330 EUTYCHI
1951 272 1970 329 i
1989 269 2536 330 ,λιιι-ικῡιιικι
2580 273 2719 333 ινιτ
2731 274 2804 332 ιι.

3655 101 3926 390 ιιι-1

580 377 921 442 sandrinus;
976 382 1066 448 qui
1105 394 1278 433 annos
1304 380 1490 451 viginti
1523 379 1687 441 sedit.
1732 381 1857 435 dein
1891 392 2141 434 mortuus
2171 386 2216 437 Δ
2247 379 2424 449 ipsum
2458 393 2732 437 mortuum
2764 380 2995 445 invenit.
3050 384 3271 437 sudario
3300 382 3476 437 oculis
3512 383 3765 453 imposita;

578 475 663 519 est
692 469 1011 537 (secundum
1041 471 1183 523 aliud
1218 472 1519 539 exemplar,
1553 486 1731 526 annos
1763 473 1951 533 duos).

652 557 819 611 Porro
851 569 1098 625 tempore
1135 560 1384 616 Mauricii
1443 561 1796 629 imperatoris
1848 562 1986 615 latro
2017 565 2141 632 qni-
2172 600 2179 605 ρ

575 647 699 701 tlztnt
730 648 832 701 fttit
864 648 919 702 in
954 651 1091 704 urbe
1121 651 1402 722 (quadam)
1434 652 1651 714 Africae,
1688 652 1943 721 princeps
1978 653 2144 707 Iatro-

576 755 729 802 ntnn,
781 740 873 809 qui
927 742 1131 796 nemini
1184 744 1425 798 occurrit
1487 759 1649 812 quem
1701 759 1810 798 non
1860 753 1914 797 et
1944 746 2052 799 vita
2087 753 2141 799 et

579 830 735 883 bonis
772 830 1055 898 spoliaret.
1087 833 1225 887 adeo
1255 841 1314 886 ιιι
1347 833 1559 888 deserta
1598 832 1761 887 fuerit
1788 833 1895 897 via.
1927 834 2145 889 nemine

578 936 673 990 per
718 938 836 976 eam
899 924 1002 979 iter
1058 924 1307 991 faciente,
1362 935 1457 981 aut
1522 933 1860 991 transeunte.
1929 942 2035 997 qua
2089 927 2143 980 in

574 1012 815 1067 Africam
852 1014 1093 1081 duceret,
1146 1026 1288 1071 metu
1330 1016 1562 1072 latronis
1600 1018 1780 1072 istius.
1813 1016 1987 1084 Quem
2015 1017 2144 1073 licet

579 1104 726 1157 omni
764 1104 1047 1175 diligentia
1084 1108 1345 1177 omnique
1376 1117 1495 1163 arte
1521 1121 1587 1164 ac
1619 1117 1932 1165 commento
1961 1120 2143 1165 uterc-

578 1203 665 1247 tur
694 1193 902 1250 Africa?
923 1197 1191 1266 patricius
1230 1214 1341 1268 quo
1392 1199 1570 1269 ipsum
1627 1199 2013 1270 prehenderet.
2046 1214 2140 1254 ca-

576 1298 707 1351 pere
746 1295 927 1341 tamen
961 1302 1071 1342 non
1112 1289 1308 1356 potuit.
1343 1288 1457 1345 Hoc
1476 1302 1612 1345 ’cum
1649 1289 1812 1362 196
1844 1290 1913 1346 ad
1942 1290 2144 1344 Mauri-

575 1373 644 1425 cii
679 1373 1023 1443 iiuperatoris
1077 1378 1326 1433 notitiam
1381 1381 1744 1455 pervenisset,
1775 1382 1893 1451 ipse
1918 1379 2087 1436 misso
2113 1400 2145 1434 e

574 1460 797 1521 famulis
828 1466 946 1521 suis
996 1470 1231 1538 quodam
1268 1470 1621 1525 securitatem
1675 1470 1874 1526 latroni
1924 1471 2015 1527 isti
2045 1471 2119 1525 ub

573 1553 696 1607 tulit
723 1570 739 1620 ;
775 1571 941 1631 quam
965 1558 1100 1613 cum
1132 1558 1219 1615 ille
1253 1568 1621 1631 acceptasset,
1657 1559 1726 1615 ad
1757 1562 2140 1633 imperatorem

575 1644 854 1712 profectus
894 1648 1124 1719 benigne
1178 1661 1343 1719 atque
1400 1651 1701 1708 honorifice
1746 1654 1816 1708 ab
1859 1652 1981 1723 ipso
2035 1661 2144 1708 tra-

573 1742 751 1789 ctatus
778 1744 860 1790 est
889 1745 943 1790 et
974 1740 1040 1790 ad
1069 1738 1391 1806 dignitatem
1426 1749 1671 1811 evectus.
1712 1739 1902 1795 Morbo
1931 1750 2137 1807 autem,

570 1825 854 1893 aliquanto
882 1839 1002 1896 post
1051 1839 1317 1896 tempore.
1346 1840 1636 1899 correptus
1666 1832 1721 1885 in
1759 1835 2136 1886 nosocmnium

570 1915 713 1984 quod
742 1918 795 1971 in
830 1918 967 1973 urbe
999 1919 1611 1989 Constantinopolitana
1643 1919 1768 1984 fuit.
1792 1922 2007 1975 delatus
2031 1934 2136 1978 est.

570 2007 817 2077 Cumque
870 2018 1030 2064 nocte
1063 2010 1296 2080 quadam
1332 2010 1411 2081 [in
1458 2009 1685 2083 lectum]
1730 2011 2005 2080 projectus
2041 2028 2137 2081 op-

572 2096 730 2165 primi
764 2112 825 2153 se
874 2098 1085 2163 dolore.
1120 2115 1280 2169 quem
1316 2100 1651 2169 patiebatur.
1711 2101 1943 2163 videret.
1999 2107 2137 2157 adeo

572 2196 632 2242 ut
660 2199 843 2245 certus
874 2199 1018 2246 esset
1055 2191 1347 2256 moriendi,
1368 2192 1453 2245 ad
1486 2191 1775 2247 Dominum
1832 2209 1995 2247 sumn
2028 2194 2140 2250 cle-

569 2287 805 2334 mentem
838 2287 892 2333 et
943 2295 1071 2349 erga
1114 2295 1305 2336 servos
1341 2296 1473 2337 suos
1509 2282 1948 2345 misericordem.
1987 2298 2140 2338 rece-

568 2368 665 2436 pit,
704 2369 959 2441 lacrymis
990 2381 1045 2427 et
1096 2373 1597 2443 supplicationibus
1657 2372 1849 2431 ell'nsis
1899 2375 2135 2429 dicens:

568 2458 716 2530 Rogo
767 2471 838 2524 te.
897 2462 1145 2526 Domine.
1201 2464 1345 2518 sicut
1395 2464 1539 2519 f'etri
1594 2466 2141 2536 lacrymis‘aeceptis

568 2553 670 2621 ipsi
724 2556 990 2623 prup'tius
1028 2554 1198 2620 fuisti,
1233 2564 1399 2627 utque
1432 2556 1944 2627 Eli-kim‘lacryjnas
1978 2574 2138 2611 acce-

568 2653 688 2711 ptas
730 2646 990 2708 habuisti.
1028 2662 1127 2701 nec
1184 2662 1292 2701 non
1348 2647 1577 2702 latronis
1632 2648 1725 2715 qui
1786 2658 1966 2702 tecum
2030 2665 2133 2703 una

567 2729 866 2791 crucifixus
922 2748 1009 2791 est
1066 2727 1357 2809 laenymas,
1413 2739 1486 2792 ita
1542 2746 1607 2793 et‘
1653 2740 1925 2810 lacryntas
1986 2756 2136 2795 meas

570 2827 841 2895 respicere
894 2826 1052 2891 velis.
1089 2829 1267 2899 lisque
1304 2838 1529 2897 peccata
1565 2844 1684 2883 mea
1736 2830 2055 2900 abstergere
2083 2840 2138 2887 et

567 2932 667 2983 pro
720 2917 1069 2972 multitudine
1130 2920 1522 2975 misericordia
1572 2934 1685 2979 tua:
1745 2937 1933 2991 preces
1986 2928 2135 2978 meas

2245 480 2644 541 narraruntque
2695 472 2772 526 illi
2817 472 2909 541 qui
2956 456 3112 541 juxta
3171 475 3438 529 latronem
3495 472 3768 530 dormirrut

2243 577 2383 632 quos
2413 562 2588 632 ipsius
2615 560 2775 617 ﬂetus
2802 572 2857 618 et
2887 562 3316 633 supplicationes
3341 563 3647 618 audierant.
3679 563 3768 618 ite-

2244 641 2401 707 dicus
2431 668 2563 720 ergo
2594 663 2818 722 accepto
2864 654 3089 708 sudario
3139 650 3206 706 ad
3257 651 3580 709 lauricium
3628 652 3771 719 itare-

2244 749 2482 796 ratorem
2514 742 2793 811 ingressus
2828 741 2958 797 illud
2995 742 3097 811 ipsi
3132 742 3371 796 ostendit
3417 752 3476 798 et
3526 751 3637 796 tum
3660 743 3775 810 quid

2252 830 2307 886 in
2335 832 2552 897 somnio
2582 846 2686 887 suo
2711 832 2941 897 viderat,
2990 842 3103 888 tum
3137 830 3265 903 quid
3300 834 3369 886 ab
3399 834 3505 889 illis
3533 833 3623 903 qui
3642 832 3775 902 juxta

2246 921 2510 977 latronem
2555 922 2720 993 που
2770 923 3096 977 dormirent
3148 923 3453 988 audiverat.
3520 926 3777 991 narravit;

2245 1011 2488 1081 dixitque
2520 1012 2838 1083 imperatori
2872 1031 2887 1067 :
2921 1014 3033 1068 Deo
3064 1012 3182 1069 laus
3211 1012 3307 1083 qui
3338 1026 3444 1084 ope
3490 1017 3582 1069 tua
3629 1016 3780 1070 latro-

2245 1116 2369 1155 nem
2410 1103 2634 1169 recepit,
2668 1089 3276 1173 ipsique'coudonavit,
3326 1110 3385 1159 ut
3435 1111 3493 1158 ct
3531 1102 3781 1161 latronem

2247 1190 2483 1258 priorem
2518 1192 2573 1245 in
2609 1208 2774 1247 cruce
2810 1194 3070 1249 admisit:
3123 1192 3225 1248 fuit
3278 1193 3369 1248 ille
3421 1191 3654 1263 primus.
3703 1196 3783 1252 hic

2244 1281 2538 1336 secundus.
2574 1281 2742 1338 Porro
2774 1283 3007 1339 llortnoz
3038 1283 3120 1339 tit.
3154 1282 3574 1347 Anuslserwani,
3598 1281 3783 1339 Persa-

2247 1386 2365 1426 rum
2396 1388 2489 1427 rex
2524 1372 2597 1428 ob
2634 1374 2926 1438 ferociam,
2958 1375 3211 1429 duritiem
3255 1380 3313 1428 et
3344 1373 3687 1444 tyrannidem
3714 1376 3785 1427 iu-

2245 1461 2405 1516 famis
2438 1461 2559 1526 fuit,
2609 1462 2751 1517 male
2784 1464 3034 1518 homines
3061 1471 3321 1524 tractans.
3379 1476 3585 1531 eosque
3618 1463 3674 1515 in
3700 1478 3787 1514 au-

2244 1554 2453 1621 gustius
2512 1553 2809 1621 redigeus;
2862 1553 3047 1608 multis
3095 1546 3438 1608 subditorum
3491 1554 3790 1622 suorumia

2244 1657 2524 1700 carcerem
2561 1643 2829 1711 conjectis
2878 1640 3033 1698 etde
3084 1643 3253 1712 gradu
3307 1642 3639 1700 deturbatis.
3690 1642 3794 1699 liae

2244 1739 2426 1787 autem
2483 1733 2645 1788 modo
2678 1734 2809 1789 dntu
2856 1749 2916 1788 se
2970 1741 3204 1803 gereret.
3260 1748 3388 1788 ecce
3436 1745 3631 1788 contra
3677 1752 3792 1789 eum

2243 1824 2526 1894 profectus
2554 1834 2640 1880 est
2671 1824 2894 1881 Chakan
2930 1840 3056 1899 cum
3083 1825 3416 1879 exercitibus
3455 1828 3792 1889 numerosis;

2238 1912 2441 1985 quibus
2468 1918 2685 1972 obviam
2719 1916 2865 1971 misit
2893 1914 3128 1970 Hormo:
3161 1916 3336 1969 virum
3367 1916 3664 1985 quemdam
3697 1934 3789 1970 uti.

2242 2009 2387 2063 mine
2409 2001 2759 2070 Bahrannmi.
2808 2006 3057 2061 Baltrami
3092 2006 3257 2062 lilium
3293 2006 3596 2076 (quietiam
3646 2008 3798 2063 Suuir

2245 2097 2447 2167 dictus)
2471 2141 2485 2160 .
2509 2114 2631 2154 cum
2659 2098 2947 2153 duodecim
2979 2098 3210 2152 militum
3239 2097 3505 2153 millibus.
3530 2098 3799 2166 interiecit

2238 2204 2368 2258 ergo
2404 2188 2637 2243 Babram
2695 2188 2861 2243 Sunir
2892 2187 3233 2253 Cbakanutn,
3288 2190 3585 2257 copiasque
3636 2189 3797 2258 ipsius

2238 2279 2559 2346 spoliandas
2587 2280 2756 2338 dedit.
2795 2282 2863 2333 At
2894 2294 3017 2333 cum
3054 2280 3328 2350 negotium
3363 2281 3466 2334 hoc
3502 2296 3632 2335 eum
3662 2280 3796 2335 Cha-

2240 2373 2381 2427 ltauo
2412 2372 2801 2440 expcdirisset,
2859 2373 2913 2425 itt
2964 2382 3200 2426 mentem
3253 2385 3513 2427 revocans
3548 2370 3798 2425 Hormi

2239 2463 2497 2519 ferociam
2554 2474 2609 2518 et
2665 2463 3029 2534 tyrannidem,
3083 2463 3329 2533 quasque
3382 2462 3452 2516 de
3488 2463 3729 2517 ducibus
3754 2472 3802 2517 et

2240 2559 2572 2615 exercitibus
2608 2559 2723 2613 suis
2773 2558 3119 2634 suspiciones
3160 2557 3331 2610 malas
3366 2556 3591 2620 foveret.
3629 2557 3801 2610 timuit

2241 2650 2308 2703 ad
2337 2651 2512 2719 ipsum
2542 2650 2739 2711 redire.
2777 2648 3005 2715 ideoque
3028 2646 3155 2701 dum
3184 2646 3363 2701 adhuc
3398 2646 3452 2700 itt
3482 2645 3802 2701 Charasane

2238 2753 2381 2796 esset
2436 2741 2490 2796 in
2541 2743 2720 2811 ipsmn
2754 2739 3053 2805 rebellavit,
3086 2752 3411 2808 manumque
3438 2740 3505 2791 ab
3532 2738 3803 2807 obsequia

2239 2833 2343 2901 ipsi
2382 2830 2687 2901 pra‘stando
2738 2829 3037 2885 subtraxit.
3091 2828 3365 2883 lrrucntes
3392 2828 3558 2882 etiam
3592 2843 3723 2897 qua-
3751 2829 3803 2881 in

2244 2920 2421 2977 Eraco
2450 2932 2609 2978 erant
2640 2922 2809 2991 copia:
2856 2922 2908 2975 in
2940 2921 3289 2993 ilqrmoznm.
3322 2917 3393 2972 ob
3425 2919 3633 2971 malum
3664 2917 3803 2987 quod

567 3016 815 3076 acceptas
847 3010 1079 3069 habere:
1106 3011 1294 3065 oculos
1328 2994 1546 3065 interim
1581 3027 1712 3067 suos
1744 3013 1973 3067 sudario
1990 3015 2134 3083 quod
2162 3027 2209 3084 ε,
2244 3014 2505 3070 viderunt
2536 3014 2711 3083 ipsius
2744 3012 3007 3081 regimen,
3037 3010 3216 3080 ipsum
3250 3022 3416 3079 regno
3439 3009 3803 3074 abdicarunt,

566 3100 731 3166 super
764 3096 1102 3169 facie'ipsius
1140 3099 1317 3155 fuerat
1350 3101 1659 3171 detergens.
1713 3102 1965 3173 Cumque
2034 3105 2137 3160 hoc

570 3187 730 3244 modo
761 3190 951 3243 multis
998 3190 1148 3245 boris
1182 3192 1519 3261 perstitisset
1550 3192 1844 3247 Dominum
1883 3194 2138 3262 precibus

569 3281 916 3335 lnclamando
944 3292 998 3337 et
1029 3291 1257 3352 peccata
1294 3281 1393 3339 su'a
1429 3284 1762 3348 confitendo.
1797 3286 1919 3339 dein
1974 3286 2138 3353 spiri-

572 3383 684 3426 tum
720 3387 879 3427 suum
912 3373 1279 3430 emisituF-uit
1316 3383 1494 3429 autem
1547 3374 2023 3446 Constantinopoli
2059 3376 2139 3431 vir

573 3450 797 3533 quidam
834 3480 864 3520 e
920 3466 1263 3535 principibus
1299 3466 1657 3530 medicorum.
1712 3466 1946 3521 eximius
1978 3477 2141 3537 atque

571 3556 842 3625 egregius.
877 3559 967 3626 qui
999 3556 1245 3625 quotidie
1274 3567 1511 3628 aegrotos
1559 3555 1653 3625 qui
1708 3556 1762 3610 in
1819 3560 2140 3614 nosncumio

574 3642 1074 3712 fuerunt,'visitare
1126 3647 1357 3703 solebat.
1413 3646 1511 3701 ilic
1567 3645 1711 3701 inter
1760 3646 2137 3709 dormiendum

570 3738 717 3792 domi
748 3754 861 3795 sua:
914 3738 968 3792 in
1026 3738 1241 3794 somnio
1290 3737 1479 3792 eadem
1540 3735 1675 3791 hora
1731 3751 1837 3805 qua
1890 3746 2141 3790 mortuus

577 3814 933 3898 197-199
958 3838 1043 3885 est
1077 3828 1221 3882 latro
1249 3827 1387 3883 vidit
1416 3827 1752 3897 Nigritarum
1782 3827 2022 3892 turbam,
2046 3827 2139 3896 qui

573 3919 639 3973 ad
674 3921 900 3974 latronis
938 3919 1137 3974 lectum
1194 3918 1519 3973 accedentes
1568 3912 2004 4005 ehar'tasrsecnm
2044 3918 2134 3971 ba-

575 4018 763 4066 berent
787 4012 987 4079 quibus
1020 4011 1282 4079 inscripta
1315 4007 1471 4063 erant
1496 4010 1616 4076 ejus
1646 4019 1866 4078 peccata
1900 4026 1916 4073 ;
1949 4009 2143 4064 deinde

572 4111 626 4156 et
672 4102 815 4156 viros
860 4101 997 4155 duos
1030 4116 1260 4165 quorum
1296 4101 1480 4154 vultus
1511 4100 1985 4168 splendescebant,
2014 4115 2144 4153 can-

572 4194 705 4248 dore
743 4192 877 4257 nivi,
920 4189 1327 4261 pulchritudine
1380 4190 1479 4243 soli
1518 4188 1749 4251 similes.
1812 4189 2005 4243 libram
2061 4196 2143 4242 tc-

575 4297 812 4340 nentes:
882 4282 1313 4350 accedentesque
1381 4280 1618 4350 Nigritas
1701 4280 1923 4334 chartas
2007 4280 2141 4335 istas

2240 3106 2557 3162 interimere
2588 3114 2768 3159 tamen
2811 3092 2990 3173 ipsum
3028 3101 3307 3156 timentes.

2308 3196 2433 3253 Fuit
2468 3208 2649 3252 autem
2672 3194 2941 3250 llormozo
2959 3194 3101 3248 titius
3130 3191 3217 3247 cui
3244 3205 3442 3245 nomen
3470 3190 3672 3255 Cesra.
3702 3192 3789 3259 qui

2241 3288 2313 3344 ab
2339 3290 2459 3359 ipso
2487 3288 2541 3341 itt
2583 3282 2917 3356 Aderbijano
2947 3284 3144 3340 abfuit.
3179 3281 3281 3337 llic
3310 3282 3498 3335 audito
3536 3283 3680 3363 quid
3706 3282 3803 3335 Pa-

2240 3382 2314 3436 tri
2362 3396 2465 3434 suo
2504 3378 2798 3435 accidisset
2825 3392 2933 3432 una
2972 3392 3098 3431 cum
3142 3372 3446 3428 comitibus
3482 3376 3606 3430 suis
3650 3390 3803 3443 opus

2239 3468 2597 3543 201-203
2628 3456 2734 3537 ipsi
2763 3470 2935 3524 latum
2975 3471 3211 3525 accessit
3237 3487 3251 3524 :
3295 3478 3351 3523 at
3379 3483 3503 3521 eum
3537 3467 3639 3520 illo
3670 3481 3805 3535 pne—

2240 3560 2431 3618 staudo
2473 3575 2581 3615 non
2615 3567 2795 3621 esset.
2841 3558 3054 3627 fugiens
3103 3558 3378 3615 Romanos
3429 3572 3637 3613 versus
3692 3572 3805 3625 prr-

2239 3654 2418 3713 rexit.
2466 3652 2727 3705 auxilium
2765 3664 2796 3705 a
2843 3649 3108 3704 Hauricin
3160 3651 3487 3721 imperatore
3541 3649 3804 3717 inplora-

2241 3754 2380 3808 tum,
2420 3742 2709 3811 ipsumque
2742 3752 2801 3795 ttt
2829 3755 2952 3793 eum
2988 3743 3041 3793 iu
3086 3740 3248 3793 tinent
3276 3741 3586 3795 exercitum
3616 3753 3800 3795 secu-

2241 3835 2482 3890 tnitteret
2534 3844 2823 3901 rogatum.
2878 3840 3001 3885 octo
3055 3846 3241 3885 secum
3280 3845 3508 3885 suorum
3574 3829 3801 3891 habens.

2196 3967 2200 3972 η
2241 3920 2782 3995 υιιειιιιιοέιιύιιαιιος
2818 3936 2951 3977 suos
2972 3920 3212 3976 Nabdatn
3234 3932 3289 3977 et
3322 3920 3679 3987 Nustauuls;
3717 3920 3801 3990 qui

2241 4014 2368 4068 dum
2402 4012 2548 4068 inter
2576 4012 2819 4067 eundum
2849 4012 2999 4065 inter
3026 4024 3087 4064 se
3116 4010 3404 4065 consilium
3450 4011 3722 4079 caperent
3742 4010 3803 4064 de

2242 4104 2463 4174 negotio
2500 4116 2624 4164 suo.
2672 4099 2835 4171 idque
2870 4094 3175 4170 perciperet
3193 4098 3362 4154 Cesra
3405 4100 3639 4155 :Dieite
3682 4099 3799 4152 mitti

2242 4190 2453 4261 inquit,
2507 4190 2638 4261 quid
2681 4200 2767 4246 est
2842 4191 2986 4255 quod
3032 4189 3320 4249 statuitis!
3361 4189 3801 4261 Respode

2242 4280 2360 4338 Non
2380 4292 2463 4340 est
2489 4283 2761 4339 sententia
2781 4291 2970 4337 nostra
2997 4262 3057 4336 ιιῖ
3088 4298 3152 4336 es
3178 4281 3279 4337 hac
3311 4283 3537 4354 regione
3558 4274 3809 4338 discedas

580 4391 770 4430 omnes
795 4375 849 4429 in
886 4374 1079 4428 libram
1114 4372 1387 4441 conjicere
1426 4370 1561 4426 adeo
1592 4378 1649 4421 ut
1672 4370 1907 4443 lanciuiu
1950 4372 2139 4437 altera,
2166 4372 2220 4431 ι)
2245 4386 2535 4446 antequam
2608 4374 2941 4427 Ilormoaunt
3010 4359 3465 4427 inte’rfeeerimus.
3538 4359 3801 4428 Nola-is

576 4468 747 4522 altera
780 4465 1037 4535 depressa
1090 4464 1455 4529 ascenderet;
1492 4462 1699 4518 dixisse
1745 4478 1876 4532 ergo
1909 4463 2141 4516 alterum

579 4558 816 4611 virorum
853 4554 1214 4610 candidorum
1246 4554 1401 4609 socio
1432 4568 1533 4609 suo
1562 4570 1578 4607 :
1613 4552 1733 4608 Non
1764 4560 1849 4609 est
1877 4554 2035 4609 nobis
2056 4552 2144 4609 hic

577 4647 830 4718 aliquid?
871 4646 1259 4716 Respondente
1314 4652 1499 4698 autem
1532 4644 1748 4698 altero:
1797 4643 1939 4709 Quid
1987 4637 2144 4698 nobis

580 4739 668 4791 hic
699 4747 865 4799 esset.
918 4752 1051 4797 cum
1072 4735 1313 4791 nondum
1347 4735 1536 4791 decem
1575 4734 1696 4789 dies
1727 4734 1838 4789 sint
1866 4750 1928 4789 ex
1968 4751 2078 4804 quo
2113 4750 2142 4787 a

577 4829 862 4883 latrocinio
913 4827 1219 4883 exercendo
1266 4842 1567 4883 conversus
1599 4827 1716 4881 sit?
1771 4842 1892 4884 enm
1945 4826 2142 4881 lectum

577 4918 911 4989 perscrutari
940 4921 1180 4989 aggressi
1211 4927 1415 4983 essent.
1452 4919 1523 4972 ibi
1558 4918 1838 4978 sudarium
1872 4933 1983 4988 quo
2013 4933 2144 4973 ocu-

578 5016 661 5067 los
694 5027 824 5067 suos
856 5011 1192 5066 absterserat
1233 5009 1528 5074 invenisse,
1583 5009 1728 5078 quod
1776 5024 1900 5062 cum
1938 5009 1992 5062 in
2029 5009 2145 5062 lano

578 5104 719 5155 cium
773 5101 995 5155 alteram
1070 5100 1367 5166 misissent,
1424 5096 1778 5154 descendisse
1830 5098 1973 5150 illam
2004 5112 2145 5167 qua:

583 5196 733 5262 prius
763 5194 947 5246 minus
981 5192 1267 5256 habuerat,
1317 5192 1530 5245 sublata
1587 5189 1758 5243 altera
1794 5187 1847 5242 in
1890 5172 2146 5257 qua'fue-

584 5295 706 5339 rant
742 5286 968 5348 chartze,
1002 5285 1234 5352 illasque
1268 5296 1460 5336 omnes
1502 5280 1778 5349 dispersas
1812 5279 2000 5355 fuisse.
2035 5278 2145 5333 Ex-

580 5374 883 5429 clamantes
935 5389 1064 5443 ergo
1105 5374 1360 5427 dixisse:
1420 5370 1559 5423 Vicit
1590 5370 1681 5423 Dei
1740 5369 2141 5432 misericordia,

579 5472 911 5535 acceptaque
940 5467 1116 5519 anima
1158 5478 1343 5519 secum
1374 5462 1548 5530 ipsam
1582 5461 1894 5521 abstulisse.
1927 5460 2140 5529 fugien-

583 5558 729 5614 tibus
755 5555 977 5627 Nigritis
1008 5558 1214 5625 pudore
1262 5566 1313 5609 et
1350 5552 1578 5608 tristitia
1617 5551 1845 5607 aﬂ'cctis.
1875 5552 2141 5624 Experre-

585 5655 703 5705 ctus
736 5664 863 5720 ergo
925 5649 1167 5706 medicus
1221 5647 1409 5705 statim
1452 5645 1519 5700 ad
1553 5645 1836 5701 latronem
1890 5645 2141 5711 tendens,

2242 4470 2384 4524 enim
2418 4465 2603 4540 [alias]
2629 4466 2949 4521 Hauricium
2986 4463 3219 4521 itontau.
3267 4464 3658 4534 imperatore.
3696 4466 3797 4518 adi-

2244 4576 2326 4623 re,
2366 4564 2455 4626 ne,’
2487 4561 2534 4615 si
2578 4559 2861 4628 profectus
2892 4544 3126 4611 Hormo:
3159 4554 3224 4610 ad
3253 4555 3433 4626 ipsum
3461 4557 3681 4611 scribat
3710 4571 3800 4611 Ias

2242 4665 2271 4702 a
2309 4664 2369 4703 se
2400 4648 2624 4718 fugisse.
2655 4647 2815 4703 nobis
2843 4644 3250 4717 quodminime
3270 4645 3534 4701 vellemus
3570 4649 3797 4700 accidat.

2245 4741 2471 4794 Revetsi
2502 4754 2634 4810 ergo
2676 4739 2743 4793 ad
2775 4737 3105 4793 llormozum
3146 4736 3325 4805 ipsum
3369 4725 3798 4795 interfecerant.

2242 4834 2366 4885 dein
2406 4832 2474 4886 ad
2520 4830 2743 4886 Cesram
2774 4829 3068 4883 redeuntes
3101 4842 3209 4881 una
3243 4842 3369 4882 cum
3406 4828 3531 4896 ipso
3571 4830 3796 4897 preteeti

2244 4929 2376 4976 sunt
2408 4921 2583 4976 donec
2618 4920 2687 4973 ad
2728 4918 3118 4989 monasterium
3156 4916 3431 4985 quoddam
3461 4916 3523 4969 in
3554 4919 3646 4969 via
3670 4926 3794 4986 per-

2244 5014 2563 5077 venientes,
2592 5010 2664 5065 ibi
2691 5010 3046 5064 direrterent.
3092 5006 3249 5061 lianc
3283 5008 3463 5061 autem
3528 5005 3681 5062 facto
3715 5024 3794 5061 su-

2244 5114 2611 5178 pervenerunt
2660 5103 2795 5173 ipsis
2838 5103 3051 5172 equites
3079 5114 3219 5169 quos
3260 5099 3325 5153 ad
3357 5099 3512 5168 ipsos
3554 5116 3793 5169 quaren-

2242 5200 2345 5254 dos
2405 5200 2626 5252 miserat
2693 5193 2920 5248 Baltram
2982 5192 3171 5256 Suuir,
3234 5189 3433 5258 quibus
3493 5191 3792 5256 conspectis

2196 5357 2200 5362 ‘
2246 5290 2585 5345 moriendum
2630 5287 2733 5342 sibi
2770 5272 3008 5338 'mininte
3048 5280 3390 5336 dubitarunt.
3439 5278 3591 5333 Dixit
3646 5283 3791 5351 igitur

2246 5383 2353 5437 iilis
2400 5380 2583 5434 Nahda
2622 5395 2637 5433 :
2690 5373 3103 5433 Proficiscimini
3137 5386 3257 5435 vos.
3290 5386 3376 5425 me
3400 5386 3546 5439 pone
3573 5372 3787 5432 relicto;

2244 5488 2347 5543 ego
2373 5486 2471 5527 vos
2496 5471 2777 5539 indemnes
2802 5465 3089 5537 praestabo.
3128 5463 3461 5516 Consccnsis
3491 5478 3628 5532 ergo
3645 5462 3785 5528 equis

2245 5550 2320 5617 illi
2363 5564 2417 5616 in
2456 5560 2648 5615 itinere
2682 5563 3067 5627 perrexerunt.
3089 5552 3357 5621 iussitque
3378 5551 3570 5608 Nabda
3606 5553 3784 5623 iniu»

2246 5663 2356 5703 rem
2397 5647 2715 5703 monasterii
2755 5652 2971 5715 portam
3001 5640 3271 5697 claudere.
3306 5639 3648 5697 Act-edentes
3690 5651 3781 5695 aa-
