3962 6344
106 350 219 418 1081

1492 360 1853 427 ANNALES.
1906 423 1924 429 η.

3140 349 3277 418 1082

102 478 195 524 rem
223 466 429 535 equites
452 467 841 521 monasterium
872 467 1370 537 circumdederunt,
1392 472 1458 527 ad
1482 489 1622 543 quos
1654 474 1694 531 Δ
1725 474 1966 543 impellat
1992 474 2156 543 hujus
2189 472 2434 527 mulieris
2462 470 2717 526 ducenda:
2747 484 2898 525 amor
2922 509 2937 535 ,
2971 476 3030 523 ut
3057 467 3277 523 deseras

96 560 379 616 ascendens
421 556 628 623 Nahda,
673 559 812 613 Dicit
859 562 1013 616 vobis
1036 563 1254 632 (inquit)
1284 563 1471 625 Cesra,
1520 566 1623 619 Sn-

97 668 205 706 tuus
231 666 327 703 nos
363 650 416 701 in
453 650 705 705 manibus
736 653 932 708 vestris
967 653 1127 726 204
1167 657 1307 725 quod
1334 657 1385 710 si
1414 659 1623 725 placeat

93 742 235 795 vo'ais
292 738 449 793 nobis
490 743 805 806 permittere
870 751 927 798 ut
989 746 1246 815 reliquam
1298 746 1465 815 hujus
1516 748 1620 802 diei

93 841 282 901 partem
323 830 408 883 bie
447 831 834 901 transigamus.
873 818 1069 890 facite:
1123 836 1228 891 illis
1277 840 1379 892 hoc
1421 853 1622 893 conce-

91 920 351 981 dentibus,
394 920 712 977 adveniente
760 934 912 980 nocte
939 941 1156 981 rursum
1212 927 1515 982 ascendens
1538 936 1620 981 at-

89 1023 186 1075 que.
243 1006 372 1075 ipsis
416 1009 905 1079 ‘appropinquans,
976 1012 1120 1069 Dicit
1193 1014 1417 1084 (inquit)
1466 1009 1621 1069 vobis

88 1098 278 1152 Cesra:
328 1096 545 1167 Magnas
577 1101 730 1167 vobis
761 1105 962 1172 gratias
1006 1120 1144 1173 ago,
1172 1096 1317 1174 quod
1360 1105 1412 1160 si
1444 1105 1648 1159 visum'

86 1188 232 1241 vobis
288 1186 447 1242 l‘nerit
486 1199 540 1244 et
579 1193 924 1247 tenebrarum
978 1203 1369 1248 nocturnarum
1415 1210 1619 1248 moram

87 1280 233 1333 nobis
259 1280 555 1335 concedere
583 1298 755 1352 usque
779 1285 845 1337 ad
873 1299 1150 1350 auroram,
1183 1292 1297 1339 tum
1322 1286 1523 1355 egressi
1554 1285 1621 1338 ad

85 1384 172 1423 vos
207 1385 312 1424 una
348 1370 643 1440 profecturi
680 1389 909 1429 sumus:
953 1374 1097 1444 quod
1132 1375 1295 1431 etiam
1319 1376 1621 1431 concedens

86 1461 213 1515 tibus
254 1461 424 1529 ipsis.
462 1477 566 1515 non
612 1460 815 1517 destitit
862 1461 1043 1520 Nabda
1073 1468 1260 1522 eodem
1290 1467 1452 1522 modo
1496 1482 1619 1521 cum

84 1552 175 1606 illis
215 1567 374 1621 agere
401 1553 574 1608 donec
628 1555 790 1610 sciret
821 1555 1041 1611 Cesram
1074 1559 1355 1627 ipsiusque
1392 1558 1621 1613 comites

91 1646 300 1697 multum
352 1639 406 1697 in
456 1644 650 1699 itinere
679 1649 1049 1714 promovisse,
1097 1656 1152 1705 et
1179 1648 1244 1703 ad
1283 1657 1478 1703 terram
1522 1650 1622 1704 ali-

82 1746 227 1801 quam
275 1731 621 1802 longinquam
674 1735 982 1802 pertigisse.
1013 1735 1151 1790 Tum
1202 1752 1331 1791 vero
1365 1736 1616 1792 Baliranti

79 1822 259 1878 nulites
355 1823 631 1891 quomodo
662 1840 784 1879 cum
823 1826 972 1894 ipsis-
1011 1840 1101 1881 res
1141 1827 1365 1881 haberet
1413 1826 1617 1881 certio-

72 1929 152 1987 res
179 1911 325 1967 fecit.
357 1912 459 1979 Qui
492 1912 625 1983 ergo
663 1916 838 1984 ipsum
898 1905 1138 1971 vinctum
1183 1918 1248 1972 ad
1290 1917 1615 1972 Babrammn

74 2002 389 2069 deterentes,
425 2004 554 2072 quid
605 1997 739 2074 ipsis
766 2005 1084 2076 contigisset
1124 2016 1440 2061 narrarunt.
1493 2006 1617 2077 Ipse

73 2109 189 2146 vero
220 2093 379 2148 valde
432 2094 580 2147 illum
614 2098 846 2150 miratus
874 2097 927 2150 in
957 2084 1179 2152 carcere
1217 2097 1447 2152 detineri
1500 2097 1617 2171 jus-

68 2188 128 2236 sit
164 2184 591 2255 apudgcnerum
628 2187 915 2255 quemdam
954 2204 1109 2243 suum
1138 2190 1354 2256 nomine
1382 2188 1611 2242 Babram

52 2274 173 2329 »ειηι
228 2276 481 2329 Siachusi
504 2277 650 2339 {ille
680 2292 808 2331 vero
844 2278 1159 2347 pertrahere
1188 2280 1353 2346 empit
1404 2278 1613 2332 B‘slll'a'
1644 2317 1649 2322 -

66 2380 201 2416 tnutn
231 2364 549 2429 praedictum
590 2365 658 2419 'ad
688 2366 1006 2434 obsequium
1036 2367 1235 2428 (ἔρειδε,
1261 2370 1330 2420 ab
1377 2366 1613 2421 amicitia

63 2468 183 2507 vero
210 2454 400 2507 Suniri
420 2455 757 2518 abstrahere,
790 2455 976 2509 dicens
1012 2454 1115 2524 ipsi
1146 2473 1159 2509 :
1206 2454 1484 2509 Suaserim
1511 2470 1613 2523 ego

62 2544 151 2598 tibi
203 2553 263 2597 nt
297 2560 396 2614 per
432 2543 655 2600 insidias
698 2545 963 2599 Sunirum
990 2560 1021 2599 e
1053 2545 1232 2599 medio
1281 2544 1463 2609 tollas,
1502 2560 1612 2613 quo

60 2647 212 2703 pacto
251 2649 503 2704 magnam
544 2636 683 2704 apud
720 2634 941 2691 Cesram
974 2637 1200 2705 gratiam
1241 2636 1477 2692 initurus
1504 2651 1606 2691 es:

57 2740 152 2779 nec
182 2725 401 2779 destitit
441 2725 541 2778 hac
565 2726 632 2779 de
684 2741 742 2779 re
774 2726 1023 2780 nuntium
1048 2734 1170 2795 post
1203 2727 1455 2780 nuntium
1482 2726 1607 2781 mit-

56 2824 166 2867 tere
195 2816 374 2867 donec
416 2829 510 2868 cor
551 2814 721 2882 ipsius
769 2813 1030 2880 flexisset,
1071 2815 1208 2868 adeo
1262 2826 1317 2869 ιιι
1349 2815 1606 2869 Sunirum

54 2905 362 2958 intertleere
392 2916 679 2959 conaretur
702 2920 718 2969 ;
744 2906 886 2973 quod
917 2921 1035 2956 eum
1063 2904 1406 2973 percepisset
1438 2904 1602 2958 Suni-

54 3012 143 3050 rus
173 2997 353 3050 occidi
397 2996 570 3065 ipsmu
608 2996 793 3064 jussit.
827 2994 984 3066 Fugit
1014 3006 1193 3051 autem
1236 2997 1425 3051 Nabda
1466 2996 1604 3050 adeo

1726 564 1857 618 illud
1884 564 2031 633 quod
2059 563 2287 633 professi
2324 572 2448 619 sunt
2483 562 2667 631 patres
2699 562 2775 615 tui
2800 578 2820 625 η,
2852 576 2976 613 cum
3016 568 3275 629 praeterea

1724 671 1824 711 nec
1849 655 1923 709 sit
1954 655 2145 722 religio
2171 654 2478 708 Christiana
2507 667 2571 705 es
2604 666 2762 719 quam
2814 661 2895 702 ιιι⁸
2924 650 3272 715 amplectar-is

1725 741 1959 810 probare
1989 755 2283 809 possumus
2310 761 2323 795 :
2354 757 2477 794 cum
2504 739 2803 795 Christiani
2841 738 3106 807 finditragi
3140 740 3271 799 sint,

1722 848 1825 888 nee
1868 832 2033 886 verbo
2078 832 2318 901 ipsormn
2364 833 2496 889 lides
2533 832 2777 886 adhiberi
2813 832 3001 899 possit.
3034 830 3123 885 Ille
3148 843 3274 884 vero

1727 925 1822 978 ubi
1851 922 2200 996 Christianus
2226 920 2403 977 factus
2424 932 2530 982 est.
2563 923 2781 991 scriptis
2807 921 3011 976 litteris
3031 920 3098 975 ad
3128 919 3276 973 Slau-

1728 1013 1923 1068 riciuin
1960 1012 2135 1081 ipsum
2167 1010 2286 1079 ejus
2318 1010 2397 1065 rei
2424 1010 2712 1064 certiorem
2746 1008 2895 1072 fecit,
2929 1010 3024 1077 qui
3055 1021 3186 1076 ergo
3214 1005 3278 1057 ti-

1724 1105 1851 1159 liam
1879 1118 2033 1159 suam
2057 1104 2120 1154 ad
2155 1102 2328 1171 ipsum
2365 1100 2512 1155 misit
2532 1114 2651 1153 eum
2682 1098 2798 1151 auri
2824 1108 2878 1152 et
2892 1098 3098 1166 argenti
3121 1096 3275 1163 copia

1720 1209 1843 1263 quae
1870 1192 1975 1248 dici
2023 1207 2127 1246 non
2163 1200 2337 1262 potest
2364 1233 2381 1257 ,
2404 1180 2631 1258 unaque
2676 1204 2801 1243 cum
2851 1188 3196 1257 supellectilis
3222 1195 3278 1238 et

1722 1283 2047 1339 famulorum
2096 1298 2159 1336 ac
2192 1282 2510 1336 ancillarum
2531 1280 2790 1335 comitatu
2815 1277 3027 1347 qualem
3050 1291 3081 1328 a
3100 1275 3189 1330 tali
3208 1276 3275 1329 ad

1721 1374 1882 1429 talem
1905 1372 2041 1427 mitti
2065 1372 2297 1427 deceret.
2340 1370 2585 1440 Apervviz
2620 1370 2784 1424 Cesra
2811 1375 2993 1421 autem
3027 1365 3151 1420 illos
3181 1365 3273 1433 qni

1720 1474 1924 1535 patrem
1997 1478 2153 1517 suum
2212 1462 2593 1516 interfecerant
2644 1460 3027 1530 prehendens,
3078 1456 3277 1525 ipsese

1722 1556 1899 1610 medio
1944 1554 2184 1609 sustulit.
2227 1552 2500 1608 Interfecit
2565 1550 2804 1606 Nabdam
2867 1559 2922 1604 et
2955 1547 3273 1603 Nustamnm

1719 1644 2016 1698 avunculus
2036 1659 2190 1706 suos,
2209 1652 2321 1696 tttm
2344 1651 2394 1697 et
2429 1642 2675 1696 subditos
2697 1655 2824 1695 suos
2875 1638 3161 1708 tyranniee
3179 1651 3268 1687 re-

1720 1749 1845 1804 gere
1871 1734 2115 1803 maleque
2139 1740 2373 1787 tractare
2418 1732 2619 1799 incepit
2649 1747 2665 1795 ;
2697 1728 3076 1799 eongessitque
3108 1741 3270 1795 opttut

1722 1825 1845 1895 plus
1861 1840 2020 1895 quam
2043 1830 2255 1893 patrum
2274 1822 2445 1891 ipsius
2461 1822 2729 1890 quispiam
2742 1826 3122 1887 congesserat,
3135 1830 3276 1869 stun-

1720 1917 2018 1987 ptibusque
2032 1915 2295 1982 pepercit,
2317 1912 2581 1982 depositis
2609 1911 2902 1978 nobilibus.
2925 1924 2990 1962 ac.
3012 1909 3272 1987 principi-

1694 1985 1819 2063 bus
1840 2008 1905 2063 ad
1931 2007 2279 2076 ignominiam
2314 2005 2568 2060 redactis.
2608 2003 2775 2056 Porro
2806 2000 2949 2069 quod
2972 2000 3051 2052 ad,
3071 1985 3271 2052 Mauri-

1715 2101 1859 2153 cium
1889 2098 2260 2153 Romanorum
2298 2098 2705 2165 imperatorem,
2743 2093 2845 2147 fuit
2874 2093 2975 2161 ipsi
3004 2092 3263 2153 famulus,

1715 2205 1872 2257 quem
1896 2191 2094 2245 amavit
2114 2197 2167 2242 et
2185 2191 2249 2242 ad
2272 2188 2587 2258 dignitatem
2611 2186 2808 2263 erexit,
2844 2185 3064 2239 nomine
3095 2183 3269 2239 Theo-

1714 2281 1901 2346 dorus,
1929 2280 2218 2350 aliquando
2237 2287 2414 2334 tamen
2438 2279 2539 2347 ipsi
2571 2278 2745 2332 iratus
2764 2279 3003 2346 graviter
3038 2290 3269 2343 percus-

1714 2376 1808 2440 sit,
1832 2366 1975 2428 unde
2011 2373 2066 2435 in
2101 2373 2251 2427 illum
2285 2373 2421 2425 iram
2440 2371 2626 2424 animo
2647 2369 2916 2437 concepit.
2943 2367 3259 2423 Fuiteiden:

1714 2464 2080 2538 [imperatori]
2126 2464 2476 2521 inter'duces
2538 2462 2709 2531 ipsius
2774 2461 2991 2530 quidam
3044 2459 3266 2512 nomine

1711 2556 1943 2621 Phocus,
1992 2558 2079 2610 cui
2113 2556 2286 2610 iratus
2324 2555 2443 2608 fuit.
2480 2554 2620 2607 Dixit
2667 2568 2797 2622 ergo
2842 2551 3050 2605 Phoeas
3096 2564 3266 2630 puero

1709 2644 2025 2707 Theodoro,
2060 2654 2344 2714 postquam
2380 2657 2631 2713 magnam
2686 2632 2793 2707 ipsi
2848 2640 3088 2710 pecunia:
3115 2654 3265 2692 Slltlt-

1708 2749 1851 2788 mam
1887 2733 2163 2809 dedisset:
2199 2732 2332 2786 Arte
2368 2730 2546 2799 aliqua
2592 2729 2763 2783 utaris
2801 2742 2906 2796 qua
2944 2725 3262 2782 Manricium

1707 2825 2013 2881 interﬁcere
2055 2813 2255 2897 possis.
2288 2820 2639 2893 209-311
2681 2818 2819 2873 Puer
2848 2834 3003 2881 ergo.
3046 2832 3153 2885 prae
3184 2821 3261 2870 Ira

1706 2929 1869 2983 quam
1913 2916 1966 2969 in
2009 2916 2189 2983 ipsum
2213 2912 2397 2988 ‘corde
2433 2913 2755 2972 retinuerat,
2793 2918 2950 2963 noctu
2986 2909 3265 2974 ingressos

1708 3007 1886 3077 ipsum
1936 3005 2235 3061 interfecit.
2260 3004 2545 3073 Imperium
2581 3010 2760 3056 autem
2795 3001 3082 3071 occupavit
3122 2999 3263 3053 Pho-

54 3095 109 3141 ut
136 3089 317 3155 ipsum
350 3088 568 3153 assequi
605 3103 709 3141 non
742 3097 944 3152 posset.
969 3087 1102 3142 Cum
1135 3103 1261 3142 vero
1281 3090 1610 3155 accessisset
1631 3103 1673 3162 ο
1706 3113 1819 3154 ρας,

50 3178 406 3248 205⁸207
432 3177 598 3232 Cesra
621 3179 685 3231 ad
720 3177 1038 3232 Mauricittm
1074 3180 1477 3247 imperatorem,
1514 3180 1604 3233 illo

46 3266 219 3334 ipsum
253 3256 495 3334 excepit,
528 3267 782 3335 misitque
805 3270 927 3322 cum
950 3268 1067 3337 ipso
1087 3269 1384 3323 exercitum
1412 3269 1601 3339 ingeno

46 3364 151 3410 tem
199 3360 297 3421 qui
336 3358 602 3411 auxilium
651 3356 759 3427 ipsi.
796 3356 985 3412 ferret.
1023 3357 1310 3414 Profectus
1349 3368 1434 3414 est
1473 3375 1602 3429 ergo

32 3446 204 3501 Cesra
239 3464 353 3502 una
384 3463 506 3502 cum
538 3447 708 3514 cupiis
733 3465 872 3518 quas
897 3466 1021 3503 cum
1048 3449 1168 3517 ipso
1201 3434 1423 3505 miserat
1445 3449 1598 3506 Mau-

42 3538 215 3593 ricius
272 3531 374 3608 p'er
419 3539 559 3592 viam
607 3532 878 3595 Armeniae
926 3556 1097 3615 usque
1126 3544 1250 3595 dum
1283 3543 1336 3595 in
1370 3542 1601 3597 Aderbi-

35 3630 127 3698 jan
180 3638 369 3685 castra
417 3639 717 3699 penei-ent,
762 3630 977 3685 obviam
1018 3632 1178 3688 etiam
1209 3634 1457 3688 veniente
1500 3634 1601 3704 ipsi

39 3720 312 3776 Babramo
366 3720 532 3776 Sunir
578 3721 752 3776 donec
783 3722 887 3793 ipsi
918 3723 1065 3778 eoin
1102 3724 1224 3791 loco
1262 3735 1603 3788 occurreret,

39 3809 141 3867 Ubi
169 3814 366 3880 prndio
395 3814 538 3867 inter
567 3812 715 3883 ipsos
747 3816 895 3884 gravi
941 3817 1264 3881 commisso,
1316 3818 1370 3872 in
1420 3816 1602 3886 fugam

36 3918 349 3958 conversus
401 3902 568 3957 Sunir
599 3920 774 3973 usque
813 3906 879 3960 ad
925 3905 1133 3963 Turcas
1173 3892 1435 3977 perrexit.
1482 3908 1601 3965 Non

35 3986 248 4049 destitit
280 4002 466 4047 autem
501 3994 670 4049 Cesra
723 4011 817 4065 per
850 3997 1085 4052 insidias
1128 4014 1290 4067 agere
1322 4000 1498 4065 donec
1528 4001 1601 4058 ibi

36 4084 490 4139 interﬁciendum
521 4096 793 4141 curasset.
1063 4156 1067 4160 }

100 4176 358 4247 Regnum
401 4192 531 4248 ergo
579 4180 865 4249 occupavit
903 4181 1069 4237 Cesra
1120 4181 1267 4238 lilius
1312 4181 1599 4248 Hormozi,

30 4267 125 4335 qui
158 4266 424 4335 Aperwiz
450 4271 870 4336 cognominatus
902 4281 1011 4337 est,
1043 4287 1217 4328 annos
1243 4274 1603 4343 triginta-nn-

31 4372 192 4425 vem',
253 4358 424 4428 idque
454 4374 598 4420 anno
640 4358 867 4427 imperii
899 4360 1180 4429 Mauricii,
1216 4362 1596 4438 'Romanorum

30 4448 413 4519 imperatoris.
459 4450 707 4519 septimo.
753 4448 1012 4508 Stabilito.
1037 4462 1218 4508 autem
1268 4454 1381 4522 jam
1432 4470 1597 4525 penes

27 4539 252 4613 Curam
304 4550 511 4609 regno.
548 4542 758 4596 remisit
796 4531 899 4597 'ille
966 4542 1232 4598 Mauricio
1282 4544 1597 4614 imperatori

25 4632 217 4699 copias
255 4646 415 4693 suos,
454 4645 548 4685 eas
579 4632 737 4686 donis
759 4641 826 4702 ct,
854 4635 1170 4690 muneribus
1199 4675 1214 4697 ,
1270 4650 1302 4690 o
1336 4646 1598 4705 praestan-

26 4720 263 4775 tissimis
285 4734 481 4775 eorum
513 4734 631 4789 quise
667 4735 695 4773 a
733 4721 827 4774 tali
859 4721 913 4775 in
950 4720 1084 4776 tales
1119 4713 1361 4777 conferri
1395 4724 1595 4786 solent,

24 4806 341 4861 instructas
397 4807 596 4863 dimitti
641 4806 865 4875 iubens.
930 4807 1166 4876 Scripsit
1227 4810 1451 4879 insuper
1528 4812 1592 4865 ad

22 4894 357 4949 Mauris-ium
384 4895 763 4962 imperatorem
797 4896 959 4950 tiliam
1008 4896 1202 4965 ipsius,
1240 4900 1457 4953 nomine
1481 4896 1594 4952 Ma-

23 4978 185 5049 tiai'n,
235 4987 314 5039 ab
369 4985 487 5054 ipso
534 4987 588 5039 in
637 5001 857 5040 uxorem
886 4996 1118 5056 petens:
1168 4988 1255 5041 cui
1314 4990 1595 5058 rescripsit

22 5075 337 5137 Mauricius
383 5076 547 5131 :Non
611 5078 738 5132 licet
788 5078 921 5132 mihi
976 5079 1142 5133 tiliam
1187 5094 1358 5134 meam
1405 5080 1502 5133 tibi
1537 5081 1590 5134 in

23 5183 256 5221 uxorem
320 5167 475 5231 dare,
535 5168 638 5223 nisi
688 5168 1000 5238 reiigionem
1056 5168 1423 5224 Christianam
1471 5184 1591 5224 am-

22 5259 287 5326 plectaris
320 5274 337 5309 :
368 5258 453 5311 cui
481 5274 729 5313 annuens
752 5258 918 5315 Cesra
960 5260 1438 5317 Christianismum
1472 5277 1590 5315 am»

22 5350 223 5419 plexns
254 5358 368 5411 est,
399 5352 745 5419 culpantibus
766 5354 942 5423 ipsum
977 5354 1287 5415 comitibus.
1324 5356 1588 5411 consilia-

19 5440 137 5503 riis,
176 5456 244 5494 ac
277 5439 514 5493 ducibus
545 5444 681 5507 suis,
712 5454 763 5496 et
788 5430 1131 5499 dicentibus:
1181 5442 1295 5500 Hoc
1327 5447 1589 5503 ct-nobis

20 5530 238 5601 tibique
281 5544 391 5603 una
460 5530 513 5582 in
552 5534 900 5599 opprobrium
936 5535 1131 5599 cedet;
1185 5551 1287 5591 nec
1344 5537 1415 5591 ita
1457 5536 1587 5592 fecit

18 5628 149 5679 ante
182 5634 242 5677 te
263 5621 541 5691 quispiam
571 5639 600 5677 e
630 5624 913 5679 Persarum
946 5626 1164 5696 regibus
1188 5629 1257 5682 ab
1284 5628 1585 5684 Azdasbiro

22 5712 127 5766 hoc
172 5726 361 5781 usque
405 5720 614 5783 tempus
658 5734 669 5766 :
725 5714 888 5786 ιω
947 5732 1011 5771 uc
1059 5730 1239 5773 autem
1277 5730 1325 5772 tc
1356 5718 1422 5772 ad
1464 5719 1591 5776 h.-:c'

1774 3186 2061 3255 Imperavit
2104 3202 2233 3256 ergo
2299 3187 2509 3241 Phocas
2559 3185 2819 3239 Romanis
2864 3190 2990 3238 octo
3041 3174 3254 3241 annos,

1702 3281 1866 3348 quue
1903 3294 2049 3335 anno
2104 3279 2255 3347 regni
2318 3278 2498 3333 (Σο-εγω
2538 3276 2824 3331 Persarum
2877 3275 3021 3345 regis
3053 3269 3262 3328 tleeim‘n

1702 3364 1917 3442 quinto.
1957 3368 2017 3425 In
2045 3369 2290 3425 Mauricii
2328 3369 2489 3427 etiam
2516 3367 2717 3422 liberos
2750 3381 2871 3421 cum
2905 3380 3100 3420 manus
3132 3363 3261 3428 inii-

1704 3462 1859 3527 eiens
1889 3460 2099 3515 Phocus
2130 3472 2227 3513 eos
2258 3458 2581 3519 trucidaret,
2614 3458 2798 3511 nutrix
2823 3455 3068 3524 ipsorum
3094 3470 3258 3506 unum

1704 3566 1894 3607 eorum
1922 3552 2253 3621 prehensum
2283 3547 2652 3610 abscondens,
2679 3546 2845 3600 tilium
2870 3545 2989 3614 ejus
3022 3545 3138 3598 vice
3164 3558 3260 3595 oc-

1704 3639 1998 3696 cidendum
2029 3638 2276 3694 tradidit.
2308 3636 2449 3692 Puer
2478 3638 2725 3693 iste'cum
2762 3635 3115 3699 adolevisset,
3146 3647 3259 3687 nio-

1705 3735 1915 3791 nacttus
1964 3733 2139 3787 tactus
2185 3731 2250 3802 in
2292 3737 2475 3784 monte
2516 3725 2683 3791 Sina,
2736 3717 2986 3782 mortuus
3034 3734 3140 3781 est.
3189 3726 3259 3779 At

1701 3807 2183 3887 Cesraﬂlormozi
2212 3820 2379 3884 titius,
2420 3818 2613 3873 audito
2642 3815 2963 3871 Mauricium
2990 3829 3112 3870 cum
3142 3829 3257 3867 om-

1704 3914 1864 3970 nibus
1888 3912 2063 3983 ipsius
2087 3910 2216 3966 tlliis
2253 3909 2597 3964 interfectum
2632 3922 2774 3968 esse.
2808 3904 3121 3968 convocatis
3157 3919 3250 3959 co-

1704 4005 1924 4061 mitibus
1966 4002 2082 4059 suis
2110 4002 2247 4056 dixit
2279 4001 2452 4071 ipsis:
2497 3996 2731 4053 Necesse
2757 3996 2887 4050 mihi
2927 4006 3012 4050 est
3038 4004 3096 4048 ut
3126 4010 3255 4049 san-

1701 4094 1919 4164 guinem
1967 4086 2300 4147 soceri‘mei
2348 4091 2642 4157 requiram,
2690 4088 2977 4156 ipsumque
3024 4085 3256 4139 ulciscar

1702 4182 2018 4253 (instigante
2074 4183 2141 4234 ad
2195 4182 2298 4236 hoc
2344 4181 2523 4250 ipsum
2564 4179 2796 4248 conjuge
2833 4178 3005 4246 ipsius
3053 4176 3251 4239 Maria,

1696 4272 1950 4349 Mauricii
1984 4271 2137 4339 lilia).
2177 4270 2274 4326 Cui
2305 4269 2705 4339 responderunt
2720 4270 3015 4324 consiliarii
3046 4271 3249 4338 ipsius:

1703 4361 1816 4418 Nos
1862 4370 2009 4417 certe
2059 4362 2153 4416 tibi
2209 4362 2443 4417 diximus
2506 4360 2981 4417 Chrisﬁauismec
3035 4371 3249 4430 paetum

1631 4430 1673 4485 θ
1697 4468 1822 4510 esse
1855 4469 1953 4508 nec
1984 4453 2164 4516 tidem,
2216 4468 2317 4507 nec
2354 4453 2571 4508 lmdus:
2620 4462 2677 4507 tu
2714 4467 2844 4508 vero
2876 4452 3034 4507 nobis
3063 4466 3249 4505 aurem

1698 4547 1939 4614 praebere
1973 4544 2194 4599 noluisti
2238 4561 2252 4597 :
2297 4545 2440 4614 quod
2486 4544 2531 4599 si
2566 4544 2674 4598 ulla
2704 4544 2838 4612 ipsis
2865 4542 3090 4598 [traderis
3117 4558 3247 4597 cura

1695 4638 1777 4692 vel
1802 4638 1933 4691 ﬁdes
1956 4636 2165 4702 fuisset,
2228 4651 2408 4705 regem
2429 4652 2588 4691 suum
2622 4650 2728 4689 non
2757 4636 3106 4690 occidissent.
3129 4633 3245 4688 tam

1694 4744 1823 4785 vero
1872 4728 1985 4797 regi
2022 4715 2154 4783 illud
2184 4728 2569 4790 indicabimus,
2596 4726 2738 4796 quod
2774 4726 2821 4781 si
2856 4724 3245 4787 fecerit,corda

1695 4820 1829 4890 ipsis
1878 4818 2566 4881 intleetet.fundamentum
2592 4818 2870 4873 concutiet
2892 4857 2910 4881 ,
2946 4821 3010 4871 ‘et
3036 4816 3247 4883 religio-

1695 4928 1815 4968 nem
1851 4912 2094 4978 ipsorum
2138 4909 2205 4964 ad
2253 4909 2481 4965 nihilum
2502 4908 2759 4979 rediget;
2809 4908 2953 4979 quod
2986 4910 3090 4983 hoc
3121 4916 3244 4968 est;

1677 5004 1754 5057 ἰιι
1789 5016 1911 5054 cum
1944 5002 2014 5055 sit
2040 4999 2174 5068 ipsis
2201 4999 2397 5053 domus
2439 4996 2831 5069 Hierosolymis
2858 5014 3018 5068 quam
3063 5001 3242 5067 magni

1693 5088 1925 5154 faciunt,
1970 5088 2196 5142 u‘tittens
2244 5090 2417 5155 ipsam
2463 5088 2678 5152 diruas,
2697 5074 2880 5156 utpote
2918 5102 3021 5155 qua
3064 5088 3243 5141 diruta

1689 5164 2106 5233 inﬁrmabuntur
2132 5178 2371 5246 ipsorum
2401 5177 2563 5237 vires.
2591 5184 2649 5251 et
2670 5177 2723 5227 in
2768 5184 3134 5244 contemptum
3160 5192 3241 5229 re-

1672 5264 2255 5339 ‘digetttr‘impcriuut.
2539 5267 2684 5320 Misit
2732 5281 2863 5335 ergo
2916 5282 2946 5321 e
3006 5256 3237 5320 dttéiblts

1688 5358 1803 5416 Suis
1823 5359 2114 5431 quemdam
2146 5359 2362 5413 nomine
2403 5357 2894 5412 Chorswazaihum
2928 5354 3232 5424 Hierosoly-

1691 5466 1777 5504 ma
1799 5489 1815 5511 ,
1846 5440 1940 5519 qui
1973 5450 2089 5518 ipsa
2115 5455 2355 5503 vastaret
2395 5462 2411 5500 :
2455 5447 2622 5500 alium
2653 5447 2817 5500 etiam
2856 5446 2909 5499 in
2948 5442 3231 5513 Egyptum

1686 5550 1741 5594 et
1769 5539 2145 5595 Alexandriam
2170 5539 2259 5606 qui
2290 5536 2563 5593 ltotttanos
2591 5537 2665 5591 ibi
2700 5535 3034 5602 conquisitos
3062 5534 3232 5587 inter-

1688 5630 1892 5702 ﬁceret.
1967 5629 2080 5699 Ipse
2142 5628 2305 5683 (ἰθειέ
2379 5625 2896 5694 Constantinopolim
2953 5623 3223 5691 protectus

1683 5736 1802 5776 eam
1836 5718 2241 5791 quatuordecim
2287 5719 2445 5773 annis
2487 5717 2712 5772 obsidet.
2756 5714 2873 5769 Jam
2908 5729 3033 5768 vero
3075 5714 3233 5770 Clio?
