3962 6344
616 356 751 420 1083

607 470 951 537 rawaaihus
984 470 1305 523 Damascum
1326 464 1607 537 prolectus
1638 470 1810 538 ipsam
1841 470 2073 521 vastavit
2104 483 2166 519 ac
2191 464 2241 523 Δ

609 563 911 616 incolarum
954 561 1102 614 bona
1142 559 1372 628 diripuit
1418 575 1434 612 :
1482 559 1678 612 deinde.
1730 574 1854 611 cum
1914 558 2170 613 "ieroso-

613 632 1054 723 lyntaitenderet
1100 652 1415 719 congregati
1470 658 1598 704 sunt
1657 651 1721 703 ad
1773 652 1948 718 ipsum
1998 648 2167 704 Judaei

610 745 906 813 (quotquot
958 744 1013 797 in
1064 743 1388 809 Tiberiade,
1435 752 1625 801 monte
1647 743 1904 803 Galila'ae.
1944 744 2175 797 Nazare-

614 839 730 901 tha,
777 838 1132 907 partibusque
1156 836 1535 903 adiacentibus
1564 834 1768 904 erant),
1823 852 1887 890 ac
1918 834 2174 890 "ieroso-

615 928 758 995 lyma
787 926 1014 996 profecti
1052 928 1236 981 Persis
1263 927 1315 979 in
1337 927 1553 991 templis
1586 926 1871 980 diruendis
1903 928 2171 982 Christia-

616 1016 814 1084 nisque
859 1008 1396 1083 trucidandisinpeut
1461 1015 1724 1067 tulerunt.
1794 1015 2169 1085 Hierosolyma

614 1109 782 1175 igitur
829 1109 923 1162 ubi
972 1110 1331 1175 pervenisset,
1381 1110 1558 1178 primo
1604 1109 1846 1161 omnium
1882 1109 2171 1161 ecclesiam

611 1199 1042 1255 Cesmaniticatn
1084 1200 1274 1259 diruit.
1324 1216 1424 1254 nec
1456 1216 1562 1254 non
1611 1199 1904 1254 Ecclesium
1940 1188 2175 1262 "ciente,

613 1305 847 1358 quarum
874 1301 1111 1358 utraque
1150 1290 1205 1343 in
1244 1291 1391 1344 hunc
1418 1305 1592 1357 usque
1617 1288 1760 1343 diem
1798 1290 2038 1343 desolata
2070 1304 2175 1339 ma-

616 1389 727 1432 net.
764 1379 938 1432 Diruit
964 1380 1125 1433 etiam
1157 1380 1418 1434 ecclesias
1456 1380 1826 1445 Constantini,
1854 1380 2058 1438 Cranii.
2123 1388 2175 1432 et

617 1470 901 1539 Sepulcri;
951 1472 1003 1523 itt
1046 1473 1303 1525 Cranium
1333 1482 1386 1526 et
1415 1473 1734 1538 Sepulcrum
1766 1473 1965 1541 injecto
2011 1474 2133 1541 igne
2156 1510 2173 1535 ,

617 1561 909 1613 maximam
950 1564 1114 1616 etiam
1147 1565 1300 1617 urbis
1331 1574 1537 1632 Partem
1568 1564 1734 1616 diruit
1760 1602 1774 1625 ,
1825 1562 2031 1617 Jndzeis
2070 1581 2174 1617 una

617 1666 739 1705 Ctlm
789 1651 971 1705 Persis
1002 1652 1351 1709 Christianos
1401 1656 1719 1708 innumeros
1752 1655 2130 1707 occidentibus
2158 1673 2173 1709 :

618 1752 747 1827 sunt
778 1742 853 1794 illi
888 1743 1055 1796 occisi
1089 1744 1178 1811 qui
1206 1744 1593 1815 Hierosolymis
1620 1745 1884 1812 jacentitt
1914 1747 2030 1798 loco
2062 1745 2172 1798 bla-
2210 1782 2252 1839 Β

621 1820 755 1885 mela
807 1835 1095 1900 appellato.
1128 1834 1303 1890 Persze
1348 1846 1527 1889 autem
1562 1845 1849 1904 postquam
1904 1836 2174 1890 int-endis-

619 1928 763 1985 sent,
794 1930 1097 1976 vastassent
1134 1934 1189 1977 et
1247 1926 1597 1989 occidissent,
1637 1925 1836 1979 reversi
1862 1924 2176 1978 Zachariam

620 2014 983 2081 patriarchatn
1033 2014 1580 2086 Hierosolymitanum
1608 2032 1713 2071 una
1737 2031 1861 2070 cum
1898 2017 2021 2071 aliis
2046 2018 2180 2069 mul-

623 2105 691 2159 tis
739 2105 1013 2173 captivum
1057 2106 1423 2169 abduxerunt.
1483 2107 1708 2176 Liguutn
1764 2108 1925 2159 etiam
1976 2107 2178 2170 crucis,

613 2197 766 2265 'quod
805 2197 925 2249 loco
956 2190 1048 2249 illo
1071 2198 1361 2263 reliquerat
1388 2196 1587 2251 lie-lena
1622 2197 1963 2265 iutperatrix.
1992 2198 2171 2251 ahstu~

626 2286 801 2339 lerunt
841 2284 968 2354 (fuit
1012 2294 1191 2339 autem
1224 2287 1324 2355 pali
1358 2288 1537 2342 crucis
1577 2288 1761 2355 pars);
1802 2286 1945 2355 quod
1978 2296 2031 2342 et
2076 2303 2179 2341 una

624 2394 750 2433 cum
780 2378 1124 2447 2133215
1158 2381 1387 2448 captivis
1428 2380 1771 2446 deportatum
1828 2389 1909 2435 est
1955 2383 2008 2434 in
2058 2380 2187 2435 Per~

624 2471 782 2525 siam.
835 2460 987 2525 Dono
1020 2472 1187 2541 igitur
1238 2472 1356 2525 dari
1401 2473 1506 2527 sibi
1542 2487 1570 2525 a
1615 2472 1779 2528 Cesra
1833 2481 2025 2543 petens
2076 2474 2186 2529 Ila-

628 2563 730 2625 ria,
762 2562 1003 2616 Mauririi
1037 2564 1142 2617 filia
1168 2606 1183 2627 ,
1218 2564 1422 2633 lignum
1452 2567 1632 2618 erucis
1662 2575 1711 2619 et
1743 2565 2062 2621 Zachariam
2089 2584 2184 2636 pa-

627 2659 963 2720 triareltam,
1016 2659 1324 2727 multosque
1360 2673 1422 2710 ex
1470 2659 1536 2711 iis
1588 2658 1680 2725 qui
1722 2660 1916 2725 captivi
1966 2661 2184 2714 abducti

627 2761 779 2814 sunt,
818 2751 966 2818 ipsos
990 2752 1053 2802 ad
1092 2768 1150 2805 se
1190 2752 1410 2805 domum
1453 2768 1606 2806 suam
1646 2752 1876 2819 recepit,
1912 2746 2002 2805 tibi
2038 2770 2183 2807 tuan-

628 2853 836 2897 serttnt.
885 2842 1237 2911 Mortttusque
1276 2850 1359 2897 est
1390 2842 1682 2897 lacharias
1709 2884 1725 2909 ,
1772 2844 2080 2912 patriarcha
2135 2846 2186 2895 iu

629 2945 731 2999 rcp
757 2931 965 2985 ivitate.
988 2930 1277 3000 Postquam
1320 2944 1497 2987 autem
1534 2938 1779 3001 captivus
1805 2936 2068 2988 abductus
2106 2924 2183 2990 est

630 3021 927 3075 Zacharias
980 3023 1237 3076 cathedra
1287 3022 1770 3094 Hierosolymitana
1820 3025 2027 3093 absque
2092 3044 2188 3091 ιιτι-

632 3115 867 3168 ινὶιιιοιιιι
912 3115 1112 3168 mans't
1144 3129 1317 3170 annos
1353 3116 1676 3184 quindecim.

698 3205 875 3259 Porro
902 3222 1047 3259 anno
1067 3207 1280 3275 imperii
1312 3207 1508 3262 Phoce
1530 3215 1723 3274 quarto
1751 3206 1924 3261 factus
1951 3218 2034 3261 est
2068 3208 2191 3258 Ser-

638 3296 761 3364 gius
800 3296 1106 3355 pattiarclta
1122 3298 1784 3365 Coustantinopolitanus.
1814 3299 1903 3364 qui
1932 3297 1978 3349 bl
1999 3300 2191 3350 ιτοιιίιτι

627 3388 761 3446 j‘uit.
796 3390 949 3443 Sedit
977 3405 1151 3445 annos
1198 3392 1386 3460 viginti
1432 3393 1586 3445 duos.
1616 3392 1769 3445 Anno
1803 3392 2015 3458 imperii
2044 3392 2196 3460 ejus-

638 3482 759 3534 dem
791 3481 1039 3535 secundo
1070 3485 1404 3537 constitutus
1434 3493 1516 3537 est
1543 3482 1861 3536 Theodorus
1886 3482 2192 3552 patriarcha

639 3573 1059 3639 Alexandrinus;
1090 3574 1183 3643 qtti
1215 3590 1339 3627 cum
1371 3575 1514 3629 duos
1545 3590 1717 3629 annos
1760 3573 2011 3632 sedisset,
2047 3588 2194 3639 tuor-

639 3677 771 3720 tutts
803 3674 908 3720 est.
940 3667 1095 3721 Auno
1124 3667 1331 3733 imperii
1373 3667 1613 3734 ejusdem
1643 3676 1836 3734 quarto
1862 3665 2197 3718 constitutus

638 3767 722 3812 est
750 3756 989 3812 Joannes
1035 3757 1340 3813 Ilisericurs
1392 3756 1696 3825 patriarcha
1752 3756 2190 3818 Alexandrinus;

640 3866 813 3904 annos
838 3850 1022 3904 decem
1052 3849 1213 3910 sedit.
1239 3849 1362 3903 dein
1399 3856 1647 3902 mortuus
1690 3857 1795 3903 est.
1824 3846 2190 3912 Cognoutina-

643 3950 733 3995 tus
758 3950 842 3995 est
873 3948 1055 3995 autem
1090 3930 1391 3995 Misericois
1449 3939 1569 3994 ideo
1607 3939 1750 4007 quod
1778 3939 1859 4006 (ut
1903 3936 2199 4004 narratur),

642 4047 1001 4102 cuuvgenere
1032 4032 1288 4103 Cypriota
1336 4038 1521 4095 esset,
1569 4029 1763 4083 viderit
1814 4030 1868 4081 itt
1908 4028 2197 4088 insomnio,

638 4142 819 4179 annos
862 4136 976 4178 tttttt
1025 4135 1183 4178 natus
1221 4122 1556 4191 quindecim,
1608 4121 1887 4173 mulierem
1928 4135 2050 4187 qute
2078 4118 2195 4185 pul-

644 4218 955 4273 eltritud‘tne
979 4217 1144 4270 solent
1178 4215 1424 4279 referret,
1456 4222 1745 4267 astantem.
1806 4209 1937 4275 Quae
1974 4209 2201 4278 (inquit)

648 4315 787 4365 latus
823 4310 952 4364 mihi
996 4309 1264 4379 pupugit;
1307 4321 1471 4375 quam
1507 4321 1629 4358 cum
1660 4300 2071 4371 expergefactus
2116 4301 2203 4353 in-

650 4418 852 4468 tuerer,
881 4400 990 4453 dixi
1021 4420 1034 4454 :
1060 4398 1166 4465 Tu,
1198 4412 1443 4465 quaenam
1471 4396 1568 4449 es?
1595 4405 1648 4448 et
1676 4390 1950 4462 quomodo
1976 4407 2109 4447 ausa
2144 4406 2203 4445 es

650 4498 716 4548 ad
745 4510 829 4548 me
911 4491 1021 4555 hoc
1114 4498 1354 4555 tempore
1392 4483 1693 4539 accedere?
1731 4484 1831 4535 fuit
1862 4490 2042 4535 autem
2092 4481 2195 4549 ipsi

651 4588 705 4641 itt
735 4586 909 4653 capite
937 4597 1139 4637 corona
1170 4580 1416 4648 oleagina
1439 4620 1455 4638 ,
1492 4576 1738 4643 Dixitque
1765 4590 1777 4625 :
1809 4573 1939 4626 Sum
1980 4589 2078 4641 ego
2120 4588 2210 4625 re.

652 4677 736 4745 gis
767 4676 897 4738 lilia,
926 4671 1069 4741 quod
1106 4671 1151 4723 si
1181 4684 1265 4722 me
1303 4668 1398 4721 tibi
1440 4666 1667 4718 amicam
1704 4661 1897 4717 feceris
1928 4661 1991 4714 ad
2026 4675 2203 4728 regem

654 4779 707 4820 te
748 4765 1112 4827 introducam;
1164 4775 1334 4826 neque
1381 4758 1527 4811 enim
1583 4756 1866 4823 quisquam
1914 4752 1979 4805 ad
2032 4751 2210 4819 ipsum

655 4860 796 4913 viain
850 4871 1001 4925 teque
1047 4860 1350 4905 monstrare
1395 4858 1570 4914 potest
1602 4862 1664 4899 ac
1706 4860 1840 4910 ego;
1892 4842 2057 4912 216
2090 4842 2211 4893 ideo

657 4951 866 5003 scilicet
890 4948 1017 5015 quia
1049 4960 1149 5013 ego
1182 4946 1358 5011 ipsum
1412 4942 1463 4994 iu
1514 4949 1713 4993 terram
1751 4936 1929 4997 traxi;
1987 4949 2082 5001 per
2127 4947 2214 4985 me

656 5042 800 5093 enim
831 5039 1056 5092 veniens
1088 5037 1404 5089 incarnatus
1440 5040 1542 5085 est.
1573 5044 1636 5082 ac
1665 5025 1912 5080 homines
1940 5021 2207 5075 liberavit.

656 5132 794 5185 Tum
830 5146 860 5184 a
896 5145 981 5183 me
1009 5127 1283 5182 discessit.
1324 5124 1430 5193 Ego
1459 5137 1607 5183 vero,
1662 5120 1738 5172 lié
1772 5132 1898 5169 vera
1933 5112 2200 5182 (inquam)

659 5232 742 5276 est
782 5224 895 5275 haec
928 5217 1317 5273 Misericordia.
1338 5214 1640 5281 Statimque
1673 5223 1899 5277 surgens
1932 5202 2213 5257 ecclesiam

568 5310 579 5322 ”
667 5314 832 5382 petii;
884 5327 991 5379 quo
1025 5311 1152 5365 dum
1194 5309 1505 5365 tenderent,
1555 5316 1682 5355 ecce
1735 5301 1786 5352 in
1842 5298 1927 5349 via
1980 5293 2217 5348 occurrit

669 5404 800 5455 mihi
832 5402 1148 5473 peregrinus
1180 5399 1398 5468 quidam
1429 5395 1607 5449 nudus
1650 5410 1664 5445 :
1699 5390 2002 5445 fuitautem
2048 5384 2217 5453 frigus

667 5500 979 5558 vehemens,
1020 5506 1334 5563 tempusque
1365 5490 1679 5544 hibernum:
1734 5498 1902 5553 quare
1928 5474 2218 5532 amiculum

670 5604 777 5654 qua
812 5587 1031 5639 indutus
1060 5600 1208 5638 eram
1270 5596 1477 5637 exuens
1519 5580 1622 5647 ipsi
1655 5576 1777 5629 dedi
1808 5591 1823 5637 ;
1856 5581 1965 5626 tum
2007 5585 2217 5623 mecum

674 5672 852 5732 animi)
884 5677 992 5729 dixi
1028 5691 1041 5725 :
1072 5675 1205 5727 Jant
1232 5675 1396 5727 sciant
1439 5681 1617 5723 tttrum
1666 5680 1853 5721 verum
1906 5662 2064 5715 fuerit
2117 5661 2221 5713 hoc

672 5768 815 5836 quod
847 5768 952 5821 vidi
993 5782 1186 5830 visunt,
1223 5781 1291 5815 an
1329 5782 1356 5815 a
1384 5762 1597 5815 diabolo
1628 5760 1806 5811 fuerit.
1851 5754 2092 5806 Nondutt:
2127 5768 2222 5805 au—

1582 352 1953 414 EUTYCIHI
2005 352 2544 415 ALEXANDRINI
2586 342 2856 417 eam.’
2942 344 2947 347 ’

3674 360 3769 427 tut

2268 476 2373 521 tem
2396 467 2462 520 ad
2490 469 2775 521 ecclesiam
2807 468 3123 538 perligeram
3149 483 3269 523 cum
3296 479 3582 526 assecutus
3604 487 3678 526 nte
3692 479 3772 542 qui.

2274 558 2423 623 dam,
2460 562 2545 613 cui
2582 568 2757 613 vestes
2788 560 3023 614 candore
3049 562 3206 614 niveo
3230 562 3403 625 erant,
3440 563 3569 615 inihi
3607 577 3773 620 rentum

2272 662 2466 703 aureos
2493 650 2729 703 traderet
2755 651 2832 719 (in
2862 652 3039 720 aliquo
3066 654 3359 720 exemplari
3387 652 3609 717 dicitur,
3632 656 3775 719 millet,

2272 742 2461 795 dicens
2490 758 2505 791 :
2533 742 2631 796 His
2656 744 2835 797 aureis
2861 746 3120 812 acceptis,
3168 748 3440 811 quomodo
3480 746 3573 799 tibi
3608 747 3778 800 libuerit

2276 839 2448 884 utere.
2492 833 2738 901 Cumque
2769 848 3067 888 conversus
3094 851 3267 890 essem
3299 848 3355 889 ut
3388 852 3483 891 eos
3514 837 3613 905 ipsi
3648 838 3775 889 redde

2276 936 2412 983 rem,
2435 923 2705 975 neminem
2738 923 2867 977 vidi.
2908 923 3023 977 Dixi
3059 940 3221 993 ergo:
3254 925 3460 981 Revera
3488 944 3592 980 non
3620 938 3696 982 est
3717 930 3784 982 hct

2277 1009 2500 1091 falsum.
2561 1011 2802 1067 Joannes
2872 1022 3049 1067 autem
3110 1015 3422 1071 Misericors
3475 1018 3787 1085 quodeunqnt

2276 1096 2516 1169 possedit
2541 1104 2594 1156 in
2631 1093 3027 1176 eleemosyuam
3074 1120 3302 1175 erogare
3327 1109 3521 1164 solitus
3549 1119 3635 1164 est
3658 1149 3673 1167 .
3697 1111 3791 1162 adet

2277 1202 2330 1243 ut
2361 1202 2557 1258 vestes,
2581 1196 2779 1263 quibus
2810 1196 3029 1251 indutus
3062 1209 3211 1259 erat.
3258 1214 3465 1253 exuens
3508 1203 3795 1269 pauperibus

2277 1284 2647 1348 distribueret.
2671 1288 2779 1341 imo
2798 1298 2847 1341 et
2863 1290 3150 1357 aliquando
3168 1301 3345 1345 vestes
3361 1307 3544 1345 sacras
3566 1295 3619 1343 in
3641 1295 3801 1359 quibus

2281 1390 2439 1429 sacra
2466 1377 2785 1443 celebraret,
2808 1396 2920 1449 pra
2949 1398 3158 1435 summa
3189 1398 3293 1450 qua
3320 1392 3439 1438 erat
3467 1384 3803 1436 misericordia

2279 1467 2412 1535 ipsis
2441 1470 2634 1533 daret;
2669 1471 3081 1539 appellatusque
3113 1481 3195 1525 est
3229 1470 3468 1526 Joannes
3512 1474 3806 1527 l‘sericnrs.

2349 1558 2520 1611 Porro
2550 1574 2694 1612 anno
2730 1561 2939 1628 imperii
2980 1562 3176 1615 Phorm
3210 1575 3362 1616 sexto
3393 1566 3724 1617 constitutus
3754 1577 3809 1613 rs!

2279 1649 2598 1705 Theodorus
2649 1653 2954 1719 patriarcha
3006 1650 3319 1713 Romanus;
3368 1655 3461 1721 qui
3503 1663 3615 1706 tres
3671 1670 3809 1707 annos

2280 1740 2438 1802 sedit,
2488 1740 2613 1793 dein
2668 1751 2916 1794 mortuus
2968 1752 3071 1795 est.
3112 1742 3247 1795 Cum
3300 1755 3478 1796 autent
3538 1755 3813 1798 vastassent

2280 1828 2457 1883 Persa:
2470 1833 2730 1887 ecclesias
2748 1833 3291 1903 "ierttsolytnilattas,
3313 1837 3484 1901 “5‘1"”

2283 1921 2407 1989 igne
2439 1924 2723 1977 succensis
2752 1922 3043 1977 rediisseut
3067 1964 3082 1987 ,
3122 1926 3421 1979 monachus
3454 1927 3677 1995 quidam
3706 1970 3720 1990 ,
3747 1934 3817 1989 qni

2282 2009 2335 2063 in
2373 2012 2705 2065 monasterio
2751 2012 3039 2066 Duwakesi
3071 1995 3233 2081 (quod
3274 2014 3415 2068 idem
3445 2025 3527 2067 est
3571 2027 3818 2069 monastc.

2284 2100 2423 2153 rium
2446 2100 2764 2169 Theodosii)
2790 2101 2910 2165 fuit,
2942 2105 3157 2157 nomine
3181 2103 3475 2169 Modestus,
3494 2107 3822 2174 ejusdemque

2283 2191 2592 2258 praefectus,
2621 2192 2851 2247 reversis
2890 2194 3017 2256 illis,
3049 2194 3315 2257 Ratnlam,
3354 2194 3721 2259 Tiberiadem,
3746 2197 3824 2267 Ty-

2286 2298 2429 2343 rum,
2454 2292 2507 2335 et
2537 2282 2855 2334 Damascum
2890 2282 3162 2349 profectus
3184 2284 3528 2340 Christianos
3563 2295 3624 2339 ut
3650 2287 3829 2356 aliquid

2286 2373 2555 2425 donantes
2586 2388 2741 2440 opem
2780 2373 2881 2441 ipsi
2921 2374 3122 2428 ferrent
3148 2389 3256 2444 quo
3298 2376 3560 2430 ecclesias
3590 2377 3825 2432 Hieroso~

2288 2463 2572 2531 lymitanas
2603 2477 2741 2529 quas
2770 2463 3047 2516 diruerant
3098 2462 3278 2518 Persa:
3312 2465 3670 2527 instauraret,
3703 2482 3834 2533 roga-

2285 2556 2403 2607 vit:
2446 2555 2641 2621 quiltus
2684 2556 3018 2614 donantibus
3052 2570 3350 2623 magnaque
3384 2570 3545 2623 opum
3589 2560 3642 2607 vi
3692 2560 3834 2612 colle-

2288 2656 2372 2697 cta
2400 2646 2771 2712 Hierosolyma
2800 2660 3073 2709 reversus,
3100 2648 3358 2699 ecclesias
3384 2646 3839 2711 Resurrectiouis,

2291 2737 2536 2806 Sepulcri
2564 2780 2581 2801 ,
2612 2738 2795 2790 Cranii
2832 2748 2881 2789 et
2918 2739 3106 2791 Sancti
3144 2736 3484 2791 Constantini
3540 2741 3840 2796 exstruxit.

2289 2844 2351 2881 ea
2385 2844 2506 2896 qua:
2532 2828 2642 2896 jam
2672 2838 2846 2881 exstat
2879 2827 3103 2883 fabrica.
3128 2828 3373 2896 Cumque
3398 2828 3668 2883 andiisset
3693 2828 3839 2883 Joan-

2290 2935 2388 2973 nes
2441 2918 2753 2972 Misericors
2821 2920 3162 2974 Alexandria:
3204 2920 3505 2987 patriarcha
3549 2916 3843 2975 Ilu'esttnu

2290 3011 2549 3063 ec-lcsias
2597 3024 2627 3062 a
2681 3009 2861 3063 Persis
2926 3009 3135 3063 dirutas
3192 3011 3526 3073 instaurare,
3562 3011 3721 3064 misit
3757 3011 3845 3077 ipsi

2223 3108 2265 3163 ο
2296 3097 2538 3170 juménta
2575 3102 2741 3165 mille,
2767 3115 2957 3154 saccos
3002 3100 3253 3153 frumenti
3294 3101 3472 3163 mille,
3517 3102 3844 3170 leguminum

2293 3194 2463 3257 mille,
2509 3193 2698 3245 muria:
2726 3193 3017 3261 amphoras
3047 3191 3222 3255 mille,
3260 3192 3366 3244 vini
3418 3191 3585 3255 mille,
3628 3190 3761 3246 ferri
3790 3194 3847 3241 li-

2294 3286 2422 3340 bras
2454 3285 2619 3347 mille,
2647 3300 2767 3339 cunt
2805 3284 3071 3352 operariis
3103 3283 3267 3337 mille.
3314 3282 3713 3336 Cltarawazaib
3751 3296 3841 3334 an-

2294 3386 2424 3436 tem.
2452 3376 2543 3429 ubi
2580 3373 2951 3442 Hierosolyma
2976 3380 3265 3446 vastasset,
3294 3370 3582 3441 .‘Egyptum
3623 3380 3685 3424 et
3734 3372 3839 3423 Aie-

2294 3468 2574 3523 xandriam
2617 3466 2791 3535 petiit.
2844 3464 3081 3520 Joannes
3115 3478 3242 3532 ergo
3298 3460 3610 3517 Misericors
3662 3462 3843 3513 auiim

2296 3558 2493 3610 Persas
2522 3553 2905 3608 Alexandriam
2942 3553 3186 3614 tendere,
3220 3564 3328 3619 pra:
3372 3557 3519 3603 metu
3573 3564 3691 3601 una
3741 3564 3851 3602 cum

2293 3647 2546 3717 patrii-io,
2591 3646 2685 3713 qui
2733 3644 3073 3697 Alexandria:
3107 3641 3339 3717 pratfnit.
3374 3643 3602 3696 nomine
3624 3639 3843 3701 Niceta,

2295 3714 2530 3809 Cyprum
2563 3737 2719 3807 fugit.
2761 3737 3009 3806 Cumque
3038 3714 3273 3806 Cyprum
3306 3733 3697 3802 pervenissent
3721 3772 3738 3790 .
3784 3749 3856 3783 ro—

2298 3831 2447 3899 gavit
2480 3832 2662 3898 ipsum
2695 3826 2913 3882 Hicetas
2950 3836 3007 3881 ut
3052 3841 3157 3879 una
3196 3814 3380 3880 secum
3404 3825 3859 3895 Constantinopo-

2299 3922 2392 3973 lim
2434 3920 2502 3973 ad
2530 3919 2764 3975 Pbocam
2800 3918 3188 3986 imperatorem
3225 3917 3507 3987 profectus
3545 3918 3740 3986 ipsum
3784 3932 3857 3969 sa-

2299 4018 2516 4075 lutaret,
2577 4021 2897 4081 rogaretque
2976 4006 3199 4080 [Dent-1
3248 4016 3308 4062 ut
3351 3988 3646 4063 obsidione
3682 4023 3787 4079 qua
3834 4022 3857 4057 a

2300 4108 2482 4162 Persis
2528 4108 2829 4170 urgebatur
2862 4104 3038 4179 ipsum
3072 4102 3357 4156 liberaret.
3402 4093 3541 4153 Dum
3579 4110 3772 4153 autem
3815 4100 3859 4149 is

2302 4197 2439 4250 mari
2488 4196 2828 4263 navigarent,
2866 4192 3000 4245 vidit
3045 4190 3283 4245 Joannes
3315 4186 3633 4243 Misericors
3681 4190 3740 4241 in
3785 4187 3861 4240 in.

2314 4289 2530 4344 somnio
2575 4295 2843 4341 astantem
2902 4285 3003 4339 sibi
3031 4283 3193 4354 220
3224 4297 3439 4337 servum
3465 4278 3669 4335 dicere
3704 4298 3723 4335 :
3764 4279 3861 4332 flrx

2305 4380 2543 4436 celestis
2572 4379 2669 4432 tibi
2709 4376 2929 4446 propior
2956 4385 3039 4429 est
3064 4389 3225 4443 quam
3254 4386 3347 4425 rex
3377 4371 3690 4425 terrestris.
3715 4369 3865 4425 Joan-

2312 4488 2409 4526 nes
2427 4484 2556 4540 ergo
2570 4477 2919 4537 experrectus
2974 4466 3107 4519 dixit
3136 4462 3338 4517 Nieeta
3367 4480 3381 4513 :
3413 4460 3638 4516 Bedeas
3666 4474 3864 4515 meast

2312 4564 2366 4615 in
2392 4562 2654 4630 Cyprum,
2695 4572 2796 4623 ego
2825 4556 2967 4610 enim
3001 4554 3301 4607 moriturus
3330 4566 3473 4606 sum.
3502 4551 3765 4617 Cumque
3790 4563 3867 4602 re-

2310 4652 2450 4706 versi
2482 4659 2665 4705 esseut
2691 4649 2928 4718 Cyprum
2969 4645 3112 4698 diem
3154 4643 3327 4718 obiit.
3360 4650 3659 4711 postquam
3691 4641 3867 4694 cathe-

2307 4746 2463 4799 dram
2493 4743 2679 4797 decem
2728 4740 2887 4793 annis
2917 4744 3276 4805 occupasset;
3315 4733 3679 4803 sepultusque
3714 4740 3794 4786 est
3824 4732 3867 4782 ia

2310 4840 2430 4891 vico
2462 4835 2695 4904 quodam
2724 4832 2886 4901 Cypri
2930 4831 3073 4884 dicto
3103 4833 3413 4882 Asatancta.
3458 4824 3593 4880 Post
3649 4836 3865 4881 mortem

2312 4938 2491 4981 autem
2517 4924 2738 4979 Joannis
2768 4920 3128 4975 Hiscrieordis
3178 4917 3373 4971 mansit
3392 4917 3733 4969 Alexandria
3765 4914 3866 4969 sine

2317 5016 2651 5087 patriarcha,
2691 5028 2861 5066 annos
2889 5021 3119 5080 septem.
3156 5007 3256 5062 Ubi
3290 5022 3417 5060 vero
3441 5006 3761 5061 obsedisset
3784 5005 3869 5058 Ce-

2314 5126 2405 5163 sra
2431 5104 2984 5171 Constantinopolim,
3015 5116 3182 5155 vacua
3216 5099 3413 5151 mansit
3444 5096 3604 5167 Syria
3632 5097 3866 5173 exercitu

2317 5199 2707 5253 Romanorum.
2748 5194 2988 5247 Fuerunt
3021 5186 3201 5245 autem
3229 5189 3359 5260 Tyri
3399 5200 3644 5258 quatuor
3676 5187 3866 5243 ludas-

2317 5306 2435 5343 rum
2471 5286 2660 5340 millia.
2698 5284 2761 5337 Ili
2794 5283 2860 5337 ad
2889 5281 3101 5337 Judaaos
3137 5282 3226 5347 qui
3256 5280 3676 5349 Hierosolymis,
3704 5279 3867 5349 Cypri.

2318 5380 2595 5440 Damasci,
2628 5387 2680 5429 ct
2720 5377 2773 5428 in
2812 5384 2991 5427 monte
3032 5372 3261 5426 Calilan'e
3288 5382 3339 5424 et
3382 5369 3687 5424 Tiberiade
3712 5380 3867 5423 erant.

2319 5471 2679 5537 scripserunt,
2704 5475 2763 5516 ut
2799 5478 2989 5518 omnes
3025 5471 3181 5515 nocte
3233 5458 3518 5513 Paschalis
3540 5445 3867 5517 Cbriﬂiauo-

2324 5575 2443 5613 rum
2478 5553 2813 5625 congregati.
2839 5552 3181 5607 Christianos
3208 5552 3296 5617 qui
3336 5547 3463 5617 Tyri
3504 5558 3707 5601 essent
3745 5546 3846 5600 oeci

2325 5652 2541 5708 dercnt.
2578 5647 2772 5702 deinde
2804 5644 3169 5711 liicrnsolyma
3204 5640 3428 5711 profecti
3458 5654 3661 5693 omnes
3697 5640 3783 5708 qui
3813 5638 3863 5686 ibi

2325 5752 2505 5800 essent
2549 5760 2578 5793 c
2627 5739 2803 5793 medio
2851 5736 3119 5795 tollerent,
3171 5737 3464 5801 urbemun
3523 5736 3863 5800 occuparent
