3962 6344
520 228 525 233 “
546 239 683 314 ius?

1567 238 1951 299 surtcutt
1974 224 2504 317 summumst
2532 238 2754 301 PATR.

3648 242 3753 307 1088

559 346 687 399 illud
719 345 1005 415 habentes,
1028 361 1346 405 successum
1392 346 1497 420 ipsi
1540 340 1755 406 felieetn
1793 350 2125 421 eomprecati
2154 350 2199 406 Δ
2228 349 2497 421 asinoqne
2553 353 2776 409 clitellis
2831 338 3064 408 lustrato
3116 361 3330 409 vectum
3386 353 3751 421 conspexisset.

557 447 707 496 sunt.

629 530 915 586 lleraclius
948 544 1080 603 ergo
1114 534 1332 591 selectis
1361 551 1394 591 e
1424 535 1627 591 ducum
1660 536 1935 591 exercitus
1963 536 2116 592 Con-

559 622 1031 692 s'antinopolitani
1072 624 1387 682 fortissimis
1417 642 1487 682 ac
1514 623 2004 696 prastautissirhis,
2041 628 2154 682 ιιι--

561 724 646 767 tra
681 714 971 784 quinquies
1013 716 1161 771 tnille
1186 716 1358 779 viros.
1401 733 1545 787 quos
1577 734 1763 775 secum
1796 727 2124 783 assumeret,

555 806 877 877 paratisque
927 808 1161 863 navibus
1216 810 1422 877 quibus
1479 820 1591 866 tam
1647 812 1900 891 homines
1961 825 2126 881 quam

560 908 731 967 equos
768 897 991 954 veheret
1020 898 1495 970 Constantinopoli
1523 898 1973 971 Trapesuntium‘
2001 916 2127 973 pro-

562 988 771 1053 fectus,
808 989 885 1045 ibi
927 991 1197 1048 substitit.
1249 990 1831 1063 Collectisque'eeplis
1862 1006 1941 1048 ac
1986 990 2130 1048 datis

561 1078 832 1135 mandatis
861 1096 1021 1150 Opem
1056 1097 1085 1135 a
1132 1095 1256 1153 rege
1293 1082 1673 1140 Cboxarorum
1702 1086 1894 1155 petiit,
1935 1089 2131 1154 pactus

562 1168 635 1222 illi
683 1169 882 1224 solium
916 1171 1005 1225 cui
1041 1171 1307 1227 insideret
1332 1187 1458 1228 eum
1495 1174 1781 1231 consessui
1816 1172 2131 1244 palatil'iu-

562 1270 825 1323 teresset;
864 1278 965 1317 nec
1002 1279 1112 1318 non
1142 1279 1171 1317 a
1204 1280 1332 1333 rege
1366 1266 1429 1319 Al
1458 1264 1654 1335 Δῆμε,
1681 1267 1879 1322 collato
1908 1265 1985 1319 illi
2015 1264 2133 1321 dia-

562 1355 773 1411 tlemate
795 1372 906 1425 qtto
936 1358 1151 1423 quoties
1184 1358 1250 1412 ad
1274 1364 1593 1416 consesslm
1629 1359 1882 1413 eumdem
1908 1357 2134 1414 accede-

563 1455 643 1501 r‘et
679 1456 1008 1514 ornaretur;
1038 1458 1093 1502 et
1120 1462 1153 1503 a
1193 1462 1318 1525 rege
1347 1449 1411 1504 Al
1444 1450 1554 1504 San
1570 1449 1722 1505 aris;
1755 1450 1842 1504 cui
1887 1458 1944 1505 et
1971 1456 2131 1520 pacto

566 1540 759 1596 solium
804 1540 1075 1607 concessit
1105 1556 1216 1611 quo
1266 1542 1321 1595 in
1348 1541 1559 1597 eodem“
1575 1553 1837 1597 consessu
1880 1541 2129 1607 sederet;

566 1635 706 1688 unde
730 1648 797 1688 ex
829 1648 895 1688 eo
928 1643 1169 1701 tempore
1200 1632 1509 1703 appellatus
1534 1640 1623 1689 est
1652 1644 1747 1689 rex
1776 1634 1840 1689 Al
1867 1633 2130 1699 sanat-im,

568 1740 662 1779 rex
690 1723 826 1778 Solii
854 1713 1466 1795 [dominus]..Atqueita
1489 1734 1831 1793 comparatus
1856 1724 2134 1793 profectus

566 1828 645 1871 est
676 1817 730 1869 in
779 1818 1053 1885 regionem
1086 1824 1400 1871 montanam
1435 1815 1829 1886 Aspbabanum
1874 1831 2049 1883 usque
2079 1825 2135 1869 et

566 1908 711 1963 Ποῖ-(Ι
740 1919 794 1964 et
826 1909 1051 1979 Saporis
1086 1910 1300 1975 urbem,
1332 1924 1722 1980 quamcunque
1753 1894 2136 1979 ingrederetur

567 2002 752 2055 urbem
802 2001 943 2055 datis
994 2002 1301 2063 mandatis.
1348 2010 1405 2056 et
1457 1990 1703 2056 collectis
1749 2000 1945 2069 c0piis.
1974 1998 2135 2069 233

569 2090 887 2161 Ubicunque
932 2101 1116 2146 autem
1152 2092 1205 2145 in
1248 2092 1335 2146 via
1385 2092 1607 2146 obvium
1650 2090 1874 2144 haberet
1915 2090 2134 2144 Persam

567 2184 803 2254 aliquem
847 2185 1046 2247 virum,
1091 2181 1387 2246 feminam.
1419 2182 1505 2236 vel
1546 2197 1799 2251 puerum,
1831 2182 1971 2234 colla
2007 2180 2139 2249 ipsis

568 2275 830 2344 pmcidit.
862 2274 1029 2330 Urbis
1068 2290 1197 2329 vero
1244 2273 1468 2342 Saporis
1500 2273 1692 2329 incola:
1737 2273 1867 2328 visis
1906 2270 2137 2325 lleraclii

571 2358 919 2437 copiis,'cnnt
953 2378 1101 2423 metu
1139 2382 1337 2437 magno
1370 2367 1642 2436 perterriti
1680 2379 1895 2426 essent.
1928 2381 1985 2420 se
2019 2381 2141 2417 mu-

569 2461 783 2514 nientes
814 2459 878 2512 ad
912 2467 1095 2529 portas
1119 2458 1411 2536 machinas
1436 2468 1488 2513 et
1518 2448 1767 2513 ballistas
1797 2465 2136 2512 statui-runt:

572 2566 709 2621 quos
734 2551 950 2620 aliquot
980 2550 1176 2623 diebus
1196 2549 1338 2604 bello
1370 2549 1649 2605 lacessivit
1676 2548 2138 2609 Heraclitts,1leitt

570 2658 748 2714 pugna
791 2630 1021 2711 adortus
1061 2656 1171 2696 non
1203 2650 1333 2695 ante
1373 2641 1576 2697 destitit
1607 2656 1773 2712 quam
1822 2640 2011 2694 urbem
2044 2655 2140 2693 ce—

571 2739 773 2807 pisset,
823 2736 1082 2791 omnibus
1124 2736 1217 2805 qui
1271 2735 1342 2789 in‘
1378 2735 1497 2805 ipsa
1538 2732 1792 2798 fuerant,
1846 2743 1955 2787 tant
2004 2732 2139 2785 viris

574 2844 731 2899 quant
764 2827 987 2883 feminis
1018 2828 1333 2897 puerisque,
1359 2826 1734 2881 internecione
1761 2825 1978 2888 deletis,
2011 2827 2140 2893 quin

575 2929 626 2975 et
655 2908 1002 2989 gravidarum
1035 2918 1209 2972 uteris
1249 2917 1501 2972 dissectis
1541 2900 1985 2971 extractos‘inde
2030 2928 2143 2966 cm-

576 3013 807 3082 bryones
874 3011 1022 3065 saxis
1086 3010 1382 3064 illiserunt.
1444 3005 1566 3074 Quo
1614 3000 1973 3076 conspecto:
2034 3003 2144 3073 Ego

576 3107 772 3177 (inquit
801 3104 1107 3173 lleraclius)
1135 3121 1255 3159 sum
1282 3104 1350 3157 de
1378 3118 1491 3173 quo
1514 3102 1844 3157 vaticinatus
1866 3111 1951 3155 est
1978 3098 2142 3153 David

578 3200 837 3269 propheta
869 3199 985 3263 ubi,
1019 3196 1232 3267 psalmo
1256 3210 1483 3261 cxxxvt,
1505 3195 1678 3251 dicit:
1712 3193 1901 3249 Beatus
1918 3195 2005 3263 qui
2022 3209 2150 3261 par-

580 3292 723 3344 culos
767 3299 885 3352 tuo;
929 3289 1187 3355 accipiens
1241 3296 1405 3357 petra
1444 3287 1587 3354 ipsos
1638 3285 1889 3342 alliserit.
1944 3283 2149 3340 Deinde

582 3384 701 3450 igne
743 3380 859 3435 urbi
898 3380 1096 3449 injecto
1144 3393 1453 3449 magnaque
1501 3378 1851 3449 captivorum
1898 3376 2151 3431 multitu-

582 3469 705 3525 dine
733 3470 990 3534 abducta,
1024 3484 1133 3523 una
1161 3482 1285 3523 cunt
1317 3467 1579 3537 pecuniis
1610 3468 1959 3538 gemmisque
1989 3452 2151 3521 innu-

584 3560 748 3641 meris
783 3570 951 3615 totam
1001 3560 1203 3615 Persia:
1254 3562 1536 3629 regionem
1577 3558 1905 3641 devastavit:
1950 3556 2155 3613 Deinde

576 3632 668 3706 tia
701 3668 796 3706 sua
833 3665 1083 3707 reversus
1112 3667 1211 3721 per
1243 3651 1496 3719 regiones
1534 3648 1783 3713 Halvvan,
1825 3632 1894 3705 et.
1916 3640 2148 3713 διώ-ιιι,

586 3752 637 3803 et
690 3745 736 3799 Δ
783 3736 1077 3815 Madayen,
1134 3743 1415 3815 ingressus
1473 3749 1557 3796 est
1615 3739 2058 3812 Iliyapltareltin,
2101 3750 2157 3795 et

588 3833 864 3908 [traiecto]
917 3835 1066 3907 Tigri
1124 3834 1195 3896 in,
1227 3834 1540 3919 Armeniam
1593 3830 1819 3885 transiit
1873 3846 2043 3899 usque
2088 3828 2153 3883 ad

590 3927 812 3983 ﬂuvium
857 3930 1118 3982 Arsenas.
1156 3925 1355 3980 Secum
1401 3935 1584 3981 autem
1615 3924 1761 3979 inter
1790 3923 2033 3993 captivos
2064 3924 2159 3977 ha-

591 4020 705 4093 buit
726 4019 892 4072 lilium
916 4017 1099 4073 Cesra:
1117 4017 1342 4090 nomine
1364 4016 1644 4087 Kobadem
1667 4014 1784 4085 (qui
1809 4023 1864 4070 et
1888 4014 2154 4069 Si’rawaih

592 4112 889 4183 appellatus
912 4114 1051 4179 est),
1069 4120 1262 4167 natum
1292 4109 1462 4173 diaria
1488 4110 1612 4169 lilia
1638 4098 1985 4179 imperatoris
2013 4109 2161 4163 Mau-

591 4202 729 4265 ricii,
755 4197 912 4269 cujus
947 4215 1117 4265 causa
1162 4209 1316 4269 gesta
1355 4208 1489 4255 sunt
1524 4204 1640 4253 hac
1668 4199 1825 4265 bella.
1853 4199 1992 4253 Cum
2025 4214 2158 4269 ergo

2231 443 2398 510 Quid.
2440 444 2638 514 inquit,
2673 447 2847 502 ttuutii
2878 444 3079 502 aﬂers?
3107 445 3204 500 Cui
3246 444 3355 512 ille,
3412 442 3667 512 Vastavit,
3693 446 3751 501 ia-

2231 536 2384 602 quit,
2422 533 2703 591 Heraclius
2735 552 2924 594 omnes
2958 536 3156 593 Persia:
3192 542 3387 606 urbes,
3425 540 3752 611 viris,’f-entie

2232 626 2320 681 nis
2370 627 2659 696 puerisque
2685 621 2985 693 trucidatis,
3035 628 3222 697 urbem
3254 646 3386 687 vero
3419 624 3615 701 regiam
3639 631 3757 685 diru-

2233 726 2342 772 tant
2371 719 2637 784 incendit,
2660 719 2916 775 omnibus
2935 722 3030 791 qtti
3055 722 3108 775 in
3135 737 3197 776 ea
3226 721 3443 777 fuerunt
3469 724 3760 787 interfectis,

2233 826 2507 881 opumque
2527 821 2581 868 ct
2604 826 2940 883 gemmarum
2970 824 3235 883 quantum
3269 815 3414 868 haud
3443 817 3635 885 poterit
3665 819 3762 886 quit

2234 917 2519 958 recensere
2574 906 2892 974 reportavit.
2943 902 3069 959 ﬂare
3117 915 3297 960 autem
3348 905 3522 976 ipsius
3570 908 3764 977 epistola

2233 1005 2340 1051 est.
2381 997 2515 1051 Cum
2550 1007 2680 1065 ergo
2712 993 2943 1051 lieraclii
2977 997 3256 1065 epistolam
3290 998 3606 1068 perlegisset
3627 1001 3766 1055 Cesra

2236 1103 2430 1158 magna
2461 1087 2675 1143 tristitia
2714 1087 2888 1142 affecti
2916 1098 3043 1142 sunt
3076 1097 3190 1142 tum
3220 1089 3337 1158 ipse
3364 1100 3476 1142 tum
3504 1090 3673 1158 ipsius
3698 1108 3769 1145 eo.

2237 1181 2419 1245 mites,
2456 1181 2753 1249 multisque
2783 1179 3019 1234 familias
3055 1190 3108 1235 et
3146 1180 3352 1235 liberos
3385 1196 3517 1236 suos
3549 1183 3772 1251 lacrymis

2236 1270 2524 1327 dederunt.
2582 1270 2746 1326 Cesra
2806 1285 2939 1340 ergo
2996 1271 3312 1325 convocatis
3366 1270 3695 1325 consiliariis
3736 1283 3774 1323 et
3870 1264 3873 1319 λ

2236 1362 2467 1418 ducibus
2503 1362 2650 1425 suis,
2686 1360 2826 1427 Quid
2858 1361 3079 1430 (inquit)
3117 1360 3353 1425 sentitis,
3407 1362 3672 1430 siquidem
3710 1361 3775 1412 lu-

2238 1452 2450 1509 terfccti
2494 1452 2656 1523 εδδ
2702 1462 2832 1505 sunt
2879 1456 3138 1522 conjuges
3182 1462 3238 1506 et
3284 1454 3439 1507 liberi
3498 1452 3706 1515 nostri,
3740 1466 3777 1506 cl

2238 1552 2448 1599 vastata
2482 1541 2758 1596 domicilia
2791 1554 2844 1596 et
2886 1542 3191 1597 habitacula
3225 1524 3451 1597 nostra?
3488 1542 3777 1613 Responde-

2240 1630 2473 1689 runtnilli
2506 1635 2673 1689 duces
2702 1642 2756 1688 et
2791 1634 3085 1689 consiliarii
3123 1634 3337 1703 ipsius:
3380 1632 3525 1687 Nihil
3568 1635 3778 1704 proderit

2166 1703 2205 1757 Β
2235 1727 2398 1783 nobis
2434 1728 2521 1781 ltic
2548 1728 2757 1793 sedere,
2789 1741 2978 1781 verum
3012 1727 3275 1782 abeuntes
3308 1742 3426 1782 eam
3462 1728 3779 1795 inquiramus

2234 1820 2378 1874 viam
2405 1835 2565 1889 quant
2601 1828 2746 1873 tenet
2775 1817 3058 1874 Heraclius
3085 1835 3194 1889 quo
3222 1819 3323 1888 ipsi
3350 1818 3572 1874 obviam
3596 1834 3781 1873 eamus.

2238 1908 2404 1965 Ceara
2436 1908 2601 1978 igitur
2629 1909 2795 1963 missa
2824 1906 3330 1979 Constantinopolis
3358 1909 3651 1965 obsidione
3681 1925 3784 1972 pm.

2238 2001 2411 2055 fectus
2439 2009 2529 2054 est
2547 1999 2614 2055 ad
2640 1984 2948 2054 lletarlinut
2973 2001 3350 2068 quaerendum.
3378 1999 3515 2054 Dum
3540 2010 3719 2055 autem
3744 2003 3783 2054 in

2239 2094 2323 2145 via
2362 2100 2628 2162 pergeret,
2680 2098 2953 2145 narratum
2998 2091 3074 2145 illi
3117 2100 3198 2146 est
3250 2090 3560 2147 lleraclium
3607 2093 3785 2163 Tigrim

2232 2184 2347 2255 jam
2384 2184 2667 2245 transisse,
2699 2198 2764 2237 ac
2804 2183 3112 2237 necessario
3148 2182 3251 2253 ipsi
3283 2182 3507 2238 ﬂuvium
3541 2184 3784 2239 Arsanats

2240 2277 2546 2331 vadatttltttn
2573 2290 2715 2331 esse.
2745 2275 3122 2330 Accelerantes
3148 2276 3334 2347 igitur,
3368 2276 3652 2346 inquiunt,
3674 2278 3785 2343 vada,

2239 2378 2367 2423 ante
2415 2367 2594 2436 ipsum
2647 2380 3010 2435 occupemus,
3056 2383 3166 2435 quo
3216 2367 3400 2421 minus
3444 2368 3522 2420 illi
3579 2369 3786 2422 transite

2241 2462 2418 2516 liceat.
2448 2462 2741 2529 Speratnns
2772 2460 2917 2513 enim
2954 2457 3117 2512 Deum
3151 2458 3309 2513 nobis
3337 2457 3393 2513 in
3428 2462 3610 2527 ipsum
3638 2461 3787 2514 victo-

2242 2552 2374 2606 riam
2407 2564 2796 2603 concessurnm
2821 2558 2934 2619 'quo
2968 2550 3213 2618 captivos
3247 2550 3353 2619 ipsi
3388 2552 3724 2621 eripiamus.
3748 2560 3788 2602 ri

2242 2640 2423 2695 omnia
2457 2656 2575 2710 quae
2602 2655 2785 2695 secum
2811 2640 2967 2695 duxit
2991 2640 3308 2709 capiamus;
3348 2642 3627 2711 siquidem
3662 2641 3789 2695 virus

2244 2733 2539 2788 Persarum
2586 2730 2857 2801 perdidit.
2894 2728 3244 2801 feminasque
3288 2747 3619 2787 communes
3658 2730 3785 2784 fecit.

2243 2822 2573 2878 Pet-veniens
2629 2836 2760 2891 ergo
2808 2819 2979 2893 Cesta
3031 2822 3097 2875 ad
3150 2820 3373 2875 [luvium
3420 2821 3691 2876 Arsanatn
3739 2821 3791 2874 ad

2246 2910 2441 2964 vadunt
2490 2917 2916 2963 castratnetatus
2956 2917 3075 2975 est,
3121 2906 3432 2964 Heracliam
3468 2910 3791 2980 praestolans.

2244 3000 2375 3057 Cum
2403 3017 2532 3055 vero
2559 2999 2844 3055 lleraclius
2878 3002 2946 3054 ah
2971 3001 3177 3055 Arsana
3213 3001 3377 3056 ﬂuvio
3405 3003 3576 3058 unius
3606 3011 3793 3058 tantum

2248 3094 2352 3147 dici
2383 3093 2575 3146 itinere
2601 3092 2711 3160 jam
2745 3091 2983 3152 abesset,
3017 3091 3322 3146 nuntiatum
3354 3092 3456 3162 ipsi
3485 3102 3574 3147 est
3598 3094 3793 3146 Cesram

2247 3187 2310 3239 ad
2347 3185 2537 3238 vadum
2579 3184 2854 3238 sedentem
2896 3184 3072 3252 ipsum
3114 3192 3475 3253 exspectare:
3524 3185 3625 3239 ille
3658 3199 3795 3253 ergo,

2251 3255 2443 3327 relicto
2476 3272 2722 3327 exercitu
2752 3286 2876 3337 suo,
2904 3272 3135 3347 quaeque
3170 3288 3355 3328 secum
3393 3272 3615 3339 habuit,
3649 3274 3797 3341 impe-

2249 3362 2530 3425 dimentis,
2555 3362 2965 3432 assumptisque
2989 3364 3253 3437 comitum
3286 3378 3512 3419 suorum
3544 3359 3795 3420 nonnullis

2250 3466 2489 3510 stramen
2515 3469 2703 3511 secum
2726 3464 2781 3510 et
2805 3453 3176 3524 iumentorum
3201 3455 3385 3510 ﬂmnm
3417 3458 3656 3527 accepit.
3678 3471 3795 3525 qua.

2250 3562 2372 3602 cum
2405 3547 2636 3602 adverso
2654 3546 2879 3601 ﬂumine
2908 3548 3069 3603 unius
3098 3547 3205 3602 diei
3234 3547 3429 3603 itinere
3456 3548 3795 3606 ascendisset.

2254 3638 2309 3691 in
2349 3637 2571 3692 ﬂuvium
2608 3638 2863 3706 conjecit.
2903 3640 3056 3708 Aqua
3087 3654 3218 3709 ergo
3255 3647 3497 3694 stramen
3541 3650 3599 3692 et
3640 3640 3795 3693 timum

2251 3743 2441 3786 Secum
2483 3731 2661 3785 delata
2695 3731 2851 3802 juxta
2891 3728 3114 3786 Cesram
3160 3743 3215 3785 et
3255 3731 3621 3803 237-239
3655 3732 3794 3802 ipsius

2256 3824 2786 3894 socios‘transvexit,
2822 3822 3021 3891 quibus
3062 3823 3113 3875 itt
3146 3822 3313 3877 ﬂuvio
3345 3825 3683 3893 conspectis,
3718 3824 3794 3879 illi.

2257 3915 2569 3971 lleraclium
2623 3913 2752 3968 alibi
2807 3914 3060 3982 superius
3105 3912 3328 3968 ﬂuvium
3368 3914 3655 3984 traiecisse
3696 3914 3793 3973 rati,

2257 4010 2451 4065 relicto
2482 4007 2621 4062 vado
2666 4005 2894 4077 profecti
2942 4017 3071 4062 sunt
3112 4002 3178 4061 ad
3215 4008 3392 4061 locum
3437 4007 3533 4060 ubi
3571 4008 3795 4060 transiret

2259 4099 2540 4155 ilcraclius
2587 4098 2963 4166 qnterendum.
3022 4087 3227 4152 Deinde
3278 4095 3531 4167 Heraclio
3580 4096 3648 4151 ad
3693 4110 3794 4149 suos

2260 4206 2481 4246 reverso
2517 4190 2827 4243 nuntiatum
2872 4195 2957 4243 e'st
2998 4188 3219 4244 Cesram
3272 4189 3561 4259 ipsiusque
3602 4190 3795 4243 comites

594 4290 991 4364 Iliyapltarekin
1028 4290 1689 4360 pervenisset,accersito
1721 4290 1945 4346 Kobatle
1979 4291 2160 4348 Crer
2236 4283 2453 4363 relicto
2483 4280 2619 4335 vado
2648 4282 2765 4334 loca
2793 4280 3074 4349 superiora
3111 4281 3350 4349 petiisse.
3384 4279 3509 4349 Ipse
3543 4296 3675 4349 ergo
3699 4296 3792 4332 rum

594 4382 722 4450 lilio,
756 4390 920 4449 caput
947 4381 1047 4451 ipsi
1077 4388 1133 4434 et
1161 4379 1382 4435 barbam
1416 4380 1590 4445 rasit;
1624 4380 1821 4435 deinde
1873 4382 2087 4437 traditis
2116 4389 2163 4442 ei
2200 4384 2255 4437 De
2278 4374 2449 4451 sociis
2484 4374 2598 4426 suis
2636 4386 2862 4439 pergens
2896 4370 3117 4424 ﬂuvium
3154 4371 3399 4441 trajecit,
3433 4373 3795 4442 profectusque

594 4490 730 4545 quas
771 4474 957 4539 ferret,
1001 4472 1229 4539 litteris,
1259 4472 1326 4526 ad
1360 4470 1714 4546 ιιι-πε
1742 4483 1948 4543 patrem
1995 4489 2153 4528 suum

597 4567 812 4622 liesram
862 4565 1040 4629 misit,
1086 4564 1245 4619 asino
1287 4563 1788 4635 ciitellisinstrato
1818 4564 2154 4635 impositum,

599 4658 703 4712 una
727 4670 853 4710 cum
884 4665 1086 4715 turma.
1118 4652 1209 4709 cui
1239 4655 1296 4709 in
1328 4654 1598 4709 mandatis
1624 4653 1852 4709 dederat
1872 4654 2053 4723 ipsum
2090 4656 2155 4708 ad

596 4758 799 4817 patrem
828 4762 988 4801 suum
1022 4746 1312 4802 deducere.
1341 4744 1600 4817 Epistula
1622 4754 1806 4801 autent
1835 4762 1995 4817 quam
2026 4728 2161 4802 scri-

598 4844 699 4913 psit
740 4845 842 4897 hoc
882 4842 1161 4911 exemplar
1199 4850 1337 4897 ests
1370 4840 1418 4896 Δ
1461 4856 1629 4899 servo
1654 4840 1861 4897 Christi
1907 4838 2160 4909 lleraclip

598 4950 749 5002 opem
775 4930 828 5005 [a
854 4930 988 5004 Deo]
1008 4943 1305 4987 consecuta
1327 4932 1397 4987 ad
1418 4930 1645 4986 Curam
1670 4933 2160 5002 contemptibilem,

591 5009 935 5091 perplexum,
979 5039 1081 5093 ope
1113 5023 1457 5079 destitutum.
1493 5023 1588 5080 llis
1628 5018 1927 5091 [tramissis
1966 5023 2162 5085 :VCol-

600 5116 703 5184 legi
734 5112 967 5184 egotibi
999 5113 1053 5166 in
1078 5102 1476 5181 redemptionis
1500 5108 1609 5163 mei
1635 5116 1691 5163 et
1717 5108 1984 5171 ditionuut
2009 5122 2161 5177 tuea-

600 5222 720 5261 rum
763 5204 997 5274 pretium
1024 5204 1175 5272 quod
1216 5202 1407 5279 potui,
1464 5209 1595 5255 sunt
1642 5207 1825 5253 autem
1864 5198 2163 5277 'Persarutn

604 5301 804 5370 capita,
829 5299 1035 5368 quibus
1065 5295 1257 5369 [datis]
1284 5294 1428 5367 quod
1458 5294 1555 5348 tibi
1582 5292 1815 5362 ι)ωωίΒί
1836 5291 2163 5363 persolvam.

607 5391 799 5453 Statim
828 5406 955 5460 ergo
982 5389 1071 5443 ubi
1104 5388 1315 5445 litteras
1348 5399 1495 5442 meas
1530 5383 1850 5464 perlegeris,
1872 5395 2163 5452 antequam

607 5499 701 5537 eas
738 5497 769 5537 e
799 5498 962 5536 manu
1010 5490 1100 5535 tua
1140 5480 1469 5549 deposueris
1540 5476 1708 5531 uittas
1744 5474 1839 5546 qui
1887 5490 1952 5529 ea
1996 5474 2062 5529 ad
2114 5483 2166 5529 te

583 5572 907 5639 -perfel‘attt.
940 5568 1088 5625 Vale.
1117 5568 1215 5625 Ubi
1240 5570 1403 5641 igitur
1420 5570 1487 5623 ad
1510 5580 1715 5635 patrem
1742 5581 1899 5622 suum
1931 5566 2169 5621 Cesram‘

615 5665 943 5730 pervenisset
964 5662 1231 5725 liobatlcs,
1253 5677 1487 5731 eumque
1502 5698 1516 5725 ,
1540 5660 1717 5727 capite
1739 5668 1793 5713 ct
1822 5657 1983 5711 barba
2005 5656 2164 5721 rasis,

2257 4470 2343 4516 est
2374 4462 2548 4516 donec
2577 4455 3003 4536 Trapezuntiutn
3037 4463 3364 4529 perveniret.
3399 4459 3537 4517 Dein
3565 4476 3795 4518 conscen-

2258 4553 2335 4607 sis
2387 4552 2613 4607 uavibns
2644 4550 3164 4620 Constantinopolim
3197 4550 3363 4615 adiit,
3410 4550 3572 4617 cuius
3641 4550 3796 4606 incol:

2262 4645 2365 4713 ipsi
2404 4660 2526 4699 cum
2572 4642 2775 4713 gaudio
2808 4650 2863 4695 et
2909 4642 3284 4696 exsultatione
3324 4656 3715 4703 occurrerunt,
3749 4656 3794 4693 ac

2261 4746 2463 4805 septem
2496 4736 2614 4788 dies
2644 4733 2877 4796 edendo,
2912 4732 3168 4795 bibendo.
3200 4733 3483 4788 et‘latitia:
3528 4736 3795 4802 insulpr

2262 4835 2409 4880 runt.
2447 4824 2765 4879 Nuntiatum
2814 4818 2994 4878 autem
3040 4833 3123 4876 est
3171 4823 3353 4895 Ccsrte
3402 4814 3707 4879 Heraclium
3744 4822 3792 4875 ad

2261 4917 2458 4971 vadunt
2509 4931 2789 4971 reversum
2854 4916 3180 4982 trajecisse,
3237 4925 3479 4970 stramen
3539 4927 3714 4970 autem
3754 4922 3793 4964 et

2262 5012 2447 5064 limum
2480 5010 2531 5063 itt
2568 5007 2791 5063 ﬂuvium
2827 5009 2953 5063 dolo
2996 5024 3058 5064 ac
3087 5007 3280 5063 fraude
3310 5000 3379 5063 ab
3414 5009 3536 5078 ipso
3572 5009 3790 5076 injectu-

2262 5102 2459 5171 fuisse,
2487 5100 2579 5155 Ille
2622 5116 2754 5170 ergo
2786 5100 2852 5154 ad
2898 5101 3082 5154 urbem
3130 5114 3284 5154 suam
3326 5098 3613 5168 profectus
3648 5100 3781 5168 ipsam

2264 5197 2559 5251 desolatam
2594 5195 2819 5257 invenit,
2854 5201 2912 5245 ut
2939 5206 3041 5246 nec
3072 5192 3125 5245 in
3154 5206 3217 5244 ea
3249 5206 3383 5261 puer
3409 5200 3582 5253 esset,
3613 5206 3705 5245 nec
3725 5188 3787 5255 qui

2262 5292 2507 5345 vocaret,
2534 5298 2634 5337 nec
2663 5282 2757 5352 qui
2787 5280 3161 5350 responderet.

2336 5376 2509 5446 Atque
2528 5392 2593 5429 ex
2612 5391 2678 5430 eo
2702 5384 2943 5442 tempore
2970 5373 3233 5427 inﬁrmari
3261 5372 3554 5429 Persarum
3582 5384 3785 5441 regnum,

2266 5471 2429 5537 idque
2484 5468 2886 5533 annoimperii
2940 5457 3170 5527 lleraclii
3216 5456 3487 5533 septimo,
3525 5467 3785 5528 eodemque

2270 5562 2442 5615 llvirte
2470 5559 2721 5626 septimo.
2750 5562 2905 5614 Anno
2938 5557 3145 5626 imperii
3174 5555 3404 5611 lleraclii
3438 5556 3675 5612 secundo
3695 5568 3783 5605 roa-

2270 5656 2493 5706 stitnltts
2541 5659 2622 5705 est
2662 5642 2917 5702 Yttsalitts
2964 5643 3327 5705 munifacittsl
3363 5647 3671 5703 natriarrha
3706 5641 3781 5695 lim
