3962 6344
146 270 267 332 1089

1534 274 1903 337 ANNALES.

3169 276 3306 340 1090

142 398 333 449 manus,
363 388 455 457 qui
485 403 658 443 annos
682 388 921 458 quinque
958 390 1121 453 sedit,
1146 389 1270 444 deiu
1295 398 1536 445 mortuus
1583 400 1665 459 est
1691 401 1739 456 Α
1767 390 1811 444 si
1860 398 2071 458 pactum
2124 394 2177 440 et
2221 380 2604 457 juramcntum
2646 386 2954 463 violaverim
3010 388 3164 441 cedet
3210 387 3308 440 hoc

140 487 264 528 anno
301 490 442 531 n0l|0
498 476 708 546 imperii
742 476 1016 546 eiusdem,
1048 478 1138 547 qui
1174 487 1227 532 et
1260 477 1430 533 "eine
1463 495 1656 544 nonus,

141 562 588 633 Constantinopoli
646 580 897 633 egressus
950 566 1234 623 lieraclius
1293 568 1663 641 Hierosolyma

136 644 363 708 tendebat
392 695 407 715 ,
460 669 569 720 quo
614 654 819 709 videret
868 656 995 725 quid
1043 659 1095 711 in
1141 658 1252 727 ipsa
1296 660 1665 714 derastasseut

136 729 313 800 Persae.
361 743 465 798 Ubi
494 752 672 799 autem
718 744 971 802 llemsum
1016 751 1348 819 pervenisset
1379 752 1665 805 noluerunt

133 836 237 900 ejus
276 835 462 888 incolae
506 834 682 903 ipsum
728 837 999 906 recipere.
1040 838 1203 911 ιω
1233 843 1479 896 dicentes
1520 843 1659 909 ipsi:

134 926 375 981 llaronita
408 937 464 981 tu
510 943 569 982 es
611 941 676 981 ac
716 929 962 998 religioni
1004 940 1201 986 nostra:
1238 931 1520 987 adversus.
1552 931 1663 987 Illis

132 1016 248 1085 ergo
276 1017 481 1072 relictis
512 1017 576 1071 ad
612 1021 995 1075 monasterium
1024 1021 1258 1077 Maronis
1290 1024 1443 1085 abiit,
1474 1024 1526 1076 iu
1557 1038 1664 1092 quo

130 1111 211 1172 qui
236 1119 380 1161 erant
411 1111 659 1165 monachi
680 1114 883 1181 egressi
906 1113 1119 1167 obviam
1146 1115 1247 1183 ipsi
1272 1112 1494 1181 profecti
1515 1126 1660 1170 sunt.

97 1197 239 1262 ,Fu‘it
275 1209 452 1253 autem
507 1198 787 1256 ileraclius
834 1201 1097 1256 Maronita
1123 1244 1140 1269 ,
1191 1203 1495 1273 multasque
1530 1203 1663 1273 ipsis

126 1305 248 1359 opes
274 1292 536 1356 contulit,
568 1294 711 1362 agris
736 1292 898 1346 etiam
930 1294 1145 1347 donato
1167 1296 1500 1350 monasterio
1530 1295 1665 1351 adeo

128 1392 180 1434 ut
207 1396 453 1450 prospere
482 1398 539 1436 se
564 1383 828 1437 haberent
849 1398 935 1439 res
960 1399 1172 1438 eorum.
1193 1384 1320 1441 Inde
1346 1386 1662 1442 Damascum

127 1470 393 1540 prolectus
419 1482 522 1527 est.
554 1471 677 1525 Fuit
712 1481 888 1528 autem
920 1473 1170 1529 Damasci
1199 1458 1281 1529 vir
1314 1477 1533 1545 quidam
1569 1493 1667 1531 no-

124 1559 258 1613 mine
287 1558 507 1612 Mansur
543 1557 758 1629 Serjuni
796 1561 969 1625 lilius,
1005 1564 1226 1619 tribulis
1253 1550 1532 1635 exigendis
1566 1582 1666 1620 no-

124 1649 261 1706 mine
302 1648 547 1704 Mauricii
593 1651 942 1721 impcratoris
975 1654 1290 1723 praefectus.
1327 1672 1357 1711 a
1399 1673 1506 1726 quo
1540 1672 1662 1712 cum

122 1739 369 1803 pecunias
388 1750 590 1809 peteret
608 1740 887 1796 lleraclius
908 1751 1021 1797 toto
1042 1759 1307 1800 annorqu
1332 1762 1438 1817 quo
1456 1747 1664 1803 obsessi

121 1837 271 1881 erant
320 1828 793 1902 Constantinopoli
854 1832 1080 1889 Romani
1129 1838 1306 1901 spatio
1354 1836 1662 1912 [debitas,]

120 1925 273 1987 atque
300 1919 386 1992 ille
411 1920 654 1977 Damasci
683 1922 943 1977 tributum
967 1939 1027 1980 se
1054 1926 1122 1979 ad
1146 1926 1367 1981 Cesram
1401 1928 1663 1986 detulisse

118 2010 497 2081 responderet,
518 2015 756 2084 graviter
790 2014 845 2069 in
875 2031 995 2070 eum
1030 2018 1312 2088 inquisivit
1349 2020 1665 2077 verberibus

117 2104 168 2149 st
200 2097 622 2157 iucarceratioue
641 2140 658 2167 ,
687 2103 862 2159 donec
893 2104 963 2160 ab
996 2106 1114 2174 ipso
1142 2111 1356 2164 centies
1385 2108 1531 2165 mille
1565 2126 1664 2165 au-

116 2202 242 2242 reos
289 2200 667 2257 extorqueret;
730 2193 854 2248 dein
913 2178 1663 2265 ipsi'prteieeturam‘istsm

114 2278 452 2336 eontlrmavit
499 2299 515 2336 :

113 2379 331 2435 pectore
382 2382 484 2426 suo
533 2372 588 2427 in
649 2373 954 2449 lleraclium
1011 2375 1163 2432 fovit.
1216 2378 1347 2435 inde
1394 2380 1666 2449 prolectus

112 2460 390 2516 lleraclius
422 2448 798 2536 Hierosolyma
835 2467 1009 2535 petiit.
1041 2465 1287 2538 Cumque
1323 2448 1663 2529 'I'iberiadem

110 2550 486 2616 pervenisset,
533 2550 737 2622 egressi
794 2553 863 2607 ad
918 2555 1092 2624 ipsum
1139 2553 1311 2611 Judaei
1359 2556 1665 2614 Tiberiadis'

109 2640 323 2705 incolae,
355 2655 456 2695 aee
482 2656 593 2695 non
624 2644 865 2711 regionis
886 2644 1116 2719 Galilaea:
1137 2656 1407 2703 montana:
1424 2658 1477 2704 et
1498 2648 1663 2704 Naza-

107 2731 248 2785 retlii
273 2732 625 2801 omniumque
648 2734 806 2790 istius
837 2737 1009 2804 partis
1032 2738 1377 2807 oppidorum,
1408 2739 1512 2809 ipsi
1541 2755 1662 2796 cum

104 2823 424 2878 iuitnerihus
456 2836 840 2890 occurrerunt,
873 2828 1048 2881 fausta
1089 2816 1503 2899 comprecantes
1524 2870 1538 2894 ,
1569 2846 1663 2886 ro-

106 2917 404 2983 ;antesqhe
445 2923 505 2967 ut
552 2916 889 2970 securitatem
937 2918 1074 2987 ipsis
1114 2923 1469 2986 concederet;
1498 2938 1661 2992 quam

562 2298 725 2352 quam
779 2285 851 2339 ob
906 2300 1130 2340 causam
1184 2287 1471 2347 Maiisurus
1527 2295 1673 2347 iram

1763 479 1895 533 mihi
1937 479 2002 533 iu‘
2026 479 2409 548 opprobrium,
2445 478 2752 548 famamque
2786 479 2916 533 mihi
2952 479 3145 531 malam
3180 493 3312 533 con-

1762 569 1996 633 ciliabit;
2048 586 2145 625 nec
2194 578 2373 625 certus
2424 586 2546 624 sum
2596 571 2639 624 si
2690 570 2782 624 alii
2831 569 3063 639 cuipiam
3120 579 3310 639 praeter

1759 657 1980 713 Judmos
2016 668 2228 727 pactum
2262 660 2465 729 scripto
2492 659 2947 722 conﬁrmaverint,
2974 660 3105 712 itlud
3132 660 3311 727 ipsum

1763 762 1794 801 a
1840 763 1927 802 me
1973 757 2343 817 acet-pturum.
2405 748 2461 801 Si
2504 765 2635 819 ergo
2684 749 2787 803 hoc
2834 763 2943 801 non
2992 751 3313 817 pra-stiterit,

1763 840 2016 903 mendax,
2054 841 2214 894 fallax
2256 849 2311 894 et
2362 841 2582 895 minime
2619 842 2722 896 tide
2780 830 3002 907 dignus,
3034 838 3173 905 apud
3202 855 3316 891 om-

1764 946 1862 1001 nes
1893 932 2093 1000 passim
2132 931 2377 984 homines
2407 930 2675 992 habebor,
2704 932 2842 983 ultra
2887 939 3169 998 peccatum
3208 943 3347 980 ma-.

1767 1035 1932 1087 gnum
1967 1028 2019 1071 et
2048 1019 2226 1073 sci-ius
2252 1019 2408 1087 cujus
2442 1034 2567 1073 reus
2606 1033 2699 1089 ero
2729 1019 2868 1084 apud
2902 1018 3185 1072 Dominum
3206 1005 3318 1068 ἠω-

1766 1119 1939 1164 strum
1975 1109 2283 1175 Christum,
2316 1116 2451 1164 cun!
2471 1109 2725 1181 populum
2754 1110 2842 1164 cui
2874 1110 3028 1163 (idem
3060 1110 3316 1171 feceram,

1764 1216 1995 1270 eamque
2043 1207 2204 1269 pacto
2248 1200 2443 1255 litteris
2489 1188 2806 1271 consignato
2853 1199 3316 1267 (conﬁrmati-cram

1767 1289 2185 1358 interfecerim.)
2231 1287 2331 1347 Cui
2381 1276 2703 1367 illiaNovit
2759 1291 3020 1345 Dominus
3072 1290 3321 1343 Christus

1766 1380 1969 1436 eadem
2004 1380 2245 1450 ipsorum
2283 1382 2375 1436 tibi
2408 1366 2757 1451 peccatorum
2793 1382 3155 1452 expiationem
3190 1394 3322 1431 con-

1770 1473 2082 1527 ciliaturum
2111 1514 2127 1538 ,
2170 1480 2226 1527 et
2269 1472 2616 1535 iniquitatem
2655 1482 2867 1527 tuarum
2919 1471 3319 1532 remissionem,

1765 1574 2084 1619 excusatum
2116 1566 2292 1618 etiam
2326 1573 2378 1619 te
2409 1565 2683 1620 habebunt
2716 1566 2995 1628 homines,
3037 1564 3180 1633 quod
3214 1578 3320 1631 quo

1767 1664 2009 1724 tempore
2046 1655 2179 1725 ipsis
2202 1659 2545 1711 securitatem
2575 1658 2917 1723 concessisti,
2954 1672 3057 1710 non
3085 1655 3320 1715 noveris,

1698 1729 1737 1784 Β
1768 1759 1865 1798 uec
1924 1756 2263 1815 perspectum
2322 1747 2620 1809 habueris,
2674 1761 2836 1815 quam
2889 1745 3321 1799 Christianorum

1765 1844 2001 1905 stragem
2030 1837 2337 1898 ediderant,
2383 1852 2522 1906 quas
2567 1838 2831 1893 ecclesias
2872 1837 3156 1891 diruerant
3200 1849 3321 1888 cum

1765 1926 1861 1979 tibi
1893 1926 2105 2005 chriam
2129 1927 2335 1995 egressi
2367 1927 2686 1982 muneribus
2712 1937 2763 1983 te
2790 1929 3103 1998 exceperint
3128 1944 3145 1993 ;
3173 1925 3319 1994 quml

1765 2015 1893 2071 dolo
1927 2017 1995 2072 ab
2028 2017 2163 2087 ipsis
2200 2017 2427 2083 factum,
2460 2026 2522 2073 et!
2547 2018 2615 2071 ad
2646 2021 2861 2089 culpam
2898 2034 3061 2089 quam
3094 2024 3325 2074 commi-

1764 2116 1947 2160 serant
1981 2108 2363 2162 amoliendam.
2394 2105 2511 2161 1am
2541 2123 2671 2163 vero
2699 2110 2875 2163 caedes
2910 2124 3120 2169 eorum.
3148 2111 3323 2163 sat-rio

1765 2195 1944 2251 licium
1966 2198 2071 2252 erit
2103 2213 2133 2251 a
2162 2208 2215 2254 te
2240 2197 2351 2253 Deo
2378 2199 2620 2253 oblatum
2651 2215 2666 2253 :
2699 2215 2798 2253 nos
2829 2209 3010 2253 autem
3041 2209 3321 2269 peccatum

1769 2288 1871 2341 hoc
1902 2303 1933 2342 a
1965 2298 2015 2342 te
2052 2286 2129 2359 [in
2162 2286 2283 2360 nos]
2311 2287 2705 2343 transferemus
2726 2329 2743 2353 ,
2778 2290 2983 2358 tibique
3016 2289 3193 2358 ipsum
3230 2306 3318 2343 cs-

1767 2376 2057 2447 p’abimus,
2093 2385 2346 2447 rogantes
2374 2376 2655 2433 Dominum
2683 2387 2926 2433 uestrum
2955 2364 3139 2434 Iesum
3168 2380 3319 2434 Chri-

1766 2476 1909 2522 stum
1945 2484 2012 2522 ne
2045 2469 2221 2538 ipsum
2272 2469 2372 2533 tibi
2413 2469 2679 2539 imputet,
2727 2484 2791 2525 ac
2820 2468 3178 2539 septimanam
3218 2486 3319 2545 qua

1764 2574 1863 2614 ova
1916 2559 2218 2615 et'caseus
2266 2560 2662 2626 eomeduntur,
2716 2560 2863 2615 illam
2915 2556 3153 2631 [nempe]
3203 2575 3321 2626 qua!

1727 2648 2025 2718 jejunium
2071 2662 2329 2718 maguum
2379 2648 2657 2717 praecedit,
2700 2647 3009 2701 statuemus
3049 2646 3320 2721 jejunium

1763 2736 2126 2811 355-357
2160 2752 2351 2808 purum
2382 2736 2526 2807 quod
2557 2738 2766 2808 jejunio
2800 2753 2995 2807 magno
3025 2734 3319 2793 accenseo-

1763 2835 1874 2890 tur,
1903 2841 2012 2896 quo
2038 2829 2094 2881 in
2124 2824 2202 2880 tui
2225 2826 2818 2896 gratiamjejunemus,
2845 2840 3073 2879 ovorum
3098 2834 3154 2879 et
3173 2826 3319 2880 casei

1762 2932 1858 2970 esu
1914 2916 2121 2970 omisso
2168 2916 2410 2985 quandiu
2457 2902 2676 2970 durabit
2725 2915 2913 2985 religio
2986 2915 3319 2971 Christiaxa.

105 3005 417 3067 roncessit,
453 3003 740 3077 {adusque
770 3023 895 3062 cum
942 3008 1075 3081 ipsis
1106 3009 1303 3067 litteris
1334 2988 1660 3083 obsignavit.
1689 3049 1733 3107 ο
1766 3006 2031 3060 lli-lenita:
2057 3005 2200 3060 enim
2229 2988 2566 3062 hebdomada
2589 3005 2693 3060 ista
2726 3006 2793 3059 ab
2822 3020 2919 3060 esu
2944 3006 3129 3059 carnis
3156 3004 3322 3059 absti-

104 3091 211 3147 Ulii
262 3102 446 3149 autem
500 3094 868 3173 Hierosolyma
922 3100 1256 3167 pervenisset
1301 3102 1513 3157 obviam
1562 3104 1661 3173 ipsi
1692 3091 1733 3107 “’
1764 3099 1981 3163 uellant,
2006 3112 2105 3150 ora
2129 3104 2183 3151 et
2208 3109 2424 3150 caseum
2451 3104 2506 3150 et
2530 3096 2707 3165 pisces
2736 3096 2789 3149 in
2810 3097 2926 3166 ipsa
2952 3097 3318 3161 comedentes,

99 3181 234 3236 lat-ti
263 3190 392 3236 sunt
416 3182 777 3257 [monasterii]
801 3183 958 3257 πί
996 3184 1155 3257 243
1180 3185 1242 3240 Al
1269 3185 1365 3241 Sik
1392 3189 1659 3253 monachi,

99 3272 370 3339 urbisque
394 3270 905 3351 ilierosolytiiitana:
937 3278 1147 3340 incolae,
1188 3278 1483 3333 comitante
1513 3278 1662 3348 ipsos

96 3362 369 3428 Hodesto,
394 3380 520 3419 cum
548 3366 839 3422 thuribulis
860 3376 914 3422 et
936 3354 1138 3442 sumtu.
1159 3370 1294 3425 Cum
1319 3385 1449 3426 vero
1471 3370 1658 3425 urbem

97 3456 391 3523 ingressus
416 3470 477 3510 ea
512 3472 636 3526 quae
662 3444 942 3513 diruerant
965 3473 1029 3514 ac
1054 3461 1453 3519 succenderant
1479 3458 1659 3516 Per’sre

94 3549 359 3611 vidisset,
388 3546 582 3619 magna
616 3547 843 3605 allectus
869 3560 952 3605 est
986 3551 1229 3607 tristitia.
1276 3549 1559 3609 Dein'cuin
1593 3561 1659 3608 ea

92 3640 467 3706 conspexerat
504 3624 813 3702 Modestus,
871 3628 1153 3693 videlicet\
1176 3640 1435 3710 templum
1465 3637 1666 3694 Resur-

1768 3189 1861 3253 uti
1894 3203 1926 3242 e
1973 3185 2177 3258 Typico
2223 3186 2398 3240 sancti
2436 3185 2548 3240 alar
2598 3173 2755 3240 Saba:
2821 3186 3319 3256 liquet.'Dixerunt

1761 3286 1941 3332 autem
1972 3267 2051 3330 illi
2087 3292 2103 3329 :
2144 3272 2256 3331 Nos
2284 3290 2347 3329 ea
2378 3274 2457 3330 tui
2508 3274 2681 3343 gratia
2714 3273 3109 3344 jejutlabimus,
3142 3274 3317 3330 omnis

1763 3369 1838 3423 rei
1890 3367 2103 3438 pinguis
2127 3374 2297 3422 ‘esum
2344 3369 2695 3435 amittentes.
2734 3374 2898 3434 atque
2928 3364 3044 3419 ‘hoe
3084 3379 3317 3437 canone.

1764 3454 2382 3518 “communicatione,
2402 3461 2457 3509 et
2490 3453 2839 3507 anathemate
2869 3453 3178 3509 sauciemus
3198 3493 3215 3516 ,
3251 3467 3319 3509 ua

1762 3562 2001 3618 unqumu
2053 3530 2330 3609 mutetur,
2388 3540 2473 3601 da-
2502 3528 2702 3600 eodem.
2744 3540 2796 3599 iu
2840 3560 3030 3601 omnes
3069 3548 3319 3616 regiones

1762 3641 1973 3717 litteras
1996 3633 2317 3703 mittentes,
2364 3645 2425 3717 ut
2461 3638 2515 3692 in
2566 3636 3001 3706 propitiatieoem
3035 3635 3237 3708 [cedat]
3266 3635 3317 3691 ci

92 3729 397 3790 ret-tionis,
449 3726 668 3792 Cranii,
716 3737 769 3783 et
819 3726 932 3782 Mar
980 3729 1327 3785 Constantini
1351 3770 1387 3800 ,α
1420 3744 1659 3796 rursum,
1759 3714 1905 3802 δυοὰ
1938 3746 1971 3785 a
2005 3741 2057 3785 te
2098 3714 2534 3802 impetravimus.
2571 3729 2828 3782 Annaeus
2861 3742 2991 3797 ergo
3039 3731 3136 3781 hac
3169 3728 3223 3781 in
3258 3742 3316 3781 re

89 3815 309 3887 gaudio
338 3814 565 3870 allectus
598 3814 840 3869 Modesto
871 3814 942 3869 ob
973 3830 1036 3870 ea
1074 3830 1195 3886 quae
1226 3814 1427 3870 fecerat
1457 3814 1661 3886 emiss
1762 3800 1892 3893 ipsis
1928 3821 2235 3886 lleraclius,
2263 3836 2296 3875 e
2325 3800 2528 3878 ludam
2557 3819 2648 3888 qui
2684 3819 2829 3873 circa
2863 3806 3234 3890 tticrosotytiia
3264 3827 3317 3873 et

86 3912 233 3981 egit.
266 3907 566 3962 Narrarunt
603 3905 785 3962 autem
829 3906 935 3976 ipsi
974 3906 1223 3969 monachi
1262 3913 1319 3977 et
1354 3904 1660 3977 Hierosoly-
1754 3922 1997 3968 ηιοηιειη
2043 3900 2280 3966 cam-ea
2320 3918 2497 3975 erant,
2543 3924 2686 3979 quos
2731 3908 3070 3976 prehendere
3116 3908 3314 3977 potuit.

87 4016 317 4055 morum
345 3996 541 4052 ini-olm
572 3995 787 4053 Iudaeos
816 3996 907 4067 qui
935 3988 1485 4068 circa’Hierosolyma
1502 3999 1661 4068 dege-
1760 4001 2076 4054 innumeros
2117 3998 2363 4074 oceidita
2421 3996 2497 4052 ει
2544 3996 2677 4066 ipsis
2696 3998 2865 4051 lenior
2892 3995 2982 4050 alii
3014 3996 3317 4060 latuerunt,

84 4101 255 4154 rent,
288 4106 394 4143 una
425 4105 549 4144 cum
583 4090 650 4144 iis
679 4090 770 4158 qui
791 4087 1023 4143 Galilaeae
1053 4096 1310 4142 montana
1342 4089 1657 4161 incolerent,
1760 4091 1851 4145 alii
1874 4089 1996 4159 luga
2020 4089 2153 4143 sein
2175 4088 2415 4150 deserta,
2432 4093 2726 4143 montes'ct
2744 4084 2910 4142 valles
2932 4096 2988 4141 et
3014 4085 3309 4167 ὧῃριιιω

81 4199 208 4255 quo
243 4190 486 4252 tempore
516 4189 782 4236 venerunt
821 4180 1025 4243 Persae,
1063 4179 1198 4250 ipsis
1226 4194 1286 4234 se
1314 4177 1655 4249 adjuuxisse.
1760 4180 2153 4235 subduxerunt.
2183 4174 2584 4247 Primam‘ergo
2608 4176 2801 4246 jejunii
2837 4176 3215 4245 septimanam,
3255 4179 3309 4229 in

81 4288 371 4346 opemque
404 4272 595 4337 tulisse
615 4310 632 4336 ,
660 4274 917 4341 ipsosque
945 4270 1281 4327 Christianos
1310 4271 1457 4339 cardo
1484 4270 1657 4341 magis
1758 4275 1864 4340 qua
1896 4266 2156 4323 Ilelchitze
2185 4282 2215 4321 a
2249 4267 2431 4322 carnis
2460 4276 2669 4328 tantum
2701 4280 2799 4320 esu
2831 4266 3133 4331 abstinent,
3171 4260 3312 4337 jeju-

80 4379 260 4435 quam
280 4349 459 4418 Persa
484 4367 819 4432 persecutos.
843 4368 898 4415 et
918 4362 1176 4416 ecclesias
1199 4364 1460 4425 vastasse,
1485 4359 1658 4429 iisque
1690 4382 1734 4439 ο
1762 4360 1921 4439 nium,
1958 4357 2267 4412 absolutum
2314 4363 2657 4421 statuerunt,
2710 4356 2763 4410 in
2812 4352 2927 4425 qua
2973 4357 3313 4427 imperatoris

79 4458 353 4513 ﬂammas
376 4455 646 4526 iujecisse,
666 4452 903 4509 ostensis
926 4453 1029 4522 ipsi
1052 4451 1208 4508 casis
1232 4452 1328 4521 qui
1352 4450 1655 4523 inlamela

76 4546 338 4617 conjecti
390 4544 628 4600 fuerant.
659 4544 961 4599 Certiorem
1006 4543 1167 4597 etiam
1204 4540 1381 4613 ipsum
1418 4540 1659 4597 fecerunt

63 4652 287 4696 eorum
341 4651 464 4705 qua:
501 4634 670 4690 Judaii
714 4634 840 4706 Tyri
886 4641 1367 4704 perpetraveraut,
1400 4632 1544 4703 quod
1590 4632 1655 4686 ad

74 4731 299 4786 esedem
351 4728 828 4794 Christianorum.
868 4734 923 4779 et
959 4724 1310 4781 ecclesiarum
1359 4721 1658 4779 ite-notitiae

73 4837 241 4877 nent.
279 4819 501 4896 Quibus
525 4817 850 4896 Heraclida:
881 4816 1020 4883 Quid
1050 4815 1433 4887 ergo,inquit,
1461 4815 1659 4869 vultis?

74 4886 559 4980 lie-sponderuui:
595 4908 662 4964 lit
684 4886 896 4978 gratum
930 4908 1089 4962 nobis
1118 4886 1328 4961 iaciens
1351 4919 1540 4959 omnes
1563 4903 1654 4972 qui

71 5007 241 5060 circa
272 5002 653 5072 Hierosolyma
676 5010 729 5054 et
751 5000 806 5053 in
830 5011 1010 5054 monte
1029 4995 1263 5052 Galilanc
1286 4982 1414 5071 sunt
1436 4994 1654 5049 Iudaeos

71 5112 101 5151 s
139 5095 339 5148 medio
386 5094 577 5156 tollas,
618 5106 740 5147 cum
783 5089 917 5142 certi
965 5102 1073 5141 non
1114 5087 1286 5140 simus
1318 5084 1449 5154 quin
1486 5082 1651 5136 adve-

69 5188 279 5239 niente
312 5194 473 5253 gente
502 5165 686 5252 aliqua
716 5178 874 5235 nobis
900 5174 1117 5231 inimica
1147 5175 1221 5228 illi
1249 5188 1441 5242 rursus
1465 5179 1653 5227 contra

69 5275 183 5350 qd!
222 5272 498 5327 auxilium
534 5271 670 5347 ipsis
705 5270 904 5333 ferant,
943 5276 1001 5320 ut
1028 5266 1141 5335 jam
1176 5264 1357 5337 Persis
1392 5263 1650 5315 tulerunt.

70 5364 396 5434 Respondit
430 5362 745 5417 Heraclius:
781 5356 1061 5426 Quomodo
1093 5353 1324 5441 interﬁci
1362 5355 1505 5423 ipsos
1534 5368 1654 5422 per-

70 5455 345 5517 mittam,
385 5466 509 5507 cqu
552 5451 661 5519 jam
706 5448 1056 5504 securitatem
1098 5445 1232 5515 ipsis
1266 5445 1652 5507 concesserim,

74 5541 675 5614 :oquetrllnelpactum
726 5537 924 5597 litteris
964 5534 1439 5603 consignaverim?
1492 5533 1653 5606 ω

71 5653 174 5693 res
203 5646 398 5691 autem
428 5633 582 5688 scitis
613 5631 741 5697 quid
774 5628 1059 5696 ladilrago
1088 5625 1332 5681 debitum
1370 5628 1462 5683 sit.
1492 5627 1650 5693 Quod

1763 4429 1995 4504 Heraclii
2042 4450 2215 4518 gratia
2256 4447 2601 4519 jejunarent,
2648 4462 2758 4517 quo
2805 4446 3168 4501 remitteretur
3211 4448 3315 4517 ipsi

1723 4580 1727 4593 .
1763 4536 1981 4592 [sederis
2004 4538 2090 4592 sui
2112 4536 2331 4613 violatio
2354 4544 2409 4591 et
2426 4533 2738 4589 Judaeorum
2765 4535 2957 4601 caedes,
2978 4536 3045 4589 ah
3066 4552 3314 4599 ovorum,

1761 4629 1903 4685 casei
1967 4637 2023 4682 et
2052 4626 2290 4702 piscium‘
2312 4640 2408 4681 esu
2439 4626 2492 4681 in
2522 4627 2711 4681 eadem
2744 4626 3101 4692 abstinentes,
3143 4624 3329 4695 caque'

1761 4719 1829 4773 de
1869 4732 1928 4771 re
1975 4717 2029 4771 in
2073 4731 2263 4771 omnes
2303 4717 2556 4785 regiones
2597 4717 2809 4772 litteras
2844 4716 3217 4787 scripserunt:
3250 4732 3311 4771 ac

1760 4806 1975 4882 @gypti
2024 4806 2293 4877 Cophtiue
2336 4806 2588 4865 iu_hunc
2635 4808 2995 4883 usquevdiem
3042 4793 3306 4877 jejunium

1762 4900 1891 4954 illud
1932 4898 2247 4953 observant.
2272 4896 2445 4969 Syria:
2485 4912 2614 4953 vero
2646 4899 2987 4953 Damascenae
3016 4898 3219 4961 incola,
3257 4908 3311 4963 et

1778 4990 1949 5046 Graeci
1976 4976 2241 5043 Melchita:
2274 4998 2397 5058 post
2425 4996 2654 5043 mortem
2692 4987 2921 5043 Heraclii
2960 4989 3152 5043 iterum
3186 4990 3313 5043 lteb-

1761 5078 1988 5135 domada
2040 5079 2142 5135 ista
2170 5094 2297 5143 ova,
2337 5094 2587 5143 caseum,
2628 5092 2682 5135 et
2726 5081 2900 5150 pisces
2940 5076 3315 5137 comederunt.

1761 5162 2006 5242 min
2037 5168 2227 5250 eadem
2260 5171 2421 5225 etiam
2450 5170 2704 5250 jejuuant
2743 5171 2932 5225 diebus
2961 5169 3215 5226 Mercurii
3260 5186 3312 5226 et

1759 5261 1986 5317 Veneris
2010 5242 2275 5331 usquead
2295 5260 2526 5326 Nonam,
2552 5242 2673 5315 dein
2699 5262 2839 5326 ovis,
2865 5276 3047 5326 casco,
3071 5272 3126 5317 et
3145 5263 3308 5331 pisci-

1760 5352 1887 5417 bus,
1918 5336 2216 5416 vescentes,
2252 5351 2550 5408 secundum
2582 5367 2847 5406 canouem
2882 5362 3121 5406 asancto
3148 5350 3308 5401 Nice-

1742 5441 1933 5514 phoro
1967 5444 2274 5513 patriarcha
2316 5443 2942 5511 Constantinopolitano,
2982 5447 3213 5502 martyre
3252 5445 3307 5486 et

1764 5536 2106 5595 conlessore.
2136 5536 2370 5605 positum
2394 5549 2411 5600 ;
2440 5532 2892 5603 quemadmodum
2919 5533 3192 5577 ostensum
3218 5532 3300 5572 est

1760 5627 1815 5682 ίη
1854 5628 2037 5694 lilii“)
2066 5624 2342 5693 Ecclesiae,
2380 5626 2630 5681 videlicet
2653 5615 2977 5674 orthodoaos
3000 5611 3103 5665 ista
3137 5609 3299 5667 septi-
