  <div class='ocr_page' id='page_1' title='image "/cluster/home/n/w/nwhite01/storage/ocr_20150623/100/hvd.32044010574994/1474.png"; bbox 0 0 3962 6344; ppageno 0'>
   <div class='ocr_carea' id='block_1_1' title="bbox 140 193 255 256">
    <p class='ocr_par' dir='ltr' id='par_1_1' title="bbox 140 193 255 256">
     <span class='ocr_line' id='line_1_1' title="bbox 140 193 255 256; baseline 0.017 -2"><span class='ocrx_word' id='word_1_1' title='bbox 140 193 255 256; x_wconf 83' lang='lat'><strong>1093</strong></span> 
     </span>
    </p>
   </div>
   <div class='ocr_carea' id='block_1_2' title="bbox 1530 144 1893 249">
    <p class='ocr_par' dir='ltr' id='par_1_2' title="bbox 1530 144 1893 249">
     <span class='ocr_line' id='line_1_2' title="bbox 1530 144 1893 249; baseline -0.003 -2"><span class='ocrx_word' id='word_1_2' title='bbox 1530 144 1893 249; x_wconf 58' lang='grc' dir='ltr'><strong>ᾹΝΝᾹΜΞΞ.</strong></span> 
     </span>
    </p>
   </div>
   <div class='ocr_carea' id='block_1_3' title="bbox 3191 188 3329 252">
    <p class='ocr_par' dir='ltr' id='par_1_3' title="bbox 3191 188 3329 252">
     <span class='ocr_line' id='line_1_3' title="bbox 3191 188 3329 252; baseline -0.022 0"><span class='ocrx_word' id='word_1_3' title='bbox 3191 190 3211 252; x_wconf 90' lang='grc' dir='ltr'><strong>ι</strong></span> <span class='ocrx_word' id='word_1_4' title='bbox 3224 188 3329 250; x_wconf 65' lang='grc'><strong>094</strong></span> 
     </span>
    </p>
   </div>
   <div class='ocr_carea' id='block_1_4' title="bbox 137 295 1674 374">
    <p class='ocr_par' dir='ltr' id='par_1_4' title="bbox 137 295 1660 374">
     <span class='ocr_line' id='line_1_4' title="bbox 137 295 1660 374; baseline -0.005 -19"><span class='ocrx_word' id='word_1_5' title='bbox 137 318 231 374; x_wconf 73' lang='grc' dir='ltr'>ιιιο,</span> <span class='ocrx_word' id='word_1_6' title='bbox 267 302 680 365; x_wconf 61' lang='grc' dir='ltr'>Ιιοιιιῖειῖιιιιδίιιίι</span> <span class='ocrx_word' id='word_1_7' title='bbox 739 297 876 348; x_wconf 67' lang='grc' dir='ltr'>ῖιιιηι·</span> <span class='ocrx_word' id='word_1_8' title='bbox 929 310 988 348; x_wconf 84' lang='lat' dir='ltr'><strong>se</strong></span> <span class='ocrx_word' id='word_1_9' title='bbox 1030 295 1504 357; x_wconf 66' lang='lat' dir='ltr'><strong>tiiSS~‘i|li\3llliiill§,</strong></span> <span class='ocrx_word' id='word_1_10' title='bbox 1538 307 1660 349; x_wconf 88' lang='lat' dir='ltr'><strong>octo</strong></span> 
     </span>
    </p>
   </div>
   <div class='ocr_carea' id='block_1_5' title="bbox 1778 295 3331 374">
    <p class='ocr_par' dir='ltr' id='par_1_5' title="bbox 1783 295 3331 365">
     <span class='ocr_line' id='line_1_5' title="bbox 1783 295 3331 365; baseline 0.005 -20"><span class='ocrx_word' id='word_1_11' title='bbox 1783 296 2040 347; x_wconf 78' lang='lat' dir='ltr'><strong>adversus</strong></span> <span class='ocrx_word' id='word_1_12' title='bbox 2066 310 2120 348; x_wconf 85' lang='lat' dir='ltr'><strong>se</strong></span> <span class='ocrx_word' id='word_1_13' title='bbox 2151 295 2478 363; x_wconf 68' lang='lat' dir='ltr'><strong>pi-a-liizeiint</strong></span> <span class='ocrx_word' id='word_1_14' title='bbox 2514 296 2564 346; x_wconf 94' lang='lat' dir='ltr'><strong>in</strong></span> <span class='ocrx_word' id='word_1_15' title='bbox 2593 310 2650 348; x_wconf 91' lang='lat' dir='ltr'><strong>re</strong></span> <span class='ocrx_word' id='word_1_16' title='bbox 2689 296 2868 364; x_wconf 87' lang='lat' dir='ltr'><strong>aliqua</strong></span> <span class='ocrx_word' id='word_1_17' title='bbox 2897 314 3020 365; x_wconf 80' lang='lat' dir='ltr'><strong>qua:</strong></span> <span class='ocrx_word' id='word_1_18' title='bbox 3057 297 3134 351; x_wconf 81' lang='lat' dir='ltr'><strong>vi-l</strong></span> <span class='ocrx_word' id='word_1_19' title='bbox 3163 308 3331 352; x_wconf 81' lang='lat' dir='ltr'><strong>terras</strong></span> 
     </span>
    </p>
   </div>
   <div class='ocr_carea' id='block_1_6' title="bbox 135 380 1667 457">
    <p class='ocr_par' dir='ltr' id='par_1_6' title="bbox 135 380 1667 457">
     <span class='ocr_line' id='line_1_6' title="bbox 135 380 1667 457; baseline -0.004 -16"><span class='ocrx_word' id='word_1_20' title='bbox 135 408 284 444; x_wconf 76' lang='lat' dir='ltr'><strong>annos</strong></span> <span class='ocrx_word' id='word_1_21' title='bbox 315 408 327 442; x_wconf 89' lang='lat'><strong>:</strong></span> <span class='ocrx_word' id='word_1_22' title='bbox 359 404 523 457; x_wconf 82' lang='lat' dir='ltr'><strong>regno</strong></span> <span class='ocrx_word' id='word_1_23' title='bbox 555 394 731 438; x_wconf 76' lang='lat' dir='ltr'><strong>autem</strong></span> <span class='ocrx_word' id='word_1_24' title='bbox 762 384 1048 453; x_wconf 63' lang='lat' dir='ltr'><strong>praefectus</strong></span> <span class='ocrx_word' id='word_1_25' title='bbox 1080 393 1163 436; x_wconf 75' lang='lat' dir='ltr'><strong>est</strong></span> <span class='ocrx_word' id='word_1_26' title='bbox 1202 380 1344 437; x_wconf 84' lang='lat' dir='ltr'><strong>anno</strong></span> <span class='ocrx_word' id='word_1_27' title='bbox 1370 385 1667 437; x_wconf 80' lang='lat' dir='ltr'><strong>clialiiattts</strong></span> 
     </span>
    </p>
   </div>
   <div class='ocr_carea' id='block_1_7' title="bbox 136 471 1664 542">
    <p class='ocr_par' dir='ltr' id='par_1_7' title="bbox 136 471 1664 542">
     <span class='ocr_line' id='line_1_7' title="bbox 136 471 1664 542; baseline -0.005 -11"><span class='ocrx_word' id='word_1_28' title='bbox 136 483 219 531; x_wconf 72' lang='lat' dir='ltr'><strong>Abi</strong></span> <span class='ocrx_word' id='word_1_29' title='bbox 273 478 416 529; x_wconf 69' lang='lat' dir='ltr'><strong>liceri</strong></span> <span class='ocrx_word' id='word_1_30' title='bbox 475 476 649 542; x_wconf 84' lang='lat' dir='ltr'><strong>primo</strong></span> <span class='ocrx_word' id='word_1_31' title='bbox 702 491 714 525; x_wconf 90' lang='lat'><strong>:</strong></span> <span class='ocrx_word' id='word_1_32' title='bbox 770 474 931 542; x_wconf 87' lang='lat' dir='ltr'><strong>idque</strong></span> <span class='ocrx_word' id='word_1_33' title='bbox 972 488 1121 525; x_wconf 89' lang='lat' dir='ltr'><strong>anno</strong></span> <span class='ocrx_word' id='word_1_34' title='bbox 1167 472 1377 541; x_wconf 86' lang='lat' dir='ltr'><strong>imperii</strong></span> <span class='ocrx_word' id='word_1_35' title='bbox 1430 471 1664 525; x_wconf 87' lang='lat' dir='ltr'><strong>lleraclii</strong></span> 
     </span>
    </p>
   </div>
   <div class='ocr_carea' id='block_1_8' title="bbox 132 563 1195 632">
    <p class='ocr_par' dir='ltr' id='par_1_8' title="bbox 132 563 1195 632">
     <span class='ocr_line' id='line_1_8' title="bbox 132 563 1195 632; baseline -0.005 -11"><span class='ocrx_word' id='word_1_36' title='bbox 132 572 481 621; x_wconf 78' lang='lat' dir='ltr'><strong>Romanorum</strong></span> <span class='ocrx_word' id='word_1_37' title='bbox 517 565 859 632; x_wconf 74' lang='lat' dir='ltr'><strong>imperatoris</strong></span> <span class='ocrx_word' id='word_1_38' title='bbox 890 563 1195 617; x_wconf 89' lang='lat' dir='ltr'><strong>undecimo.</strong></span> 
     </span>
    </p>
   </div>
   <div class='ocr_carea' id='block_1_9' title="bbox 190 652 1668 709">
    <p class='ocr_par' dir='ltr' id='par_1_9' title="bbox 190 652 1668 709">
     <span class='ocr_line' id='line_1_9' title="bbox 190 652 1668 709; baseline -0.003 0"><span class='ocrx_word' id='word_1_39' title='bbox 190 661 301 709; x_wconf 77' lang='lat' dir='ltr'><strong>Aliu</strong></span> <span class='ocrx_word' id='word_1_40' title='bbox 350 656 549 707; x_wconf 68' lang='lat' dir='ltr'><strong>licet-us</strong></span> <span class='ocrx_word' id='word_1_41' title='bbox 598 654 906 706; x_wconf 76' lang='lat' dir='ltr'><strong>clialil&#39;atuin</strong></span> <span class='ocrx_word' id='word_1_42' title='bbox 980 655 1231 708; x_wconf 75' lang='lat' dir='ltr'><strong>obtinens</strong></span> <span class='ocrx_word' id='word_1_43' title='bbox 1280 654 1484 707; x_wconf 73' lang='lat' dir='ltr'><strong>Arabes</strong></span> <span class='ocrx_word' id='word_1_44' title='bbox 1536 652 1668 707; x_wconf 81' lang='lat' dir='ltr'><strong>deﬁ-</strong></span> 
     </span>
    </p>
   </div>
   <div class='ocr_carea' id='block_1_10' title="bbox 131 729 1664 809">
    <p class='ocr_par' dir='ltr' id='par_1_10' title="bbox 131 729 1664 809">
     <span class='ocr_line' id='line_1_10' title="bbox 131 729 1664 809; baseline -0.003 -10"><span class='ocrx_word' id='word_1_45' title='bbox 131 748 319 799; x_wconf 90' lang='lat' dir='ltr'><strong>cientes</strong></span> <span class='ocrx_word' id='word_1_46' title='bbox 379 742 519 794; x_wconf 83' lang='lat' dir='ltr'><strong>bello</strong></span> <span class='ocrx_word' id='word_1_47' title='bbox 578 742 907 809; x_wconf 69' lang='lat' dir='ltr'><strong>oppugnavit</strong></span> <span class='ocrx_word' id='word_1_48' title='bbox 955 742 1126 796; x_wconf 84' lang='lat' dir='ltr'><strong>donec</strong></span> <span class='ocrx_word' id='word_1_49' title='bbox 1175 729 1242 795; x_wconf 85' lang='lat' dir='ltr'><strong>ad</strong></span> <span class='ocrx_word' id='word_1_50' title='bbox 1299 742 1664 795; x_wconf 87' lang='lat' dir='ltr'><strong>lslainismum</strong></span> 
     </span>
    </p>
   </div>
   <div class='ocr_carea' id='block_1_11' title="bbox 132 832 1669 902">
    <p class='ocr_par' dir='ltr' id='par_1_11' title="bbox 132 832 1669 902">
     <span class='ocr_line' id='line_1_11' title="bbox 132 832 1669 902; baseline -0.005 -11"><span class='ocrx_word' id='word_1_51' title='bbox 132 842 534 891; x_wconf 81' lang='lat' dir='ltr'><strong>reverterentur.</strong></span> <span class='ocrx_word' id='word_1_52' title='bbox 582 832 707 885; x_wconf 85' lang='lat' dir='ltr'><strong>Dein</strong></span> <span class='ocrx_word' id='word_1_53' title='bbox 752 833 1045 886; x_wconf 79' lang='lat' dir='ltr'><strong>Clialeduiii</strong></span> <span class='ocrx_word' id='word_1_54' title='bbox 1101 833 1213 885; x_wconf 78' lang='lat' dir='ltr'><strong>Elin</strong></span> <span class='ocrx_word' id='word_1_55' title='bbox 1244 832 1423 886; x_wconf 86' lang='lat' dir='ltr'><strong>Walid</strong></span> <span class='ocrx_word' id='word_1_56' title='bbox 1474 847 1669 902; x_wconf 70' lang='lat' dir='ltr'><strong>magnp</strong></span> 
     </span>
    </p>
   </div>
   <div class='ocr_carea' id='block_1_12' title="bbox 130 922 1672 991">
    <p class='ocr_par' dir='ltr' id='par_1_12' title="bbox 130 922 1672 991">
     <span class='ocr_line' id='line_1_12' title="bbox 130 922 1672 991; baseline -0.001 -13"><span class='ocrx_word' id='word_1_57' title='bbox 130 929 437 979; x_wconf 83' lang='lat' dir='ltr'><strong>instructum</strong></span> <span class='ocrx_word' id='word_1_58' title='bbox 459 924 703 977; x_wconf 78' lang='lat' dir='ltr'><strong>exercitu</strong></span> <span class='ocrx_word' id='word_1_59' title='bbox 736 922 916 977; x_wconf 84' lang='lat' dir='ltr'><strong>Eracu</strong></span> <span class='ocrx_word' id='word_1_60' title='bbox 931 941 977 973; x_wconf 89' lang='lat' dir='ltr'><strong>iii</strong></span> <span class='ocrx_word' id='word_1_61' title='bbox 1011 924 1178 986; x_wconf 90' lang='lat' dir='ltr'><strong>misit,</strong></span> <span class='ocrx_word' id='word_1_62' title='bbox 1203 925 1293 991; x_wconf 85' lang='lat' dir='ltr'><strong>qui</strong></span> <span class='ocrx_word' id='word_1_63' title='bbox 1325 939 1446 975; x_wconf 87' lang='lat' dir='ltr'><strong>cuin</strong></span> <span class='ocrx_word' id='word_1_64' title='bbox 1478 924 1530 975; x_wconf 90' lang='lat' dir='ltr'><strong>in</strong></span> <span class='ocrx_word' id='word_1_65' title='bbox 1566 926 1672 977; x_wconf 74' lang='lat' dir='ltr'><strong>Me-</strong></span> 
     </span>
    </p>
   </div>
   <div class='ocr_carea' id='block_1_13' title="bbox 131 1014 1668 1082">
    <p class='ocr_par' dir='ltr' id='par_1_13' title="bbox 131 1014 1668 1082">
     <span class='ocr_line' id='line_1_13' title="bbox 131 1014 1668 1082; baseline -0.001 -15"><span class='ocrx_word' id='word_1_66' title='bbox 131 1014 414 1082; x_wconf 81' lang='lat' dir='ltr'><strong>sopotamia</strong></span> <span class='ocrx_word' id='word_1_67' title='bbox 449 1022 632 1065; x_wconf 87' lang='lat' dir='ltr'><strong>castra</strong></span> <span class='ocrx_word' id='word_1_68' title='bbox 682 1016 972 1081; x_wconf 83' lang='lat' dir='ltr'><strong>posuisset,</strong></span> <span class='ocrx_word' id='word_1_69' title='bbox 1022 1026 1337 1081; x_wconf 78' lang='lat' dir='ltr'><strong>progressos</strong></span> <span class='ocrx_word' id='word_1_70' title='bbox 1372 1014 1441 1063; x_wconf 90' lang='lat' dir='ltr'><strong>ad</strong></span> <span class='ocrx_word' id='word_1_71' title='bbox 1492 1014 1668 1080; x_wconf 81' lang='lat' dir='ltr'><strong>ipsum</strong></span> 
     </span>
    </p>
   </div>
   <div class='ocr_carea' id='block_1_14' title="bbox 129 1102 1669 1173">
    <p class='ocr_par' dir='ltr' id='par_1_14' title="bbox 129 1102 1669 1173">
     <span class='ocr_line' id='line_1_14' title="bbox 129 1102 1669 1173; baseline -0.004 -13"><span class='ocrx_word' id='word_1_72' title='bbox 129 1106 354 1173; x_wconf 78' lang='lat' dir='ltr'><strong>regionis</strong></span> <span class='ocrx_word' id='word_1_73' title='bbox 400 1103 547 1158; x_wconf 89' lang='lat' dir='ltr'><strong>illius</strong></span> <span class='ocrx_word' id='word_1_74' title='bbox 582 1105 847 1173; x_wconf 88' lang='lat' dir='ltr'><strong>primores</strong></span> <span class='ocrx_word' id='word_1_75' title='bbox 895 1104 947 1156; x_wconf 91' lang='lat' dir='ltr'><strong>in</strong></span> <span class='ocrx_word' id='word_1_76' title='bbox 1004 1104 1161 1156; x_wconf 79' lang='lat' dir='ltr'><strong>ﬁdem</strong></span> <span class='ocrx_word' id='word_1_77' title='bbox 1205 1104 1429 1171; x_wconf 84' lang='lat' dir='ltr'><strong>recepit,</strong></span> <span class='ocrx_word' id='word_1_78' title='bbox 1477 1102 1669 1173; x_wconf 60' lang='lat'><strong>357.</strong></span> 
     </span>
    </p>
   </div>
   <div class='ocr_carea' id='block_1_15' title="bbox 53 1196 1673 1265">
    <p class='ocr_par' dir='ltr' id='par_1_15' title="bbox 53 1196 1673 1265">
     <span class='ocr_line' id='line_1_15' title="bbox 53 1196 1673 1265; baseline 0.001 -18"><span class='ocrx_word' id='word_1_79' title='bbox 53 1251 63 1262; x_wconf 30' lang='grc' dir='ltr'>ε</span> <span class='ocrx_word' id='word_1_80' title='bbox 126 1197 279 1265; x_wconf 66' lang='lat'><strong>259</strong></span> <span class='ocrx_word' id='word_1_81' title='bbox 300 1211 479 1263; x_wconf 82' lang='lat' dir='ltr'><strong>paceni</strong></span> <span class='ocrx_word' id='word_1_82' title='bbox 507 1212 625 1251; x_wconf 89' lang='lat' dir='ltr'><strong>cuin</strong></span> <span class='ocrx_word' id='word_1_83' title='bbox 656 1196 761 1249; x_wconf 88' lang='lat' dir='ltr'><strong>illis</strong></span> <span class='ocrx_word' id='word_1_84' title='bbox 781 1204 967 1262; x_wconf 87' lang='lat' dir='ltr'><strong>pactus</strong></span> <span class='ocrx_word' id='word_1_85' title='bbox 991 1208 1200 1248; x_wconf 86' lang='lat' dir='ltr'><strong>summa</strong></span> <span class='ocrx_word' id='word_1_86' title='bbox 1218 1209 1557 1249; x_wconf 87' lang='lat' dir='ltr'><strong>nummorum</strong></span> <span class='ocrx_word' id='word_1_87' title='bbox 1585 1212 1673 1253; x_wconf 75' lang='lat' dir='ltr'><strong>se~</strong></span> 
     </span>
    </p>
   </div>
   <div class='ocr_carea' id='block_1_16' title="bbox 128 1267 1670 1354">
    <p class='ocr_par' dir='ltr' id='par_1_16' title="bbox 128 1267 1670 1354">
     <span class='ocr_line' id='line_1_16' title="bbox 128 1267 1670 1354; baseline 0.001 -17"><span class='ocrx_word' id='word_1_88' title='bbox 128 1288 361 1353; x_wconf 81' lang='lat' dir='ltr'><strong>ptuagies</strong></span> <span class='ocrx_word' id='word_1_89' title='bbox 394 1288 608 1350; x_wconf 79' lang='lat' dir='ltr'><strong>millies,</strong></span> <span class='ocrx_word' id='word_1_90' title='bbox 641 1287 731 1352; x_wconf 86' lang='lat' dir='ltr'><strong>qui</strong></span> <span class='ocrx_word' id='word_1_91' title='bbox 781 1288 1014 1353; x_wconf 88' lang='lat' dir='ltr'><strong>primum</strong></span> <span class='ocrx_word' id='word_1_92' title='bbox 1062 1295 1216 1338; x_wconf 83' lang='lat' dir='ltr'><strong>erant</strong></span> <span class='ocrx_word' id='word_1_93' title='bbox 1264 1267 1491 1353; x_wconf 73' lang='lat' dir='ltr'><strong>vectigal</strong></span> <span class='ocrx_word' id='word_1_94' title='bbox 1524 1286 1670 1354; x_wconf 86' lang='lat' dir='ltr'><strong>quod</strong></span> 
     </span>
    </p>
   </div>
   <div class='ocr_carea' id='block_1_17' title="bbox 127 1375 1672 1443">
    <p class='ocr_par' dir='ltr' id='par_1_17' title="bbox 127 1375 1672 1443">
     <span class='ocr_line' id='line_1_17' title="bbox 127 1375 1672 1443; baseline 0.001 -16"><span class='ocrx_word' id='word_1_95' title='bbox 127 1382 170 1429; x_wconf 84' lang='lat' dir='ltr'><strong>in</strong></span> <span class='ocrx_word' id='word_1_96' title='bbox 206 1378 373 1428; x_wconf 66' lang='lat' dir='ltr'><strong>liraco</strong></span> <span class='ocrx_word' id='word_1_97' title='bbox 408 1380 643 1429; x_wconf 76' lang='lat' dir='ltr'><strong>solutum</strong></span> <span class='ocrx_word' id='word_1_98' title='bbox 675 1384 778 1437; x_wconf 86' lang='lat' dir='ltr'><strong>est,</strong></span> <span class='ocrx_word' id='word_1_99' title='bbox 811 1391 874 1427; x_wconf 88' lang='lat' dir='ltr'><strong>ac</strong></span> <span class='ocrx_word' id='word_1_100' title='bbox 910 1375 1065 1443; x_wconf 85' lang='lat' dir='ltr'><strong>primi</strong></span> <span class='ocrx_word' id='word_1_101' title='bbox 1111 1376 1316 1428; x_wconf 77' lang='lat' dir='ltr'><strong>nniniizi</strong></span> <span class='ocrx_word' id='word_1_102' title='bbox 1367 1378 1457 1443; x_wconf 89' lang='lat' dir='ltr'><strong>qui</strong></span> <span class='ocrx_word' id='word_1_103' title='bbox 1510 1392 1572 1430; x_wconf 78' lang='lat' dir='ltr'><strong>es</strong></span> <span class='ocrx_word' id='word_1_104' title='bbox 1607 1392 1672 1430; x_wconf 90' lang='lat' dir='ltr'><strong>ea</strong></span> 
     </span>
    </p>
   </div>
   <div class='ocr_carea' id='block_1_18' title="bbox 127 1462 1673 1535">
    <p class='ocr_par' dir='ltr' id='par_1_18' title="bbox 127 1462 1673 1535">
     <span class='ocr_line' id='line_1_18' title="bbox 127 1462 1673 1535; baseline 0.001 -19"><span class='ocrx_word' id='word_1_105' title='bbox 127 1462 397 1535; x_wconf 82' lang='lat' dir='ltr'><strong>provincia</strong></span> <span class='ocrx_word' id='word_1_106' title='bbox 429 1466 492 1516; x_wconf 89' lang='lat' dir='ltr'><strong>ad</strong></span> <span class='ocrx_word' id='word_1_107' title='bbox 522 1466 861 1529; x_wconf 82' lang='lat' dir='ltr'><strong>Abuliecruin</strong></span> <span class='ocrx_word' id='word_1_108' title='bbox 888 1474 1268 1529; x_wconf 85' lang='lat' dir='ltr'><strong>pervenerunt.</strong></span> <span class='ocrx_word' id='word_1_109' title='bbox 1293 1466 1427 1519; x_wconf 87' lang='lat' dir='ltr'><strong>Dein</strong></span> <span class='ocrx_word' id='word_1_110' title='bbox 1457 1467 1673 1533; x_wconf 79' lang='lat' dir='ltr'><strong>scripsit</strong></span> 
     </span>
    </p>
   </div>
   <div class='ocr_carea' id='block_1_19' title="bbox 125 1554 1672 1626">
    <p class='ocr_par' dir='ltr' id='par_1_19' title="bbox 125 1554 1672 1626">
     <span class='ocr_line' id='line_1_19' title="bbox 125 1554 1672 1626; baseline 0.002 -17"><span class='ocrx_word' id='word_1_111' title='bbox 125 1558 434 1610; x_wconf 74' lang='lat' dir='ltr'><strong>Abiibecrus</strong></span> <span class='ocrx_word' id='word_1_112' title='bbox 465 1554 777 1615; x_wconf 75' lang='lat' dir='ltr'><strong>Yaniannm,</strong></span> <span class='ocrx_word' id='word_1_113' title='bbox 827 1558 888 1608; x_wconf 77' lang='lat' dir='ltr'><strong>Al</strong></span> <span class='ocrx_word' id='word_1_114' title='bbox 916 1555 1088 1626; x_wconf 70' lang='lat' dir='ltr'><strong>Tayif.</strong></span> <span class='ocrx_word' id='word_1_115' title='bbox 1140 1556 1395 1620; x_wconf 70' lang='lat' dir='ltr'><strong>Met-cant,</strong></span> <span class='ocrx_word' id='word_1_116' title='bbox 1428 1560 1672 1624; x_wconf 79' lang='lat' dir='ltr'><strong>aliasque</strong></span> 
     </span>
    </p>
   </div>
   <div class='ocr_carea' id='block_1_20' title="bbox 1730 745 2901 818">
    <p class='ocr_par' dir='ltr' id='par_1_20' title="bbox 1730 745 2901 818">
     <span class='ocr_line' id='line_1_20' title="bbox 1730 745 2901 818; baseline 0.003 -19"><span class='ocrx_word' id='word_1_117' title='bbox 1730 748 2043 801; x_wconf 84' lang='lat' dir='ltr'><strong>,est-iiiter</strong></span> <span class='ocrx_word' id='word_1_118' title='bbox 2101 762 2199 800; x_wconf 90' lang='lat' dir='ltr'><strong>nos</strong></span> <span class='ocrx_word' id='word_1_119' title='bbox 2257 747 2631 818; x_wconf 74' lang='lat'><strong>261-263</strong></span> <span class='ocrx_word' id='word_1_120' title='bbox 2698 745 2751 803; x_wconf 84' lang='lat' dir='ltr'><strong>et</strong></span> <span class='ocrx_word' id='word_1_121' title='bbox 2801 764 2901 803; x_wconf 82' lang='lat' dir='ltr'><strong>vos</strong></span> 
     </span>
    </p>
   </div>
   <div class='ocr_carea' id='block_1_21' title="bbox 1770 386 3326 455">
    <p class='ocr_par' dir='ltr' id='par_1_21' title="bbox 1770 386 3326 455">
     <span class='ocr_line' id='line_1_21' title="bbox 1770 386 3326 455; baseline 0.004 -21"><span class='ocrx_word' id='word_1_122' title='bbox 1770 402 1995 446; x_wconf 76' lang='lat' dir='ltr'><strong>\&#39;es;ras,</strong></span> <span class='ocrx_word' id='word_1_123' title='bbox 2023 388 2101 438; x_wconf 81' lang='lat' dir='ltr'><strong>vel</strong></span> <span class='ocrx_word' id='word_1_124' title='bbox 2130 388 2439 455; x_wconf 76' lang='lat' dir='ltr'><strong>sanguines,</strong></span> <span class='ocrx_word' id='word_1_125' title='bbox 2468 386 2551 438; x_wconf 90' lang='lat' dir='ltr'><strong>vel</strong></span> <span class='ocrx_word' id='word_1_126' title='bbox 2574 402 2729 453; x_wconf 86' lang='lat' dir='ltr'><strong>opes,</strong></span> <span class='ocrx_word' id='word_1_127' title='bbox 2756 390 2835 440; x_wconf 84' lang='lat' dir='ltr'><strong>vel</strong></span> <span class='ocrx_word' id='word_1_128' title='bbox 2864 389 3065 442; x_wconf 86' lang='lat' dir='ltr'><strong>liberos</strong></span> <span class='ocrx_word' id='word_1_129' title='bbox 3096 401 3326 455; x_wconf 68' lang='lat' dir='ltr'><strong>spectet,</strong></span> 
     </span>
    </p>
   </div>
   <div class='ocr_carea' id='block_1_22' title="bbox 1769 476 3333 547">
    <p class='ocr_par' dir='ltr' id='par_1_22' title="bbox 1769 476 3333 547">
     <span class='ocr_line' id='line_1_22' title="bbox 1769 476 3333 547; baseline 0.004 -21"><span class='ocrx_word' id='word_1_130' title='bbox 1769 476 2126 547; x_wconf 72' lang='lat' dir='ltr'><strong>[iiialuniquv]</strong></span> <span class='ocrx_word' id='word_1_131' title='bbox 2200 477 2331 529; x_wconf 89' lang='lat' dir='ltr'><strong>illitd</strong></span> <span class='ocrx_word' id='word_1_132' title='bbox 2379 492 2406 528; x_wconf 91' lang='lat' dir='ltr'><strong>a</strong></span> <span class='ocrx_word' id='word_1_133' title='bbox 2476 477 2628 529; x_wconf 80' lang='lat' dir='ltr'><strong>vobis</strong></span> <span class='ocrx_word' id='word_1_134' title='bbox 2684 479 3047 545; x_wconf 84' lang='lat' dir='ltr'><strong>repellamus,</strong></span> <span class='ocrx_word' id='word_1_135' title='bbox 3095 481 3333 547; x_wconf 78' lang='lat' dir='ltr'><strong>quandiu</strong></span> 
     </span>
    </p>
   </div>
   <div class='ocr_carea' id='block_1_23' title="bbox 1769 567 3333 648">
    <p class='ocr_par' dir='ltr' id='par_1_23' title="bbox 1769 567 3333 648">
     <span class='ocr_line' id='line_1_23' title="bbox 1769 567 3333 648; baseline 0.001 -30"><span class='ocrx_word' id='word_1_136' title='bbox 1769 567 2123 648; x_wconf 58' lang='lat' dir='ltr'><strong>eiiiiftedei°ati</strong></span> <span class='ocrx_word' id='word_1_137' title='bbox 2169 570 2326 621; x_wconf 89' lang='lat' dir='ltr'><strong>nobis</strong></span> <span class='ocrx_word' id='word_1_138' title='bbox 2378 567 2623 643; x_wconf 76' lang='lat' dir='ltr'><strong>fueritis.</strong></span> <span class='ocrx_word' id='word_1_139' title='bbox 2676 568 2840 637; x_wconf 86' lang='lat' dir='ltr'><strong>idque</strong></span> <span class='ocrx_word' id='word_1_140' title='bbox 2888 581 3045 637; x_wconf 74' lang='lat' dir='ltr'><strong>pasto</strong></span> <span class='ocrx_word' id='word_1_141' title='bbox 3093 589 3119 623; x_wconf 89' lang='lat' dir='ltr'><strong>a</strong></span> <span class='ocrx_word' id='word_1_142' title='bbox 3181 572 3333 623; x_wconf 77' lang='lat' dir='ltr'><strong>nobis</strong></span> 
     </span>
    </p>
   </div>
   <div class='ocr_carea' id='block_1_24' title="bbox 1771 658 3334 723">
    <p class='ocr_par' dir='ltr' id='par_1_24' title="bbox 1771 658 3334 723">
     <span class='ocr_line' id='line_1_24' title="bbox 1771 658 3334 723; baseline -0.001 -14"><span class='ocrx_word' id='word_1_143' title='bbox 1771 659 2146 709; x_wconf 78' lang='lat' dir='ltr'><strong>conﬁrmatum</strong></span> <span class='ocrx_word' id='word_1_144' title='bbox 2189 658 2508 712; x_wconf 87' lang='lat' dir='ltr'><strong>habueritis.</strong></span> <span class='ocrx_word' id='word_1_145' title='bbox 2547 659 2703 723; x_wconf 83' lang='lat' dir='ltr'><strong>Quod</strong></span> <span class='ocrx_word' id='word_1_146' title='bbox 2760 659 2805 713; x_wconf 92' lang='lat' dir='ltr'><strong>si</strong></span> <span class='ocrx_word' id='word_1_147' title='bbox 2867 661 3189 723; x_wconf 82' lang='lat' dir='ltr'><strong>abniieritis.</strong></span> <span class='ocrx_word' id='word_1_148' title='bbox 3228 679 3334 713; x_wconf 80' lang='lat' dir='ltr'><strong>niiii</strong></span> 
     </span>
    </p>
   </div>
   <div class='ocr_carea' id='block_1_25' title="bbox 3011 759 3337 816">
    <p class='ocr_par' dir='ltr' id='par_1_25' title="bbox 3011 759 3337 816">
     <span class='ocr_line' id='line_1_25' title="bbox 3011 759 3337 816; baseline 0.006 -15"><span class='ocrx_word' id='word_1_149' title='bbox 3011 759 3137 807; x_wconf 66' lang='lat' dir='ltr'><strong>Iter,</strong></span> <span class='ocrx_word' id='word_1_150' title='bbox 3173 769 3337 816; x_wconf 72' lang='lat' dir='ltr'><strong>quain</strong></span> 
     </span>
    </p>
   </div>
   <div class='ocr_carea' id='block_1_26' title="bbox 1770 835 3334 903">
    <p class='ocr_par' dir='ltr' id='par_1_26' title="bbox 1770 835 3334 903">
     <span class='ocr_line' id='line_1_26' title="bbox 1770 835 3334 903; baseline 0.003 -17"><span class='ocrx_word' id='word_1_151' title='bbox 1770 836 1947 903; x_wconf 80' lang='lat' dir='ltr'><strong>gladio</strong></span> <span class='ocrx_word' id='word_1_152' title='bbox 1981 850 2064 887; x_wconf 87' lang='lat' dir='ltr'><strong>res</strong></span> <span class='ocrx_word' id='word_1_153' title='bbox 2096 835 2473 902; x_wconf 85' lang='lat' dir='ltr'><strong>dijudicanda,</strong></span> <span class='ocrx_word' id='word_1_154' title='bbox 2501 836 2676 889; x_wconf 88' lang='lat' dir='ltr'><strong>donec</strong></span> <span class='ocrx_word' id='word_1_155' title='bbox 2718 838 2800 889; x_wconf 87' lang='lat' dir='ltr'><strong>vel</strong></span> <span class='ocrx_word' id='word_1_156' title='bbox 2854 851 3046 890; x_wconf 89' lang='lat' dir='ltr'><strong>omnes</strong></span> <span class='ocrx_word' id='word_1_157' title='bbox 3071 839 3135 890; x_wconf 88' lang='lat' dir='ltr'><strong>ad</strong></span> <span class='ocrx_word' id='word_1_158' title='bbox 3168 854 3334 890; x_wconf 88' lang='lat' dir='ltr'><strong>itiiiiiii</strong></span> 
     </span>
    </p>
   </div>
   <div class='ocr_carea' id='block_1_27' title="bbox 1772 926 3335 998">
    <p class='ocr_par' dir='ltr' id='par_1_27' title="bbox 1772 926 3335 998">
     <span class='ocr_line' id='line_1_27' title="bbox 1772 926 3335 998; baseline 0.001 -20"><span class='ocrx_word' id='word_1_159' title='bbox 1772 929 2089 989; x_wconf 82' lang='lat' dir='ltr'><strong>moriamur,</strong></span> <span class='ocrx_word' id='word_1_160' title='bbox 2119 936 2212 979; x_wconf 88' lang='lat' dir='ltr'><strong>aut</strong></span> <span class='ocrx_word' id='word_1_161' title='bbox 2234 926 2379 994; x_wconf 85' lang='lat' dir='ltr'><strong>quod</strong></span> <span class='ocrx_word' id='word_1_162' title='bbox 2410 926 2660 979; x_wconf 88' lang='lat' dir='ltr'><strong>volumus</strong></span> <span class='ocrx_word' id='word_1_163' title='bbox 2684 942 2712 980; x_wconf 89' lang='lat' dir='ltr'><strong>a</strong></span> <span class='ocrx_word' id='word_1_164' title='bbox 2740 929 2890 983; x_wconf 84' lang='lat' dir='ltr'><strong>vobis</strong></span> <span class='ocrx_word' id='word_1_165' title='bbox 2912 944 3335 998; x_wconf 85' lang='lat' dir='ltr'><strong>consequamur.</strong></span> 
     </span>
    </p>
   </div>
   <div class='ocr_carea' id='block_1_28' title="bbox 1770 1014 3337 1085">
    <p class='ocr_par' dir='ltr' id='par_1_28' title="bbox 1770 1014 3337 1085">
     <span class='ocr_line' id='line_1_28' title="bbox 1770 1014 3337 1085; baseline 0.003 -18"><span class='ocrx_word' id='word_1_166' title='bbox 1770 1014 2039 1071; x_wconf 78' lang='lat' dir='ltr'><strong>Patricius</strong></span> <span class='ocrx_word' id='word_1_167' title='bbox 2084 1033 2214 1085; x_wconf 78' lang='lat' dir='ltr'><strong>ergo</strong></span> <span class='ocrx_word' id='word_1_168' title='bbox 2250 1018 2336 1079; x_wconf 87' lang='lat' dir='ltr'><strong>ubi</strong></span> <span class='ocrx_word' id='word_1_169' title='bbox 2373 1015 2559 1071; x_wconf 85' lang='lat' dir='ltr'><strong>Oniari</strong></span> <span class='ocrx_word' id='word_1_170' title='bbox 2611 1016 2783 1070; x_wconf 84' lang='lat' dir='ltr'><strong>Ebnol</strong></span> <span class='ocrx_word' id='word_1_171' title='bbox 2839 1019 2932 1072; x_wconf 68' lang='grc' dir='ltr'><strong>Δεῖ</strong></span> <span class='ocrx_word' id='word_1_172' title='bbox 2965 1022 3127 1082; x_wconf 85' lang='lat' dir='ltr'><strong>verba</strong></span> <span class='ocrx_word' id='word_1_173' title='bbox 3180 1020 3337 1072; x_wconf 84' lang='lat' dir='ltr'><strong>audi-</strong></span> 
     </span>
    </p>
   </div>
   <div class='ocr_carea' id='block_1_29' title="bbox 1772 1090 3337 1175">
    <p class='ocr_par' dir='ltr' id='par_1_29' title="bbox 1772 1090 3337 1175">
     <span class='ocr_line' id='line_1_29' title="bbox 1772 1090 3337 1175; baseline 0.006 -18"><span class='ocrx_word' id='word_1_174' title='bbox 1772 1106 1963 1168; x_wconf 81' lang='lat' dir='ltr'><strong>visset,</strong></span> <span class='ocrx_word' id='word_1_175' title='bbox 1994 1115 2048 1160; x_wconf 90' lang='lat' dir='ltr'><strong>et</strong></span> <span class='ocrx_word' id='word_1_176' title='bbox 2074 1090 2399 1175; x_wconf 36' lang='lat' dir='ltr'><strong>&#39;quaiitillain</strong></span> <span class='ocrx_word' id='word_1_177' title='bbox 2432 1106 2602 1175; x_wconf 89' lang='lat' dir='ltr'><strong>ipsius</strong></span> <span class='ocrx_word' id='word_1_178' title='bbox 2630 1108 2891 1161; x_wconf 87' lang='lat' dir='ltr'><strong>rationem</strong></span> <span class='ocrx_word' id='word_1_179' title='bbox 2910 1109 3167 1170; x_wconf 79' lang='lat' dir='ltr'><strong>haberet.</strong></span> <span class='ocrx_word' id='word_1_180' title='bbox 3199 1108 3337 1167; x_wconf 76' lang='lat' dir='ltr'><strong>dixit</strong></span> 
     </span>
    </p>
   </div>
   <div class='ocr_carea' id='block_1_30' title="bbox 1772 1194 3338 1267">
    <p class='ocr_par' dir='ltr' id='par_1_30' title="bbox 1772 1194 3338 1267">
     <span class='ocr_line' id='line_1_30' title="bbox 1772 1194 3338 1267; baseline 0.004 -21"><span class='ocrx_word' id='word_1_181' title='bbox 1772 1194 2063 1247; x_wconf 86' lang='lat' dir='ltr'><strong>comitibus</strong></span> <span class='ocrx_word' id='word_1_182' title='bbox 2093 1196 2209 1250; x_wconf 87' lang='lat' dir='ltr'><strong>suis</strong></span> <span class='ocrx_word' id='word_1_183' title='bbox 2238 1214 2252 1250; x_wconf 90' lang='lat'><strong>:</strong></span> <span class='ocrx_word' id='word_1_184' title='bbox 2282 1195 2543 1266; x_wconf 79' lang='lat' dir='ltr'><strong>Suspicor</strong></span> <span class='ocrx_word' id='word_1_185' title='bbox 2587 1197 2732 1251; x_wconf 87' lang='lat' dir='ltr'><strong>liunc</strong></span> <span class='ocrx_word' id='word_1_186' title='bbox 2765 1195 2949 1266; x_wconf 87' lang='lat' dir='ltr'><strong>populi</strong></span> <span class='ocrx_word' id='word_1_187' title='bbox 2988 1199 3138 1252; x_wconf 75' lang='lat' dir='ltr'><strong>illius</strong></span> <span class='ocrx_word' id='word_1_188' title='bbox 3167 1200 3338 1267; x_wconf 89' lang='lat' dir='ltr'><strong>impe-</strong></span> 
     </span>
    </p>
   </div>
   <div class='ocr_carea' id='block_1_31' title="bbox 1773 1286 3340 1356">
    <p class='ocr_par' dir='ltr' id='par_1_31' title="bbox 1773 1286 3340 1356">
     <span class='ocr_line' id='line_1_31' title="bbox 1773 1286 3340 1356; baseline 0.001 -17"><span class='ocrx_word' id='word_1_189' title='bbox 1773 1295 2013 1339; x_wconf 88' lang='lat' dir='ltr'><strong>ratorem</strong></span> <span class='ocrx_word' id='word_1_190' title='bbox 2049 1303 2199 1351; x_wconf 89' lang='lat' dir='ltr'><strong>esse,</strong></span> <span class='ocrx_word' id='word_1_191' title='bbox 2237 1290 2484 1356; x_wconf 88' lang='lat' dir='ltr'><strong>ipsisque</strong></span> <span class='ocrx_word' id='word_1_192' title='bbox 2530 1286 2587 1341; x_wconf 90' lang='lat' dir='ltr'><strong>in</strong></span> <span class='ocrx_word' id='word_1_193' title='bbox 2633 1288 2908 1341; x_wconf 78' lang='lat' dir='ltr'><strong>mandatis</strong></span> <span class='ocrx_word' id='word_1_194' title='bbox 2941 1288 3113 1352; x_wconf 84' lang='lat' dir='ltr'><strong>dedit,</strong></span> <span class='ocrx_word' id='word_1_195' title='bbox 3162 1297 3221 1341; x_wconf 93' lang='grc' dir='ltr'><strong>ιιι</strong></span> <span class='ocrx_word' id='word_1_196' title='bbox 3250 1290 3340 1341; x_wconf 87' lang='grc' dir='ltr'>ιιΙιῖ</span> 
     </span>
    </p>
   </div>
   <div class='ocr_carea' id='block_1_32' title="bbox 1774 1366 3340 1455">
    <p class='ocr_par' dir='ltr' id='par_1_32' title="bbox 1774 1366 3340 1455">
     <span class='ocr_line' id='line_1_32' title="bbox 1774 1366 3340 1455; baseline 0.003 -28"><span class='ocrx_word' id='word_1_197' title='bbox 1774 1377 1843 1428; x_wconf 84' lang='lat' dir='ltr'><strong>ad</strong></span> <span class='ocrx_word' id='word_1_198' title='bbox 1876 1384 2087 1444; x_wconf 80' lang='lat' dir='ltr'><strong>portam</strong></span> <span class='ocrx_word' id='word_1_199' title='bbox 2131 1378 2283 1430; x_wconf 88' lang='lat' dir='ltr'><strong>urbis</strong></span> <span class='ocrx_word' id='word_1_200' title='bbox 2313 1378 2562 1431; x_wconf 78' lang='lat' dir='ltr'><strong>exiturus</strong></span> <span class='ocrx_word' id='word_1_201' title='bbox 2608 1380 2943 1446; x_wconf 78' lang='lat' dir='ltr'><strong>perveniret,</strong></span> <span class='ocrx_word' id='word_1_202' title='bbox 2985 1366 3185 1455; x_wconf 83' lang='lat' dir='ltr'><strong>collum</strong></span> <span class='ocrx_word' id='word_1_203' title='bbox 3238 1380 3340 1449; x_wconf 86' lang='lat' dir='ltr'><strong>ipsi</strong></span> 
     </span>
    </p>
   </div>
   <div class='ocr_carea' id='block_1_33' title="bbox 1722 1462 3423 1539">
    <p class='ocr_par' dir='ltr' id='par_1_33' title="bbox 1722 1462 3423 1539">
     <span class='ocr_line' id='line_1_33' title="bbox 1722 1462 3423 1539; baseline 0.004 -22"><span class='ocrx_word' id='word_1_204' title='bbox 1722 1462 1727 1467; x_wconf 83' lang='grc'><strong>’</strong></span> <span class='ocrx_word' id='word_1_205' title='bbox 1774 1467 2148 1535; x_wconf 70' lang='lat' dir='ltr'><strong>praeciderent.</strong></span> <span class='ocrx_word' id='word_1_206' title='bbox 2184 1466 2305 1520; x_wconf 82' lang='lat' dir='ltr'><strong>Fuit</strong></span> <span class='ocrx_word' id='word_1_207' title='bbox 2328 1478 2506 1522; x_wconf 89' lang='lat' dir='ltr'><strong>autem</strong></span> <span class='ocrx_word' id='word_1_208' title='bbox 2533 1483 2655 1521; x_wconf 86' lang='lat' dir='ltr'><strong>cuin</strong></span> <span class='ocrx_word' id='word_1_209' title='bbox 2690 1468 2893 1522; x_wconf 86' lang='lat' dir='ltr'><strong>Omaro</strong></span> <span class='ocrx_word' id='word_1_210' title='bbox 2920 1486 3073 1539; x_wconf 86' lang='lat' dir='ltr'><strong>puer,</strong></span> <span class='ocrx_word' id='word_1_211' title='bbox 3120 1471 3340 1527; x_wconf 82' lang='lat' dir='ltr'><strong>nomine</strong></span> <span class='ocrx_word' id='word_1_212' title='bbox 3420 1486 3423 1487; x_wconf 71' lang='lat'><strong><em>&#39;</em></strong></span> 
     </span>
    </p>
   </div>
   <div class='ocr_carea' id='block_1_34' title="bbox 1779 1556 3339 1627">
    <p class='ocr_par' dir='ltr' id='par_1_34' title="bbox 1779 1556 3339 1627">
     <span class='ocr_line' id='line_1_34' title="bbox 1779 1556 3339 1627; baseline 0.004 -18"><span class='ocrx_word' id='word_1_213' title='bbox 1779 1556 2037 1621; x_wconf 87' lang='lat' dir='ltr'><strong>Wardan,</strong></span> <span class='ocrx_word' id='word_1_214' title='bbox 2068 1560 2160 1627; x_wconf 87' lang='lat' dir='ltr'><strong>qui</strong></span> <span class='ocrx_word' id='word_1_215' title='bbox 2188 1560 2426 1627; x_wconf 78' lang='lat' dir='ltr'><strong>linguam</strong></span> <span class='ocrx_word' id='word_1_216' title='bbox 2456 1559 2774 1614; x_wconf 76' lang='lat' dir='ltr'><strong>Romaicam</strong></span> <span class='ocrx_word' id='word_1_217' title='bbox 2804 1562 3058 1624; x_wconf 77' lang='lat' dir='ltr'><strong>callebat,</strong></span> <span class='ocrx_word' id='word_1_218' title='bbox 3086 1577 3208 1615; x_wconf 89' lang='lat' dir='ltr'><strong>cum</strong></span> <span class='ocrx_word' id='word_1_219' title='bbox 3248 1578 3339 1616; x_wconf 83' lang='lat' dir='ltr'><strong>na-</strong></span> 
     </span>
    </p>
   </div>
   <div class='ocr_carea' id='block_1_35' title="bbox 126 1636 3341 1720">
    <p class='ocr_par' dir='ltr' id='par_1_35' title="bbox 126 1636 3341 1720">
     <span class='ocr_line' id='line_1_35' title="bbox 126 1636 3341 1720; baseline 0.001 -18"><span class='ocrx_word' id='word_1_220' title='bbox 126 1654 353 1702; x_wconf 73' lang='lat' dir='ltr'><strong>Aralium</strong></span> <span class='ocrx_word' id='word_1_221' title='bbox 384 1648 580 1713; x_wconf 90' lang='lat' dir='ltr'><strong>tribus,</strong></span> <span class='ocrx_word' id='word_1_222' title='bbox 614 1663 767 1716; x_wconf 88' lang='lat' dir='ltr'><strong>opem</strong></span> <span class='ocrx_word' id='word_1_223' title='bbox 809 1648 874 1700; x_wconf 90' lang='lat' dir='ltr'><strong>ab</strong></span> <span class='ocrx_word' id='word_1_224' title='bbox 904 1648 1035 1715; x_wconf 88' lang='lat' dir='ltr'><strong>ipsis</strong></span> <span class='ocrx_word' id='word_1_225' title='bbox 1070 1659 1259 1715; x_wconf 89' lang='lat' dir='ltr'><strong>petens</strong></span> <span class='ocrx_word' id='word_1_226' title='bbox 1292 1648 1360 1702; x_wconf 89' lang='lat' dir='ltr'><strong>ad</strong></span> <span class='ocrx_word' id='word_1_227' title='bbox 1396 1648 1671 1702; x_wconf 77' lang='lat' dir='ltr'><strong>Romanos</strong></span> <span class='ocrx_word' id='word_1_228' title='bbox 1705 1636 1743 1690; x_wconf 80' lang='grc' dir='ltr'><strong><em>Β</em></strong></span> <span class='ocrx_word' id='word_1_229' title='bbox 1775 1650 1920 1703; x_wconf 91' lang='lat' dir='ltr'><strong>tione</strong></span> <span class='ocrx_word' id='word_1_230' title='bbox 1950 1648 2171 1704; x_wconf 69' lang='grc' dir='ltr'><strong>ϐτεευιιε</strong></span> <span class='ocrx_word' id='word_1_231' title='bbox 2213 1658 2380 1703; x_wconf 83' lang='lat' dir='ltr'><strong>esset.</strong></span> <span class='ocrx_word' id='word_1_232' title='bbox 2421 1651 2662 1705; x_wconf 87' lang='lat' dir='ltr'><strong>Narrans</strong></span> <span class='ocrx_word' id='word_1_233' title='bbox 2710 1666 2841 1720; x_wconf 77' lang='lat' dir='ltr'><strong>ergo</strong></span> <span class='ocrx_word' id='word_1_234' title='bbox 2875 1650 3076 1705; x_wconf 76' lang='lat' dir='ltr'><strong>Oti-aro</strong></span> <span class='ocrx_word' id='word_1_235' title='bbox 3114 1651 3341 1705; x_wconf 68' lang='lat' dir='ltr'><strong>Waria-</strong></span> 
     </span>
    </p>
   </div>
   <div class='ocr_carea' id='block_1_36' title="bbox 123 1732 1674 1809">
    <p class='ocr_par' dir='ltr' id='par_1_36' title="bbox 123 1732 1674 1809">
     <span class='ocr_line' id='line_1_36' title="bbox 123 1732 1674 1809; baseline 0 -15"><span class='ocrx_word' id='word_1_236' title='bbox 123 1740 528 1809; x_wconf 86' lang='lat' dir='ltr'><strong>oppugnandos.</strong></span> <span class='ocrx_word' id='word_1_237' title='bbox 544 1739 789 1807; x_wconf 86' lang='lat' dir='ltr'><strong>Cumque</strong></span> <span class='ocrx_word' id='word_1_238' title='bbox 814 1741 878 1790; x_wconf 91' lang='lat' dir='ltr'><strong>ad</strong></span> <span class='ocrx_word' id='word_1_239' title='bbox 904 1732 1079 1808; x_wconf 82' lang='lat' dir='ltr'><strong>ipsum</strong></span> <span class='ocrx_word' id='word_1_240' title='bbox 1100 1742 1495 1808; x_wconf 79' lang='lat' dir='ltr'><strong>pervenissent,</strong></span> <span class='ocrx_word' id='word_1_241' title='bbox 1516 1739 1674 1795; x_wconf 85' lang='lat' dir='ltr'><strong>Onia-</strong></span> 
     </span>
    </p>
   </div>
   <div class='ocr_carea' id='block_1_37' title="bbox 124 1830 1673 1897">
    <p class='ocr_par' dir='ltr' id='par_1_37' title="bbox 124 1830 1673 1897">
     <span class='ocr_line' id='line_1_37' title="bbox 124 1830 1673 1897; baseline 0.001 -12"><span class='ocrx_word' id='word_1_242' title='bbox 124 1848 233 1885; x_wconf 83' lang='lat' dir='ltr'><strong>riiin</strong></span> <span class='ocrx_word' id='word_1_243' title='bbox 286 1832 474 1885; x_wconf 68' lang='lat' dir='ltr'><strong>EIHIOI&#39;</strong></span> <span class='ocrx_word' id='word_1_244' title='bbox 506 1833 620 1895; x_wconf 73' lang='grc' dir='ltr'><strong>Δεῖ,</strong></span> <span class='ocrx_word' id='word_1_245' title='bbox 670 1831 1032 1897; x_wconf 85' lang='lat' dir='ltr'><strong>Sliarjaliiluin</strong></span> <span class='ocrx_word' id='word_1_246' title='bbox 1085 1831 1201 1884; x_wconf 80' lang='lat' dir='ltr'><strong>Ebu</strong></span> <span class='ocrx_word' id='word_1_247' title='bbox 1242 1830 1460 1897; x_wconf 85' lang='lat' dir='ltr'><strong>llasnab</strong></span> <span class='ocrx_word' id='word_1_248' title='bbox 1493 1834 1673 1887; x_wconf 81' lang='lat' dir='ltr'><strong>Abao-</strong></span> 
     </span>
    </p>
   </div>
   <div class='ocr_carea' id='block_1_38' title="bbox 122 1920 1673 1993">
    <p class='ocr_par' dir='ltr' id='par_1_38' title="bbox 122 1920 1673 1993">
     <span class='ocr_line' id='line_1_38' title="bbox 122 1920 1673 1993; baseline 0.001 -17"><span class='ocrx_word' id='word_1_249' title='bbox 122 1923 332 1976; x_wconf 84' lang='lat' dir='ltr'><strong>baiduin</strong></span> <span class='ocrx_word' id='word_1_250' title='bbox 370 1923 544 1977; x_wconf 83' lang='lat' dir='ltr'><strong>Ebnol</strong></span> <span class='ocrx_word' id='word_1_251' title='bbox 579 1921 773 1986; x_wconf 89' lang='lat' dir='ltr'><strong>larabi,</strong></span> <span class='ocrx_word' id='word_1_252' title='bbox 805 1920 1066 1975; x_wconf 84' lang='lat' dir='ltr'><strong>Yaziduin</strong></span> <span class='ocrx_word' id='word_1_253' title='bbox 1118 1923 1233 1976; x_wconf 81' lang='lat' dir='ltr'><strong>Elin</strong></span> <span class='ocrx_word' id='word_1_254' title='bbox 1284 1925 1386 1977; x_wconf 81' lang='lat' dir='ltr'><strong>Abi</strong></span> <span class='ocrx_word' id='word_1_255' title='bbox 1431 1924 1631 1993; x_wconf 84' lang='lat' dir='ltr'><strong>Soiyan</strong></span> <span class='ocrx_word' id='word_1_256' title='bbox 1656 1964 1673 1989; x_wconf 91' lang='lat'><strong>,</strong></span> 
     </span>
    </p>
   </div>
   <div class='ocr_carea' id='block_1_39' title="bbox 120 2014 1675 2085">
    <p class='ocr_par' dir='ltr' id='par_1_39' title="bbox 120 2014 1675 2085">
     <span class='ocr_line' id='line_1_39' title="bbox 120 2014 1675 2085; baseline 0.001 -16"><span class='ocrx_word' id='word_1_257' title='bbox 120 2016 283 2085; x_wconf 82' lang='lat' dir='ltr'><strong>copiis</strong></span> <span class='ocrx_word' id='word_1_258' title='bbox 349 2014 651 2069; x_wconf 84' lang='lat' dir='ltr'><strong>instructos</strong></span> <span class='ocrx_word' id='word_1_259' title='bbox 725 2016 916 2076; x_wconf 86' lang='lat' dir='ltr'><strong>misit,</strong></span> <span class='ocrx_word' id='word_1_260' title='bbox 975 2015 1304 2084; x_wconf 82' lang='lat' dir='ltr'><strong>imperatore</strong></span> <span class='ocrx_word' id='word_1_261' title='bbox 1370 2020 1675 2071; x_wconf 85' lang='lat' dir='ltr'><strong>constituto</strong></span> 
     </span>
    </p>
   </div>
   <div class='ocr_carea' id='block_1_40' title="bbox 120 2103 1673 2178">
    <p class='ocr_par' dir='ltr' id='par_1_40' title="bbox 120 2103 1673 2178">
     <span class='ocr_line' id='line_1_40' title="bbox 120 2103 1673 2178; baseline 0.002 -21"><span class='ocrx_word' id='word_1_262' title='bbox 120 2108 312 2159; x_wconf 81' lang='lat' dir='ltr'><strong>tbnaro</strong></span> <span class='ocrx_word' id='word_1_263' title='bbox 360 2106 530 2160; x_wconf 87' lang='lat' dir='ltr'><strong>Ebnol</strong></span> <span class='ocrx_word' id='word_1_264' title='bbox 580 2105 695 2168; x_wconf 73' lang='grc' dir='ltr'><strong>Δεῖ,</strong></span> <span class='ocrx_word' id='word_1_265' title='bbox 732 2103 1002 2178; x_wconf 74' lang='lat' dir='ltr'><strong>iussitque</strong></span> <span class='ocrx_word' id='word_1_266' title='bbox 1039 2108 1090 2158; x_wconf 93' lang='lat' dir='ltr'><strong>in</strong></span> <span class='ocrx_word' id='word_1_267' title='bbox 1143 2105 1351 2176; x_wconf 85' lang='lat' dir='ltr'><strong>Syriam</strong></span> <span class='ocrx_word' id='word_1_268' title='bbox 1389 2114 1483 2176; x_wconf 86' lang='lat' dir='ltr'><strong>per</strong></span> <span class='ocrx_word' id='word_1_269' title='bbox 1535 2108 1673 2161; x_wconf 81' lang='lat' dir='ltr'><strong>viain</strong></span> 
     </span>
    </p>
   </div>
   <div class='ocr_carea' id='block_1_41' title="bbox 118 2196 1677 2258">
    <p class='ocr_par' dir='ltr' id='par_1_41' title="bbox 118 2196 1677 2258">
     <span class='ocr_line' id='line_1_41' title="bbox 118 2196 1677 2258; baseline 0.001 -6"><span class='ocrx_word' id='word_1_270' title='bbox 118 2196 221 2252; x_wconf 88' lang='lat' dir='ltr'><strong>llalt</strong></span> <span class='ocrx_word' id='word_1_271' title='bbox 251 2197 502 2258; x_wconf 83' lang='lat' dir='ltr'><strong>tendere,</strong></span> <span class='ocrx_word' id='word_1_272' title='bbox 530 2197 588 2249; x_wconf 86' lang='lat' dir='ltr'><strong>in</strong></span> <span class='ocrx_word' id='word_1_273' title='bbox 616 2196 881 2249; x_wconf 80' lang='lat' dir='ltr'><strong>mandatis</strong></span> <span class='ocrx_word' id='word_1_274' title='bbox 916 2199 1052 2249; x_wconf 84' lang='lat' dir='ltr'><strong>dans</strong></span> <span class='ocrx_word' id='word_1_275' title='bbox 1098 2213 1165 2250; x_wconf 91' lang='lat' dir='ltr'><strong>ne</strong></span> <span class='ocrx_word' id='word_1_276' title='bbox 1192 2199 1273 2251; x_wconf 75' lang='lat' dir='ltr'><strong>vel</strong></span> <span class='ocrx_word' id='word_1_277' title='bbox 1306 2213 1491 2251; x_wconf 88' lang='lat' dir='ltr'><strong>senem</strong></span> <span class='ocrx_word' id='word_1_278' title='bbox 1520 2208 1677 2255; x_wconf 71' lang='lat' dir='ltr'><strong>aetate</strong></span> 
     </span>
    </p>
   </div>
   <div class='ocr_carea' id='block_1_42' title="bbox 117 2287 1676 2357">
    <p class='ocr_par' dir='ltr' id='par_1_42' title="bbox 117 2287 1676 2357">
     <span class='ocr_line' id='line_1_42' title="bbox 117 2287 1676 2357; baseline 0.004 -21"><span class='ocrx_word' id='word_1_279' title='bbox 117 2300 451 2357; x_wconf 87' lang='lat' dir='ltr'><strong>provectum,</strong></span> <span class='ocrx_word' id='word_1_280' title='bbox 508 2289 587 2341; x_wconf 86' lang='lat' dir='ltr'><strong>vel</strong></span> <span class='ocrx_word' id='word_1_281' title='bbox 640 2287 895 2339; x_wconf 80' lang='lat' dir='ltr'><strong>infantem</strong></span> <span class='ocrx_word' id='word_1_282' title='bbox 930 2288 1323 2351; x_wconf 80' lang='lat' dir='ltr'><strong>niiniirennczu,</strong></span> <span class='ocrx_word' id='word_1_283' title='bbox 1355 2291 1436 2342; x_wconf 87' lang='lat' dir='ltr'><strong>vel</strong></span> <span class='ocrx_word' id='word_1_284' title='bbox 1486 2289 1676 2343; x_wconf 89' lang='lat' dir='ltr'><strong>mulie-</strong></span> 
     </span>
    </p>
   </div>
   <div class='ocr_carea' id='block_1_43' title="bbox 118 2378 1675 2449">
    <p class='ocr_par' dir='ltr' id='par_1_43' title="bbox 118 2378 1675 2449">
     <span class='ocr_line' id='line_1_43' title="bbox 118 2378 1675 2449; baseline 0.001 -18"><span class='ocrx_word' id='word_1_285' title='bbox 118 2394 224 2431; x_wconf 86' lang='lat' dir='ltr'><strong>rem</strong></span> <span class='ocrx_word' id='word_1_286' title='bbox 268 2379 584 2447; x_wconf 83' lang='lat' dir='ltr'><strong>quampiam</strong></span> <span class='ocrx_word' id='word_1_287' title='bbox 630 2380 966 2440; x_wconf 89' lang='lat' dir='ltr'><strong>occiderent,</strong></span> <span class='ocrx_word' id='word_1_288' title='bbox 1020 2379 1102 2431; x_wconf 86' lang='lat' dir='ltr'><strong>vel</strong></span> <span class='ocrx_word' id='word_1_289' title='bbox 1150 2379 1400 2431; x_wconf 83' lang='lat' dir='ltr'><strong>arborem</strong></span> <span class='ocrx_word' id='word_1_290' title='bbox 1450 2378 1675 2449; x_wconf 77' lang='lat' dir='ltr'><strong>frugile-</strong></span> 
     </span>
    </p>
   </div>
   <div class='ocr_carea' id='block_1_44' title="bbox 118 2471 1675 2539">
    <p class='ocr_par' dir='ltr' id='par_1_44' title="bbox 118 2471 1675 2539">
     <span class='ocr_line' id='line_1_44' title="bbox 118 2471 1675 2539; baseline 0.001 -17"><span class='ocrx_word' id='word_1_291' title='bbox 118 2486 228 2524; x_wconf 86' lang='lat' dir='ltr'><strong>ram</strong></span> <span class='ocrx_word' id='word_1_292' title='bbox 262 2471 639 2539; x_wconf 67' lang='lat' dir='ltr'><strong>praeciderent,</strong></span> <span class='ocrx_word' id='word_1_293' title='bbox 681 2471 761 2524; x_wconf 73' lang='lat' dir='ltr'><strong>vel</strong></span> <span class='ocrx_word' id='word_1_294' title='bbox 809 2472 1219 2523; x_wconf 83' lang='lat' dir='ltr'><strong>loeuinculttiui</strong></span> <span class='ocrx_word' id='word_1_295' title='bbox 1254 2480 1551 2535; x_wconf 86' lang='lat' dir='ltr'><strong>vastarent,</strong></span> <span class='ocrx_word' id='word_1_296' title='bbox 1591 2472 1675 2524; x_wconf 79' lang='lat' dir='ltr'><strong>vel</strong></span> 
     </span>
    </p>
   </div>
   <div class='ocr_carea' id='block_1_45' title="bbox 115 2560 1675 2627">
    <p class='ocr_par' dir='ltr' id='par_1_45' title="bbox 115 2560 1675 2627">
     <span class='ocr_line' id='line_1_45' title="bbox 115 2560 1675 2627; baseline 0.001 -16"><span class='ocrx_word' id='word_1_297' title='bbox 115 2560 347 2627; x_wconf 76' lang='lat' dir='ltr'><strong>palmam</strong></span> <span class='ocrx_word' id='word_1_298' title='bbox 381 2563 773 2614; x_wconf 81' lang='lat' dir='ltr'><strong>succcndcrent</strong></span> <span class='ocrx_word' id='word_1_299' title='bbox 816 2574 909 2612; x_wconf 88' lang='lat' dir='ltr'><strong>aut</strong></span> <span class='ocrx_word' id='word_1_300' title='bbox 956 2563 1325 2626; x_wconf 87' lang='lat' dir='ltr'><strong>succiderent,</strong></span> <span class='ocrx_word' id='word_1_301' title='bbox 1373 2567 1453 2619; x_wconf 84' lang='lat' dir='ltr'><strong>vel</strong></span> <span class='ocrx_word' id='word_1_302' title='bbox 1498 2580 1675 2625; x_wconf 77' lang='lat' dir='ltr'><strong>ovem,</strong></span> 
     </span>
    </p>
   </div>
   <div class='ocr_carea' id='block_1_46' title="bbox 116 2650 1673 2723">
    <p class='ocr_par' dir='ltr' id='par_1_46' title="bbox 116 2650 1673 2723">
     <span class='ocr_line' id='line_1_46' title="bbox 116 2650 1673 2723; baseline 0.003 -20"><span class='ocrx_word' id='word_1_303' title='bbox 116 2653 331 2715; x_wconf 86' lang='lat' dir='ltr'><strong>bovem,</strong></span> <span class='ocrx_word' id='word_1_304' title='bbox 378 2659 471 2703; x_wconf 90' lang='lat' dir='ltr'><strong>aut</strong></span> <span class='ocrx_word' id='word_1_305' title='bbox 517 2651 724 2709; x_wconf 72' lang='lat' dir='ltr'><strong>litedum</strong></span> <span class='ocrx_word' id='word_1_306' title='bbox 766 2650 1099 2719; x_wconf 81' lang='lat' dir='ltr'><strong>jugularent.</strong></span> <span class='ocrx_word' id='word_1_307' title='bbox 1155 2652 1232 2705; x_wconf 89' lang='lat' dir='ltr'><strong>Illi</strong></span> <span class='ocrx_word' id='word_1_308' title='bbox 1272 2668 1401 2721; x_wconf 82' lang='lat' dir='ltr'><strong>ergo</strong></span> <span class='ocrx_word' id='word_1_309' title='bbox 1450 2654 1673 2723; x_wconf 75' lang='lat' dir='ltr'><strong>proiecti</strong></span> 
     </span>
    </p>
   </div>
   <div class='ocr_carea' id='block_1_47' title="bbox 112 2740 1664 2811">
    <p class='ocr_par' dir='ltr' id='par_1_47' title="bbox 112 2740 1664 2811">
     <span class='ocr_line' id='line_1_47' title="bbox 112 2740 1664 2811; baseline 0.001 -14"><span class='ocrx_word' id='word_1_310' title='bbox 112 2752 236 2797; x_wconf 79' lang='lat' dir='ltr'><strong>sunt</strong></span> <span class='ocrx_word' id='word_1_311' title='bbox 273 2742 450 2795; x_wconf 87' lang='lat' dir='ltr'><strong>donec</strong></span> <span class='ocrx_word' id='word_1_312' title='bbox 484 2751 660 2795; x_wconf 87' lang='lat' dir='ltr'><strong>castra</strong></span> <span class='ocrx_word' id='word_1_313' title='bbox 692 2752 956 2809; x_wconf 82' lang='lat' dir='ltr'><strong>ponerent</strong></span> <span class='ocrx_word' id='word_1_314' title='bbox 1001 2742 1053 2794; x_wconf 91' lang='lat' dir='ltr'><strong>in</strong></span> <span class='ocrx_word' id='word_1_315' title='bbox 1097 2757 1233 2811; x_wconf 87' lang='lat' dir='ltr'><strong>pago</strong></span> <span class='ocrx_word' id='word_1_316' title='bbox 1262 2740 1457 2796; x_wconf 85' lang='lat' dir='ltr'><strong>Taduii</strong></span> <span class='ocrx_word' id='word_1_317' title='bbox 1491 2745 1664 2807; x_wconf 86' lang='lat' dir='ltr'><strong>dicto,</strong></span> 
     </span>
    </p>
   </div>
   <div class='ocr_carea' id='block_1_48' title="bbox 113 2830 1674 2902">
    <p class='ocr_par' dir='ltr' id='par_1_48' title="bbox 113 2830 1674 2902">
     <span class='ocr_line' id='line_1_48' title="bbox 113 2830 1674 2902; baseline 0.006 -22"><span class='ocrx_word' id='word_1_318' title='bbox 113 2848 232 2901; x_wconf 69' lang='lat' dir='ltr'><strong>qum</strong></span> <span class='ocrx_word' id='word_1_319' title='bbox 270 2848 302 2887; x_wconf 87' lang='lat' dir='ltr'><strong>e</strong></span> <span class='ocrx_word' id='word_1_320' title='bbox 344 2835 495 2901; x_wconf 79' lang='lat' dir='ltr'><strong>pagis</strong></span> <span class='ocrx_word' id='word_1_321' title='bbox 525 2830 685 2884; x_wconf 80' lang='lat' dir='ltr'><strong>Gaza:</strong></span> <span class='ocrx_word' id='word_1_322' title='bbox 710 2841 814 2896; x_wconf 84' lang='lat' dir='ltr'><strong>est,</strong></span> <span class='ocrx_word' id='word_1_323' title='bbox 850 2846 952 2900; x_wconf 87' lang='lat' dir='ltr'><strong>qua</strong></span> <span class='ocrx_word' id='word_1_324' title='bbox 987 2830 1244 2899; x_wconf 84' lang='lat' dir='ltr'><strong>llejazuin</strong></span> <span class='ocrx_word' id='word_1_325' title='bbox 1288 2835 1543 2902; x_wconf 82' lang='lat' dir='ltr'><strong>resp-cit;</strong></span> <span class='ocrx_word' id='word_1_326' title='bbox 1584 2836 1674 2890; x_wconf 78' lang='lat' dir='ltr'><strong>ubi</strong></span> 
     </span>
    </p>
   </div>
   <div class='ocr_carea' id='block_1_49' title="bbox 111 2903 1667 2991">
    <p class='ocr_par' dir='ltr' id='par_1_49' title="bbox 111 2903 1667 2991">
     <span class='ocr_line' id='line_1_49' title="bbox 111 2903 1667 2991; baseline 0.002 -14"><span class='ocrx_word' id='word_1_327' title='bbox 111 2926 177 2977; x_wconf 83' lang='lat' dir='ltr'><strong>ad</strong></span> <span class='ocrx_word' id='word_1_328' title='bbox 206 2925 363 2991; x_wconf 87' lang='lat' dir='ltr'><strong>ipsos</strong></span> <span class='ocrx_word' id='word_1_329' title='bbox 388 2924 625 2975; x_wconf 88' lang='lat' dir='ltr'><strong>delatum</strong></span> <span class='ocrx_word' id='word_1_330' title='bbox 670 2934 751 2975; x_wconf 89' lang='lat' dir='ltr'><strong>est</strong></span> <span class='ocrx_word' id='word_1_331' title='bbox 800 2924 1045 2974; x_wconf 88' lang='lat' dir='ltr'><strong>nuntium</strong></span> <span class='ocrx_word' id='word_1_332' title='bbox 1094 2903 1334 2989; x_wconf 76' lang='lat' dir='ltr'><strong>Hei-aelii</strong></span> <span class='ocrx_word' id='word_1_333' title='bbox 1390 2928 1667 2980; x_wconf 73' lang='lat' dir='ltr'><strong>exercitus</strong></span> 
     </span>
    </p>
   </div>
   <div class='ocr_carea' id='block_1_50' title="bbox 111 3004 1671 3081">
    <p class='ocr_par' dir='ltr' id='par_1_50' title="bbox 111 3004 1671 3081">
     <span class='ocr_line' id='line_1_50' title="bbox 111 3004 1671 3081; baseline 0 -13"><span class='ocrx_word' id='word_1_334' title='bbox 111 3014 166 3069; x_wconf 91' lang='lat' dir='ltr'><strong>in</strong></span> <span class='ocrx_word' id='word_1_335' title='bbox 198 3016 336 3067; x_wconf 89' lang='lat' dir='ltr'><strong>urbe</strong></span> <span class='ocrx_word' id='word_1_336' title='bbox 371 3013 551 3067; x_wconf 84' lang='lat' dir='ltr'><strong>Gazali</strong></span> <span class='ocrx_word' id='word_1_337' title='bbox 585 3022 945 3081; x_wconf 81' lang='lat' dir='ltr'><strong>congregatos</strong></span> <span class='ocrx_word' id='word_1_338' title='bbox 986 3013 1171 3066; x_wconf 82' lang='lat' dir='ltr'><strong>fuisse.</strong></span> <span class='ocrx_word' id='word_1_339' title='bbox 1211 3004 1495 3069; x_wconf 77' lang='lat' dir='ltr'><strong>ileracliiis</strong></span> <span class='ocrx_word' id='word_1_340' title='bbox 1528 3021 1671 3069; x_wconf 88' lang='lat' dir='ltr'><strong>enim</strong></span> 
     </span>
    </p>
   </div>
   <div class='ocr_carea' id='block_1_51' title="bbox 109 3101 1676 3175">
    <p class='ocr_par' dir='ltr' id='par_1_51' title="bbox 109 3101 1676 3175">
     <span class='ocr_line' id='line_1_51' title="bbox 109 3101 1676 3175; baseline 0.001 -15"><span class='ocrx_word' id='word_1_341' title='bbox 109 3108 160 3160; x_wconf 85' lang='lat' dir='ltr'><strong>iil</strong></span> <span class='ocrx_word' id='word_1_342' title='bbox 227 3106 497 3173; x_wconf 85' lang='lat' dir='ltr'><strong>temporis</strong></span> <span class='ocrx_word' id='word_1_343' title='bbox 544 3102 790 3157; x_wconf 86' lang='lat' dir='ltr'><strong>Damasci</strong></span> <span class='ocrx_word' id='word_1_344' title='bbox 818 3101 966 3165; x_wconf 68' lang='lat' dir='ltr'><strong>.iuit.</strong></span> <span class='ocrx_word' id='word_1_345' title='bbox 1035 3103 1268 3173; x_wconf 47' lang='lat' dir='ltr'><strong>Scripsit</strong></span> <span class='ocrx_word' id='word_1_346' title='bbox 1326 3122 1455 3175; x_wconf 76' lang='lat' dir='ltr'><strong>ergo</strong></span> <span class='ocrx_word' id='word_1_347' title='bbox 1510 3106 1676 3163; x_wconf 86' lang='lat' dir='ltr'><strong>Oinar</strong></span> 
     </span>
    </p>
   </div>
   <div class='ocr_carea' id='block_1_52' title="bbox 111 3192 1671 3266">
    <p class='ocr_par' dir='ltr' id='par_1_52' title="bbox 111 3192 1671 3266">
     <span class='ocr_line' id='line_1_52' title="bbox 111 3192 1671 3266; baseline 0.003 -17"><span class='ocrx_word' id='word_1_348' title='bbox 111 3197 285 3250; x_wconf 68' lang='lat' dir='ltr'><strong>Lbniil</strong></span> <span class='ocrx_word' id='word_1_349' title='bbox 310 3196 404 3249; x_wconf 68' lang='grc' dir='ltr'><strong>Δεῖ</strong></span> <span class='ocrx_word' id='word_1_350' title='bbox 450 3194 515 3247; x_wconf 90' lang='lat' dir='ltr'><strong>ad</strong></span> <span class='ocrx_word' id='word_1_351' title='bbox 552 3192 932 3247; x_wconf 78' lang='lat' dir='ltr'><strong>Aliu‘Becruin</strong></span> <span class='ocrx_word' id='word_1_352' title='bbox 969 3208 1126 3263; x_wconf 90' lang='lat' dir='ltr'><strong>opem</strong></span> <span class='ocrx_word' id='word_1_353' title='bbox 1165 3200 1231 3248; x_wconf 86' lang='lat' dir='ltr'><strong>ab</strong></span> <span class='ocrx_word' id='word_1_354' title='bbox 1269 3198 1387 3265; x_wconf 86' lang='lat' dir='ltr'><strong>ipso</strong></span> <span class='ocrx_word' id='word_1_355' title='bbox 1420 3200 1671 3266; x_wconf 90' lang='lat' dir='ltr'><strong>petitum,</strong></span> 
     </span>
    </p>
   </div>
   <div class='ocr_carea' id='block_1_53' title="bbox 109 3284 1674 3357">
    <p class='ocr_par' dir='ltr' id='par_1_53' title="bbox 109 3284 1674 3357">
     <span class='ocr_line' id='line_1_53' title="bbox 109 3284 1674 3357; baseline 0.002 -17"><span class='ocrx_word' id='word_1_356' title='bbox 109 3290 403 3357; x_wconf 78' lang='lat' dir='ltr'><strong>ipsumque</strong></span> <span class='ocrx_word' id='word_1_357' title='bbox 444 3286 724 3338; x_wconf 87' lang='lat' dir='ltr'><strong>certiorem</strong></span> <span class='ocrx_word' id='word_1_358' title='bbox 756 3284 903 3347; x_wconf 81' lang='lat' dir='ltr'><strong>fecit,</strong></span> <span class='ocrx_word' id='word_1_359' title='bbox 933 3285 987 3338; x_wconf 89' lang='lat' dir='ltr'><strong>in</strong></span> <span class='ocrx_word' id='word_1_360' title='bbox 1020 3301 1186 3338; x_wconf 86' lang='lat' dir='ltr'><strong>unum</strong></span> <span class='ocrx_word' id='word_1_361' title='bbox 1210 3290 1536 3342; x_wconf 77' lang='lat' dir='ltr'><strong>eoiivenisse</strong></span> <span class='ocrx_word' id='word_1_362' title='bbox 1569 3288 1674 3343; x_wconf 84' lang='lat' dir='ltr'><strong>lle-</strong></span> 
     </span>
    </p>
   </div>
   <div class='ocr_carea' id='block_1_54' title="bbox 109 3373 1673 3444">
    <p class='ocr_par' dir='ltr' id='par_1_54' title="bbox 109 3373 1673 3444">
     <span class='ocr_line' id='line_1_54' title="bbox 109 3373 1673 3444; baseline 0.003 -15"><span class='ocrx_word' id='word_1_363' title='bbox 109 3379 264 3430; x_wconf 86' lang='lat' dir='ltr'><strong>iaelii</strong></span> <span class='ocrx_word' id='word_1_364' title='bbox 327 3390 536 3444; x_wconf 87' lang='lat' dir='ltr'><strong>copias.</strong></span> <span class='ocrx_word' id='word_1_365' title='bbox 568 3377 682 3428; x_wconf 81' lang='lat' dir='ltr'><strong>Abu</strong></span> <span class='ocrx_word' id='word_1_366' title='bbox 712 3373 910 3428; x_wconf 81' lang='lat' dir='ltr'><strong>Becrus</strong></span> <span class='ocrx_word' id='word_1_367' title='bbox 942 3376 1105 3443; x_wconf 82' lang='lat' dir='ltr'><strong>igitur</strong></span> <span class='ocrx_word' id='word_1_368' title='bbox 1136 3376 1201 3429; x_wconf 90' lang='lat' dir='ltr'><strong>ad</strong></span> <span class='ocrx_word' id='word_1_369' title='bbox 1229 3375 1524 3431; x_wconf 86' lang='lat' dir='ltr'><strong>Cltaledunt</strong></span> <span class='ocrx_word' id='word_1_370' title='bbox 1557 3379 1673 3434; x_wconf 86' lang='lat' dir='ltr'><strong>Ebn</strong></span> 
     </span>
    </p>
   </div>
   <div class='ocr_carea' id='block_1_55' title="bbox 112 3467 1677 3537">
    <p class='ocr_par' dir='ltr' id='par_1_55' title="bbox 112 3467 1677 3537">
     <span class='ocr_line' id='line_1_55' title="bbox 112 3467 1677 3537; baseline 0.003 -17"><span class='ocrx_word' id='word_1_371' title='bbox 112 3468 294 3521; x_wconf 77' lang='lat' dir='ltr'><strong>Walid</strong></span> <span class='ocrx_word' id='word_1_372' title='bbox 351 3468 598 3537; x_wconf 83' lang='lat' dir='ltr'><strong>scripsit,</strong></span> <span class='ocrx_word' id='word_1_373' title='bbox 631 3478 689 3519; x_wconf 91' lang='lat' dir='ltr'><strong>ut</strong></span> <span class='ocrx_word' id='word_1_374' title='bbox 725 3467 839 3534; x_wconf 66' lang='lat' dir='ltr'><strong>ipse</strong></span> <span class='ocrx_word' id='word_1_375' title='bbox 875 3480 998 3517; x_wconf 87' lang='lat' dir='ltr'><strong>cuiii</strong></span> <span class='ocrx_word' id='word_1_376' title='bbox 1032 3468 1203 3536; x_wconf 82' lang='lat' dir='ltr'><strong>copiis</strong></span> <span class='ocrx_word' id='word_1_377' title='bbox 1254 3470 1368 3523; x_wconf 88' lang='lat' dir='ltr'><strong>suis</strong></span> <span class='ocrx_word' id='word_1_378' title='bbox 1413 3471 1483 3523; x_wconf 85' lang='lat' dir='ltr'><strong>ait</strong></span> <span class='ocrx_word' id='word_1_379' title='bbox 1512 3472 1677 3525; x_wconf 87' lang='lat' dir='ltr'><strong>Oma-</strong></span> 
     </span>
    </p>
   </div>
   <div class='ocr_carea' id='block_1_56' title="bbox 108 3558 1674 3632">
    <p class='ocr_par' dir='ltr' id='par_1_56' title="bbox 108 3558 1674 3632">
     <span class='ocr_line' id='line_1_56' title="bbox 108 3558 1674 3632; baseline 0.003 -19"><span class='ocrx_word' id='word_1_380' title='bbox 108 3578 229 3613; x_wconf 91' lang='lat' dir='ltr'><strong>rum</strong></span> <span class='ocrx_word' id='word_1_381' title='bbox 275 3558 454 3614; x_wconf 73' lang='lat' dir='ltr'><strong>Ebriol</strong></span> <span class='ocrx_word' id='word_1_382' title='bbox 498 3559 590 3612; x_wconf 75' lang='grc' dir='ltr'><strong>Δεῖ</strong></span> <span class='ocrx_word' id='word_1_383' title='bbox 636 3558 1095 3627; x_wconf 74' lang='lat' dir='ltr'><strong>proﬁcisceretur,</strong></span> <span class='ocrx_word' id='word_1_384' title='bbox 1130 3575 1239 3629; x_wconf 90' lang='lat' dir='ltr'><strong>quo</strong></span> <span class='ocrx_word' id='word_1_385' title='bbox 1285 3561 1528 3616; x_wconf 81' lang='lat' dir='ltr'><strong>subsidio</strong></span> <span class='ocrx_word' id='word_1_386' title='bbox 1574 3564 1674 3632; x_wconf 88' lang='lat' dir='ltr'><strong>ipsi</strong></span> 
     </span>
    </p>
   </div>
   <div class='ocr_carea' id='block_1_57' title="bbox 107 3652 1673 3723">
    <p class='ocr_par' dir='ltr' id='par_1_57' title="bbox 107 3652 1673 3723">
     <span class='ocr_line' id='line_1_57' title="bbox 107 3652 1673 3723; baseline 0.001 -15"><span class='ocrx_word' id='word_1_387' title='bbox 107 3666 273 3708; x_wconf 78' lang='lat' dir='ltr'><strong>esset.</strong></span> <span class='ocrx_word' id='word_1_388' title='bbox 330 3652 616 3707; x_wconf 81' lang='lat' dir='ltr'><strong>Profectus</strong></span> <span class='ocrx_word' id='word_1_389' title='bbox 643 3652 804 3722; x_wconf 73' lang='lat'><strong>260</strong></span> <span class='ocrx_word' id='word_1_390' title='bbox 844 3669 975 3723; x_wconf 83' lang='lat' dir='ltr'><strong>ergo</strong></span> <span class='ocrx_word' id='word_1_391' title='bbox 1018 3655 1220 3708; x_wconf 77' lang='lat' dir='ltr'><strong>Citaled</strong></span> <span class='ocrx_word' id='word_1_392' title='bbox 1270 3655 1385 3709; x_wconf 87' lang='lat' dir='ltr'><strong>Elin</strong></span> <span class='ocrx_word' id='word_1_393' title='bbox 1431 3654 1607 3709; x_wconf 81' lang='lat' dir='ltr'><strong>Walid</strong></span> <span class='ocrx_word' id='word_1_394' title='bbox 1645 3672 1673 3708; x_wconf 88' lang='lat' dir='ltr'><strong>a</strong></span> 
     </span>
    </p>
   </div>
   <div class='ocr_carea' id='block_1_58' title="bbox 106 3745 1673 3815">
    <p class='ocr_par' dir='ltr' id='par_1_58' title="bbox 106 3745 1673 3815">
     <span class='ocr_line' id='line_1_58' title="bbox 106 3745 1673 3815; baseline 0.001 -14"><span class='ocrx_word' id='word_1_395' title='bbox 106 3750 300 3801; x_wconf 78' lang='lat' dir='ltr'><strong>Iazrab</strong></span> <span class='ocrx_word' id='word_1_396' title='bbox 349 3761 444 3814; x_wconf 85' lang='lat' dir='ltr'><strong>per</strong></span> <span class='ocrx_word' id='word_1_397' title='bbox 499 3746 638 3798; x_wconf 73' lang='lat' dir='ltr'><strong>tiam</strong></span> <span class='ocrx_word' id='word_1_398' title='bbox 682 3748 880 3798; x_wconf 82' lang='lat' dir='ltr'><strong>deserti</strong></span> <span class='ocrx_word' id='word_1_399' title='bbox 927 3747 993 3798; x_wconf 87' lang='lat' dir='ltr'><strong>ad</strong></span> <span class='ocrx_word' id='word_1_400' title='bbox 1046 3745 1302 3800; x_wconf 84' lang='lat' dir='ltr'><strong>Oniaruni</strong></span> <span class='ocrx_word' id='word_1_401' title='bbox 1344 3748 1535 3815; x_wconf 67' lang='lat' dir='ltr'><strong>,Ebiiol</strong></span> <span class='ocrx_word' id='word_1_402' title='bbox 1583 3751 1673 3803; x_wconf 68' lang='grc' dir='ltr'><strong>Δεῖ</strong></span> 
     </span>
    </p>
   </div>
   <div class='ocr_carea' id='block_1_59' title="bbox 104 3838 1678 3907">
    <p class='ocr_par' dir='ltr' id='par_1_59' title="bbox 104 3838 1678 3907">
     <span class='ocr_line' id='line_1_59' title="bbox 104 3838 1678 3907; baseline 0.006 -20"><span class='ocrx_word' id='word_1_403' title='bbox 104 3840 387 3907; x_wconf 67' lang='lat' dir='ltr'><strong>pervenit.</strong></span> <span class='ocrx_word' id='word_1_404' title='bbox 440 3838 621 3907; x_wconf 71' lang='lat' dir='ltr'><strong>Copize</strong></span> <span class='ocrx_word' id='word_1_405' title='bbox 655 3847 832 3891; x_wconf 86' lang='lat' dir='ltr'><strong>autem</strong></span> <span class='ocrx_word' id='word_1_406' title='bbox 872 3839 1101 3893; x_wconf 85' lang='lat' dir='ltr'><strong>lleraelii</strong></span> <span class='ocrx_word' id='word_1_407' title='bbox 1150 3858 1208 3892; x_wconf 81' lang='lat' dir='ltr'><strong>se</strong></span> <span class='ocrx_word' id='word_1_408' title='bbox 1238 3839 1395 3894; x_wconf 66' lang='lat' dir='ltr'><strong>Gate</strong></span> <span class='ocrx_word' id='word_1_409' title='bbox 1430 3844 1678 3896; x_wconf 81' lang='lat' dir='ltr'><strong>munive-</strong></span> 
     </span>
    </p>
   </div>
   <div class='ocr_carea' id='block_1_60' title="bbox 104 3928 1675 3997">
    <p class='ocr_par' dir='ltr' id='par_1_60' title="bbox 104 3928 1675 3997">
     <span class='ocr_line' id='line_1_60' title="bbox 104 3928 1675 3997; baseline 0.001 -14"><span class='ocrx_word' id='word_1_410' title='bbox 104 3942 253 3983; x_wconf 73' lang='lat' dir='ltr'><strong>rzittl.</strong></span> <span class='ocrx_word' id='word_1_411' title='bbox 298 3930 438 3983; x_wconf 83' lang='lat' dir='ltr'><strong>Cum</strong></span> <span class='ocrx_word' id='word_1_412' title='bbox 476 3944 605 3997; x_wconf 73' lang='lat' dir='ltr'><strong>ergo</strong></span> <span class='ocrx_word' id='word_1_413' title='bbox 652 3928 852 3981; x_wconf 82' lang='lat' dir='ltr'><strong>Gazam</strong></span> <span class='ocrx_word' id='word_1_414' title='bbox 897 3930 1258 3983; x_wconf 86' lang='lat' dir='ltr'><strong>accessisseut</strong></span> <span class='ocrx_word' id='word_1_415' title='bbox 1304 3933 1448 3985; x_wconf 91' lang='lat' dir='ltr'><strong>misit</strong></span> <span class='ocrx_word' id='word_1_416' title='bbox 1502 3931 1675 3985; x_wconf 81' lang='lat' dir='ltr'><strong>Patri-</strong></span> 
     </span>
    </p>
   </div>
   <div class='ocr_carea' id='block_1_61' title="bbox 103 4000 1677 4091">
    <p class='ocr_par' dir='ltr' id='par_1_61' title="bbox 103 4000 1677 4091">
     <span class='ocr_line' id='line_1_61' title="bbox 103 4000 1677 4091; baseline 0 -14"><span class='ocrx_word' id='word_1_417' title='bbox 103 4025 247 4089; x_wconf 86' lang='lat' dir='ltr'><strong>cius,</strong></span> <span class='ocrx_word' id='word_1_418' title='bbox 286 4000 556 4076; x_wconf 41' lang='lat' dir='ltr'><strong>cx‘ercitui</strong></span> <span class='ocrx_word' id='word_1_419' title='bbox 610 4021 839 4073; x_wconf 80' lang='lat' dir='ltr'><strong>Heraelii</strong></span> <span class='ocrx_word' id='word_1_420' title='bbox 878 4022 1189 4091; x_wconf 68' lang='lat' dir='ltr'><strong>praefectus,</strong></span> <span class='ocrx_word' id='word_1_421' title='bbox 1228 4024 1294 4076; x_wconf 87' lang='lat' dir='ltr'><strong>ad</strong></span> <span class='ocrx_word' id='word_1_422' title='bbox 1327 4023 1677 4077; x_wconf 76' lang='lat' dir='ltr'><strong>Mu‘slemino-</strong></span> 
     </span>
    </p>
   </div>
   <div class='ocr_carea' id='block_1_62' title="bbox 103 4110 1677 4178">
    <p class='ocr_par' dir='ltr' id='par_1_62' title="bbox 103 4110 1677 4178">
     <span class='ocr_line' id='line_1_62' title="bbox 103 4110 1677 4178; baseline 0 -12"><span class='ocrx_word' id='word_1_423' title='bbox 103 4130 224 4166; x_wconf 84' lang='lat' dir='ltr'><strong>rum</strong></span> <span class='ocrx_word' id='word_1_424' title='bbox 264 4112 597 4171; x_wconf 78' lang='lat' dir='ltr'><strong>exercitum,</strong></span> <span class='ocrx_word' id='word_1_425' title='bbox 632 4124 829 4178; x_wconf 83' lang='lat' dir='ltr'><strong>rogans</strong></span> <span class='ocrx_word' id='word_1_426' title='bbox 859 4118 919 4161; x_wconf 92' lang='grc' dir='ltr'><strong>ιιι</strong></span> <span class='ocrx_word' id='word_1_427' title='bbox 960 4112 1025 4162; x_wconf 86' lang='lat' dir='ltr'><strong>ad</strong></span> <span class='ocrx_word' id='word_1_428' title='bbox 1063 4111 1238 4178; x_wconf 82' lang='lat' dir='ltr'><strong>ipsum</strong></span> <span class='ocrx_word' id='word_1_429' title='bbox 1280 4110 1470 4163; x_wconf 87' lang='lat' dir='ltr'><strong>ducem</strong></span> <span class='ocrx_word' id='word_1_430' title='bbox 1506 4129 1536 4165; x_wconf 89' lang='lat' dir='ltr'><strong>e</strong></span> <span class='ocrx_word' id='word_1_431' title='bbox 1563 4115 1677 4166; x_wconf 88' lang='lat' dir='ltr'><strong>suis</strong></span> 
     </span>
    </p>
   </div>
   <div class='ocr_carea' id='block_1_63' title="bbox 102 4183 1673 4271">
    <p class='ocr_par' dir='ltr' id='par_1_63' title="bbox 102 4183 1673 4271">
     <span class='ocr_line' id='line_1_63' title="bbox 102 4183 1673 4271; baseline 0.001 -15"><span class='ocrx_word' id='word_1_432' title='bbox 102 4204 428 4271; x_wconf 82' lang='lat' dir='ltr'><strong>quempiam</strong></span> <span class='ocrx_word' id='word_1_433' title='bbox 496 4203 775 4254; x_wconf 83' lang='lat' dir='ltr'><strong>mitterent</strong></span> <span class='ocrx_word' id='word_1_434' title='bbox 834 4183 969 4269; x_wconf 36' lang='lat' dir='ltr'><strong>quo.</strong></span> <span class='ocrx_word' id='word_1_435' title='bbox 1014 4201 1351 4255; x_wconf 87' lang='lat' dir='ltr'><strong>internuntio</strong></span> <span class='ocrx_word' id='word_1_436' title='bbox 1406 4213 1673 4257; x_wconf 89' lang='lat' dir='ltr'><strong>uteretur.</strong></span> 
     </span>
    </p>
   </div>
   <div class='ocr_carea' id='block_1_64' title="bbox 1774 1741 3343 1813">
    <p class='ocr_par' dir='ltr' id='par_1_64' title="bbox 1774 1741 3343 1813">
     <span class='ocr_line' id='line_1_64' title="bbox 1774 1741 3343 1813; baseline 0.001 -18"><span class='ocrx_word' id='word_1_437' title='bbox 1774 1755 1879 1795; x_wconf 88' lang='lat' dir='ltr'><strong>nus</strong></span> <span class='ocrx_word' id='word_1_438' title='bbox 1924 1741 2052 1809; x_wconf 89' lang='lat' dir='ltr'><strong>quid</strong></span> <span class='ocrx_word' id='word_1_439' title='bbox 2083 1742 2366 1805; x_wconf 72' lang='lat' dir='ltr'><strong>audierat;</strong></span> <span class='ocrx_word' id='word_1_440' title='bbox 2407 1742 2560 1804; x_wconf 87' lang='lat' dir='ltr'><strong>Dolo,</strong></span> <span class='ocrx_word' id='word_1_441' title='bbox 2598 1742 2795 1812; x_wconf 89' lang='lat' dir='ltr'><strong>inquit,</strong></span> <span class='ocrx_word' id='word_1_442' title='bbox 2855 1751 3006 1795; x_wconf 87' lang='lat' dir='ltr'><strong>utere</strong></span> <span class='ocrx_word' id='word_1_443' title='bbox 3050 1760 3160 1813; x_wconf 89' lang='lat' dir='ltr'><strong>quo</strong></span> <span class='ocrx_word' id='word_1_444' title='bbox 3185 1758 3343 1811; x_wconf 79' lang='lat' dir='ltr'><strong>egre-</strong></span> 
     </span>
    </p>
   </div>
   <div class='ocr_carea' id='block_1_65' title="bbox 1774 1831 3339 1903">
    <p class='ocr_par' dir='ltr' id='par_1_65' title="bbox 1774 1831 3339 1903">
     <span class='ocr_line' id='line_1_65' title="bbox 1774 1831 3339 1903; baseline 0.001 -18"><span class='ocrx_word' id='word_1_445' title='bbox 1774 1832 1961 1885; x_wconf 87' lang='lat' dir='ltr'><strong>diaris.</strong></span> <span class='ocrx_word' id='word_1_446' title='bbox 1998 1831 2221 1886; x_wconf 84' lang='lat' dir='ltr'><strong>Dicente</strong></span> <span class='ocrx_word' id='word_1_447' title='bbox 2270 1834 2438 1903; x_wconf 85' lang='lat' dir='ltr'><strong>igitur</strong></span> <span class='ocrx_word' id='word_1_448' title='bbox 2476 1833 2707 1902; x_wconf 89' lang='lat' dir='ltr'><strong>patricio</strong></span> <span class='ocrx_word' id='word_1_449' title='bbox 2740 1831 2941 1887; x_wconf 88' lang='lat' dir='ltr'><strong>Oinaro</strong></span> <span class='ocrx_word' id='word_1_450' title='bbox 2974 1834 3147 1887; x_wconf 78' lang='lat' dir='ltr'><strong>Ebnol</strong></span> <span class='ocrx_word' id='word_1_451' title='bbox 3197 1836 3291 1888; x_wconf 72' lang='grc' dir='ltr'>Δεῖ</span> <span class='ocrx_word' id='word_1_452' title='bbox 3325 1849 3339 1886; x_wconf 87' lang='lat'><strong>:</strong></span> 
     </span>
    </p>
   </div>
   <div class='ocr_carea' id='block_1_66' title="bbox 1775 1914 3345 1994">
    <p class='ocr_par' dir='ltr' id='par_1_66' title="bbox 1775 1914 3345 1994">
     <span class='ocr_line' id='line_1_66' title="bbox 1775 1914 3345 1994; baseline 0.002 -17"><span class='ocrx_word' id='word_1_453' title='bbox 1775 1922 1941 1977; x_wconf 85' lang='lat' dir='ltr'><strong>Estne</strong></span> <span class='ocrx_word' id='word_1_454' title='bbox 1986 1924 2127 1977; x_wconf 87' lang='lat' dir='ltr'><strong>inter</strong></span> <span class='ocrx_word' id='word_1_455' title='bbox 2167 1914 2346 1978; x_wconf 84' lang='lat' dir='ltr'><strong>socios</strong></span> <span class='ocrx_word' id='word_1_456' title='bbox 2384 1932 2505 1977; x_wconf 89' lang='lat' dir='ltr'><strong>tuos</strong></span> <span class='ocrx_word' id='word_1_457' title='bbox 2549 1924 2641 1993; x_wconf 88' lang='lat' dir='ltr'><strong>qui</strong></span> <span class='ocrx_word' id='word_1_458' title='bbox 2694 1926 2790 1978; x_wconf 86' lang='lat' dir='ltr'><strong>tibi</strong></span> <span class='ocrx_word' id='word_1_459' title='bbox 2851 1940 2947 1992; x_wconf 85' lang='lat' dir='ltr'><strong>par</strong></span> <span class='ocrx_word' id='word_1_460' title='bbox 2994 1927 3067 1979; x_wconf 86' lang='lat' dir='ltr'><strong>sit</strong></span> <span class='ocrx_word' id='word_1_461' title='bbox 3108 1926 3345 1994; x_wconf 69' lang='lat' dir='ltr'><strong>aliquis!</strong></span> 
     </span>
    </p>
   </div>
   <div class='ocr_carea' id='block_1_67' title="bbox 1775 2012 3351 2087">
    <p class='ocr_par' dir='ltr' id='par_1_67' title="bbox 1775 2012 3351 2087">
     <span class='ocr_line' id='line_1_67' title="bbox 1775 2012 3351 2087; baseline 0.003 -21"><span class='ocrx_word' id='word_1_462' title='bbox 1775 2012 2072 2082; x_wconf 80' lang='lat' dir='ltr'><strong>Respondit</strong></span> <span class='ocrx_word' id='word_1_463' title='bbox 2094 2014 2257 2070; x_wconf 88' lang='lat' dir='ltr'><strong>Omar</strong></span> <span class='ocrx_word' id='word_1_464' title='bbox 2288 2033 2304 2069; x_wconf 91' lang='lat'><strong>:</strong></span> <span class='ocrx_word' id='word_1_465' title='bbox 2339 2016 2467 2070; x_wconf 86' lang='lat' dir='ltr'><strong>Sum</strong></span> <span class='ocrx_word' id='word_1_466' title='bbox 2494 2032 2594 2087; x_wconf 86' lang='lat' dir='ltr'><strong>ego</strong></span> <span class='ocrx_word' id='word_1_467' title='bbox 2635 2032 2665 2069; x_wconf 90' lang='lat' dir='ltr'><strong>e</strong></span> <span class='ocrx_word' id='word_1_468' title='bbox 2689 2016 2981 2071; x_wconf 87' lang='lat' dir='ltr'><strong>comitibus</strong></span> <span class='ocrx_word' id='word_1_469' title='bbox 3004 2016 3137 2071; x_wconf 82' lang='lat' dir='ltr'><strong>meis</strong></span> <span class='ocrx_word' id='word_1_470' title='bbox 3162 2017 3351 2087; x_wconf 76' lang='lat' dir='ltr'><strong>lingua</strong></span> 
     </span>
    </p>
   </div>
   <div class='ocr_carea' id='block_1_68' title="bbox 1777 2104 3346 2176">
    <p class='ocr_par' dir='ltr' id='par_1_68' title="bbox 1777 2104 3346 2176">
     <span class='ocr_line' id='line_1_68' title="bbox 1777 2104 3346 2176; baseline 0.002 -20"><span class='ocrx_word' id='word_1_471' title='bbox 1777 2104 2011 2157; x_wconf 72' lang='lat' dir='ltr'><strong>maxime</strong></span> <span class='ocrx_word' id='word_1_472' title='bbox 2043 2108 2214 2167; x_wconf 85' lang='lat' dir='ltr'><strong>rudis,</strong></span> <span class='ocrx_word' id='word_1_473' title='bbox 2244 2114 2296 2160; x_wconf 92' lang='lat' dir='ltr'><strong>ct</strong></span> <span class='ocrx_word' id='word_1_474' title='bbox 2330 2106 2559 2160; x_wconf 83' lang='lat' dir='ltr'><strong>consilio</strong></span> <span class='ocrx_word' id='word_1_475' title='bbox 2611 2107 2837 2161; x_wconf 88' lang='lat' dir='ltr'><strong>minime</strong></span> <span class='ocrx_word' id='word_1_476' title='bbox 2886 2107 3119 2175; x_wconf 87' lang='lat' dir='ltr'><strong>pollens,</strong></span> <span class='ocrx_word' id='word_1_477' title='bbox 3169 2108 3346 2176; x_wconf 88' lang='lat' dir='ltr'><strong>siqni-</strong></span> 
     </span>
    </p>
   </div>
   <div class='ocr_carea' id='block_1_69' title="bbox 1775 2192 3347 2267">
    <p class='ocr_par' dir='ltr' id='par_1_69' title="bbox 1775 2192 3347 2267">
     <span class='ocr_line' id='line_1_69' title="bbox 1775 2192 3347 2267; baseline 0.002 -20"><span class='ocrx_word' id='word_1_478' title='bbox 1775 2192 1895 2247; x_wconf 89' lang='lat' dir='ltr'><strong>dein</strong></span> <span class='ocrx_word' id='word_1_479' title='bbox 1942 2195 2055 2263; x_wconf 85' lang='lat' dir='ltr'><strong>ipse</strong></span> <span class='ocrx_word' id='word_1_480' title='bbox 2102 2210 2207 2249; x_wconf 92' lang='lat' dir='ltr'><strong>non</strong></span> <span class='ocrx_word' id='word_1_481' title='bbox 2253 2197 2389 2250; x_wconf 80' lang='lat' dir='ltr'><strong>alius</strong></span> <span class='ocrx_word' id='word_1_482' title='bbox 2427 2213 2545 2261; x_wconf 89' lang='lat' dir='ltr'><strong>sum</strong></span> <span class='ocrx_word' id='word_1_483' title='bbox 2600 2213 2764 2266; x_wconf 86' lang='lat' dir='ltr'><strong>quam</strong></span> <span class='ocrx_word' id='word_1_484' title='bbox 2820 2199 3052 2267; x_wconf 80' lang='lat' dir='ltr'><strong>legatus,</strong></span> <span class='ocrx_word' id='word_1_485' title='bbox 3087 2198 3180 2267; x_wconf 87' lang='lat' dir='ltr'><strong>qui</strong></span> <span class='ocrx_word' id='word_1_486' title='bbox 3210 2198 3347 2267; x_wconf 86' lang='lat' dir='ltr'><strong>quid</strong></span> 
     </span>
    </p>
   </div>
   <div class='ocr_carea' id='block_1_70' title="bbox 1776 2282 3343 2353">
    <p class='ocr_par' dir='ltr' id='par_1_70' title="bbox 1776 2282 3343 2353">
     <span class='ocr_line' id='line_1_70' title="bbox 1776 2282 3343 2353; baseline 0.004 -18"><span class='ocrx_word' id='word_1_487' title='bbox 1776 2282 1855 2335; x_wconf 90' lang='lat' dir='ltr'><strong>illi</strong></span> <span class='ocrx_word' id='word_1_488' title='bbox 1909 2282 2036 2335; x_wconf 90' lang='lat' dir='ltr'><strong>milii</strong></span> <span class='ocrx_word' id='word_1_489' title='bbox 2073 2284 2327 2339; x_wconf 77' lang='lat' dir='ltr'><strong>dixerunt</strong></span> <span class='ocrx_word' id='word_1_490' title='bbox 2376 2286 2442 2338; x_wconf 88' lang='lat' dir='ltr'><strong>ad</strong></span> <span class='ocrx_word' id='word_1_491' title='bbox 2496 2294 2553 2339; x_wconf 78' lang='lat' dir='ltr'><strong>te‘</strong></span> <span class='ocrx_word' id='word_1_492' title='bbox 2588 2288 2903 2353; x_wconf 86' lang='lat' dir='ltr'><strong>pertulerim</strong></span> <span class='ocrx_word' id='word_1_493' title='bbox 2938 2302 2953 2340; x_wconf 91' lang='lat'>:</span> <span class='ocrx_word' id='word_1_494' title='bbox 2986 2300 3115 2341; x_wconf 87' lang='lat' dir='ltr'><strong>sunt</strong></span> <span class='ocrx_word' id='word_1_495' title='bbox 3161 2299 3343 2341; x_wconf 85' lang='lat' dir='ltr'><strong>autem</strong></span> 
     </span>
    </p>
   </div>
   <div class='ocr_carea' id='block_1_71' title="bbox 1776 2353 3344 2446">
    <p class='ocr_par' dir='ltr' id='par_1_71' title="bbox 1776 2353 3344 2446">
     <span class='ocr_line' id='line_1_71' title="bbox 1776 2353 3344 2446; baseline 0.004 -21"><span class='ocrx_word' id='word_1_496' title='bbox 1776 2372 1959 2425; x_wconf 87' lang='lat' dir='ltr'><strong>decem</strong></span> <span class='ocrx_word' id='word_1_497' title='bbox 1993 2372 2090 2424; x_wconf 89' lang='lat' dir='ltr'><strong>viri</strong></span> <span class='ocrx_word' id='word_1_498' title='bbox 2121 2388 2205 2427; x_wconf 90' lang='lat' dir='ltr'><strong>ine</strong></span> <span class='ocrx_word' id='word_1_499' title='bbox 2229 2376 2654 2442; x_wconf 72' lang='lat' dir='ltr'><strong>priestantiores,</strong></span> <span class='ocrx_word' id='word_1_500' title='bbox 2684 2376 2776 2443; x_wconf 86' lang='lat' dir='ltr'><strong>qui</strong></span> <span class='ocrx_word' id='word_1_501' title='bbox 2799 2376 3095 2429; x_wconf 80' lang='lat' dir='ltr'><strong>exercitum</strong></span> <span class='ocrx_word' id='word_1_502' title='bbox 3126 2353 3344 2446; x_wconf 74' lang='lat' dir='ltr'><strong>regiint,</strong></span> 
     </span>
    </p>
   </div>
   <div class='ocr_carea' id='block_1_72' title="bbox 1776 2464 3347 2533">
    <p class='ocr_par' dir='ltr' id='par_1_72' title="bbox 1776 2464 3347 2533">
     <span class='ocr_line' id='line_1_72' title="bbox 1776 2464 3347 2533; baseline 0.004 -17"><span class='ocrx_word' id='word_1_503' title='bbox 1776 2477 1840 2516; x_wconf 86' lang='lat' dir='ltr'><strong>ac</strong></span> <span class='ocrx_word' id='word_1_504' title='bbox 1871 2464 2159 2517; x_wconf 85' lang='lat' dir='ltr'><strong>voluerunt</strong></span> <span class='ocrx_word' id='word_1_505' title='bbox 2184 2464 2401 2531; x_wconf 87' lang='lat' dir='ltr'><strong>quidem</strong></span> <span class='ocrx_word' id='word_1_506' title='bbox 2445 2466 2558 2533; x_wconf 88' lang='lat' dir='ltr'><strong>ipsa</strong></span> <span class='ocrx_word' id='word_1_507' title='bbox 2594 2482 2699 2517; x_wconf 89' lang='lat' dir='ltr'><strong>una</strong></span> <span class='ocrx_word' id='word_1_508' title='bbox 2749 2480 2959 2518; x_wconf 81' lang='lat' dir='ltr'><strong>meeum</strong></span> <span class='ocrx_word' id='word_1_509' title='bbox 2991 2466 3059 2519; x_wconf 88' lang='lat' dir='ltr'><strong>ad</strong></span> <span class='ocrx_word' id='word_1_510' title='bbox 3104 2475 3156 2521; x_wconf 89' lang='lat' dir='ltr'><strong>te</strong></span> <span class='ocrx_word' id='word_1_511' title='bbox 3186 2483 3347 2521; x_wconf 80' lang='lat' dir='ltr'><strong>arce-</strong></span> 
     </span>
    </p>
   </div>
   <div class='ocr_carea' id='block_1_73' title="bbox 1774 2552 3347 2622">
    <p class='ocr_par' dir='ltr' id='par_1_73' title="bbox 1774 2552 3347 2622">
     <span class='ocr_line' id='line_1_73' title="bbox 1774 2552 3347 2622; baseline 0.006 -19"><span class='ocrx_word' id='word_1_512' title='bbox 1774 2552 1924 2614; x_wconf 86' lang='lat' dir='ltr'><strong>dere,</strong></span> <span class='ocrx_word' id='word_1_513' title='bbox 1955 2552 2224 2620; x_wconf 76' lang='lat' dir='ltr'><strong>nisiquod</strong></span> <span class='ocrx_word' id='word_1_514' title='bbox 2268 2567 2351 2604; x_wconf 89' lang='lat' dir='ltr'><strong>ine</strong></span> <span class='ocrx_word' id='word_1_515' title='bbox 2402 2555 2671 2618; x_wconf 88' lang='lat' dir='ltr'><strong>miserint,</strong></span> <span class='ocrx_word' id='word_1_516' title='bbox 2710 2555 2924 2622; x_wconf 80' lang='lat' dir='ltr'><strong>utquid</strong></span> <span class='ocrx_word' id='word_1_517' title='bbox 2967 2554 3217 2610; x_wconf 86' lang='lat' dir='ltr'><strong>dicturus</strong></span> <span class='ocrx_word' id='word_1_518' title='bbox 3266 2559 3347 2613; x_wconf 79' lang='lat' dir='ltr'><strong>sis</strong></span> 
     </span>
    </p>
   </div>
   <div class='ocr_carea' id='block_1_74' title="bbox 1775 2639 3345 2713">
    <p class='ocr_par' dir='ltr' id='par_1_74' title="bbox 1775 2639 3345 2713">
     <span class='ocr_line' id='line_1_74' title="bbox 1775 2639 3345 2713; baseline 0.006 -22"><span class='ocrx_word' id='word_1_519' title='bbox 1775 2639 1989 2693; x_wconf 85' lang='lat' dir='ltr'><strong>audiam</strong></span> <span class='ocrx_word' id='word_1_520' title='bbox 2023 2658 2038 2695; x_wconf 88' lang='lat'><strong>:</strong></span> <span class='ocrx_word' id='word_1_521' title='bbox 2071 2640 2287 2709; x_wconf 72' lang='lat' dir='ltr'><strong>quod-si</strong></span> <span class='ocrx_word' id='word_1_522' title='bbox 2323 2643 2417 2693; x_wconf 91' lang='lat' dir='ltr'><strong>tibi</strong></span> <span class='ocrx_word' id='word_1_523' title='bbox 2465 2644 2640 2696; x_wconf 89' lang='lat' dir='ltr'><strong>visum</strong></span> <span class='ocrx_word' id='word_1_524' title='bbox 2688 2641 2850 2697; x_wconf 77' lang='lat' dir='ltr'><strong>lueiit</strong></span> <span class='ocrx_word' id='word_1_525' title='bbox 2903 2652 2962 2696; x_wconf 88' lang='lat' dir='ltr'><strong>iit</strong></span> <span class='ocrx_word' id='word_1_526' title='bbox 2994 2645 3145 2713; x_wconf 86' lang='lat' dir='ltr'><strong>ipsos</strong></span> <span class='ocrx_word' id='word_1_527' title='bbox 3167 2646 3345 2700; x_wconf 78' lang='lat' dir='ltr'><strong>addit-</strong></span> 
     </span>
    </p>
   </div>
   <div class='ocr_carea' id='block_1_75' title="bbox 1776 2726 3345 2804">
    <p class='ocr_par' dir='ltr' id='par_1_75' title="bbox 1776 2726 3345 2804">
     <span class='ocr_line' id='line_1_75' title="bbox 1776 2726 3345 2804; baseline 0.005 -19"><span class='ocrx_word' id='word_1_528' title='bbox 1776 2746 1916 2794; x_wconf 88' lang='lat' dir='ltr'><strong>cam,</strong></span> <span class='ocrx_word' id='word_1_529' title='bbox 1955 2748 2062 2800; x_wconf 89' lang='lat' dir='ltr'><strong>quo</strong></span> <span class='ocrx_word' id='word_1_530' title='bbox 2090 2748 2280 2787; x_wconf 90' lang='lat' dir='ltr'><strong>eorum</strong></span> <span class='ocrx_word' id='word_1_531' title='bbox 2305 2733 2470 2787; x_wconf 88' lang='lat' dir='ltr'><strong>verba</strong></span> <span class='ocrx_word' id='word_1_532' title='bbox 2498 2726 2715 2796; x_wconf 75' lang='lat' dir='ltr'><strong>audias,</strong></span> <span class='ocrx_word' id='word_1_533' title='bbox 2756 2737 3008 2804; x_wconf 82' lang='lat' dir='ltr'><strong>sciasque</strong></span> <span class='ocrx_word' id='word_1_534' title='bbox 3041 2753 3125 2791; x_wconf 90' lang='lat' dir='ltr'><strong>ine</strong></span> <span class='ocrx_word' id='word_1_535' title='bbox 3158 2754 3345 2793; x_wconf 89' lang='lat' dir='ltr'><strong>verum</strong></span> 
     </span>
    </p>
   </div>
   <div class='ocr_carea' id='block_1_76' title="bbox 1778 2821 3347 2894">
    <p class='ocr_par' dir='ltr' id='par_1_76' title="bbox 1778 2821 3347 2894">
     <span class='ocr_line' id='line_1_76' title="bbox 1778 2821 3347 2894; baseline 0.006 -19"><span class='ocrx_word' id='word_1_536' title='bbox 1778 2823 1871 2876; x_wconf 91' lang='lat' dir='ltr'><strong>tibi</strong></span> <span class='ocrx_word' id='word_1_537' title='bbox 1913 2821 2138 2887; x_wconf 70' lang='lat' dir='ltr'><strong>dixisse,</strong></span> <span class='ocrx_word' id='word_1_538' title='bbox 2189 2824 2293 2877; x_wconf 89' lang='lat' dir='ltr'><strong>hoc</strong></span> <span class='ocrx_word' id='word_1_539' title='bbox 2341 2823 2542 2878; x_wconf 80' lang='lat' dir='ltr'><strong>iecero.</strong></span> <span class='ocrx_word' id='word_1_540' title='bbox 2600 2825 2698 2879; x_wconf 77' lang='lat' dir='ltr'><strong>Cui</strong></span> <span class='ocrx_word' id='word_1_541' title='bbox 2764 2829 3023 2894; x_wconf 82' lang='lat' dir='ltr'><strong>patricius</strong></span> <span class='ocrx_word' id='word_1_542' title='bbox 3068 2844 3085 2882; x_wconf 87' lang='lat'><strong>:</strong></span> <span class='ocrx_word' id='word_1_543' title='bbox 3128 2827 3347 2893; x_wconf 85' lang='lat' dir='ltr'><strong>Facias,</strong></span> 
     </span>
    </p>
   </div>
   <div class='ocr_carea' id='block_1_77' title="bbox 1781 2913 3349 2990">
    <p class='ocr_par' dir='ltr' id='par_1_77' title="bbox 1781 2913 3349 2990">
     <span class='ocr_line' id='line_1_77' title="bbox 1781 2913 3349 2990; baseline 0.004 -23"><span class='ocrx_word' id='word_1_544' title='bbox 1781 2914 1976 2984; x_wconf 89' lang='lat' dir='ltr'><strong>inquit.</strong></span> <span class='ocrx_word' id='word_1_545' title='bbox 2020 2913 2213 2969; x_wconf 86' lang='lat' dir='ltr'><strong>Secum</strong></span> <span class='ocrx_word' id='word_1_546' title='bbox 2248 2916 2391 2970; x_wconf 87' lang='lat' dir='ltr'><strong>enim</strong></span> <span class='ocrx_word' id='word_1_547' title='bbox 2443 2923 2631 2970; x_wconf 88' lang='lat' dir='ltr'><strong>mente</strong></span> <span class='ocrx_word' id='word_1_548' title='bbox 2669 2918 2930 2986; x_wconf 83' lang='lat' dir='ltr'><strong>cogitavit</strong></span> <span class='ocrx_word' id='word_1_549' title='bbox 2975 2919 3219 2989; x_wconf 64' lang='lat' dir='ltr'><strong>dixitque</strong></span> <span class='ocrx_word' id='word_1_550' title='bbox 3255 2938 3349 2990; x_wconf 76' lang='lat' dir='ltr'><strong>pa.</strong></span> 
     </span>
    </p>
   </div>
   <div class='ocr_carea' id='block_1_78' title="bbox 1787 3003 3433 3075">
    <p class='ocr_par' dir='ltr' id='par_1_78' title="bbox 1787 3003 3433 3075">
     <span class='ocr_line' id='line_1_78' title="bbox 1787 3003 3433 3075; baseline 0.005 -19"><span class='ocrx_word' id='word_1_551' title='bbox 1787 3006 1978 3057; x_wconf 90' lang='lat' dir='ltr'><strong>trieius</strong></span> <span class='ocrx_word' id='word_1_552' title='bbox 2014 3020 2028 3057; x_wconf 89' lang='lat'><strong>:</strong></span> <span class='ocrx_word' id='word_1_553' title='bbox 2062 3003 2246 3058; x_wconf 87' lang='lat' dir='ltr'><strong>Satius</strong></span> <span class='ocrx_word' id='word_1_554' title='bbox 2274 3014 2357 3059; x_wconf 86' lang='lat' dir='ltr'><strong>est</strong></span> <span class='ocrx_word' id='word_1_555' title='bbox 2385 3004 2520 3057; x_wconf 82' lang='lat' dir='ltr'><strong>inibi</strong></span> <span class='ocrx_word' id='word_1_556' title='bbox 2564 3012 2621 3057; x_wconf 88' lang='lat' dir='ltr'><strong>ut</strong></span> <span class='ocrx_word' id='word_1_557' title='bbox 2650 3005 2834 3072; x_wconf 83' lang='lat' dir='ltr'><strong>plures</strong></span> <span class='ocrx_word' id='word_1_558' title='bbox 2867 3023 3031 3075; x_wconf 88' lang='lat' dir='ltr'><strong>quam</strong></span> <span class='ocrx_word' id='word_1_559' title='bbox 3078 3018 3136 3061; x_wconf 92' lang='lat' dir='ltr'><strong>ut</strong></span> <span class='ocrx_word' id='word_1_560' title='bbox 3183 3026 3348 3066; x_wconf 91' lang='lat' dir='ltr'><strong>unum</strong></span> <span class='ocrx_word' id='word_1_561' title='bbox 3425 3038 3433 3045; x_wconf 82' lang='grc'><strong>-</strong></span> 
     </span>
    </p>
   </div>
   <div class='ocr_carea' id='block_1_79' title="bbox 1785 3084 3351 3167">
    <p class='ocr_par' dir='ltr' id='par_1_79' title="bbox 1785 3084 3351 3167">
     <span class='ocr_line' id='line_1_79' title="bbox 1785 3084 3351 3167; baseline 0.005 -20"><span class='ocrx_word' id='word_1_562' title='bbox 1785 3094 2123 3149; x_wconf 76' lang='lat' dir='ltr'><strong>interﬁciant.</strong></span> <span class='ocrx_word' id='word_1_563' title='bbox 2167 3093 2307 3149; x_wconf 75' lang='lat' dir='ltr'><strong>Misit</strong></span> <span class='ocrx_word' id='word_1_564' title='bbox 2336 3110 2465 3163; x_wconf 83' lang='lat' dir='ltr'><strong>ergo</strong></span> <span class='ocrx_word' id='word_1_565' title='bbox 2485 3096 2549 3149; x_wconf 91' lang='lat' dir='ltr'><strong>ad</strong></span> <span class='ocrx_word' id='word_1_566' title='bbox 2584 3096 2711 3149; x_wconf 91' lang='lat' dir='ltr'><strong>illos</strong></span> <span class='ocrx_word' id='word_1_567' title='bbox 2739 3084 2891 3165; x_wconf 85' lang='lat' dir='ltr'><strong>quos</strong></span> <span class='ocrx_word' id='word_1_568' title='bbox 2914 3099 3153 3167; x_wconf 86' lang='lat' dir='ltr'><strong>jiisserat</strong></span> <span class='ocrx_word' id='word_1_569' title='bbox 3179 3103 3351 3155; x_wconf 74' lang='lat' dir='ltr'><strong>inter-</strong></span> 
     </span>
    </p>
   </div>
   <div class='ocr_carea' id='block_1_80' title="bbox 1785 3184 3351 3256">
    <p class='ocr_par' dir='ltr' id='par_1_80' title="bbox 1785 3184 3351 3256">
     <span class='ocr_line' id='line_1_80' title="bbox 1785 3184 3351 3256; baseline 0.004 -17"><span class='ocrx_word' id='word_1_570' title='bbox 1785 3187 1944 3242; x_wconf 78' lang='lat' dir='ltr'><strong>ficere</strong></span> <span class='ocrx_word' id='word_1_571' title='bbox 1972 3184 2136 3256; x_wconf 65' lang='grc'><strong>264</strong></span> <span class='ocrx_word' id='word_1_572' title='bbox 2167 3185 2449 3250; x_wconf 90' lang='lat' dir='ltr'><strong>Oiuaruin,</strong></span> <span class='ocrx_word' id='word_1_573' title='bbox 2485 3200 2552 3239; x_wconf 91' lang='lat' dir='ltr'><strong>ne</strong></span> <span class='ocrx_word' id='word_1_574' title='bbox 2577 3186 2759 3255; x_wconf 89' lang='lat' dir='ltr'><strong>ipsum</strong></span> <span class='ocrx_word' id='word_1_575' title='bbox 2795 3198 2970 3243; x_wconf 82' lang='lat' dir='ltr'><strong>morte</strong></span> <span class='ocrx_word' id='word_1_576' title='bbox 2994 3189 3172 3244; x_wconf 86' lang='lat' dir='ltr'><strong>ullove</strong></span> <span class='ocrx_word' id='word_1_577' title='bbox 3206 3198 3351 3245; x_wconf 72' lang='lat' dir='ltr'><strong>niazo</strong></span> 
     </span>
    </p>
   </div>
   <div class='ocr_carea' id='block_1_81' title="bbox 1783 3281 3346 3354">
    <p class='ocr_par' dir='ltr' id='par_1_81' title="bbox 1783 3281 3346 3354">
     <span class='ocr_line' id='line_1_81' title="bbox 1783 3281 3346 3354; baseline 0.003 -19"><span class='ocrx_word' id='word_1_578' title='bbox 1783 3281 2077 3346; x_wconf 71' lang='lat' dir='ltr'><strong>adicerent,</strong></span> <span class='ocrx_word' id='word_1_579' title='bbox 2114 3296 2339 3350; x_wconf 84' lang='lat' dir='ltr'><strong>sperans</strong></span> <span class='ocrx_word' id='word_1_580' title='bbox 2364 3295 2679 3345; x_wconf 72' lang='lat' dir='ltr'><strong>accessuros</strong></span> <span class='ocrx_word' id='word_1_581' title='bbox 2710 3285 2897 3336; x_wconf 84' lang='lat' dir='ltr'><strong>decem</strong></span> <span class='ocrx_word' id='word_1_582' title='bbox 2919 3284 3091 3354; x_wconf 89' lang='lat' dir='ltr'><strong>ipsius</strong></span> <span class='ocrx_word' id='word_1_583' title='bbox 3113 3288 3346 3340; x_wconf 76' lang='lat' dir='ltr'><strong>Contith</strong></span> 
     </span>
    </p>
   </div>
   <div class='ocr_carea' id='block_1_82' title="bbox 1783 3372 3353 3446">
    <p class='ocr_par' dir='ltr' id='par_1_82' title="bbox 1783 3372 3353 3446">
     <span class='ocr_line' id='line_1_82' title="bbox 1783 3372 3353 3446; baseline 0.007 -23"><span class='ocrx_word' id='word_1_584' title='bbox 1783 3388 1893 3443; x_wconf 84' lang='lat' dir='ltr'><strong>quo</strong></span> <span class='ocrx_word' id='word_1_585' title='bbox 1952 3373 2099 3441; x_wconf 86' lang='lat' dir='ltr'><strong>ipsos</strong></span> <span class='ocrx_word' id='word_1_586' title='bbox 2150 3388 2181 3427; x_wconf 87' lang='lat' dir='ltr'><strong>e</strong></span> <span class='ocrx_word' id='word_1_587' title='bbox 2249 3372 2427 3426; x_wconf 88' lang='lat' dir='ltr'><strong>medio</strong></span> <span class='ocrx_word' id='word_1_588' title='bbox 2476 3374 2715 3427; x_wconf 87' lang='lat' dir='ltr'><strong>tolleret.</strong></span> <span class='ocrx_word' id='word_1_589' title='bbox 2775 3372 2939 3428; x_wconf 87' lang='lat' dir='ltr'><strong>Oiiiar</strong></span> <span class='ocrx_word' id='word_1_590' title='bbox 2991 3392 3124 3446; x_wconf 89' lang='lat' dir='ltr'><strong>ergo</strong></span> <span class='ocrx_word' id='word_1_591' title='bbox 3196 3390 3353 3446; x_wconf 78' lang='lat' dir='ltr'><strong>porta</strong></span> 
     </span>
    </p>
   </div>
   <div class='ocr_carea' id='block_1_83' title="bbox 1783 3464 3351 3535">
    <p class='ocr_par' dir='ltr' id='par_1_83' title="bbox 1783 3464 3351 3535">
     <span class='ocr_line' id='line_1_83' title="bbox 1783 3464 3351 3535; baseline 0 -14"><span class='ocrx_word' id='word_1_592' title='bbox 1783 3482 2034 3535; x_wconf 81' lang='lat' dir='ltr'><strong>egressus</strong></span> <span class='ocrx_word' id='word_1_593' title='bbox 2074 3466 2236 3519; x_wconf 89' lang='lat' dir='ltr'><strong>sociis</strong></span> <span class='ocrx_word' id='word_1_594' title='bbox 2261 3466 2380 3518; x_wconf 86' lang='lat' dir='ltr'><strong>suis</strong></span> <span class='ocrx_word' id='word_1_595' title='bbox 2412 3464 2685 3534; x_wconf 73' lang='lat' dir='ltr'><strong>Quomodo</strong></span> <span class='ocrx_word' id='word_1_596' title='bbox 2724 3480 2783 3518; x_wconf 90' lang='lat' dir='ltr'><strong>se</strong></span> <span class='ocrx_word' id='word_1_597' title='bbox 2816 3480 2902 3519; x_wconf 91' lang='lat' dir='ltr'><strong>res</strong></span> <span class='ocrx_word' id='word_1_598' title='bbox 2926 3467 3148 3522; x_wconf 80' lang='lat' dir='ltr'><strong>haberet</strong></span> <span class='ocrx_word' id='word_1_599' title='bbox 3224 3486 3351 3521; x_wconf 89' lang='lat' dir='ltr'><strong>iiar-</strong></span> 
     </span>
    </p>
   </div>
   <div class='ocr_carea' id='block_1_84' title="bbox 1785 3555 3355 3625">
    <p class='ocr_par' dir='ltr' id='par_1_84' title="bbox 1785 3555 3355 3625">
     <span class='ocr_line' id='line_1_84' title="bbox 1785 3555 3355 3625; baseline 0.001 -15"><span class='ocrx_word' id='word_1_600' title='bbox 1785 3573 1911 3611; x_wconf 87' lang='lat' dir='ltr'><strong>raiis</strong></span> <span class='ocrx_word' id='word_1_601' title='bbox 1940 3555 2092 3625; x_wconf 84' lang='lat' dir='ltr'><strong>:Ego</strong></span> <span class='ocrx_word' id='word_1_602' title='bbox 2139 3556 2359 3625; x_wconf 85' lang='lat' dir='ltr'><strong>(inquit)</strong></span> <span class='ocrx_word' id='word_1_603' title='bbox 2407 3570 2682 3621; x_wconf 88' lang='lat' dir='ltr'><strong>nunquam</strong></span> <span class='ocrx_word' id='word_1_604' title='bbox 2743 3555 2809 3607; x_wconf 89' lang='lat' dir='ltr'><strong>ad</strong></span> <span class='ocrx_word' id='word_1_605' title='bbox 2861 3556 3019 3609; x_wconf 86' lang='lat' dir='ltr'><strong>talem</strong></span> <span class='ocrx_word' id='word_1_606' title='bbox 3085 3568 3355 3611; x_wconf 83' lang='lat' dir='ltr'><strong>revertar.</strong></span> 
     </span>
    </p>
   </div>
   <div class='ocr_carea' id='block_1_85' title="bbox 1787 3645 3352 3716">
    <p class='ocr_par' dir='ltr' id='par_1_85' title="bbox 1787 3645 3352 3716">
     <span class='ocr_line' id='line_1_85' title="bbox 1787 3645 3352 3716; baseline 0 -16"><span class='ocrx_word' id='word_1_607' title='bbox 1787 3647 1946 3710; x_wconf 82' lang='lat' dir='ltr'><strong>Tum,</strong></span> <span class='ocrx_word' id='word_1_608' title='bbox 1980 3645 2121 3700; x_wconf 87' lang='lat' dir='ltr'><strong>Deus</strong></span> <span class='ocrx_word' id='word_1_609' title='bbox 2147 3648 2413 3699; x_wconf 78' lang='lat' dir='ltr'><strong>maximus</strong></span> <span class='ocrx_word' id='word_1_610' title='bbox 2445 3658 2549 3707; x_wconf 86' lang='lat' dir='ltr'><strong>est,</strong></span> <span class='ocrx_word' id='word_1_611' title='bbox 2606 3647 2947 3711; x_wconf 64' lang='lat' dir='ltr'><strong>exclaniavd,</strong></span> <span class='ocrx_word' id='word_1_612' title='bbox 2979 3663 3042 3699; x_wconf 89' lang='lat' dir='ltr'><strong>ac</strong></span> <span class='ocrx_word' id='word_1_613' title='bbox 3083 3652 3352 3716; x_wconf 67' lang='lat' dir='ltr'><strong>prudeuiio</strong></span> 
     </span>
    </p>
   </div>
   <div class='ocr_carea' id='block_1_86' title="bbox 1786 3734 3355 3807">
    <p class='ocr_par' dir='ltr' id='par_1_86' title="bbox 1786 3734 3355 3807">
     <span class='ocr_line' id='line_1_86' title="bbox 1786 3734 3355 3807; baseline 0.003 -17"><span class='ocrx_word' id='word_1_614' title='bbox 1786 3741 1930 3793; x_wconf 89' lang='lat' dir='ltr'><strong>tibus</strong></span> <span class='ocrx_word' id='word_1_615' title='bbox 1958 3741 2213 3793; x_wconf 53' lang='lat' dir='ltr'><strong>ltoi‘iianis</strong></span> <span class='ocrx_word' id='word_1_616' title='bbox 2243 3740 2481 3807; x_wconf 77' lang='lat' dir='ltr'><strong>prazlium</strong></span> <span class='ocrx_word' id='word_1_617' title='bbox 2519 3738 2658 3793; x_wconf 87' lang='lat' dir='ltr'><strong>inter</strong></span> <span class='ocrx_word' id='word_1_618' title='bbox 2690 3734 2835 3806; x_wconf 63' lang='lat' dir='ltr'><strong>ipsos</strong></span> <span class='ocrx_word' id='word_1_619' title='bbox 2868 3744 3219 3797; x_wconf 71' lang='lat' dir='ltr'><strong>commissum</strong></span> <span class='ocrx_word' id='word_1_620' title='bbox 3244 3752 3355 3806; x_wconf 82' lang='lat' dir='ltr'><strong>est,</strong></span> 
     </span>
    </p>
   </div>
   <div class='ocr_carea' id='block_1_87' title="bbox 1787 3826 3351 3899">
    <p class='ocr_par' dir='ltr' id='par_1_87' title="bbox 1787 3826 3351 3899">
     <span class='ocr_line' id='line_1_87' title="bbox 1787 3826 3351 3899; baseline 0.002 -16"><span class='ocrx_word' id='word_1_621' title='bbox 1787 3830 1839 3888; x_wconf 75' lang='lat' dir='ltr'><strong>iii</strong></span> <span class='ocrx_word' id='word_1_622' title='bbox 1871 3845 1975 3898; x_wconf 80' lang='lat' dir='ltr'><strong>quo</strong></span> <span class='ocrx_word' id='word_1_623' title='bbox 2005 3830 2177 3883; x_wconf 84' lang='lat' dir='ltr'><strong>versis</strong></span> <span class='ocrx_word' id='word_1_624' title='bbox 2229 3834 2281 3881; x_wconf 92' lang='lat' dir='ltr'><strong>in</strong></span> <span class='ocrx_word' id='word_1_625' title='bbox 2336 3831 2516 3899; x_wconf 82' lang='lat' dir='ltr'><strong>fugam</strong></span> <span class='ocrx_word' id='word_1_626' title='bbox 2572 3826 2831 3883; x_wconf 73' lang='lat' dir='ltr'><strong>Romanis</strong></span> <span class='ocrx_word' id='word_1_627' title='bbox 2881 3846 3130 3899; x_wconf 79' lang='lat' dir='ltr'><strong>magnam</strong></span> <span class='ocrx_word' id='word_1_628' title='bbox 3157 3849 3351 3887; x_wconf 82' lang='lat' dir='ltr'><strong>eorum</strong></span> 
     </span>
    </p>
   </div>
   <div class='ocr_carea' id='block_1_88' title="bbox 1786 3909 3351 3989">
    <p class='ocr_par' dir='ltr' id='par_1_88' title="bbox 1786 3909 3351 3989">
     <span class='ocr_line' id='line_1_88' title="bbox 1786 3909 3351 3989; baseline 0.001 -14"><span class='ocrx_word' id='word_1_629' title='bbox 1786 3909 2026 3988; x_wconf 74' lang='lat' dir='ltr'><strong>strageni</strong></span> <span class='ocrx_word' id='word_1_630' title='bbox 2071 3920 2259 3981; x_wconf 86' lang='lat' dir='ltr'><strong>edidit,</strong></span> <span class='ocrx_word' id='word_1_631' title='bbox 2307 3934 2541 3987; x_wconf 90' lang='lat' dir='ltr'><strong>quorum</strong></span> <span class='ocrx_word' id='word_1_632' title='bbox 2598 3920 2826 3989; x_wconf 70' lang='lat' dir='ltr'><strong>vestigia</strong></span> <span class='ocrx_word' id='word_1_633' title='bbox 2873 3920 3103 3975; x_wconf 90' lang='lat' dir='ltr'><strong>insecuti</strong></span> <span class='ocrx_word' id='word_1_634' title='bbox 3158 3924 3351 3977; x_wconf 79' lang='lat' dir='ltr'><strong>Moslc-</strong></span> 
     </span>
    </p>
   </div>
   <div class='ocr_carea' id='block_1_89' title="bbox 1786 4008 3351 4082">
    <p class='ocr_par' dir='ltr' id='par_1_89' title="bbox 1786 4008 3351 4082">
     <span class='ocr_line' id='line_1_89' title="bbox 1786 4008 3351 4082; baseline 0.003 -17"><span class='ocrx_word' id='word_1_635' title='bbox 1786 4012 1915 4066; x_wconf 71' lang='lat' dir='ltr'><strong>iiiiii‘.</strong></span> <span class='ocrx_word' id='word_1_636' title='bbox 1970 4013 2115 4081; x_wconf 92' lang='lat' dir='ltr'><strong>ipsos</strong></span> <span class='ocrx_word' id='word_1_637' title='bbox 2162 4012 2445 4065; x_wconf 71' lang='lat' dir='ltr'><strong>l’alrestina</strong></span> <span class='ocrx_word' id='word_1_638' title='bbox 2497 4021 2550 4065; x_wconf 85' lang='lat' dir='ltr'><strong>et</strong></span> <span class='ocrx_word' id='word_1_639' title='bbox 2580 4008 2838 4066; x_wconf 85' lang='lat' dir='ltr'><strong>Ordoimo</strong></span> <span class='ocrx_word' id='word_1_640' title='bbox 2892 4012 3262 4082; x_wconf 78' lang='lat' dir='ltr'><strong>llierosiilyiiia</strong></span> <span class='ocrx_word' id='word_1_641' title='bbox 3297 4028 3351 4070; x_wconf 87' lang='lat' dir='ltr'><strong>et</strong></span> 
     </span>
    </p>
   </div>
   <div class='ocr_carea' id='block_1_90' title="bbox 1784 4086 3351 4174">
    <p class='ocr_par' dir='ltr' id='par_1_90' title="bbox 1784 4086 3351 4174">
     <span class='ocr_line' id='line_1_90' title="bbox 1784 4086 3351 4174; baseline 0.001 -16"><span class='ocrx_word' id='word_1_642' title='bbox 1784 4086 2087 4159; x_wconf 72' lang='lat' dir='ltr'><strong>CteSarcaiii</strong></span> <span class='ocrx_word' id='word_1_643' title='bbox 2119 4103 2408 4171; x_wconf 74' lang='lat' dir='ltr'><strong>fugarunt;</strong></span> <span class='ocrx_word' id='word_1_644' title='bbox 2442 4104 2494 4157; x_wconf 85' lang='lat' dir='ltr'><strong>in</strong></span> <span class='ocrx_word' id='word_1_645' title='bbox 2526 4106 2726 4174; x_wconf 86' lang='lat' dir='ltr'><strong>quibus</strong></span> <span class='ocrx_word' id='word_1_646' title='bbox 2759 4102 2971 4158; x_wconf 83' lang='lat' dir='ltr'><strong>etiinse</strong></span> <span class='ocrx_word' id='word_1_647' title='bbox 2995 4109 3351 4161; x_wconf 77' lang='lat' dir='ltr'><strong>mnuivissent</strong></span> 
     </span>
    </p>
   </div>
   <div class='ocr_carea' id='block_1_91' title="bbox 1787 4194 3349 4264">
    <p class='ocr_par' dir='ltr' id='par_1_91' title="bbox 1787 4194 3349 4264">
     <span class='ocr_line' id='line_1_91' title="bbox 1787 4194 3349 4264; baseline 0.001 -14"><span class='ocrx_word' id='word_1_648' title='bbox 1787 4199 2034 4250; x_wconf 84' lang='lat' dir='ltr'><strong>homines</strong></span> <span class='ocrx_word' id='word_1_649' title='bbox 2070 4197 2192 4248; x_wconf 87' lang='lat' dir='ltr'><strong>illos</strong></span> <span class='ocrx_word' id='word_1_650' title='bbox 2246 4194 2604 4264; x_wconf 84' lang='lat' dir='ltr'><strong>reliquerunt,</strong></span> <span class='ocrx_word' id='word_1_651' title='bbox 2636 4196 2689 4248; x_wconf 91' lang='lat' dir='ltr'><strong>in</strong></span> <span class='ocrx_word' id='word_1_652' title='bbox 2720 4206 2903 4264; x_wconf 88' lang='lat' dir='ltr'><strong>partes</strong></span> <span class='ocrx_word' id='word_1_653' title='bbox 2948 4198 3189 4251; x_wconf 79' lang='lat' dir='ltr'><strong>Batlinia:</strong></span> <span class='ocrx_word' id='word_1_654' title='bbox 3234 4210 3349 4263; x_wconf 81' lang='lat' dir='ltr'><strong>teii-</strong></span> 
     </span>
    </p>
   </div>
   <div class='ocr_carea' id='block_1_92' title="bbox 102 4286 3353 4363">
    <p class='ocr_par' dir='ltr' id='par_1_92' title="bbox 102 4286 3353 4363">
     <span class='ocr_line' id='line_1_92' title="bbox 102 4286 3353 4363; baseline -0.002 -16"><span class='ocrx_word' id='word_1_655' title='bbox 102 4295 256 4347; x_wconf 83' lang='lat' dir='ltr'><strong>U&#39;iiiit</strong></span> <span class='ocrx_word' id='word_1_656' title='bbox 313 4294 480 4363; x_wconf 79' lang='lat' dir='ltr'><strong>igitur</strong></span> <span class='ocrx_word' id='word_1_657' title='bbox 532 4292 715 4345; x_wconf 76' lang='lat' dir='ltr'><strong>Clialid</strong></span> <span class='ocrx_word' id='word_1_658' title='bbox 761 4289 959 4345; x_wconf 86' lang='lat' dir='ltr'><strong>Oniaro</strong></span> <span class='ocrx_word' id='word_1_659' title='bbox 1014 4290 1183 4345; x_wconf 84' lang='lat' dir='ltr'><strong>Ebiiol</strong></span> <span class='ocrx_word' id='word_1_660' title='bbox 1236 4294 1328 4346; x_wconf 73' lang='grc' dir='ltr'><strong>Δεῖ</strong></span> <span class='ocrx_word' id='word_1_661' title='bbox 1366 4293 1588 4347; x_wconf 81' lang='lat' dir='ltr'><strong>:Adeas</strong></span> <span class='ocrx_word' id='word_1_662' title='bbox 1618 4306 1670 4347; x_wconf 93' lang='lat' dir='ltr'><strong>tu</strong></span> <span class='ocrx_word' id='word_1_663' title='bbox 1708 4309 1751 4361; x_wconf 82' lang='grc' dir='ltr'>ι)</span> <span class='ocrx_word' id='word_1_664' title='bbox 1784 4287 1995 4351; x_wconf 63' lang='grc' dir='ltr'><strong>(Ιρηιεε,</strong></span> <span class='ocrx_word' id='word_1_665' title='bbox 2026 4300 2196 4355; x_wconf 82' lang='lat' dir='ltr'><strong>eaque</strong></span> <span class='ocrx_word' id='word_1_666' title='bbox 2234 4287 2298 4340; x_wconf 89' lang='lat' dir='ltr'><strong>de</strong></span> <span class='ocrx_word' id='word_1_667' title='bbox 2333 4302 2391 4339; x_wconf 92' lang='lat' dir='ltr'><strong>re</strong></span> <span class='ocrx_word' id='word_1_668' title='bbox 2426 4286 2634 4340; x_wconf 85' lang='lat' dir='ltr'><strong>litteras</strong></span> <span class='ocrx_word' id='word_1_669' title='bbox 2666 4286 2730 4339; x_wconf 87' lang='lat' dir='ltr'><strong>ad</strong></span> <span class='ocrx_word' id='word_1_670' title='bbox 2780 4287 2896 4339; x_wconf 80' lang='lat' dir='ltr'><strong>Abu</strong></span> <span class='ocrx_word' id='word_1_671' title='bbox 2927 4286 3153 4341; x_wconf 81' lang='lat' dir='ltr'><strong>Becrtim</strong></span> <span class='ocrx_word' id='word_1_672' title='bbox 3210 4290 3353 4343; x_wconf 86' lang='lat' dir='ltr'><strong>scri-</strong></span> 
     </span>
    </p>
   </div>
   <div class='ocr_carea' id='block_1_93' title="bbox 102 4380 1678 4455">
    <p class='ocr_par' dir='ltr' id='par_1_93' title="bbox 102 4380 1678 4455">
     <span class='ocr_line' id='line_1_93' title="bbox 102 4380 1678 4455; baseline -0.002 -14"><span class='ocrx_word' id='word_1_673' title='bbox 102 4388 316 4455; x_wconf 87' lang='lat' dir='ltr'><strong>ipsutn.</strong></span> <span class='ocrx_word' id='word_1_674' title='bbox 355 4383 639 4436; x_wconf 74' lang='lat' dir='ltr'><strong>Profectus</strong></span> <span class='ocrx_word' id='word_1_675' title='bbox 684 4382 845 4451; x_wconf 80' lang='lat' dir='ltr'><strong>igitur</strong></span> <span class='ocrx_word' id='word_1_676' title='bbox 891 4380 1125 4436; x_wconf 88' lang='lat' dir='ltr'><strong>Omarus</strong></span> <span class='ocrx_word' id='word_1_677' title='bbox 1153 4395 1337 4452; x_wconf 87' lang='lat' dir='ltr'><strong>aperta</strong></span> <span class='ocrx_word' id='word_1_678' title='bbox 1394 4386 1496 4452; x_wconf 90' lang='lat' dir='ltr'><strong>ipsi</strong></span> <span class='ocrx_word' id='word_1_679' title='bbox 1522 4384 1678 4438; x_wconf 73' lang='lat' dir='ltr'><strong>Gazae</strong></span> 
     </span>
    </p>
   </div>
   <div class='ocr_carea' id='block_1_94' title="bbox 100 4464 1672 4545">
    <p class='ocr_par' dir='ltr' id='par_1_94' title="bbox 100 4464 1672 4545">
     <span class='ocr_line' id='line_1_94' title="bbox 100 4464 1672 4545; baseline -0.002 -14"><span class='ocrx_word' id='word_1_680' title='bbox 100 4486 262 4545; x_wconf 82' lang='lat' dir='ltr'><strong>porta</strong></span> <span class='ocrx_word' id='word_1_681' title='bbox 302 4480 596 4542; x_wconf 82' lang='lat' dir='ltr'><strong>ingressus</strong></span> <span class='ocrx_word' id='word_1_682' title='bbox 618 4481 723 4534; x_wconf 89' lang='lat' dir='ltr'><strong>est,</strong></span> <span class='ocrx_word' id='word_1_683' title='bbox 751 4464 909 4541; x_wconf 81' lang='lat' dir='ltr'><strong>quem</strong></span> <span class='ocrx_word' id='word_1_684' title='bbox 943 4473 1239 4537; x_wconf 79' lang='lat' dir='ltr'><strong>Patricius,</strong></span> <span class='ocrx_word' id='word_1_685' title='bbox 1271 4476 1360 4527; x_wconf 85' lang='lat' dir='ltr'><strong>ubi</strong></span> <span class='ocrx_word' id='word_1_686' title='bbox 1394 4477 1459 4527; x_wconf 88' lang='lat' dir='ltr'><strong>ad</strong></span> <span class='ocrx_word' id='word_1_687' title='bbox 1497 4476 1672 4544; x_wconf 87' lang='lat' dir='ltr'><strong>ipsum</strong></span> 
     </span>
    </p>
   </div>
   <div class='ocr_carea' id='block_1_95' title="bbox 103 4563 1681 4637">
    <p class='ocr_par' dir='ltr' id='par_1_95' title="bbox 103 4563 1681 4637">
     <span class='ocr_line' id='line_1_95' title="bbox 103 4563 1681 4637; baseline 0 -18"><span class='ocrx_word' id='word_1_688' title='bbox 103 4568 482 4637; x_wconf 84' lang='lat' dir='ltr'><strong>pervenisset,</strong></span> <span class='ocrx_word' id='word_1_689' title='bbox 531 4563 810 4625; x_wconf 87' lang='lat' dir='ltr'><strong>salutavit,</strong></span> <span class='ocrx_word' id='word_1_690' title='bbox 858 4564 981 4613; x_wconf 86' lang='lat' dir='ltr'><strong>dein</strong></span> <span class='ocrx_word' id='word_1_691' title='bbox 1034 4564 1173 4615; x_wconf 68' lang='lat' dir='ltr'><strong>dixit</strong></span> <span class='ocrx_word' id='word_1_692' title='bbox 1219 4564 1321 4632; x_wconf 84' lang='lat' dir='ltr'><strong>ipsi</strong></span> <span class='ocrx_word' id='word_1_693' title='bbox 1359 4582 1377 4617; x_wconf 85' lang='grc'>;</span> <span class='ocrx_word' id='word_1_694' title='bbox 1414 4566 1555 4629; x_wconf 81' lang='lat' dir='ltr'><strong>Quid</strong></span> <span class='ocrx_word' id='word_1_695' title='bbox 1600 4579 1681 4619; x_wconf 83' lang='lat' dir='ltr'><strong>est</strong></span> 
     </span>
    </p>
   </div>
   <div class='ocr_carea' id='block_1_96' title="bbox 99 4653 1682 4725">
    <p class='ocr_par' dir='ltr' id='par_1_96' title="bbox 99 4653 1682 4725">
     <span class='ocr_line' id='line_1_96' title="bbox 99 4653 1682 4725; baseline 0.001 -20"><span class='ocrx_word' id='word_1_696' title='bbox 99 4658 251 4723; x_wconf 80' lang='lat' dir='ltr'><strong>quod</strong></span> <span class='ocrx_word' id='word_1_697' title='bbox 309 4669 411 4707; x_wconf 82' lang='lat' dir='ltr'><strong>vos</strong></span> <span class='ocrx_word' id='word_1_698' title='bbox 441 4653 493 4705; x_wconf 91' lang='lat' dir='ltr'><strong>in</strong></span> <span class='ocrx_word' id='word_1_699' title='bbox 542 4657 813 4721; x_wconf 74' lang='lat' dir='ltr'><strong>regionem</strong></span> <span class='ocrx_word' id='word_1_700' title='bbox 862 4664 1102 4705; x_wconf 87' lang='lat' dir='ltr'><strong>nostrain</strong></span> <span class='ocrx_word' id='word_1_701' title='bbox 1154 4654 1411 4718; x_wconf 73' lang='lat' dir='ltr'><strong>adduxit,</strong></span> <span class='ocrx_word' id='word_1_702' title='bbox 1459 4666 1513 4709; x_wconf 88' lang='lat' dir='ltr'><strong>et</strong></span> <span class='ocrx_word' id='word_1_703' title='bbox 1550 4655 1682 4725; x_wconf 82' lang='lat' dir='ltr'><strong>quid</strong></span> 
     </span>
    </p>
   </div>
   <div class='ocr_carea' id='block_1_97' title="bbox 101 4741 1683 4810">
    <p class='ocr_par' dir='ltr' id='par_1_97' title="bbox 101 4741 1683 4810">
     <span class='ocr_line' id='line_1_97' title="bbox 101 4741 1683 4810; baseline 0 -11"><span class='ocrx_word' id='word_1_704' title='bbox 101 4747 341 4799; x_wconf 82' lang='lat' dir='ltr'><strong>tandem</strong></span> <span class='ocrx_word' id='word_1_705' title='bbox 377 4741 575 4797; x_wconf 77' lang='lat' dir='ltr'><strong>vultis?</strong></span> <span class='ocrx_word' id='word_1_706' title='bbox 605 4741 902 4810; x_wconf 71' lang='lat' dir='ltr'><strong>Respondit</strong></span> <span class='ocrx_word' id='word_1_707' title='bbox 940 4742 1109 4797; x_wconf 81' lang='lat' dir='ltr'><strong>Omar</strong></span> <span class='ocrx_word' id='word_1_708' title='bbox 1142 4742 1311 4796; x_wconf 77' lang='lat' dir='ltr'><strong>Eliiiol</strong></span> <span class='ocrx_word' id='word_1_709' title='bbox 1342 4746 1433 4799; x_wconf 72' lang='grc' dir='ltr'><strong>Δεῖ</strong></span> <span class='ocrx_word' id='word_1_710' title='bbox 1467 4763 1481 4800; x_wconf 88' lang='lat'><strong>:</strong></span> <span class='ocrx_word' id='word_1_711' title='bbox 1508 4744 1683 4799; x_wconf 81' lang='lat' dir='ltr'><strong>Jussit</strong></span> 
     </span>
    </p>
   </div>
   <div class='ocr_carea' id='block_1_98' title="bbox 101 4836 1683 4901">
    <p class='ocr_par' dir='ltr' id='par_1_98' title="bbox 101 4836 1683 4901">
     <span class='ocr_line' id='line_1_98' title="bbox 101 4836 1683 4901; baseline -0.002 -11"><span class='ocrx_word' id='word_1_712' title='bbox 101 4853 209 4893; x_wconf 78' lang='lat' dir='ltr'><strong>nos</strong></span> <span class='ocrx_word' id='word_1_713' title='bbox 254 4836 531 4889; x_wconf 86' lang='lat' dir='ltr'><strong>Dominus</strong></span> <span class='ocrx_word' id='word_1_714' title='bbox 564 4842 752 4889; x_wconf 86' lang='lat' dir='ltr'><strong>noster</strong></span> <span class='ocrx_word' id='word_1_715' title='bbox 778 4847 875 4886; x_wconf 83' lang='lat' dir='ltr'><strong>vos</strong></span> <span class='ocrx_word' id='word_1_716' title='bbox 906 4848 1242 4901; x_wconf 76' lang='lat' dir='ltr'><strong>oppUgnare,</strong></span> <span class='ocrx_word' id='word_1_717' title='bbox 1292 4836 1395 4888; x_wconf 86' lang='lat' dir='ltr'><strong>nisi</strong></span> <span class='ocrx_word' id='word_1_718' title='bbox 1441 4838 1521 4888; x_wconf 83' lang='lat' dir='ltr'><strong>vel</strong></span> <span class='ocrx_word' id='word_1_719' title='bbox 1556 4838 1683 4889; x_wconf 84' lang='lat' dir='ltr'><strong>reli-</strong></span> 
     </span>
    </p>
   </div>
   <div class='ocr_carea' id='block_1_99' title="bbox 101 4925 1681 4997">
    <p class='ocr_par' dir='ltr' id='par_1_99' title="bbox 101 4925 1681 4997">
     <span class='ocr_line' id='line_1_99' title="bbox 101 4925 1681 4997; baseline -0.001 -16"><span class='ocrx_word' id='word_1_720' title='bbox 101 4932 335 4997; x_wconf 75' lang='lat' dir='ltr'><strong>gionetn</strong></span> <span class='ocrx_word' id='word_1_721' title='bbox 382 4936 621 4980; x_wconf 85' lang='lat' dir='ltr'><strong>nostrain</strong></span> <span class='ocrx_word' id='word_1_722' title='bbox 658 4925 1064 4992; x_wconf 79' lang='lat' dir='ltr'><strong>aiuplcctaniiiii</strong></span> <span class='ocrx_word' id='word_1_723' title='bbox 1097 4940 1209 4993; x_wconf 90' lang='lat' dir='ltr'><strong>quo</strong></span> <span class='ocrx_word' id='word_1_724' title='bbox 1242 4926 1392 4980; x_wconf 84' lang='lat' dir='ltr'><strong>vobis</strong></span> <span class='ocrx_word' id='word_1_725' title='bbox 1441 4929 1512 4980; x_wconf 91' lang='lat' dir='ltr'><strong>sit</strong></span> <span class='ocrx_word' id='word_1_726' title='bbox 1536 4927 1681 4994; x_wconf 88' lang='lat' dir='ltr'><strong>quod</strong></span> 
     </span>
    </p>
   </div>
   <div class='ocr_carea' id='block_1_100' title="bbox 100 5014 1683 5083">
    <p class='ocr_par' dir='ltr' id='par_1_100' title="bbox 100 5014 1683 5083">
     <span class='ocr_line' id='line_1_100' title="bbox 100 5014 1683 5083; baseline -0.003 -11"><span class='ocrx_word' id='word_1_727' title='bbox 100 5020 293 5077; x_wconf 85' lang='lat' dir='ltr'><strong>nobis.</strong></span> <span class='ocrx_word' id='word_1_728' title='bbox 330 5025 391 5070; x_wconf 87' lang='lat' dir='ltr'><strong>et</strong></span> <span class='ocrx_word' id='word_1_729' title='bbox 420 5026 608 5069; x_wconf 84' lang='lat' dir='ltr'><strong>contra</strong></span> <span class='ocrx_word' id='word_1_730' title='bbox 635 5028 731 5067; x_wconf 86' lang='lat' dir='ltr'><strong>vos</strong></span> <span class='ocrx_word' id='word_1_731' title='bbox 764 5014 908 5083; x_wconf 87' lang='lat' dir='ltr'><strong>quod</strong></span> <span class='ocrx_word' id='word_1_732' title='bbox 936 5022 1128 5067; x_wconf 88' lang='lat' dir='ltr'><strong>contra</strong></span> <span class='ocrx_word' id='word_1_733' title='bbox 1164 5030 1283 5074; x_wconf 80' lang='lat' dir='ltr'><strong>nos.</strong></span> <span class='ocrx_word' id='word_1_734' title='bbox 1310 5015 1539 5081; x_wconf 90' lang='lat' dir='ltr'><strong>sitisque</strong></span> <span class='ocrx_word' id='word_1_735' title='bbox 1576 5014 1683 5067; x_wconf 81' lang='lat' dir='ltr'><strong>[ra-</strong></span> 
     </span>
    </p>
   </div>
   <div class='ocr_carea' id='block_1_101' title="bbox 100 5096 1681 5173">
    <p class='ocr_par' dir='ltr' id='par_1_101' title="bbox 100 5096 1681 5173">
     <span class='ocr_line' id='line_1_101' title="bbox 100 5096 1681 5173; baseline -0.004 -7"><span class='ocrx_word' id='word_1_736' title='bbox 100 5127 221 5166; x_wconf 86' lang='lat' dir='ltr'><strong>tres</strong></span> <span class='ocrx_word' id='word_1_737' title='bbox 264 5110 471 5173; x_wconf 88' lang='lat' dir='ltr'><strong>nostri,</strong></span> <span class='ocrx_word' id='word_1_738' title='bbox 500 5116 557 5161; x_wconf 89' lang='lat' dir='ltr'><strong>ut</strong></span> <span class='ocrx_word' id='word_1_739' title='bbox 584 5096 688 5161; x_wconf 27' lang='lat' dir='ltr'><strong>nec.</strong></span> <span class='ocrx_word' id='word_1_740' title='bbox 715 5107 880 5160; x_wconf 88' lang='lat' dir='ltr'><strong>liceat</strong></span> <span class='ocrx_word' id='word_1_741' title='bbox 912 5107 1069 5159; x_wconf 88' lang='lat' dir='ltr'><strong>nobis</strong></span> <span class='ocrx_word' id='word_1_742' title='bbox 1102 5106 1256 5160; x_wconf 89' lang='lat' dir='ltr'><strong>vobis</strong></span> <span class='ocrx_word' id='word_1_743' title='bbox 1301 5108 1557 5159; x_wconf 89' lang='lat' dir='ltr'><strong>damnum</strong></span> <span class='ocrx_word' id='word_1_744' title='bbox 1597 5109 1681 5160; x_wconf 86' lang='lat' dir='ltr'><strong>iii-</strong></span> 
     </span>
    </p>
   </div>
   <div class='ocr_carea' id='block_1_102' title="bbox 99 5198 1681 5267">
    <p class='ocr_par' dir='ltr' id='par_1_102' title="bbox 99 5198 1681 5267">
     <span class='ocr_line' id='line_1_102' title="bbox 99 5198 1681 5267; baseline -0.004 -12"><span class='ocrx_word' id='word_1_745' title='bbox 99 5203 276 5267; x_wconf 81' lang='lat' dir='ltr'><strong>ferre,</strong></span> <span class='ocrx_word' id='word_1_746' title='bbox 314 5209 418 5254; x_wconf 85' lang='lat' dir='ltr'><strong>aut</strong></span> <span class='ocrx_word' id='word_1_747' title='bbox 451 5200 761 5253; x_wconf 87' lang='lat' dir='ltr'><strong>contrarios</strong></span> <span class='ocrx_word' id='word_1_748' title='bbox 808 5211 929 5251; x_wconf 87' lang='lat' dir='ltr'><strong>esse</strong></span> <span class='ocrx_word' id='word_1_749' title='bbox 954 5235 969 5261; x_wconf 90' lang='lat'><strong>,</strong></span> <span class='ocrx_word' id='word_1_750' title='bbox 1000 5198 1081 5251; x_wconf 80' lang='lat' dir='ltr'><strong>vel</strong></span> <span class='ocrx_word' id='word_1_751' title='bbox 1117 5198 1162 5250; x_wconf 91' lang='lat' dir='ltr'><strong>si</strong></span> <span class='ocrx_word' id='word_1_752' title='bbox 1200 5201 1303 5250; x_wconf 91' lang='lat' dir='ltr'><strong>lioc</strong></span> <span class='ocrx_word' id='word_1_753' title='bbox 1337 5198 1542 5260; x_wconf 90' lang='lat' dir='ltr'><strong>nolitis,</strong></span> <span class='ocrx_word' id='word_1_754' title='bbox 1580 5200 1681 5249; x_wconf 84' lang='lat' dir='ltr'><strong>tri-</strong></span> 
     </span>
    </p>
   </div>
   <div class='ocr_carea' id='block_1_103' title="bbox 100 5288 1682 5359">
    <p class='ocr_par' dir='ltr' id='par_1_103' title="bbox 100 5288 1682 5359">
     <span class='ocr_line' id='line_1_103' title="bbox 100 5288 1682 5359; baseline -0.004 -11"><span class='ocrx_word' id='word_1_755' title='bbox 100 5294 338 5348; x_wconf 73' lang='lat' dir='ltr'><strong>butum?</strong></span> <span class='ocrx_word' id='word_1_756' title='bbox 369 5294 434 5345; x_wconf 89' lang='lat' dir='ltr'><strong>de</strong></span> <span class='ocrx_word' id='word_1_757' title='bbox 463 5306 570 5359; x_wconf 89' lang='lat' dir='ltr'><strong>quo</strong></span> <span class='ocrx_word' id='word_1_758' title='bbox 610 5292 748 5343; x_wconf 89' lang='lat' dir='ltr'><strong>inter</strong></span> <span class='ocrx_word' id='word_1_759' title='bbox 778 5302 877 5342; x_wconf 90' lang='lat' dir='ltr'><strong>nos</strong></span> <span class='ocrx_word' id='word_1_760' title='bbox 905 5298 959 5341; x_wconf 91' lang='lat' dir='ltr'><strong>et</strong></span> <span class='ocrx_word' id='word_1_761' title='bbox 1006 5304 1101 5341; x_wconf 82' lang='lat' dir='ltr'><strong>vos</strong></span> <span class='ocrx_word' id='word_1_762' title='bbox 1132 5288 1471 5352; x_wconf 77' lang='lat' dir='ltr'><strong>convenerit,</strong></span> <span class='ocrx_word' id='word_1_763' title='bbox 1527 5291 1682 5342; x_wconf 81' lang='lat' dir='ltr'><strong>nobis</strong></span> 
     </span>
    </p>
   </div>
   <div class='ocr_carea' id='block_1_104' title="bbox 78 5381 1683 5458">
    <p class='ocr_par' dir='ltr' id='par_1_104' title="bbox 78 5381 1683 5458">
     <span class='ocr_line' id='line_1_104' title="bbox 78 5381 1683 5458; baseline -0.004 -17"><span class='ocrx_word' id='word_1_764' title='bbox 78 5383 422 5458; x_wconf 72' lang='lat' dir='ltr'><strong>quotannis</strong></span> <span class='ocrx_word' id='word_1_765' title='bbox 454 5386 505 5436; x_wconf 93' lang='grc' dir='ltr'>ῖιι</span> <span class='ocrx_word' id='word_1_766' title='bbox 552 5390 867 5451; x_wconf 87' lang='lat' dir='ltr'><strong>perpetuum</strong></span> <span class='ocrx_word' id='word_1_767' title='bbox 896 5381 1133 5449; x_wconf 85' lang='lat' dir='ltr'><strong>quandiu</strong></span> <span class='ocrx_word' id='word_1_768' title='bbox 1185 5381 1508 5449; x_wconf 88' lang='lat' dir='ltr'><strong>superstites</strong></span> <span class='ocrx_word' id='word_1_769' title='bbox 1546 5384 1683 5435; x_wconf 86' lang='lat' dir='ltr'><strong>uiii-</strong></span> 
     </span>
    </p>
   </div>
   <div class='ocr_carea' id='block_1_105' title="bbox 97 5472 1679 5547">
    <p class='ocr_par' dir='ltr' id='par_1_105' title="bbox 97 5472 1679 5547">
     <span class='ocr_line' id='line_1_105' title="bbox 97 5472 1679 5547; baseline -0.004 -15"><span class='ocrx_word' id='word_1_770' title='bbox 97 5493 214 5547; x_wconf 81' lang='lat' dir='ltr'><strong>que</strong></span> <span class='ocrx_word' id='word_1_771' title='bbox 267 5475 571 5538; x_wconf 74' lang='lat' dir='ltr'><strong>fuerimus,</strong></span> <span class='ocrx_word' id='word_1_772' title='bbox 617 5472 902 5543; x_wconf 82' lang='lat' dir='ltr'><strong>pcndatis;</strong></span> <span class='ocrx_word' id='word_1_773' title='bbox 933 5486 1041 5541; x_wconf 91' lang='lat' dir='ltr'><strong>quo</strong></span> <span class='ocrx_word' id='word_1_774' title='bbox 1080 5488 1460 5540; x_wconf 75' lang='lat' dir='ltr'><strong>oppugnemus</strong></span> <span class='ocrx_word' id='word_1_775' title='bbox 1514 5474 1679 5527; x_wconf 84' lang='lat' dir='ltr'><strong>vestri</strong></span> 
     </span>
    </p>
   </div>
   <div class='ocr_carea' id='block_1_106' title="bbox 96 5561 1681 5636">
    <p class='ocr_par' dir='ltr' id='par_1_106' title="bbox 96 5561 1681 5636">
     <span class='ocr_line' id='line_1_106' title="bbox 96 5561 1681 5636; baseline -0.004 -13"><span class='ocrx_word' id='word_1_776' title='bbox 96 5581 280 5623; x_wconf 75' lang='lat' dir='ltr'><strong>causa</strong></span> <span class='ocrx_word' id='word_1_777' title='bbox 334 5580 530 5620; x_wconf 86' lang='lat' dir='ltr'><strong>omnes</strong></span> <span class='ocrx_word' id='word_1_778' title='bbox 576 5564 665 5636; x_wconf 87' lang='lat' dir='ltr'><strong>qui</strong></span> <span class='ocrx_word' id='word_1_779' title='bbox 701 5561 1071 5631; x_wconf 77' lang='lat' dir='ltr'><strong>vosaggressi</strong></span> <span class='ocrx_word' id='word_1_780' title='bbox 1116 5561 1341 5629; x_wconf 81' lang='lat' dir='ltr'><strong>fuerint,</strong></span> <span class='ocrx_word' id='word_1_781' title='bbox 1384 5572 1479 5616; x_wconf 79' lang='lat' dir='ltr'><strong>aut</strong></span> <span class='ocrx_word' id='word_1_782' title='bbox 1526 5562 1681 5618; x_wconf 84' lang='lat' dir='ltr'><strong>vobis</strong></span> 
     </span>
    </p>
   </div>
   <div class='ocr_carea' id='block_1_107' title="bbox 1782 4377 3343 4448">
    <p class='ocr_par' dir='ltr' id='par_1_107' title="bbox 1782 4377 3343 4448">
     <span class='ocr_line' id='line_1_107' title="bbox 1782 4377 3343 4448; baseline 0.003 -18"><span class='ocrx_word' id='word_1_783' title='bbox 1782 4388 2043 4447; x_wconf 88' lang='lat' dir='ltr'><strong>pserunt:</strong></span> <span class='ocrx_word' id='word_1_784' title='bbox 2086 4387 2135 4430; x_wconf 86' lang='lat' dir='ltr'><strong>at</strong></span> <span class='ocrx_word' id='word_1_785' title='bbox 2169 4393 2290 4430; x_wconf 88' lang='lat' dir='ltr'><strong>eum</strong></span> <span class='ocrx_word' id='word_1_786' title='bbox 2329 4377 2393 4429; x_wconf 91' lang='lat' dir='ltr'><strong>ad</strong></span> <span class='ocrx_word' id='word_1_787' title='bbox 2432 4378 2601 4446; x_wconf 90' lang='lat' dir='ltr'><strong>ipsum</strong></span> <span class='ocrx_word' id='word_1_788' title='bbox 2639 4378 2917 4431; x_wconf 87' lang='lat' dir='ltr'><strong>adveniret</strong></span> <span class='ocrx_word' id='word_1_789' title='bbox 2956 4383 3197 4445; x_wconf 91' lang='lat' dir='ltr'><strong>nuntius,</strong></span> <span class='ocrx_word' id='word_1_790' title='bbox 3225 4382 3343 4448; x_wconf 86' lang='lat' dir='ltr'><strong>ipse</strong></span> 
     </span>
    </p>
   </div>
   <div class='ocr_carea' id='block_1_108' title="bbox 1780 4468 3348 4533">
    <p class='ocr_par' dir='ltr' id='par_1_108' title="bbox 1780 4468 3348 4533">
     <span class='ocr_line' id='line_1_108' title="bbox 1780 4468 3348 4533; baseline 0.003 -12"><span class='ocrx_word' id='word_1_791' title='bbox 1780 4470 1889 4521; x_wconf 76' lang='lat' dir='ltr'><strong>vita</strong></span> <span class='ocrx_word' id='word_1_792' title='bbox 1920 4476 2249 4533; x_wconf 82' lang='lat' dir='ltr'><strong>excesserat,</strong></span> <span class='ocrx_word' id='word_1_793' title='bbox 2287 4468 2488 4521; x_wconf 87' lang='lat' dir='ltr'><strong>Omaro</strong></span> <span class='ocrx_word' id='word_1_794' title='bbox 2539 4468 2695 4521; x_wconf 83' lang='lat' dir='ltr'><strong>Ebnil</strong></span> <span class='ocrx_word' id='word_1_795' title='bbox 2739 4470 2965 4522; x_wconf 80' lang='lat' dir='ltr'><strong>Clictabi</strong></span> <span class='ocrx_word' id='word_1_796' title='bbox 3022 4486 3348 4525; x_wconf 72' lang='lat' dir='ltr'><strong>successore</strong></span> 
     </span>
    </p>
   </div>
   <div class='ocr_carea' id='block_1_109' title="bbox 1780 4558 3348 4629">
    <p class='ocr_par' dir='ltr' id='par_1_109' title="bbox 1780 4558 3348 4629">
     <span class='ocr_line' id='line_1_109' title="bbox 1780 4558 3348 4629; baseline 0.001 -17"><span class='ocrx_word' id='word_1_797' title='bbox 1780 4560 2100 4622; x_wconf 85' lang='lat' dir='ltr'><strong>constituto,</strong></span> <span class='ocrx_word' id='word_1_798' title='bbox 2152 4558 2495 4613; x_wconf 68' lang='lat' dir='ltr'><strong>Abuliecrus</strong></span> <span class='ocrx_word' id='word_1_799' title='bbox 2534 4560 2805 4627; x_wconf 86' lang='lat' dir='ltr'><strong>siquidem</strong></span> <span class='ocrx_word' id='word_1_800' title='bbox 2858 4572 3127 4629; x_wconf 68' lang='lat' dir='ltr'><strong>a&#39;grotaiis</strong></span> <span class='ocrx_word' id='word_1_801' title='bbox 3180 4572 3348 4615; x_wconf 77' lang='lat' dir='ltr'><strong>testa-</strong></span> 
     </span>
    </p>
   </div>
   <div class='ocr_carea' id='block_1_110' title="bbox 1782 4649 3343 4719">
    <p class='ocr_par' dir='ltr' id='par_1_110' title="bbox 1782 4649 3343 4719">
     <span class='ocr_line' id='line_1_110' title="bbox 1782 4649 3343 4719; baseline 0.001 -15"><span class='ocrx_word' id='word_1_802' title='bbox 1782 4660 1960 4704; x_wconf 83' lang='lat' dir='ltr'><strong>nieiito</strong></span> <span class='ocrx_word' id='word_1_803' title='bbox 1989 4649 2246 4703; x_wconf 87' lang='lat' dir='ltr'><strong>Oniarniit</strong></span> <span class='ocrx_word' id='word_1_804' title='bbox 2277 4650 2432 4703; x_wconf 85' lang='lat' dir='ltr'><strong>Ebnil</strong></span> <span class='ocrx_word' id='word_1_805' title='bbox 2462 4649 2685 4703; x_wconf 86' lang='lat' dir='ltr'><strong>Cltetabi</strong></span> <span class='ocrx_word' id='word_1_806' title='bbox 2718 4652 3040 4718; x_wconf 75' lang='lat' dir='ltr'><strong>designavit.</strong></span> <span class='ocrx_word' id='word_1_807' title='bbox 3070 4653 3343 4719; x_wconf 83' lang='lat' dir='ltr'><strong>Scriptum</strong></span> 
     </span>
    </p>
   </div>
   <div class='ocr_carea' id='block_1_111' title="bbox 1782 4744 3344 4797">
    <p class='ocr_par' dir='ltr' id='par_1_111' title="bbox 1782 4744 3344 4797">
     <span class='ocr_line' id='line_1_111' title="bbox 1782 4744 3344 4797; baseline 0.003 -4"><span class='ocrx_word' id='word_1_808' title='bbox 1782 4752 1958 4794; x_wconf 85' lang='lat' dir='ltr'><strong>autem</strong></span> <span class='ocrx_word' id='word_1_809' title='bbox 1984 4750 2101 4793; x_wconf 88' lang='lat' dir='ltr'><strong>erat</strong></span> <span class='ocrx_word' id='word_1_810' title='bbox 2125 4752 2502 4793; x_wconf 86' lang='lat' dir='ltr'><strong>testamentum</strong></span> <span class='ocrx_word' id='word_1_811' title='bbox 2538 4757 2695 4793; x_wconf 88' lang='lat' dir='ltr'><strong>manu</strong></span> <span class='ocrx_word' id='word_1_812' title='bbox 2723 4744 2973 4795; x_wconf 83' lang='lat' dir='ltr'><strong>Otliniani</strong></span> <span class='ocrx_word' id='word_1_813' title='bbox 3004 4744 3115 4794; x_wconf 70' lang='lat' dir='ltr'><strong>Eb&quot;</strong></span> <span class='ocrx_word' id='word_1_814' title='bbox 3141 4744 3344 4797; x_wconf 74' lang='lat' dir='ltr'><strong>Atlani.</strong></span> 
     </span>
    </p>
   </div>
   <div class='ocr_carea' id='block_1_112' title="bbox 1782 4829 3347 4899">
    <p class='ocr_par' dir='ltr' id='par_1_112' title="bbox 1782 4829 3347 4899">
     <span class='ocr_line' id='line_1_112' title="bbox 1782 4829 3347 4899; baseline 0 -15"><span class='ocrx_word' id='word_1_815' title='bbox 1782 4829 2054 4885; x_wconf 82' lang='lat' dir='ltr'><strong>ObiitAbu</strong></span> <span class='ocrx_word' id='word_1_816' title='bbox 2079 4830 2207 4884; x_wconf 84' lang='lat' dir='ltr'><strong>Becr</strong></span> <span class='ocrx_word' id='word_1_817' title='bbox 2236 4831 2321 4883; x_wconf 86' lang='lat' dir='ltr'><strong>die</strong></span> <span class='ocrx_word' id='word_1_818' title='bbox 2349 4834 2651 4899; x_wconf 91' lang='lat' dir='ltr'><strong>penultimo</strong></span> <span class='ocrx_word' id='word_1_819' title='bbox 2681 4834 2881 4885; x_wconf 89' lang='lat' dir='ltr'><strong>mensis</strong></span> <span class='ocrx_word' id='word_1_820' title='bbox 2908 4833 3135 4886; x_wconf 65' lang='lat' dir='ltr'><strong>loniadsc</strong></span> <span class='ocrx_word' id='word_1_821' title='bbox 3163 4847 3347 4897; x_wconf 64' lang='lat' dir='ltr'><strong>posti--</strong></span> 
     </span>
    </p>
   </div>
   <div class='ocr_carea' id='block_1_113' title="bbox 1784 4921 3351 4991">
    <p class='ocr_par' dir='ltr' id='par_1_113' title="bbox 1784 4921 3351 4991">
     <span class='ocr_line' id='line_1_113' title="bbox 1784 4921 3351 4991; baseline 0.001 -16"><span class='ocrx_word' id='word_1_822' title='bbox 1784 4924 1970 4985; x_wconf 90' lang='lat' dir='ltr'><strong>rioris,</strong></span> <span class='ocrx_word' id='word_1_823' title='bbox 2000 4924 2127 4975; x_wconf 89' lang='lat' dir='ltr'><strong>anni</strong></span> <span class='ocrx_word' id='word_1_824' title='bbox 2176 4921 2347 4975; x_wconf 67' lang='lat' dir='ltr'><strong>lleiraa</strong></span> <span class='ocrx_word' id='word_1_825' title='bbox 2378 4923 2573 4976; x_wconf 89' lang='lat' dir='ltr'><strong>decimi</strong></span> <span class='ocrx_word' id='word_1_826' title='bbox 2630 4925 2774 4975; x_wconf 80' lang='lat' dir='ltr'><strong>tertii</strong></span> <span class='ocrx_word' id='word_1_827' title='bbox 2812 4924 3031 4975; x_wconf 83' lang='lat' dir='ltr'><strong>:oravit</strong></span> <span class='ocrx_word' id='word_1_828' title='bbox 3082 4941 3181 4991; x_wconf 84' lang='lat' dir='ltr'><strong>pro</strong></span> <span class='ocrx_word' id='word_1_829' title='bbox 3230 4928 3351 4991; x_wconf 70' lang='lat' dir='ltr'><strong>ipso</strong></span> 
     </span>
    </p>
   </div>
   <div class='ocr_carea' id='block_1_114' title="bbox 1785 5013 3345 5082">
    <p class='ocr_par' dir='ltr' id='par_1_114' title="bbox 1785 5013 3345 5082">
     <span class='ocr_line' id='line_1_114' title="bbox 1785 5013 3345 5082; baseline -0.001 -14"><span class='ocrx_word' id='word_1_830' title='bbox 1785 5013 1950 5068; x_wconf 85' lang='lat' dir='ltr'><strong>Omar</strong></span> <span class='ocrx_word' id='word_1_831' title='bbox 1982 5013 2149 5066; x_wconf 85' lang='lat' dir='ltr'><strong>Ebiiol</strong></span> <span class='ocrx_word' id='word_1_832' title='bbox 2186 5014 2447 5080; x_wconf 85' lang='lat' dir='ltr'><strong>Clictabi;</strong></span> <span class='ocrx_word' id='word_1_833' title='bbox 2500 5017 2743 5082; x_wconf 88' lang='lat' dir='ltr'><strong>sepultus</strong></span> <span class='ocrx_word' id='word_1_834' title='bbox 2787 5024 2869 5066; x_wconf 88' lang='lat' dir='ltr'><strong>est</strong></span> <span class='ocrx_word' id='word_1_835' title='bbox 2900 5014 2952 5065; x_wconf 92' lang='lat' dir='ltr'><strong>in</strong></span> <span class='ocrx_word' id='word_1_836' title='bbox 2982 5016 3174 5068; x_wconf 86' lang='lat' dir='ltr'><strong>iisdem</strong></span> <span class='ocrx_word' id='word_1_837' title='bbox 3217 5032 3345 5069; x_wconf 72' lang='lat' dir='ltr'><strong>aeui~</strong></span> 
     </span>
    </p>
   </div>
   <div class='ocr_carea' id='block_1_115' title="bbox 1785 5104 3347 5175">
    <p class='ocr_par' dir='ltr' id='par_1_115' title="bbox 1785 5104 3347 5175">
     <span class='ocr_line' id='line_1_115' title="bbox 1785 5104 3347 5175; baseline -0.001 -14"><span class='ocrx_word' id='word_1_838' title='bbox 1785 5108 1885 5169; x_wconf 83' lang='lat' dir='ltr'><strong>bus</strong></span> <span class='ocrx_word' id='word_1_839' title='bbox 1922 5108 2119 5175; x_wconf 90' lang='lat' dir='ltr'><strong>quibus</strong></span> <span class='ocrx_word' id='word_1_840' title='bbox 2158 5104 2519 5159; x_wconf 74' lang='lat' dir='ltr'><strong>Moliamnted.</strong></span> <span class='ocrx_word' id='word_1_841' title='bbox 2554 5104 2681 5157; x_wconf 89' lang='lat' dir='ltr'><strong>Fuit</strong></span> <span class='ocrx_word' id='word_1_842' title='bbox 2730 5106 3018 5158; x_wconf 82' lang='lat' dir='ltr'><strong>elialifatns</strong></span> <span class='ocrx_word' id='word_1_843' title='bbox 3043 5110 3219 5175; x_wconf 72' lang='lat' dir='ltr'><strong>ipsius</strong></span> <span class='ocrx_word' id='word_1_844' title='bbox 3255 5128 3347 5159; x_wconf 81' lang='lat' dir='ltr'><strong>aii-</strong></span> 
     </span>
    </p>
   </div>
   <div class='ocr_carea' id='block_1_116' title="bbox 1786 5197 3344 5266">
    <p class='ocr_par' dir='ltr' id='par_1_116' title="bbox 1786 5197 3344 5266">
     <span class='ocr_line' id='line_1_116' title="bbox 1786 5197 3344 5266; baseline 0 -15"><span class='ocrx_word' id='word_1_845' title='bbox 1786 5214 1975 5252; x_wconf 83' lang='lat' dir='ltr'><strong>norum</strong></span> <span class='ocrx_word' id='word_1_846' title='bbox 2025 5199 2281 5260; x_wconf 88' lang='lat' dir='ltr'><strong>duorum,</strong></span> <span class='ocrx_word' id='word_1_847' title='bbox 2329 5199 2594 5250; x_wconf 89' lang='lat' dir='ltr'><strong>mensium</strong></span> <span class='ocrx_word' id='word_1_848' title='bbox 2649 5198 2836 5260; x_wconf 92' lang='lat' dir='ltr'><strong>trium,</strong></span> <span class='ocrx_word' id='word_1_849' title='bbox 2879 5197 3094 5251; x_wconf 87' lang='lat' dir='ltr'><strong>dierum</strong></span> <span class='ocrx_word' id='word_1_850' title='bbox 3159 5206 3344 5266; x_wconf 68' lang='lat' dir='ltr'><strong>Viginti</strong></span> 
     </span>
    </p>
   </div>
   <div class='ocr_carea' id='block_1_117' title="bbox 1786 5290 3347 5358">
    <p class='ocr_par' dir='ltr' id='par_1_117' title="bbox 1786 5290 3347 5358">
     <span class='ocr_line' id='line_1_117' title="bbox 1786 5290 3347 5358; baseline -0.002 -15"><span class='ocrx_word' id='word_1_851' title='bbox 1786 5293 2033 5344; x_wconf 89' lang='lat' dir='ltr'><strong>duorum.</strong></span> <span class='ocrx_word' id='word_1_852' title='bbox 2096 5291 2169 5343; x_wconf 72' lang='lat' dir='ltr'><strong>Eo</strong></span> <span class='ocrx_word' id='word_1_853' title='bbox 2206 5305 2314 5358; x_wconf 89' lang='lat' dir='ltr'><strong>quo</strong></span> <span class='ocrx_word' id='word_1_854' title='bbox 2367 5298 2611 5341; x_wconf 89' lang='lat' dir='ltr'><strong>mortuus</strong></span> <span class='ocrx_word' id='word_1_855' title='bbox 2654 5298 2740 5342; x_wconf 89' lang='lat' dir='ltr'><strong>est</strong></span> <span class='ocrx_word' id='word_1_856' title='bbox 2793 5290 2881 5341; x_wconf 90' lang='lat' dir='ltr'><strong>die</strong></span> <span class='ocrx_word' id='word_1_857' title='bbox 2928 5304 3193 5342; x_wconf 90' lang='lat' dir='ltr'><strong>annorum</strong></span> <span class='ocrx_word' id='word_1_858' title='bbox 3248 5292 3347 5340; x_wconf 77' lang='lat' dir='ltr'><strong>l‘ii.t</strong></span> 
     </span>
    </p>
   </div>
   <div class='ocr_carea' id='block_1_118' title="bbox 1787 5378 3345 5447">
    <p class='ocr_par' dir='ltr' id='par_1_118' title="bbox 1787 5378 3345 5447">
     <span class='ocr_line' id='line_1_118' title="bbox 1787 5378 3345 5447; baseline -0.006 -12"><span class='ocrx_word' id='word_1_859' title='bbox 1787 5382 2068 5447; x_wconf 78' lang='lat' dir='ltr'><strong>sexaginta</strong></span> <span class='ocrx_word' id='word_1_860' title='bbox 2108 5381 2291 5432; x_wconf 86' lang='lat' dir='ltr'><strong>trium.</strong></span> <span class='ocrx_word' id='word_1_861' title='bbox 2330 5378 2451 5430; x_wconf 89' lang='lat' dir='ltr'><strong>Fuit</strong></span> <span class='ocrx_word' id='word_1_862' title='bbox 2502 5390 2683 5430; x_wconf 89' lang='lat' dir='ltr'><strong>autem</strong></span> <span class='ocrx_word' id='word_1_863' title='bbox 2724 5379 2842 5431; x_wconf 81' lang='lat' dir='ltr'><strong>Abu</strong></span> <span class='ocrx_word' id='word_1_864' title='bbox 2901 5378 3100 5430; x_wconf 86' lang='lat' dir='ltr'><strong>Becrus</strong></span> <span class='ocrx_word' id='word_1_865' title='bbox 3150 5394 3345 5446; x_wconf 80' lang='lat' dir='ltr'><strong>proci--</strong></span> 
     </span>
    </p>
   </div>
   <div class='ocr_carea' id='block_1_119' title="bbox 1786 5468 3341 5537">
    <p class='ocr_par' dir='ltr' id='par_1_119' title="bbox 1786 5468 3341 5537">
     <span class='ocr_line' id='line_1_119' title="bbox 1786 5468 3341 5537; baseline -0.003 -12"><span class='ocrx_word' id='word_1_866' title='bbox 1786 5488 1901 5537; x_wconf 90' lang='lat' dir='ltr'><strong>rus,</strong></span> <span class='ocrx_word' id='word_1_867' title='bbox 1934 5473 2214 5533; x_wconf 88' lang='lat' dir='ltr'><strong>candidus,</strong></span> <span class='ocrx_word' id='word_1_868' title='bbox 2251 5474 2485 5525; x_wconf 89' lang='lat' dir='ltr'><strong>candore</strong></span> <span class='ocrx_word' id='word_1_869' title='bbox 2530 5481 2712 5524; x_wconf 88' lang='lat' dir='ltr'><strong>tamen</strong></span> <span class='ocrx_word' id='word_1_870' title='bbox 2748 5474 2815 5523; x_wconf 88' lang='lat' dir='ltr'><strong>ad</strong></span> <span class='ocrx_word' id='word_1_871' title='bbox 2864 5468 3181 5522; x_wconf 85' lang='lat' dir='ltr'><strong>ﬂavcdiueiii</strong></span> <span class='ocrx_word' id='word_1_872' title='bbox 3220 5486 3341 5522; x_wconf 86' lang='lat' dir='ltr'><strong>vcr-</strong></span> 
     </span>
    </p>
   </div>
   <div class='ocr_carea' id='block_1_120' title="bbox 1755 5560 3350 5642">
    <p class='ocr_par' dir='ltr' id='par_1_120' title="bbox 1755 5560 3350 5642">
     <span class='ocr_line' id='line_1_120' title="bbox 1755 5560 3350 5642; baseline 0.001 -25"><span class='ocrx_word' id='word_1_873' title='bbox 1755 5572 1966 5642; x_wconf 52' lang='lat' dir='ltr'><strong>&#39;gente,</strong></span> <span class='ocrx_word' id='word_1_874' title='bbox 1998 5564 2355 5637; x_wconf 70' lang='lat' dir='ltr'><strong>macilentus,</strong></span> <span class='ocrx_word' id='word_1_875' title='bbox 2390 5562 2724 5635; x_wconf 66' lang='lat' dir='ltr'><strong>niystacibus</strong></span> <span class='ocrx_word' id='word_1_876' title='bbox 2771 5561 2932 5622; x_wconf 87' lang='lat' dir='ltr'><strong>raris.</strong></span> <span class='ocrx_word' id='word_1_877' title='bbox 2968 5560 3108 5616; x_wconf 80' lang='lat' dir='ltr'><strong>facie</strong></span> <span class='ocrx_word' id='word_1_878' title='bbox 3160 5576 3350 5618; x_wconf 83' lang='lat' dir='ltr'><strong>macra</strong></span> 
     </span>
    </p>
   </div>
  </div>
