3962 6344
709 213 846 276 1099

703 503 1133 555 conti-mlirtiuue
1191 493 1605 570 aniplcCtimur;
1678 518 1852 572 quare
1906 506 2265 558 securitatem

701 593 832 656 ipsis
859 593 1062 660 scripto
1091 594 1384 646 concessit.
1411 593 1550 646 Tum
1585 591 1840 648 llamsum
1860 592 2134 663 profectus
2165 605 2267 655 est,

701 684 859 750 cujus
921 685 1085 736 etiam
1145 682 1335 736 incolae
1389 681 1646 737 dixerunt
1705 701 1719 738 :
1785 684 1849 737 Et
1898 699 1997 738 nos
2051 686 2268 738 easdem

703 774 900 839 quibus
925 789 1046 826 cum
1082 773 1428 828 Damascenis
1466 789 1651 844 pacem
1679 774 1902 837 fecistis,
1929 775 2269 830 conditiones

708 865 1091 933 amplectimur
1134 863 1382 932 :quibus
1425 865 1588 919 etiam
1637 862 1924 936 [libellum]
1959 865 2268 920 securitatis

699 957 946 1008 scribens
977 957 1162 1008 urbem
1195 956 1478 1024 ingressus
1514 965 1617 1009 est.
1671 954 1838 1010 Urbis
1877 955 2042 1008 etiam
2077 954 2266 1010 llalebi

701 1047 889 1099 incolis
921 1045 1161 1099 libellum
1193 1046 1505 1101 securitatis
1528 1045 1747 1114 scripsit
1771 1063 1787 1111 ;
1815 1060 2114 1115 omnesque
2141 1060 2265 1115 pas-

699 1142 802 1190 slm
859 1137 1022 1191 urbes
1079 1143 1137 1190 ut
1202 1150 1263 1191 se
1316 1135 1595 1189 deditione
1651 1131 1921 1204 acciperet
1972 1135 2264 1202 petierunt.

703 1229 925 1292 Deinde,
963 1244 1083 1283 cum
1121 1228 1187 1281 ad
1223 1227 1697 1280 Mobammedanos
1730 1226 2066 1294 pervenisset
2100 1222 2267 1294 [nuu-

699 1319 826 1390 tius}
861 1321 927 1373 de
958 1319 1141 1373 Omari
1182 1317 1337 1372 Ebuil
1370 1317 1579 1372 Cbetab
1617 1316 1876 1378 adventu,
1909 1315 2024 1368 Abu
2048 1314 2266 1369 Obaidte

697 1412 885 1465 Ebno‘l
937 1411 1106 1462 Iarahi
1158 1409 1452 1461 comitibus
1501 1409 1616 1461 suis
1666 1405 1837 1477 Aiyad
1888 1404 2002 1459 Ebn
2055 1404 2260 1459 Canam

699 1503 977 1570 praefecit;
1010 1499 1176 1553 Yazid
1209 1500 1322 1553 Ehu
1365 1499 1463 1552 Abi
1499 1496 1702 1568 Sofyau
1740 1498 1857 1551 suis
1891 1498 2114 1550 Mawian
2149 1495 2262 1550 Ebn

697 1593 795 1645 Abi
847 1592 1085 1658 Sol'yan:
1139 1590 1334 1642 Auitus
1383 1590 1553 1642 Ebnol
1602 1589 1692 1643 Asi
1744 1589 1856 1642 suis
1889 1587 2058 1640 lilium
2104 1603 2260 1642 suum

697 1683 1058 1734 Abdollabum
1094 1697 1107 1733 :

695 1773 908 1825 obviam
936 1782 1127 1824 euntes
1170 1788 1182 1822 :
1225 1778 1336 1821 ttuu
1387 1784 1577 1823 omnes
1623 1766 1993 1836 Hierosolyma
2042 1765 2268 1836 profecti

682 1864 982 1918 obsidione
1013 1863 1199 1914 urbem
1237 1861 1548 1914 cinxerunt.
1595 1857 1798 1911 Prodiit
1831 1873 1961 1926 ergo
1996 1859 2060 1910 ad
2099 1858 2266 1912 Oma-

697 1970 814 2006 rmu
847 1953 1001 2006 Ebnil
1030 1952 1255 2005 Chetabi
1288 1950 1632 2018 Sophrouius
1664 1950 1971 2017 patriarcha
2006 1949 2268 2004 Hieroso-

695 2045 1008 2114 lytnitauus,
1041 2044 1126 2096 cui
1155 2045 1504 2096 securitatem
1535 2040 1806 2095 concvssit
1832 2039 2020 2103 Omar,
2056 2042 2268 2109 ipsique

691 2135 933 2186 libellam
997 2135 1241 2201 scripsit,
1303 2131 1464 2199 cujus
1517 2131 1620 2184 hoc
1672 2131 1951 2197 exemplar
2014 2139 2098 2183 est
2145 2144 2162 2181 :
2210 2131 2265 2183 In

696 2225 914 2278 nomine
965 2223 1055 2277 Dei
1103 2223 1493 2283 misericordis,
1531 2221 1889 2274 miseratoris.
1941 2221 2021 2274 Ab
2067 2221 2268 2277 Omaro

692 2315 851 2371 libuit
899 2315 1151 2377 Chetahi,
1206 2315 1356 2367 urbis
1389 2311 1558 2367 .A'Jliaa
1600 2312 1820 2366 incolis.
1856 2313 2094 2366 Securos
2149 2312 2264 2367 fore

696 2410 845 2473 ipsos
875 2402 1017 2472 quod
1051 2403 1116 2457 ad
1155 2403 1294 2456 ritas
1329 2415 1484 2465 suas,
1517 2412 1570 2456 ct
1616 2401 1835 2464 liberos,
1871 2415 2025 2469 opes,
2074 2411 2126 2454 ct
2173 2417 2266 2457 ec-

694 2497 890 2548 clesias
935 2509 1106 2556 suas;
1156 2492 1279 2546 illas
1329 2491 1538 2544 scilicet
1591 2504 1690 2544 nec
1742 2491 1980 2542 dirutum
2031 2489 2118 2555 iri,
2169 2505 2268 2546 nec

698 2587 997 2640 habitatum
1051 2601 1063 2637 :
1113 2593 1391 2652 tcStesque
1437 2582 1710 2635 adhibuit.
1762 2583 1958 2650 Aperta
1997 2596 2127 2650 ergo
2163 2583 2265 2651 ipsi

698 2687 854 2746 porta
893 2677 1078 2729 urbem
1116 2674 1391 2744 ingressus
1436 2673 1601 2728 Omar
1630 2688 1754 2728 cum
1801 2672 2098 2728 comitibus
2129 2675 2265 2740 suis,

697 2768 841 2822 sedit
871 2769 926 2820 in
957 2767 1219 2836 penetrali
1253 2763 1488 2834 [templi]
1523 2764 1988 2821 Resurrectionis.
2019 2765 2267 2842 Cumque

697 2861 913 2912 adesset
965 2868 1180 2926 tempus
1233 2857 1588 2926 precationis,
1633 2857 1776 2912 dixit
1812 2856 2124 2927 Supbronio
2172 2873 2268 2928 pa-

695 2952 948 3004 triarchae
991 2966 1002 3002 :
1039 2951 1206 3002 Orare
1237 2950 1416 3014 cupio.
1453 2948 1552 3002 Cui
1606 2949 1915 3016 patriarcha
1962 2965 1976 3004 :
2013 2947 2056 3003 Ο
2096 2950 2269 3018 inipe-
2295 2960 2339 3018 c
2372 2966 2559 3006 omnes
2591 2948 2810 3020 gremiis
2839 2948 3000 3002 etiam
3039 2949 3472 3012 suis-restibus,
3507 2951 3743 3019 clypeis,
3768 2949 3888 3001 uerbi-

693 3052 842 3092 rator
895 3036 1156 3100 ﬁdelium,
1198 3049 1263 3089 eo
1296 3051 1403 3104 quo
1436 3049 1495 3089 es
1543 3037 1664 3090 loco
1704 3049 1822 3090 ora.
1870 3036 2014 3092 Dixit
2051 3036 2217 3092 Otnar
2250 3057 2262 3092 :

695 3131 833 3184 I\'olo
866 3129 953 3183 hic
983 3143 1158 3182 orare.
1197 3128 1406 3182 Educto
1437 3142 1565 3198 ergo
1601 3128 1668 3182 ad
1718 3129 1973 3197 templum
2005 3130 2268 3185 Constan-

693 3222 791 3275 tini
826 3228 1052 3288 tegetem
1107 3219 1336 3287 projecit
1375 3220 1426 3273 in
1479 3217 1665 3286 templi
1700 3220 1877 3273 medio
1909 3235 1923 3283 ;
1996 3231 2048 3272 at
2081 3218 2265 3287 Omar,

693 3309 801 3364 Nec
832 3311 942 3369 hic,
978 3310 1174 3377 inquit,
1207 3321 1362 3360 orare
1395 3307 1533 3360 volo.
1567 3307 1941 3378 Egressusqne
1969 3308 2034 3362 ad
2066 3310 2266 3378 gradus

692 3401 784 3469 qui
839 3409 967 3452 sunt
1014 3399 1079 3451 ad
1134 3405 1346 3466 portam
1397 3397 1642 3450 ecclesiae
1693 3397 1870 3450 sancti
1919 3397 2265 3453 Constantini

693 3499 797 3551 qua
827 3484 1098 3538 Orientem
1138 3485 1384 3551 respicit,
1419 3481 1490 3534 ibi
1525 3482 1670 3536 solus
1706 3497 1871 3551 super
1905 3483 2102 3553 gradus
2141 3501 2264 3546 ora-

693 3578 769 3627 vit
821 3575 990 3628 :dein
1033 3573 1318 3627 considens
1363 3573 1500 3625 dixit
1547 3571 1852 3641 Sophronio
1887 3575 2210 3642 patriarcha
2247 3595 2260 3632 :

691 3666 925 3727 Nostin',
966 3680 998 3719 ο
1049 3664 1380 3734 patriarcha,
1438 3678 1608 3732 quare
1659 3667 1800 3717 intra
1849 3665 2105 3735 templum
2157 3683 2263 3721 non

692 3756 956 3808 oraverim
989 3755 1010 3808 ?
1044 3754 1342 3822 Respondit
1377 3755 1502 3808 ille:
1545 3754 1700 3808 llaud
1754 3756 2000 3824 equidem
2050 3758 2195 3822 novi,
2233 3773 2265 3812 ο

691 3855 986 3915 imperator
1022 3847 1284 3900 ﬁdelium.
1322 3847 1462 3899 Dixit
1499 3847 1570 3898 illi
1603 3845 1809 3901 Omar:
1849 3846 1906 3900 Si
1943 3850 2085 3901 intra
2125 3858 2265 3902 tetu-

689 3938 837 4007 plum
879 3952 1154 4000 orassem,
1188 3938 1442 4005 periisset
1486 3939 1581 3991 tibi
1633 3939 1782 4001 illud,
1834 3953 1897 3992 ac
1941 3955 1969 3993 e
2015 3939 2264 3993 manibus

698 4031 806 4083 tuis
841 4031 1043 4093 exiret,
1078 4029 1537 4082 Mohammedauis
1586 4040 1707 4097 post
1743 4030 2044 4083 discessum
2082 4047 2258 4084 meum

694 4123 791 4174 tibi
835 4121 962 4174 illud
995 4121 1391 4190 eripientibus;
1430 4136 1492 4174 ac
1526 4122 1635 4188 jam
1673 4121 2030 4190 285-287
2062 4121 2258 4176 dicturi

689 4223 812 4268 sunt
842 4233 852 4267 :
882 4212 977 4266 llic
1010 4216 1182 4267 oravit
1215 4213 1400 4267 Omar.
1441 4213 1633 4267 Verum
1668 4214 1800 4266 alIer
1831 4217 1960 4268 mihi
1992 4217 2256 4282 chartam,

689 4320 796 4372 quo
832 4304 925 4357 tibi
959 4306 1327 4373 syngrapham
1365 4306 1623 4358 scribam.
1661 4305 1887 4372 Scripsit
1921 4320 2048 4373 ergo
2090 4305 2256 4361 Omar
2289 4279 2333 4335 θ
2369 4317 2496 4356 voce
2523 4309 2988 4361 convocareutur;
3028 4310 3201 4365 neque
3241 4304 3567 4348 mutaretur
3615 4297 3766 4348 ineo
3805 4290 3906 4354 qui!"

689 4395 1047 4462 syngrapham
1094 4394 1222 4463 [qua
1279 4393 1464 4464 jussit]
1504 4410 1569 4446 ne
1617 4403 1799 4446 oraret
1853 4392 2257 4451 Mohammeda-

689 4500 877 4536 norum
915 4486 1106 4553 aliquis
1139 4500 1302 4553 super
1338 4486 1560 4552 gradus,
1595 4485 1700 4538 nisi
1733 4485 2042 4551 singulatim
2074 4501 2090 4547 ;
2125 4500 2260 4542 nere

689 4579 758 4629 ibi
796 4579 860 4629 ad
907 4593 1092 4646 preces
1138 4577 1536 4641 convenirent;
1589 4592 1766 4646 neque
1801 4591 1964 4646 super
2011 4579 2148 4648 ipsis
2191 4580 2256 4633 ad

687 4682 869 4732 preces
914 4667 1174 4734 pr;ec0nis
1223 4682 1352 4721 voce
1405 4673 1836 4722 coutiocarentur
1873 4685 1886 4720 :
1927 4667 2028 4722 hac
2079 4671 2143 4722 de
2198 4685 2256 4725 re

687 4759 1043 4823 conscriptam
1077 4758 1437 4827 syngrapham
1471 4757 1793 4825 patriarcha:
1835 4757 2078 4812 tradidit.
2117 4757 2254 4812 Tum

687 4860 738 4902 et
760 4849 831 4902 illi
860 4850 992 4902 dixit
1020 4847 1183 4902 Omar
1215 4866 1228 4902 :
1263 4850 1357 4902 Est
1386 4851 1527 4917 quod
1561 4850 1689 4903 mihi
1723 4864 1750 4902 a
1787 4857 1839 4904 te
1871 4849 2090 4904 [traderis
2119 4851 2242 4918 jure

687 4943 986 5004 debeatur;
1036 4942 1208 4992 locum
1262 4955 1390 5008 ergo
1441 4941 1569 4992 mihi
1609 4943 1840 4993 concede
1876 4941 1928 4993 iu
1975 4955 2084 5010 quo
2114 4951 2258 4994 tem-

687 5031 829 5098 plum
855 5043 1146 5082 cxstruam.
1173 5030 1270 5082 Cui
1306 5030 1610 5098 patriarcha
1643 5048 1656 5082 :
1688 5030 1816 5099 Ego,
1846 5031 2045 5100 inquit,
2075 5030 2251 5084 locum

691 5119 1001 5184 imperatori
1064 5120 1296 5172 ﬁdelium
1352 5121 1642 5172 concedam
1711 5120 1764 5172 in
1819 5134 1926 5186 quo
1991 5120 2249 5187 templum

691 5219 931 5264 exstruat
979 5212 1096 5279 (cui
1152 5213 1480 5266 exstruendo
1525 5211 1841 5266 Graecorum
1897 5213 2260 5280 imperatores

691 5313 921 5366 impares
958 5298 1195 5363 fuerunt,
1228 5299 1478 5353 videlicet
1508 5307 1716 5369 petram
1753 5300 1805 5352 in
1851 5314 1957 5367 qua
1994 5301 2134 5354 Deus
2166 5299 2257 5354 Ja-

692 5392 879 5444 cobuui
908 5389 1167 5445 allocutus
1204 5400 1307 5458 est,
1338 5404 1496 5459 quam
1527 5389 1813 5458 appellavit
1840 5388 2075 5447 Jacobus
2105 5391 2242 5447 Por-

804 5567 1034 5624 ‘ldattb.
1074 5584 1228 5634 unt,
1265 5569 1352 5623 '58.
1433 5566 1662 5621 7ldatth.
1701 5581 1847 5631 sxw,
1878 5567 1931 5620 2.

1675 213 2042 272 EUTVCHII
2079 213 2262 272 ALISN‘

2367 214 2605 274 WRNI
2662 219 2879 276 PA'I‘R.
3776 235 3844 295 illi)

702 328 1022 378 Baaibet'uut
1082 325 1259 394 l[cujus
1313 328 1526 393 int-olmj
1567 342 1664 394 ipsi
1695 327 1978 378 dixi-runt:
2017 326 2122 379 Nos
2147 341 2266 377 eas-
2297 329 2339 381 A
2372 338 2476 376 tam
2536 331 2654 379 turb
2689 349 2700 389 ;

709 413 830 464 ιῘιῚΙΙ
861 414 1223 476 conditiones,
1250 428 1384 480 quas
1417 413 1766 468 Damascenis
1797 413 1938 481 pacti
1969 415 2120 475 estis,
2155 415 2271 468 sine

2337 853 2339 855 ι
2372 775 2635 843 grapham
2668 778 2901 843 scribas,
2948 794 3012 832 ne
3047 780 3187 833 intra
3233 779 3433 837 ‘llieros
3460 787 3637 856 olyma
3664 802 3857 845 eSSll’tlallt'

1165 1681 1268 1750 ίῐιδί
1337 1677 1501 1750 284
1548 1677 1750 1731 Omnro
1803 1677 1963 1731 Ebuil
2013 1678 2263 1740 Cltclabi,
2298 1643 2337 1697 Β

3911 1150 3928 1249 1

3850 2870 3886 2904 iit

3911 3860 3928 4074 l

3840 4574 3928 4891 ᾗ

3853 4891 3928 5058 ί]

3820 5058 3928 5402 3

2755 333 3004 384 lsrst-lmc
3061 342 3235 384 autem
3291 337 3490 388 'Sauelu
3527 358 3570 390 tu
3624 353 3841 396 sallcll'tlltllt.

2377 411 2578 482 Estque
2631 419 2744 484 ipsa
2795 422 2845 472 iu
2905 429 3064 473 teme
3125 422 3330 487 medio,
3390 425 3479 476 fuit
3516 443 3619 497 quc
3667 435 3846 487 sacrarium

2373 499 2664 571 lsraelitis;
2699 509 2789 574 qui
2825 523 3017 574 magna
3052 509 3219 576 ipsam
3251 510 3313 562 in
3347 525 3478 565 vene
3510 517 3700 569 ratione
3723 519 3845 584 habent,

2372 602 2531 660 atque
2562 597 2863 665 ubicunque
2894 599 3113 664 fuerint,
3149 600 3296 654 inter
3328 617 3458 654 orau
3490 607 3615 659 dum
3650 606 3852 667 facimus

2370 683 2436 737 ad
2471 685 2638 752 ipsam
2681 689 3014 754 conversas),
3053 690 3152 744 hac
3183 692 3527 751 conditione
3572 707 3631 751 ut
3670 700 3760 753 milii
3785 719 3851 770 spi-

2372 873 2568 930 pmtcr
2602 865 2730 919 illud
2779 867 3138 921 adoratorium
3189 868 3416 940 [Mohan‘
3444 878 3748 950 imedieuut].
3773 881 3854 935 sui.

2373 955 2480 1020 psit
2509 968 2636 1024 ergo
2681 955 2848 1010 Omar
2895 956 3061 1010 Ebuol
3095 957 3321 1013 Chcubi
3373 963 3502 1020 hac
3529 967 3596 1019 de
3642 983 3689 1020 re
3722 984 3859 1038 syngra-

2366 1043 2524 1112 pham
2556 1060 2713 1114 quam
2765 1047 2863 1114 ipsi
2910 1047 3151 1102 tradidit.
3228 1047 3390 1116 Siqui:
3415 1056 3531 1109 dem
3565 1072 3680 1110 cum
3723 1057 3857 1115 liomui

2368 1132 2678 1203 religionem
2731 1136 3090 1192 Christianam
3169 1139 3428 1207 amplexi
3485 1156 3680 1210 essent,
3717 1150 3863 1205 aediliu-

2374 1237 2564 1294 rctque
2599 1226 2798 1283 Helena
2826 1228 3166 1284 Constantini
3201 1242 3365 1285 mater
3395 1255 3422 1300 -,
3469 1236 3863 1311 llierosolymiscr-

2365 1323 2600 1389 clesias;
2666 1319 2883 1374 fuerunt
2937 1320 3106 1374 Petra:
3164 1321 3312 1376 locus
3398 1326 3609 1396 ipsique
3659 1333 3866 1398 adiacentia

2365 1423 2590 1476 vastata,
2617 1413 2839 1480 ideoque
2868 1411 3034 1480 288
3065 1413 3269 1466 relicta.
3309 1413 3341 1466 P
3369 1429 3510 1472 'etra:
3543 1433 3706 1473 autem
3747 1425 3865 1487 ιιυινε.

2366 1519 2478 1556 rem
2523 1503 2820 1570 iujecerant
2864 1501 2996 1554 adeo
3045 1512 3102 1554 ut
3148 1519 3304 1570 super
3378 1509 3549 1576 ipsam
3583 1511 3756 1578 grande
3780 1527 3867 1565 esset

2367 1590 2784 1660 Sterquilinium,
2834 1590 3060 1658 ideoque
3112 1591 3277 1660 ipsam
3344 1600 3608 1666 nrglcctui
3656 1599 3866 1654 habuerant

2373 1680 2626 1744 Romani,
2673 1697 2843 1748 neque
2887 1682 2985 1748 ipsi
3025 1695 3149 1734 eum
3186 1698 3303 1750 quc'
3328 1703 3373 1740 m
3422 1690 3663 1743 Solebant
3701 1692 3867 1744 Israelita

2371 1771 2626 1823 honorem
2657 1771 2992 1832 detulerunt,
3025 1787 3199 1840 neque
3229 1790 3286 1825 sit
3324 1795 3418 1845 pra
3471 1780 3639 1845 ipsam
3673 1785 3870 1836 ecclesiae

2367 1870 2700 1923 Struxeruut,
2751 1874 2815 1911 eo
2859 1860 3002 1927 quod
3048 1860 3251 1912 dictum
3325 1867 3394 1919 sit
3441 1885 3469 1920 a
3512 1868 3723 1922 Domino
3759 1883 3868 1921 nostra

2375 1948 2592 2001 Christo
2623 1948 2675 2000 iu
2707 1947 2996 2010 Evangelia
3034 1959 3252 2002 sancto:
3318 1953 3443 2008 Eae
3478 1959 3773 2025 relinquetur
3792 1962 3873 2011 reb-'1

2369 2038 2552 2090 domus
2603 2053 2774 2090 vestra
2822 2039 3026 2090 deserta
3057 2039 3076 2068 ⁶
3122 2056 3137 2104 ;
3179 2054 3253 2092 uc-
3276 2059 3300 2096 c
3330 2061 3458 2105 uuu.
3492 2047 3607 2099 Non
3636 2052 3868 2114 relinqui—ui

2368 2130 2448 2181 hic
2471 2130 2602 2194 lapis
2621 2143 2776 2195 super
2796 2130 3022 2195 lapidem
3044 2130 3134 2198 qui
3160 2145 3241 2183 nat
3265 2153 3283 2187 τι
3308 2137 3551 2190 diruatur
3575 2159 3634 2191 uc
3660 2143 3871 2192 casu-mf.

2371 2218 2515 2272 llanc
2553 2219 2620 2271 ob
2665 2233 2883 2272 causam
2922 2218 3226 2286 reliquerun
3259 2232 3278 2275 t
3309 2223 3601 2279 Christiani
3647 2229 3786 2293 lpslttl

2370 2318 2590 2373 set-tatu,
2627 2309 2769 2361 nulla
2818 2322 2978 2374 super
3030 2307 3196 2376 ipsam
3255 2321 3528 2367 exstructa
3569 2317 3794 2369 ceeles‘a.
3822 2318 3879 2367 5-..-

2370 2401 2629 2470 phrouius
2678 2414 2809 2468 ergo
2850 2398 3152 2466 patriarcha
3186 2399 3462 2457 ()niarum
3517 2407 3686 2460 Iibnol
3720 2411 3874 2460 Clr-tih‘

2370 2505 2528 2544 manu
2580 2492 2904 2559 prehensum
2959 2491 3024 2542 ad
3071 2495 3483 2562 stcrqnilinium
3517 2497 3879 2552 deduxiLana

2369 2596 2544 2638 autem
2577 2585 2741 2640 vestis
2775 2598 2885 2638 sua:
2927 2597 3020 2635 ora
3064 2582 3344 2650 prelacnsa
3383 2589 3555 2654 ipsam
3598 2585 3797 2658 pulvere
3823 2592 3880 2639 im-

2369 2677 2550 2747 plevit,
2583 2691 2744 2746 quem
2791 2675 2843 2728 in
2879 2673 3067 2727 vallem
3108 2672 3148 2724 (ἶ
3171 2675 3388 2730 ebenum
3427 2679 3682 2744 projccit.
3711 2677 3882 2730 Metuit-

2369 2766 2583 2821 tuedaui
2621 2779 2750 2834 ergo
2781 2764 3190 2831 conspicientes
3219 2765 3474 2818 Omarum
3516 2767 3694 2821 Ebuol
3727 2767 3883 2820 Cbeu‘ii

2370 2857 2575 2928 gremio
2607 2870 2703 2911 suo
2752 2855 3024 2923 pulverem
3057 2867 3324 2922 gestasse,
3379 2857 3478 2924 ipsi
3517 2862 3750 2926 seposita
3791 2870 3886 2906 mea

2369 3041 2492 3103 bus,
2523 3050 2685 3109 atque
2735 3039 2912 3092 urceis
2955 3049 3328 3105 asportarunt,
3369 3041 3546 3093 tIOut-c
3596 3041 3833 3093 inundata

2370 3141 2596 3203 purgato
2634 3133 2750 3185 loco
2777 3138 3056 3199 appareret
3095 3139 3264 3197 petra.
3299 3129 3431 3182 Tum
3461 3132 3778 3184 dicentibus
3811 3144 3890 3179 uos-

2367 3224 2529 3277 nullis
2579 3235 2595 3281 :
2647 3220 2994 3275 Ediﬁcetuus
3055 3221 3311 3288 templqu
3376 3221 3447 3273 ita
3505 3225 3569 3272 u't
3627 3233 3818 3287 petram
3855 3217 3887 3266 al

2365 3314 2564 3370 Keblah
2595 3321 2895 3368 statuamus
2919 3327 2935 3374 ;
2960 3310 3092 3362 dixit
3119 3309 3284 3364 Omar
3313 3325 3327 3362 :
3355 3307 3747 3380 Nequaquam,
3773 3321 3892 3360 rem

2369 3405 2437 3458 ita
2483 3403 2734 3471 templum
2778 3411 3051 3456 strucmus
3082 3408 3139 3453 ut
3175 3411 3374 3468 petram
3412 3393 3477 3453 ad
3516 3415 3738 3470 partem
3776 3401 3889 3465 ἱρέες

2369 3490 2725 3561 posteriorem
2767 3487 3118 3541 collocemus.
3170 3483 3378 3538 Struxit
3429 3501 3572 3555 ergo
3615 3489 3782 3542 Omar
3811 3497 3895 3537 ira.-

2373 3586 2520 3648 plum
2579 3582 2729 3644 cujus
2780 3580 2834 3630 in
2886 3584 3036 3644 parte
3093 3575 3390 3643 posteriore
3451 3586 3685 3644 petram
3739 3576 3893 3630 stabnt.

2369 3671 2575 3728 Deinde
2604 3670 2913 3724 Bethlehetu
2949 3666 3016 3721 ad
3047 3681 3164 3720 eam
3188 3665 3461 3720 visendam
3489 3668 3804 3736 profectus,
3827 3679 3898 3716 cna

2368 3764 2584 3817 adesset
2632 3759 2892 3815 orationis
2945 3767 3176 3825 tempus,
3218 3758 3356 3810 intra
3408 3758 3724 3812 ecclesiam
3767 3755 3898 3823 289-

2364 3852 2520 3922 291
2549 3852 2721 3905 oravit
2749 3849 2813 3902 ad
2837 3862 3016 3901 arcum
3051 3847 3374 3900 australem.
3409 3844 3558 3900 Erat
3587 3857 3774 3902 autem
3801 3857 3905 3897 artes

2379 3953 2528 3996 totus
2559 3955 2719 4009 opere
2746 3936 3015 3992 tessellato
3045 3937 3370 4004 varicgalus.
3407 3936 3772 4006 Scripsiique
3795 3934 3904 3986 Ome!

2364 4033 2685 4101 patriarcha
2731 4029 3090 4098 syngrapham
3140 4040 3208 4078 ne
3257 4034 3481 4079 orarent
3544 4026 3685 4082 loco
3721 4028 3814 4079 isto
3836 4021 3904 4074 il...

2366 4119 2702 4178 hanuuedaui
2740 4121 2840 4172 nisi
2889 4117 3112 4185 singuli,
3155 4117 3294 4168 alius
3334 4124 3454 4183 post
3495 4117 3713 4179 alium,
3747 4111 3906 4168 uesani

2364 4212 2621 4266 orandum
2675 4209 2744 4262 ibi
2784 4208 3028 4274 ,coireut,
3080 4219 3256 4273 neque
3315 4208 3380 4257 ad
3436 4221 3666 4272 preces
3712 4199 3908 4273 praevisis

2365 4411 2547 4466 quant.
2577 4393 2643 4445 At
2667 4400 2906 4458 tempore
2933 4389 3031 4442 hoc
3058 4398 3238 4439 nostro
3263 4396 3448 4438 centra
3485 4384 3698 4439 ierunt
3726 4383 3904 4436 “aitue-

2366 4482 2576 4537 medaui
2613 4479 2793 4534 Omari
2832 4477 3002 4540 Eban
3036 4474 3256 4528 Cbctabi
3283 4473 3523 4540 scripto.
3559 4472 3711 4526 Nm
3756 4485 3801 4523 et
3827 4473 3906 4519 sei.-

2366 4572 2476 4625 lato
2548 4585 2711 4638 opere
2791 4570 3061 4634 variegato
3117 4565 3184 4617 ab
3243 4578 3413 4626 arcu,
3481 4561 3774 4632 quidquid
3829 4557 3890 4626 ipsi

2365 4666 2532 4716 visum
2583 4662 2682 4714 fuit
2720 4659 2915 4712 ibidem
2961 4657 3314 4724 scripserunt,
3348 4661 3402 4705 et
3450 4655 3540 4706 ad
3605 4667 3902 4722 precariae

2364 4757 2512 4817 ritut,
2544 4754 2855 4806 hominibus
2879 4751 3140 4820 praeconis
3166 4763 3294 4800 voce
3319 4748 3697 4800 convocatis.
3724 4745 3866 4804 [deme

2367 4847 2607 4900 fecerunt
2638 4848 2800 4898 etiam
2856 4845 2905 4896 in
2959 4841 3216 4910 gradibus
3263 4837 3353 4905 qui
3387 4837 3571 4905 juxta
3637 4849 3831 4907 porum

2366 4939 2539 4990 clcsite
2565 4934 2907 4989 Constantini
2937 4934 3172 4993 fuerant,
3199 4942 3362 4996 super
3391 4942 3565 4994 quos
3584 4929 3763 4982 oravit
3783 4926 3851 4973 Us

2367 5029 2576 5096 sibique
2629 5037 2901 5078 sumentes
2950 5021 3232 5075 dimidium
3287 5019 3573 5072 vestibuli
3632 5013 3848 5072 ecclesia

2369 5120 2482 5188 ipso
2512 5117 2808 5170 oratorium
2836 5117 3236 5174 exstruxerunt,
3255 5107 3400 5176 quod
3426 5109 3762 5162 oratorium
3783 5101 3880 5154 Oi:

2367 5211 2694 5262 vocitarunt.

2434 5299 2601 5354 Porro
2633 5306 2876 5350 mortuus
2907 5303 2986 5349 cst
3019 5291 3359 5363 Sophronius
3393 5292 3749 5359 patriarcha
3777 5285 3820 5340 ω

2370 5391 2745 5462 solyniitanus,
2790 5395 3069 5457 postquam
3104 5396 3330 5438 munere
3362 5380 3473 5440 illo
3527 5396 3773 5456 quatuor
