3962 6344
221 122 334 188 ilDl

1617 74 1975 177 ANNALES.

3269 116 3394 181 110?.

214 238 413 289 functus
442 240 604 287 esset.
658 231 782 285 Post
821 240 1049 287 mortem
1100 236 1277 283 autem
1319 227 1487 297 ipsius
1531 242 1596 281 ex
1645 242 1751 296 quo
1780 231 1823 289 Δ
1854 237 1959 294 set,
1994 228 2066 282 ita
2109 227 2198 282 ille
2232 228 2332 298 ipsi
2374 227 2637 298 scripsit:
2680 229 2847 285 Servo
2889 231 3012 293 Dei,
3060 230 3256 284 Onam
3286 235 3339 287 Et
3366 255 3397 289 ιι

218 322 436 379 decessit
463 331 777 376 manserunt
798 320 1169 390 Hierosolyma
1195 318 1399 385 absque
1447 317 1750 386 patriarcha

212 428 370 468 annos
420 412 604 482 viginti
655 427 870 466 novem.
921 409 1089 464 Jussit
1144 419 1321 462 autem
1372 406 1534 463 Omar
1584 402 1753 462 Ebnol

212 505 295 561 Δεῖ
323 504 525 573 paratis
548 503 717 573 copiis
742 502 1030 573 {Egyptum
1058 499 1360 571 proﬁcisci;
1394 498 1753 569 praecepitque

212 598 257 650 ei
284 607 338 647 nt
368 595 411 648 si
441 612 561 649 cum
601 595 666 649 ad
706 595 879 664 ipsum
909 590 1255 662 pervenirent
1280 590 1472 646 litterae
1504 590 1671 659 ipsius
1702 589 1754 642 in

213 687 405 741 ditione
432 686 600 756 Syrite
628 695 794 748 esset,
828 683 1143 738 subsisteret
1175 697 1272 738 nec
1315 681 1539 737 ulterius
1566 692 1753 748 perge-

214 790 315 843 ret;
348 779 428 831 sin
485 778 551 831 ad
583 776 755 845 ipsum
806 775 1170 843 perferrentur
1208 783 1495 844 postquam
1535 771 1753 843 Egypti

214 870 338 923 lines
366 868 644 937 ingressus
675 874 839 930 esset,
871 865 1300 937 progrederetur.
1333 864 1471 919 Tum
1501 875 1755 917 reversus

211 968 290 1013 est
317 960 481 1010 Omar
507 956 675 1011 Ebnol
694 956 921 1011 Chetabi
952 957 1021 1011 ab
1055 954 1439 1024 Hierosolymis
1467 952 1755 1007 Medinam.

212 1048 321 1102 Abu
355 1048 513 1117 292
555 1047 793 1102 Obaidali
825 1056 1001 1101 autem
1037 1046 1201 1099 Ebnol
1240 1044 1416 1099 laralti
1455 1043 1754 1104 Hantsum;
1826 1100 1838 1112 .

210 1137 329 1191 dein
359 1136 554 1190 llamso
580 1136 936 1191 Kenasrinum
972 1135 1247 1206 profectus
1279 1144 1386 1189 est.
1421 1132 1757 1204 Scripsitque

211 1225 273 1279 ad
308 1226 476 1293 ipsum
509 1225 793 1280 licuasrini
838 1224 1115 1293 patricius,
1165 1224 1268 1278 sibi
1313 1223 1475 1279 unius
1508 1221 1630 1277 anni
1677 1220 1759 1274 in-

209 1320 395 1372 ducias
429 1328 635 1385 petens,
683 1332 788 1385 quo
816 1314 882 1368 ad
919 1313 1226 1369 lleraclium
1255 1314 1636 1385 imperatorem
1666 1326 1757 1366 ae-

209 1408 459 1463 cedercnt
490 1408 751 1471 homines,
776 1417 938 1477 utque
967 1406 1059 1476 qui
1090 1406 1162 1460 ibi
1197 1413 1475 1460 manerent
1504 1404 1558 1459 in
1587 1402 1761 1459 ftedus

206 1511 257 1553 et
303 1510 514 1569 pactum
563 1501 953 1570 reciperentur.
987 1498 1085 1554 Cui
1134 1511 1258 1551 eum
1311 1496 1593 1551 annuisset
1639 1496 1757 1551 Abu

1855 317 2101 385 Cbetabi,
2137 317 2371 374 ﬁdelium
2416 317 2772 384 imperatori;
2814 320 2956 389 quod
3001 334 3141 389 aegre
3177 319 3400 393 [primo]

1856 410 1977 463 tulit
2022 407 2187 464 Omar
2234 409 2407 466 Ebnol
2461 409 2706 476 Cbetabi,
2764 427 2937 481 neque
2980 413 3218 482 agnovit.
3270 415 3401 468 Dein

1855 503 1991 556 dixit
2023 518 2037 554 :
2073 500 2185 571 Ego
2214 515 2335 556 sum
2370 515 2560 557 servus
2593 502 2711 565 Dei,
2742 516 2840 571 ego
2872 500 3033 556 Omar
3068 504 3234 558 Ebnol
3267 504 3402 560 (Ihe-

1858 591 1990 655 tahi,
2018 607 2115 660 ego
2147 592 2376 646 ﬁdelium
2408 595 2741 662 imperator;
2764 607 2946 648 verum
2975 595 3107 649 dixit
3136 597 3197 650 Al
3232 597 3400 666 Elogi-

1858 682 1953 736 rah
1988 682 2101 737 Ebn
2146 680 2390 738 Shaabze.
2429 684 2741 753 Appellatus
2761 696 2843 741 est
2872 686 3033 756 296
3074 702 3198 756 ergo
3241 688 3406 743 Omar

1859 773 2031 828 Ebnol
2082 771 2303 826 Cltetabi
2350 773 2556 827 Amirol
2601 774 2910 839 Mutnenin,
2964 792 3059 830 seu
3119 777 3405 846 imperator

1861 861 2095 917 ﬁdelium
2135 870 2339 930 :atque
2374 875 2439 915 ex
2474 874 2540 915 eo
2575 869 2816 930 tempore
2845 861 3088 933 insignlti
3124 872 3251 919 sunt
3279 864 3407 918 eha~

1861 951 1967 1007 lil'ae
1990 951 2168 1016 titulo,
2201 950 2407 1006 Amirol
2439 950 2736 1007 Mumenin.

1931 1042 2217 1111 Yazdejird
2263 1051 2440 1099 autem
2488 1043 2775 1100 Persarum
2824 1058 2919 1099 rex
2979 1045 3166 1102 auditu
3210 1046 3411 1101 certior

1861 1133 2033 1190 iactus
2079 1133 2145 1190 de
2184 1134 2415 1189 adventu
2461 1132 2618 1190 Saadi
2665 1135 2775 1190 Ebn
2812 1135 2912 1190 Abi
2955 1136 3228 1208 qukasi,
3260 1137 3412 1190 fami-

1859 1225 1985 1281 liam
2017 1241 2172 1281 suam
2206 1240 2269 1279 ac
2296 1225 2581 1281 thesauros
2612 1224 2669 1280 in
2697 1224 3184 1296 Sinam’deportari
3213 1226 3367 1294 jussit
3394 1245 3409 1292 ;

1861 1318 2035 1389 copiis
2064 1331 2288 1373 numero
2318 1318 2524 1387 paucis.
2571 1332 2635 1371 ac
2671 1316 3019 1374 facultatibus
3064 1319 3293 1374 modicis
3326 1336 3410 1374 re-

1864 1408 2049 1475 tentis;
2084 1407 2446 1477 praelectoque
2473 1405 2538 1460 Al
2574 1404 2873 1477 Madayeno
2907 1406 3156 1464 Chorado
3186 1408 3249 1462 Al
3277 1408 3410 1465 Uzdi

1862 1498 2031 1553 fratre
2057 1496 2320 1563 Rostami,
2356 1496 2672 1553 Rostamum
2706 1496 2852 1552 misit
2884 1506 3249 1570 oppugnatum
3280 1500 3413 1553 Saa-

207 1589 479 1655 Obaidah,
518 1591 725 1660 rogavit
756 1591 1010 1658 patricius
1045 1589 1158 1644 Abu
1191 1587 1449 1644 Obaidam
1479 1586 1761 1642 utcolum-
1797 1580 1837 1635 Β
1864 1593 1989 1647 dum
2025 1590 2140 1647 Ειηι
2180 1591 2281 1647 Abi
2316 1589 2591 1646 Wakkasi,
2632 1591 2729 1645 lue
2770 1605 2901 1662 ergo
2940 1591 3184 1647 Kadestg
3230 1593 3409 1647 sedem

207 1698 327 1735 nam
394 1690 657 1735 statueret
713 1682 854 1737 inter
908 1681 1125 1735 Graecos
1179 1690 1235 1735 et
1286 1678 1763 1734 Mohammedanos

204 1781 469 1836 erectam,
497 1787 659 1842 quam
712 1786 885 1843 neque
921 1773 1153 1827 transire
1194 1769 1652 1826 Mohammedauis
1697 1770 1765 1826 ad

172 1862 429 1917 Graecos
490 1863 692 1927 liceret,
750 1878 853 1918 nec
897 1863 1098 1918 Grtecis
1152 1863 1217 1917 ad
1267 1863 1763 1925 Mobammedanos,

202 1968 308 2021 qua
384 1953 436 2006 in
506 1954 755 2007 columna
820 1954 1047 2024 eﬁigiem
1120 1954 1355 2010 lleraclii
1426 1952 1765 2023 imperatoris

207 2041 460 2114 [throno]
502 2046 648 2113 regio
677 2044 959 2099 insidentis
990 2047 1304 2114 pinxerant.
1339 2043 1489 2111 Quod
1522 2054 1576 2099 et
1606 2059 1766 2099 acce-

204 2145 359 2205 ptum
399 2136 585 2189 habuit
630 2136 743 2190 Abu
772 2133 1009 2192 Obaidaa.
1054 2136 1188 2189 Dum
1226 2143 1406 2189 autem
1440 2134 1592 2202 equis
1633 2148 1766 2188 con-

206 2228 428 2282 scensis
456 2244 484 2279 e
516 2226 972 2281 llloltammcdanis
1002 2225 1216 2295 quidam
1248 2224 1520 2294 equitandi
1565 2234 1680 2278 arte
1714 2237 1771 2278 se

201 2327 544 2378 exercerent,
574 2330 698 2369 ecce
734 2316 847 2368 Abu
886 2315 1113 2371 llandali
1152 2313 1263 2368 Ebn
1297 2314 1448 2367 Amri
1482 2314 1637 2384 pleno
1673 2311 1771 2366 im-

204 2417 335 2475 petu
372 2422 510 2473 equo
541 2421 637 2459 suo
674 2417 877 2466 rectus,
911 2421 1073 2459 manu
1107 2405 1313 2459 hastam
1352 2410 1540 2459 tenens
1564 2403 1769 2458 colum-

203 2513 336 2550 nam
383 2498 537 2551 istam
569 2505 727 2565 atque
762 2498 983 2566 clligient
1020 2496 1256 2559 transiit,
1292 2494 1601 2564 ferrumque
1626 2494 1770 2563 quod

205 2590 274 2643 ad
312 2587 625 2641 inferiorem
672 2588 838 2641 hastae
870 2602 979 2655 sua;
1022 2596 1226 2655 partem
1268 2594 1437 2651 esset,
1470 2585 1629 2640 oculo
1657 2583 1772 2639 elli-

1867 1684 2031 1756 ﬁgens
2063 1684 2132 1739 ibi
2176 1684 2495 1754 permansit,
2530 1684 2700 1739 donec
2733 1682 3088 1739 occideretur.
3126 1683 3277 1749 Quod
3324 1685 3414 1738 ubi

1865 1772 2181 1842 Yazdejirdo
2220 1773 2526 1828 nuntiatum
2565 1783 2730 1837 esset,
2759 1773 3069 1844 videretque
3102 1788 3261 1845 quam
3289 1789 3415 1842 erga
3454 1780 3457 1783 ‘

1865 1866 2041 1936 ipsum
2084 1866 2285 1936 obliqui
2324 1866 2506 1923 essent
2548 1871 2779 1937 populus
2826 1876 2985 1937 atque
3015 1868 3281 1923 exercitus
3308 1868 3416 1931 sui,

1867 1972 2135 2027 quamque
2163 1958 2515 2028 immorigerl,
2551 1973 2613 2012 ac
2642 1958 2869 2029 periisse
2898 1960 3170 2016 exercitus
3193 1961 3275 2015 sui
3312 1962 3418 2031 pri-

1864 2049 2090 2114 marios,
2140 2058 2305 2117 atque
2364 2048 2507 2102 inter
2551 2048 2700 2118 ipsos
2752 2048 3078 2104 discordiam
3131 2064 3270 2117 esse,
3308 2066 3419 2121 pro

1871 2147 2018 2194 certo
2071 2135 2260 2192 habuit
2304 2147 2448 2192 retro
2498 2137 2576 2191 ire
2624 2151 2849 2208 regnum
2898 2154 3079 2194 suum.
3141 2137 3318 2203 Quare
3364 2139 3417 2194 in

1873 2229 2107 2283 Pctsiam
2141 2225 2416 2294 prolectus
2443 2225 2566 2280 inde
2594 2225 2772 2280 Meran
2804 2242 2997 2282 versus
3029 2243 3122 2297 per
3149 2230 3289 2285 viam
3321 2229 3417 2284 Se-

1868 2313 2064 2384 jestani
2114 2316 2373 2386 perrexit,
2420 2315 2594 2369 donec.
2645 2316 2719 2369 ibi
2771 2316 3205 2381 interﬁceretur;
3249 2332 3422 2389 neque

1876 2420 2109 2475 unquam
2131 2405 2391 2460 bellorum
2419 2415 2473 2460 et
2493 2405 2892 2460 dissensionum
2916 2422 3109 2491 expers
3133 2407 3233 2462 luit
3256 2426 3424 2479 usque

1873 2496 1999 2551 dum
2055 2497 2412 2552 occideretur.
2458 2495 2720 2565 Regnavit
2768 2507 2948 2552 autem
2992 2513 3161 2555 annos
3215 2502 3421 2570 viginti.

1874 2586 2035 2639 Omar
2069 2594 2252 2640 autem
2280 2574 2510 2640 Chetabi
2536 2584 2676 2639 ﬁlius
2716 2584 2802 2639 ubi
2835 2584 3100 2641 Medinam
3139 2591 3418 2656 pervenis-

202 2680 341 2748 giei,
379 2680 521 2733 haud
558 2680 682 2732 data
725 2692 907 2746 opera.
941 2677 1165 2748 inﬁgens
1197 2676 1301 2747 ipsi
1332 2677 1549 2732 oculum
1584 2670 1776 2729 conio-
1874 2685 1974 2738 set,
2010 2675 2225 2745 scriptis
2266 2676 2460 2731 litteris
2503 2672 2758 2730 Omarum
2789 2675 2959 2731 Ebnol
2994 2679 3086 2733 Asi
3114 2679 3423 2736 'Palmstinm

206 2770 315 2823 dit.
368 2768 636 2822 Patricius
684 2782 810 2837 ergo
860 2764 1140 2835 Kenasrini
1188 2772 1451 2819 accedens
1502 2763 1636 2817 duit
1676 2761 1775 2817 Abi
1854 2766 2195 2837 ‘prarl'ectura
2231 2766 2521 2831 abdicavit,
2547 2765 2759 2836 jussum
2787 2769 3026 2824 collectis
3056 2771 3223 2839 copiis
3254 2771 3419 2842 AEgy-

207 2860 441 2915 Obaida:
486 2876 497 2910 :
536 2858 798 2911 Fraudem
832 2856 986 2911 nobis
1040 2855 1267 2920 fecistis,
1313 2869 1349 2909 o
1377 2854 1533 2909 turba
1578 2853 1775 2908 Mosle-
1802 2908 1842 2931 η
1876 2868 2025 2925 ptum
2089 2855 2333 2912 tendere.
2374 2855 2670 2910 ‘Moawiam
2731 2872 2857 2911 vero
2907 2857 3020 2913 Ebn
3072 2859 3171 2914 Abi
3222 2861 3420 2931 Soiyan

208 2966 459 3017 morum,
492 2950 689 3004 violata
727 2962 876 3017 pace,
904 2955 1068 3017 atque
1096 2945 1332 3001 induciis
1358 2961 1479 3015 qua:
1506 2945 1646 3001 inter
1676 2960 1775 3002 nos
1804 2945 1843 2964 ν
1876 2946 2165 3012 Askelano,
2225 2946 2498 3013 Caesareae,
2519 2955 2607 3001 'et
2656 2948 2951 3003 Palmstinaa
3000 2951 3274 3019 praefecit,
3330 2954 3422 3023 qui

204 3050 378 3096 erant
424 3040 635 3095 solutis.
687 3039 905 3093 Dicente
953 3037 1067 3091 Abu
1098 3035 1339 3093 Obaidah
1370 3054 1384 3091 :
1416 3034 1482 3090 Et
1518 3037 1775 3105 quisnam
1876 3038 2174 3093 Caesaream
2214 3044 2267 3093 et
2294 3037 2619 3092 Askelanum
2659 3038 2835 3107 gladio
2876 3042 3040 3111 cepit,
3089 3042 3248 3111 idque
3284 3060 3428 3099 anno

206 3133 401 3201 ipsum
431 3132 695 3185 violavit?
724 3128 1021 3200 Respondit
1053 3126 1320 3184 Patricius
1350 3146 1363 3183 :
1396 3126 1488 3181 llle
1517 3126 1609 3197 qui
1634 3126 1778 3197 regis
1878 3128 2161 3183 cbalil‘atus
2201 3126 2384 3182 Omari
2431 3127 2588 3182 Ebnil
2623 3129 2847 3184 Chetabi
2887 3133 3133 3201 septimo.
3172 3135 3303 3189 Tum
3333 3152 3427 3191 ac-

204 3226 398 3279 nostri
426 3225 639 3278 oculum
692 3222 937 3300 conﬁxit.
971 3220 1113 3274 Dixit
1159 3220 1275 3274 Abu
1316 3216 1556 3274 Obaidah
1590 3236 1603 3271 :
1640 3217 1776 3283 Quid
1878 3217 2088 3273 cedenti
2123 3212 2388 3272 0thmano
2418 3216 2572 3273 Ebnil
2600 3219 2826 3288 Aphano
2855 3222 2920 3274 ad
2952 3221 3204 3278 Omarum
3240 3227 3427 3297 297-
3472 3266 3473 3269 η

202 3332 349 3386 ergo
386 3316 589 3371 vultis?
615 3314 1033 3385 Responderunt
1068 3332 1080 3367 :
1119 3312 1234 3367 Non
1264 3313 1421 3366 aliter
1452 3311 1780 3382 plaeabimur
1880 3308 2042 3378 299
2078 3308 2231 3362 Ebnil
2266 3307 2512 3373 Chetabi,
2548 3323 2670 3363 cum
2716 3310 2941 3365 dixisset
2975 3312 3159 3379 Omar,
3208 3318 3430 3386 scriptis

204 3424 386 3478 quam
440 3409 485 3462 si
531 3409 675 3477 regis
728 3407 892 3463 vestri
945 3398 1134 3461 oculus
1176 3411 1417 3460 eruatur.
1468 3402 1612 3457 Dixit
1662 3401 1780 3456 Abu
1880 3400 1947 3454 ad
1981 3399 2204 3455 Amrum
2255 3398 2428 3454 Ebnol
2460 3398 2551 3453 Asi
2592 3399 2788 3456 litteris
2834 3402 3005 3471 ipsum
3057 3403 3337 3461 Palaestina
3377 3420 3433 3461 et

202 3502 468 3563 Obaidah
498 3519 511 3556 :
548 3503 795 3555 Statuam
826 3511 997 3552 meam
1022 3495 1204 3565 ponite
1228 3495 1347 3551 loco
1368 3494 1560 3561 istius;
1590 3491 1783 3549 deinde
1882 3492 2124 3547 Caesarea
2160 3490 2489 3556 abdicatum,
2519 3489 2811 3562 Egyptum
2842 3494 2989 3548 adire
3016 3497 3174 3565 jussi,
3209 3498 3429 3555 nlonwia

207 3591 585 3668 293-295
636 3590 762 3657 quid
811 3587 967 3642 vobis
1011 3586 1232 3642 libuerit
1279 3600 1344 3640 ac
1401 3584 1573 3640 visum
1622 3581 1785 3639 fuerit
1883 3578 2003 3637 Ebn
2046 3580 2147 3635 Abi
2189 3579 2387 3651 Solyan
2420 3580 2717 3636 Palaestinae
2760 3591 2814 3637 et
2864 3584 3120 3641 Caesarea:
3160 3590 3433 3657 praelecto.

201 3690 413 3746 facile.
455 3682 868 3750 Responderunt
903 3696 917 3733 :
954 3676 1070 3732 Non
1109 3676 1216 3731 alia
1262 3675 1420 3730 nobis
1462 3677 1636 3745 imago
1674 3672 1787 3742 pla-

206 3782 377 3835 cebit
407 3790 567 3847 quam
613 3773 755 3841 regis
802 3770 968 3825 vestri
997 3767 1238 3833 maximi,
1270 3765 1324 3821 in
1368 3780 1477 3835 quo
1517 3772 1789 3819 annuente

206 3873 370 3941 ipsis
427 3868 542 3921 Abu
602 3862 805 3921 Obaida
856 3877 981 3917 cum
1032 3859 1288 3916 fecissent
1336 3855 1505 3913 ϐῖκθί
1551 3862 1787 3910 statuam

206 3960 421 4019 Omari
476 3957 634 4011 Ebnil
686 3954 907 4009 Chetabi
963 3951 1227 4006 accedens
1272 3964 1337 4004 ex
1382 3948 1517 4017 ipsis
1569 3945 1790 4017 quidam

206 4057 395 4109 hasta
437 4048 649 4104 oculum
682 4047 785 4116 ipsi
821 4044 1064 4099 conﬁxit.
1100 4042 1238 4097 Tum
1271 4040 1539 4095 Patricius
1569 4054 1585 4094 :
1616 4037 1790 4103 Nunc,

209 4139 440 4209 inquit,
467 4139 614 4206 juste
655 4135 937 4190 nobiscum
968 4132 1178 4202 egistis.
1209 4129 1369 4184 Anno
1409 4128 1575 4198 igitur
1601 4133 1791 4183 exacto

1885 3666 2210 3735 Otbmanus,
2262 3670 2415 3725 Nosti
2469 3670 2714 3741 (inquit),
2757 3688 2791 3728 o
2839 3674 3138 3744 imperator
3179 3679 3433 3745 ﬁdelium,

1886 3760 2144 3816 Omarurn
2180 3759 2439 3814 audacem
2466 3766 2603 3826 esse,
2632 3775 2695 3815 ac
2730 3763 3081 3833 praecipitent,
3114 3767 3435 3838 imperiique

1889 3863 2179 3917 amantem,
2207 3856 2389 3906 metuo
2415 3866 2545 3921 ergo
2573 3866 2641 3907 ne
2667 3853 2947 3922 profectus
2979 3855 3098 3911 sine
3131 3856 3197 3913 iis
3237 3859 3438 3928 quibus

1889 3943 2157 3999 conﬁdere
2187 3942 2385 4013 possit,
2416 3942 2499 3998 vel
2543 3942 2665 3999 sine
2689 3944 2883 4015 c'opiis,
2916 3945 3228 4002 Moslemios
3260 3951 3441 4018 perdi-

1893 4032 2023 4090 tloni
2048 4040 2299 4103 exponat,
2320 4033 2778 4103 opportunitatem
2805 4048 3050 4109 sperans,
3068 4050 3187 4105 qua:
3212 4040 3437 4099 nesciat.

1892 4138 1990 4192 pro
2030 4123 2149 4192 ipso
2196 4136 2264 4176 an
2304 4129 2492 4176 contra
2542 4120 2717 4191 ipsum
2767 4120 2949 4177 faciat.
3005 4124 3263 4181 Ptenituit
3311 4143 3440 4197 ergo

209 4245 431 4302 pacem
477 4236 527 4281 et
573 4225 750 4279 foedus
793 4224 1168 4278 observarunt.
1204 4218 1358 4288 Cepit
1398 4224 1578 4272 autem
1623 4214 1792 4285 Aiyad
1828 4235 1869 4292 ι)
1898 4213 2151 4269 Omarum
2179 4210 2616 4302 EhnolChetabi,
2640 4212 2782 4281 quod
2810 4212 2879 4302 ad
2902 4215 3121 4268 Amrum
3151 4216 3318 4270 Ebnol
3347 4220 3437 4271 Αδί

208 4299 344 4376 hbe
403 4317 634 4380 Ganam,
673 4312 1138 4382 Mesopotamiam,
1186 4308 1426 4364 Raltkam
1474 4316 1527 4363 et
1564 4306 1791 4372 Robam,
1902 4303 2233 4373 scripsisset,
2265 4302 2384 4371 ejus
2413 4300 2557 4371 quod
2597 4302 2808 4356 dixerat
2841 4299 3140 4357 0thmanus
3176 4314 3442 4359 metuens.

207 4408 538 4468 securitate
587 4405 719 4475 ipsis
756 4412 809 4458 et
855 4416 986 4472 pace
1032 4409 1209 4470 pacta.
1258 4397 1566 4469 Almogirab
1616 4405 1793 4451 autem
1900 4393 2135 4449 Rursum
2178 4406 2310 4463 ergo
2345 4392 2412 4447 ad
2454 4391 2629 4462 ipsum
2672 4391 2967 4447 scribens:
3010 4392 3067 4445 Si
3104 4397 3445 4462 pervenerint

210 4498 631 4567 Atlerbijanum
660 4495 835 4565 gladio
860 4492 1207 4563 expugnavit.
1236 4489 1451 4547 Primus
1490 4497 1666 4545 autem
1692 4488 1795 4543 fuit
1901 4485 2119 4557 (inquit)
2168 4485 2233 4539 ad
2279 4490 2332 4538 te
2367 4484 2557 4538 littera:
2584 4483 2701 4538 ista:
2729 4490 3018 4553 antequam
3045 4484 3259 4554 Egypti
3287 4486 3383 4539 diti
3408 4510 3447 4532 :-

208 4588 562 4659 Almogirah
617 4586 709 4656 qui
759 4584 1015 4639 Omarum
1066 4581 1240 4637 Ebnil‘
1290 4580 1537 4646 Cltetabi,
1588 4578 1795 4633 Antirol
1901 4591 2025 4631 nem
2073 4577 2350 4645 ingressus
2394 4574 2582 4637 fueris,
2632 4588 2697 4627 eo
2736 4574 2878 4629 unde
2910 4573 3185 4643 profectus
3229 4591 3308 4641 es,
3359 4592 3446 4630 re-

214 4679 568 4742 Mnmenin,
625 4691 720 4731 seu
784 4674 1162 4743 imperatorem
1212 4671 1449 4726 ﬁdelium
1490 4670 1794 4740 appellavit.
1902 4670 2075 4733 deas;
2103 4667 2247 4736 quod
2280 4666 2324 4721 si
2362 4666 2641 4735 ingressus
2671 4663 2860 4731 lueris,
2884 4678 3045 4733 perge
3073 4680 3179 4733 qua
3206 4666 3444 4735 cmpisti.

213 4771 512 4832 Homines
556 4766 819 4837 siquidem
869 4772 1077 4819 mortuo
1127 4760 1503 4816 Mahummede
1543 4761 1659 4814 Abu
1701 4758 1801 4813 Be-
1904 4758 2180 4814 Assecutis
2231 4764 2407 4810 autem
2448 4755 2658 4809 litteris
2699 4754 2949 4819 Amrum,
3006 4767 3117 4807 sum
3171 4754 3447 4825 Rapbaclti

212 4880 436 4930 crum,
476 4860 760 4923 Chalilam,
803 4871 902 4911 seu
937 4854 1195 4909 vicarium
1242 4852 1416 4907 nuntii
1458 4852 1549 4905 Dei
1599 4851 1802 4906 vocita-
1905 4860 2074 4911 esset,
2100 4857 2346 4901 metuens
2386 4844 2475 4899 ille
2514 4860 2581 4899 ne
2621 4844 2670 4899 si
2699 4852 2948 4914 acceptas
2971 4856 3067 4933 eas
3097 4843 3333 4912 aperiret
3369 4850 3451 4898 in-

213 4962 411 5016 liaut.
442 4952 682 5020 Cumque
719 4949 785 5003 ad
818 4948 989 5017 ipsum
1027 4945 1324 5002 scriberent
1356 4943 1528 5014 ipsius
1564 4941 1799 5011 praefecti
1906 4938 2113 4995 veniret
2154 4938 2209 4991 in
2257 4937 2388 5007 ipsis
2428 4931 2797 5006 [mandatum]
2839 4931 3123 4999 redeundi.
3170 4934 3375 4989 litteras
3418 4952 3445 4985 ει

210 5048 501 5107 scribere
546 5042 791 5100 solebant
834 5056 849 5094 :
884 5038 1098 5094 Vieario
1143 5036 1320 5091 nuntii
1370 5034 1485 5098 Dei,
1533 5050 1562 5088 a
1589 5032 1654 5087 Ν.
1691 5044 1797 5087 etc.
1908 5030 2101 5085 nuntio
2148 5026 2394 5096 accipere
2435 5038 2693 5087 renuens,
2741 5022 3026 5092 ipsumque
3065 5022 3347 5091 repellens,
3383 5038 3447 5074 eo

212 5145 389 5199 Cutn
426 5150 554 5206 ergo
579 5133 859 5203 imperium
897 5128 1220 5185 obtinuisset
1248 5124 1415 5181 Omar
1445 5123 1632 5178 Ebnol’
1660 5123 1802 5177 Cbe-
1908 5134 2017 5189 quo
2039 5128 2153 5176 erat
2182 5125 2324 5173 statu
2356 5115 2615 5186 perrexit,
2640 5114 2809 5168 donec
2830 5115 2883 5167 in
2913 5114 3032 5168 vico
3051 5114 3280 5206 quodam
3309 5116 3451 5167 inter

213 5232 390 5295 tabi,
414 5202 590 5296 ipsum
632 5202 891 5278 vicarium
933 5219 1120 5275 vicarii
1165 5217 1338 5272 nuntii
1381 5217 1475 5270 Dei
1518 5214 1804 5283 insignive-
1910 5209 2221 5279 Raphacum
2251 5215 2305 5261 et
2336 5207 2585 5260 Arisbam
2617 5212 2794 5296 castra
2821 5202 3161 5296 pontii-et.‘De
3193 5216 3446 5296 quocum

1914 5303 2248 5367 interrogans
2293 5307 2609 5364 responsum
2651 5292 2865 5346 tulisset
2891 5310 2907 5346 ;
2935 5290 3025 5346 Est
3062 5292 3148 5346 hic
3181 5307 3211 5344 e
3248 5291 3453 5345 ditione

1915 5390 2163 5461 Egypti;
2196 5388 2458 5442 accersito
2483 5385 2676 5438 nuntio
2704 5382 2912 5436 litteras
2941 5384 3006 5433 ab
3041 5376 3158 5449 ipso
3184 5391 3453 5450 acceptas,

1917 5499 2021 5540 una
2056 5496 2179 5537 cum
2214 5480 2278 5535 iis
2307 5478 2397 5553 qui
2430 5492 2613 5533 secum
2651 5474 2873 5529 aderant
2904 5470 3251 5527 Moslctuiuis.
3288 5474 3458 5542 perle-

219 5331 384 5382 rttnl
424 5327 530 5381 :et
564 5331 685 5371 eum
716 5315 782 5368 ad
807 5314 981 5382 ipsum
1026 5312 1235 5365 litteras
1259 5310 1470 5372 darent,
1500 5308 1805 5361 scribebant

216 5411 503 5491 ιιι-,υἷοςιί
530 5410 697 5478 ipsius
722 5428 735 5462 :
756 5405 971 5461 Vieario
1000 5403 1186 5456 vicarii
1220 5402 1391 5455 nuntii
1424 5398 1515 5453 Dei
1548 5413 1575 5450 a
1606 5395 1669 5449 N.
1699 5402 1804 5451 etc.

218 5486 302 5562 λι
338 5515 483 5560 cum
510 5499 575 5555 Al
603 5496 859 5566 Magiram
889 5494 1005 5551 Ebn
1036 5490 1261 5549 Shaabse
1289 5489 1502 5548 Basorae
1534 5486 1807 5557 praefecis-
