3962 6344
625 320 761 379 1103

631 467 658 490 τη

628 519 773 570 tione
821 509 1034 580 IEgypti
1077 506 1241 562 esse?
1282 513 1335 558 et
1379 500 1876 571 respondentibus:
1913 495 2049 556 lmo,
2083 492 2188 544 lm-

629 613 843 674 perator
877 602 1101 671 (inquit)
1148 598 1383 652 fidelium
1428 593 1611 663 jussit,
1643 588 2003 660 pra-cepitque
2030 583 2191 654 300

631 706 688 749 tit
721 696 763 748 si
797 698 1214 761 assequerentur
1241 702 1326 742 me
1361 687 1556 740 litterae
1597 683 1769 753 ipsius
1807 679 2045 732 nondum
2082 689 2190 729 ter-

633 802 744 839 rnm
776 781 1148 851 Egyptiacam
1200 777 1532 848 ingressum,
1583 780 1914 833 reverterer;
1964 763 2110 836 quod
2148 763 2190 819 si

634 888 752 927 eam
784 873 894 940 jam
946 874 1274 938 ingressum,
1319 878 1594 935 pergerem
1625 879 1641 917 :
1679 859 1883 930 pergite
1911 872 2036 925 ergo
2069 870 2191 911 cum

637 961 1012 1020 benedictione
1062 959 1153 1012 Del
1215 967 1268 1010 et
1334 953 1537 1008 auxilio
1603 951 1798 1022 ipsius.
1858 947 2058 1002 Ferunt
2105 944 2193 998 alii

638 1058 879 1116 Amrum,
910 1067 1031 1106 cum
1084 1050 1136 1104 in
1181 1047 1468 1102 Palaestina
1513 1050 1680 1107 esset,
1727 1039 2016 1111 Egyptum
2072 1050 2195 1092 cum

638 1144 929 1200 comitibus
951 1141 1064 1196 suis
1092 1137 1393 1208 profectum
1430 1149 1550 1188 esse
1571 1147 1678 1186 non
1705 1132 1988 1198 impetrata
2019 1124 2199 1186 venia,

654 1234 1050 1305 scripsisseque
1098 1230 1165 1285 ad
1217 1230 1392 1297 ipsum
1446 1224 1703 1280 Omarum
1759 1220 1928 1275 Ebnol
1972 1218 2198 1272 Cltetabi

641 1342 761 1382 cum
794 1325 969 1380 adhuc
997 1323 1134 1377 citra
1172 1320 1427 1374 Arislium
1461 1324 1647 1374 esset;
1686 1317 1863 1384 ipsum
1895 1326 2020 1365 vero
2052 1311 2200 1364 litte-

644 1431 730 1470 ras
762 1415 904 1484 apud
943 1427 1003 1467 se
1053 1420 1291 1466 retentas
1335 1422 1444 1461 non
1486 1405 1681 1476 legisse
1723 1403 1896 1457 donec
1948 1401 2204 1456 Aristium

647 1503 980 1575 perveniret;
1034 1514 1098 1553 ac
1139 1506 1252 1552 tum
1301 1509 1394 1550 eas
1438 1494 1676 1563 legisse;
1723 1489 1778 1544 in
1828 1489 2026 1559 quibus
2073 1488 2208 1541 scri-

647 1597 793 1664 ptum
829 1594 928 1646 fuit
966 1608 981 1644 :
1015 1591 1096 1645 Ab
1146 1587 1346 1644 Omaro
1382 1583 1548 1639 Ebnol
1597 1581 1822 1636 Cbetabi
1873 1580 1939 1633 ad
1982 1579 2206 1631 Amrum

651 1686 814 1740 libnol
851 1685 964 1739 Asi.
1009 1681 1104 1737 llis
1136 1679 1475 1752 prmmissis:
1518 1675 1800 1729 Profectus
1842 1686 1901 1726 es
1953 1681 2007 1724 tu
2046 1669 2208 1740 Egy-

1575 299 1932 362 n’UTYCllll
1975 292 2509 355 ALEXANDRINI
2547 291 2788 352 ΡΑΊἮ.Δ

633 429 726 488 κίε,
757 422 1006 488 dixitque
1046 417 1112 472 iis
1143 432 1156 470 :
1190 414 1271 467 Au
1316 426 1420 466 non
1453 411 1624 465 nostis
1652 409 1828 464 vicum
1869 406 2011 459 hunc
2047 418 2074 456 e
2100 402 2179 456 di-
2208 406 2248 460 Α
2278 401 2413 456 dixit
2447 399 2578 469 ipsis
2614 417 2627 453 :
2660 397 2905 453 Pervenit
2940 396 3004 450 ad
3039 395 3241 450 Arabes
3269 394 3557 459 auxilium,
3607 409 3804 464 eumqui:

3691 282 3802 347 lilii

2293 493 2431 545 haud
2470 491 2641 544 simus
2670 489 2737 542 iis
2766 487 3162 558 oppugnandis,
3214 486 3391 540 securi
3424 501 3545 540 esse
3576 501 3676 539 non
3707 503 3808 556 pos-

2293 595 2504 645 sumus,
2532 594 2597 632 ne
2624 592 2802 656 arcem
2823 577 3101 648 capientes
3124 590 3223 630 nos
3255 576 3555 641 trucident;
3587 581 3810 644 quocina

2301 672 2594 728 obstructis
2629 669 2771 724 arcis
2821 671 3010 738 portis,
3057 683 3235 740 pugna
3284 668 3434 736 ipsos
3467 667 3813 727 lacessamus;

2299 773 2461 831 atque
2497 777 2562 817 ex
2591 775 2715 815 arce
2769 760 2821 813 in
2857 759 3086 814 insulam
3126 760 3328 830 egressi
3357 757 3430 813 ibi
3462 757 3816 822 subsistamus,

2299 855 2460 907 fluvio
2494 867 2592 907 nos
2624 851 2952 906 munientes.
2987 850 3201 920 Egressi
3231 865 3362 920 ergo
3392 848 3565 905 Graeci
3597 864 3696 901 una
3720 865 3817 902 cum

2300 945 2629 999 Mukaukaso
2682 955 2734 998 et
2788 951 2930 999 coetu
3012 943 3308 1010 primorum
3355 941 3723 1011 Copbtitarum
3772 956 3822 992 ex

2301 1049 2452 1108 porta
2487 1037 2710 1092 australi
2734 1075 2748 1100 ,
2775 1035 3070 1090 comitante
3099 1022 3379 1088 hominum
3418 1034 3582 1088 turba
3609 1032 3696 1100 qui
3721 1046 3822 1085 cum

2301 1129 2571 1184 Arabibus
2609 1134 2926 1199 pugnarent,
2945 1125 3256 1182 conscensis
3289 1125 3521 1179 navibus
3543 1125 3596 1178 in
3622 1123 3826 1178 insulam

2305 1229 2565 1276 venerunt
2594 1233 2658 1275 eo
2689 1220 2810 1273 loco
2846 1218 2934 1272 ubi
2978 1227 3062 1272 est
3093 1216 3250 1271 bodie
3287 1214 3688 1277 Exelusorium,
3718 1229 3824 1283 pon-

2304 1323 2523 1382 temque
2575 1311 3045 1366 rescideruut:eo
3086 1319 3263 1362 autem
3317 1316 3563 1373 tempore
3597 1305 3700 1359 fuit
3743 1321 3832 1374 quo

2307 1404 2512 1456 auctior
2545 1401 2658 1455 lluit
2686 1398 2859 1454 Nilus.
2878 1400 3012 1454 Tum
3036 1397 3323 1453 Mokaukas
3352 1396 3418 1450 ad
3441 1395 3667 1449 Amrum
3690 1395 3834 1448 Ebnol

2310 1494 2424 1557 Asi,
2457 1508 2520 1548 ac
2553 1493 2724 1561 ipsius
2761 1492 2988 1547 comites
3019 1490 3235 1545 mittens
3269 1506 3284 1544 :
3339 1486 3445 1543 Vos
3480 1487 3701 1556 (inquit)
3728 1501 3835 1553 gens

2310 1586 2444 1640 estis
2463 1585 2554 1654 qui
2589 1585 2858 1653 regionem
2884 1591 3124 1638 nostram
3152 1580 3405 1648 ingressi,
3438 1593 3618 1648 pugna
3645 1577 3742 1631 nos‘
3764 1592 3838 1630 ur-

2313 1675 2462 1728 sistis
2487 1673 2687 1742 diuque
2709 1674 2762 1726 in
2797 1681 2941 1728 terra
2965 1681 3151 1726 nostra
3176 1670 3520 1726 substitistis.
3537 1667 3660 1723 Jam
3686 1677 3836 1720 autem

651 1789 799 1850 ptum
829 1793 950 1833 cum
999 1778 1067 1831 iis
1105 1775 1196 1845 qui
1225 1782 1402 1828 tecum
1449 1777 1574 1824 sunt
1607 1786 1621 1822 :
1653 1769 1707 1822 in
1742 1783 1848 1836 qua
1897 1761 2213 1832 magna-est
2249 1756 2286 1808 Β
2321 1764 2491 1816 cinxit
2517 1775 2616 1816 vos
2647 1761 2801 1816 Nilus
2843 1761 2968 1823 iste,
3013 1758 3248 1828 factique
3282 1758 3416 1814 estis
3468 1758 3718 1826 protinus
3739 1769 3838 1822 cap-

647 1891 677 1928 e
726 1871 1089 1924 Romanorum
1130 1865 1302 1935 copiis
1351 1862 1661 1923 multitudo,
1722 1873 1846 1913 cum
1888 1865 2063 1910 tet-um
2115 1854 2208 1906 lio-

652 1965 824 2018 mitzes
855 1961 964 2014 sint
1009 1971 1237 2011 numero
1282 1952 1460 2024 pauci.
1499 1951 1554 2006 Si
1601 1965 1730 2019 ergo
1779 1947 2016 2002 nondum
2047 1943 2214 2013 Egy-

654 2063 799 2123 plum
825 2049 1090 2120 attigeris,
1131 2044 1218 2100 fac
1250 2046 1465 2100 redeas.
1511 2041 1718 2095 Dixisse
1749 2052 1876 2110 ergo
1915 2038 2164 2092 Omarum
2197 2052 2210 2087 :

655 2146 912 2206 Qua‘nant
966 2148 1050 2193 est
1107 2139 1223 2191 haec
1272 2132 1457 2189 terra?
1502 2127 1748 2201 Cumque
1780 2129 2211 2198 responderent:

651 2233 916 2306 Egyptus
955 2249 969 2285 :
1019 2227 1319 2299 profectum
1359 2222 1688 2294 perrexisse.
1729 2219 1833 2274 Alii
1867 2226 2046 2271 autem
2089 2217 2216 2268 Am-

659 2341 772 2379 rum
804 2339 924 2377 cum
951 2320 1191 2375 exercitu
1224 2316 1500 2383 suojuxta
1538 2311 1844 2367 Caesaream
1877 2309 2066 2368 fuisse,
2110 2320 2213 2357 una

655 2431 773 2471 cum
801 2413 1010 2468 ueteris
1047 2425 1168 2480 quae
1200 2407 1276 2462 ibi
1309 2411 1493 2460 essent
1523 2401 1696 2470 ctzpiis
1730 2399 1898 2469 ipsam
1933 2395 2219 2450 obsidione

655 2510 962 2576 cingentes;
1026 2511 1190 2570 atque
1246 2495 1506 2567 Olearum
1566 2490 1739 2546 Ebnol
1796 2487 2065 2547 Clietabi,
2127 2486 2220 2554 qui

657 2574 825 2654 Jabise
861 2607 976 2648 tum
1029 2592 1149 2655 fuit,
1200 2588 1341 2642 clam
1376 2585 1444 2640 ad
1498 2584 1674 2652 ipsum
1726 2579 1934 2634 litteras
1983 2574 2224 2631 misisse.

632 2693 842 2759 ipsum
883 2697 1012 2750 ergo
1060 2681 1349 2750 Aigyptum
1399 2670 1764 2732 contendisse,
1818 2681 1951 2722 eave
1997 2666 2220 2735 iubente

663 2758 888 2835 comites
930 2778 1101 2847 ipsius
1151 2773 1425 2844 profectos
1458 2781 1579 2822 esse
1623 2763 1800 2818 instar
1840 2775 2029 2815 eorum
2073 2758 2163 2828 qui
2197 2773 2225 2810 a

667 2877 780 2927 loco
829 2871 892 2924 ad
948 2871 1125 2922 locum
1171 2861 1538 2936 propinquum
1592 2854 2050 2926 proficiscuntur,
2105 2847 2227 2900 dein

667 2971 826 3015 nucttt
881 2959 984 3011 iter
1029 2935 1245 3009 fecisse.
1290 2950 1534 3017 Cumque
1570 2944 1682 3015 jam
1739 2941 1951 3008 longius
2004 2935 2171 3007 profet
2193 2935 2228 2988 ti

668 3059 867 3113 essent,
901 3061 1038 3115 :rgre
1069 3044 1257 3097 tulisse
1284 3037 1576 3109 praafeclos
1602 3034 1881 3088 exercitus
1915 3028 2046 3083 illud
2085 3025 2227 3096 quod

2317 1850 2433 1902 tivi.
2459 1847 2654 1902 Ilittite
2683 1861 2812 1918 ergo
2841 1848 2906 1902 ad
2937 1861 3038 1901 nos
3084 1844 3304 1899 nomine
3354 1851 3538 1900 vestro
3573 1843 3793 1912 aliquem
3819 1856 3840 1894 a

2319 1951 2426 2005 quo
2475 1936 2601 2004 quid
2655 1936 2849 1990 dicatis
2903 1934 3218 1996 audiamus;
3261 1932 3442 1987 forsan
3509 1946 3577 1986 eo
3633 1930 3840 1985 recident

2320 2031 2461 2082 inter
2494 2023 2591 2082 nos
2623 2039 2676 2082 et
2723 2041 2821 2078 tos
2870 2041 2956 2081 res
2993 2041 3103 2095 quo
3145 2026 3357 2093 utrique
3393 2025 3664 2088 velimus;
3711 2033 3842 2090 atque

2323 2121 2410 2174 isti
2437 2119 2577 2172 inter
2616 2133 2713 2171 nos
2753 2115 3042 2173 certamini
3075 2115 3198 2170 linis
3233 2115 3562 2184 imponetur.
3586 2099 3720 2167 Com
3744 2127 3845 2181 ergo

2323 2212 2385 2262 ad
2413 2211 2632 2262 Amrum
2671 2208 2842 2261 Ebnol
2878 2205 2970 2262 Asi
3001 2208 3371 2276 pervenissent
3399 2204 3711 2258 Multaukasi
3734 2216 3846 2256 nun-

2322 2296 2401 2359 tii,
2460 2295 2605 2350 misit
2661 2295 2748 2349 ille
2795 2309 2915 2348 cum
2970 2295 3104 2362 ipsis
3160 2293 3381 2347 Abadalt
3429 2292 3600 2345 Ebnol
3658 2289 3848 2351 Sameti,

2326 2385 2465 2448 (erat
2494 2395 2671 2437 autem
2703 2383 2921 2435 Abadalt
2947 2381 3129 2453 Niger)
3151 2383 3244 2452 qui
3275 2382 3363 2435 ubi
3398 2382 3462 2434 ad
3496 2380 3851 2434 Mnkaukasum

2328 2476 2608 2543 ingressus
2629 2483 2794 2534 esset,
2844 2473 2934 2526 illo
2970 2487 3131 2542 prope
3163 2473 3264 2526 sibi
3297 2471 3487 2528 sedere
3521 2471 3681 2541 jusso
3702 2488 3720 2526 :
3742 2470 3853 2534 Quid
3933 2470 3937 2530 Ι

2329 2573 2434 2628 est,
2459 2565 2656 2632 inquit,
2683 2562 2826 2632 quod
2856 2579 2883 2618 a
2919 2565 3075 2619 nobis
3109 2563 3309 2619 vultis?
3339 2564 3516 2619 indica
3547 2564 3732 2618 nobis.
3779 2561 3854 2615 Cui

2330 2656 2554 2709 Abadab
2601 2674 2616 2709 :
2663 2654 2779 2709 Non
2837 2663 2922 2709 est
2974 2655 3197 2725 (inquit)
3249 2656 3392 2710 inter
3447 2670 3548 2710 nos
3605 2669 3672 2709 ac
3706 2653 3859 2724 305
3935 2653 3937 2725 ί

2330 2746 2487 2816 307
2522 2760 2614 2800 vos
2639 2747 2742 2800 nisi
2779 2759 2809 2800 e
2845 2745 3019 2799 tribus
3058 2746 3220 2800 rebus
3261 2761 3390 2810 una,
3447 2761 3685 2814 quarum
3716 2759 3860 2799 utram

2335 2838 2506 2890 mavis
2530 2837 2703 2906 elige;
2757 2841 2829 2891 ita
2865 2839 3008 2892 enim
3035 2837 3166 2891 mibi
3198 2839 3251 2891 in
3284 2837 3552 2892 mandatis
3580 2837 3732 2892 dedit
3757 2836 3859 2894 dux.

2336 2937 2497 2993 atque
2524 2927 2666 2982 idem
2698 2928 2813 2996 ipse
2845 2928 2912 2983 ab
2944 2927 3272 2998 imperatore
3303 2928 3542 2984 fidelium
3577 2927 3862 2983 mandatum

2338 3019 2577 3087 accepit;
2624 3034 2836 3087 nempe,
2883 3030 2940 3073 ut
2988 3022 3070 3074 vel
3126 3021 3437 3092 religionem
3471 3028 3717 3074 nostram
3768 3018 3865 3072 isle-

670 3101 900 3200 reddisset,
943 3101 1000 3192 ξε
1040 3138 1106 3189 ab
1146 3136 1262 3203 ipso
1286 3101 1645 3201 .301-303
1676 3126 1931 3192 deceptos
1966 3120 2230 3173 videntes.
2261 3101 2307 3162 C
2343 3110 2582 3203 miticam
2618 3111 3041 3181 amplectamini,
3068 3119 3234 3182 atque
3264 3113 3335 3166 ita
3368 3113 3561 3167 fratres
3589 3111 3745 3166 nobis
3771 3125 3865 3164 eva-

671 3231 850 3297 linque
899 3226 1115 3296 cognito
1154 3223 1220 3276 ad
1271 3223 1529 3273 Otnarunt
1571 3213 1741 3267 Ebnol
1787 3209 2007 3265 Chelabi
2057 3208 2232 3276 ipsum

671 3320 948 3375 detulisse.
977 3315 1076 3380 Qui
1117 3312 1182 3366 ad
1216 3313 1393 3380 ipsum
1433 3305 1656 3375 scripsit
1692 3305 1857 3356 Amro
1911 3297 2086 3353 Ebnol
2118 3297 2234 3360 Asi,

677 3415 758 3466 liis
802 3407 1135 3479 praemissis:
1189 3401 1453 3469 Det-episti
1489 3411 1584 3451 cos
1629 3395 1719 3464 qui
1763 3403 1937 3447 tecum
1984 3397 2158 3452 sunt;
2193 3386 2236 3440 si

670 3516 797 3569 ergo
841 3496 1184 3567 pervenerint
1233 3493 1296 3544 ad
1348 3500 1404 3542 te
1453 3489 1889 3552 1ἱιιετω,,ιιοεῑι·τι·,
1948 3490 2237 3548 antequam

675 3591 962 3660 .‘Egyplum
1011 3588 1290 3654 ingressus
1341 3580 1532 3639 fueris,
1577 3583 1850 3630 revertere
1896 3590 1910 3628 :
1962 3573 2045 3626 sin
2095 3579 2239 3641 post-

672 3697 832 3753 quam
867 3694 984 3734 eam
1030 3679 1314 3744 ingressus
1363 3671 1532 3723 fueris
1564 3668 1628 3721 ad
1665 3677 1717 3720 te
1755 3664 1972 3734 perlatae
2018 3661 2238 3721 fuerint,

676 3786 883 3841 pergas,
919 3770 1168 3833 sciasque
1207 3781 1289 3815 nie
1318 3776 1470 3830 opem
1507 3759 1602 3812 tibi
1629 3759 1888 3810 laturum.

749 3840 1026 3917 Profectus
1074 3867 1204 3921 ergo
1253 3851 1542 3904 l‘liarmain
1595 3859 1787 3912 usque,
1849 3856 2089 3897 mensem
2145 3840 2240 3894 tibi

675 3949 937 4012 substitit,
985 3945 1161 3999 donec
1198 3942 1372 4011 ipsam
1406 3936 1688 3992 obsidiem:
1720 3935 1956 3987 cinctam
1999 3937 2240 3998 caperet.

682 4043 808 4097 Dein
843 4040 1075 4093 Mesrntn
1111 4033 1410 4104 prolectus,
1442 4028 1532 4082 ubi
1565 4025 1794 4079 Romani
1829 4036 1954 4077 arce
1983 4035 2041 4076 se
2068 4019 2245 4072 muni-

681 4140 886 4189 verant,
931 4140 1090 4196 quam
1129 4123 1292 4176 etiam
1339 4118 1482 4173 vallo
1528 4114 1770 4182 undique
1823 4115 2127 4173 cinxerant,
2190 4107 2244 4160 in

680 4220 825 4292 quod
879 4220 1062 4271 clavos
1131 4212 1340 4267 ferreos
1399 4209 1778 4275 coniecerant;
1835 4216 2014 4255 arcem
2078 4201 2241 4254 istam

687 4322 892 4384 septem
942 4307 1225 4362 mensibus
1272 4301 1607 4360 obsidentes,
1671 4295 1906 4364 graviter
1956 4293 2105 4361 ipsos
2148 4303 2243 4358 op-

2338 3202 2502 3262 datis,
2534 3202 2782 3283 Idemque
2805 3219 2901 3274 pro
2930 3204 3085 3259 vobis
3115 3212 3167 3258 et
3198 3219 3293 3274 pro
3334 3205 3512 3268 nobis,
3544 3203 3689 3257 idem
3712 3210 3864 3257 contra

2340 3307 2440 3346 vos
2468 3307 2531 3346 ac
2559 3277 2759 3348 contra
2780 3310 2879 3349 nos
2907 3293 3094 3357 faciat;
3123 3267 3248 3370 [hoc
3273 3292 3454 3364 pacto]
3481 3267 3510 3347 a
3539 3310 3721 3365 pugna
3746 3292 3866 3346 vobis
3935 3267 3937 3282 Ι

2340 3383 2621 3437 inferenda
2669 3385 3012 3448 desistemus,
3073 3400 3248 3455 neque
3300 3385 3558 3438 damnum
3607 3383 3761 3438 vobis
3807 3384 3866 3434 in-
3916 3415 3918 3422 ι

2341 3475 2492 3539 ferri,
2527 3477 2609 3529 vel
2648 3485 2705 3530 nt
2729 3475 2927 3545 quisln
2968 3491 3064 3532 vos
3099 3477 3382 3530 inrursnm
3419 3475 3584 3530 faciat
3622 3475 3865 3546 permitte-

2344 3559 2487 3617 nlus.
2521 3561 2673 3628 Quod
2697 3565 2741 3618 si
2775 3564 3051 3628 abnuatis,
3100 3564 3366 3618 tributum
3406 3565 3585 3628 nobis,
3630 3562 3767 3631 quod
3794 3575 3866 3613 na-

2343 3648 2426 3702 bis
2472 3650 2646 3703 visnm
2687 3649 2869 3716 fuerit,
2921 3651 3214 3719 quotannis
3259 3649 3507 3720 penulatis
3559 3660 3867 3718 perpetuum.

2344 3740 2602 3808 quamdiu
2655 3742 2868 3811 tttrique
2917 3741 3254 3811 superfutnri
3307 3755 3521 3802 sumus,
3585 3750 3748 3809 atque
3794 3738 3867 3790 hoc

2345 3844 2502 3901 pacto
2534 3846 2629 3885 vos
2653 3835 2720 3884 ab
2745 3833 3011 3891 omnibus.
3033 3832 3128 3902 qui
3167 3847 3262 3886 vos
3299 3831 3543 3900 aggressi
3579 3827 3867 3889 fuerint.vel

2346 3924 2436 3990 qui
2473 3924 2617 3992 quod
2652 3925 2702 3976 in
2733 3925 2968 3994 aliquam
3010 3923 3248 3994 regionis
3304 3933 3498 3977 vestra:
3531 3930 3763 3991 partem,
3813 3920 3868 3971 ιιι

2347 4014 2484 4067 vitas
2516 4016 2595 4067 vel
2638 4013 2923 4069 facultates
2968 4025 3173 4069 vestras
3216 4013 3474 4067 damnum
3517 4011 3867 4073 intulerit,de-

2349 4103 2662 4174 fendemus,
2693 4117 2855 4176 atqde
2887 4106 2988 4161 hoc
3011 4105 3162 4160 vobis
3190 4106 3488 4175 prtestituri
3521 4120 3736 4168 sumus,
3774 4118 3868 4156 cum

2351 4198 2406 4251 in
2442 4197 2615 4251 ruedus
2645 4213 2675 4250 a
2711 4198 2869 4252 nobis
2902 4197 3104 4268 recepti
3160 4195 3392 4258 fueritis,
3437 4206 3604 4265 atque
3655 4198 3718 4250 ad
3763 4194 3869 4248 idem
3935 4199 3937 4204 '

2352 4297 2507 4359 pacto
2534 4290 2686 4343 vobis
2718 4289 2960 4344 obstricti
2991 4290 3218 4344 erimus.
3271 4286 3328 4342 Si
3361 4288 3462 4342 hoc
3493 4288 3762 4351 abnuatis,
3792 4299 3870 4338 non

690 4378 1022 4474 pugnarunt.
1075 4397 1142 4450 At
1195 4407 1318 4448 cum
1364 4388 1674 4443 dilIerretur
1727 4384 1846 4452 ejus
1897 4379 2244 4450 expugnatio,
2280 4426 2323 4481 υ
2352 4389 2598 4450 superest
2631 4382 2770 4435 inter
2821 4395 2920 4435 nos
2968 4388 3021 4434 et
3062 4394 3156 4434 vos
3191 4386 3387 4450 praeter
3414 4379 3579 4448 gladii
3627 4378 3869 4448 judicium.

694 4469 915 4562 scriptis
950 4487 1146 4541 litteris
1179 4484 1245 4537 ab
1285 4481 1483 4535 Omaro
1514 4491 1667 4546 opem
1705 4475 1895 4543 petiit,
1939 4473 2028 4541 qui
2060 4479 2112 4524 et
2147 4469 2250 4539 ipsi

707 4589 759 4640 in
819 4581 1076 4635 auxilium
1122 4584 1314 4642 quater
1351 4570 1494 4623 mille
1544 4570 1692 4621 viros
1735 4567 1900 4630 misit,
1955 4573 2007 4617 et
2057 4564 2255 4632 quibus

690 4687 838 4729 erant
893 4668 1159 4726 AlZobair
1199 4661 1369 4716 Ebnol
1402 4661 1608 4721 Arami,
1663 4658 1882 4712 Abadab
1938 4655 2106 4707 Ebnol
2154 4652 2255 4706 Sa-

691 4769 840 4829 meti,
904 4776 953 4817 et
1014 4761 1321 4813 Mosallema
1371 4757 1490 4809 Ebn
1547 4749 1877 4813 Mokalladi;
1928 4746 2258 4812 fueruntque

691 4860 853 4909 Amro
889 4865 1046 4904 antea
1082 4859 1318 4919 quatuor
1358 4848 1599 4898 virorum
1649 4838 1851 4901 millia,
1901 4836 2034 4888 adeo
2068 4834 2256 4901 utjam

688 4964 853 4999 ncues
894 4947 1038 4994 mille
1091 4937 1388 4994 evaserint.
1441 4933 1737 4987 Praefectus
1779 4939 1958 4982 autem
2007 4925 2255 4994 vectigali

693 5037 931 5105 Λᾴμγμιι,
983 5033 1197 5084 nomine
1253 5026 1485 5082 lleraclii
1524 5007 1889 5091 imperatoris,
1937 5019 2038 5070 fuit
2076 5019 2256 5069 Almo-

694 5129 914 5189 kaukas,
962 5126 1052 5193 qui
1089 5135 1139 5176 et
1167 5120 1413 5174 Jacobita
1449 5118 1570 5179 fuit,
1623 5115 1841 5168 Graecos
1872 5111 1995 5164 odio
2027 5110 2255 5167 habens,

696 5221 795 5270 nisi
830 5219 967 5284 quod
1015 5213 1337 5266 sententiam
1389 5224 1540 5263 suam
1582 5203 1936 5258 Jacobiticam
1977 5201 2150 5268 palam
2181 5197 2257 5249 fa-

696 5325 813 5362 trcre
847 5308 946 5375 ipsi
983 5307 1157 5358 visum
1191 5319 1294 5355 non
1328 5307 1495 5361 esset,
1528 5313 1595 5350 ne
1628 5298 1694 5348 ab
1728 5296 1858 5363 ipsis
1887 5292 2252 5348 occideretur.

702 5400 838 5462 Quin
871 5408 924 5450 et
973 5395 1187 5464 Aigypti
1225 5392 1462 5446 redditus
1493 5388 1793 5442 detinuerat
1824 5401 1883 5438 ex
1915 5397 2018 5452 quo
2054 5380 2260 5434 obsedit

700 5491 859 5542 llesra
891 5486 1439 5553 ConstantinOpolim,
1489 5480 1624 5534 adeo
1666 5486 1722 5531 ut
1756 5479 1969 5530 timeret
2001 5477 2050 5526 in
2087 5473 2255 5525 llera-

703 5579 785 5631 clii
815 5579 1156 5646 imperatoris
1199 5590 1390 5626 mullus
1447 5571 1686 5624 incidere
1738 5582 1805 5620 ne
1864 5566 2036 5634 ipsum
2088 5569 2258 5614 morte

704 5669 970 5724 multaret.
1028 5670 1157 5723 Dolo
1199 5666 1360 5736 304.
1408 5665 1570 5733 igitur
1619 5675 1745 5730 erga
1785 5659 2061 5713 Romanos
2102 5668 2253 5719 usus,

2359 4470 2530 4524 donec
2583 4471 2664 4523 vel
2721 4471 2784 4522 ad
2839 4483 3003 4523 unum
3059 4482 3248 4522 omnes
3287 4468 3611 4531 moriamur,
3653 4469 3731 4522 vel
3778 4462 3872 4518 illud

2358 4558 2500 4626 quod
2536 4557 2785 4610 volumus
2809 4569 3227 4624 consequamur.
3258 4554 3357 4608 Cui
3398 4553 3761 4608 Almokaukas
3793 4546 3871 4604 :Ut

2362 4648 2671 4717 religionem
2706 4655 2940 4699 vestram
2968 4643 3381 4712 amplectamur,
3435 4643 3537 4696 hoc
3567 4657 3659 4713 res
3683 4649 3763 4696 est
3786 4652 3871 4707 qua

2361 4709 2486 4788 lieri
2506 4734 2710 4802 nequit.
2740 4731 2891 4797 Quod
2920 4733 2982 4785 ad
3032 4709 3208 4785 {rudus
3239 4740 3442 4793 autem,
3481 4731 3619 4784 illud
3653 4709 3800 4797 quod
3826 4727 3868 4777 ad

2363 4840 2444 4877 me
2475 4834 2526 4877 et
2553 4826 2778 4877 comites
2816 4837 2962 4875 meos
3004 4821 3287 4888 Cephtitas
3314 4860 3330 4886 ,
3378 4833 3668 4890 acceptum
3698 4821 3867 4872 habeo:

2361 4918 2659 4968 abnuerunt
2692 4922 2870 4964 autem
2902 4912 3072 4965 Graeci
3122 4910 3311 4964 foederi
3354 4911 3598 4966 ineundo
3633 4921 3864 4963 assensum

2363 5007 2614 5074 praabere,
2635 5005 2895 5057 dicentes:
2918 5001 3194 5070 Nunquam
3225 5003 3325 5055 hoc
3358 5002 3647 5057 faciemus.
3678 5002 3774 5053 lloc
3797 5014 3865 5050 an-

2362 5108 2466 5151 tem
2493 5096 2616 5148 fecit
2648 5098 2707 5147 Al
2732 5094 3018 5148 lllokankas
3039 5093 3224 5146 fraude
3256 5110 3317 5147 ac
3342 5095 3488 5157 dolo,
3515 5104 3571 5148 ut
3603 5096 3675 5147 ita
3699 5093 3864 5146 Gratus

2361 5205 2421 5240 ex
2458 5204 2578 5240 arce
2602 5188 2894 5239 educeret:
2925 5183 3085 5253 308
3132 5186 3254 5238 dein
3289 5199 3476 5252 pacem
3512 5185 3776 5252 amplexus
3795 5188 3862 5232 est.

2363 5296 2466 5347 quo
2511 5293 2640 5347 Opes
2676 5292 2809 5346 quas
2858 5286 3221 5348 occupaverat.
3265 5275 3367 5327 sibi
3419 5275 3601 5329 salvas
3633 5275 3860 5327 retineret.

2361 5371 2627 5425 Reversus
2661 5384 2788 5436 ergo
2821 5368 3040 5421 Abadali
3075 5365 3242 5420 Ebnol
3281 5365 3486 5419 Satneti
3522 5367 3685 5418 Amro
3709 5361 3860 5416 indica.

2364 5466 2436 5514 vit
2473 5459 2599 5530 quid
2643 5460 2841 5511 factum
2886 5470 3050 5511 esset.
3104 5457 3234 5510 Dein
3287 5455 3719 5509 Mobammedani
3754 5456 3859 5503 certo

2359 5555 2467 5622 jam
2527 5551 2761 5603 scientes
2815 5563 3016 5616 paucos
3073 5559 3279 5600 tantum
3336 5547 3391 5599 in
3449 5561 3577 5600 arce
3604 5555 3856 5613 superesse
3935 5571 3937 5622 ᾖ

2364 5645 2531 5714 ipsam
2563 5656 2734 5713 pugna
2774 5642 3011 5710 aggressl
3048 5654 3108 5695 ea
3134 5649 3282 5708 parte
3310 5652 3415 5707 qua
3455 5654 3597 5693 nunc
3640 5648 3715 5693 est
3739 5627 3857 5689 Suiol
