  <div class='ocr_page' id='page_1' title='image "/cluster/home/n/w/nwhite01/storage/ocr_20150623/100/hvd.32044010574994/1481.png"; bbox 0 0 3962 6344; ppageno 0'>
   <div class='ocr_carea' id='block_1_1' title="bbox 634 438 764 505">
    <p class='ocr_par' dir='ltr' id='par_1_1' title="bbox 634 438 764 505">
     <span class='ocr_line' id='line_1_1' title="bbox 634 438 764 505; baseline 0.023 -3"><span class='ocrx_word' id='word_1_1' title='bbox 634 438 764 505; x_wconf 69' lang='grc'><strong>1107</strong></span> 
     </span>
    </p>
   </div>
   <div class='ocr_carea' id='block_1_2' title="bbox 1567 451 3753 529">
    <p class='ocr_par' dir='ltr' id='par_1_2' title="bbox 1567 451 3753 529">
     <span class='ocr_line' id='line_1_2' title="bbox 1567 451 3753 529; baseline 0.007 -18"><span class='ocrx_word' id='word_1_2' title='bbox 1567 451 1937 522; x_wconf 75' lang='lat' dir='ltr'><strong>EUTYCIIII</strong></span> <span class='ocrx_word' id='word_1_3' title='bbox 1981 456 2501 518; x_wconf 66' lang='lat' dir='ltr'><strong>ALEXANDRINI</strong></span> <span class='ocrx_word' id='word_1_4' title='bbox 2543 463 2759 528; x_wconf 77' lang='lat' dir='ltr'><strong>PATR.</strong></span> <span class='ocrx_word' id='word_1_5' title='bbox 3660 466 3753 529; x_wconf 74' lang='lat' dir='ltr'><strong>ilill</strong></span> 
     </span>
    </p>
   </div>
   <div class='ocr_carea' id='block_1_3' title="bbox 629 553 2163 642">
    <p class='ocr_par' dir='ltr' id='par_1_3' title="bbox 629 553 2160 638">
     <span class='ocr_line' id='line_1_3' title="bbox 629 553 2160 638; baseline 0.01 -33"><span class='ocrx_word' id='word_1_6' title='bbox 629 562 808 607; x_wconf 81' lang='lat' dir='ltr'><strong>:tutctn</strong></span> <span class='ocrx_word' id='word_1_7' title='bbox 862 553 918 610; x_wconf 90' lang='lat' dir='ltr'><strong>in</strong></span> <span class='ocrx_word' id='word_1_8' title='bbox 950 554 1121 624; x_wconf 76' lang='lat' dir='ltr'><strong>fugam</strong></span> <span class='ocrx_word' id='word_1_9' title='bbox 1155 556 1439 624; x_wconf 71' lang='lat' dir='ltr'><strong>conversi,</strong></span> <span class='ocrx_word' id='word_1_10' title='bbox 1479 559 1579 615; x_wconf 90' lang='lat' dir='ltr'><strong>.alii</strong></span> <span class='ocrx_word' id='word_1_11' title='bbox 1639 564 1703 638; x_wconf 80' lang='lat' dir='ltr'><strong>ad</strong></span> <span class='ocrx_word' id='word_1_12' title='bbox 1759 580 1905 620; x_wconf 87' lang='lat' dir='ltr'><strong>mare</strong></span> <span class='ocrx_word' id='word_1_13' title='bbox 1933 581 1992 620; x_wconf 86' lang='lat' dir='ltr'><strong>se</strong></span> <span class='ocrx_word' id='word_1_14' title='bbox 2024 568 2160 620; x_wconf 75' lang='lat' dir='ltr'><strong>reri-</strong></span> 
     </span>
    </p>
   </div>
   <div class='ocr_carea' id='block_1_4' title="bbox 2267 553 3753 642">
    <p class='ocr_par' dir='ltr' id='par_1_4' title="bbox 2267 569 3753 642">
     <span class='ocr_line' id='line_1_4' title="bbox 2267 569 3753 642; baseline 0.001 -20"><span class='ocrx_word' id='word_1_15' title='bbox 2267 569 2404 624; x_wconf 89' lang='lat' dir='ltr'><strong>mina</strong></span> <span class='ocrx_word' id='word_1_16' title='bbox 2454 569 2708 626; x_wconf 80' lang='lat' dir='ltr'><strong>Phustato</strong></span> <span class='ocrx_word' id='word_1_17' title='bbox 2760 575 3074 628; x_wconf 75' lang='lat' dir='ltr'><strong>Kolxamum</strong></span> <span class='ocrx_word' id='word_1_18' title='bbox 3125 570 3459 634; x_wconf 74' lang='lat' dir='ltr'><strong>deferebant,</strong></span> <span class='ocrx_word' id='word_1_19' title='bbox 3507 588 3626 642; x_wconf 79' lang='lat' dir='ltr'><strong>qua:</strong></span> <span class='ocrx_word' id='word_1_20' title='bbox 3663 573 3753 626; x_wconf 80' lang='lat' dir='ltr'><strong>dein</strong></span> 
     </span>
    </p>
   </div>
   <div class='ocr_carea' id='block_1_5' title="bbox 626 645 2152 730">
    <p class='ocr_par' dir='ltr' id='par_1_5' title="bbox 626 645 2152 730">
     <span class='ocr_line' id='line_1_5' title="bbox 626 645 2152 730; baseline 0.008 -32"><span class='ocrx_word' id='word_1_21' title='bbox 626 646 837 713; x_wconf 88' lang='lat' dir='ltr'><strong>pientes</strong></span> <span class='ocrx_word' id='word_1_22' title='bbox 898 645 1111 721; x_wconf 70' lang='lat' dir='ltr'><strong>navigia</strong></span> <span class='ocrx_word' id='word_1_23' title='bbox 1161 655 1619 720; x_wconf 85' lang='lat' dir='ltr'><strong>conscenderunt,</strong></span> <span class='ocrx_word' id='word_1_24' title='bbox 1665 657 1752 711; x_wconf 83' lang='lat' dir='ltr'><strong>alii</strong></span> <span class='ocrx_word' id='word_1_25' title='bbox 1809 673 1904 730; x_wconf 88' lang='lat' dir='ltr'><strong>per</strong></span> <span class='ocrx_word' id='word_1_26' title='bbox 1957 668 2152 714; x_wconf 81' lang='lat' dir='ltr'><strong>terram</strong></span> 
     </span>
    </p>
   </div>
   <div class='ocr_carea' id='block_1_6' title="bbox 628 736 2152 809">
    <p class='ocr_par' dir='ltr' id='par_1_6' title="bbox 628 736 2152 809">
     <span class='ocr_line' id='line_1_6' title="bbox 628 736 2152 809; baseline 0.01 -25"><span class='ocrx_word' id='word_1_27' title='bbox 628 736 894 802; x_wconf 85' lang='lat' dir='ltr'><strong>abierunt,</strong></span> <span class='ocrx_word' id='word_1_28' title='bbox 926 751 988 793; x_wconf 90' lang='lat' dir='ltr'><strong>ac</strong></span> <span class='ocrx_word' id='word_1_29' title='bbox 1015 738 1240 809; x_wconf 74' lang='lat' dir='ltr'><strong>ingressi</strong></span> <span class='ocrx_word' id='word_1_30' title='bbox 1274 752 1402 797; x_wconf 88' lang='lat' dir='ltr'><strong>sunt</strong></span> <span class='ocrx_word' id='word_1_31' title='bbox 1428 744 1721 800; x_wconf 84' lang='lat' dir='ltr'><strong>lloslemini</strong></span> <span class='ocrx_word' id='word_1_32' title='bbox 1751 747 2152 808; x_wconf 85' lang='lat' dir='ltr'><strong>Alexandriam,</strong></span> 
     </span>
    </p>
   </div>
   <div class='ocr_carea' id='block_1_7' title="bbox 627 825 2156 904">
    <p class='ocr_par' dir='ltr' id='par_1_7' title="bbox 627 825 2156 904">
     <span class='ocr_line' id='line_1_7' title="bbox 627 825 2156 904; baseline 0.011 -30"><span class='ocrx_word' id='word_1_33' title='bbox 627 831 909 892; x_wconf 75' lang='lat' dir='ltr'><strong>postquam</strong></span> <span class='ocrx_word' id='word_1_34' title='bbox 939 826 992 879; x_wconf 92' lang='lat' dir='ltr'><strong>in</strong></span> <span class='ocrx_word' id='word_1_35' title='bbox 1042 825 1211 898; x_wconf 71' lang='lat' dir='ltr'><strong>ipsius</strong></span> <span class='ocrx_word' id='word_1_36' title='bbox 1236 829 1520 886; x_wconf 79' lang='lat' dir='ltr'><strong>obsidione</strong></span> <span class='ocrx_word' id='word_1_37' title='bbox 1570 848 1779 888; x_wconf 84' lang='lat' dir='ltr'><strong>menses</strong></span> <span class='ocrx_word' id='word_1_38' title='bbox 1827 837 2156 904; x_wconf 84' lang='lat' dir='ltr'><strong>quatuorde-</strong></span> 
     </span>
    </p>
   </div>
   <div class='ocr_carea' id='block_1_8' title="bbox 625 914 2155 1000">
    <p class='ocr_par' dir='ltr' id='par_1_8' title="bbox 625 914 2155 1000">
     <span class='ocr_line' id='line_1_8' title="bbox 625 914 2155 1000; baseline 0.009 -36"><span class='ocrx_word' id='word_1_39' title='bbox 625 916 728 966; x_wconf 71' lang='lat' dir='ltr'><strong>eim</strong></span> <span class='ocrx_word' id='word_1_40' title='bbox 764 914 1199 984; x_wconf 80' lang='lat' dir='ltr'><strong>insumpsissent.</strong></span> <span class='ocrx_word' id='word_1_41' title='bbox 1244 918 1524 990; x_wconf 79' lang='lat' dir='ltr'><strong>Captaque</strong></span> <span class='ocrx_word' id='word_1_42' title='bbox 1547 923 1654 992; x_wconf 87' lang='lat' dir='ltr'><strong>jam</strong></span> <span class='ocrx_word' id='word_1_43' title='bbox 1685 924 1818 998; x_wconf 77' lang='lat' dir='ltr'><strong>urbe</strong></span> <span class='ocrx_word' id='word_1_44' title='bbox 1849 934 2003 1000; x_wconf 89' lang='lat' dir='ltr'><strong>atque</strong></span> <span class='ocrx_word' id='word_1_45' title='bbox 2037 927 2155 994; x_wconf 78' lang='lat' dir='ltr'><strong>fuga</strong></span> 
     </span>
    </p>
   </div>
   <div class='ocr_carea' id='block_1_9' title="bbox 627 999 2158 1084">
    <p class='ocr_par' dir='ltr' id='par_1_9' title="bbox 627 999 2158 1084">
     <span class='ocr_line' id='line_1_9' title="bbox 627 999 2158 1084; baseline 0.01 -33"><span class='ocrx_word' id='word_1_46' title='bbox 627 999 849 1072; x_wconf 75' lang='lat' dir='ltr'><strong>dilapsis</strong></span> <span class='ocrx_word' id='word_1_47' title='bbox 901 1005 991 1073; x_wconf 87' lang='lat' dir='ltr'><strong>qui</strong></span> <span class='ocrx_word' id='word_1_48' title='bbox 1037 1021 1069 1062; x_wconf 89' lang='lat' dir='ltr'><strong>e</strong></span> <span class='ocrx_word' id='word_1_49' title='bbox 1117 1007 1378 1064; x_wconf 80' lang='lat' dir='ltr'><strong>Romanis</strong></span> <span class='ocrx_word' id='word_1_50' title='bbox 1429 1010 1697 1078; x_wconf 79' lang='lat' dir='ltr'><strong>fugerant,</strong></span> <span class='ocrx_word' id='word_1_51' title='bbox 1757 1017 2030 1084; x_wconf 81' lang='lat' dir='ltr'><strong>profectus</strong></span> <span class='ocrx_word' id='word_1_52' title='bbox 2076 1027 2158 1069; x_wconf 85' lang='lat' dir='ltr'><strong>est.</strong></span> 
     </span>
    </p>
   </div>
   <div class='ocr_carea' id='block_1_10' title="bbox 623 1093 2158 1176">
    <p class='ocr_par' dir='ltr' id='par_1_10' title="bbox 623 1093 2158 1176">
     <span class='ocr_line' id='line_1_10' title="bbox 623 1093 2158 1176; baseline 0.009 -30"><span class='ocrx_word' id='word_1_53' title='bbox 623 1093 822 1150; x_wconf 82' lang='lat' dir='ltr'><strong>Amrus</strong></span> <span class='ocrx_word' id='word_1_54' title='bbox 847 1095 1017 1152; x_wconf 86' lang='lat' dir='ltr'><strong>Ebnol</strong></span> <span class='ocrx_word' id='word_1_55' title='bbox 1039 1098 1130 1154; x_wconf 79' lang='lat' dir='ltr'><strong>Asi</strong></span> <span class='ocrx_word' id='word_1_56' title='bbox 1159 1115 1254 1156; x_wconf 91' lang='lat' dir='ltr'><strong>eos</strong></span> <span class='ocrx_word' id='word_1_57' title='bbox 1281 1103 1370 1172; x_wconf 85' lang='lat' dir='ltr'><strong>qui</strong></span> <span class='ocrx_word' id='word_1_58' title='bbox 1399 1117 1494 1171; x_wconf 90' lang='lat' dir='ltr'><strong>per</strong></span> <span class='ocrx_word' id='word_1_59' title='bbox 1515 1112 1712 1158; x_wconf 86' lang='lat' dir='ltr'><strong>terram</strong></span> <span class='ocrx_word' id='word_1_60' title='bbox 1743 1101 1993 1175; x_wconf 74' lang='lat' dir='ltr'><strong>fugerant</strong></span> <span class='ocrx_word' id='word_1_61' title='bbox 2015 1121 2158 1176; x_wconf 73' lang='lat' dir='ltr'><strong>qure-</strong></span> 
     </span>
    </p>
   </div>
   <div class='ocr_carea' id='block_1_11' title="bbox 625 1186 2158 1264">
    <p class='ocr_par' dir='ltr' id='par_1_11' title="bbox 625 1186 2158 1264">
     <span class='ocr_line' id='line_1_11' title="bbox 625 1186 2158 1264; baseline 0.01 -31"><span class='ocrx_word' id='word_1_62' title='bbox 625 1186 809 1240; x_wconf 76' lang='lat' dir='ltr'><strong>situm.</strong></span> <span class='ocrx_word' id='word_1_63' title='bbox 849 1186 927 1239; x_wconf 89' lang='lat' dir='ltr'><strong>Illi</strong></span> <span class='ocrx_word' id='word_1_64' title='bbox 958 1198 1135 1242; x_wconf 86' lang='lat' dir='ltr'><strong>autem</strong></span> <span class='ocrx_word' id='word_1_65' title='bbox 1169 1205 1232 1244; x_wconf 84' lang='lat' dir='ltr'><strong>ex</strong></span> <span class='ocrx_word' id='word_1_66' title='bbox 1289 1191 1419 1258; x_wconf 81' lang='lat' dir='ltr'><strong>ipsis</strong></span> <span class='ocrx_word' id='word_1_67' title='bbox 1447 1195 1539 1262; x_wconf 87' lang='lat' dir='ltr'><strong>qui</strong></span> <span class='ocrx_word' id='word_1_68' title='bbox 1591 1209 1685 1262; x_wconf 90' lang='lat' dir='ltr'><strong>per</strong></span> <span class='ocrx_word' id='word_1_69' title='bbox 1733 1209 1878 1250; x_wconf 91' lang='lat' dir='ltr'><strong>mare</strong></span> <span class='ocrx_word' id='word_1_70' title='bbox 1915 1195 2158 1264; x_wconf 78' lang='lat' dir='ltr'><strong>fugerant</strong></span> 
     </span>
    </p>
   </div>
   <div class='ocr_carea' id='block_1_12' title="bbox 623 1271 2154 1352">
    <p class='ocr_par' dir='ltr' id='par_1_12' title="bbox 623 1271 2154 1352">
     <span class='ocr_line' id='line_1_12' title="bbox 623 1271 2154 1352; baseline 0.007 -28"><span class='ocrx_word' id='word_1_71' title='bbox 623 1271 1003 1330; x_wconf 72' lang='lat' dir='ltr'><strong>Alexandriam</strong></span> <span class='ocrx_word' id='word_1_72' title='bbox 1036 1280 1254 1341; x_wconf 80' lang='lat' dir='ltr'><strong>reversi,</strong></span> <span class='ocrx_word' id='word_1_73' title='bbox 1288 1279 1630 1337; x_wconf 69' lang='lat' dir='ltr'><strong>Moslerninos</strong></span> <span class='ocrx_word' id='word_1_74' title='bbox 1655 1284 1747 1351; x_wconf 88' lang='lat' dir='ltr'><strong>qui</strong></span> <span class='ocrx_word' id='word_1_75' title='bbox 1775 1283 1830 1336; x_wconf 89' lang='lat' dir='ltr'><strong>in</strong></span> <span class='ocrx_word' id='word_1_76' title='bbox 1864 1298 1924 1337; x_wconf 91' lang='lat' dir='ltr'><strong>ea</strong></span> <span class='ocrx_word' id='word_1_77' title='bbox 1959 1283 2154 1352; x_wconf 82' lang='lat' dir='ltr'><strong>reperti</strong></span> 
     </span>
    </p>
   </div>
   <div class='ocr_carea' id='block_1_13' title="bbox 625 1365 2158 1435">
    <p class='ocr_par' dir='ltr' id='par_1_13' title="bbox 625 1365 2158 1435">
     <span class='ocr_line' id='line_1_13' title="bbox 625 1365 2158 1435; baseline 0.006 -21"><span class='ocrx_word' id='word_1_78' title='bbox 625 1373 752 1429; x_wconf 71' lang='lat' dir='ltr'><strong>sunt</strong></span> <span class='ocrx_word' id='word_1_79' title='bbox 783 1365 1120 1422; x_wconf 88' lang='lat' dir='ltr'><strong>occiderunt.</strong></span> <span class='ocrx_word' id='word_1_80' title='bbox 1158 1369 1433 1435; x_wconf 78' lang='lat' dir='ltr'><strong>Cumque,</strong></span> <span class='ocrx_word' id='word_1_81' title='bbox 1484 1384 1548 1422; x_wconf 90' lang='lat' dir='ltr'><strong>eo</strong></span> <span class='ocrx_word' id='word_1_82' title='bbox 1581 1370 1764 1424; x_wconf 89' lang='lat' dir='ltr'><strong>audito</strong></span> <span class='ocrx_word' id='word_1_83' title='bbox 1793 1385 2040 1425; x_wconf 81' lang='lat' dir='ltr'><strong>reversus</strong></span> <span class='ocrx_word' id='word_1_84' title='bbox 2071 1387 2158 1424; x_wconf 82' lang='lat' dir='ltr'><strong>es-</strong></span> 
     </span>
    </p>
   </div>
   <div class='ocr_carea' id='block_1_14' title="bbox 626 1454 2158 1544">
    <p class='ocr_par' dir='ltr' id='par_1_14' title="bbox 626 1454 2158 1544">
     <span class='ocr_line' id='line_1_14' title="bbox 626 1454 2158 1544; baseline 0.007 -39"><span class='ocrx_word' id='word_1_85' title='bbox 626 1464 706 1506; x_wconf 82' lang='lat' dir='ltr'><strong>set</strong></span> <span class='ocrx_word' id='word_1_86' title='bbox 734 1454 1072 1544; x_wconf 56' lang='lat' dir='ltr'><strong>Amrusacri</strong></span> <span class='ocrx_word' id='word_1_87' title='bbox 1109 1459 1280 1526; x_wconf 87' lang='lat' dir='ltr'><strong>ipsum</strong></span> <span class='ocrx_word' id='word_1_88' title='bbox 1326 1473 1500 1529; x_wconf 75' lang='lat' dir='ltr'><strong>pugna</strong></span> <span class='ocrx_word' id='word_1_89' title='bbox 1544 1461 1694 1526; x_wconf 86' lang='lat' dir='ltr'><strong>juxta</strong></span> <span class='ocrx_word' id='word_1_90' title='bbox 1728 1475 1904 1514; x_wconf 86' lang='lat' dir='ltr'><strong>arcem</strong></span> <span class='ocrx_word' id='word_1_91' title='bbox 1931 1475 2158 1529; x_wconf 57' lang='lat' dir='ltr'><strong>escape»</strong></span> 
     </span>
    </p>
   </div>
   <div class='ocr_carea' id='block_1_15' title="bbox 626 1543 2159 1617">
    <p class='ocr_par' dir='ltr' id='par_1_15' title="bbox 626 1543 2159 1617">
     <span class='ocr_line' id='line_1_15' title="bbox 626 1543 2159 1617; baseline 0.005 -23"><span class='ocrx_word' id='word_1_92' title='bbox 626 1543 786 1607; x_wconf 81' lang='lat' dir='ltr'><strong>runt;</strong></span> <span class='ocrx_word' id='word_1_93' title='bbox 821 1559 922 1613; x_wconf 92' lang='lat' dir='ltr'><strong>qua</strong></span> <span class='ocrx_word' id='word_1_94' title='bbox 949 1543 1014 1601; x_wconf 83' lang='lat' dir='ltr'><strong>ab</strong></span> <span class='ocrx_word' id='word_1_95' title='bbox 1059 1547 1176 1614; x_wconf 90' lang='lat' dir='ltr'><strong>ipso</strong></span> <span class='ocrx_word' id='word_1_96' title='bbox 1230 1557 1385 1617; x_wconf 87' lang='lat' dir='ltr'><strong>capta</strong></span> <span class='ocrx_word' id='word_1_97' title='bbox 1433 1565 1648 1603; x_wconf 86' lang='lat' dir='ltr'><strong>rursum</strong></span> <span class='ocrx_word' id='word_1_98' title='bbox 1678 1550 1744 1604; x_wconf 87' lang='lat' dir='ltr'><strong>ad</strong></span> <span class='ocrx_word' id='word_1_99' title='bbox 1779 1564 1944 1605; x_wconf 91' lang='lat' dir='ltr'><strong>naves</strong></span> <span class='ocrx_word' id='word_1_100' title='bbox 1969 1550 2159 1605; x_wconf 88' lang='lat' dir='ltr'><strong>confu-</strong></span> 
     </span>
    </p>
   </div>
   <div class='ocr_carea' id='block_1_16' title="bbox 625 1636 2157 1709">
    <p class='ocr_par' dir='ltr' id='par_1_16' title="bbox 625 1636 2157 1709">
     <span class='ocr_line' id='line_1_16' title="bbox 625 1636 2157 1709; baseline 0.003 -22"><span class='ocrx_word' id='word_1_101' title='bbox 625 1643 817 1698; x_wconf 70' lang='lat' dir='ltr'><strong>gerunt</strong></span> <span class='ocrx_word' id='word_1_102' title='bbox 867 1636 1112 1690; x_wconf 79' lang='lat' dir='ltr'><strong>Romani.</strong></span> <span class='ocrx_word' id='word_1_103' title='bbox 1138 1636 1366 1707; x_wconf 86' lang='lat' dir='ltr'><strong>Scripsit</strong></span> <span class='ocrx_word' id='word_1_104' title='bbox 1393 1652 1521 1709; x_wconf 77' lang='lat' dir='ltr'><strong>ergo</strong></span> <span class='ocrx_word' id='word_1_105' title='bbox 1553 1637 1746 1694; x_wconf 82' lang='lat' dir='ltr'><strong>Amrus</strong></span> <span class='ocrx_word' id='word_1_106' title='bbox 1781 1637 1946 1693; x_wconf 80' lang='lat' dir='ltr'><strong>Ebnol</strong></span> <span class='ocrx_word' id='word_1_107' title='bbox 1973 1641 2058 1692; x_wconf 86' lang='lat' dir='ltr'><strong>Asi</strong></span> <span class='ocrx_word' id='word_1_108' title='bbox 2092 1640 2157 1693; x_wconf 88' lang='lat' dir='ltr'><strong>ad</strong></span> 
     </span>
    </p>
   </div>
   <div class='ocr_carea' id='block_1_17' title="bbox 623 1723 2157 1797">
    <p class='ocr_par' dir='ltr' id='par_1_17' title="bbox 623 1723 2157 1797">
     <span class='ocr_line' id='line_1_17' title="bbox 623 1723 2157 1797; baseline 0.006 -25"><span class='ocrx_word' id='word_1_109' title='bbox 623 1723 875 1776; x_wconf 51' lang='lat' dir='ltr'><strong>(lutaru&#39;u</strong></span> <span class='ocrx_word' id='word_1_110' title='bbox 920 1723 1074 1780; x_wconf 85' lang='lat' dir='ltr'><strong>Ebnil</strong></span> <span class='ocrx_word' id='word_1_111' title='bbox 1107 1727 1370 1782; x_wconf 88' lang='lat' dir='ltr'><strong>Cbetabi:</strong></span> <span class='ocrx_word' id='word_1_112' title='bbox 1408 1727 1605 1784; x_wconf 85' lang='lat' dir='ltr'><strong>Urbem</strong></span> <span class='ocrx_word' id='word_1_113' title='bbox 1655 1729 1769 1796; x_wconf 87' lang='lat' dir='ltr'><strong>cepi</strong></span> <span class='ocrx_word' id='word_1_114' title='bbox 1802 1728 1856 1782; x_wconf 91' lang='lat' dir='ltr'><strong>in</strong></span> <span class='ocrx_word' id='word_1_115' title='bbox 1895 1733 2001 1797; x_wconf 79' lang='lat' dir='ltr'><strong>qtta</strong></span> <span class='ocrx_word' id='word_1_116' title='bbox 2033 1728 2157 1796; x_wconf 72' lang='lat' dir='ltr'><strong>qu‘d</strong></span> 
     </span>
    </p>
   </div>
   <div class='ocr_carea' id='block_1_18' title="bbox 623 1814 2154 1886">
    <p class='ocr_par' dir='ltr' id='par_1_18' title="bbox 623 1814 2154 1886">
     <span class='ocr_line' id='line_1_18' title="bbox 623 1814 2154 1886; baseline 0.002 -20"><span class='ocrx_word' id='word_1_117' title='bbox 623 1814 828 1866; x_wconf 83' lang='lat' dir='ltr'><strong>sitnon</strong></span> <span class='ocrx_word' id='word_1_118' title='bbox 873 1814 1196 1880; x_wconf 79' lang='lat' dir='ltr'><strong>describam,</strong></span> <span class='ocrx_word' id='word_1_119' title='bbox 1244 1816 1348 1872; x_wconf 87' lang='lat' dir='ltr'><strong>nisi</strong></span> <span class='ocrx_word' id='word_1_120' title='bbox 1397 1817 1540 1886; x_wconf 91' lang='lat' dir='ltr'><strong>quod</strong></span> <span class='ocrx_word' id='word_1_121' title='bbox 1588 1817 1641 1870; x_wconf 91' lang='lat' dir='ltr'><strong>in</strong></span> <span class='ocrx_word' id='word_1_122' title='bbox 1695 1817 1809 1886; x_wconf 86' lang='lat' dir='ltr'><strong>ipsa</strong></span> <span class='ocrx_word' id='word_1_123' title='bbox 1867 1819 2154 1886; x_wconf 89' lang='lat' dir='ltr'><strong>repererim</strong></span> 
     </span>
    </p>
   </div>
   <div class='ocr_carea' id='block_1_19' title="bbox 2265 649 3756 732">
    <p class='ocr_par' dir='ltr' id='par_1_19' title="bbox 2265 649 3756 732">
     <span class='ocr_line' id='line_1_19' title="bbox 2265 649 3756 732; baseline 0.003 -21"><span class='ocrx_word' id='word_1_124' title='bbox 2265 673 2358 728; x_wconf 86' lang='lat' dir='ltr'><strong>per</strong></span> <span class='ocrx_word' id='word_1_125' title='bbox 2408 675 2554 714; x_wconf 83' lang='lat' dir='ltr'><strong>mare</strong></span> <span class='ocrx_word' id='word_1_126' title='bbox 2587 649 2806 714; x_wconf 44' lang='lat' dir='ltr'><strong>&#39;Salsum</strong></span> <span class='ocrx_word' id='word_1_127' title='bbox 2865 660 3125 716; x_wconf 76' lang='lat' dir='ltr'><strong>Aledinam</strong></span> <span class='ocrx_word' id='word_1_128' title='bbox 3179 659 3578 716; x_wconf 85' lang='lat' dir='ltr'><strong>deferebantur.</strong></span> <span class='ocrx_word' id='word_1_129' title='bbox 3639 653 3756 732; x_wconf 80' lang='lat' dir='ltr'><strong>Cepit</strong></span> 
     </span>
    </p>
   </div>
   <div class='ocr_carea' id='block_1_20' title="bbox 2236 746 3754 821">
    <p class='ocr_par' dir='ltr' id='par_1_20' title="bbox 2236 746 3754 821">
     <span class='ocr_line' id='line_1_20' title="bbox 2236 746 3754 821; baseline 0.003 -23"><span class='ocrx_word' id='word_1_130' title='bbox 2236 746 2421 821; x_wconf 81' lang='lat' dir='ltr'><strong>etiam</strong></span> <span class='ocrx_word' id='word_1_131' title='bbox 2453 747 2650 804; x_wconf 80' lang='lat' dir='ltr'><strong>Amrus</strong></span> <span class='ocrx_word' id='word_1_132' title='bbox 2712 747 2882 802; x_wconf 82' lang='lat' dir='ltr'><strong>Ebnol</strong></span> <span class='ocrx_word' id='word_1_133' title='bbox 2939 749 3030 803; x_wconf 85' lang='lat' dir='ltr'><strong>Asi</strong></span> <span class='ocrx_word' id='word_1_134' title='bbox 3087 747 3342 819; x_wconf 86' lang='lat' dir='ltr'><strong>Tripolim</strong></span> <span class='ocrx_word' id='word_1_135' title='bbox 3402 751 3754 803; x_wconf 77' lang='lat' dir='ltr'><strong>occidentalem</strong></span> 
     </span>
    </p>
   </div>
   <div class='ocr_carea' id='block_1_21' title="bbox 2271 833 3755 906">
    <p class='ocr_par' dir='ltr' id='par_1_21' title="bbox 2271 833 3755 906">
     <span class='ocr_line' id='line_1_21' title="bbox 2271 833 3755 906; baseline 0.003 -21"><span class='ocrx_word' id='word_1_136' title='bbox 2271 847 2412 886; x_wconf 83' lang='lat' dir='ltr'><strong>anno</strong></span> <span class='ocrx_word' id='word_1_137' title='bbox 2446 833 2616 889; x_wconf 66' lang='grc' dir='ltr'><strong>Παῖς-ω</strong></span> <span class='ocrx_word' id='word_1_138' title='bbox 2667 836 2923 890; x_wconf 84' lang='lat' dir='ltr'><strong>vicesimo</strong></span> <span class='ocrx_word' id='word_1_139' title='bbox 2973 838 3230 900; x_wconf 73' lang='lat' dir='ltr'><strong>secundo,</strong></span> <span class='ocrx_word' id='word_1_140' title='bbox 3287 851 3387 892; x_wconf 86' lang='lat' dir='ltr'><strong>nec</strong></span> <span class='ocrx_word' id='word_1_141' title='bbox 3425 851 3533 890; x_wconf 84' lang='lat' dir='ltr'><strong>non</strong></span> <span class='ocrx_word' id='word_1_142' title='bbox 3582 838 3755 906; x_wconf 77' lang='lat' dir='ltr'><strong>imperii</strong></span> 
     </span>
    </p>
   </div>
   <div class='ocr_carea' id='block_1_22' title="bbox 2265 919 3757 988">
    <p class='ocr_par' dir='ltr' id='par_1_22' title="bbox 2265 919 3757 988">
     <span class='ocr_line' id='line_1_22' title="bbox 2265 919 3757 988; baseline 0.005 -16"><span class='ocrx_word' id='word_1_143' title='bbox 2265 919 2490 976; x_wconf 89' lang='lat' dir='ltr'><strong>lleraclii</strong></span> <span class='ocrx_word' id='word_1_144' title='bbox 2518 923 2774 978; x_wconf 86' lang='lat' dir='ltr'><strong>vicesimo</strong></span> <span class='ocrx_word' id='word_1_145' title='bbox 2801 923 3061 988; x_wconf 88' lang='lat' dir='ltr'><strong>secundo,</strong></span> <span class='ocrx_word' id='word_1_146' title='bbox 3098 925 3386 982; x_wconf 83' lang='lat' dir='ltr'><strong>cbalifatus</strong></span> <span class='ocrx_word' id='word_1_147' title='bbox 3405 925 3589 980; x_wconf 88' lang='lat' dir='ltr'><strong>Omari</strong></span> <span class='ocrx_word' id='word_1_148' title='bbox 3619 925 3757 979; x_wconf 85' lang='lat' dir='ltr'><strong>Ebnol</strong></span> 
     </span>
    </p>
   </div>
   <div class='ocr_carea' id='block_1_23' title="bbox 2263 1005 3760 1081">
    <p class='ocr_par' dir='ltr' id='par_1_23' title="bbox 2263 1005 3760 1081">
     <span class='ocr_line' id='line_1_23' title="bbox 2263 1005 3760 1081; baseline 0.003 -19"><span class='ocrx_word' id='word_1_149' title='bbox 2263 1005 2484 1065; x_wconf 81' lang='lat' dir='ltr'><strong>Cbetabi</strong></span> <span class='ocrx_word' id='word_1_150' title='bbox 2516 1012 2743 1066; x_wconf 88' lang='lat' dir='ltr'><strong>decimo.</strong></span> <span class='ocrx_word' id='word_1_151' title='bbox 2764 1012 3145 1081; x_wconf 85' lang='lat' dir='ltr'><strong>Exstruxitque</strong></span> <span class='ocrx_word' id='word_1_152' title='bbox 3166 1015 3360 1070; x_wconf 88' lang='lat' dir='ltr'><strong>Amrus</strong></span> <span class='ocrx_word' id='word_1_153' title='bbox 3389 1015 3633 1070; x_wconf 75' lang='lat' dir='ltr'><strong>Phustati</strong></span> <span class='ocrx_word' id='word_1_154' title='bbox 3657 1023 3760 1068; x_wconf 82' lang='lat' dir='ltr'><strong>tent-</strong></span> 
     </span>
    </p>
   </div>
   <div class='ocr_carea' id='block_1_24' title="bbox 2265 1096 3760 1168">
    <p class='ocr_par' dir='ltr' id='par_1_24' title="bbox 2265 1096 3760 1168">
     <span class='ocr_line' id='line_1_24' title="bbox 2265 1096 3760 1168; baseline 0.005 -18"><span class='ocrx_word' id='word_1_155' title='bbox 2265 1099 2408 1168; x_wconf 88' lang='lat' dir='ltr'><strong>plum</strong></span> <span class='ocrx_word' id='word_1_156' title='bbox 2442 1116 2712 1168; x_wconf 69' lang='lat' dir='ltr'><strong>magn-um.</strong></span> <span class='ocrx_word' id='word_1_157' title='bbox 2749 1103 2914 1156; x_wconf 85' lang='lat' dir='ltr'><strong>Porro</strong></span> <span class='ocrx_word' id='word_1_158' title='bbox 2946 1103 3263 1157; x_wconf 79' lang='lat' dir='ltr'><strong>interfectus</strong></span> <span class='ocrx_word' id='word_1_159' title='bbox 3293 1115 3376 1158; x_wconf 89' lang='lat' dir='ltr'><strong>est</strong></span> <span class='ocrx_word' id='word_1_160' title='bbox 3420 1105 3584 1159; x_wconf 86' lang='lat' dir='ltr'><strong>Ornar</strong></span> <span class='ocrx_word' id='word_1_161' title='bbox 3625 1096 3760 1158; x_wconf 82' lang='lat' dir='ltr'><strong>Ebuol</strong></span> 
     </span>
    </p>
   </div>
   <div class='ocr_carea' id='block_1_25' title="bbox 2265 1187 3764 1260">
    <p class='ocr_par' dir='ltr' id='par_1_25' title="bbox 2265 1187 3764 1260">
     <span class='ocr_line' id='line_1_25' title="bbox 2265 1187 3764 1260; baseline 0.005 -19"><span class='ocrx_word' id='word_1_162' title='bbox 2265 1187 2493 1243; x_wconf 86' lang='lat' dir='ltr'><strong>Cbetabi</strong></span> <span class='ocrx_word' id='word_1_163' title='bbox 2542 1189 2786 1254; x_wconf 65' lang='lat' dir='ltr'><strong>Medium,</strong></span> <span class='ocrx_word' id='word_1_164' title='bbox 2833 1193 3185 1247; x_wconf 79' lang='lat' dir='ltr'><strong>interﬁciente</strong></span> <span class='ocrx_word' id='word_1_165' title='bbox 3223 1195 3397 1260; x_wconf 87' lang='lat' dir='ltr'><strong>ipsum</strong></span> <span class='ocrx_word' id='word_1_166' title='bbox 3445 1195 3562 1248; x_wconf 76' lang='lat' dir='ltr'><strong>Abu</strong></span> <span class='ocrx_word' id='word_1_167' title='bbox 3612 1194 3764 1248; x_wconf 71' lang='lat' dir='ltr'><strong>Lulua:</strong></span> 
     </span>
    </p>
   </div>
   <div class='ocr_carea' id='block_1_26' title="bbox 2264 1281 3765 1354">
    <p class='ocr_par' dir='ltr' id='par_1_26' title="bbox 2264 1281 3765 1354">
     <span class='ocr_line' id='line_1_26' title="bbox 2264 1281 3765 1354; baseline 0.003 -20"><span class='ocrx_word' id='word_1_168' title='bbox 2264 1295 2421 1335; x_wconf 86' lang='lat' dir='ltr'><strong>servo</strong></span> <span class='ocrx_word' id='word_1_169' title='bbox 2468 1281 2690 1351; x_wconf 72' lang='lat' dir='ltr'><strong>ﬂogiraa</strong></span> <span class='ocrx_word' id='word_1_170' title='bbox 2749 1283 2864 1336; x_wconf 85' lang='lat' dir='ltr'><strong>Ebu</strong></span> <span class='ocrx_word' id='word_1_171' title='bbox 2912 1282 3156 1337; x_wconf 64' lang='lat' dir='ltr'><strong>Shaabte.</strong></span> <span class='ocrx_word' id='word_1_172' title='bbox 3207 1283 3350 1337; x_wconf 85' lang='lat' dir='ltr'><strong>Obiit</strong></span> <span class='ocrx_word' id='word_1_173' title='bbox 3401 1284 3490 1337; x_wconf 90' lang='lat' dir='ltr'><strong>die</strong></span> <span class='ocrx_word' id='word_1_174' title='bbox 3515 1285 3594 1337; x_wconf 84' lang='lat' dir='ltr'><strong>Dii</strong></span> <span class='ocrx_word' id='word_1_175' title='bbox 3627 1284 3765 1354; x_wconf 76' lang='lat' dir='ltr'><strong>Hojjtr</strong></span> 
     </span>
    </p>
   </div>
   <div class='ocr_carea' id='block_1_27' title="bbox 2265 1371 3765 1442">
    <p class='ocr_par' dir='ltr' id='par_1_27' title="bbox 2265 1371 3765 1442">
     <span class='ocr_line' id='line_1_27' title="bbox 2265 1371 3765 1442; baseline 0.003 -21"><span class='ocrx_word' id='word_1_176' title='bbox 2265 1371 2526 1424; x_wconf 86' lang='lat' dir='ltr'><strong>vicesimo</strong></span> <span class='ocrx_word' id='word_1_177' title='bbox 2578 1371 2829 1442; x_wconf 82' lang='lat' dir='ltr'><strong>septimo.</strong></span> <span class='ocrx_word' id='word_1_178' title='bbox 2891 1387 3032 1425; x_wconf 86' lang='lat' dir='ltr'><strong>anno</strong></span> <span class='ocrx_word' id='word_1_179' title='bbox 3082 1371 3258 1426; x_wconf 74' lang='lat' dir='ltr'><strong>“eine</strong></span> <span class='ocrx_word' id='word_1_180' title='bbox 3310 1372 3568 1424; x_wconf 83' lang='lat' dir='ltr'><strong>vicesimo</strong></span> <span class='ocrx_word' id='word_1_181' title='bbox 3614 1374 3765 1432; x_wconf 88' lang='lat' dir='ltr'><strong>tertio,</strong></span> 
     </span>
    </p>
   </div>
   <div class='ocr_carea' id='block_1_28' title="bbox 2270 1460 3767 1530">
    <p class='ocr_par' dir='ltr' id='par_1_28' title="bbox 2270 1460 3767 1530">
     <span class='ocr_line' id='line_1_28' title="bbox 2270 1460 3767 1530; baseline -0.001 -17"><span class='ocrx_word' id='word_1_182' title='bbox 2270 1475 2367 1513; x_wconf 73' lang='lat' dir='ltr'><strong>nec</strong></span> <span class='ocrx_word' id='word_1_183' title='bbox 2401 1476 2504 1514; x_wconf 91' lang='lat' dir='ltr'><strong>non</strong></span> <span class='ocrx_word' id='word_1_184' title='bbox 2541 1460 2749 1530; x_wconf 84' lang='lat' dir='ltr'><strong>imperii</strong></span> <span class='ocrx_word' id='word_1_185' title='bbox 2782 1460 3011 1516; x_wconf 84' lang='lat' dir='ltr'><strong>lleraclii</strong></span> <span class='ocrx_word' id='word_1_186' title='bbox 3048 1464 3302 1516; x_wconf 85' lang='lat' dir='ltr'><strong>vicesimo</strong></span> <span class='ocrx_word' id='word_1_187' title='bbox 3333 1463 3498 1514; x_wconf 92' lang='lat' dir='ltr'><strong>tertio</strong></span> <span class='ocrx_word' id='word_1_188' title='bbox 3545 1477 3665 1514; x_wconf 87' lang='lat' dir='ltr'><strong>cum</strong></span> <span class='ocrx_word' id='word_1_189' title='bbox 3693 1477 3767 1512; x_wconf 89' lang='lat' dir='ltr'><strong>an-</strong></span> 
     </span>
    </p>
   </div>
   <div class='ocr_carea' id='block_1_29' title="bbox 2265 1549 3768 1619">
    <p class='ocr_par' dir='ltr' id='par_1_29' title="bbox 2265 1549 3768 1619">
     <span class='ocr_line' id='line_1_29' title="bbox 2265 1549 3768 1619; baseline 0.005 -18"><span class='ocrx_word' id='word_1_190' title='bbox 2265 1563 2453 1602; x_wconf 88' lang='lat' dir='ltr'><strong>norum</strong></span> <span class='ocrx_word' id='word_1_191' title='bbox 2488 1557 2630 1604; x_wconf 80' lang='lat' dir='ltr'><strong>esset</strong></span> <span class='ocrx_word' id='word_1_192' title='bbox 2659 1552 2934 1618; x_wconf 79' lang='lat' dir='ltr'><strong>sexaginta</strong></span> <span class='ocrx_word' id='word_1_193' title='bbox 2964 1550 3147 1615; x_wconf 90' lang='lat' dir='ltr'><strong>trium,</strong></span> <span class='ocrx_word' id='word_1_194' title='bbox 3181 1562 3420 1619; x_wconf 86' lang='lat' dir='ltr'><strong>tempore</strong></span> <span class='ocrx_word' id='word_1_195' title='bbox 3448 1549 3768 1618; x_wconf 74' lang='lat'><strong>321-323</strong></span> 
     </span>
    </p>
   </div>
   <div class='ocr_carea' id='block_1_30' title="bbox 2265 1639 3770 1695">
    <p class='ocr_par' dir='ltr' id='par_1_30' title="bbox 2265 1639 3770 1695">
     <span class='ocr_line' id='line_1_30' title="bbox 2265 1639 3770 1695; baseline 0 -3"><span class='ocrx_word' id='word_1_196' title='bbox 2265 1641 2525 1695; x_wconf 86' lang='lat' dir='ltr'><strong>orationis</strong></span> <span class='ocrx_word' id='word_1_197' title='bbox 2553 1640 2851 1694; x_wconf 64' lang='lat' dir='ltr'><strong>matutinae.</strong></span> <span class='ocrx_word' id='word_1_198' title='bbox 2896 1639 3012 1694; x_wconf 71' lang='lat' dir='ltr'><strong>iam</strong></span> <span class='ocrx_word' id='word_1_199' title='bbox 3038 1649 3218 1694; x_wconf 92' lang='lat' dir='ltr'><strong>autem</strong></span> <span class='ocrx_word' id='word_1_200' title='bbox 3267 1641 3322 1694; x_wconf 89' lang='lat' dir='ltr'><strong>in</strong></span> <span class='ocrx_word' id='word_1_201' title='bbox 3358 1641 3647 1694; x_wconf 86' lang='lat' dir='ltr'><strong>consilium</strong></span> <span class='ocrx_word' id='word_1_202' title='bbox 3695 1654 3770 1692; x_wconf 74' lang='lat' dir='ltr'><strong>ro-</strong></span> 
     </span>
    </p>
   </div>
   <div class='ocr_carea' id='block_1_31' title="bbox 2262 1727 3774 1801">
    <p class='ocr_par' dir='ltr' id='par_1_31' title="bbox 2262 1727 3774 1801">
     <span class='ocr_line' id='line_1_31' title="bbox 2262 1727 3774 1801; baseline -0.004 -17"><span class='ocrx_word' id='word_1_203' title='bbox 2262 1731 2464 1784; x_wconf 83' lang='lat' dir='ltr'><strong>candos</strong></span> <span class='ocrx_word' id='word_1_204' title='bbox 2491 1729 2580 1800; x_wconf 80' lang='lat' dir='ltr'><strong>[de</strong></span> <span class='ocrx_word' id='word_1_205' title='bbox 2625 1745 2940 1785; x_wconf 84' lang='lat' dir='ltr'><strong>successore</strong></span> <span class='ocrx_word' id='word_1_206' title='bbox 2970 1729 3239 1801; x_wconf 74' lang='lat' dir='ltr'><strong>eligendo]</strong></span> <span class='ocrx_word' id='word_1_207' title='bbox 3275 1738 3540 1784; x_wconf 72' lang='lat' dir='ltr'><strong>statuerat</strong></span> <span class='ocrx_word' id='word_1_208' title='bbox 3566 1744 3658 1782; x_wconf 91' lang='lat' dir='ltr'><strong>sex</strong></span> <span class='ocrx_word' id='word_1_209' title='bbox 3687 1727 3774 1781; x_wconf 81' lang='lat' dir='ltr'><strong>Ilo-</strong></span> 
     </span>
    </p>
   </div>
   <div class='ocr_carea' id='block_1_32' title="bbox 2267 1817 3771 1885">
    <p class='ocr_par' dir='ltr' id='par_1_32' title="bbox 2267 1817 3771 1885">
     <span class='ocr_line' id='line_1_32' title="bbox 2267 1817 3771 1885; baseline -0.002 -14"><span class='ocrx_word' id='word_1_210' title='bbox 2267 1820 2386 1872; x_wconf 87' lang='lat' dir='ltr'><strong>ham</strong></span> <span class='ocrx_word' id='word_1_211' title='bbox 2438 1820 2683 1885; x_wconf 77' lang='lat' dir='ltr'><strong>comites,</strong></span> <span class='ocrx_word' id='word_1_212' title='bbox 2706 1820 3028 1874; x_wconf 84' lang='lat' dir='ltr'><strong>Othmanutu</strong></span> <span class='ocrx_word' id='word_1_213' title='bbox 3058 1817 3170 1872; x_wconf 78' lang='lat' dir='ltr'><strong>Ebn</strong></span> <span class='ocrx_word' id='word_1_214' title='bbox 3199 1820 3370 1879; x_wconf 82' lang='lat' dir='ltr'><strong>All&#39;an.</strong></span> <span class='ocrx_word' id='word_1_215' title='bbox 3397 1820 3533 1872; x_wconf 78' lang='lat' dir='ltr'><strong>Alint</strong></span> <span class='ocrx_word' id='word_1_216' title='bbox 3564 1818 3676 1871; x_wconf 83' lang='lat' dir='ltr'><strong>Ebn</strong></span> <span class='ocrx_word' id='word_1_217' title='bbox 3695 1817 3771 1870; x_wconf 88' lang='lat' dir='ltr'><strong>Abi</strong></span> 
     </span>
    </p>
   </div>
   <div class='ocr_carea' id='block_1_33' title="bbox 624 1893 3773 1975">
    <p class='ocr_par' dir='ltr' id='par_1_33' title="bbox 624 1893 3773 1975">
     <span class='ocr_line' id='line_1_33' title="bbox 624 1893 3773 1975; baseline 0.002 -22"><span class='ocrx_word' id='word_1_218' title='bbox 624 1903 819 1967; x_wconf 83' lang='lat' dir='ltr'><strong>palatia</strong></span> <span class='ocrx_word' id='word_1_219' title='bbox 868 1913 1054 1972; x_wconf 87' lang='lat' dir='ltr'><strong>quater</strong></span> <span class='ocrx_word' id='word_1_220' title='bbox 1088 1906 1265 1971; x_wconf 88' lang='lat' dir='ltr'><strong>mille;</strong></span> <span class='ocrx_word' id='word_1_221' title='bbox 1301 1906 1484 1961; x_wconf 78' lang='lat' dir='ltr'><strong>balnea</strong></span> <span class='ocrx_word' id='word_1_222' title='bbox 1509 1915 1699 1975; x_wconf 79' lang='lat' dir='ltr'><strong>quater</strong></span> <span class='ocrx_word' id='word_1_223' title='bbox 1736 1908 1915 1971; x_wconf 89' lang='lat' dir='ltr'><strong>mille;</strong></span> <span class='ocrx_word' id='word_1_224' title='bbox 1947 1907 2158 1961; x_wconf 66' lang='lat' dir='ltr'><strong>Juda&#39;o-</strong></span> <span class='ocrx_word' id='word_1_225' title='bbox 2197 1893 2235 1948; x_wconf 73' lang='grc' dir='ltr'><strong><em>Β</em></strong></span> <span class='ocrx_word' id='word_1_226' title='bbox 2265 1909 2468 1974; x_wconf 83' lang='lat' dir='ltr'><strong>Talebi,</strong></span> <span class='ocrx_word' id='word_1_227' title='bbox 2499 1906 2724 1963; x_wconf 85' lang='lat' dir='ltr'><strong>‘l&#39;album</strong></span> <span class='ocrx_word' id='word_1_228' title='bbox 2756 1910 3014 1962; x_wconf 81' lang='lat' dir='ltr'><strong>AlZobair</strong></span> <span class='ocrx_word' id='word_1_229' title='bbox 3063 1909 3228 1961; x_wconf 79' lang='lat' dir='ltr'><strong>Ebnol</strong></span> <span class='ocrx_word' id='word_1_230' title='bbox 3275 1911 3459 1968; x_wconf 79' lang='lat' dir='ltr'><strong>Aram,</strong></span> <span class='ocrx_word' id='word_1_231' title='bbox 3495 1904 3773 1958; x_wconf 79' lang='lat' dir='ltr'><strong>Abdorrait-</strong></span> 
     </span>
    </p>
   </div>
   <div class='ocr_carea' id='block_1_34' title="bbox 623 1986 2163 2069">
    <p class='ocr_par' dir='ltr' id='par_1_34' title="bbox 623 1986 2163 2069">
     <span class='ocr_line' id='line_1_34' title="bbox 623 1986 2163 2069; baseline 0.007 -27"><span class='ocrx_word' id='word_1_232' title='bbox 623 2009 739 2044; x_wconf 86' lang='lat' dir='ltr'><strong>ltltll</strong></span> <span class='ocrx_word' id='word_1_233' title='bbox 794 1993 886 2060; x_wconf 85' lang='lat' dir='ltr'><strong>qui</strong></span> <span class='ocrx_word' id='word_1_234' title='bbox 924 1994 1182 2048; x_wconf 89' lang='lat' dir='ltr'><strong>tributum</strong></span> <span class='ocrx_word' id='word_1_235' title='bbox 1210 1986 1792 2066; x_wconf 75' lang='lat' dir='ltr'><strong>solvuntquadraginta</strong></span> <span class='ocrx_word' id='word_1_236' title='bbox 1814 1996 2163 2069; x_wconf 73' lang='lat'><strong>317-319</strong></span> 
     </span>
    </p>
   </div>
   <div class='ocr_carea' id='block_1_35' title="bbox 623 2083 2158 2156">
    <p class='ocr_par' dir='ltr' id='par_1_35' title="bbox 623 2083 2158 2156">
     <span class='ocr_line' id='line_1_35' title="bbox 623 2083 2158 2156; baseline 0.003 -22"><span class='ocrx_word' id='word_1_237' title='bbox 623 2083 812 2146; x_wconf 86' lang='lat' dir='ltr'><strong>millia,</strong></span> <span class='ocrx_word' id='word_1_238' title='bbox 861 2083 1038 2138; x_wconf 83' lang='lat' dir='ltr'><strong>circ-os</strong></span> <span class='ocrx_word' id='word_1_239' title='bbox 1077 2085 1256 2153; x_wconf 80' lang='lat' dir='ltr'><strong>regios</strong></span> <span class='ocrx_word' id='word_1_240' title='bbox 1301 2087 1746 2154; x_wconf 75' lang='lat' dir='ltr'><strong>quadringentos,</strong></span> <span class='ocrx_word' id='word_1_241' title='bbox 1802 2087 2024 2142; x_wconf 85' lang='lat' dir='ltr'><strong>olitores</strong></span> <span class='ocrx_word' id='word_1_242' title='bbox 2067 2087 2158 2156; x_wconf 85' lang='lat' dir='ltr'><strong>qui</strong></span> 
     </span>
    </p>
   </div>
   <div class='ocr_carea' id='block_1_36' title="bbox 622 2172 2158 2245">
    <p class='ocr_par' dir='ltr' id='par_1_36' title="bbox 622 2172 2158 2245">
     <span class='ocr_line' id='line_1_36' title="bbox 622 2172 2158 2245; baseline 0.008 -27"><span class='ocrx_word' id='word_1_243' title='bbox 622 2172 765 2224; x_wconf 82' lang='lat' dir='ltr'><strong>olera</strong></span> <span class='ocrx_word' id='word_1_244' title='bbox 790 2172 1022 2226; x_wconf 83' lang='lat' dir='ltr'><strong>vendunt</strong></span> <span class='ocrx_word' id='word_1_245' title='bbox 1043 2173 1329 2228; x_wconf 78' lang='lat' dir='ltr'><strong>duodecies</strong></span> <span class='ocrx_word' id='word_1_246' title='bbox 1363 2177 1527 2233; x_wconf 89' lang='lat' dir='ltr'><strong>mille.</strong></span> <span class='ocrx_word' id='word_1_247' title='bbox 1558 2177 1732 2244; x_wconf 88' lang='lat' dir='ltr'><strong>ipsam</strong></span> <span class='ocrx_word' id='word_1_248' title='bbox 1781 2191 1908 2232; x_wconf 89' lang='lat' dir='ltr'><strong>vero</strong></span> <span class='ocrx_word' id='word_1_249' title='bbox 1941 2177 1992 2230; x_wconf 95' lang='lat' dir='ltr'><strong>vi</strong></span> <span class='ocrx_word' id='word_1_250' title='bbox 2019 2177 2158 2245; x_wconf 88' lang='lat' dir='ltr'><strong>cepi,</strong></span> 
     </span>
    </p>
   </div>
   <div class='ocr_carea' id='block_1_37' title="bbox 624 2261 2158 2335">
    <p class='ocr_par' dir='ltr' id='par_1_37' title="bbox 624 2261 2158 2335">
     <span class='ocr_line' id='line_1_37' title="bbox 624 2261 2158 2335; baseline 0.005 -25"><span class='ocrx_word' id='word_1_251' title='bbox 624 2261 774 2312; x_wconf 85' lang='lat' dir='ltr'><strong>nullo</strong></span> <span class='ocrx_word' id='word_1_252' title='bbox 808 2262 943 2314; x_wconf 84' lang='lat' dir='ltr'><strong>inito</strong></span> <span class='ocrx_word' id='word_1_253' title='bbox 995 2273 1174 2331; x_wconf 86' lang='lat' dir='ltr'><strong>pacto.</strong></span> <span class='ocrx_word' id='word_1_254' title='bbox 1213 2263 1509 2318; x_wconf 80' lang='lat' dir='ltr'><strong>Certiorem</strong></span> <span class='ocrx_word' id='word_1_255' title='bbox 1566 2267 1726 2320; x_wconf 89' lang='lat' dir='ltr'><strong>ctiam</strong></span> <span class='ocrx_word' id='word_1_256' title='bbox 1783 2267 1979 2335; x_wconf 87' lang='lat' dir='ltr'><strong>ipsum</strong></span> <span class='ocrx_word' id='word_1_257' title='bbox 2015 2265 2158 2328; x_wconf 70' lang='lat' dir='ltr'><strong>fecit;</strong></span> 
     </span>
    </p>
   </div>
   <div class='ocr_carea' id='block_1_38' title="bbox 626 2350 2156 2423">
    <p class='ocr_par' dir='ltr' id='par_1_38' title="bbox 626 2350 2156 2423">
     <span class='ocr_line' id='line_1_38' title="bbox 626 2350 2156 2423; baseline 0.006 -22"><span class='ocrx_word' id='word_1_258' title='bbox 626 2364 848 2416; x_wconf 74' lang='lat' dir='ltr'><strong>poscere</strong></span> <span class='ocrx_word' id='word_1_259' title='bbox 883 2350 1233 2407; x_wconf 80' lang='lat' dir='ltr'><strong>Mosleminos</strong></span> <span class='ocrx_word' id='word_1_260' title='bbox 1264 2356 1434 2423; x_wconf 87' lang='lat' dir='ltr'><strong>ipsam</strong></span> <span class='ocrx_word' id='word_1_261' title='bbox 1484 2356 1586 2409; x_wconf 89' lang='lat' dir='ltr'><strong>sibi</strong></span> <span class='ocrx_word' id='word_1_262' title='bbox 1641 2356 2008 2410; x_wconf 82' lang='lat' dir='ltr'><strong>dividendam.</strong></span> <span class='ocrx_word' id='word_1_263' title='bbox 2059 2356 2156 2410; x_wconf 90' lang='lat' dir='ltr'><strong>Cui</strong></span> 
     </span>
    </p>
   </div>
   <div class='ocr_carea' id='block_1_39' title="bbox 627 2439 2158 2514">
    <p class='ocr_par' dir='ltr' id='par_1_39' title="bbox 627 2439 2158 2514">
     <span class='ocr_line' id='line_1_39' title="bbox 627 2439 2158 2514; baseline 0.007 -27"><span class='ocrx_word' id='word_1_264' title='bbox 627 2439 930 2494; x_wconf 82' lang='lat' dir='ltr'><strong>rescribcns</strong></span> <span class='ocrx_word' id='word_1_265' title='bbox 961 2439 1125 2496; x_wconf 89' lang='lat' dir='ltr'><strong>Omar</strong></span> <span class='ocrx_word' id='word_1_266' title='bbox 1153 2441 1341 2496; x_wconf 83' lang='lat' dir='ltr'><strong>Ebnol‘</strong></span> <span class='ocrx_word' id='word_1_267' title='bbox 1372 2444 1617 2507; x_wconf 85' lang='lat' dir='ltr'><strong>Chetabi,</strong></span> <span class='ocrx_word' id='word_1_268' title='bbox 1667 2445 1956 2499; x_wconf 88' lang='lat' dir='ltr'><strong>consilium</strong></span> <span class='ocrx_word' id='word_1_269' title='bbox 1990 2443 2158 2514; x_wconf 78' lang='lat' dir='ltr'><strong>ipsius</strong></span> 
     </span>
    </p>
   </div>
   <div class='ocr_carea' id='block_1_40' title="bbox 625 2528 2155 2605">
    <p class='ocr_par' dir='ltr' id='par_1_40' title="bbox 625 2528 2155 2605">
     <span class='ocr_line' id='line_1_40' title="bbox 625 2528 2155 2605; baseline 0.005 -27"><span class='ocrx_word' id='word_1_270' title='bbox 625 2528 968 2596; x_wconf 80' lang='lat' dir='ltr'><strong>improbavit.</strong></span> <span class='ocrx_word' id='word_1_271' title='bbox 1008 2529 1276 2598; x_wconf 79' lang='lat' dir='ltr'><strong>jussitque</strong></span> <span class='ocrx_word' id='word_1_272' title='bbox 1317 2546 1384 2584; x_wconf 89' lang='lat' dir='ltr'><strong>ne</strong></span> <span class='ocrx_word' id='word_1_273' title='bbox 1418 2533 1588 2602; x_wconf 84' lang='lat' dir='ltr'><strong>ipsam</strong></span> <span class='ocrx_word' id='word_1_274' title='bbox 1623 2533 1728 2588; x_wconf 88' lang='lat' dir='ltr'><strong>illis</strong></span> <span class='ocrx_word' id='word_1_275' title='bbox 1774 2532 2155 2605; x_wconf 81' lang='lat' dir='ltr'><strong>[spoliandam]</strong></span> 
     </span>
    </p>
   </div>
   <div class='ocr_carea' id='block_1_41' title="bbox 625 2619 2157 2694">
    <p class='ocr_par' dir='ltr' id='par_1_41' title="bbox 625 2619 2157 2694">
     <span class='ocr_line' id='line_1_41' title="bbox 625 2619 2157 2694; baseline 0.007 -28"><span class='ocrx_word' id='word_1_276' title='bbox 625 2619 954 2676; x_wconf 80' lang='lat' dir='ltr'><strong>permitteret</strong></span> <span class='ocrx_word' id='word_1_277' title='bbox 989 2629 1084 2672; x_wconf 88' lang='lat' dir='ltr'><strong>aut</strong></span> <span class='ocrx_word' id='word_1_278' title='bbox 1111 2619 1400 2684; x_wconf 82' lang='lat' dir='ltr'><strong>divideret,</strong></span> <span class='ocrx_word' id='word_1_279' title='bbox 1430 2638 1618 2676; x_wconf 85' lang='lat' dir='ltr'><strong>verum</strong></span> <span class='ocrx_word' id='word_1_280' title='bbox 1655 2624 1879 2694; x_wconf 72' lang='lat' dir='ltr'><strong>vectigal</strong></span> <span class='ocrx_word' id='word_1_281' title='bbox 1913 2623 2079 2692; x_wconf 88' lang='lat' dir='ltr'><strong>ipsius</strong></span> <span class='ocrx_word' id='word_1_282' title='bbox 2104 2624 2157 2677; x_wconf 85' lang='lat' dir='ltr'><strong>in</strong></span> 
     </span>
    </p>
   </div>
   <div class='ocr_carea' id='block_1_42' title="bbox 624 2708 2156 2782">
    <p class='ocr_par' dir='ltr' id='par_1_42' title="bbox 624 2708 2156 2782">
     <span class='ocr_line' id='line_1_42' title="bbox 624 2708 2156 2782; baseline 0.006 -25"><span class='ocrx_word' id='word_1_283' title='bbox 624 2708 740 2776; x_wconf 81' lang='lat' dir='ltr'><strong>ipsa</strong></span> <span class='ocrx_word' id='word_1_284' title='bbox 769 2708 1102 2765; x_wconf 80' lang='lat' dir='ltr'><strong>Mosleminis</strong></span> <span class='ocrx_word' id='word_1_285' title='bbox 1145 2711 1494 2782; x_wconf 85' lang='lat' dir='ltr'><strong>relinqueret,</strong></span> <span class='ocrx_word' id='word_1_286' title='bbox 1526 2727 1630 2782; x_wconf 89' lang='lat' dir='ltr'><strong>quo</strong></span> <span class='ocrx_word' id='word_1_287' title='bbox 1663 2713 1908 2768; x_wconf 87' lang='lat' dir='ltr'><strong>subsidio</strong></span> <span class='ocrx_word' id='word_1_288' title='bbox 1939 2713 2074 2782; x_wconf 85' lang='lat' dir='ltr'><strong>ipsis</strong></span> <span class='ocrx_word' id='word_1_289' title='bbox 2105 2715 2156 2766; x_wconf 92' lang='lat' dir='ltr'><strong>in</strong></span> 
     </span>
    </p>
   </div>
   <div class='ocr_carea' id='block_1_43' title="bbox 621 2801 2160 2874">
    <p class='ocr_par' dir='ltr' id='par_1_43' title="bbox 621 2801 2160 2874">
     <span class='ocr_line' id='line_1_43' title="bbox 621 2801 2160 2874; baseline 0.006 -26"><span class='ocrx_word' id='word_1_290' title='bbox 621 2801 992 2868; x_wconf 73' lang='lat' dir='ltr'><strong>oppugnandis</strong></span> <span class='ocrx_word' id='word_1_291' title='bbox 1046 2801 1294 2874; x_wconf 82' lang='lat' dir='ltr'><strong>hostibus</strong></span> <span class='ocrx_word' id='word_1_292' title='bbox 1335 2813 1505 2858; x_wconf 90' lang='lat' dir='ltr'><strong>esset.</strong></span> <span class='ocrx_word' id='word_1_293' title='bbox 1557 2804 1685 2857; x_wconf 82' lang='lat' dir='ltr'><strong>Eam</strong></span> <span class='ocrx_word' id='word_1_294' title='bbox 1733 2819 1862 2874; x_wconf 72' lang='lat' dir='ltr'><strong>ergo</strong></span> <span class='ocrx_word' id='word_1_295' title='bbox 1910 2812 2018 2872; x_wconf 87' lang='lat' dir='ltr'><strong>quo</strong></span> <span class='ocrx_word' id='word_1_296' title='bbox 2048 2815 2160 2857; x_wconf 83' lang='lat' dir='ltr'><strong>erat</strong></span> 
     </span>
    </p>
   </div>
   <div class='ocr_carea' id='block_1_44' title="bbox 623 2869 2162 2962">
    <p class='ocr_par' dir='ltr' id='par_1_44' title="bbox 623 2869 2162 2962">
     <span class='ocr_line' id='line_1_44' title="bbox 623 2869 2162 2962; baseline 0.003 -22"><span class='ocrx_word' id='word_1_297' title='bbox 623 2899 764 2942; x_wconf 64' lang='lat' dir='ltr'><strong>statu</strong></span> <span class='ocrx_word' id='word_1_298' title='bbox 794 2869 1132 2946; x_wconf 73' lang='lat' dir='ltr'><strong>confirmavit</strong></span> <span class='ocrx_word' id='word_1_299' title='bbox 1162 2893 1383 2956; x_wconf 85' lang='lat' dir='ltr'><strong>Amrus,</strong></span> <span class='ocrx_word' id='word_1_300' title='bbox 1412 2895 1816 2962; x_wconf 76' lang='lat' dir='ltr'><strong>numeratisque</strong></span> <span class='ocrx_word' id='word_1_301' title='bbox 1847 2895 2038 2950; x_wconf 72' lang='lat' dir='ltr'><strong>incolis</strong></span> <span class='ocrx_word' id='word_1_302' title='bbox 2072 2896 2162 2945; x_wconf 83' lang='lat' dir='ltr'><strong>tri-</strong></span> 
     </span>
    </p>
   </div>
   <div class='ocr_carea' id='block_1_45' title="bbox 629 2983 2159 3055">
    <p class='ocr_par' dir='ltr' id='par_1_45' title="bbox 629 2983 2159 3055">
     <span class='ocr_line' id='line_1_45' title="bbox 629 2983 2159 3055; baseline 0.004 -25"><span class='ocrx_word' id='word_1_303' title='bbox 629 2983 811 3035; x_wconf 83' lang='lat' dir='ltr'><strong>butum</strong></span> <span class='ocrx_word' id='word_1_304' title='bbox 851 2983 978 3051; x_wconf 82' lang='lat' dir='ltr'><strong>ipsis</strong></span> <span class='ocrx_word' id='word_1_305' title='bbox 1027 2983 1300 3051; x_wconf 86' lang='lat' dir='ltr'><strong>imposuit.</strong></span> <span class='ocrx_word' id='word_1_306' title='bbox 1340 2985 1506 3038; x_wconf 85' lang='lat' dir='ltr'><strong>Porro</strong></span> <span class='ocrx_word' id='word_1_307' title='bbox 1536 2985 1795 3055; x_wconf 60' lang='lat' dir='ltr'><strong>Egyptus</strong></span> <span class='ocrx_word' id='word_1_308' title='bbox 1827 2985 2075 3039; x_wconf 88' lang='lat' dir='ltr'><strong>universa</strong></span> <span class='ocrx_word' id='word_1_309' title='bbox 2108 2984 2159 3036; x_wconf 93' lang='lat' dir='ltr'><strong>iu</strong></span> 
     </span>
    </p>
   </div>
   <div class='ocr_carea' id='block_1_46' title="bbox 627 3074 2160 3143">
    <p class='ocr_par' dir='ltr' id='par_1_46' title="bbox 627 3074 2160 3143">
     <span class='ocr_line' id='line_1_46' title="bbox 627 3074 2160 3143; baseline 0.004 -20"><span class='ocrx_word' id='word_1_310' title='bbox 627 3074 801 3127; x_wconf 66' lang='lat' dir='ltr'><strong>i&#39;iedus</strong></span> <span class='ocrx_word' id='word_1_311' title='bbox 835 3084 1043 3143; x_wconf 88' lang='lat' dir='ltr'><strong>recepta</strong></span> <span class='ocrx_word' id='word_1_312' title='bbox 1097 3075 1218 3137; x_wconf 87' lang='lat' dir='ltr'><strong>fuit,</strong></span> <span class='ocrx_word' id='word_1_313' title='bbox 1266 3075 1472 3130; x_wconf 89' lang='lat' dir='ltr'><strong>tributo</strong></span> <span class='ocrx_word' id='word_1_314' title='bbox 1522 3077 1770 3131; x_wconf 88' lang='lat' dir='ltr'><strong>binorum</strong></span> <span class='ocrx_word' id='word_1_315' title='bbox 1817 3089 2100 3131; x_wconf 75' lang='lat' dir='ltr'><strong>aureorum</strong></span> <span class='ocrx_word' id='word_1_316' title='bbox 2131 3090 2160 3129; x_wconf 93' lang='lat' dir='ltr'><strong>a</strong></span> 
     </span>
    </p>
   </div>
   <div class='ocr_carea' id='block_1_47' title="bbox 623 3164 2162 3236">
    <p class='ocr_par' dir='ltr' id='par_1_47' title="bbox 623 3164 2162 3236">
     <span class='ocr_line' id='line_1_47' title="bbox 623 3164 2162 3236; baseline 0.005 -24"><span class='ocrx_word' id='word_1_317' title='bbox 623 3164 851 3234; x_wconf 68' lang='lat' dir='ltr'><strong>singulis</strong></span> <span class='ocrx_word' id='word_1_318' title='bbox 909 3166 1229 3233; x_wconf 87' lang='lat' dir='ltr'><strong>pendendo;</strong></span> <span class='ocrx_word' id='word_1_319' title='bbox 1284 3182 1457 3236; x_wconf 88' lang='lat' dir='ltr'><strong>neque</strong></span> <span class='ocrx_word' id='word_1_320' title='bbox 1513 3167 1746 3234; x_wconf 87' lang='lat' dir='ltr'><strong>cuipiam</strong></span> <span class='ocrx_word' id='word_1_321' title='bbox 1801 3165 2030 3234; x_wconf 89' lang='lat' dir='ltr'><strong>amplius</strong></span> <span class='ocrx_word' id='word_1_322' title='bbox 2063 3180 2162 3235; x_wconf 92' lang='lat' dir='ltr'><strong>pro</strong></span> 
     </span>
    </p>
   </div>
   <div class='ocr_carea' id='block_1_48' title="bbox 625 3216 2237 3327">
    <p class='ocr_par' dir='ltr' id='par_1_48' title="bbox 625 3216 2237 3327">
     <span class='ocr_line' id='line_1_48' title="bbox 625 3216 2237 3327; baseline 0.001 -19"><span class='ocrx_word' id='word_1_323' title='bbox 625 3216 799 3324; x_wconf 57' lang='lat' dir='ltr'><strong>capite</strong></span> <span class='ocrx_word' id='word_1_324' title='bbox 826 3216 932 3310; x_wconf 67' lang='lat' dir='ltr'><strong>sui;</strong></span> <span class='ocrx_word' id='word_1_325' title='bbox 951 3216 1263 3312; x_wconf 78' lang='lat' dir='ltr'><strong>solvendum</strong></span> <span class='ocrx_word' id='word_1_326' title='bbox 1721 3216 2025 3325; x_wconf 6' lang='lat' dir='ltr'><strong>C(nis—irubi</strong></span> <span class='ocrx_word' id='word_1_327' title='bbox 2194 3216 2237 3277; x_wconf 65' lang='grc' dir='ltr'>Ο</span> 
     </span>
    </p>
   </div>
   <div class='ocr_carea' id='block_1_49' title="bbox 620 3347 2162 3418">
    <p class='ocr_par' dir='ltr' id='par_1_49' title="bbox 620 3347 2162 3418">
     <span class='ocr_line' id='line_1_49' title="bbox 620 3347 2162 3418; baseline 0.003 -23"><span class='ocrx_word' id='word_1_328' title='bbox 620 3347 878 3411; x_wconf 74' lang='lat' dir='ltr'><strong>jlceretur</strong></span> <span class='ocrx_word' id='word_1_329' title='bbox 932 3347 1160 3416; x_wconf 88' lang='lat' dir='ltr'><strong>aliquid,</strong></span> <span class='ocrx_word' id='word_1_330' title='bbox 1205 3363 1364 3417; x_wconf 83' lang='lat' dir='ltr'><strong>etque</strong></span> <span class='ocrx_word' id='word_1_331' title='bbox 1418 3349 1786 3418; x_wconf 86' lang='lat' dir='ltr'><strong>imponeretur</strong></span> <span class='ocrx_word' id='word_1_332' title='bbox 1823 3347 2029 3402; x_wconf 83' lang='lat' dir='ltr'><strong>ratione</strong></span> <span class='ocrx_word' id='word_1_333' title='bbox 2059 3357 2162 3402; x_wconf 82' lang='lat' dir='ltr'><strong>ter-</strong></span> 
     </span>
    </p>
   </div>
   <div class='ocr_carea' id='block_1_50' title="bbox 625 3436 2165 3508">
    <p class='ocr_par' dir='ltr' id='par_1_50' title="bbox 625 3436 2165 3508">
     <span class='ocr_line' id='line_1_50' title="bbox 625 3436 2165 3508; baseline -0.001 -18"><span class='ocrx_word' id='word_1_334' title='bbox 625 3452 801 3490; x_wconf 81' lang='lat' dir='ltr'><strong>rarum</strong></span> <span class='ocrx_word' id='word_1_335' title='bbox 832 3445 883 3491; x_wconf 89' lang='lat' dir='ltr'><strong>et</strong></span> <span class='ocrx_word' id='word_1_336' title='bbox 913 3436 1123 3506; x_wconf 73' lang='lat' dir='ltr'><strong>frugum</strong></span> <span class='ocrx_word' id='word_1_337' title='bbox 1151 3452 1283 3506; x_wconf 88' lang='lat' dir='ltr'><strong>quas</strong></span> <span class='ocrx_word' id='word_1_338' title='bbox 1307 3437 1817 3508; x_wconf 73' lang='lat' dir='ltr'><strong>itaberet).exceptis</strong></span> <span class='ocrx_word' id='word_1_339' title='bbox 1833 3436 2165 3491; x_wconf 65' lang='lat' dir='ltr'><strong>Alexandria:</strong></span> 
     </span>
    </p>
   </div>
   <div class='ocr_carea' id='block_1_51' title="bbox 629 3528 2166 3597">
    <p class='ocr_par' dir='ltr' id='par_1_51' title="bbox 629 3528 2166 3597">
     <span class='ocr_line' id='line_1_51' title="bbox 629 3528 2166 3597; baseline 0.001 -20"><span class='ocrx_word' id='word_1_340' title='bbox 629 3528 857 3583; x_wconf 80' lang='lat' dir='ltr'><strong>incolis:</strong></span> <span class='ocrx_word' id='word_1_341' title='bbox 896 3530 971 3581; x_wconf 90' lang='lat' dir='ltr'><strong>illi</strong></span> <span class='ocrx_word' id='word_1_342' title='bbox 1014 3529 1160 3584; x_wconf 90' lang='lat' dir='ltr'><strong>enim</strong></span> <span class='ocrx_word' id='word_1_343' title='bbox 1209 3529 1434 3597; x_wconf 73' lang='lat' dir='ltr'><strong>vectigal</strong></span> <span class='ocrx_word' id='word_1_344' title='bbox 1487 3545 1549 3584; x_wconf 88' lang='lat' dir='ltr'><strong>ac</strong></span> <span class='ocrx_word' id='word_1_345' title='bbox 1582 3531 1841 3586; x_wconf 89' lang='lat' dir='ltr'><strong>tributum</strong></span> <span class='ocrx_word' id='word_1_346' title='bbox 1897 3529 1962 3583; x_wconf 90' lang='lat' dir='ltr'><strong>ad</strong></span> <span class='ocrx_word' id='word_1_347' title='bbox 2018 3528 2166 3581; x_wconf 81' lang='lat' dir='ltr'><strong>arbi-</strong></span> 
     </span>
    </p>
   </div>
   <div class='ocr_carea' id='block_1_52' title="bbox 628 3617 2166 3688">
    <p class='ocr_par' dir='ltr' id='par_1_52' title="bbox 628 3617 2166 3688">
     <span class='ocr_line' id='line_1_52' title="bbox 628 3617 2166 3688; baseline 0.001 -20"><span class='ocrx_word' id='word_1_348' title='bbox 628 3619 787 3671; x_wconf 78' lang='lat' dir='ltr'><strong>trium</strong></span> <span class='ocrx_word' id='word_1_349' title='bbox 822 3617 939 3686; x_wconf 76' lang='lat' dir='ltr'><strong>ejus</strong></span> <span class='ocrx_word' id='word_1_350' title='bbox 968 3619 1057 3686; x_wconf 91' lang='lat' dir='ltr'><strong>qui</strong></span> <span class='ocrx_word' id='word_1_351' title='bbox 1101 3618 1253 3686; x_wconf 70' lang='lat' dir='ltr'><strong>ipsis‘</strong></span> <span class='ocrx_word' id='word_1_352' title='bbox 1274 3619 1670 3688; x_wconf 58' lang='lat' dir='ltr'><strong>prarficiebatur</strong></span> <span class='ocrx_word' id='word_1_353' title='bbox 1705 3619 2031 3687; x_wconf 88' lang='lat' dir='ltr'><strong>pendebant.</strong></span> <span class='ocrx_word' id='word_1_354' title='bbox 2064 3617 2166 3672; x_wconf 77' lang='lat' dir='ltr'><strong>Ca-</strong></span> 
     </span>
    </p>
   </div>
   <div class='ocr_carea' id='block_1_53' title="bbox 629 3709 2163 3778">
    <p class='ocr_par' dir='ltr' id='par_1_53' title="bbox 629 3709 2163 3778">
     <span class='ocr_line' id='line_1_53' title="bbox 629 3709 2163 3778; baseline -0.003 -14"><span class='ocrx_word' id='word_1_355' title='bbox 629 3721 713 3776; x_wconf 82' lang='lat' dir='ltr'><strong>pta</strong></span> <span class='ocrx_word' id='word_1_356' title='bbox 742 3717 824 3763; x_wconf 89' lang='lat' dir='ltr'><strong>est</strong></span> <span class='ocrx_word' id='word_1_357' title='bbox 847 3709 1118 3777; x_wconf 87' lang='lat' dir='ltr'><strong>siquidem</strong></span> <span class='ocrx_word' id='word_1_358' title='bbox 1154 3709 1481 3764; x_wconf 77' lang='lat' dir='ltr'><strong>Alexandria</strong></span> <span class='ocrx_word' id='word_1_359' title='bbox 1511 3710 1587 3772; x_wconf 88' lang='lat' dir='ltr'><strong>vi,</strong></span> <span class='ocrx_word' id='word_1_360' title='bbox 1621 3711 1740 3764; x_wconf 86' lang='lat' dir='ltr'><strong>sine</strong></span> <span class='ocrx_word' id='word_1_361' title='bbox 1773 3709 2039 3778; x_wconf 89' lang='lat' dir='ltr'><strong>promisso</strong></span> <span class='ocrx_word' id='word_1_362' title='bbox 2069 3716 2163 3761; x_wconf 85' lang='lat' dir='ltr'><strong>aut</strong></span> 
     </span>
    </p>
   </div>
   <div class='ocr_carea' id='block_1_54' title="bbox 627 3799 2164 3870">
    <p class='ocr_par' dir='ltr' id='par_1_54' title="bbox 627 3799 2164 3870">
     <span class='ocr_line' id='line_1_54' title="bbox 627 3799 2164 3870; baseline 0.001 -21"><span class='ocrx_word' id='word_1_363' title='bbox 627 3805 798 3868; x_wconf 80' lang='lat' dir='ltr'><strong>pactis</strong></span> <span class='ocrx_word' id='word_1_364' title='bbox 828 3801 1128 3863; x_wconf 88' lang='lat' dir='ltr'><strong>conventis,</strong></span> <span class='ocrx_word' id='word_1_365' title='bbox 1157 3801 1308 3855; x_wconf 91' lang='lat' dir='ltr'><strong>nullo</strong></span> <span class='ocrx_word' id='word_1_366' title='bbox 1333 3815 1456 3855; x_wconf 90' lang='lat' dir='ltr'><strong>cum</strong></span> <span class='ocrx_word' id='word_1_367' title='bbox 1494 3801 1626 3870; x_wconf 84' lang='lat' dir='ltr'><strong>ipsis</strong></span> <span class='ocrx_word' id='word_1_368' title='bbox 1675 3802 1811 3855; x_wconf 87' lang='lat' dir='ltr'><strong>inito</strong></span> <span class='ocrx_word' id='word_1_369' title='bbox 1838 3799 2039 3855; x_wconf 74' lang='lat' dir='ltr'><strong>foedere</strong></span> <span class='ocrx_word' id='word_1_370' title='bbox 2073 3808 2164 3852; x_wconf 90' lang='lat' dir='ltr'><strong>aut</strong></span> 
     </span>
    </p>
   </div>
   <div class='ocr_carea' id='block_1_55' title="bbox 627 3890 2165 3962">
    <p class='ocr_par' dir='ltr' id='par_1_55' title="bbox 627 3890 2165 3962">
     <span class='ocr_line' id='line_1_55' title="bbox 627 3890 2165 3962; baseline -0.001 -18"><span class='ocrx_word' id='word_1_371' title='bbox 627 3891 943 3959; x_wconf 79' lang='lat' dir='ltr'><strong>sponsione.</strong></span> <span class='ocrx_word' id='word_1_372' title='bbox 1004 3891 1171 3962; x_wconf 90' lang='lat' dir='ltr'><strong>Capta</strong></span> <span class='ocrx_word' id='word_1_373' title='bbox 1239 3901 1416 3948; x_wconf 88' lang='lat' dir='ltr'><strong>autem</strong></span> <span class='ocrx_word' id='word_1_374' title='bbox 1464 3900 1548 3948; x_wconf 84' lang='lat' dir='ltr'><strong>est</strong></span> <span class='ocrx_word' id='word_1_375' title='bbox 1600 3893 1686 3946; x_wconf 92' lang='lat' dir='ltr'><strong>die</strong></span> <span class='ocrx_word' id='word_1_376' title='bbox 1746 3890 1968 3952; x_wconf 82' lang='lat' dir='ltr'><strong>Veneris</strong></span> <span class='ocrx_word' id='word_1_377' title='bbox 2017 3904 2165 3943; x_wconf 81' lang='lat' dir='ltr'><strong>meu-</strong></span> 
     </span>
    </p>
   </div>
   <div class='ocr_carea' id='block_1_56' title="bbox 623 3982 2164 4045">
    <p class='ocr_par' dir='ltr' id='par_1_56' title="bbox 623 3982 2164 4045">
     <span class='ocr_line' id='line_1_56' title="bbox 623 3982 2164 4045; baseline -0.001 -11"><span class='ocrx_word' id='word_1_378' title='bbox 623 3984 699 4036; x_wconf 86' lang='lat' dir='ltr'><strong>sis</strong></span> <span class='ocrx_word' id='word_1_379' title='bbox 751 3982 1050 4036; x_wconf 81' lang='lat' dir='ltr'><strong>Moltarram</strong></span> <span class='ocrx_word' id='word_1_380' title='bbox 1108 3983 1408 4045; x_wconf 88' lang='lat' dir='ltr'><strong>novilunio.</strong></span> <span class='ocrx_word' id='word_1_381' title='bbox 1457 3997 1602 4037; x_wconf 90' lang='lat' dir='ltr'><strong>anno</strong></span> <span class='ocrx_word' id='word_1_382' title='bbox 1671 3982 1845 4038; x_wconf 72' lang='lat' dir='ltr'><strong>Helm</strong></span> <span class='ocrx_word' id='word_1_383' title='bbox 1887 3983 2164 4044; x_wconf 85' lang='lat' dir='ltr'><strong>vicesimo,</strong></span> 
     </span>
    </p>
   </div>
   <div class='ocr_carea' id='block_1_57' title="bbox 626 4071 2167 4143">
    <p class='ocr_par' dir='ltr' id='par_1_57' title="bbox 626 4071 2167 4143">
     <span class='ocr_line' id='line_1_57' title="bbox 626 4071 2167 4143; baseline 0 -19"><span class='ocrx_word' id='word_1_384' title='bbox 626 4086 726 4126; x_wconf 89' lang='lat' dir='ltr'><strong>nec</strong></span> <span class='ocrx_word' id='word_1_385' title='bbox 759 4087 866 4127; x_wconf 90' lang='lat' dir='ltr'><strong>non</strong></span> <span class='ocrx_word' id='word_1_386' title='bbox 917 4073 1124 4143; x_wconf 90' lang='lat' dir='ltr'><strong>imperii</strong></span> <span class='ocrx_word' id='word_1_387' title='bbox 1153 4073 1383 4138; x_wconf 82' lang='lat' dir='ltr'><strong>lleraclii</strong></span> <span class='ocrx_word' id='word_1_388' title='bbox 1437 4073 1718 4137; x_wconf 81' lang='lat' dir='ltr'><strong>vicesimo.</strong></span> <span class='ocrx_word' id='word_1_389' title='bbox 1753 4073 1844 4141; x_wconf 89' lang='lat' dir='ltr'><strong>qui</strong></span> <span class='ocrx_word' id='word_1_390' title='bbox 1877 4071 2167 4128; x_wconf 85' lang='lat' dir='ltr'><strong>cbalifatus</strong></span> 
     </span>
    </p>
   </div>
   <div class='ocr_carea' id='block_1_58' title="bbox 623 4161 2169 4219">
    <p class='ocr_par' dir='ltr' id='par_1_58' title="bbox 623 4161 2169 4219">
     <span class='ocr_line' id='line_1_58' title="bbox 623 4161 2169 4219; baseline -0.001 -3"><span class='ocrx_word' id='word_1_391' title='bbox 623 4163 806 4216; x_wconf 87' lang='lat' dir='ltr'><strong>Omari</strong></span> <span class='ocrx_word' id='word_1_392' title='bbox 860 4163 1029 4219; x_wconf 79' lang='lat' dir='ltr'><strong>Ebnol</strong></span> <span class='ocrx_word' id='word_1_393' title='bbox 1080 4163 1305 4219; x_wconf 89' lang='lat' dir='ltr'><strong>Cbetabi</strong></span> <span class='ocrx_word' id='word_1_394' title='bbox 1358 4174 1583 4219; x_wconf 86' lang='lat' dir='ltr'><strong>octavus</strong></span> <span class='ocrx_word' id='word_1_395' title='bbox 1633 4165 1755 4218; x_wconf 88' lang='lat' dir='ltr'><strong>fuit.</strong></span> <span class='ocrx_word' id='word_1_396' title='bbox 1805 4162 1976 4217; x_wconf 87' lang='lat' dir='ltr'><strong>Porro</strong></span> <span class='ocrx_word' id='word_1_397' title='bbox 2023 4161 2169 4215; x_wconf 91' lang='lat' dir='ltr'><strong>misit</strong></span> 
     </span>
    </p>
   </div>
   <div class='ocr_carea' id='block_1_59' title="bbox 620 4252 2166 4324">
    <p class='ocr_par' dir='ltr' id='par_1_59' title="bbox 620 4252 2166 4324">
     <span class='ocr_line' id='line_1_59' title="bbox 620 4252 2166 4324; baseline -0.003 -14"><span class='ocrx_word' id='word_1_398' title='bbox 620 4257 820 4310; x_wconf 80' lang='lat' dir='ltr'><strong>Amrus</strong></span> <span class='ocrx_word' id='word_1_399' title='bbox 859 4254 1032 4310; x_wconf 84' lang='lat' dir='ltr'><strong>Ebnol</strong></span> <span class='ocrx_word' id='word_1_400' title='bbox 1059 4257 1178 4317; x_wconf 86' lang='lat' dir='ltr'><strong>Asi,</strong></span> <span class='ocrx_word' id='word_1_401' title='bbox 1210 4254 1448 4310; x_wconf 83' lang='lat' dir='ltr'><strong>Bokbam</strong></span> <span class='ocrx_word' id='word_1_402' title='bbox 1504 4254 1618 4311; x_wconf 83' lang='lat' dir='ltr'><strong>Ebn</strong></span> <span class='ocrx_word' id='word_1_403' title='bbox 1651 4254 1855 4324; x_wconf 78' lang='lat' dir='ltr'><strong>Napbei</strong></span> <span class='ocrx_word' id='word_1_404' title='bbox 1911 4252 2166 4307; x_wconf 82' lang='lat' dir='ltr'><strong>Zavriiam</strong></span> 
     </span>
    </p>
   </div>
   <div class='ocr_carea' id='block_1_60' title="bbox 625 4341 2169 4417">
    <p class='ocr_par' dir='ltr' id='par_1_60' title="bbox 625 4341 2169 4417">
     <span class='ocr_line' id='line_1_60' title="bbox 625 4341 2169 4417; baseline -0.004 -17"><span class='ocrx_word' id='word_1_405' title='bbox 625 4361 814 4417; x_wconf 87' lang='lat' dir='ltr'><strong>usque,</strong></span> <span class='ocrx_word' id='word_1_406' title='bbox 849 4357 1009 4415; x_wconf 85' lang='lat' dir='ltr'><strong>atque</strong></span> <span class='ocrx_word' id='word_1_407' title='bbox 1053 4347 1123 4401; x_wconf 92' lang='lat' dir='ltr'><strong>ita</strong></span> <span class='ocrx_word' id='word_1_408' title='bbox 1160 4345 1422 4416; x_wconf 89' lang='lat' dir='ltr'><strong>quidquid</strong></span> <span class='ocrx_word' id='word_1_409' title='bbox 1473 4346 1613 4400; x_wconf 89' lang='lat' dir='ltr'><strong>inter</strong></span> <span class='ocrx_word' id='word_1_410' title='bbox 1647 4343 1876 4398; x_wconf 80' lang='lat' dir='ltr'><strong>Barkam</strong></span> <span class='ocrx_word' id='word_1_411' title='bbox 1914 4351 1967 4399; x_wconf 89' lang='lat' dir='ltr'><strong>et</strong></span> <span class='ocrx_word' id='word_1_412' title='bbox 1993 4341 2169 4396; x_wconf 78' lang='lat' dir='ltr'><strong>Zawi-</strong></span> 
     </span>
    </p>
   </div>
   <div class='ocr_carea' id='block_1_61' title="bbox 622 4431 2164 4504">
    <p class='ocr_par' dir='ltr' id='par_1_61' title="bbox 622 4431 2164 4504">
     <span class='ocr_line' id='line_1_61' title="bbox 622 4431 2164 4504; baseline -0.003 -16"><span class='ocrx_word' id='word_1_413' title='bbox 622 4438 724 4489; x_wconf 84' lang='lat' dir='ltr'><strong>tam</strong></span> <span class='ocrx_word' id='word_1_414' title='bbox 750 4442 832 4491; x_wconf 86' lang='lat' dir='ltr'><strong>est</strong></span> <span class='ocrx_word' id='word_1_415' title='bbox 880 4450 1045 4504; x_wconf 82' lang='lat' dir='ltr'><strong>penes</strong></span> <span class='ocrx_word' id='word_1_416' title='bbox 1096 4433 1404 4490; x_wconf 76' lang='lat' dir='ltr'><strong>Mosiemios</strong></span> <span class='ocrx_word' id='word_1_417' title='bbox 1458 4433 1582 4498; x_wconf 88' lang='lat' dir='ltr'><strong>fuit,</strong></span> <span class='ocrx_word' id='word_1_418' title='bbox 1611 4447 1675 4489; x_wconf 88' lang='lat' dir='ltr'><strong>ac</strong></span> <span class='ocrx_word' id='word_1_419' title='bbox 1733 4443 1860 4488; x_wconf 88' lang='lat' dir='ltr'><strong>tunc</strong></span> <span class='ocrx_word' id='word_1_420' title='bbox 1907 4431 2164 4501; x_wconf 89' lang='lat' dir='ltr'><strong>temporis</strong></span> 
     </span>
    </p>
   </div>
   <div class='ocr_carea' id='block_1_62' title="bbox 2268 1994 3774 2062">
    <p class='ocr_par' dir='ltr' id='par_1_62' title="bbox 2268 1994 3774 2062">
     <span class='ocr_line' id='line_1_62' title="bbox 2268 1994 3774 2062; baseline -0.005 -11"><span class='ocrx_word' id='word_1_421' title='bbox 2268 2012 2390 2051; x_wconf 86' lang='lat' dir='ltr'><strong>man</strong></span> <span class='ocrx_word' id='word_1_422' title='bbox 2445 1997 2559 2052; x_wconf 81' lang='lat' dir='ltr'><strong>Ebn</strong></span> <span class='ocrx_word' id='word_1_423' title='bbox 2611 1997 2743 2062; x_wconf 86' lang='lat' dir='ltr'><strong>Orﬁ,</strong></span> <span class='ocrx_word' id='word_1_424' title='bbox 2804 1996 3064 2050; x_wconf 85' lang='lat' dir='ltr'><strong>AlZahari</strong></span> <span class='ocrx_word' id='word_1_425' title='bbox 3112 2006 3166 2051; x_wconf 91' lang='lat' dir='ltr'><strong>et</strong></span> <span class='ocrx_word' id='word_1_426' title='bbox 3203 1997 3434 2049; x_wconf 80' lang='lat' dir='ltr'><strong>Saadutn</strong></span> <span class='ocrx_word' id='word_1_427' title='bbox 3498 1996 3614 2049; x_wconf 75' lang='grc' dir='ltr'>εδει</span> <span class='ocrx_word' id='word_1_428' title='bbox 3678 1994 3774 2048; x_wconf 90' lang='lat' dir='ltr'><strong>Abii</strong></span> 
     </span>
    </p>
   </div>
   <div class='ocr_carea' id='block_1_63' title="bbox 2268 2085 3776 2155">
    <p class='ocr_par' dir='ltr' id='par_1_63' title="bbox 2268 2085 3776 2155">
     <span class='ocr_line' id='line_1_63' title="bbox 2268 2085 3776 2155; baseline -0.003 -11"><span class='ocrx_word' id='word_1_429' title='bbox 2268 2089 2524 2144; x_wconf 78' lang='lat' dir='ltr'><strong>Wakkas.</strong></span> <span class='ocrx_word' id='word_1_430' title='bbox 2561 2088 2746 2144; x_wconf 84' lang='lat' dir='ltr'><strong>Oravit</strong></span> <span class='ocrx_word' id='word_1_431' title='bbox 2794 2102 2893 2155; x_wconf 91' lang='lat' dir='ltr'><strong>pro</strong></span> <span class='ocrx_word' id='word_1_432' title='bbox 2921 2103 2986 2142; x_wconf 92' lang='lat' dir='ltr'><strong>eo</strong></span> <span class='ocrx_word' id='word_1_433' title='bbox 3034 2087 3200 2142; x_wconf 90' lang='lat' dir='ltr'><strong>Sahib</strong></span> <span class='ocrx_word' id='word_1_434' title='bbox 3247 2087 3511 2140; x_wconf 79' lang='lat' dir='ltr'><strong>AIRumi:</strong></span> <span class='ocrx_word' id='word_1_435' title='bbox 3557 2085 3776 2153; x_wconf 80' lang='lat' dir='ltr'><strong>sepultus</strong></span> 
     </span>
    </p>
   </div>
   <div class='ocr_carea' id='block_1_64' title="bbox 2265 2176 3775 2246">
    <p class='ocr_par' dir='ltr' id='par_1_64' title="bbox 2265 2176 3775 2246">
     <span class='ocr_line' id='line_1_64' title="bbox 2265 2176 3775 2246; baseline -0.007 -11"><span class='ocrx_word' id='word_1_436' title='bbox 2265 2190 2349 2235; x_wconf 84' lang='lat' dir='ltr'><strong>est</strong></span> <span class='ocrx_word' id='word_1_437' title='bbox 2379 2179 2559 2234; x_wconf 90' lang='lat' dir='ltr'><strong>eadem</strong></span> <span class='ocrx_word' id='word_1_438' title='bbox 2585 2178 2742 2232; x_wconf 89' lang='lat' dir='ltr'><strong>domo</strong></span> <span class='ocrx_word' id='word_1_439' title='bbox 2771 2178 2825 2230; x_wconf 90' lang='lat' dir='ltr'><strong>in</strong></span> <span class='ocrx_word' id='word_1_440' title='bbox 2849 2191 2953 2244; x_wconf 89' lang='lat' dir='ltr'><strong>qua</strong></span> <span class='ocrx_word' id='word_1_441' title='bbox 2980 2178 3222 2246; x_wconf 81' lang='lat' dir='ltr'><strong>sepultus</strong></span> <span class='ocrx_word' id='word_1_442' title='bbox 3252 2176 3775 2231; x_wconf 69' lang='lat' dir='ltr'><strong>fiteraulahommml.</strong></span> 
     </span>
    </p>
   </div>
   <div class='ocr_carea' id='block_1_65' title="bbox 2264 2267 3777 2336">
    <p class='ocr_par' dir='ltr' id='par_1_65' title="bbox 2264 2267 3777 2336">
     <span class='ocr_line' id='line_1_65' title="bbox 2264 2267 3777 2336; baseline -0.006 -11"><span class='ocrx_word' id='word_1_443' title='bbox 2264 2269 2562 2325; x_wconf 86' lang='lat' dir='ltr'><strong>Chalifatus</strong></span> <span class='ocrx_word' id='word_1_444' title='bbox 2595 2267 2764 2336; x_wconf 86' lang='lat' dir='ltr'><strong>ipsius</strong></span> <span class='ocrx_word' id='word_1_445' title='bbox 2793 2283 3056 2321; x_wconf 91' lang='lat' dir='ltr'><strong>annorum</strong></span> <span class='ocrx_word' id='word_1_446' title='bbox 3103 2277 3219 2321; x_wconf 87' lang='lat' dir='ltr'><strong>erat</strong></span> <span class='ocrx_word' id='word_1_447' title='bbox 3248 2267 3455 2328; x_wconf 88' lang='lat' dir='ltr'><strong>decem,</strong></span> <span class='ocrx_word' id='word_1_448' title='bbox 3488 2273 3559 2330; x_wconf 73' lang='lat' dir='ltr'><strong>{et</strong></span> <span class='ocrx_word' id='word_1_449' title='bbox 3612 2281 3777 2318; x_wconf 72' lang='lat' dir='ltr'><strong>novem</strong></span> 
     </span>
    </p>
   </div>
   <div class='ocr_carea' id='block_1_66' title="bbox 2267 2355 3779 2423">
    <p class='ocr_par' dir='ltr' id='par_1_66' title="bbox 2267 2355 3779 2423">
     <span class='ocr_line' id='line_1_66' title="bbox 2267 2355 3779 2423; baseline -0.003 -13"><span class='ocrx_word' id='word_1_450' title='bbox 2267 2357 2554 2411; x_wconf 84' lang='lat' dir='ltr'><strong>mensium.</strong></span> <span class='ocrx_word' id='word_1_451' title='bbox 2602 2355 2798 2410; x_wconf 80' lang='lat' dir='ltr'><strong>Novies</strong></span> <span class='ocrx_word' id='word_1_452' title='bbox 2831 2355 3122 2410; x_wconf 81' lang='lat' dir='ltr'><strong>cbalifatus</strong></span> <span class='ocrx_word' id='word_1_453' title='bbox 3168 2355 3250 2409; x_wconf 90' lang='lat' dir='ltr'><strong>sui</strong></span> <span class='ocrx_word' id='word_1_454' title='bbox 3285 2366 3525 2422; x_wconf 86' lang='lat' dir='ltr'><strong>tempore</strong></span> <span class='ocrx_word' id='word_1_455' title='bbox 3577 2370 3779 2423; x_wconf 75' lang='lat' dir='ltr'><strong>peregre</strong></span> 
     </span>
    </p>
   </div>
   <div class='ocr_carea' id='block_1_67' title="bbox 2265 2443 3777 2514">
    <p class='ocr_par' dir='ltr' id='par_1_67' title="bbox 2265 2443 3777 2514">
     <span class='ocr_line' id='line_1_67' title="bbox 2265 2443 3777 2514; baseline -0.004 -16"><span class='ocrx_word' id='word_1_456' title='bbox 2265 2445 2538 2514; x_wconf 76' lang='lat' dir='ltr'><strong>religionis</strong></span> <span class='ocrx_word' id='word_1_457' title='bbox 2558 2459 2687 2514; x_wconf 79' lang='lat' dir='ltr'><strong>ergo</strong></span> <span class='ocrx_word' id='word_1_458' title='bbox 2705 2445 3078 2513; x_wconf 74' lang='lat' dir='ltr'><strong>peregrinatus</strong></span> <span class='ocrx_word' id='word_1_459' title='bbox 3100 2454 3202 2497; x_wconf 91' lang='lat' dir='ltr'><strong>est.</strong></span> <span class='ocrx_word' id='word_1_460' title='bbox 3225 2443 3428 2497; x_wconf 79' lang='lat' dir='ltr'><strong>Fuscus</strong></span> <span class='ocrx_word' id='word_1_461' title='bbox 3447 2455 3588 2506; x_wconf 85' lang='lat' dir='ltr'><strong>erat,</strong></span> <span class='ocrx_word' id='word_1_462' title='bbox 3612 2457 3777 2500; x_wconf 52' lang='grc' dir='ltr'><strong>ευριπ,</strong></span> 
     </span>
    </p>
   </div>
   <div class='ocr_carea' id='block_1_68' title="bbox 2265 2532 3782 2605">
    <p class='ocr_par' dir='ltr' id='par_1_68' title="bbox 2265 2532 3782 2605">
     <span class='ocr_line' id='line_1_68' title="bbox 2265 2532 3782 2605; baseline -0.005 -15"><span class='ocrx_word' id='word_1_463' title='bbox 2265 2537 2470 2595; x_wconf 88' lang='lat' dir='ltr'><strong>calvus,</strong></span> <span class='ocrx_word' id='word_1_464' title='bbox 2500 2547 2665 2605; x_wconf 87' lang='lat' dir='ltr'><strong>caput</strong></span> <span class='ocrx_word' id='word_1_465' title='bbox 2687 2543 2741 2589; x_wconf 91' lang='lat' dir='ltr'><strong>et</strong></span> <span class='ocrx_word' id='word_1_466' title='bbox 2772 2536 2990 2588; x_wconf 79' lang='lat' dir='ltr'><strong>barbam</strong></span> <span class='ocrx_word' id='word_1_467' title='bbox 3039 2533 3201 2587; x_wconf 90' lang='lat' dir='ltr'><strong>hinna</strong></span> <span class='ocrx_word' id='word_1_468' title='bbox 3233 2534 3475 2601; x_wconf 80' lang='lat' dir='ltr'><strong>tingens:</strong></span> <span class='ocrx_word' id='word_1_469' title='bbox 3505 2532 3782 2600; x_wconf 74' lang='lat' dir='ltr'><strong>spiculata-</strong></span> 
     </span>
    </p>
   </div>
   <div class='ocr_carea' id='block_1_69' title="bbox 2269 2620 3781 2697">
    <p class='ocr_par' dir='ltr' id='par_1_69' title="bbox 2269 2620 3781 2697">
     <span class='ocr_line' id='line_1_69' title="bbox 2269 2620 3781 2697; baseline -0.003 -18"><span class='ocrx_word' id='word_1_470' title='bbox 2269 2642 2385 2680; x_wconf 92' lang='lat' dir='ltr'><strong>rum</strong></span> <span class='ocrx_word' id='word_1_471' title='bbox 2433 2627 2535 2695; x_wconf 90' lang='lat' dir='ltr'><strong>ipsi</strong></span> <span class='ocrx_word' id='word_1_472' title='bbox 2564 2626 2850 2697; x_wconf 67' lang='lat' dir='ltr'><strong>praefectus</strong></span> <span class='ocrx_word' id='word_1_473' title='bbox 2879 2625 2979 2678; x_wconf 90' lang='lat' dir='ltr'><strong>fuit</strong></span> <span class='ocrx_word' id='word_1_474' title='bbox 3006 2623 3264 2677; x_wconf 81' lang='lat' dir='ltr'><strong>Abdaliah</strong></span> <span class='ocrx_word' id='word_1_475' title='bbox 3302 2620 3416 2676; x_wconf 83' lang='lat' dir='ltr'><strong>Ehn</strong></span> <span class='ocrx_word' id='word_1_476' title='bbox 3446 2623 3674 2684; x_wconf 81' lang='lat' dir='ltr'><strong>Abbasi,</strong></span> <span class='ocrx_word' id='word_1_477' title='bbox 3712 2622 3781 2688; x_wconf 82' lang='lat' dir='ltr'><strong>ja-</strong></span> 
     </span>
    </p>
   </div>
   <div class='ocr_carea' id='block_1_70' title="bbox 2269 2714 3040 2784">
    <p class='ocr_par' dir='ltr' id='par_1_70' title="bbox 2269 2714 3040 2784">
     <span class='ocr_line' id='line_1_70' title="bbox 2269 2714 3040 2784; baseline -0.001 -14"><span class='ocrx_word' id='word_1_478' title='bbox 2269 2719 2412 2771; x_wconf 88' lang='lat' dir='ltr'><strong>nitor</strong></span> <span class='ocrx_word' id='word_1_479' title='bbox 2440 2714 2606 2770; x_wconf 77' lang='lat' dir='ltr'><strong>Barka</strong></span> <span class='ocrx_word' id='word_1_480' title='bbox 2638 2731 2826 2769; x_wconf 90' lang='lat' dir='ltr'><strong>servus</strong></span> <span class='ocrx_word' id='word_1_481' title='bbox 2849 2715 3040 2784; x_wconf 81' lang='lat' dir='ltr'><strong>ipsius.</strong></span> 
     </span>
    </p>
   </div>
   <div class='ocr_carea' id='block_1_71' title="bbox 2540 2804 3524 2874">
    <p class='ocr_par' dir='ltr' id='par_1_71' title="bbox 2540 2804 3524 2874">
     <span class='ocr_line' id='line_1_71' title="bbox 2540 2804 3524 2874; baseline -0.003 -13"><span class='ocrx_word' id='word_1_482' title='bbox 2540 2806 2835 2874; x_wconf 76' lang='lat' dir='ltr'><strong>Chalifalus</strong></span> <span class='ocrx_word' id='word_1_483' title='bbox 2878 2804 3126 2859; x_wconf 78' lang='lat' dir='ltr'><strong>O&#39;hmnm&#39;</strong></span> <span class='ocrx_word' id='word_1_484' title='bbox 3171 2805 3280 2858; x_wconf 60' lang='grc' dir='ltr'><strong>[ἔβη</strong></span> <span class='ocrx_word' id='word_1_485' title='bbox 3328 2805 3524 2873; x_wconf 68' lang='lat' dir='ltr'><strong>Aﬂ&#39;am&#39;.</strong></span> 
     </span>
    </p>
   </div>
   <div class='ocr_carea' id='block_1_72' title="bbox 2337 2891 3786 2951">
    <p class='ocr_par' dir='ltr' id='par_1_72' title="bbox 2337 2891 3786 2951">
     <span class='ocr_line' id='line_1_72' title="bbox 2337 2891 3786 2951; baseline -0.005 -3"><span class='ocrx_word' id='word_1_486' title='bbox 2337 2897 2392 2950; x_wconf 89' lang='lat' dir='ltr'><strong>ln</strong></span> <span class='ocrx_word' id='word_1_487' title='bbox 2427 2895 2742 2950; x_wconf 83' lang='lat' dir='ltr'><strong>chaliiatum</strong></span> <span class='ocrx_word' id='word_1_488' title='bbox 2789 2897 3047 2951; x_wconf 78' lang='lat' dir='ltr'><strong>sull&#39;ectus</strong></span> <span class='ocrx_word' id='word_1_489' title='bbox 3089 2907 3170 2950; x_wconf 78' lang='lat' dir='ltr'><strong>est</strong></span> <span class='ocrx_word' id='word_1_490' title='bbox 3209 2897 3437 2948; x_wconf 81' lang='lat' dir='ltr'><strong>Otltutan</strong></span> <span class='ocrx_word' id='word_1_491' title='bbox 3483 2895 3599 2948; x_wconf 81' lang='lat' dir='ltr'><strong>Ebn</strong></span> <span class='ocrx_word' id='word_1_492' title='bbox 3634 2891 3786 2946; x_wconf 81' lang='lat' dir='ltr'><strong>Ail‘ani</strong></span> 
     </span>
    </p>
   </div>
   <div class='ocr_carea' id='block_1_73' title="bbox 2268 2987 3790 3053">
    <p class='ocr_par' dir='ltr' id='par_1_73' title="bbox 2268 2987 3790 3053">
     <span class='ocr_line' id='line_1_73' title="bbox 2268 2987 3790 3053; baseline -0.004 -9"><span class='ocrx_word' id='word_1_493' title='bbox 2268 2990 2382 3044; x_wconf 85' lang='lat' dir='ltr'><strong>Ebn</strong></span> <span class='ocrx_word' id='word_1_494' title='bbox 2415 2991 2536 3044; x_wconf 81' lang='lat' dir='ltr'><strong>Abii</strong></span> <span class='ocrx_word' id='word_1_495' title='bbox 2558 2989 2674 3053; x_wconf 85' lang='lat' dir='ltr'><strong>Asi,</strong></span> <span class='ocrx_word' id='word_1_496' title='bbox 2701 2988 2813 3043; x_wconf 86' lang='lat' dir='ltr'><strong>Ebn</strong></span> <span class='ocrx_word' id='word_1_497' title='bbox 2835 2990 3080 3053; x_wconf 68' lang='lat' dir='ltr'><strong>Ommiat,</strong></span> <span class='ocrx_word' id='word_1_498' title='bbox 3111 2989 3224 3044; x_wconf 87' lang='lat' dir='ltr'><strong>Ebn</strong></span> <span class='ocrx_word' id='word_1_499' title='bbox 3248 2989 3615 3044; x_wconf 83' lang='lat' dir='ltr'><strong>Abdishemsi.</strong></span> <span class='ocrx_word' id='word_1_500' title='bbox 3641 2987 3790 3040; x_wconf 78' lang='lat' dir='ltr'><strong>Mater</strong></span> 
     </span>
    </p>
   </div>
   <div class='ocr_carea' id='block_1_74' title="bbox 2269 3075 3793 3146">
    <p class='ocr_par' dir='ltr' id='par_1_74' title="bbox 2269 3075 3793 3146">
     <span class='ocr_line' id='line_1_74' title="bbox 2269 3075 3793 3146; baseline -0.005 -14"><span class='ocrx_word' id='word_1_501' title='bbox 2269 3079 2371 3146; x_wconf 89' lang='lat' dir='ltr'><strong>ipsi</strong></span> <span class='ocrx_word' id='word_1_502' title='bbox 2411 3077 2510 3130; x_wconf 91' lang='lat' dir='ltr'><strong>fuit</strong></span> <span class='ocrx_word' id='word_1_503' title='bbox 2541 3077 2822 3131; x_wconf 88' lang='lat' dir='ltr'><strong>Ommaiab</strong></span> <span class='ocrx_word' id='word_1_504' title='bbox 2854 3078 2955 3130; x_wconf 87' lang='lat' dir='ltr'><strong>lilia</strong></span> <span class='ocrx_word' id='word_1_505' title='bbox 2983 3077 3227 3141; x_wconf 73' lang='lat' dir='ltr'><strong>Cubarm,</strong></span> <span class='ocrx_word' id='word_1_506' title='bbox 3254 3077 3366 3132; x_wconf 87' lang='lat' dir='ltr'><strong>Ebn</strong></span> <span class='ocrx_word' id='word_1_507' title='bbox 3401 3076 3608 3139; x_wconf 67' lang='lat' dir='ltr'><strong>“abite,</strong></span> <span class='ocrx_word' id='word_1_508' title='bbox 3634 3075 3793 3128; x_wconf 86' lang='lat' dir='ltr'><strong>tribus</strong></span> 
     </span>
    </p>
   </div>
   <div class='ocr_carea' id='block_1_75' title="bbox 2271 3163 3792 3236">
    <p class='ocr_par' dir='ltr' id='par_1_75' title="bbox 2271 3163 3792 3236">
     <span class='ocr_line' id='line_1_75' title="bbox 2271 3163 3792 3236; baseline -0.006 -15"><span class='ocrx_word' id='word_1_509' title='bbox 2271 3176 2393 3236; x_wconf 87' lang='lat' dir='ltr'><strong>post</strong></span> <span class='ocrx_word' id='word_1_510' title='bbox 2432 3165 2615 3221; x_wconf 89' lang='lat' dir='ltr'><strong>Omari</strong></span> <span class='ocrx_word' id='word_1_511' title='bbox 2656 3166 2859 3220; x_wconf 89' lang='lat' dir='ltr'><strong>obitum</strong></span> <span class='ocrx_word' id='word_1_512' title='bbox 2887 3165 3075 3220; x_wconf 86' lang='lat' dir='ltr'><strong>diebus</strong></span> <span class='ocrx_word' id='word_1_513' title='bbox 3102 3165 3316 3220; x_wconf 90' lang='lat' dir='ltr'><strong>iiuieute</strong></span> <span class='ocrx_word' id='word_1_514' title='bbox 3349 3164 3429 3218; x_wconf 89' lang='lat' dir='ltr'><strong>Dii</strong></span> <span class='ocrx_word' id='word_1_515' title='bbox 3455 3163 3631 3231; x_wconf 81' lang='lat' dir='ltr'><strong>liojja.</strong></span> <span class='ocrx_word' id='word_1_516' title='bbox 3661 3163 3792 3216; x_wconf 78' lang='lat' dir='ltr'><strong>Fui:-</strong></span> 
     </span>
    </p>
   </div>
   <div class='ocr_carea' id='block_1_76' title="bbox 2267 3251 3793 3327">
    <p class='ocr_par' dir='ltr' id='par_1_76' title="bbox 2267 3251 3793 3327">
     <span class='ocr_line' id='line_1_76' title="bbox 2267 3251 3793 3327; baseline -0.003 -19"><span class='ocrx_word' id='word_1_517' title='bbox 2267 3271 2372 3323; x_wconf 92' lang='lat' dir='ltr'><strong>que</strong></span> <span class='ocrx_word' id='word_1_518' title='bbox 2418 3254 2679 3327; x_wconf 85' lang='lat' dir='ltr'><strong>[initium]</strong></span> <span class='ocrx_word' id='word_1_519' title='bbox 2724 3253 3010 3308; x_wconf 90' lang='lat' dir='ltr'><strong>cbalifatus</strong></span> <span class='ocrx_word' id='word_1_520' title='bbox 3055 3255 3172 3322; x_wconf 85' lang='lat' dir='ltr'><strong>ejus</strong></span> <span class='ocrx_word' id='word_1_521' title='bbox 3224 3254 3556 3308; x_wconf 77' lang='lat' dir='ltr'><strong>novilunium</strong></span> <span class='ocrx_word' id='word_1_522' title='bbox 3612 3251 3793 3306; x_wconf 82' lang='lat' dir='ltr'><strong>mensis</strong></span> 
     </span>
    </p>
   </div>
   <div class='ocr_carea' id='block_1_77' title="bbox 2270 3342 3794 3412">
    <p class='ocr_par' dir='ltr' id='par_1_77' title="bbox 2270 3342 3794 3412">
     <span class='ocr_line' id='line_1_77' title="bbox 2270 3342 3794 3412; baseline -0.007 -12"><span class='ocrx_word' id='word_1_523' title='bbox 2270 3345 2568 3400; x_wconf 75' lang='lat' dir='ltr'><strong>Maharraut</strong></span> <span class='ocrx_word' id='word_1_524' title='bbox 2601 3345 2726 3397; x_wconf 89' lang='lat' dir='ltr'><strong>anni</strong></span> <span class='ocrx_word' id='word_1_525' title='bbox 2758 3342 2929 3398; x_wconf 67' lang='lat' dir='ltr'><strong>lieirae</strong></span> <span class='ocrx_word' id='word_1_526' title='bbox 2951 3343 3208 3397; x_wconf 86' lang='lat' dir='ltr'><strong>vicesimo</strong></span> <span class='ocrx_word' id='word_1_527' title='bbox 3228 3351 3446 3412; x_wconf 88' lang='lat' dir='ltr'><strong>quarto,</strong></span> <span class='ocrx_word' id='word_1_528' title='bbox 3475 3342 3640 3411; x_wconf 87' lang='lat' dir='ltr'><strong>idque</strong></span> <span class='ocrx_word' id='word_1_529' title='bbox 3669 3353 3794 3393; x_wconf 88' lang='lat' dir='ltr'><strong>anno</strong></span> 
     </span>
    </p>
   </div>
   <div class='ocr_carea' id='block_1_78' title="bbox 2270 3431 3793 3506">
    <p class='ocr_par' dir='ltr' id='par_1_78' title="bbox 2270 3431 3793 3506">
     <span class='ocr_line' id='line_1_78' title="bbox 2270 3431 3793 3506; baseline -0.007 -17"><span class='ocrx_word' id='word_1_530' title='bbox 2270 3436 2478 3506; x_wconf 86' lang='lat' dir='ltr'><strong>imperii</strong></span> <span class='ocrx_word' id='word_1_531' title='bbox 2513 3435 2743 3488; x_wconf 69' lang='lat' dir='ltr'><strong>lleraclii</strong></span> <span class='ocrx_word' id='word_1_532' title='bbox 2781 3434 3120 3502; x_wconf 84' lang='lat' dir='ltr'><strong>imperatoris</strong></span> <span class='ocrx_word' id='word_1_533' title='bbox 3149 3433 3519 3486; x_wconf 75' lang='lat' dir='ltr'><strong>Romanorum</strong></span> <span class='ocrx_word' id='word_1_534' title='bbox 3556 3431 3793 3486; x_wconf 78' lang='lat' dir='ltr'><strong>vicesimo</strong></span> 
     </span>
    </p>
   </div>
   <div class='ocr_carea' id='block_1_79' title="bbox 2266 3522 3795 3596">
    <p class='ocr_par' dir='ltr' id='par_1_79' title="bbox 2266 3522 3795 3596">
     <span class='ocr_line' id='line_1_79' title="bbox 2266 3522 3795 3596; baseline -0.005 -18"><span class='ocrx_word' id='word_1_535' title='bbox 2266 3537 2482 3596; x_wconf 89' lang='lat' dir='ltr'><strong>quarto.</strong></span> <span class='ocrx_word' id='word_1_536' title='bbox 2513 3523 2838 3586; x_wconf 80' lang='lat' dir='ltr'><strong>Chalifatum</strong></span> <span class='ocrx_word' id='word_1_537' title='bbox 2869 3523 3099 3577; x_wconf 93' lang='lat' dir='ltr'><strong>obtinuit</strong></span> <span class='ocrx_word' id='word_1_538' title='bbox 3123 3527 3282 3577; x_wconf 87' lang='lat' dir='ltr'><strong>annis</strong></span> <span class='ocrx_word' id='word_1_539' title='bbox 3309 3523 3622 3587; x_wconf 81' lang='lat' dir='ltr'><strong>duodecim.</strong></span> <span class='ocrx_word' id='word_1_540' title='bbox 3658 3522 3795 3573; x_wconf 82' lang='lat' dir='ltr'><strong>Anno</strong></span> 
     </span>
    </p>
   </div>
   <div class='ocr_carea' id='block_1_80' title="bbox 2267 3613 3796 3679">
    <p class='ocr_par' dir='ltr' id='par_1_80' title="bbox 2267 3613 3796 3679">
     <span class='ocr_line' id='line_1_80' title="bbox 2267 3613 3796 3679; baseline -0.004 -8"><span class='ocrx_word' id='word_1_541' title='bbox 2267 3617 2560 3671; x_wconf 89' lang='lat' dir='ltr'><strong>cbalifatus</strong></span> <span class='ocrx_word' id='word_1_542' title='bbox 2590 3613 2710 3679; x_wconf 87' lang='lat' dir='ltr'><strong>ejus</strong></span> <span class='ocrx_word' id='word_1_543' title='bbox 2752 3613 2911 3668; x_wconf 87' lang='lat' dir='ltr'><strong>tertio</strong></span> <span class='ocrx_word' id='word_1_544' title='bbox 2941 3613 3274 3667; x_wconf 87' lang='lat' dir='ltr'><strong>constitutus</strong></span> <span class='ocrx_word' id='word_1_545' title='bbox 3323 3623 3410 3668; x_wconf 91' lang='lat' dir='ltr'><strong>est</strong></span> <span class='ocrx_word' id='word_1_546' title='bbox 3463 3613 3678 3666; x_wconf 78' lang='lat' dir='ltr'><strong>laribus</strong></span> <span class='ocrx_word' id='word_1_547' title='bbox 3719 3623 3796 3678; x_wconf 79' lang='lat' dir='ltr'><strong>pa-</strong></span> 
     </span>
    </p>
   </div>
   <div class='ocr_carea' id='block_1_81' title="bbox 2269 3702 3799 3771">
    <p class='ocr_par' dir='ltr' id='par_1_81' title="bbox 2269 3702 3799 3771">
     <span class='ocr_line' id='line_1_81' title="bbox 2269 3702 3799 3771; baseline -0.006 -12"><span class='ocrx_word' id='word_1_548' title='bbox 2269 3706 2506 3760; x_wconf 85' lang='lat' dir='ltr'><strong>triarcha</strong></span> <span class='ocrx_word' id='word_1_549' title='bbox 2535 3703 2929 3768; x_wconf 86' lang='lat' dir='ltr'><strong>Antiochenus,</strong></span> <span class='ocrx_word' id='word_1_550' title='bbox 2962 3703 3054 3771; x_wconf 89' lang='lat' dir='ltr'><strong>qui</strong></span> <span class='ocrx_word' id='word_1_551' title='bbox 3097 3702 3352 3757; x_wconf 75' lang='lat' dir='ltr'><strong>Maronita</strong></span> <span class='ocrx_word' id='word_1_552' title='bbox 3388 3703 3509 3758; x_wconf 93' lang='lat' dir='ltr'><strong>fuit.</strong></span> <span class='ocrx_word' id='word_1_553' title='bbox 3550 3702 3799 3756; x_wconf 85' lang='lat' dir='ltr'><strong>Constan-</strong></span> 
     </span>
    </p>
   </div>
   <div class='ocr_carea' id='block_1_82' title="bbox 2269 3786 3795 3862">
    <p class='ocr_par' dir='ltr' id='par_1_82' title="bbox 2269 3786 3795 3862">
     <span class='ocr_line' id='line_1_82' title="bbox 2269 3786 3795 3862; baseline -0.007 -16"><span class='ocrx_word' id='word_1_554' title='bbox 2269 3793 2496 3862; x_wconf 89' lang='lat' dir='ltr'><strong>tiuopoli</strong></span> <span class='ocrx_word' id='word_1_555' title='bbox 2535 3799 2710 3845; x_wconf 84' lang='lat' dir='ltr'><strong>autem</strong></span> <span class='ocrx_word' id='word_1_556' title='bbox 2746 3790 2817 3861; x_wconf 88' lang='lat' dir='ltr'><strong>[ei</strong></span> <span class='ocrx_word' id='word_1_557' title='bbox 2841 3787 3076 3860; x_wconf 85' lang='lat' dir='ltr'><strong>muneri]</strong></span> <span class='ocrx_word' id='word_1_558' title='bbox 3100 3790 3382 3858; x_wconf 71' lang='lat' dir='ltr'><strong>przrfectus</strong></span> <span class='ocrx_word' id='word_1_559' title='bbox 3411 3799 3515 3852; x_wconf 87' lang='lat' dir='ltr'><strong>est,</strong></span> <span class='ocrx_word' id='word_1_560' title='bbox 3543 3788 3706 3858; x_wconf 59' lang='lat'><strong>325</strong></span> <span class='ocrx_word' id='word_1_561' title='bbox 3722 3786 3795 3838; x_wconf 83' lang='lat' dir='ltr'><strong>ubi</strong></span> 
     </span>
    </p>
   </div>
   <div class='ocr_carea' id='block_1_83' title="bbox 2269 3881 3799 3956">
    <p class='ocr_par' dir='ltr' id='par_1_83' title="bbox 2269 3881 3799 3956">
     <span class='ocr_line' id='line_1_83' title="bbox 2269 3881 3799 3956; baseline -0.002 -20"><span class='ocrx_word' id='word_1_562' title='bbox 2269 3886 2510 3956; x_wconf 87' lang='lat' dir='ltr'><strong>quinque</strong></span> <span class='ocrx_word' id='word_1_563' title='bbox 2543 3897 2716 3937; x_wconf 89' lang='lat' dir='ltr'><strong>annos</strong></span> <span class='ocrx_word' id='word_1_564' title='bbox 2749 3883 3014 3944; x_wconf 88' lang='lat' dir='ltr'><strong>substitit,</strong></span> <span class='ocrx_word' id='word_1_565' title='bbox 3051 3897 3220 3952; x_wconf 90' lang='lat' dir='ltr'><strong>neque</strong></span> <span class='ocrx_word' id='word_1_566' title='bbox 3251 3881 3597 3935; x_wconf 78' lang='lat' dir='ltr'><strong>Antiochiam</strong></span> <span class='ocrx_word' id='word_1_567' title='bbox 3635 3893 3799 3949; x_wconf 79' lang='lat' dir='ltr'><strong>pervc-</strong></span> 
     </span>
    </p>
   </div>
   <div class='ocr_carea' id='block_1_84' title="bbox 2271 3973 3799 4042">
    <p class='ocr_par' dir='ltr' id='par_1_84' title="bbox 2271 3973 3799 4042">
     <span class='ocr_line' id='line_1_84' title="bbox 2271 3973 3799 4042; baseline -0.002 -15"><span class='ocrx_word' id='word_1_568' title='bbox 2271 3975 2371 4028; x_wconf 89' lang='lat' dir='ltr'><strong>uit.</strong></span> <span class='ocrx_word' id='word_1_569' title='bbox 2401 3975 2645 4028; x_wconf 79' lang='lat' dir='ltr'><strong>Mortuus</strong></span> <span class='ocrx_word' id='word_1_570' title='bbox 2676 3983 2850 4028; x_wconf 89' lang='lat' dir='ltr'><strong>autem</strong></span> <span class='ocrx_word' id='word_1_571' title='bbox 2881 3981 2962 4028; x_wconf 89' lang='lat' dir='ltr'><strong>est</strong></span> <span class='ocrx_word' id='word_1_572' title='bbox 2999 3973 3490 4042; x_wconf 79' lang='lat' dir='ltr'><strong>ConstantinOpoli,</strong></span> <span class='ocrx_word' id='word_1_573' title='bbox 3521 3975 3707 4040; x_wconf 85' lang='lat' dir='ltr'><strong>ibique</strong></span> <span class='ocrx_word' id='word_1_574' title='bbox 3727 3986 3799 4024; x_wconf 80' lang='lat' dir='ltr'><strong>se-</strong></span> 
     </span>
    </p>
   </div>
   <div class='ocr_carea' id='block_1_85' title="bbox 2271 4064 3802 4134">
    <p class='ocr_par' dir='ltr' id='par_1_85' title="bbox 2271 4064 3802 4134">
     <span class='ocr_line' id='line_1_85' title="bbox 2271 4064 3802 4134; baseline -0.006 -14"><span class='ocrx_word' id='word_1_575' title='bbox 2271 4066 2468 4134; x_wconf 87' lang='lat' dir='ltr'><strong>pultus.</strong></span> <span class='ocrx_word' id='word_1_576' title='bbox 2501 4066 2658 4119; x_wconf 82' lang='lat' dir='ltr'><strong>Anno</strong></span> <span class='ocrx_word' id='word_1_577' title='bbox 2692 4064 2982 4118; x_wconf 89' lang='lat' dir='ltr'><strong>cbalifatus</strong></span> <span class='ocrx_word' id='word_1_578' title='bbox 3008 4065 3250 4132; x_wconf 83' lang='lat' dir='ltr'><strong>ejusdem</strong></span> <span class='ocrx_word' id='word_1_579' title='bbox 3281 4064 3495 4118; x_wconf 85' lang='lat' dir='ltr'><strong>decimo</strong></span> <span class='ocrx_word' id='word_1_580' title='bbox 3527 4066 3709 4117; x_wconf 87' lang='lat' dir='ltr'><strong>factus</strong></span> <span class='ocrx_word' id='word_1_581' title='bbox 3735 4069 3802 4113; x_wconf 83' lang='lat' dir='ltr'><strong>est</strong></span> 
     </span>
    </p>
   </div>
   <div class='ocr_carea' id='block_1_86' title="bbox 2271 4153 3801 4224">
    <p class='ocr_par' dir='ltr' id='par_1_86' title="bbox 2271 4153 3801 4224">
     <span class='ocr_line' id='line_1_86' title="bbox 2271 4153 3801 4224; baseline -0.008 -14"><span class='ocrx_word' id='word_1_582' title='bbox 2271 4156 2538 4210; x_wconf 76' lang='lat' dir='ltr'><strong>Macarius</strong></span> <span class='ocrx_word' id='word_1_583' title='bbox 2569 4154 2874 4224; x_wconf 86' lang='lat' dir='ltr'><strong>patriarcha</strong></span> <span class='ocrx_word' id='word_1_584' title='bbox 2903 4155 3294 4218; x_wconf 86' lang='lat' dir='ltr'><strong>Antiochenus,</strong></span> <span class='ocrx_word' id='word_1_585' title='bbox 3346 4155 3438 4224; x_wconf 90' lang='lat' dir='ltr'><strong>qui</strong></span> <span class='ocrx_word' id='word_1_586' title='bbox 3466 4162 3522 4208; x_wconf 90' lang='lat' dir='ltr'><strong>et</strong></span> <span class='ocrx_word' id='word_1_587' title='bbox 3547 4153 3801 4207; x_wconf 71' lang='lat' dir='ltr'><strong>Ilaronita</strong></span> 
     </span>
    </p>
   </div>
   <div class='ocr_carea' id='block_1_87' title="bbox 2271 4240 3801 4314">
    <p class='ocr_par' dir='ltr' id='par_1_87' title="bbox 2271 4240 3801 4314">
     <span class='ocr_line' id='line_1_87' title="bbox 2271 4240 3801 4314; baseline -0.005 -14"><span class='ocrx_word' id='word_1_588' title='bbox 2271 4246 2393 4300; x_wconf 90' lang='lat' dir='ltr'><strong>fuit.</strong></span> <span class='ocrx_word' id='word_1_589' title='bbox 2449 4243 2550 4299; x_wconf 87' lang='lat' dir='ltr'><strong>Hic</strong></span> <span class='ocrx_word' id='word_1_590' title='bbox 2595 4244 2758 4298; x_wconf 83' lang='lat' dir='ltr'><strong>etiam</strong></span> <span class='ocrx_word' id='word_1_591' title='bbox 2789 4243 3257 4314; x_wconf 88' lang='lat' dir='ltr'><strong>Constantinopoli</strong></span> <span class='ocrx_word' id='word_1_592' title='bbox 3291 4254 3531 4307; x_wconf 89' lang='lat' dir='ltr'><strong>creatus,</strong></span> <span class='ocrx_word' id='word_1_593' title='bbox 3579 4259 3707 4298; x_wconf 84' lang='lat' dir='ltr'><strong>cum</strong></span> <span class='ocrx_word' id='word_1_594' title='bbox 3741 4240 3801 4293; x_wconf 91' lang='lat' dir='ltr'><strong>ibi</strong></span> 
     </span>
    </p>
   </div>
   <div class='ocr_carea' id='block_1_88' title="bbox 2267 4331 3800 4403">
    <p class='ocr_par' dir='ltr' id='par_1_88' title="bbox 2267 4331 3800 4403">
     <span class='ocr_line' id='line_1_88' title="bbox 2267 4331 3800 4403; baseline -0.007 -13"><span class='ocrx_word' id='word_1_595' title='bbox 2267 4343 2393 4390; x_wconf 78' lang='lat' dir='ltr'><strong>orto</strong></span> <span class='ocrx_word' id='word_1_596' title='bbox 2421 4348 2596 4389; x_wconf 88' lang='lat' dir='ltr'><strong>annos</strong></span> <span class='ocrx_word' id='word_1_597' title='bbox 2623 4334 3032 4403; x_wconf 83' lang='lat' dir='ltr'><strong>permansisset,</strong></span> <span class='ocrx_word' id='word_1_598' title='bbox 3062 4349 3234 4403; x_wconf 87' lang='lat' dir='ltr'><strong>neque</strong></span> <span class='ocrx_word' id='word_1_599' title='bbox 3259 4331 3607 4388; x_wconf 85' lang='lat' dir='ltr'><strong>Antiochiam</strong></span> <span class='ocrx_word' id='word_1_600' title='bbox 3637 4345 3800 4385; x_wconf 81' lang='lat' dir='ltr'><strong>acres-</strong></span> 
     </span>
    </p>
   </div>
   <div class='ocr_carea' id='block_1_89' title="bbox 2271 4420 3806 4496">
    <p class='ocr_par' dir='ltr' id='par_1_89' title="bbox 2271 4420 3806 4496">
     <span class='ocr_line' id='line_1_89' title="bbox 2271 4420 3806 4496; baseline -0.009 -12"><span class='ocrx_word' id='word_1_601' title='bbox 2271 4432 2452 4494; x_wconf 87' lang='lat' dir='ltr'><strong>sisset,</strong></span> <span class='ocrx_word' id='word_1_602' title='bbox 2487 4436 2734 4482; x_wconf 90' lang='lat' dir='ltr'><strong>mortuus</strong></span> <span class='ocrx_word' id='word_1_603' title='bbox 2781 4435 2886 4490; x_wconf 87' lang='lat' dir='ltr'><strong>est,</strong></span> <span class='ocrx_word' id='word_1_604' title='bbox 2928 4427 3109 4496; x_wconf 85' lang='lat' dir='ltr'><strong>ibique</strong></span> <span class='ocrx_word' id='word_1_605' title='bbox 3161 4426 3424 4495; x_wconf 89' lang='lat' dir='ltr'><strong>sepultus.</strong></span> <span class='ocrx_word' id='word_1_606' title='bbox 3456 4425 3620 4477; x_wconf 84' lang='lat' dir='ltr'><strong>Amm</strong></span> <span class='ocrx_word' id='word_1_607' title='bbox 3658 4420 3806 4476; x_wconf 87' lang='lat' dir='ltr'><strong>cbali-</strong></span> 
     </span>
    </p>
   </div>
   <div class='ocr_carea' id='block_1_90' title="bbox 621 4509 3802 4596">
    <p class='ocr_par' dir='ltr' id='par_1_90' title="bbox 621 4509 3802 4596">
     <span class='ocr_line' id='line_1_90' title="bbox 621 4509 3802 4596; baseline -0.006 -16"><span class='ocrx_word' id='word_1_608' title='bbox 621 4526 781 4596; x_wconf 68' lang='lat'><strong>320</strong></span> <span class='ocrx_word' id='word_1_609' title='bbox 813 4539 915 4579; x_wconf 92' lang='lat' dir='ltr'><strong>non</strong></span> <span class='ocrx_word' id='word_1_610' title='bbox 949 4524 1355 4595; x_wconf 72' lang='lat' dir='ltr'><strong>ingrediebatur</strong></span> <span class='ocrx_word' id='word_1_611' title='bbox 1382 4523 1608 4578; x_wconf 85' lang='lat' dir='ltr'><strong>Barkam</strong></span> <span class='ocrx_word' id='word_1_612' title='bbox 1639 4524 1730 4593; x_wconf 90' lang='lat' dir='ltr'><strong>qui</strong></span> <span class='ocrx_word' id='word_1_613' title='bbox 1767 4524 2025 4578; x_wconf 87' lang='lat' dir='ltr'><strong>tributum</strong></span> <span class='ocrx_word' id='word_1_614' title='bbox 2055 4521 2165 4578; x_wconf 72' lang='lat' dir='ltr'><strong>exi-</strong></span> <span class='ocrx_word' id='word_1_615' title='bbox 2191 4531 2242 4591; x_wconf 76' lang='grc' dir='ltr'>ι)</span> <span class='ocrx_word' id='word_1_616' title='bbox 2271 4519 2411 4572; x_wconf 84' lang='lat' dir='ltr'><strong>fatus</strong></span> <span class='ocrx_word' id='word_1_617' title='bbox 2431 4518 2669 4588; x_wconf 78' lang='lat' dir='ltr'><strong>ejusdem</strong></span> <span class='ocrx_word' id='word_1_618' title='bbox 2690 4530 2832 4571; x_wconf 91' lang='lat' dir='ltr'><strong>nono</strong></span> <span class='ocrx_word' id='word_1_619' title='bbox 2849 4517 3172 4571; x_wconf 87' lang='lat' dir='ltr'><strong>constitutus</strong></span> <span class='ocrx_word' id='word_1_620' title='bbox 3191 4527 3272 4569; x_wconf 81' lang='lat' dir='ltr'><strong>est</strong></span> <span class='ocrx_word' id='word_1_621' title='bbox 3289 4512 3482 4568; x_wconf 84' lang='lat' dir='ltr'><strong>Petrus</strong></span> <span class='ocrx_word' id='word_1_622' title='bbox 3510 4509 3802 4581; x_wconf 75' lang='lat' dir='ltr'><strong>patriarcha</strong></span> 
     </span>
    </p>
   </div>
   <div class='ocr_carea' id='block_1_91' title="bbox 621 4609 2164 4682">
    <p class='ocr_par' dir='ltr' id='par_1_91' title="bbox 621 4609 2164 4682">
     <span class='ocr_line' id='line_1_91' title="bbox 621 4609 2164 4682; baseline 0 -18"><span class='ocrx_word' id='word_1_623' title='bbox 621 4609 792 4680; x_wconf 74' lang='lat' dir='ltr'><strong>geret,</strong></span> <span class='ocrx_word' id='word_1_624' title='bbox 826 4626 1007 4665; x_wconf 89' lang='lat' dir='ltr'><strong>verum</strong></span> <span class='ocrx_word' id='word_1_625' title='bbox 1044 4619 1282 4679; x_wconf 88' lang='lat' dir='ltr'><strong>tempore</strong></span> <span class='ocrx_word' id='word_1_626' title='bbox 1331 4613 1637 4682; x_wconf 69' lang='lat' dir='ltr'><strong>praestituto</strong></span> <span class='ocrx_word' id='word_1_627' title='bbox 1667 4612 1932 4665; x_wconf 86' lang='lat' dir='ltr'><strong>tributum</strong></span> <span class='ocrx_word' id='word_1_628' title='bbox 1988 4611 2164 4664; x_wconf 83' lang='lat' dir='ltr'><strong>mitte-</strong></span> 
     </span>
    </p>
   </div>
   <div class='ocr_carea' id='block_1_92' title="bbox 622 4701 2166 4778">
    <p class='ocr_par' dir='ltr' id='par_1_92' title="bbox 622 4701 2166 4778">
     <span class='ocr_line' id='line_1_92' title="bbox 622 4701 2166 4778; baseline -0.001 -26"><span class='ocrx_word' id='word_1_629' title='bbox 622 4702 770 4756; x_wconf 88' lang='lat' dir='ltr'><strong>bant.</strong></span> <span class='ocrx_word' id='word_1_630' title='bbox 805 4701 1100 4778; x_wconf 86' lang='lat' dir='ltr'><strong>Occupavit</strong></span> <span class='ocrx_word' id='word_1_631' title='bbox 1129 4709 1310 4755; x_wconf 90' lang='lat' dir='ltr'><strong>autem</strong></span> <span class='ocrx_word' id='word_1_632' title='bbox 1344 4702 1589 4756; x_wconf 88' lang='lat' dir='ltr'><strong>homines</strong></span> <span class='ocrx_word' id='word_1_633' title='bbox 1639 4703 1920 4756; x_wconf 85' lang='lat' dir='ltr'><strong>calamitas</strong></span> <span class='ocrx_word' id='word_1_634' title='bbox 1975 4715 2166 4769; x_wconf 71' lang='lat' dir='ltr'><strong>magna</strong></span> 
     </span>
    </p>
   </div>
   <div class='ocr_carea' id='block_1_93' title="bbox 620 4791 2168 4863">
    <p class='ocr_par' dir='ltr' id='par_1_93' title="bbox 620 4791 2168 4863">
     <span class='ocr_line' id='line_1_93' title="bbox 620 4791 2168 4863; baseline -0.002 -17"><span class='ocrx_word' id='word_1_635' title='bbox 620 4792 846 4847; x_wconf 68' lang='lat' dir='ltr'><strong>Medium</strong></span> <span class='ocrx_word' id='word_1_636' title='bbox 879 4808 986 4860; x_wconf 76' lang='lat' dir='ltr'><strong>prze</strong></span> <span class='ocrx_word' id='word_1_637' title='bbox 1039 4807 1266 4846; x_wconf 74' lang='lat' dir='ltr'><strong>annona:</strong></span> <span class='ocrx_word' id='word_1_638' title='bbox 1311 4795 1558 4848; x_wconf 88' lang='lat' dir='ltr'><strong>caritate.</strong></span> <span class='ocrx_word' id='word_1_639' title='bbox 1591 4793 1820 4863; x_wconf 83' lang='lat' dir='ltr'><strong>Scripsit</strong></span> <span class='ocrx_word' id='word_1_640' title='bbox 1846 4807 1975 4862; x_wconf 75' lang='lat' dir='ltr'><strong>ergo</strong></span> <span class='ocrx_word' id='word_1_641' title='bbox 2005 4791 2168 4847; x_wconf 88' lang='lat' dir='ltr'><strong>Outar</strong></span> 
     </span>
    </p>
   </div>
   <div class='ocr_carea' id='block_1_94' title="bbox 622 4880 2168 4950">
    <p class='ocr_par' dir='ltr' id='par_1_94' title="bbox 622 4880 2168 4950">
     <span class='ocr_line' id='line_1_94' title="bbox 622 4880 2168 4950; baseline -0.003 -12"><span class='ocrx_word' id='word_1_642' title='bbox 622 4883 793 4938; x_wconf 74' lang='lat' dir='ltr'><strong>Ebnoi</strong></span> <span class='ocrx_word' id='word_1_643' title='bbox 822 4882 1046 4938; x_wconf 89' lang='lat' dir='ltr'><strong>Cbetabi</strong></span> <span class='ocrx_word' id='word_1_644' title='bbox 1075 4883 1140 4937; x_wconf 90' lang='lat' dir='ltr'><strong>ad</strong></span> <span class='ocrx_word' id='word_1_645' title='bbox 1171 4885 1394 4939; x_wconf 81' lang='lat' dir='ltr'><strong>Amrum</strong></span> <span class='ocrx_word' id='word_1_646' title='bbox 1432 4884 1605 4938; x_wconf 79' lang='lat' dir='ltr'><strong>Ebnol</strong></span> <span class='ocrx_word' id='word_1_647' title='bbox 1637 4885 1727 4939; x_wconf 83' lang='lat' dir='ltr'><strong>Asi</strong></span> <span class='ocrx_word' id='word_1_648' title='bbox 1759 4883 2046 4938; x_wconf 88' lang='lat' dir='ltr'><strong>certiorem</strong></span> <span class='ocrx_word' id='word_1_649' title='bbox 2085 4880 2168 4950; x_wconf 83' lang='lat' dir='ltr'><strong>ip-</strong></span> 
     </span>
    </p>
   </div>
   <div class='ocr_carea' id='block_1_95' title="bbox 621 4967 2167 5040">
    <p class='ocr_par' dir='ltr' id='par_1_95' title="bbox 621 4967 2167 5040">
     <span class='ocr_line' id='line_1_95' title="bbox 621 4967 2167 5040; baseline 0.002 -19"><span class='ocrx_word' id='word_1_650' title='bbox 621 4983 740 5021; x_wconf 88' lang='lat' dir='ltr'><strong>sum</strong></span> <span class='ocrx_word' id='word_1_651' title='bbox 776 4967 983 5023; x_wconf 90' lang='lat' dir='ltr'><strong>faciens</strong></span> <span class='ocrx_word' id='word_1_652' title='bbox 1009 4978 1210 5037; x_wconf 84' lang='lat' dir='ltr'><strong>quanta</strong></span> <span class='ocrx_word' id='word_1_653' title='bbox 1237 4980 1613 5039; x_wconf 89' lang='lat' dir='ltr'><strong>premerentur</strong></span> <span class='ocrx_word' id='word_1_654' title='bbox 1645 4971 1894 5026; x_wconf 87' lang='lat' dir='ltr'><strong>homines</strong></span> <span class='ocrx_word' id='word_1_655' title='bbox 1921 4971 2167 5040; x_wconf 76' lang='lat' dir='ltr'><strong>angustia</strong></span> 
     </span>
    </p>
   </div>
   <div class='ocr_carea' id='block_1_96' title="bbox 621 5059 2168 5129">
    <p class='ocr_par' dir='ltr' id='par_1_96' title="bbox 621 5059 2168 5129">
     <span class='ocr_line' id='line_1_96' title="bbox 621 5059 2168 5129; baseline 0.003 -20"><span class='ocrx_word' id='word_1_656' title='bbox 621 5071 686 5110; x_wconf 87' lang='lat' dir='ltr'><strong>ac</strong></span> <span class='ocrx_word' id='word_1_657' title='bbox 722 5072 953 5112; x_wconf 72' lang='lat' dir='ltr'><strong>annonae</strong></span> <span class='ocrx_word' id='word_1_658' title='bbox 981 5059 1230 5115; x_wconf 85' lang='lat' dir='ltr'><strong>caritate.</strong></span> <span class='ocrx_word' id='word_1_659' title='bbox 1269 5059 1524 5129; x_wconf 82' lang='lat' dir='ltr'><strong>Misitque</strong></span> <span class='ocrx_word' id='word_1_660' title='bbox 1555 5061 1754 5116; x_wconf 90' lang='lat' dir='ltr'><strong>Amrus</strong></span> <span class='ocrx_word' id='word_1_661' title='bbox 1805 5061 2042 5116; x_wconf 89' lang='lat' dir='ltr'><strong>camelos</strong></span> <span class='ocrx_word' id='word_1_662' title='bbox 2069 5061 2168 5115; x_wconf 86' lang='lat' dir='ltr'><strong>tri-</strong></span> 
     </span>
    </p>
   </div>
   <div class='ocr_carea' id='block_1_97' title="bbox 621 5149 2162 5221">
    <p class='ocr_par' dir='ltr' id='par_1_97' title="bbox 621 5149 2162 5221">
     <span class='ocr_line' id='line_1_97' title="bbox 621 5149 2162 5221; baseline 0.003 -22"><span class='ocrx_word' id='word_1_663' title='bbox 621 5149 729 5202; x_wconf 91' lang='lat' dir='ltr'><strong>tico</strong></span> <span class='ocrx_word' id='word_1_664' title='bbox 759 5159 1003 5212; x_wconf 87' lang='lat' dir='ltr'><strong>onustos,</strong></span> <span class='ocrx_word' id='word_1_665' title='bbox 1031 5165 1262 5218; x_wconf 84' lang='lat' dir='ltr'><strong>quorum</strong></span> <span class='ocrx_word' id='word_1_666' title='bbox 1307 5151 1466 5218; x_wconf 89' lang='lat' dir='ltr'><strong>primi</strong></span> <span class='ocrx_word' id='word_1_667' title='bbox 1499 5151 1764 5205; x_wconf 80' lang='lat' dir='ltr'><strong>Medinam</strong></span> <span class='ocrx_word' id='word_1_668' title='bbox 1802 5153 2162 5221; x_wconf 74' lang='lat' dir='ltr'><strong>pertigerunt,</strong></span> 
     </span>
    </p>
   </div>
   <div class='ocr_carea' id='block_1_98' title="bbox 621 5239 2168 5311">
    <p class='ocr_par' dir='ltr' id='par_1_98' title="bbox 621 5239 2168 5311">
     <span class='ocr_line' id='line_1_98' title="bbox 621 5239 2168 5311; baseline 0.004 -22"><span class='ocrx_word' id='word_1_669' title='bbox 621 5239 744 5292; x_wconf 89' lang='lat' dir='ltr'><strong>dum</strong></span> <span class='ocrx_word' id='word_1_670' title='bbox 779 5239 952 5293; x_wconf 90' lang='lat' dir='ltr'><strong>ultimi</strong></span> <span class='ocrx_word' id='word_1_671' title='bbox 986 5239 1160 5294; x_wconf 88' lang='lat' dir='ltr'><strong>adhuc</strong></span> <span class='ocrx_word' id='word_1_672' title='bbox 1192 5240 1246 5293; x_wconf 89' lang='lat' dir='ltr'><strong>in</strong></span> <span class='ocrx_word' id='word_1_673' title='bbox 1300 5239 1536 5311; x_wconf 66' lang='lat' dir='ltr'><strong>Egypto</strong></span> <span class='ocrx_word' id='word_1_674' title='bbox 1579 5249 1783 5307; x_wconf 83' lang='lat' dir='ltr'><strong>essent,</strong></span> <span class='ocrx_word' id='word_1_675' title='bbox 1831 5244 1970 5297; x_wconf 90' lang='lat' dir='ltr'><strong>serie</strong></span> <span class='ocrx_word' id='word_1_676' title='bbox 1998 5243 2168 5297; x_wconf 88' lang='lat' dir='ltr'><strong>conti-</strong></span> 
     </span>
    </p>
   </div>
   <div class='ocr_carea' id='block_1_99' title="bbox 623 5329 2165 5400">
    <p class='ocr_par' dir='ltr' id='par_1_99' title="bbox 623 5329 2165 5400">
     <span class='ocr_line' id='line_1_99' title="bbox 623 5329 2165 5400; baseline 0.001 -16"><span class='ocrx_word' id='word_1_677' title='bbox 623 5345 750 5384; x_wconf 87' lang='lat' dir='ltr'><strong>nua.</strong></span> <span class='ocrx_word' id='word_1_678' title='bbox 783 5329 1009 5400; x_wconf 85' lang='lat' dir='ltr'><strong>Scripsit</strong></span> <span class='ocrx_word' id='word_1_679' title='bbox 1045 5345 1170 5400; x_wconf 80' lang='lat' dir='ltr'><strong>ergo</strong></span> <span class='ocrx_word' id='word_1_680' title='bbox 1196 5333 1361 5387; x_wconf 86' lang='lat' dir='ltr'><strong>Omar</strong></span> <span class='ocrx_word' id='word_1_681' title='bbox 1387 5332 1558 5386; x_wconf 85' lang='lat' dir='ltr'><strong>Ebuol</strong></span> <span class='ocrx_word' id='word_1_682' title='bbox 1592 5333 1817 5388; x_wconf 78' lang='lat' dir='ltr'><strong>Cbetabi</strong></span> <span class='ocrx_word' id='word_1_683' title='bbox 1851 5334 1916 5387; x_wconf 87' lang='lat' dir='ltr'><strong>ad</strong></span> <span class='ocrx_word' id='word_1_684' title='bbox 1942 5335 2165 5386; x_wconf 84' lang='lat' dir='ltr'><strong>Amrqu</strong></span> 
     </span>
    </p>
   </div>
   <div class='ocr_carea' id='block_1_100' title="bbox 625 5419 2170 5487">
    <p class='ocr_par' dir='ltr' id='par_1_100' title="bbox 625 5419 2170 5487">
     <span class='ocr_line' id='line_1_100' title="bbox 625 5419 2170 5487; baseline 0 -14"><span class='ocrx_word' id='word_1_685' title='bbox 625 5419 795 5473; x_wconf 86' lang='lat' dir='ltr'><strong>Ebnol</strong></span> <span class='ocrx_word' id='word_1_686' title='bbox 828 5420 918 5474; x_wconf 88' lang='lat' dir='ltr'><strong>Asi</strong></span> <span class='ocrx_word' id='word_1_687' title='bbox 954 5429 1013 5474; x_wconf 92' lang='lat' dir='ltr'><strong>ut</strong></span> <span class='ocrx_word' id='word_1_688' title='bbox 1058 5421 1366 5476; x_wconf 87' lang='lat' dir='ltr'><strong>fodiendum</strong></span> <span class='ocrx_word' id='word_1_689' title='bbox 1406 5432 1624 5477; x_wconf 89' lang='lat' dir='ltr'><strong>curaret</strong></span> <span class='ocrx_word' id='word_1_690' title='bbox 1680 5423 1888 5476; x_wconf 88' lang='lat' dir='ltr'><strong>alveum</strong></span> <span class='ocrx_word' id='word_1_691' title='bbox 1917 5423 2004 5487; x_wconf 86' lang='lat' dir='ltr'><strong>qui</strong></span> <span class='ocrx_word' id='word_1_692' title='bbox 2039 5421 2170 5475; x_wconf 71' lang='lat' dir='ltr'><strong>lio!-</strong></span> 
     </span>
    </p>
   </div>
   <div class='ocr_carea' id='block_1_101' title="bbox 623 5509 2169 5582">
    <p class='ocr_par' dir='ltr' id='par_1_101' title="bbox 623 5509 2169 5582">
     <span class='ocr_line' id='line_1_101' title="bbox 623 5509 2169 5582; baseline 0.001 -20"><span class='ocrx_word' id='word_1_693' title='bbox 623 5523 835 5562; x_wconf 86' lang='lat' dir='ltr'><strong>zamutn</strong></span> <span class='ocrx_word' id='word_1_694' title='bbox 870 5509 1218 5578; x_wconf 72' lang='lat' dir='ltr'><strong>pertingeret,</strong></span> <span class='ocrx_word' id='word_1_695' title='bbox 1251 5525 1360 5579; x_wconf 86' lang='lat' dir='ltr'><strong>quo</strong></span> <span class='ocrx_word' id='word_1_696' title='bbox 1403 5511 1614 5566; x_wconf 86' lang='lat' dir='ltr'><strong>facilius</strong></span> <span class='ocrx_word' id='word_1_697' title='bbox 1645 5523 2021 5582; x_wconf 73' lang='lat' dir='ltr'><strong>apportaretur</strong></span> <span class='ocrx_word' id='word_1_698' title='bbox 2054 5512 2169 5564; x_wconf 90' lang='lat' dir='ltr'><strong>fru-</strong></span> 
     </span>
    </p>
   </div>
   <div class='ocr_carea' id='block_1_102' title="bbox 625 5598 2169 5673">
    <p class='ocr_par' dir='ltr' id='par_1_102' title="bbox 625 5598 2169 5673">
     <span class='ocr_line' id='line_1_102' title="bbox 625 5598 2169 5673; baseline 0.006 -24"><span class='ocrx_word' id='word_1_699' title='bbox 625 5607 887 5652; x_wconf 86' lang='lat' dir='ltr'><strong>mentum.</strong></span> <span class='ocrx_word' id='word_1_700' title='bbox 919 5598 1079 5653; x_wconf 84' lang='lat' dir='ltr'><strong>Fodit</strong></span> <span class='ocrx_word' id='word_1_701' title='bbox 1111 5615 1242 5670; x_wconf 80' lang='lat' dir='ltr'><strong>ergo</strong></span> <span class='ocrx_word' id='word_1_702' title='bbox 1276 5602 1474 5657; x_wconf 90' lang='lat' dir='ltr'><strong>Amrus</strong></span> <span class='ocrx_word' id='word_1_703' title='bbox 1503 5602 1701 5658; x_wconf 84' lang='lat' dir='ltr'><strong>ﬂumen</strong></span> <span class='ocrx_word' id='word_1_704' title='bbox 1733 5604 1860 5658; x_wconf 89' lang='lat' dir='ltr'><strong>illud</strong></span> <span class='ocrx_word' id='word_1_705' title='bbox 1891 5605 2036 5673; x_wconf 88' lang='lat' dir='ltr'><strong>quod</strong></span> <span class='ocrx_word' id='word_1_706' title='bbox 2071 5604 2169 5658; x_wconf 86' lang='lat' dir='ltr'><strong>sub</strong></span> 
     </span>
    </p>
   </div>
   <div class='ocr_carea' id='block_1_103' title="bbox 625 5690 2168 5763">
    <p class='ocr_par' dir='ltr' id='par_1_103' title="bbox 625 5690 2168 5763">
     <span class='ocr_line' id='line_1_103' title="bbox 625 5690 2168 5763; baseline 0.007 -26"><span class='ocrx_word' id='word_1_707' title='bbox 625 5697 785 5756; x_wconf 83' lang='lat' dir='ltr'><strong>ponte</strong></span> <span class='ocrx_word' id='word_1_708' title='bbox 811 5699 911 5752; x_wconf 89' lang='lat' dir='ltr'><strong>est,</strong></span> <span class='ocrx_word' id='word_1_709' title='bbox 943 5691 1085 5758; x_wconf 88' lang='lat' dir='ltr'><strong>quod</strong></span> <span class='ocrx_word' id='word_1_710' title='bbox 1123 5690 1344 5746; x_wconf 81' lang='lat' dir='ltr'><strong>Flumen</strong></span> <span class='ocrx_word' id='word_1_711' title='bbox 1369 5691 1702 5760; x_wconf 76' lang='lat' dir='ltr'><strong>imperatoris</strong></span> <span class='ocrx_word' id='word_1_712' title='bbox 1730 5694 1962 5749; x_wconf 76' lang='lat' dir='ltr'><strong>fidelium</strong></span> <span class='ocrx_word' id='word_1_713' title='bbox 1991 5697 2168 5763; x_wconf 52' lang='lat' dir='ltr'><strong>appcio</strong></span> 
     </span>
    </p>
   </div>
   <div class='ocr_carea' id='block_1_104' title="bbox 626 5779 2170 5853">
    <p class='ocr_par' dir='ltr' id='par_1_104' title="bbox 626 5779 2170 5853">
     <span class='ocr_line' id='line_1_104' title="bbox 626 5779 2170 5853; baseline 0.003 -22"><span class='ocrx_word' id='word_1_714' title='bbox 626 5779 766 5831; x_wconf 81' lang='lat' dir='ltr'><strong>latur</strong></span> <span class='ocrx_word' id='word_1_715' title='bbox 799 5793 809 5806; x_wconf 74' lang='grc' dir='ltr'><strong>ο</strong></span> <span class='ocrx_word' id='word_1_716' title='bbox 869 5791 961 5839; x_wconf 86' lang='lat' dir='ltr'><strong>per</strong></span> <span class='ocrx_word' id='word_1_717' title='bbox 989 5780 1127 5849; x_wconf 79' lang='lat' dir='ltr'><strong>quod</strong></span> <span class='ocrx_word' id='word_1_718' title='bbox 1161 5785 1324 5836; x_wconf 82' lang='lat' dir='ltr'><strong>n&#39;avcs</strong></span> <span class='ocrx_word' id='word_1_719' title='bbox 1355 5782 1620 5850; x_wconf 85' lang='lat' dir='ltr'><strong>triticum,</strong></span> <span class='ocrx_word' id='word_1_720' title='bbox 1654 5783 1912 5838; x_wconf 81' lang='lat' dir='ltr'><strong>hordeum</strong></span> <span class='ocrx_word' id='word_1_721' title='bbox 1944 5792 1995 5838; x_wconf 90' lang='lat' dir='ltr'><strong>ct</strong></span> <span class='ocrx_word' id='word_1_722' title='bbox 2022 5784 2170 5853; x_wconf 48' lang='lat' dir='ltr'><strong>legu‘</strong></span> 
     </span>
    </p>
   </div>
   <div class='ocr_carea' id='block_1_105' title="bbox 2266 4603 3805 4677">
    <p class='ocr_par' dir='ltr' id='par_1_105' title="bbox 2266 4603 3805 4677">
     <span class='ocr_line' id='line_1_105' title="bbox 2266 4603 3805 4677; baseline -0.01 -14"><span class='ocrx_word' id='word_1_723' title='bbox 2266 4607 2929 4677; x_wconf 85' lang='lat' dir='ltr'><strong>Constantinopolitanus,</strong></span> <span class='ocrx_word' id='word_1_724' title='bbox 2960 4604 3052 4675; x_wconf 90' lang='lat' dir='ltr'><strong>qui</strong></span> <span class='ocrx_word' id='word_1_725' title='bbox 3083 4616 3137 4660; x_wconf 92' lang='lat' dir='ltr'><strong>et</strong></span> <span class='ocrx_word' id='word_1_726' title='bbox 3166 4604 3428 4658; x_wconf 74' lang='lat' dir='ltr'><strong>Maronita</strong></span> <span class='ocrx_word' id='word_1_727' title='bbox 3463 4603 3609 4660; x_wconf 78' lang='lat' dir='ltr'><strong>fuit:</strong></span> <span class='ocrx_word' id='word_1_728' title='bbox 3654 4610 3805 4654; x_wconf 87' lang='lat' dir='ltr'><strong>annos</strong></span> 
     </span>
    </p>
   </div>
   <div class='ocr_carea' id='block_1_106' title="bbox 2269 4691 3804 4762">
    <p class='ocr_par' dir='ltr' id='par_1_106' title="bbox 2269 4691 3804 4762">
     <span class='ocr_line' id='line_1_106' title="bbox 2269 4691 3804 4762; baseline -0.009 -9"><span class='ocrx_word' id='word_1_729' title='bbox 2269 4715 2359 4753; x_wconf 84' lang='lat' dir='ltr'><strong>sex</strong></span> <span class='ocrx_word' id='word_1_730' title='bbox 2389 4699 2548 4762; x_wconf 83' lang='lat' dir='ltr'><strong>sedit,</strong></span> <span class='ocrx_word' id='word_1_731' title='bbox 2584 4698 2710 4752; x_wconf 89' lang='lat' dir='ltr'><strong>dein</strong></span> <span class='ocrx_word' id='word_1_732' title='bbox 2740 4703 2985 4751; x_wconf 89' lang='lat' dir='ltr'><strong>mortuus</strong></span> <span class='ocrx_word' id='word_1_733' title='bbox 3018 4704 3120 4750; x_wconf 89' lang='lat' dir='ltr'><strong>est.</strong></span> <span class='ocrx_word' id='word_1_734' title='bbox 3162 4694 3318 4748; x_wconf 85' lang='lat' dir='ltr'><strong>Anno</strong></span> <span class='ocrx_word' id='word_1_735' title='bbox 3348 4692 3648 4748; x_wconf 87' lang='lat' dir='ltr'><strong>cbalifatus</strong></span> <span class='ocrx_word' id='word_1_736' title='bbox 3682 4691 3804 4757; x_wconf 77' lang='lat' dir='ltr'><strong>ejus-</strong></span> 
     </span>
    </p>
   </div>
   <div class='ocr_carea' id='block_1_107' title="bbox 2269 4784 3805 4857">
    <p class='ocr_par' dir='ltr' id='par_1_107' title="bbox 2269 4784 3805 4857">
     <span class='ocr_line' id='line_1_107' title="bbox 2269 4784 3805 4857; baseline -0.008 -14"><span class='ocrx_word' id='word_1_737' title='bbox 2269 4791 2390 4843; x_wconf 91' lang='lat' dir='ltr'><strong>dem</strong></span> <span class='ocrx_word' id='word_1_738' title='bbox 2422 4798 2617 4857; x_wconf 91' lang='lat' dir='ltr'><strong>quarto</strong></span> <span class='ocrx_word' id='word_1_739' title='bbox 2647 4797 2862 4843; x_wconf 82' lang='lat' dir='ltr'><strong>creatus</strong></span> <span class='ocrx_word' id='word_1_740' title='bbox 2894 4795 2976 4841; x_wconf 89' lang='lat' dir='ltr'><strong>est</strong></span> <span class='ocrx_word' id='word_1_741' title='bbox 3019 4785 3211 4839; x_wconf 82' lang='lat' dir='ltr'><strong>Petrus</strong></span> <span class='ocrx_word' id='word_1_742' title='bbox 3245 4784 3555 4854; x_wconf 79' lang='lat' dir='ltr'><strong>patriarcha</strong></span> <span class='ocrx_word' id='word_1_743' title='bbox 3599 4784 3805 4836; x_wconf 80' lang='lat' dir='ltr'><strong>Alexan-</strong></span> 
     </span>
    </p>
   </div>
   <div class='ocr_carea' id='block_1_108' title="bbox 2268 4875 3803 4943">
    <p class='ocr_par' dir='ltr' id='par_1_108' title="bbox 2268 4875 3803 4943">
     <span class='ocr_line' id='line_1_108' title="bbox 2268 4875 3803 4943; baseline -0.005 -12"><span class='ocrx_word' id='word_1_744' title='bbox 2268 4883 2486 4943; x_wconf 85' lang='lat' dir='ltr'><strong>drinus;</strong></span> <span class='ocrx_word' id='word_1_745' title='bbox 2518 4877 2777 4932; x_wconf 73' lang='lat' dir='ltr'><strong>blaronita</strong></span> <span class='ocrx_word' id='word_1_746' title='bbox 2811 4877 2943 4941; x_wconf 88' lang='lat' dir='ltr'><strong>fuit;</strong></span> <span class='ocrx_word' id='word_1_747' title='bbox 2974 4891 3096 4927; x_wconf 76' lang='lat' dir='ltr'><strong>cittn</strong></span> <span class='ocrx_word' id='word_1_748' title='bbox 3131 4889 3302 4929; x_wconf 88' lang='lat' dir='ltr'><strong>annos</strong></span> <span class='ocrx_word' id='word_1_749' title='bbox 3339 4889 3531 4931; x_wconf 84' lang='lat' dir='ltr'><strong>novem</strong></span> <span class='ocrx_word' id='word_1_750' title='bbox 3569 4875 3803 4933; x_wconf 71' lang='lat' dir='ltr'><strong>sedisset.</strong></span> 
     </span>
    </p>
   </div>
   <div class='ocr_carea' id='block_1_109' title="bbox 2270 4967 3805 5035">
    <p class='ocr_par' dir='ltr' id='par_1_109' title="bbox 2270 4967 3805 5035">
     <span class='ocr_line' id='line_1_109' title="bbox 2270 4967 3805 5035; baseline -0.005 -11"><span class='ocrx_word' id='word_1_751' title='bbox 2270 4979 2515 5024; x_wconf 89' lang='lat' dir='ltr'><strong>mortuus</strong></span> <span class='ocrx_word' id='word_1_752' title='bbox 2549 4978 2652 5024; x_wconf 89' lang='lat' dir='ltr'><strong>est.</strong></span> <span class='ocrx_word' id='word_1_753' title='bbox 2709 4969 2866 5022; x_wconf 85' lang='lat' dir='ltr'><strong>Anno</strong></span> <span class='ocrx_word' id='word_1_754' title='bbox 2907 4967 3148 5035; x_wconf 84' lang='lat' dir='ltr'><strong>ejusdem</strong></span> <span class='ocrx_word' id='word_1_755' title='bbox 3191 4975 3386 5020; x_wconf 78' lang='lat' dir='ltr'><strong>octavo</strong></span> <span class='ocrx_word' id='word_1_756' title='bbox 3436 4976 3694 5021; x_wconf 74' lang='lat' dir='ltr'><strong>moxtuus</strong></span> <span class='ocrx_word' id='word_1_757' title='bbox 3739 4969 3805 5016; x_wconf 76' lang='lat' dir='ltr'><strong>est</strong></span> 
     </span>
    </p>
   </div>
   <div class='ocr_carea' id='block_1_110' title="bbox 2272 5054 3804 5127">
    <p class='ocr_par' dir='ltr' id='par_1_110' title="bbox 2272 5054 3804 5127">
     <span class='ocr_line' id='line_1_110' title="bbox 2272 5054 3804 5127; baseline -0.008 -12"><span class='ocrx_word' id='word_1_758' title='bbox 2272 5062 2543 5115; x_wconf 82' lang='lat' dir='ltr'><strong>Honorius</strong></span> <span class='ocrx_word' id='word_1_759' title='bbox 2575 5058 2878 5127; x_wconf 86' lang='lat' dir='ltr'><strong>patriarcha</strong></span> <span class='ocrx_word' id='word_1_760' title='bbox 2910 5058 3208 5120; x_wconf 82' lang='lat' dir='ltr'><strong>Romanus,</strong></span> <span class='ocrx_word' id='word_1_761' title='bbox 3256 5056 3348 5124; x_wconf 90' lang='lat' dir='ltr'><strong>qui</strong></span> <span class='ocrx_word' id='word_1_762' title='bbox 3387 5056 3556 5110; x_wconf 84' lang='lat' dir='ltr'><strong>etiam</strong></span> <span class='ocrx_word' id='word_1_763' title='bbox 3591 5054 3804 5109; x_wconf 70' lang='lat' dir='ltr'><strong>Maronis</strong></span> 
     </span>
    </p>
   </div>
   <div class='ocr_carea' id='block_1_111' title="bbox 2269 5143 3802 5221">
    <p class='ocr_par' dir='ltr' id='par_1_111' title="bbox 2269 5143 3802 5221">
     <span class='ocr_line' id='line_1_111' title="bbox 2269 5143 3802 5221; baseline -0.007 -17"><span class='ocrx_word' id='word_1_764' title='bbox 2269 5153 2570 5206; x_wconf 79' lang='lat' dir='ltr'><strong>doctrinam</strong></span> <span class='ocrx_word' id='word_1_765' title='bbox 2609 5151 2890 5221; x_wconf 85' lang='lat' dir='ltr'><strong>amplexus</strong></span> <span class='ocrx_word' id='word_1_766' title='bbox 2927 5148 3052 5210; x_wconf 90' lang='lat' dir='ltr'><strong>fuit,</strong></span> <span class='ocrx_word' id='word_1_767' title='bbox 3091 5157 3250 5216; x_wconf 85' lang='lat' dir='ltr'><strong>atque</strong></span> <span class='ocrx_word' id='word_1_768' title='bbox 3297 5161 3395 5216; x_wconf 90' lang='lat' dir='ltr'><strong>per</strong></span> <span class='ocrx_word' id='word_1_769' title='bbox 3424 5147 3612 5212; x_wconf 89' lang='lat' dir='ltr'><strong>ipsum</strong></span> <span class='ocrx_word' id='word_1_770' title='bbox 3659 5143 3802 5198; x_wconf 74' lang='lat' dir='ltr'><strong>diris:</strong></span> 
     </span>
    </p>
   </div>
   <div class='ocr_carea' id='block_1_112' title="bbox 2269 5237 3802 5307">
    <p class='ocr_par' dir='ltr' id='par_1_112' title="bbox 2269 5237 3802 5307">
     <span class='ocr_line' id='line_1_112' title="bbox 2269 5237 3802 5307; baseline -0.01 -9"><span class='ocrx_word' id='word_1_771' title='bbox 2269 5253 2353 5298; x_wconf 87' lang='lat' dir='ltr'><strong>est</strong></span> <span class='ocrx_word' id='word_1_772' title='bbox 2387 5242 2634 5297; x_wconf 70' lang='lat' dir='ltr'><strong>Ecclesiae</strong></span> <span class='ocrx_word' id='word_1_773' title='bbox 2664 5239 2951 5295; x_wconf 90' lang='lat' dir='ltr'><strong>sententia.</strong></span> <span class='ocrx_word' id='word_1_774' title='bbox 2988 5238 3118 5292; x_wconf 89' lang='lat' dir='ltr'><strong>Post</strong></span> <span class='ocrx_word' id='word_1_775' title='bbox 3162 5237 3332 5307; x_wconf 87' lang='lat' dir='ltr'><strong>ipsius</strong></span> <span class='ocrx_word' id='word_1_776' title='bbox 3375 5237 3594 5290; x_wconf 86' lang='lat' dir='ltr'><strong>obitum</strong></span> <span class='ocrx_word' id='word_1_777' title='bbox 3627 5237 3802 5289; x_wconf 81' lang='lat' dir='ltr'><strong>electus</strong></span> 
     </span>
    </p>
   </div>
   <div class='ocr_carea' id='block_1_113' title="bbox 2271 5324 3801 5399">
    <p class='ocr_par' dir='ltr' id='par_1_113' title="bbox 2271 5324 3801 5399">
     <span class='ocr_line' id='line_1_113' title="bbox 2271 5324 3801 5399; baseline -0.011 -12"><span class='ocrx_word' id='word_1_778' title='bbox 2271 5343 2354 5387; x_wconf 85' lang='lat' dir='ltr'><strong>est</strong></span> <span class='ocrx_word' id='word_1_779' title='bbox 2383 5330 2601 5399; x_wconf 77' lang='lat' dir='ltr'><strong>quidam</strong></span> <span class='ocrx_word' id='word_1_780' title='bbox 2639 5329 2855 5384; x_wconf 80' lang='lat' dir='ltr'><strong>neruine</strong></span> <span class='ocrx_word' id='word_1_781' title='bbox 2886 5328 3202 5389; x_wconf 85' lang='lat' dir='ltr'><strong>Severinus.</strong></span> <span class='ocrx_word' id='word_1_782' title='bbox 3246 5326 3337 5396; x_wconf 88' lang='lat' dir='ltr'><strong>qui</strong></span> <span class='ocrx_word' id='word_1_783' title='bbox 3375 5326 3570 5380; x_wconf 71' lang='lat' dir='ltr'><strong>Romae</strong></span> <span class='ocrx_word' id='word_1_784' title='bbox 3606 5324 3801 5392; x_wconf 79' lang='lat' dir='ltr'><strong>patriar-</strong></span> 
     </span>
    </p>
   </div>
   <div class='ocr_carea' id='block_1_114' title="bbox 2272 5417 3802 5483">
    <p class='ocr_par' dir='ltr' id='par_1_114' title="bbox 2272 5417 3802 5483">
     <span class='ocr_line' id='line_1_114' title="bbox 2272 5417 3802 5483; baseline -0.011 -5"><span class='ocrx_word' id='word_1_785' title='bbox 2272 5426 2368 5479; x_wconf 89' lang='lat' dir='ltr'><strong>cha</strong></span> <span class='ocrx_word' id='word_1_786' title='bbox 2409 5423 2754 5483; x_wconf 88' lang='lat' dir='ltr'><strong>constitutus,</strong></span> <span class='ocrx_word' id='word_1_787' title='bbox 2791 5419 2881 5472; x_wconf 82' lang='lat' dir='ltr'><strong>tibi</strong></span> <span class='ocrx_word' id='word_1_788' title='bbox 2921 5434 3015 5473; x_wconf 89' lang='lat' dir='ltr'><strong>sex</strong></span> <span class='ocrx_word' id='word_1_789' title='bbox 3051 5431 3265 5472; x_wconf 85' lang='lat' dir='ltr'><strong>menses</strong></span> <span class='ocrx_word' id='word_1_790' title='bbox 3298 5417 3564 5480; x_wconf 76' lang='lat' dir='ltr'><strong>sedisset,</strong></span> <span class='ocrx_word' id='word_1_791' title='bbox 3586 5423 3802 5468; x_wconf 84' lang='lat' dir='ltr'><strong>mortuus</strong></span> 
     </span>
    </p>
   </div>
   <div class='ocr_carea' id='block_1_115' title="bbox 2272 5501 3799 5579">
    <p class='ocr_par' dir='ltr' id='par_1_115' title="bbox 2272 5501 3799 5579">
     <span class='ocr_line' id='line_1_115' title="bbox 2272 5501 3799 5579; baseline -0.009 -14"><span class='ocrx_word' id='word_1_792' title='bbox 2272 5521 2374 5566; x_wconf 83' lang='lat' dir='ltr'><strong>est.</strong></span> <span class='ocrx_word' id='word_1_793' title='bbox 2409 5511 2532 5565; x_wconf 81' lang='lat' dir='ltr'><strong>Post</strong></span> <span class='ocrx_word' id='word_1_794' title='bbox 2570 5524 2731 5579; x_wconf 88' lang='lat' dir='ltr'><strong>quem</strong></span> <span class='ocrx_word' id='word_1_795' title='bbox 2777 5509 2984 5562; x_wconf 88' lang='lat' dir='ltr'><strong>electus</strong></span> <span class='ocrx_word' id='word_1_796' title='bbox 3023 5519 3109 5562; x_wconf 88' lang='lat' dir='ltr'><strong>est</strong></span> <span class='ocrx_word' id='word_1_797' title='bbox 3158 5509 3240 5560; x_wconf 91' lang='lat' dir='ltr'><strong>vir</strong></span> <span class='ocrx_word' id='word_1_798' title='bbox 3282 5513 3582 5575; x_wconf 72' lang='lat' dir='ltr'><strong>praestans,</strong></span> <span class='ocrx_word' id='word_1_799' title='bbox 3615 5501 3799 5558; x_wconf 77' lang='lat' dir='ltr'><strong>nomine</strong></span> 
     </span>
    </p>
   </div>
   <div class='ocr_carea' id='block_1_116' title="bbox 2271 5589 3798 5668">
    <p class='ocr_par' dir='ltr' id='par_1_116' title="bbox 2271 5589 3798 5668">
     <span class='ocr_line' id='line_1_116' title="bbox 2271 5589 3798 5668; baseline -0.01 -12"><span class='ocrx_word' id='word_1_800' title='bbox 2271 5601 2529 5664; x_wconf 79' lang='lat' dir='ltr'><strong>Joannes,</strong></span> <span class='ocrx_word' id='word_1_801' title='bbox 2559 5600 2625 5653; x_wconf 87' lang='lat' dir='ltr'><strong>ad</strong></span> <span class='ocrx_word' id='word_1_802' title='bbox 2668 5613 2827 5668; x_wconf 88' lang='lat' dir='ltr'><strong>quem</strong></span> <span class='ocrx_word' id='word_1_803' title='bbox 2865 5613 2988 5652; x_wconf 91' lang='lat' dir='ltr'><strong>cum</strong></span> <span class='ocrx_word' id='word_1_804' title='bbox 3027 5597 3205 5649; x_wconf 86' lang='lat' dir='ltr'><strong>delata</strong></span> <span class='ocrx_word' id='word_1_805' title='bbox 3256 5605 3400 5650; x_wconf 82' lang='lat' dir='ltr'><strong>esset</strong></span> <span class='ocrx_word' id='word_1_806' title='bbox 3455 5595 3629 5650; x_wconf 84' lang='lat' dir='ltr'><strong>istius</strong></span> <span class='ocrx_word' id='word_1_807' title='bbox 3683 5589 3798 5645; x_wconf 73' lang='lat' dir='ltr'><strong>dubii</strong></span> 
     </span>
    </p>
   </div>
   <div class='ocr_carea' id='block_1_117' title="bbox 2273 5678 3796 5760">
    <p class='ocr_par' dir='ltr' id='par_1_117' title="bbox 2273 5678 3796 5760">
     <span class='ocr_line' id='line_1_117' title="bbox 2273 5678 3796 5760; baseline -0.007 -15"><span class='ocrx_word' id='word_1_808' title='bbox 2273 5705 2471 5751; x_wconf 84' lang='lat' dir='ltr'><strong>causa,</strong></span> <span class='ocrx_word' id='word_1_809' title='bbox 2519 5692 2818 5760; x_wconf 86' lang='lat' dir='ltr'><strong>imperante</strong></span> <span class='ocrx_word' id='word_1_810' title='bbox 2868 5695 2997 5744; x_wconf 84' lang='lat' dir='ltr'><strong>tunc</strong></span> <span class='ocrx_word' id='word_1_811' title='bbox 3041 5687 3302 5754; x_wconf 88' lang='lat' dir='ltr'><strong>temporis</strong></span> <span class='ocrx_word' id='word_1_812' title='bbox 3346 5678 3796 5748; x_wconf 80' lang='lat' dir='ltr'><strong>Constantinopoli</strong></span> 
     </span>
    </p>
   </div>
   <div class='ocr_carea' id='block_1_118' title="bbox 2277 5779 3795 5845">
    <p class='ocr_par' dir='ltr' id='par_1_118' title="bbox 2277 5779 3795 5845">
     <span class='ocr_line' id='line_1_118' title="bbox 2277 5779 3795 5845; baseline -0.007 -7"><span class='ocrx_word' id='word_1_813' title='bbox 2277 5783 2522 5842; x_wconf 87' lang='lat' dir='ltr'><strong>ilcraclio</strong></span> <span class='ocrx_word' id='word_1_814' title='bbox 2560 5798 2680 5838; x_wconf 91' lang='lat' dir='ltr'><strong>cum</strong></span> <span class='ocrx_word' id='word_1_815' title='bbox 2717 5781 2880 5838; x_wconf 90' lang='lat' dir='ltr'><strong>fratre</strong></span> <span class='ocrx_word' id='word_1_816' title='bbox 2912 5795 3011 5838; x_wconf 88' lang='lat' dir='ltr'><strong>suo</strong></span> <span class='ocrx_word' id='word_1_817' title='bbox 3037 5779 3419 5842; x_wconf 80' lang='lat' dir='ltr'><strong>Constantino,</strong></span> <span class='ocrx_word' id='word_1_818' title='bbox 3454 5779 3687 5845; x_wconf 68' lang='lat' dir='ltr'><strong>scripsit</strong></span> <span class='ocrx_word' id='word_1_819' title='bbox 3713 5779 3795 5842; x_wconf 77' lang='lat' dir='ltr'><strong>ipse</strong></span> 
     </span>
    </p>
   </div>
  </div>
