3962 6344
115 350 242 423 1109

1474 343 1841 404 ANNALES.

3212 342 3337 406 llltl

113 477 172 532 ad
206 461 646 534 illosrepistolam
682 463 873 532 inqua
889 457 1050 512 dubii
1082 457 1248 511 istius
1269 471 1488 511 causam
1535 455 1667 526 [ex-
1698 465 1741 519 Α
1773 455 1891 524 pori
1937 453 2151 508 Domini
2207 455 2382 508 nostri
2433 453 2635 509 Christi
2683 469 2790 508 non
2822 455 2994 509 fuisse
3038 455 3340 508 voluntates

113 557 330 634 posuit,]
387 554 695 624 analogiam
753 552 918 605 edens
969 563 1066 618 pro
1116 546 1512 616 prmdecessore
1570 561 1670 600 suo

113 651 342 708 llmmrio
372 643 684 716 patriarcha
723 641 989 696 Romano.
1040 635 1294 707 Epistolas
1339 646 1518 692 autem
1568 638 1671 690 ini-

114 750 238 806 tium
291 741 359 793 ita
419 753 478 793 se
527 733 763 788 habuit:
802 731 845 783 Α
891 729 1099 784 Joanne
1149 743 1305 799 papa,
1364 729 1669 798 patriarcha

121 834 376 892 ltnrnano,
427 825 495 878 ad
553 819 859 874 Heraclium
905 823 960 872 et
1005 817 1423 872 Constantinum
1475 816 1670 869 fratres

117 927 464 988 imperatores
524 910 919 982 325-327
979 909 1181 978 quibus
1230 908 1543 964 concredita
1589 915 1672 960 est

109 1009 345 1065 'l‘lmrlesia
391 1004 593 1059 Christi
650 1002 744 1056 Dei
791 1001 942 1066 veri,
999 999 1156 1068 cujus
1200 1000 1289 1053 lux
1335 999 1393 1052 in
1433 998 1671 1052 tenebris

111 1098 420 1169 splenduit;
476 1094 568 1163 qui
621 1107 716 1147 nos
764 1107 792 1146 a
844 1099 1113 1160 potestate
1163 1089 1506 1142 tenebrarum
1552 1088 1673 1142 luce

113 1207 208 1246 sua
261 1188 397 1241 mira
446 1185 716 1246 liberavit,
769 1185 888 1238 luce
923 1197 1046 1236 vera
1085 1180 1170 1232 cui
1215 1179 1378 1232 nullae
1427 1177 1671 1238 admistaa

121 1289 242 1338 sunt
281 1273 552 1340 tenebrae;
600 1275 693 1344 qui
751 1273 1011 1342 sanguine
1078 1272 1261 1325 crucis
1321 1283 1430 1322 sua:
1483 1283 1666 1337 pacem

120 1370 243 1424 fecit
278 1367 417 1420 inter
446 1365 642 1419 malum
679 1370 732 1413 et
765 1371 1001 1422 terram;
1056 1358 1146 1426 qui
1183 1356 1438 1410 Ecclesiae
1477 1351 1668 1408 faciem

121 1473 331 1524 semper
363 1458 624 1509 intuetur.
657 1451 754 1504 Ille
789 1460 874 1503 est
920 1448 1012 1516 qui
1047 1447 1202 1502 vobis
1256 1446 1394 1499 hanc
1443 1445 1669 1513 gratiam

121 1545 261 1604 fecit,
301 1559 335 1597 ο
368 1542 744 1609 imperatores,
781 1546 839 1590 ttt
878 1535 1164 1605 opiniones
1198 1535 1431 1603 optimas
1465 1548 1527 1587 ac
1573 1547 1672 1586 no-

120 1633 411 1689 bilissimas
443 1632 496 1684 in
533 1629 778 1684 Ecclesia
811 1626 1228 1696 profiteremini,
1263 1626 1670 1695 fidemque'per-

119 1723 463 1778 fectissimam
529 1733 592 1774 ac
653 1719 754 1788 ipsi
819 1719 1118 1784 proximam
1188 1715 1664 1784 amplecteremini.

1775 546 1915 601 duas
1970 545 2278 600 contrarias
2326 561 2502 614 neque
2555 545 2959 599 'contradixisse
3008 547 3336 600 voluntatem

1775 636 2084 690 intellectus
2135 635 2306 704 ipsius
2363 635 2627 690 voluntati
2678 634 3032 705 329-331
3071 634 3336 704 corporis,

1777 741 1953 792 neque
1987 727 2157 786 fuisse
2190 735 2469 795 peccatum
2513 727 2586 780 illi
2645 727 2735 796 qui
2790 728 2958 790 venit,
3017 739 3071 782 ut
3128 731 3336 784 tolleret

1775 826 2053 886 peccatum
2085 818 2270 870 mundi
2303 819 2500 884 (ahsit!
2559 818 2674 872 ﬁeri
2714 833 2823 873 non
2879 819 3098 887 potest).
3153 819 3338 888 Neque

1782 905 1946 960 fuisse
1979 906 2212 961 Domino
2243 916 2430 961 nostro
2464 907 2689 961 Christo
2717 916 3001 976 peccatum
3035 908 3116 963 vel
3146 925 3335 968 unum.

1774 1013 1952 1066 neque
1983 999 2038 1052 in
2069 999 2245 1068 ipsius
2300 998 2612 1061 nativitate,
2664 1015 2840 1067 neque
2885 1010 3336 1068 temperamento.

1776 1085 1976 1142 Verum
2007 1088 2238 1142 dicimus
2271 1086 2494 1157 (inquit)
2527 1103 2590 1142 ac
2637 1087 2958 1143 confitemur
3003 1092 3335 1144 voluntatem

1777 1191 1943 1231 unam
1997 1192 2103 1246 qua
2153 1177 2484 1248 dirigeretur
2526 1179 2700 1248 ipsius
2751 1180 3062 1233 humatdtas
3104 1191 3335 1234 sancta:

1775 1283 1882 1320 non
1937 1259 2120 1321 autem
2155 1269 2453 1324 asserimus
2501 1270 2811 1322 voluntates
2845 1271 3335 1330 duascontrarias,

1773 1375 1896 1429 qua:
1945 1359 2246 1414 intellectui
2305 1360 2476 1428 ipsius
2536 1369 2589 1412 et
2642 1360 2858 1426 corpori
2926 1357 3150 1415 fuerint.
3229 1359 3336 1410 lloc

1773 1451 1994 1518 scripsit
2023 1449 2299 1504 Honorius
2330 1449 2640 1518 patriarcha
2666 1449 2950 1503 Romanus
2983 1451 3046 1502 ad
3085 1450 3332 1519 Sergium

1774 1540 2135 1609 patriarcbam
2174 1538 2862 1608 ConstantinOpolitamnn.
2928 1540 3036 1594 Nos
3067 1541 3334 1609 siquidem

1774 1631 2098 1686 confitemur
2145 1630 2282 1685 duas
2330 1630 2638 1686 voluntates
2668 1631 3001 1692 contrarias,
3036 1632 3333 1685 intellectus

1775 1730 1829 1775 et
1859 1721 2105 1790 corporis
2136 1738 2150 1774 :
2187 1720 2331 1791 quod
2362 1721 2752 1776 transferentes
2799 1720 3045 1774 nonnulli
3095 1721 3159 1773 ad
3209 1736 3332 1773 sen-

118 1812 323 1868 Aecidit
360 1811 444 1866 liic
477 1824 564 1864 res
605 1823 724 1877 quze
775 1807 1096 1888 necessario
1136 1805 1407 1861 narranda
1459 1813 1564 1867 est.
1613 1811 1673 1857 υι
1703 1787 1743 1842 Β
1774 1813 1971 1867 tentias
2030 1827 2161 1867 suas
2207 1812 2398 1876 falsas,
2449 1822 2707 1881 putarunt
2765 1809 3064 1866 HonOrium
3109 1814 3332 1880 patriar-

121 1903 283 1968 ipsam
324 1899 627 1966 intelligant
660 1897 750 1964 qui
792 1893 1122 1965 aequitatem.
1151 1895 1360 1980 coluit,
1413 1904 1574 1964 atque
1616 1895 1668 1948 in

122 1991 282 2058 ipsam
314 1988 620 2056 inquirunt,
654 2001 764 2056 quo
798 1987 996 2041 veritas
1021 1981 1520 2056 superiorevadat;
1547 1997 1669 2036 cum

122 2083 182 2132 ad
234 2095 317 2132 tne
371 2078 677 2146 pervenerit
733 2091 978 2146 quaenam
1013 2076 1123 2132 sint
1161 2075 1303 2146 apud
1360 2073 1671 2130 Occidentis

100 2163 277 2216 .etiam
339 2162 544 2215 incolas
601 2161 980 2228 discrepantia:
1042 2172 1096 2216 et
1153 2162 1338 2225 dubia.
1377 2172 1540 2232 atque
1595 2162 1661 2214 ad

103 2269 204 2310 ine
260 2252 525 2320 perlatum
582 2252 652 2306 sit
709 2252 841 2305 illud
893 2267 996 2305 una
1061 2267 1184 2307 cum
1247 2252 1432 2307 fraris
1495 2253 1664 2307 nostri

105 2348 122 2399 ι
147 2345 310 2414 ’yrrhi
345 2345 662 2412 patriarcha
686 2341 1298 2414 ConstantinOpolitani,
1325 2345 1665 2415 aliorumque

106 2436 331 2492 litteris.
387 2432 618 2488 Necesse
651 2443 731 2487 est
787 2448 917 2502 ergo
965 2436 1349 2503 utexplicetur
1399 2451 1484 2490 res
1535 2438 1660 2500 ista,

106 2545 152 2594 (ιι
175 2539 223 2579 ιο
279 2533 390 2578 tota
445 2524 808 2593 diguoscatur.
866 2523 1080 2578 Initium
1126 2525 1292 2595 ipsius
1339 2526 1420 2581 sic
1460 2541 1518 2580 se
1565 2527 1663 2581 ha-

110 2620 239 2681 lct,
281 2617 422 2683 quod
474 2625 596 2668 aute
639 2629 806 2670 annos
861 2617 1074 2670 circiter
1117 2617 1408 2672 octodecim
1451 2619 1663 2673 dicatur

110 2710 285 2778 Cyrus
335 2708 638 2774 patriarcha
689 2707 1084 2762 Alexandrinus
1144 2706 1382 2763 Maronis
1439 2719 1658 2764 senten-

117 2801 240 2851 tiam
285 2798 620 2873 amplexus:
669 2795 954 2860 videlicet,
1007 2795 1233 2851 Domino
1273 2796 1489 2852 Christo
1542 2812 1662 2853 esse

117 2896 340 2940 naturas
401 2888 556 2947 duas,
615 2886 942 2939 voluntatem
1000 2901 1184 2953 unam,
1254 2897 1415 2956 atque
1466 2903 1661 2958 opera-

117 2992 317 3036 tionem
356 2997 538 3035 uuam.
600 2980 751 3046 Quod
803 2999 922 3035 cum
965 2983 1261 3038 audivisset
1322 2984 1661 3054 Sophrouius

113 3075 204 3141 qui
248 3073 556 3141 patriarcha
620 3075 1142 3144 Hierosolytnitanus
1193 3075 1314 3140 fuit,
1375 3091 1495 3130 cum
1545 3077 1661 3145 ipso
1695 3100 1737 3158 ο

114 3165 400 3232 disputans
449 3165 778 3230 argumentis
829 3164 1003 3232 ipsum
1041 3165 1185 3219 vicit.
1224 3165 1360 3220 Tum
1416 3167 1659 3236 Sophro-

112 3254 238 3307 nius
260 3255 325 3307 ad
357 3254 598 3322 Sergium
623 3256 979 3323 patriarcham
1001 3256 1659 3328 Constantinopolitanum

116 3349 417 3416 profectus,
469 3361 590 3400 cum
649 3347 824 3415 ipsum
887 3348 1026 3401 idem
1087 3365 1208 3403 cum
1262 3352 1407 3418 Cyro
1465 3351 1660 3407 docere

117 3439 403 3507 reperiret,
438 3448 598 3506 atque
643 3439 840 3503 dicere,
875 3438 1172 3500 Honorium
1224 3442 1385 3496 etiam
1422 3444 1658 3512 patriar—

115 3530 271 3584 cham
335 3529 638 3583 Ronrauum
704 3530 842 3584 idem
895 3531 1162 3586 aﬂirmare
1217 3531 1382 3603 328
1419 3549 1448 3588 a
1512 3533 1659 3590 Con-

115 3621 468 3688 stantinopoli
524 3621 895 3691 Hierosolyma
957 3639 1206 3680 reversus
1254 3635 1359 3682 est.
1414 3626 1659 3697 Cumque

113 3713 421 3776 patriarcha
471 3722 617 3765 esset
673 3714 816 3781 (eum
869 3712 1162 3782 siquidem,
1204 3725 1422 3786 propter
1469 3717 1656 3774 ortho-

111 3796 330 3851 doxiam
357 3795 528 3865 ipsius
557 3807 860 3866 acceptum,
888 3795 1274 3867 Hierosolymis
1304 3797 1663 3866 patriarcham
1696 3796 1710 3807 ’

110 3886 492 3954 przefecerunt,
548 3886 700 3941 urbis
751 3887 868 3956 ejus
920 3886 1164 3957 incolae).
1203 3887 1398 3942 librum
1449 3888 1515 3944 de
1563 3888 1666 3944 fide

111 3975 352 4045 scripsit,
391 3991 548 4045 quem
582 3977 746 4031 totius
793 3979 979 4032 mundi
1027 3979 1216 4048 incolae
1252 3988 1534 4049 acceptum
1569 3979 1666 4035 hac

111 4066 371 4122 buerunt.
421 4065 542 4120 Hoc
575 4081 698 4121 cum
749 4068 999 4122 scis-isset
1041 4065 1313 4124 Honorius
1358 4072 1664 4140 patriarcha

109 4140 414 4222 Romanus,
450 4171 550 4211 nec
587 4170 693 4210 non
730 4155 977 4226 Sergium
1005 4159 1366 4224 patriareham
1397 4147 1664 4216 Constan-

112 4247 542 4317 tinopolitanum
565 4247 708 4303 falso
732 4247 933 4302 dixisse
958 4249 1136 4318 ipsum
1173 4249 1493 4305 Maronitam
1520 4266 1660 4318 esse,

107 4337 310 4393 librum
345 4337 562 4406 scripsit
595 4337 647 4390 in
683 4352 790 4405 quo
821 4339 1032 4402 asserit,
1072 4337 1358 4394 Dominum
1411 4349 1658 4396 nostrum

1771 1907 1927 1957 cham
1971 1903 2271 1959 Romanum
2320 1903 2624 1958 asseruisse
2682 1901 3020 1957 voluntatem
3076 1917 3234 1956 unam
3282 1903 3333 1955 in

1770 1993 1983 2048 Domini
2037 1993 2207 2048 nostri
2261 1992 2463 2048 Christi
2517 1993 2800 2048 divinitate
2845 2001 2900 2047 et
2951 1994 3332 2047 humanitate:

1769 2082 1915 2150 quod
1954 2083 2048 2151 qui
2077 2093 2390 2147 autumant,
2428 2099 2678 2152 rogarem
2727 2100 2850 2152 ego,
2902 2084 2955 2137 in
2992 2099 3095 2152 qua
3141 2093 3332 2157 natura

1768 2167 1956 2223 dicunt
1989 2186 2148 2224 unatn
2182 2185 2303 2226 esse
2349 2171 2576 2226 Christo
2609 2171 2716 2226 Deo
2764 2174 3143 2228 voluntatem?
3186 2173 3240 2226 Si
3279 2174 3332 2226 in

1769 2261 2056 2315 divinitate
2106 2270 2358 2326 tantum,
2414 2271 2527 2315 tum
2583 2277 2690 2315 non
2740 2272 2824 2316 est
2885 2267 2936 2316 in
2996 2262 3332 2315 humanitate

1772 2349 1945 2418 ipsius
1991 2349 2264 2416 voluntas,
2315 2365 2378 2404 ac
2412 2351 2640 2419 proinde
2703 2367 2810 2405 non
2863 2361 2946 2405 est
2992 2354 3156 2406 homo
3210 2367 3331 2422 per-

1772 2438 1966 2496 fectus.
2026 2439 2123 2494 Sin
2178 2440 2416 2495 dixerint
2461 2441 2514 2495 in
2571 2441 2910 2496 humanitate
2955 2442 3156 2496 Christi
3215 2455 3334 2494 esse

1772 2531 1910 2585 hanc
1934 2531 2290 2594 voluntatem,
2319 2530 2554 2587 dicimus
2571 2532 2704 2602 ipsis
2731 2550 2745 2587 :
2766 2532 3050 2598 Quomodo
3064 2535 3168 2587 erit
3194 2532 3333 2585 Deus

1768 2621 2077 2690 perfectus?
2128 2619 2358 2687 Quodsi,
2387 2622 2602 2679 duabus
2627 2624 2836 2679 naturis
2861 2640 2982 2679 esse
3001 2626 3329 2680 voluntatem

1769 2728 1964 2780 unam;
2007 2715 2108 2769 hoc
2136 2724 2220 2770 est
2249 2715 2394 2785 quod
2428 2716 2546 2772 fieri
2579 2733 2686 2772 non
2739 2728 2934 2787 potest.
2973 2719 3166 2774 Verum
3197 2737 3330 2774 ροη-

1771 2803 1986 2858 fitemur
2017 2804 2690 2862 incarnationem-Christi
2721 2809 2915 2876 unius,
2957 2808 3184 2880 ideoque
3229 2824 3330 2862 nec

1771 2907 2032 2961 negamus
2056 2892 2195 2949 duas
2219 2895 2526 2948 voluntates
2556 2910 2676 2963 qua:
2703 2903 2831 2948 sunt
2857 2895 3067 2948 duabus
3093 2897 3325 2955 naturis,

1770 2994 1837 3031 ne
1865 2981 2233 3048 proprietates
2272 2982 2514 3050 ipsarum
2543 2996 2981 3049 corrumpamus.
3017 2980 3214 3034 Verum
3247 2983 3329 3035 di-

1769 3071 1943 3126 cimus
1980 3053 2464 3143 utrique'duarum
2500 3080 2816 3126 naturarum
2848 3071 3006 3140 332
3039 3071 3240 3127 Christi
3273 3072 3326 3125 in

1768 3161 2149 3217 incarnatione
2196 3177 2443 3235 personae
2478 3162 2664 3225 unius,
2697 3178 2819 3218 esse
2853 3165 3228 3227 voluntatem;
3272 3173 3326 3215 at

1767 3265 1876 3306 non
1926 3268 2047 3308 esse
2076 3253 2214 3308 duas
2251 3267 2530 3323 personas,
2574 3253 3031 3323 quemadmodum
3080 3251 3326 3324 [asserit]

1767 3341 2450 3416 Nestorius‘maledictus.
2506 3342 2608 3408 Qui
2659 3351 2840 3397 autem
2893 3351 3144 3398 asserunt
3189 3342 3325 3397 duas

1763 3448 1883 3488 esse
1961 3444 2188 3490 naturas
2267 3443 2322 3487 et
2399 3435 2729 3490 voluntatem
2803 3449 2969 3489 unam
3051 3434 3319 3488 divinitati

1763 3522 1968 3577 Christi
2002 3534 2054 3578 et
2082 3524 2410 3579 humanitati
2445 3525 2636 3593 ipsius,
2667 3539 2767 3580 nec
2815 3541 2922 3578 non
2949 3526 3320 3594 operationem

1769 3627 1960 3680 unam,
1996 3625 2182 3669 errant
2209 3615 2288 3670 illi
2311 3615 2483 3671 instar
2513 3613 2755 3673 Maronis
2784 3616 3058 3670 maledicti
3089 3633 3103 3670 :
3135 3625 3190 3670 et
3226 3615 3318 3683 qui

1766 3704 1940 3770 aiunt,
1993 3721 2153 3759 unam
2197 3715 2470 3770 naturam,
2502 3707 2834 3760 voluntatem
2870 3722 3029 3760 unam
3088 3713 3142 3760 et
3194 3719 3319 3772 ope-

1762 3795 2026 3850 rationem
2076 3810 2259 3861 unam,
2287 3803 2525 3864 peccant
2583 3797 2753 3851 instar
2801 3795 3050 3866 Eutychii
3101 3805 3154 3848 et
3198 3795 3322 3848 Dio-

1761 3886 1905 3942 scori
1926 3896 1978 3942 et
1994 3885 2181 3942 Severi
2197 3886 2579 3942 haereticorum
2601 3904 2613 3940 :
2633 3884 2799 3955 atque
2821 3889 2934 3940 haec
2951 3893 3032 3941 est
3055 3886 3321 3940 sententia

1763 3973 2160 4057 Jacobitarum.
2198 3973 2398 4030 Verum
2446 3975 2696 4031 doctrina
2730 3990 2859 4030 sana
2891 3985 2945 4030 et
2970 3974 3170 4029 veritas
3209 3989 3321 4026 ma-

1762 4067 1958 4123 nil‘esta
1977 4068 2068 4121 illa
2087 4076 2348 4138 estquam
2368 4068 2712 4138 protulerunt
2733 4067 3004 4131 doctores,
3039 4065 3317 4122 videlicet:

1761 4161 1896 4217 Esse
1944 4157 2180 4216 Domino
2235 4169 2423 4215 nostro
2469 4159 2689 4215 Christo
2733 4159 2869 4214 duas
2909 4169 3153 4222 naturas,
3184 4145 3319 4212 duas

1762 4248 2091 4314 voluntates,
2143 4252 2491 4322 operationes
2519 4248 2660 4304 duas
2687 4256 2742 4302 et
2779 4264 3066 4318 personam
3116 4263 3315 4303 unam:

1761 4354 1884 4394 cum
1915 4339 2252 4410 impossibile
2287 4340 2361 4396 sit
2388 4354 2448 4396 ut
2475 4339 2545 4395 sit
2576 4338 2788 4411 duabus
2823 4340 3034 4394 naturis
3064 4339 3318 4394 voluntas

106 4427 410 4487 Christum,
442 4427 644 4496 quiest
681 4426 932 4496 princeps
964 4428 1105 4492 vitae,
1146 4437 1326 4483 natum
1369 4443 1492 4486 esse
1534 4431 1652 4488 sine
1683 4441 1727 4496 n
1756 4445 1900 4486 una:
1929 4431 2076 4502 quod
2101 4429 2148 4486 si
2164 4446 2322 4488 unam
2348 4431 2572 4486 haberet
2596 4429 2947 4497 voluntatem,
2969 4445 3128 4490 unam
3151 4429 3313 4484 etiam

103 4524 354 4588 peccato.
382 4514 658 4586 Siquidem
680 4515 914 4572 Verbum
938 4532 1032 4587 per
1052 4519 1196 4586 quod
1221 4518 1434 4575 fuerunt
1454 4521 1657 4589 omnia,

102 4623 226 4662 cum
250 4623 282 4663 e
309 4606 447 4662 etelo
473 4607 844 4674 descenderet,
877 4609 1239 4677 assumpsisse
1262 4611 1329 4666 de
1357 4608 1522 4666 Maria
1548 4613 1660 4665 vir-

101 4702 226 4770 gine
257 4713 478 4766 corpus,
518 4713 583 4754 ac
617 4706 808 4752 natura
858 4698 1013 4754 nobis
1058 4699 1232 4755 simile
1261 4698 1464 4757 factum
1499 4717 1655 4769 esse,

103 4796 653 4862 nequaquam'autem
686 4791 962 4843 voluntate
1003 4791 1232 4857 peccati.
1271 4792 1472 4853 Dicere
1508 4793 1652 4849 enim

101 4881 376 4943 Paulum.
411 4880 685 4948 accepisse
714 4879 889 4946 ipsum
945 4879 1352 4938 similitudinem
1404 4892 1650 4939 nostrum

105 4981 449 5040 peccatorum
473 4987 487 5034 ;
516 4985 707 5036 nempe
725 4984 923 5040 corpus
945 4971 1060 5026 sine
1083 4981 1304 5040 peccato
1327 4990 1450 5028 cum
1477 4977 1654 5028 anima

102 5061 384 5125 rationali,
416 5060 790 5122 intellectuali,
817 5071 980 5130 atque
1019 5061 1091 5115 ita
1126 5079 1286 5117 unam
1323 5065 1651 5121 voluntatem

102 5152 204 5219 ipsi
236 5153 414 5206 visum
446 5146 566 5206 esse
595 5166 896 5214 assumere,
941 5167 1060 5218 quas
1106 5155 1430 5210 humanitati
1486 5158 1654 5226 ipsius

100 5253 267 5305 esset,
299 5244 404 5297 non
434 5243 577 5296 sicut
627 5257 725 5297 nos
759 5244 964 5297 scimus
1006 5245 1165 5300 nobis
1206 5261 1326 5300 esse
1373 5248 1508 5303 duas
1558 5263 1654 5302 vo-

102 5336 342 5386 luntates
393 5331 736 5395 contrarias,
793 5348 1021 5400 quarum
1093 5335 1425 5390 voluntatum
1481 5339 1652 5391 altera

101 5424 348 5491 plantata
374 5422 441 5476 sit
479 5422 533 5477 in
569 5422 864 5488 intellectu,
896 5425 1067 5479 altera
1112 5425 1178 5479 in'
1216 5442 1463 5497 corpore,
1511 5431 1653 5484 sint-

99 5528 208 5582 que
266 5516 408 5567 inter
459 5527 519 5568 se
569 5515 891 5581 contraria;
963 5516 1108 5585 quod
1163 5519 1415 5573 universo
1467 5520 1651 5590 generi

99 5602 344 5656 humano
387 5601 689 5673 contingit,
743 5619 866 5657 cum
905 5604 1009 5658 sub
1058 5615 1280 5673 peccato
1311 5607 1404 5669 sit,
1452 5622 1547 5662 nec
1582 5607 1652 5662 sit

99 5695 372 5766 quispiam
407 5711 436 5751 a
485 5702 707 5766 peccato
742 5696 1050 5754 rebellionis
1098 5696 1396 5756 immunis:
1432 5711 1484 5756 at
1531 5716 1651 5756 cor-

1761 4521 1990 4577 haberet
2014 4529 2442 4588 naturam;_cum
2470 4532 2651 4580 autem
2681 4524 2820 4580 duas
2850 4522 3042 4577 habent
3062 4531 3316 4582 naturas.

1759 4614 1898 4670 duas
1935 4613 2098 4668 etiam
2138 4613 2326 4669 habet.
2357 4614 2684 4671 voluntates.
2730 4612 3004 4684 Rogamus
3055 4627 3186 4681 ergo
3222 4627 3317 4665 ves

1761 4713 1819 4758 ut
1864 4703 2106 4774 iubeatis
2158 4705 2410 4761 comburi
2447 4707 2694 4760 chartam
2739 4718 2862 4774 qua:
2904 4701 3202 4756 calumnias
3262 4699 3314 4751 in

1761 4795 1993 4851 Leonem
2030 4797 2390 4865 patriareham
2425 4794 2728 4850 Romanum
2769 4793 3034 4856 continet,
3061 4805 3167 4853 nec
3205 4805 3312 4843 tton

1758 4888 1813 4942 in
1848 4890 2140 4959 concilium
2171 4889 2635 4960 Chalcedonense,
2684 4902 2753 4942 ne
2797 4872 3008 4957 legatur
3041 4882 3191 4937 etab
3232 4885 3316 4937 in-

1745 4979 1976 5034 tellectu
2008 4979 2188 5035 minus
2226 4979 2538 5035 valentibus
2562 4977 2840 5047 probetur,
2877 4976 3142 5043 fidemque
3167 4973 3313 5044 ipsii-

1757 5086 1880 5124 rum
1911 5079 2230 5142 corrumpat
2264 5088 2281 5126 :
2345 5083 2723 5140 rogamusque.
2743 5067 3028 5123 Dominum
3065 5077 3310 5120 nostrum

1756 5161 2038 5216 Christum
2072 5173 2130 5216 ut
2179 5176 2276 5217 vos
2333 5177 2458 5216 cum
2524 5160 2938 5224 misericordia,
2993 5157 3308 5218 clcmdntia,

1755 5261 1918 5320 atque
1951 5252 2153 5305 auxilio
2205 5251 2486 5322 respiciat,
2537 5251 2840 5320 subdatqne
2873 5249 3100 5318 imperio
3128 5255 3306 5300 vestro

1753 5352 1939 5407 gentes
1962 5340 2202 5410 potentia
2236 5340 2410 5410 ipsius
2445 5339 2823 5408 insuperabili.
2855 5337 3146 5406 Epistolam
3170 5335 3310 5389 hanc

1755 5444 1879 5482 cum
1933 5431 2257 5486 absolvisset
2315 5427 2552 5484 Joannes
2621 5429 2928 5499 patriarcha
2991 5428 3309 5490 ltomanus,

1729 5519 1926 5589 ipsam
1959 5522 2104 5576 misit
2147 5536 2247 5591 per
2291 5521 2468 5574 virum
2505 5529 2872 5591 prasstantcm,
2924 5519 3138 5571 nomine
3184 5517 3314 5570 Bar-

1759 5613 1950 5676 sicani,
1996 5605 2252 5667 Ecclesiae
2305 5611 2560 5666 Romanun
2609 5611 3079 5671 archidiaconttm,
3117 5608 3206 5674 qui
3246 5607 3310 5660 ad

1754 5699 2059 5760 lleracl'um
2102 5702 2451 5776 333-335
2501 5712 2553 5758 et
2618 5700 3036 5758 Constantinum
3084 5700 3309 5768 impera-
