3962 6344
129 307 250 394 ιιίδ

1526 327 1885 394 ANNALES.

2509 247 2534 255 ’λ
2555 250 2562 255 -
2571 249 2780 259 -o—sv-—_~
2791 250 2912 261 μη*-
2925 247 3062 262 tam
3073 249 3150 260 vnn»
3159 251 3172 259 ο

3211 249 3348 268 W.

3087 315 3131 392 ‘.
3189 321 3331 390 tttt}

124 440 242 509 perii
268 435 600 491 Constantini
635 436 728 491 lilii
766 435 1113 492 Constantini
1146 444 1360 505 quarto.
1394 435 1644 492 Profecto
1685 444 1734 503 Α
1764 443 1922 497 istius
1972 439 2256 496 sententiae
2303 456 2422 510 qua
2448 436 2706 495 Ecclesia
2746 438 3016 494 contraria
3067 445 3236 500 esset,
3272 447 3326 492 et

124 541 180 582 co
206 525 412 580 Basram
443 523 542 578 fuit
566 525 805 596 pnnlium
829 523 1030 597 Cameli
1057 524 1288 590 ;deinde
1313 539 1434 580 cum
1464 524 1655 581 Cufam
1721 540 1740 558 ο

121 614 361 686 petensin
395 614 605 684 Syriam
637 611 904 681 tenderet,
927 614 1276 681 commissum
1302 623 1383 670 est
1416 616 1656 690 praelium

120 705 466 762 Choruzienso
496 706 547 758 in
589 706 916 759 Nabrawan.
973 702 1105 760 Dein
1135 704 1320 760 Cufatn
1356 707 1532 770 rediit,
1563 706 1654 762 ubi
1718 715 1720 717 ’

120 795 280 862 ipsum
307 792 578 848 interfecit
605 793 1012 847 Abdorrahman
1049 793 1164 849 Ebn
1205 793 1440 848 Milbami
1477 795 1658 850 Alma-

118 881 392 947 sadiensis,
423 881 610 936 decem
657 890 784 938 ante
829 881 1038 936 finitum
1092 899 1334 940 mensem
1395 883 1660 937 Battiada-
1697 898 1700 902 λ

119 987 233 1025 num
263 971 473 1033 diebus,
506 985 649 1024 anno
683 969 861 1025 Heirae
883 972 1330 1043 quadragesimo.
1361 971 1489 1024 Erat
1534 986 1657 1024 cunt

116 1060 441 1115 occideretur
471 1075 739 1115 annorum
773 1061 1053 1130 sexaginta
1101 1062 1291 1138 trium.
1335 1060 1524 1115 Oravit
1561 1074 1658 1122 pro

117 1151 223 1216 ipso
251 1148 391 1204 filius
413 1150 586 1220 ipsius
622 1150 822 1206 Hasan.
858 1151 981 1206 Fuit
1010 1152 1302 1207 chalifatus
1330 1153 1502 1220 ipsius
1561 1165 1660 1204 an-

115 1253 296 1291 norum
347 1250 584 1308 quatuor
614 1249 667 1294 et
705 1241 891 1298 decem
943 1241 1234 1294 mensium.
1276 1240 1488 1295 Fuscus
1536 1239 1657 1304 fuit,

112 1319 658 1398 vt-ntro;prominentc,
679 1330 844 1385 barba
865 1325 1132 1397 promissa
1150 1330 1286 1385 adeo
1303 1338 1361 1384 ut
1374 1339 1546 1385 totum
1559 1329 1660 1399 ipsi

115 1428 288 1487 pectus
311 1419 571 1487 operiret.
599 1417 868 1472 Canitiem
891 1433 1044 1484 suam
1066 1433 1172 1472 non
1199 1407 1660 1487 ntutabat.Sepu1-

115 1517 189 1562 tus
214 1517 296 1562 est
313 1508 366 1562 in
395 1507 680 1578 Garriyan,
707 1508 789 1563 vel
809 1509 1104 1585 secundum
1130 1509 1419 1564 nonnullos
1441 1510 1495 1563 in
1517 1506 1662 1560 Tha-

114 1599 262 1652 wiah.
286 1597 706 1654 Controversum
739 1600 883 1654 enim
905 1612 989 1656 est
1017 1601 1083 1655 de
1109 1603 1229 1654 loco
1255 1601 1552 1671 sepultura:
1577 1599 1661 1666 ip-

116 1689 237 1743 sius.
258 1687 564 1743 Satellitum
586 1689 686 1759 ipsi
708 1689 998 1760 praefectus
1029 1690 1192 1762 344
1216 1690 1314 1744 fuit
1329 1688 1518 1743 Maaka
1542 1686 1660 1742 Ebn

1761 533 1891 607 quid
1938 532 2153 588 initium
2211 533 2312 601 ipsi
2362 531 2626 610 dederat:
2662 540 2723 610 ut
2757 529 2812 584 in
2838 529 3066 584 concilio
3105 526 3325 582 Patrum

1758 613 2068 690 sanctorum
2098 625 2380 678 anathema
2428 608 2786 683 diceretur‘in
2817 620 2968 674 illum
3011 619 3104 688 qui
3143 632 3208 672 eo
3243 617 3329 671 di~

1759 725 1899 776 gnus
1928 719 2090 765 esset.
2140 709 2481 788 Perveniens'
2505 719 2685 763 autem
2726 708 2936 775 legatus
2983 705 3326 788 imperatoris

1760 797 2008 862 Romam,
2049 799 2310 870 Diyanum
2353 786 2556 854 obiisse
2603 797 2826 867 reperit.
2856 795 2922 849 Et
2961 786 3323 869 patriarcham

1763 898 1884 957 pou
1916 889 2088 957 ipsum
2141 884 2325 943 Romae
2356 891 2705 943 constitutum
2738 903 2862 944 esse
2878 888 3152 957 .Agabium
3192 903 3206 938 :
3238 883 3326 943 cui

1764 994 1888 1043 cum
1917 977 2126 1033 litteras
2154 978 2489 1040 tradidisset,
2513 979 2676 1048 348
2704 979 2792 1032 ille
2817 988 3079 1047 quotquot
3103 975 3329 1028 aderant

1762 1064 2048 1133 episcopos
2069 1063 2413 1128 (convocavit,
2438 1066 2530 1132 qui
2564 1077 2788 1130 numero
2811 1072 2966 1118 erant
2993 1071 3209 1116 centum
3241 1061 3320 1112 vi-

1739 1151 1899 1220 ginti
1925 1162 2178 1229 quatuor,
2219 1167 2340 1205 cum
2381 1151 2556 1206 tribus
2587 1149 2855 1214 diaconis,
2900 1165 2964 1203 ex
3011 1149 3076 1203 iis
3114 1147 3203 1216 qui
3257 1149 3322 1200 ad

1759 1243 1931 1296 altare
1951 1241 2130 1310 ipsius
2160 1241 2643 1308 communicarent,
2689 1255 2897 1311 eosque
2941 1255 3049 1294 una
3079 1255 3203 1292 cum
3241 1242 3324 1292 le»

1761 1330 1902 1400 gatis
1926 1329 2282 1398 imperatoris
2315 1329 2480 1383 misit.
2518 1329 2650 1383 Cum
2685 1345 2817 1398 ergo
2857 1327 3325 1395 Constantinopo-

1763 1419 1854 1472 lim
1903 1419 2273 1485 pervenissent
2311 1418 2571 1487 episcopi,
2601 1419 2667 1473 ad
2698 1419 3113 1474 C0ustantinunt
3155 1418 3323 1484 impc-

1763 1515 1994 1562 ratorem
2035 1509 2291 1578 ingressi,
2332 1507 2446 1576 ipsi
2497 1508 2727 1562 salutem
2765 1512 2843 1561 'ac
2892 1507 3324 1562 benedictionem

1761 1584 2099 1667 comprecati
2149 1607 2298 1654 sunt.
2347 1598 2736 1652 Constantinus
2793 1608 2973 1652 autem
3029 1599 3325 1664 imperator

1761 1692 2047 1760 episcopos
2079 1698 2292 1746 centum
2328 1691 2606 1760 sexaginta
2636 1700 2758 1768 octo
2788 1691 3132 1755 convocavit,
3168 1691 3237 1742 ita
3271 1699 3325 1740 ut

123 1777 232 1830 Kisi
260 1777 326 1829 Al
347 1776 689 1846 Zabajensis.
729 1779 962 1846 Janitor,
997 1779 1217 1834 Kanbar
1242 1795 1438 1835 servus
1464 1779 1659 1848 ipsius.
1694 1763 1734 1818 Β
1759 1782 1871 1851 jam
1905 1795 2128 1836 numero
2155 1789 2342 1836 essent
2369 1781 2590 1836 ducenti
2627 1765 2916 1850 nonaginta
2949 1780 3079 1842 duo,
3107 1787 3162 1832 at
3190 1777 3328 1846 reje—

395 1865 693 1932 Cltalt'fatus
733 1866 969 1924 Moawirz
998 1869 1097 1922 Abi
1134 1870 1357 1939 Sofyatt.

171 1948 454 2006 Profectus
515 1952 771 2010 Moawias
810 1953 928 2010 Ebn
983 1957 1085 2012 Abi
1138 1955 1338 2030 Sofyan
1400 1957 1664 2016 Damasco

110 2038 360 2106 Erakum,
383 2041 454 2095 ibi
479 2043 738 2110 praestitis
752 2045 1080 2113 iuramentis
1098 2048 1294 2104 cbalifa
1317 2050 1660 2105 renuntiatus

105 2139 212 2198 est;
246 2146 447 2186 nomen
479 2132 579 2202 ipsi
613 2132 716 2188 fuit
745 2133 917 2189 Sachr
943 2135 1058 2190 Ebn
1083 2135 1249 2195 Harbi
1280 2138 1394 2193 Ebn
1425 2137 1655 2195 0mmiae

107 2219 212 2272 lihn
260 2224 398 2276 Ahdi
439 2222 693 2289 Shemsi;
732 2232 905 2279 mater
933 2225 1104 2294 ipsius
1135 2227 1320 2283 flenda
1367 2229 1475 2284 lilia
1505 2230 1659 2286 Atbaa
1716 2225 1724 2232 ’

106 2303 213 2359 liba
268 2305 496 2376 Rabiat,
529 2307 641 2364 Ebn
685 2311 801 2363 Ahd
874 2308 1112 2366 Shamsi.
1173 2311 1530 2381 inauguratus
1584 2326 1669 2370 est

104 2397 775 2467 menseliabiaaprioris,
822 2408 966 2453 anno
1003 2400 1188 2456 ’He'irae
1253 2405 1692 2476 quadrag’esimd'

103 2487 295 2555 primo,
324 2489 415 2558 qui
458 2491 558 2545 fuit
583 2491 792 2559 imperii
815 2489 1162 2548 Constantini
1199 2495 1291 2550 lilti
1319 2495 1666 2554 Constantini

100 2577 438 2645 imperatoris
487 2576 852 2634 Romanorum
897 2581 1182 2651 decimus;
1230 2585 1449 2655 prefuit
1490 2601 1666 2644 annos

100 2670 468 2724 novcmdecim
513 2678 566 2724 et
591 2671 827 2742 quinque
864 2687 1102 2730 menses.
1156 2675 1313 2732 Anno
1348 2674 1662 2733 Chalifatus

97 2761 216 2826 eius
258 2762 500 2815 secundo
546 2762 872 2816 constitutus
910 2772 991 2818 est
1027 2761 1295 2835 Georgius
1346 2768 1657 2836 patriarcha

103 2849 739 2921 Constantinopolitanos
770 2869 783 2906 :
814 2853 906 2924 qui
934 2867 1111 2910 annos
1133 2849 1319 2910 decem
1342 2855 1509 2921 sedit,
1533 2856 1660 2911 dein

97 2950 349 2996 mortuus
369 2951 471 2997 est.
494 2939 623 3011 Ejus
637 2939 969 3012 praefectura-
991 2955 1136 2998 anno
1152 2942 1394 3002 secundo
1409 2943 1514 2998 fuit
1532 2959 1662 2999 con-

95 3031 284 3085 cilium
313 3038 552 3100 sextum,
582 3031 788 3102 fuitque
831 3040 942 3089 tum
968 3032 1157 3088 Romae
1186 3033 1500 3102 patriarcha
1519 3031 1663 3088 lar-

95 3123 262 3179 tinus.
319 3120 628 3180 Occidentis
671 3131 854 3182 autem
903 3122 1193 3192 prtefectus
1243 3123 1464 3179 nomine
1513 3124 1660 3180 Con-

101 3212 332 3270 stantini
367 3211 712 3284 imperatoris
726 3224 846 3270 crat
867 3215 1086 3286 quidam
1121 3215 1342 3272 nomine
1365 3215 1660 3280 Constans,

93 3306 183 3374 qui
244 3320 373 3362 cum
417 3303 684 3360 Maronita
725 3318 894 3371 esset,
951 3307 1242 3380 Martinam
1294 3307 1658 3378 patriarcham

91 3395 401 3460 Romanum
417 3395 583 3465 jussit
602 3397 843 3452 eamdem
865 3397 1108 3469 proﬁteri
1138 3399 1486 3465 sententiam;
1507 3413 1663 3452 cum--

89 3502 198 3557 quc
221 3487 416 3552 nollet,
448 3487 626 3560 ipsum
656 3489 726 3544 ad
761 3485 949 3545 urbem
981 3490 1276 3560 quamdam
1311 3490 1660 3560 longinquam

91 3580 374 3653 relegavit.
447 3575 578 3634 Erat
636 3589 1001 3645 autem‘tunc
1052 3582 1310 3652 temporis
1365 3583 1664 3636 monachus

88 3670 315 3736 quidam
333 3678 554 3727 sanctus
586 3671 805 3726 nomine
831 3670 1114 3738 Maximus,
1139 3671 1227 3725 cui
1249 3671 1358 3726 duo
1377 3680 1532 3726 erant
1553 3671 1665 3726 dis-

89 3749 284 3832 cipuli.
306 3761 404 3820 llic
417 3765 481 3819 ad
499 3765 848 3820 Constantem
873 3763 1180 3824 praefectum
1207 3763 1472 3818 accedens
1488 3763 1664 3832 ipsum

87 3860 158 3915 ob
188 3857 478 3915 sententiae
527 3871 638 3911 suae
663 3865 714 3911 et
741 3856 918 3911 cultus
946 3856 1281 3925 pravitatem,
1314 3851 1665 3924 345-357

92 3949 512 4005 heterodoxiant
540 3957 700 4015 atque
722 3960 935 4015 gravem
961 3945 1326 4004 infidelitatem
1361 3945 1659 4013 redarguit.

91 4039 271 4096 Jussit
305 4053 433 4109 ergo
466 4038 736 4093 Constans
758 4035 988 4091 Maximo
1016 4051 1216 4095 manus
1250 4050 1313 4090 ac
1348 4035 1512 4105 pedes
1545 4050 1663 4089 am-

88 4129 302 4197 putari,
339 4128 679 4198 linguamque
712 4127 943 4192 extrahi,
983 4136 1143 4195 atque
1173 4129 1350 4196 ipsum
1393 4128 1444 4181 in
1487 4129 1664 4194 locum

87 4221 453 4288 longinquum
501 4219 785 4287 ablegavit.
832 4215 1004 4272 iussit
1047 4218 1209 4271 etiam
1263 4218 1660 4286 discipulorum

86 4308 268 4376 ipsius
317 4307 546 4360 alterum
583 4305 864 4376 prehendi,
897 4305 1146 4376 idemque
1187 4305 1291 4375 ipsi
1330 4306 1444 4362 lieri
1478 4321 1494 4361 :
1527 4306 1663 4360 alter

1765 1873 1866 1925 ctis
1900 1871 2073 1926 tribus
2120 1871 2386 1936 diaconis,
2416 1871 2508 1938 Qui
2545 1871 2612 1924 ab
2642 1870 2848 1941 Agabio
2875 1869 3178 1938 patriarcha
3218 1867 3328 1920 Ru—

1764 1976 1928 2016 mano
1968 1961 2122 2015 missi
2165 1960 2402 2023 fuerant,
2454 1969 2777 2015 manserunt
2827 1960 3061 2028 episcopi
3110 1960 3328 2013 ducenti

1763 2052 2034 2120 octOginta
2071 2065 2262 2122 novem
2292 2067 2307 2104 :
2338 2058 2504 2118 atque
2535 2051 2609 2103 ita
2642 2051 2696 2113 in
2749 2050 3013 2120 diptycbo
3040 2065 3328 2104 recensen-

1767 2151 1870 2196 tur.
1902 2130 2147 2208 ﬁonitate
2171 2155 2302 2209 ergo
2343 2139 2530 2194 auxilii
2561 2139 2755 2202 divini,
2787 2154 2849 2193 ac
2893 2139 3330 2194 mansuetudinis

1764 2224 2106 2280 Constantini
2131 2225 2472 2294 imperatoris
2499 2226 2670 2283 fidelis
2685 2227 3022 2294 praestantia,
3044 2239 3321 2300 peractum

1767 2324 1849 2372 est
1878 2320 1982 2373 hoc
2008 2317 2278 2388 negotium
2308 2333 2419 2387 quo
2457 2317 2513 2373 in
2544 2317 2708 2373 unius
2747 2317 3046 2373 voluntatis
3084 2326 3324 2373 asserto-

1768 2412 1856 2463 res
1901 2411 2172 2471 statutum
2204 2415 2311 2474 est,
2340 2414 2479 2476 quos
2517 2408 2860 2464 anathemate
2889 2415 3278 2478 percusserunt
3312 2425 3326 2460 :

1767 2498 1975 2569 fuitque
2031 2495 2191 2566 huius
2227 2497 2442 2552 concilii
2481 2498 2621 2552 sexti
2669 2511 2870 2566 praeses
2925 2495 3191 2565 Georgius
3237 2513 3332 2566 pa-

1768 2591 2004 2646 triarcha
2039 2589 2694 2657 Constantinopolitanus,
2743 2595 2798 2643 et
2831 2587 3192 2656 Theophanes
3231 2591 3348 2657 pa-’

1766 2666 2001 2735 triarcha
2037 2680 2408 2734 Antioclteuus
2436 2697 2451 2732 ε
2486 2689 2671 2748 utpote
2693 2680 2785 2748 qui
2825 2679 2877 2732 in
2908 2680 3024 2747 ipso
3053 2682 3156 2734 hoc
3201 2695 3331 2732 cou-

1763 2771 1889 2823 cilio
1912 2769 2215 2838 patriarcha
2246 2769 2592 2822 renuntiatus
2627 2775 2734 2834 est,
2767 2783 2889 2821 cum
2917 2767 3211 2832 Macarius,
3233 2769 3325 2838 qui

1732 2867 1889 2915 ante
1929 2859 2104 2928 ipsum
2165 2857 2290 2924 fuit,
2334 2858 2388 2911 in
2421 2872 2486 2912 eo
2515 2857 2862 2914 anathemate
2893 2875 3182 2940 percussus
3213 2870 3317 2914 cst.

1766 2949 2105 3005 Alexandriae
2150 2951 2331 3003 autem
2362 2957 2416 3003 et
2447 2948 2837 3021 Hierosolymis
2864 2950 3169 3020 patriarcha
3200 2959 3330 3006 tunc

1768 3041 2024 3110 temporis
2051 3053 2161 3095 non
2184 3039 2305 3108 fuit,
2332 3046 2563 3112 utraque
2597 3041 2723 3095 sede
2751 3051 3000 3096 vacante.
3025 3041 3326 3094 Attatltcttta

1771 3147 1900 3200 ergo
1916 3131 2172 3187 dixerunt
2189 3131 2242 3184 in
2264 3128 2580 3199 Macarium,
2616 3129 2984 3185 Macedonium
3007 3142 3061 3184 et
3076 3128 3329 3198 Chazjum

1763 3215 2101 3292 patriarchas
2145 3221 2511 3288 Antiochenos
2541 3259 2557 3286 ,
2613 3220 3058 3291 Stephanumque
3113 3219 3329 3275 Macarii

1763 3313 2085 3392 discipulum
2107 3331 2123 3380 ;
2167 3328 2268 3368 nec
2291 3328 2414 3366 .uon
2431 3312 2752 3383 Cyrrum,et
2769 3314 2978 3368 Petrum
2999 3311 3334 3384 patriarchas

1762 3403 2177 3468 Alexandrinos,
2223 3401 2578 3475 δάε-35],
2634 3411 2693 3456 et
2747 3401 3047 3455 Honorium
3096 3400 3328 3470 patriar--

1763 3497 1920 3549 chain
1964 3493 2291 3560 Romanum,
2335 3492 2789 3563 Theodorumque
2841 3492 3091 3554 Paulum,
3114 3500 3177 3571 et
3230 3489 3332 3544 Pen

1766 3601 1905 3644 trum
1935 3586 2272 3656 patriarchas
2301 3583 2941 3654 Constantinopolitanos
2975 3600 2989 3635 :
3028 3582 3325 3649 quinetiam

1767 3681 1822 3747 in
1847 3676 2212 3738 Theodorum,
2246 3673 2440 3728 Paraui
2487 3674 2826 3745 episcopum.
2864 3681 2918 3727 et
2961 3671 3326 3727 llochronium

1769 3767 1861 3836 qui
1894 3764 2079 3820 Simon
2126 3763 2756 3835 Rugus-cognominatus
2779 3771 2885 3819 est.

1836 3852 1959 3909 Fuit
2031 3855 2119 3910 hic
2181 3855 2449 3924 siquidem
2537 3854 2795 3909 sacerdos
2870 3853 3040 3924 Syrus
3117 3851 3334 3906 hetero-

1768 3949 1966 4012 doxus,
2023 3948 2113 4018 qui
2146 3949 2450 4002 autumavit
2479 3946 2756 4003 Christum
2782 3941 2882 4015 ipsi
2917 3948 2970 4000 itt
3005 3960 3200 4000 somno
3223 3959 3324 4014 ap-

1773 4047 2050 4110 parentem
2078 4037 2377 4105 iudicasse,
2407 4042 2635 4092 lstorum
2682 4038 2771 4107 qui
2806 4051 2967 4092 unam
2993 4036 3324 4105 voluntatem

1776 4136 2088 4186 assererent
2110 4144 2290 4186 veram
2319 4144 2440 4184 esse
2485 4131 2838 4184 sententiam.
2875 4126 3335 4194 Constantinopo-

1773 4220 1863 4274 lim
1896 4236 2038 4292 ‘ergo
2089 4219 2358 4275 accedens
2393 4229 2681 4299 postquam
2727 4225 2920 4282 contra
2970 4214 3340 4281 heterodoxos

1773 4315 2036 4361 statutum
2067 4313 2212 4362 esset
2235 4305 2540 4366 decretum,
2576 4302 2696 4356 haec
2720 4317 2950 4357 narrans
2984 4309 3212 4360 conatus
3247 4307 3335 4367 est

87 4400 278 4469 flagris
303 4413 474 4452 caesus
497 4407 619 4452 est:
645 4396 768 4450 dein
795 4406 1083 4465 utrumque
1113 4398 1166 4452 in
1195 4397 1374 4453 locum
1399 4397 1466 4450 ah
1491 4397 1662 4452 altero
1699 4412 1742 4466 ι)
1775 4396 1917 4451 tueri
1969 4394 2296 4451 sententiam
2367 4392 2884 4449 Mooothelitarum:
2926 4405 3095 4458 quare
3153 4389 3335 4459 ipsum

87 4488 252 4556 longe
302 4494 569 4541 remotum
611 4486 836 4554 expulit.
881 4485 1128 4556 Cumque
1170 4486 1401 4542 Martino
1435 4487 1664 4557 patriar-

85 4581 230 4644 chae,
264 4594 333 4635 ac
376 4567 609 4641 Maximo
638 4579 1027 4649 discipulisque
1071 4579 1244 4649 ipsius
1291 4579 1502 4635 duobus
1555 4579 1662 4633 hoc

89 4671 315 4728 fecisset
369 4670 660 4736 Constans,
718 4669 903 4737 Romae
964 4669 1322 4740 patriarcham
1374 4669 1662 4724 constituit

87 4765 272 4820 virum
320 4762 602 4831 quemdam
649 4762 904 4820 eximium
955 4760 1171 4815 nomine
1208 4759 1493 4830 Diyanum.
1527 4758 1662 4812 Cum

86 4864 280 4916 autem
325 4853 522 4910 certior
563 4851 738 4909 factus
765 4861 910 4906 esset
933 4851 1322 4907 Constantinus
1366 4851 1662 4919 imperator

85 4939 272 4999 ﬁdelis
331 4939 399 4993 de
421 4941 568 4992 obitu
591 4938 859 4994 Theodori
889 4939 1205 5008 patriarchre
1231 4937 1478 5001 Romani,
1499 4937 1658 5006 quid-

81 5046 195 5104 que
230 5023 457 5084 fecisset
488 5029 755 5084 Constans
785 5027 1015 5082 Martino
1043 5029 1361 5097 patriarchae
1392 5025 1659 5080 Maximo-

83 5138 194 5191 que
233 5122 506 5176 monacho
549 5130 599 5174 et
631 5121 800 5188 ipsius
843 5119 1147 5188 discipulis,
1193 5117 1659 5186 constitutumque

82 5230 214 5269 esse
264 5212 529 5280 Diyanum
584 5211 942 5280 patriarcham
992 5209 1314 5273 Romanum,
1347 5225 1485 5277 εδει-ε
1537 5211 1650 5263 hch

83 5304 236 5366 tulit,
271 5301 599 5369 scripsitque
625 5301 689 5352 ad
729 5300 904 5368 ipsum
937 5299 1143 5354 litteras
1169 5316 1292 5353 cum
1342 5301 1656 5368 diplomate,

81 5407 300 5463 rogans
338 5401 396 5444 ut
427 5390 960 5458 eprastantissimis,
1002 5390 1094 5458 qui
1146 5389 1214 5443 ad
1260 5395 1432 5444 altare
1481 5390 1656 5459 ipsius

83 5479 608 5554 [cotttmunicanent]
660 5481 928 5549 episcopis
974 5480 1039 5533 ad
1087 5481 1260 5549 ipsum
1298 5481 1557 5546 mitteret,
1593 5479 1658 5532 fi-

81 5571 214 5624 dem
248 5569 356 5638 ipsi
388 5570 588 5624 faciens
615 5585 680 5623 ne
712 5570 927 5624 timeret
949 5571 1264 5639 quidquam,
1291 5586 1475 5624 Verum
1508 5568 1658 5642 [esse

83 5656 222 5719 hoc]
274 5673 384 5717 auo
438 5659 602 5715 sciret
655 5659 1057 5733 Constantinus
1087 5673 1304 5716 causam
1359 5669 1650 5724 ura‘tcxtus

1777 4487 2122 4542 anathemate
2159 4485 2491 4541 devoverunt
2534 4498 2640 4538 una
2673 4499 2793 4541 cum
2849 4482 3016 4537 sociis
3066 4482 3238 4550 ipsius
3277 4489 3331 4534 et

1773 4575 2095 4630 sententiam
2128 4573 2244 4642 ejus
2278 4572 2470 4626 falsam
2521 4570 2849 4638 reiecerunt,
2876 4567 3326 4636 appellaruntquo

1777 4667 1952 4734 ipsum
2023 4666 2270 4720 homines
2317 4663 2592 4718 Simonem
2647 4661 2883 4736 Magum.
2929 4659 3175 4726 Cumque
3215 4656 3326 4723 jam

1775 4757 2124 4811 anathemate
2163 4754 2551 4808 Monothelitas
2591 4752 2823 4808 feriendi
2859 4751 3017 4804 linem
3053 4749 3324 4811 fecissent,

1775 4847 2162 4912 consederunt,
2223 4856 2280 4899 ut
2331 4845 2452 4899 fidei
2496 4843 2807 4914 Symbolum
2859 4850 3088 4904 rectum,
3139 4840 3327 4891 ortho-
3389 4858 3394 4864 ·

1770 4940 2000 5004 doxum,
2041 4936 2338 5009 sincerum,
2368 4933 2704 5003 inculpatum
2755 4932 2855 5000 ipsi
2905 4937 3328 4997 componerent;

1747 5026 2136 5092 dixeruntque
2167 5041 2181 5077 :
2214 5023 2498 5078 Credimus
2523 5035 2681 5074 unam
2704 5036 2732 5071 c
2753 5017 3050 5088 [personis]
3089 5016 3328 5074 Trinita-

1775 5118 1844 5168 tis
1871 5128 1992 5169 csse
2025 5113 2218 5166 Filium
2251 5112 2468 5168 unicum
2498 5114 2588 5180 qui
2620 5119 2700 5164 est
2730 5109 2958 5163 Verbum
3003 5108 3324 5176 antiquum,

1763 5216 2044 5268 aeternum,
2066 5204 2209 5258 Patri
2227 5203 2464 5271 arqualis,
2495 5201 2636 5255 llens
2659 5202 2708 5253 itt
2735 5214 2963 5267 persona
2992 5214 3096 5250 una
3148 5206 3200 5250 ct
3229 5197 3323 5262 hy-

1767 5297 1972 5367 postasi
2002 5310 2104 5348 una
2133 5311 2148 5360 ;
2177 5295 2266 5363 qui
2293 5293 2604 5362 agnoscitur
2627 5290 2893 5359 pot-fectus
2930 5304 3048 5341 esse
3077 5286 3218 5354 quod
3259 5284 3322 5349 ad

1770 5389 2161 5441 humanitatem
2191 5400 2366 5446 suam,
2405 5394 2458 5438 et
2489 5383 2759 5450 perfectus
2803 5379 2947 5450 quod
2980 5380 3044 5431 ad
3070 5375 3323 5429 divinita-

1769 5491 1902 5540 tem,
1931 5480 1983 5532 in
2018 5494 2077 5531 ca
2114 5476 2412 5532 substantia
2453 5490 2572 5542 qua:
2604 5483 2682 5525 est
2721 5472 2977 5525 Dominus
3021 5477 3200 5520 noster
3237 5464 3326 5520 Jev

1769 5589 1862 5624 sus
1898 5568 2166 5631 Christus,
2197 5566 2332 5618 duas
2363 5565 2568 5619 habens
2609 5575 2830 5616 ttatutas
2858 5548 3122 5628 perfectas
3147 5595 3161 5619 ,
3189 5555 3324 5613 duas

1764 5659 2131 5722 ouct'atioucs.
2186 5663 2238 5710 ct
2291 5654 2425 5710 duas
2474 5655 2776 5708 \‘ulunlalcs
2817 5650 2868 5704 in
2914 5660 3142 5716 persona
3188 5657 3315 5708 una.
