3962 6344
531 289 722 301 -....-ε-
763 291 786 294 --

565 365 699 431 1115

1525 362 1822 422 EUTYCH
1835 364 1856 421 Ι
1871 363 1891 420 1
1926 364 1965 420 Λ
1978 360 2117 419 LEX
2131 363 2455 422 ANDlilNl
2491 365 2708 425 PATR.

3625 359 3731 421 lllti

561 477 809 545 Idemque
833 475 1059 546 professi
1093 483 1219 530 snnt
1243 489 1364 529 cum
1385 474 1619 527 concilio
1655 473 2108 538 Chalcedonensi,
2138 475 2184 531 A
2219 483 2387 538 stros,
2434 485 2486 530 et
2527 476 2742 529 dolores
2780 482 2998 529 nostros
3039 473 3306 542 suscepit;
3357 471 3513 538 cujus
3545 471 3733 522 vulnere

559 567 806 621 videlicet
841 565 1005 618 Deum
1054 564 1250 618 Filium
1281 565 1486 616 ultimis
1529 563 1866 630 temporibus
1896 578 2108 615 assuut-
2142 571 2154 582 ’

558 658 735 726 psissc
759 672 821 708 ex
857 654 1096 724 Virgine.
1135 654 1359 706 Domina
1381 652 1542 722 352
1576 652 1736 705 Maria
1767 661 1956 704 sancta
1985 668 2108 706 car-

559 763 661 816 pus
685 747 979 801 Immanqu
1014 762 1132 798 cum
1171 746 1348 798 anima
1394 744 1638 798 rationali
1669 781 1684 804 .
1733 742 2057 795 intellectiva
2089 760 2102 796 :

558 836 720 903 idque
768 853 832 890 ev
883 835 1257 889 misericordia
1315 833 1407 886 Dei
1460 833 1511 886 in
1562 832 1807 885 homines
1856 832 2104 899 propitii:

562 943 735 995 neque
789 929 889 982 hoc
942 934 1100 996 pacto
1129 926 1421 993 contigisse
1451 923 1552 992 ipsi
1580 922 1972 984 conl‘us’onem,
2007 937 2105 976 nec

556 1018 981 1084 corruptionem,
1006 1030 1105 1068 nec
1145 1013 1559 1082 separationem,
1603 1025 1704 1064 nec
1740 1010 2106 1076 divisionem;

558 1108 650 1161 sed
683 1122 802 1160 esse
825 1106 999 1171 ipsum
1025 1120 1188 1158 unum
1227 1104 1536 1162 facientem,
1565 1116 1686 1170 qum
1718 1101 1989 1154 hominem
2028 1099 2108 1152 l'a-

558 1213 681 1251 cere
723 1197 897 1258 decet,
929 1197 981 1249 in
1025 1205 1212 1248 natura
1258 1193 1448 1262 ipsius,
1481 1201 1533 1245 et
1591 1207 1708 1260 qua:
1750 1192 1912 1243 Deum
1961 1189 2106 1242 face-

556 1305 615 1343 re
661 1287 902 1350 dccetin
937 1294 1126 1339 natura
1182 1285 1385 1354 ipsius,
1437 1284 1639 1350 quiest
1690 1280 1859 1333 Filius
1893 1280 2106 1341 unicus,

501 1371 506 1376 “
560 1378 790 1433 Verbum
819 1377 1232 1446 sempiternum,
1267 1376 1692 1442 incorporatum,
1727 1371 1870 1440 quod
1921 1385 2104 1424 revera

557 1473 757 1525 factum
790 1478 876 1524 est
905 1484 1033 1522 caro
1058 1507 1074 1531 ,
1119 1468 1262 1522 sicut
1292 1467 1421 1520 dicit
1455 1463 1798 1529 Evangelium
1821 1471 2102 1515 sanctum:

555 1561 625 1611 ita
671 1559 888 1611 interim
931 1565 988 1611 ut
1039 1571 1143 1609 non
1179 1555 1394 1610 recedat
1444 1568 1472 1605 a
1517 1552 1683 1621 gloria
1737 1565 1835 1604 sua
1882 1561 2105 1611 reterna,

557 1663 735 1716 neque
764 1649 934 1716 ipsam
962 1654 1160 1708 mutet,
1198 1660 1383 1699 verum
1415 1643 1488 1698 sit
1524 1658 1644 1696 cum
1671 1640 1880 1696 duabus
1909 1654 2104 1708 opera-

557 1739 815 1810 tionibus,
847 1738 1058 1792 duabus
1086 1737 1479 1799 voluntatibus,
1509 1745 1561 1790 et
1605 1733 1819 1786 duabus
1871 1732 2106 1792 naturis.

559 1828 703 1883 Deus
729 1805 781 1884 et
817 1830 1002 1894 homo,
1048 1829 1248 1897 quibus
1295 1827 1571 1898 perﬁcitur
1601 1839 1777 1879 sermo
1820 1838 2022 1876 verus:
2057 1830 2116 1874 et
2143 1805 2182 1861 Β

561 1931 854 1989 utramque
893 1931 1144 1975 naturam
1176 1918 1384 1984 operari
1435 1932 1556 1972 cum
1609 1915 1987 1971 communimie
2029 1913 2108 1966 al-

557 2014 750 2073 terius,
797 2011 1010 2064 duabus
1059 2009 1430 2062 voluntatibus
1468 2007 1684 2060 minime
1716 2007 1861 2058 inter
1901 2018 1958 2056 se
1988 2017 2108 2057 cun-

561 2103 763 2163 trariis,
788 2108 883 2153 aut
914 2101 1303 2169 pugnantibus,
1329 2099 1498 2151 altera
1532 2096 1673 2149 aliud
1705 2094 2069 2163 amplectente
2095 2108 2110 2156 ;

558 2208 747 2246 Verum
788 2207 1006 2246 manere
1037 2192 1367 2246 voluntatem
1412 2188 1702 2242 humanam
1747 2187 1798 2239 in
1843 2184 2115 2240 voluntate

560 2285 746 2337 divina
781 2284 1174 2352 omnipotente.
1224 2279 1381 2346 Quod
1414 2279 1519 2334 nisi
1551 2277 1784 2333 Verbum
1817 2273 1936 2333 Dei.
1989 2288 2113 2328 cum

561 2371 938 2431 descenderet,
970 2367 1364 2436 assumpsisset
1399 2365 1670 2419 hominem
1711 2362 1950 2431 undique
1989 2375 2114 2427 per-

559 2459 783 2523 fectum,
820 2460 1012 2513 luisset
1070 2457 1219 2512 salus
1250 2465 1435 2510 nostra
1482 2455 1662 2521 imago
1715 2462 1768 2506 et
1809 2453 2114 2522 phantasia.

561 2548 846 2611 Quomodo
899 2557 1075 2598 autem
1117 2543 1439 2598 conveniret
1496 2541 1909 2595 hcnellcentiam
1979 2553 2119 2606 prte-

562 2637 745 2699 s‘anti,
788 2636 877 2703 qui
914 2643 998 2688 est
1043 2633 1287 2688 medicus
1326 2632 1583 2700 sapiens,
1609 2645 1794 2684 revera
1834 2627 2118 2682 sanitatem

565 2732 698 2782 dans
734 2721 1050 2795 (serundum
1100 2726 1228 2778 illud
1283 2726 1427 2793 quod
1485 2723 1617 2777 dicit
1677 2720 1964 2775 Dlalschias
1996 2735 2120 2788 prec

565 2818 722 2888 pheta
751 2817 998 2870 :(lrictur
1022 2815 1111 2867 Sol
1136 2816 1378 2880 justitiae,
1411 2812 1568 2881 cujus
1607 2826 1798 2864 nomen
1829 2809 2118 2867 timebunt,

565 2909 659 2977 qui
691 2908 906 2979 sanabit
933 2907 1098 2974 ipsos,
1134 2901 1476 2973 gestabitque
1504 2904 1650 2972 ipsos
1670 2901 1770 2955 alis
1791 2899 1951 2967 suis).
1987 2896 2122 2950 illud

565 3014 844 3052 assumere
895 2999 948 3050 in
975 3011 1081 3066 quo
1115 3008 1379 3049 creatura:
1419 2995 1720 3062 antiquitus
1756 2988 2117 3061 353-355

567 3107 704 3143 noxa
726 3091 846 3156 luit,
876 3101 930 3144 ut
954 3101 1093 3144 esset
1114 3101 1390 3158 peccatum
1425 3088 1654 3155 primum
1689 3087 1742 3138 in
1781 3073 1994 3137 homine
2022 3097 2114 3150 pe-

567 3195 664 3233 nes
692 3181 1000 3243 arbitrium,
1047 3180 1374 3232 voluntatem
1397 3219 1410 3240 ,
1447 3190 1498 3230 et
1542 3185 1860 3243 putes-tatem
1910 3189 2063 3228 suam
2098 3174 2120 3226 ?

567 3270 642 3323 Ae
664 3270 934 3338 quomodo
964 3285 1068 3322 non
1101 3277 1244 3323 esset
1277 3269 1377 3320 hoc
1405 3265 1818 3320 necessarium?
1848 3263 1985 3318 Cum
2023 3263 2125 3315 do-

566 3360 744 3412 cuerit
771 3373 868 3412 nos
902 3358 1184 3420 Dominus,
1212 3357 1307 3424 qui
1334 3367 1418 3410 est
1450 3358 1502 3409 in
1543 3355 1666 3408 sinu
1709 3353 1906 3414 Patris,
1951 3351 2121 3405 Filius

569 3451 661 3518 qui
703 3451 853 3502 solus
908 3460 992 3503 est
1047 3450 1202 3512 liber,
1248 3463 1352 3500 non
1409 3460 1620 3508 servus,
1650 3460 1836 3498 verum
1887 3443 2127 3510 seipsum

572 3553 788 3592 servum
825 3538 950 3588 fecit
985 3546 1206 3605 propter
1243 3538 1474 3588 salutem
1508 3542 1748 3587 nostram
1772 3573 1787 3598 ,
1818 3533 2130 3597 dederitque

573 3627 735 3680 nobis
774 3627 1062 3678 victoriam
1104 3626 1155 3677 in
1184 3625 1304 3676 illos
1333 3623 1426 3692 qui
1463 3623 1744 3690 'oquentes
1774 3622 1953 3674 dicant
1986 3619 2130 3671 Ada-

573 3728 720 3767 tnunt
763 3713 1070 3796 necessario
1099 3727 1368 3780 peccasse;
1397 3727 1460 3765 ac
1493 3712 1659 3765 fuisse
1693 3720 1971 3780 peccatum
2010 3709 2126 3762 abs.

573 3819 678 3873 que
751 3804 1026 3857 voluntate
1103 3804 1316 3872 ipsius,
1387 3817 1559 3872 neque
1608 3802 1776 3855 fuisse
1826 3802 1878 3853 in
1936 3809 2129 3852 natura

574 3895 744 3963 ipsius
776 3902 1096 3962 potestatem
1136 3894 1384 3953 liberam,
1409 3907 1513 3959 qua
1543 3907 1572 3944 a
1605 3892 1756 3959 lapsu
1781 3904 1972 3944 cavere
1996 3902 2122 3957 pos-

576 3992 678 4037 set.
725 3984 844 4048 Quo
890 3985 1130 4049 ipsorum
1167 3983 1313 4036 dicto
1357 3981 1563 4035 crimen
1609 3990 1664 4036 et
1715 3980 1986 4033 delectum
2035 3978 2132 4029 im-

576 4073 804 4141 pingunt
835 4072 1080 4126 Creatori
1107 4110 1120 4132 ,
1168 4070 1258 4138 qui
1301 4071 1459 4137 longe
1501 4085 1663 4138 supra
1697 4069 1809 4122 ham
1839 4077 1943 4130 est,
1971 4077 2132 4136 atque

579 4162 842 4216 Adamum
880 4163 931 4214 in
965 4162 1238 4228 peccando
1273 4167 1558 4214 excusant.
1603 4158 1720 4212 Jam
1771 4173 1898 4212 vero
1928 4157 1976 4210 vi
2009 4173 2134 4210 sen-

580 4252 760 4305 tentia:
783 4265 971 4304 eorum
998 4251 1270 4320 prmeipue
1297 4252 1388 4319 qui
1425 4251 1526 4302 hoc
1556 4258 1830 4310 asserunt,
1856 4247 2132 4301 omniurn-

579 4355 689 4411 que
718 4343 806 4410 qui
867 4341 933 4393 iis
975 4355 1262 4394 assensum
1313 4339 1552 4408 praebent
1583 4380 1598 4404 ,
1641 4337 1956 4391 necessario
1981 4351 2130 4390 com—

2147 3134 2194 3196 C

2208 580 2398 619 omnes
2447 568 2623 619 sanati
2666 581 2873 620 sumus.
2903 563 3026 618 Fuit
3057 564 3198 617 enim
3229 573 3286 615 ut
3312 563 3429 614 uvis
3454 577 3572 629 quzc
3601 561 3731 614 ducta

2208 669 2292 710 est
2327 656 2391 708 ad
2427 657 2807 709 maetationcm
2833 699 2848 722 ,
2891 668 2945 712 et
2989 665 3045 710 ut
3090 671 3261 724 agnus
3295 655 3384 722 qui
3418 669 3600 707 coram
3641 662 3733 704 ton-

2207 747 2370 799 dente
2402 746 2578 815 ipsum
2614 748 2850 809 tacebat,
2897 749 2969 801 ita
2995 761 3095 800 nec
3129 761 3191 798 os
3225 746 3454 812 aperuit.
3490 743 3545 795 In
3583 743 3732 794 humi-

2210 837 2429 890 liatione
2453 836 2622 903 ipsius
2643 837 2915 889 sublatum
2939 848 3015 891 cst
3039 837 3294 905 judicium
3319 833 3455 898 ejus.
3492 830 3609 884 Jam
3636 847 3738 883 vero

2208 926 2511 992 intelligant
2565 926 2658 978 lilii
2691 925 2947 981 Ecclesia:
2979 927 3069 978 Dei
3108 927 3192 996 pie
3223 921 3452 995 [ipsum]
3493 922 3734 982 colent-5,

2207 1015 2334 1069 Jesu
2371 1015 2590 1070 Christo
2621 1016 2848 1070 Domino
2889 1025 2943 1070 et
2991 1015 3095 1069 Deo
3131 1024 3314 1069 nostro
3343 1027 3464 1067 esse
3495 1011 3631 1064 duas
3663 1026 3741 1061 na-

2212 1119 2365 1162 turas
2392 1111 2680 1177 perfectas,
2714 1109 2850 1162 duas
2887 1107 3196 1161 voluntates
3241 1115 3294 1158 et
3325 1105 3459 1158 duas
3492 1100 3742 1169 operatio.

2211 1214 2307 1252 nes
2349 1214 2558 1262 revera,
2593 1213 2878 1267 personam
2925 1206 3105 1249 autem
3129 1211 3308 1248 unam.
3352 1192 3462 1247 Hoc
3487 1203 3570 1245 est
3607 1193 3743 1245 testi-

2210 1290 2446 1342 monium
2499 1299 2552 1343 et
2592 1289 2724 1343 ﬁdes
2757 1288 2971 1341 concilii
3023 1286 3161 1341 sexti
3224 1284 3420 1337 sancti.
3469 1283 3745 1337 Conﬁrma-

2210 1387 2336 1430 rnnt
2366 1378 2524 1430 etiam
2557 1379 2697 1446 quod
2736 1379 3192 1431 conllrmaveruut
3238 1373 3476 1440 quinque
3529 1374 3739 1426 concilia

2211 1475 2399 1518 sancta
2427 1465 2642 1530 priora;
2674 1471 2726 1516 et
2749 1462 3092 1514 anathemate
3123 1461 3457 1515 devovernut
3492 1457 3584 1526 qui
3625 1457 3750 1509 illud

2210 1551 2715 1613 anathctnntizaret,
2749 1562 2801 1604 et
2827 1553 3128 1618 reiecerunt
3161 1550 3250 1617 qui
3283 1549 3457 1618 ipsum
3487 1546 3739 1612 rejiccret.

2210 1642 2514 1708 Quinetiam
2540 1641 2694 1694 ﬁdem
2719 1641 3001 1710 Sophronii
3026 1641 3343 1709 patriarchae
3374 1635 3748 1706 Hierosolymi-

2211 1733 2324 1786 tani
2363 1736 2416 1787 in
2453 1733 2681 1786 medium
2711 1733 2969 1800 prolatam
2999 1740 3319 1799 receperunt
3362 1740 3428 1782 (ιι-
3479 1729 3748 1782 conﬁrma-

2214 1834 2359 1878 runt.
2419 1824 2639 1878 Peracta
2675 1831 2802 1876 sunt
2855 1835 3032 1876 autem
3073 1824 3186 1875 ha3c
3225 1824 3434 1889 negotia
3475 1820 3754 1870 auvilaute

2215 1916 2343 1975 Deo,
2379 1925 2429 1968 et
2466 1923 2724 1982 praesente
2746 1912 3108 1965 Constantino
3142 1913 3460 1979 imperatore
3485 1909 3655 1970 ﬁdeli,
3679 1908 3753 1959 cui

2189 2006 2349 2059 -beue
2377 2004 2578 2073 precati
2612 2003 2807 2056 reversi
2838 2010 2962 2054 sunt
2992 2002 3056 2054 ad
3093 2002 3208 2054 loca
3242 2016 3334 2053 sua
3364 2017 3378 2063 ;
3406 2000 3567 2064 idque
3608 1999 3758 2061 impc-

2216 2096 2279 2148 rii
2344 2095 2682 2149 Constantini
2736 2107 2878 2146 anno
2953 2092 3165 2146 decimo
3219 2092 3416 2152 tertio,
3478 2087 3757 2141 chalifatus

2216 2185 2455 2240 Moawiae
2483 2185 2593 2237 Ehn
2627 2185 2723 2238 Abi
2757 2184 2980 2254 Solyani
3012 2192 3229 2252 quarto.
3263 2183 3312 2233 A-
3337 2181 3572 2233 concilio
3597 2188 3766 2230 autem

2219 2280 2414 2348 quinto
2465 2279 2845 2346 episcoporum
2915 2287 3131 2329 centum
3173 2273 3454 2340 sexaginta
3516 2282 3761 2338 quatuor,

2222 2371 2312 2442 qui
2381 2368 2845 2432 Constantinopoli
2893 2372 3275 2446 convenegnnt'
3315 2372 3558 2431 tempore
3607 2361 3764 2414 Justi-

2218 2459 2366 2512 niani
2433 2457 2773 2526 imperatoris
2828 2455 3231 2518 Romanorum,
3293 2454 3356 2506 ad
3409 2463 3620 2506 sextum
3676 2450 3766 2501 hoc

2218 2551 2576 2606 ducentormn
2622 2549 2896 2618 octoginta
2959 2563 3148 2602 novem
3208 2547 3633 2614 episcnpnrttm,
3689 2540 3770 2607 qui

2222 2621 2417 2697 ibidem
2471 2649 2840 2695 convenerunt
2875 2650 3110 2708 tempore
3137 2636 3490 2708 357-359
3516 2637 3772 2686 (‘onstam

2221 2735 2316 2789 tini
2368 2731 2982 2800 imperatoris,centum
3029 2738 3155 2783 sunt
3185 2728 3332 2781 anui.
3366 2726 3616 2787 Cumque
3662 2738 3775 2791 pcr-

2223 2837 2401 2878 actum
2448 2823 2608 2876 fuerit
2657 2823 2759 2875 hoc
2808 2822 3076 2890 negotium
3109 2861 3123 2884 ,
3170 2830 3412 2887 tempore
3479 2816 3667 2884 Agabii
3698 2827 3778 2879 pa-

2225 2915 2480 2968 triarchte
2524 2911 2751 2965 Romani
2797 2911 3002 2974 sancti,
3046 2909 3370 2963 mentionem
3407 2907 3652 2960 fecerunt
3688 2905 3776 2956 lia-

2227 3003 2392 3059 masci
2421 3013 2474 3056 et
2509 2985 2726 3070 Σωσικιὶ
2752 3001 2942 3054 incola:
2975 2999 3212 3054 nominis
3238 2998 3422 3066 Agahii
3454 2996 3771 3064 patriarcha

2228 3094 2453 3163 Romani
2485 3094 2537 3146 in
2575 3093 2852 3161 diptycho,
2891 3091 2958 3144 ab
2991 3105 3056 3142 eo
3081 3090 3145 3142 ad
3185 3090 3284 3141 hoc
3345 3103 3516 3155 usque
3542 3095 3778 3151 tempus.

2300 3186 2543 3240 Mortuus
2573 3193 2654 3237 est
2697 3192 2873 3235 autem
2904 3181 3293 3235 Constantinus
3325 3180 3627 3246 imperator
3663 3176 3779 3228 lide-

2229 3281 2296 3334 lis
2347 3288 2632 3346 postquam
2665 3275 2940 3328 sexdecim
2974 3287 3146 3325 annos
3172 3285 3338 3339 regno
3367 3269 3572 3337 potitus
3612 3274 3782 3326 esset;

2229 3367 2586 3437 regnavitque
2642 3373 2764 3431 post
2807 3365 2983 3431 ipsum
3020 3365 3073 3415 in
3110 3361 3387 3414 Romanos
3429 3358 3576 3410 ﬁlius
3621 3357 3783 3424 ipsius

2229 3457 2578 3515 Justinianus
2613 3470 2786 3508 annos
2815 3452 3103 3507 duodecim
3131 3471 3143 3505 :
3195 3453 3356 3518 idque
3388 3465 3532 3503 anno
3562 3448 3783 3505 chalila-

2231 3557 2318 3601 tus
2351 3546 2587 3598 Moawiaa
2622 3543 2735 3595 Ebu
2767 3539 2883 3610 Aby
2912 3539 3112 3606 Solyan
3142 3547 3355 3590 octavo.

2301 3636 2634 3689 Accedentes
2661 3640 2840 3685 autem
2875 3627 3096 3698 quidam
3125 3626 3190 3679 ad
3221 3623 3595 3680 Justinianum
3627 3624 3785 3698 impe-

2232 3738 2469 3778 ratorem
2495 3725 2798 3778 Romanum
2823 3720 3082 3772 dixerunt
3110 3735 3124 3770 :
3167 3717 3308 3771 Sunt
3340 3731 3370 3768 c
3404 3697 3786 3768 Constantino.-

2231 3817 2487 3886 politanis
2544 3814 2767 3884 quidam
2821 3810 2913 3879 qui
2977 3808 3269 3863 concilium
3329 3815 3591 3867 sextum,
3653 3803 3782 3871 quod

2235 3907 2333 3960 fuit
2360 3916 2604 3974 tempore
2641 3903 2814 3973 patris
2845 3900 2919 3953 tui
2951 3897 3299 3954 Constantini
3321 3937 3335 3961 ,
3363 3897 3697 3964 vituperent,
3730 3894 3784 3946 ad

2233 3997 2430 4050 lalsum
2460 3992 2944 4064 (conﬁrmandum)
2982 3988 3307 4044 convenisse
3335 4002 3429 4042 eos
3459 3995 3784 4040 assi-rcntes.

2232 4087 2450 4142 Mittens
2519 4100 2648 4154 ergo
2702 4081 3050 4136 Justinianus
3132 4078 3430 4147 imperator
3504 4079 3785 4145 episcopos

2233 4185 2452 4230 centum
2487 4174 2703 4241 triginta
2739 4169 3082 4231 convocavit,
3111 4168 3201 4236 qui
3237 4165 3454 4220 concilii
3484 4167 3630 4219 sexti
3675 4180 3782 4218 scu-

2234 4263 2472 4318 tentiam-
2493 4264 2912 4328 conﬁrmarunt,
2937 4264 2992 4310 et
3027 4255 3160 4310 diris
3189 4270 3283 4308 eos
3316 4253 3681 4315 devoverunt,
3705 4252 3782 4319 qui

2237 4352 2342 4422 ipsi
2402 4349 2808 4412 maledicereut,
2874 4347 2955 4400 vel
3015 4344 3492 4405 contradicercnt;
3541 4357 3648 4395 nec
3693 4357 3783 4394 non

580 4431 715 4500 petit
759 4440 1039 4498 peccatqu
1085 4431 1182 4483 toti
1214 4429 1493 4482 hominum
1529 4429 1739 4497 generi.
1785 4426 1894 4481 Nos
1948 4437 2122 4480 autent

2237 4444 2560 4500 sententiam
2612 4441 2864 4511 quinque
2901 4437 3259 4492 conciliormn
3310 4435 3552 4504 priorum
3606 4431 3783 4488 contir-

579 4522 816 4577 dicimus
862 4521 916 4573 in
960 4529 1229 4588 potestate
1269 4519 1458 4572 Adami
1522 4518 1687 4572 luisse
1746 4526 1803 4571 ut
1855 4515 2131 4573 Creatoris

585 4612 897 4666 mandatum
932 4620 1194 4673 servaret,
1228 4625 1324 4662 nec
1349 4625 1454 4662 non
1491 4618 1551 4663 ut
1579 4608 1865 4664 consilium
1892 4608 2132 4660 mulieris

586 4703 870 4768 rejiceret;
912 4706 1252 4754 verum'non
1307 4701 1378 4751 ita
1411 4700 1663 4761 voluisse,
1701 4697 1795 4752 sed
1839 4697 2018 4750 cibum
2065 4711 2129 4750 ex

583 4791 777 4844 arbore
805 4800 855 4842 et
884 4805 914 4843 e
939 4804 1101 4841 manu
1145 4787 1388 4842 mulieris
1425 4787 1723 4854 accepisse,
1781 4785 2133 4854 quemadmo-

587 4882 714 4934 dqu
739 4887 792 4932 et
820 4879 1016 4932 mulier
1044 4878 1330 4932 consilium
1367 4878 1637 4944 serpentis
1670 4885 1856 4930 secuta
1887 4883 1990 4937 est,
2025 4888 2130 4926 non

589 4967 912 5023 necessitate
952 4978 1155 5020 naturae
1179 5005 1194 5028 ,
1237 4968 1329 5020 sed
1366 4965 1733 5020 imbecillitate
1779 4962 2086 5017 intellectus
2117 4978 2131 5015 :

588 5059 796 5125 fuitque
824 5058 925 5111 hoc
967 5058 1138 5125 prima
1171 5057 1445 5111 voluntate
1479 5062 1850 5110 creaturarum
1885 5055 2137 5108 videlicet

593 5147 780 5200 Adami
823 5154 876 5200 et
929 5145 1072 5208 Evze,
1105 5147 1244 5200 unde
1276 5131 1598 5214 acceperunt
1645 5145 1853 5214 plagam
1897 5141 2138 5198 doloriﬁ-

573 5253 736 5300 ‘cam,
765 5245 926 5304 atque
954 5237 1097 5290 unde
1125 5237 1289 5291 etiam
1324 5237 1606 5290 medelam.
1642 5235 1918 5304 Siquidem
1954 5234 2138 5287 Denti-

597 5343 698 5381 nus
728 5337 912 5382 noster
955 5326 1115 5381 Jusus
1156 5328 1405 5381 Christus
1437 5329 1655 5381 morbos
1699 5336 1918 5381 nostros
1967 5325 2139 5379 etdo-

599 5419 965 5472 loresuostros
984 5422 1242 5487 suscepit,
1288 5420 1429 5472 sicut
1464 5418 1598 5471 dixit
1642 5418 1806 5471 Isaias
1841 5421 2134 5486 propheta:

603 5509 913 5575 Aspeximus
946 5524 1068 5562 eum
1110 5525 1209 5563 nec
1266 5510 1428 5579 356
1473 5511 1570 5562 fuit
1616 5513 1716 5577 ipst
1754 5511 1982 5578 species,
2043 5523 2139 5562 nec

604 5597 976 5663 pulchritudo,
1031 5598 1240 5666 fuitque
1285 5600 1728 5669 contemptibilis,
1774 5599 1930 5668 cujus
1993 5599 2139 5652 nulla

605 5685 781 5739 habita
813 5695 894 5743 est
922 5689 1085 5743 "ratio.
1114 5687 1232 5748 ipse
1271 5699 1351 5745 est
1384 5691 1478 5749 aui
1508 5691 1744 5754 portavit
1785 5691 2003 5747 morbos
2040 5705 2137 5745 uo-

2239 4540 2480 4594 marunt,
2528 4532 2660 4586 etin
2694 4545 2786 4584 eos
2831 4528 2920 4598 qui
2965 4542 3024 4581 ca
3084 4525 3641 4584 anathematizarent,
3673 4536 3783 4574 ana-

2233 4625 2415 4680 thema
2451 4623 2725 4685 dixerunt,
2759 4619 2880 4674 dein
2912 4616 3111 4672 reversi
3136 4623 3282 4669 sunt.

2323 4708 2492 4763 Porro
2542 4723 2684 4761 anno
2739 4705 3028 4759 chalifatus
3086 4693 3324 4755 Moawite
3371 4700 3608 4768 septimo
3672 4715 3783 4753 coo-

2243 4801 2468 4856 stitutus
2496 4809 2577 4852 est
2617 4797 2853 4852 Ioannes
2900 4793 3207 4863 patriarcha
3236 4790 3782 4861 liierusolymitanns,

2237 4890 2331 4960 qui
2373 4904 2545 4943 annos
2584 4888 2936 4958 quadraginta
2999 4885 3157 4948 sedit,
3207 4884 3332 4937 dein
3395 4895 3652 4937 mortuus
3695 4894 3781 4936 est.

2237 4977 2513 5032 Manserat
2546 4984 2724 5029 autem
2769 4975 2925 5029 sedes
2960 4971 3448 5042 Hierosolymitaua
3484 4982 3612 5039 post
3660 4987 3781 5024 mor-

2237 5077 2344 5124 tem
2395 5065 2680 5133 Sophronii
2747 5081 2916 5131 usque
2962 5064 3088 5116 dum
3157 5062 3498 5116 sullicnetur-
3563 5063 3782 5117 Joannes

2239 5158 2357 5212 sine
2385 5157 2688 5224 patriarcha
2713 5155 2873 5225 360
2897 5169 3065 5208 annos
3091 5153 3276 5222 viginti
3306 5168 3524 5207 novem.
3549 5153 3776 5206 Mortuus

2238 5256 2322 5302 est
2371 5250 2532 5301 etiam
2588 5246 2854 5316 Georgius
2894 5245 3200 5314 patriarcha
3237 5242 3778 5312 Οωιςιτιηιίιωροιὶιδρ

2241 5354 2365 5404 nus,
2391 5354 2510 5392 cum
2555 5350 2725 5390 annos
2775 5337 2959 5390 decem
2987 5351 3052 5389 eo
3092 5350 3311 5389 munere
3365 5335 3587 5388 functus
3631 5341 3776 5388 esset.

2241 5426 2396 5477 Anno
2445 5424 2729 5477 chalilatus
2770 5421 3003 5475 Moavvi-e
3061 5421 3384 5474 duodecimo
3457 5431 3677 5474 creatus
3711 5427 3779 5472 cst

2243 5513 2478 5567 Thomas
2530 5514 2833 5582 patriarcha
2881 5509 3535 5577 Constantinopolitanus,
3576 5511 3670 5576 qui
3702 5523 3773 5558 an-

2243 5595 2343 5656 nos
2386 5599 2567 5656 decem
2611 5601 2749 5654 sedit
2819 5599 2921 5669 (vel
2967 5598 3121 5667 juxta
3163 5594 3308 5650 aliud
3350 5598 3672 5665 exemplar,
3713 5596 3771 5647 ti-

2245 5691 2419 5758 ginti),
2469 5690 2592 5746 dein
2636 5698 2880 5745 mortuus
2921 5700 3021 5744 cst.
3054 5689 3204 5742 Auno
3230 5687 3518 5744 chalifatus
3547 5688 3768 5751 eiusdem
