3962 6344
166 355 298 419 ill7

1571 361 1941 427 ΑΝΝᾹῐοΕΞτ.

3225 364 3352 432 1ὶ18

166 477 414 531 vicesimo
457 478 619 533 tertio
663 478 872 535 addidit
908 479 1202 536 Molsemab
1231 477 1346 533 Ebn
1401 477 1776 539 MocltalledA
1803 482 1891 538 hic
1927 483 2299 555 Hierosolyma
2342 485 2603 556 templum
2657 483 2804 537 auxit
2851 485 3018 538 donec
3068 495 3270 555 petram
3298 486 3350 538 in

162 568 498 622 Ansartensis
568 579 856 625 structurae
900 570 1086 637 templi
1142 570 1288 638 quod
1332 577 1416 624 est
1451 569 1698 624 Phustali

158 656 311 710 ἥιρει-ἱ
332 697 349 723 ,
381 667 505 727 post
537 659 761 714 Amrum
790 660 960 714 Ebnol
988 659 1102 723 Asi,
1126 661 1342 723 turrim,
1376 660 1464 715 cui
1503 675 1696 715 nomen

156 761 304 802 suum
341 749 642 818 inscripsit.
696 752 867 806 Porro
912 749 1210 820 imperante
1244 752 1506 807 Moawiab
1541 759 1696 820 capta

153 844 234 890 est
276 836 493 895 Rhodos
516 856 547 895 e
583 853 722 896 terra
757 842 1150 899 Romanorum.
1202 846 1315 899 Sub
1342 849 1530 902 eodem
1565 846 1698 899 rha-

155 925 244 980 lifa
291 929 521 998 eclipsin
564 945 759 1000 passus
803 941 885 986 est
927 935 1030 998 sol,
1073 935 1208 991 adeo
1254 945 1312 991 ut
1373 948 1698 1007 apparerent

151 1017 334 1082 stella,
386 1033 534 1073 anno
581 1020 758 1075 lleirm
789 1023 1263 1096 quinquagesimo.
1319 1025 1566 1084 Mortuus
1609 1037 1697 1083 est

151 1116 326 1162 autem
354 1107 615 1164 Moawiab
651 1111 764 1167 Ebn
795 1114 893 1169 Abi
917 1116 1118 1188 Sofyan
1147 1132 1332 1172 mense
1363 1118 1536 1187 Rajeb
1565 1120 1696 1174 anni

149 1194 317 1249 lleirre
347 1203 686 1269 sexagesimi,
733 1207 1135 1274 octogenarius.
1188 1205 1312 1259 Fuit
1350 1217 1532 1262 autem
1566 1209 1696 1263 obe-

149 1287 537 1350 sus,elunibus
592 1294 822 1364 magnis,
863 1303 1074 1350 statura
1115 1295 1318 1357 brevis,
1367 1310 1501 1350 voce
1530 1297 1692 1363 elata,

146 1378 313 1432 oculis
341 1380 712 1446 exstantibus,
781 1390 1000 1452 pectore
1064 1382 1197 1450 lato,
1251 1385 1422 1439 barba
1455 1386 1690 1455 prolixa,

147 1484 299 1536 quam
331 1485 500 1526 succo
525 1471 678 1543 AlNil
729 1474 988 1543 tingebat.
1018 1472 1272 1543 Sepultus
1304 1483 1390 1531 est
1418 1476 1687 1532 Damasci.

151 1559 450 1616 Satellitum
483 1565 773 1632 praefectus
826 1563 928 1634 ipsi
985 1564 1086 1619 fuit
1113 1563 1281 1619 Yazid
1327 1564 1500 1620 Ehnol
1531 1565 1691 1622 Horri

146 1651 199 1702 Al
225 1653 573 1709 Abasiensis.
603 1654 731 1710 Dein
763 1655 890 1712 Kais
921 1657 1031 1711 Ebn
1061 1659 1298 1713 Hamzah
1324 1659 1694 1716 Hamadanen-

143 1742 231 1798 eis.
293 1744 433 1798 Tum
481 1745 663 1800 Dahak
723 1748 835 1803 Ebn
896 1748 1024 1806 Kais
1079 1749 1390 1807 Pharensis.
1451 1751 1685 1818 Janitor,

143 1834 380 1906 Riynhus
407 1851 600 1891 servus
629 1836 820 1905 i‘psius.

415 1925 718 1996 Chalifatus
763 1929 951 1986 Yazidi
993 1933 1110 1987 Ebn
1148 1932 1403 1988 Moawiw.

205 2018 476 2076 Praestitis
513 2020 614 2088 ipsi
653 2021 981 2089 juramentis
1026 2025 1384 2096 inauguratus
1411 2035 1490 2081 est
1526 2027 1692 2082 Yazid

139 2107 246 2180 Ebn
279 2113 524 2168 Moawiae
542 2116 654 2169 Ebn
688 2116 786 2168 Abi
809 2117 1030 2186 Sofyani
1051 2118 1138 2170 cui
1171 2127 1344 2171 mater
1374 2118 1471 2171 fuit
1498 2118 1690 2185 Misua,

142 2205 241 2257 lilia
265 2204 620 2276 361-363
655 2204 901 2260 Yalulaki
933 2207 1255 2272 Calbensis;
1301 2223 1484 2262 mense
1523 2194 1694 2274 aneb

139 2296 259 2348 anni
293 2295 475 2351 illeira:
506 2295 854 2365 sexagesimi.
904 2296 1071 2350 Porro
1104 2296 1421 2352 interfectus
1474 2307 1556 2353 est
1586 2297 1694 2351 Ho-

139 2387 280 2449 Sail),
303 2385 455 2440 ﬁlius
494 2387 606 2442 Alis
629 2387 745 2441 Ebn
776 2387 874 2440 Abi
910 2385 1094 2441 Talebi
1139 2387 1382 2441 Carbala:
1427 2403 1457 2442 e
1486 2389 1692 2442 ditione

138 2475 314 2541 iii-abi,
357 2477 447 2532 die
476 2479 691 2533 decimo
722 2477 968 2532 Mobarra
991 2479 1117 2534 anni
1154 2479 1329 2547 Hejrte
1359 2481 1685 2549 sexagesimi

137 2568 311 2638 primi,
349 2583 527 2624 annos
559 2569 766 2626 habens
806 2570 1082 2639 sexaginta
1127 2578 1262 2633 tres,
1289 2577 1559 2641 caputque
1603 2573 1689 2640 ip-

139 2675 248 2712 stus
274 2659 598 2716 Damascum
632 2661 867 2717 delatum
901 2662 1041 2716 circa
1073 2661 1260 2715 urbem
1289 2670 1556 2730 gestatum
1582 2671 1686 2716 est.

139 2749 326 2823 Orciso
375 2761 556 2805 autem
611 2751 848 2808 Ilosaino
889 2752 1000 2807 Elin
1047 2752 1128 2804 Ali
1176 2751 1289 2805 Elin
1333 2752 1430 2805 Abi
1478 2752 1686 2815 Talelti,

140 2841 392 2906 prodiens
409 2841 672 2896 Abdallah
705 2843 872 2897 libuol
907 2843 1102 2896 Zobair
1128 2843 1298 2897 Ehnol
1322 2843 1526 2896 Awami
1557 2843 1691 2897 Mee-

136 2947 228 2994 ear,
260 2934 546 3002 imperium
583 2935 685 2989 sibi
717 2935 1036 2990 vindicavit.
1062 2935 1231 2991 Mater
1262 2935 1364 3002 ipsi
1401 2934 1499 2988 fuit
1523 2935 1686 2988 Asina

138 3023 239 3076 ﬁlia
279 3023 382 3077 Alii
429 3025 580 3080 Becri
606 3025 760 3095 justi.
798 3025 898 3080 Hic
935 3041 1055 3079 cum
1088 3026 1232 3082 litem
1266 3040 1421 3082 suam
1450 3027 1688 3081 excitas-

1802 577 1977 646 ipsum
2029 576 2255 632 inferret
2305 577 2664 648 hominesque
2711 575 3082 644 Hierosolyma
3111 577 3351 646 peregri-

1799 669 1919 722 nari
1962 667 2150 738 jussit,
2196 669 2473 724 Meccham
2519 684 2646 724 vero
2715 669 2866 724 adire
2933 670 3096 721 vetuit
3133 681 3352 737 propter

1797 758 2125 812 Abdollaum
2175 760 2286 814 Ebn
2326 759 2546 815 Zobair.
2580 760 2727 814 Idem
2768 759 2942 814 Abdol
2989 759 3191 815 Maleeh
3239 760 3349 813 Ειηι

1798 848 2030 902 Marwan
2077 851 2385 904 convocatis
2421 849 2668 904 Damasci
2705 850 3037 905 ChriStianis
3087 849 3245 917 petiit
3285 851 3352 904 ab

1796 939 1927 1009 ipsis
1956 939 2251 993 Ecclesiam
2283 937 2472 994 Sancti
2522 938 2807 1002 Johannis,
2847 939 2990 1008 quod
3020 938 3176 1007 juxta
3218 949 3352 992 tem-

1798 1031 1947 1100 plum
1983 1045 2232 1100 magnum
2265 1042 2406 1084 erat.
2432 1029 2534 1095 Qui
2568 1045 2691 1083 eum
2719 1031 2940 1084 Chaledi
2977 1030 3129 1084 Ebnil
3153 1030 3349 1084 Walidi

1797 1121 2062 1188 scriptum
2092 1117 2426 1183 attulissent,
2455 1117 2686 1171 multum
2725 1117 2837 1172 illis
2865 1119 3106 1186 pecuniae
3128 1119 3351 1181 obtulit,

1795 1225 1907 1278 quo
1961 1209 2194 1265 similem
2240 1209 2345 1263 sibi
2396 1209 2686 1263 ecclesiam
2726 1223 3056 1277 quacunque
3105 1208 3350 1262 Damasci

1775 1300 1948 1372 parte
1982 1301 2218 1364 vellent,
2255 1308 2604 1356 exstruerem
2637 1317 2652 1353 :
2695 1314 2932 1366 cumque
2978 1299 3082 1352 hoc
3128 1298 3353 1362 nollent,

1795 1394 2002 1449 dimisit
2051 1394 2220 1460 ipsos.
2256 1391 2428 1447 Porro
2457 1399 2704 1447 mortuus
2735 1403 2821 1446 est
2843 1391 3084 1444 Thomas
3123 1389 3358 1459 patrisr-

1793 1488 1892 1542 cha
1949 1484 2302 1555 365-367
2351 1483 2748 1545 Antiochenus,
2789 1496 2914 1536 cum
2969 1496 3169 1535 munus
3222 1479 3354 1533 illud

1795 1577 1988 1646 viginti
2022 1591 2198 1630 annos
2231 1574 2482 1641 obiisset.
2515 1573 2674 1626 Anno
2709 1585 2839 1641 ergo
2867 1570 3159 1625 chaliiattts
3183 1569 3356 1637 ipsius

1792 1667 2004 1738 primo,
2042 1665 2376 1721 constitutus
2405 1670 2487 1719 est
2513 1662 2782 1731 Georgius
2827 1661 3138 1729 patriarcha
3170 1660 3358 1713 Antio-

1794 1764 2023 1825 chenus,
2070 1762 2161 1829 qui
2189 1774 2364 1814 annos
2391 1758 2581 1828 viginti
2610 1765 2851 1826 quatuor
2877 1755 3038 1816 sedit,
3062 1753 3183 1807 dein
3209 1767 3356 1807 mor-

1797 1867 1924 1910 tuus
1969 1861 2072 1909 est.
2116 1853 2316 1906 Eodem
2367 1865 2512 1904 anno
2576 1857 2796 1903 creatus
2863 1856 2946 1900 est
2990 1846 3229 1900 Joannes
3268 1859 3358 1913 pa.

1798 1945 2037 1998 triarcha
2069 1939 2745 2009 Constantinopolitanus,
2781 1936 2874 2005 qui
2904 1952 3025 1990 eum
3061 1951 3232 1990 annos
3254 1937 3355 1988 tri-

1795 2039 1944 2106 ginta
1975 2037 2220 2104 quinque
2267 2032 2534 2094 sedisset,
2589 2036 2840 2083 mortuus
2874 2039 2979 2082 est.
3011 2027 3075 2080 Et
3110 2037 3356 2103 mortuus

1791 2137 1878 2183 est
1926 2124 2268 2180 Justinianus
2322 2122 2619 2189 imperator
2664 2119 2982 2172 Romanus:
3031 2124 3155 2185 post
3193 2127 3353 2182 quem

1793 2205 2039 2286 regnavit
2088 2214 2195 2270 Leo
2234 2221 2346 2267 tres
2376 2226 2587 2275 annos,
2617 2211 2742 2265 dein
2794 2214 3046 2262 mortuus
3075 2219 3192 2267 est;
3233 2211 3356 2273 post

1793 2323 1956 2377 quem
2002 2306 2293 2375 imperavit
2335 2303 2590 2358 Tiberius
2629 2301 2889 2356 Romanis
2924 2309 3130 2368 septem
3160 2310 3352 2361 annos,

1792 2403 1953 2469 idque
1986 2405 2129 2452 anno
2164 2395 2455 2452 chalifatus
2488 2393 2645 2448 Abdil
2681 2394 2887 2448 Maleclt
2937 2391 3029 2444 lilii
3098 2387 3351 2443 ltierwani

1793 2493 2005 2546 decimo
2055 2491 2237 2544 tertio.
2271 2487 2420 2542 Misit
2473 2495 2653 2540 autem
2707 2483 2882 2538 Abdol
2935 2482 3138 2535 Malcch
3193 2479 3353 2547 Iieja-

1787 2584 1926 2653 jium
1975 2583 2089 2636 Elin
2121 2581 2366 2649 Yuseph,
2408 2579 2709 2642 Meccham,
2737 2584 3113 2647 Oppugnatum
3161 2573 3357 2628 Abdol-

1790 2674 1973 2728 lalium
2008 2672 2122 2725 Ebu
2154 2670 2355 2724 Zobair
2399 2670 2452 2722 in
2505 2668 2708 2737 templo
2740 2667 3058 2728 Mecchano,
3113 2664 3164 2716 in
3211 2662 3352 2732 quod

1790 2779 1922 2818 saxa
1955 2762 2252 2834 projiciens
2289 2759 2537 2829 Hejajius
2585 2759 2764 2827 ipsius
2808 2757 3085 2826 fastigium
3133 2755 3351 2822 dejeeit.

1790 2851 2036 2906 Metuens
2079 2865 2210 2920 ergo
2260 2849 2528 2903 Abdollah
2598 2862 2664 2900 ue
2723 2848 2776 2898 in
2833 2846 3010 2914 ipsum
3073 2852 3351 2896 corrueret

1790 2940 1957 3005 miles,
1999 2952 2254 3007 egressus
2294 2946 2400 2991 est.
2451 2936 2700 3002 Dixitque
2746 2935 2848 3002 ipsi
2905 2942 3075 2986 mater
3139 2931 3346 2999 ipsius:

1793 3031 1898 3086 Fili
1935 3031 2030 3093 mi,
2085 3031 2130 3083 si
2154 3029 2448 3086 veritatem
2494 3039 2842 3095 propugnas,
2871 3017 3154 3077 veritas‘in
3191 3037 3354 3074 manu

135 3123 234 3179 set,
270 3126 522 3171 mortuus
557 3127 640 3173 est
686 3117 851 3171 Yazid
897 3117 1136 3172 Moawize
1182 3117 1343 3182 filius,
1393 3133 1515 3172 cum
1551 3134 1685 3186 prze-
1724 3125 1765 3185 C
1802 3134 1893 3177 tua
1944 3121 2073 3187 erit,
2111 3119 2268 3189 prodi
2303 3132 2433 3188 ergo
2474 3115 2538 3170 ad
2581 3118 2773 3186 ipsos:
2832 3114 3098 3183 siquidem
3143 3112 3356 3166 occisus

135 3207 518 3264 fuissetannos
543 3219 653 3265 tres
688 3222 737 3264 et
768 3209 1177 3269 menses8.Post
1203 3212 1379 3281 ipsum
1409 3211 1682 3284 [imperio]

135 3300 479 3354 substituitur
515 3302 655 3357 filius
683 3302 854 3372 ipsius
905 3303 1160 3359 Hoavrias
1212 3303 1326 3358 Ebn
1359 3301 1520 3361 Yazid
1563 3305 1681 3359 Ebn

135 3391 376 3446 Mnawiae
429 3393 786 3464 quadraginta
830 3395 969 3450 dies.
1030 3393 1152 3449 Fuit
1216 3395 1317 3463 ipsi
1381 3396 1680 3450 satellitum

135 3481 446 3548 praefectus.
474 3482 689 3549 Hamid,
725 3484 836 3538 Ebn
877 3485 1118 3540 Charbat
1155 3486 1272 3541 Elin
1307 3486 1529 3542 Yahdae
1564 3485 1690 3540 Cal~

134 3571 374 3640 biensis;
433 3575 556 3628 dein
612 3575 778 3630 Amer
818 3575 932 3631 Ebn
979 3577 1264 3632 Abilollahi
1309 3576 1686 3634 Hamadanen-

135 3663 225 3718 sis.
259 3664 496 3728 Janitor,
530 3665 747 3720 Safwan
775 3667 1000 3722 libertus
1036 3668 1230 3738 ipsius.

405 3757 703 3828 Chalifatus
724 3759 967 3812 Μενωαηί
990 3757 1148 3813 Ebnil
1171 3760 1411 3814 Hacemi.

199 3848 556 3919 inauguratus
610 3857 695 3904 est
754 3849 985 3904 Merwau
1048 3849 1218 3905 Ebnol
1272 3849 1490 3906 Haccmi
1567 3850 1682 3906 Ebn

133 3940 267 3994 Abil'
295 3942 411 4004 Asi,
444 3941 559 3996 Elui
591 3941 872 4004 Ommaize,
903 3942 1018 3996 Ebn
1046 3940 1432 4006 Abd-Shemsi,
1454 3943 1544 3997 cui
1574 3957 1686 3997 ma-

136 4041 214 4086 ter
235 4041 352 4088 erat
382 4033 625 4087 Amenah
659 4032 761 4086 filia
788 4033 1043 4098 Alkemre,
1091 4032 1206 4086 Ebn
1250 4032 1467 4088 Safwan
1499 4035 1684 4089 Aleat-
1732 4050 1735 4052 ·

135 4123 263 4183 iani,
295 4137 484 4177 mense
518 4121 688 4190 Rajeb
715 4123 842 4176 anni
869 4120 1192 4192 sexagesimi
1220 4121 1396 4190 quarti
1426 4139 1439 4174 :
1483 4121 1685 4177 Abdol-

137 4212 216 4269 Iah
266 4222 445 4266 autem
483 4211 594 4266 Elin
629 4211 824 4266 Zobair
867 4210 1061 4266 Meccae
1114 4225 1175 4265 se
1201 4210 1681 4279 continebat;.ne-

1799 3211 1988 3278 fueris,
2025 3218 2233 3279 martyr
2280 3208 2425 3273 eris,
2467 3205 2883 3274 cumveritatis
2923 3203 3097 3276 gratia
3133 3201 3358 3256 interfe-

1791 3313 1914 3357 ctus
1939 3303 2036 3356 sis.
2066 3301 2167 3355 Cui
2197 3299 2287 3391 ξιξ
2323 3315 2338 3351 :
2393 3298 2596 3364 Mater,
2640 3308 2750 3350 non
2792 3295 2957 3348 timeo
3005 3309 3103 3363 ego
3129 3293 3354 3354 eaedem,

1787 3407 1928 3462 mgre
1952 3398 2130 3445 autem
2169 3381 2282 3444 fero
2317 3397 2376 3441 ut
2415 3385 2759 3458 ignominiae"
2783 3398 3048 3453 exponat.
3111 3381 3352 3448 Respon-

1787 3485 1868 3539 dit
1901 3485 1990 3538 illa
2021 3501 2035 3536 :
2080 3483 2181 3536 Fili
2220 3481 2318 3546 mi,
2350 3481 2468 3535 ovis
2503 3478 2594 3534 ubi
2623 3475 2864 3548 jugulata
2894 3476 3055 3529 fuerit
3076 3489 3181 3527 non
3203 3473 3356 3526 timet

1786 3575 2238 3634 excoriationem.
2275 3571 2471 3628 Fertur
2519 3570 2686 3624 etiam
2717 3576 2889 3622 mater
2921 3567 3023 3634 ipsi
3059 3565 3230 3618 musci
3282 3563 3352 3616 li.

1796 3671 1953 3726 bram
2001 3665 2292 3722 bibendam
2335 3663 2573 3718 dedisse.
2609 3659 2746 3715 Tum
2789 3660 2854 3712 ad
2895 3656 3162 3726 Hejajium
3224 3671 3355 3724 pro-

1787 3761 1944 3814 diens
2019 3756 2282 3827 pugnavit
2333 3754 2510 3808 donec
2586 3748 3027 3810 interficeretur,
3094 3744 3354 3811 erucique

1753 3840 2025 3909 'Mecebaa
2081 3832 2272 3903 aﬂixus
2337 3857 2443 3902 est.
2491 3843 2954 3926 'Olfaciebantque
3023 3838 3275 3892 homines
3321 3851 3355 3890 e

1785 3959 2020 4014 corpore
2053 3941 2226 4011 ipsius
2255 3937 2426 3993 musci
2460 3935 2684 3992 odorem
2708 3933 2898 3986 diebus
2929 3930 3136 3983 multis.

1855 4033 2083 4090 Occisus
2116 4041 2201 4088 est
2230 4042 2407 4084 autem
2453 4025 2620 4097 368
2666 4021 2928 4077 Abtlolla‘h
2980 4020 3094 4073 Ebu
3142 4017 3341 4070 Zobair

1786 4139 1972 4182 mense
2025 4122 2242 4178 lomada
2293 4118 2481 4189 priori,
2526 4115 2656 4171 anni
2719 4113 2892 4182 Hejra:
2956 4110 3342 4179 septuagesimi

1783 4215 1954 4279 tertii,
1990 4214 2044 4268 in
2066 4211 2326 4267 chalifatu
2357 4207 2530 4263 Abdil'
2567 4204 2734 4259 Malee
2764 4203 2877 4258 Ebu
2897 4201 3156 4255 Mcrwan.
3181 4199 3352 4253 Porro

134 4319 235 4366 que
267 4303 591 4372 permissum
614 4313 732 4359 erat
768 4302 1015 4360 Damasci
1048 4309 1138 4358 aut
1157 4301 1458 4356 Palastina‘.
1484 4301 1682 4356 incolis
1785 4307 2012 4377 eclipsin
2049 4318 2244 4374 passus
2275 4309 2359 4356 est
2408 4299 2490 4355 sol
2529 4296 2664 4352 adeo
2698 4303 2768 4393 ut.
2804 4301 3122 4363 apparerent
3182 4288 3349 4344 steltze

135 4394 592 4463 Peregrinationes
616 4393 788 4455 obire.
829 4393 1158 4461 impediente
1188 4392 1334 4462 ipsos
1369 4390 1873 4463 MerwanO.“uie
1940 4397 2100 4462 lunae,
2169 4394 2363 4448 ultimo
2418 4389 2648 4446 Ιοιηεὼθ
2712 4381 2950 4456 p'rioris,
3013 4385 3134 4437 anui
3173 4381 3347 4435 ηρςτω

137 4484 312 4540 εὺηθῚ
345 4483 587 4550 liacemi,
614 4493 833 4554 propter
866 4483 1226 4543 Abdollahum
1252 4481 1678 4536 Ehnol‘Zobair.
1710 4471 1762 4507 υ
1788 4485 2168 4560 septuagesimi
2212 4482 2413 4552 quarti.
2449 4479 2574 4534 Fuit
2601 4487 2778 4531 autem
2821 4475 2874 4530 in
2909 4471 3140 4541 Egypto
3179 4471 3346 4524 Abdol

135 4576 603 4644 Cmumissumque
671 4576 832 4646 364
881 4585 965 4630 est
1015 4573 1258 4644 praalittm
1300 4571 1432 4642 Mar]
1496 4570 1684 4645 [prati]
1789 4581 1916 4634 Aziz
1947 4578 2060 4630 Ebn
2093 4575 2324 4628 Merwan
2352 4573 2520 4627 frater
2544 4569 2698 4625 Abilil
2733 4565 2939 4628 Maleci,
2972 4565 3064 4633 qui
3095 4563 3347 4631 templum

136 4667 173 4722 Β
195 4669 296 4721 ιῐιει
328 4683 451 4721 eum
481 4666 696 4721 Dadako
726 4665 838 4719 Ebn
869 4665 995 4720 Kais
1027 4662 1312 4719 Pharensi.
1335 4662 1690 4730 Mortuusque
1788 4683 2040 4739 magnum
2073 4665 2219 4735 quod
2246 4661 2490 4718 Pltustati
2533 4659 2637 4714 fuit
2665 4659 2901 4713 dirutum
2934 4654 3023 4726 [de
3053 4652 3215 4722 novo]
3249 4669 3347 4706 ex-

135 4765 208 4812 est
231 4757 457 4811 Merwan
484 4758 650 4810 Ebnol
671 4755 911 4817 Haremi,
933 4769 1114 4810 mense
1129 4753 1310 4807 Rabiae
1335 4751 1530 4822 prioris
1559 4749 1686 4803 anni

1793 4759 2009 4814 struxit.
2060 4757 2335 4825 Apparere
2377 4760 2556 4805 autem
2607 4749 2662 4803 in
2717 4748 2836 4816 ipso
2891 4754 3128 4812 (mperat
3177 4743 3346 4812 lepra,

136 4847 440 4916 setttgcsimi
489 4848 688 4915 quinti,
745 4859 870 4899 cum
921 4833 1126 4899 fuisset'
1158 4843 1477 4913 przefeetura
1515 4841 1686 4910 ipsius

1793 4868 1953 4924 quare
1985 4852 2167 4906 urbem
2197 4849 2416 4903 Holwan
2443 4845 2544 4915 ipsi
2581 4845 2854 4913 elegerunt
2889 4840 3082 4894 medici
3113 4856 3126 4890 :
3156 4840 3207 4892 in
3240 4855 3344 4907 qua

136 4948 316 4986 n~-vem
390 4936 684 4988 mensium.
747 4932 896 4988 Obiit
949 4948 1122 4987 annos
1176 4944 1340 4985 natus
1407 4929 1683 4999 sexaginta

1793 4956 1914 5010 ergo
1942 4940 2058 4993 loca
2099 4950 2392 4992 consessus
2425 4933 2711 4988 aediﬁcavit
2737 4973 2750 4993 ,
2805 4945 2900 4984 nec
2932 4944 3036 4983 non
3085 4929 3345 4996 piscinam

135 5041 312 5080 u'tum.
345 5024 471 5080 Fuit
503 5035 682 5082 autem
721 5040 1003 5094 proCerus,
1038 5022 1210 5086 rufus,
1243 5021 1417 5077 oculis
1451 5021 1680 5090 glaucis.
1786 5031 2042 5102 grandem
2074 5043 2197 5098 qua;
2228 5027 2421 5081 ibidem
2462 5032 2566 5088 est,
2599 5031 2761 5090 atque
2800 5021 2866 5075 ad
2899 5022 3066 5088 ipsam
3096 5057 3111 5081 ,
3150 5034 3342 5086 aquam

138 5113 382 5184 Sepultus
413 5124 494 5170 est
527 5116 796 5170 Damasci.
857 5115 1123 5169 Satellitio
1157 5117 1276 5183 ejus
1298 5112 1513 5182 prmfuit
1537 5112 1681 5181 Yaya

1793 5120 2080 5175 cientibus
2119 5117 2210 5187 qui
2259 5117 2313 5169 iu
2364 5124 2566 5176 monte,
2615 5113 2677 5165 Al
2711 5112 2999 5165 Mukattam
3055 5109 3342 5178 appellato,

137 5205 244 5260 litui
287 5207 413 5266 Kais
450 5207 773 5264 Asanensis.
834 5206 1045 5260 Janitor
1086 5205 1187 5276 ipsi
1244 5204 1349 5281 fuit
1406 5202 1680 5259 Abusahel

1793 5226 1932 5277 sunt,
1969 5214 2236 5268 derivavit
2271 5227 2364 5280 per
2398 5209 2652 5271 fornices,
2687 5222 2824 5274 quos
2881 5220 3053 5271 usque
3081 5200 3146 5252 ad
3179 5199 3346 5268 pisci-

137 5293 309 5366 N33":
331 5297 558 5352 ιῖδθτῑυε
591 5299 781 5350 mauis
808 5297 1002 5366 ipsius.
1784 5320 1906 5360 nam
1945 5304 2246 5358 exstruxit:
2285 5315 2449 5369 super
2470 5298 2666 5367 quibus
2689 5306 2743 5350 et
2771 5295 2964 5349 solium
2990 5294 3215 5347 vitreum
3261 5291 3340 5345 fe-

337 5386 638 5458 Chalifatus
664 5387 826 5440 Abdil
856 5386 1045 5440 Maleci
1082 5386 1195 5439 Ebn
1225 5384 1475 5438 .ilerwan.

1793 5396 1880 5449 cit.
1915 5394 2276 5461 Erogavitque
2317 5388 2560 5444 llolwani
2597 5402 2790 5441 aureos
2821 5385 3014 5438 millies
3045 5384 3329 5436 millcnos:

205 5477 559 5549 lnattguratus
581 5489 664 5536 cst
690 5480 847 5533 Altdil
882 5479 1067 5532 Maleci
1113 5479 1226 5531 Ebn
1268 5479 1503 5532 Merwm
1540 5476 1679 5530 ΕΙ)ηο
1781 5485 2148 5552 plantavitque
2184 5485 2234 5535 in
2269 5497 2330 5536 ea
2364 5479 2604 5546 dactylos
2633 5493 2645 5528 :
2678 5476 2905 5547 singulis
2937 5483 3114 5528 autem
3139 5472 3330 5527 dielms

141 5569 411 5636 ci-Acemi,
449 5571 563 5625 Elm
597 5572 736 5625 Abil‘
773 5571 885 5637 Asi,
932 5575 1017 5625 cui
1056 5581 1226 5624 mater
1254 5570 1534 5640 Ayessbah
1571 5571 1675 5624 lilia
1775 5573 1925 5630 Jovis
1961 5575 2087 5630 inde
2116 5574 2437 5628 Pliustatum
2479 5570 2748 5638 equitans,
2805 5567 2874 5621 ibi
2925 5567 3186 5631 reliquum
3218 5562 3328 5615 diri

145 5657 386 5728 tioawiaa,
413 5663 526 5716 Elm
564 5663 779 5733 Mogira:
823 5661 937 5718 Ebn
970 5662 1091 5716 Abil
1119 5661 1214 5717 Asi
1237 5703 1251 5727 ,
1280 5661 1394 5716 Eb"
1418 5661 1676 5717 Ommaia:
1777 5665 1934 5720 istius
1961 5679 2082 5718 cum
2119 5669 2278 5716 nocte
2312 5660 2622 5728 insumpsit,
2651 5660 2772 5712 dein
2803 5656 3048 5711 oratione
3083 5653 3185 5707 dici
3219 5651 3330 5706 Vc-

145 5747 251 5803 ii-‘m
268 5751 382 5806 Abd
413 5753 649 5816 Sliemsi,
677 5768 816 5809 anno
841 5753 1177 5811 sexagesimo
1212 5755 1418 5807 uuinto.
1457 5751 1674 5809 Mittens
1775 5758 1922 5814 neris
1949 5763 2163 5820 peracta
2188 5751 2557 5810 revertebatur
2579 5748 2906 5806 ilolwanam.
2936 5744 3140 5800 Struin
3163 5743 3323 5800 etiam
