3962 6344
525 309 655 375 1119

1506 296 1889 371 EUT'YCHll
1916 305 2445 367 ALEXANDRINI
2488 305 2697 365 PATR.

3577 298 3692 363 1120

521 420 717 475 ibidem
749 422 1052 476 columnam
1078 436 1182 492 qua
1214 420 1556 477 mensuratu'r
1585 437 1738 490 aquae
1774 422 1872 474 Nili
1900 412 2066 488 Egy-
2100 418 2141 473 A
2173 435 2421 488 magnum
2449 428 2617 475 totum
2647 418 2831 481 diruit,
2857 426 3014 486 atque
3043 414 3386 487 373-375
3409 413 3536 468 illud
3564 413 3694 480 quod

521 511 682 577 ptiaci
702 512 1372 569 incrementum.Fuerunt
1393 520 1569 567 autem
1586 513 1685 580 ipsi
1713 514 1819 566 duo
1843 513 2071 567 cubicue

522 595 642 650 larii
673 594 970 653 Christiani
1007 601 1285 664 Melchitae,
1318 601 1513 669 quibus
1547 601 1855 669 petentibus
1882 610 1936 654 ut
1965 600 2068 655 sibi

519 691 863 744 exstruendae
895 693 1139 746 ecclesia:
1170 693 1378 760 copiam
1420 694 1643 754 faceret.
1681 692 1808 746 illud
1841 706 2067 746 conces-

519 778 609 830 δτι.
644 776 966 832 Siruxerunt
990 797 1117 851 ergo
1154 780 1437 836 ecclesia-it
1459 782 1641 836 Sancti
1673 782 1927 846 Joannis,
1948 781 2072 835 Hol-

521 867 691 931 Watti;
728 884 848 937 qua:
882 871 1114 938 ecclesia
1142 885 1306 939 parva
1331 880 1451 935 est,
1480 877 1642 939 atque
1672 870 1935 939 appellata
1970 869 2071 924 fuit

517 957 745 1012 ecclesia
788 961 1021 1014 Duorum
1062 961 1549 1016 Cubiculariurum.
1582 961 1784 1016 Statuit
1836 961 1973 1014 idem
2007 970 2068 1014 ut

515 1043 735 1117 Egypti
797 1050 1148 1120 369-371
1215 1052 1476 1105 tributum
1530 1050 1809 1123 [diversis]
1856 1051 2067 1107 vicibus

522 1140 874 1207 penderetur,
912 1144 1140 1209 singulis
1179 1142 1384 1197 scilicet
1416 1142 1607 1198 diebus
1638 1141 1865 1197 Veneris
1920 1156 2067 1212 pars,

517 1240 665 1285 metu
701 1247 769 1286 ne
801 1232 891 1287 lite
924 1234 1100 1303 aliqua
1136 1234 1447 1290 suboriente
1491 1235 1603 1304 regi
1653 1239 1898 1305 pecuniis
1931 1253 2069 1307 opus

522 1324 693 1387 esset;
732 1336 903 1391 neque
931 1325 1002 1377 ita
1035 1314 1211 1377 facere
1236 1323 1441 1377 destitit
1467 1324 1633 1380 donec
1668 1327 2067 1385 interiit-eretur

520 1411 782 1465 Abdollah
826 1398 995 1468 Ebnol
1049 1412 1266 1479 Zubair,
1300 1425 1355 1472 et
1389 1417 1696 1473 absolutum
1743 1430 1889 1475 esset
1914 1420 2071 1475 Abdil

523 1502 729 1558 Maleco
776 1504 890 1559 Ehn
942 1504 1538 1577 Mervvaniimperium.
1570 1508 1852 1566 Profectus
1890 1520 2068 1566 autem

520 1595 697 1649 Abdol
763 1596 891 1651 Aziz
982 1596 1363 1677 Alexandriam
1458 1614 1603 1656 anno
1676 1603 2097 1672 septuagesimo.

522 1697 736 1751 quarto.
763 1688 912 1744 viros
934 1689 1177 1760 regionis
1226 1691 1385 1747 istius
1429 1691 1723 1760 primarios
1774 1694 2072 1764 prehenso:

522 1776 574 1829 in
602 1778 752 1833 vicos
783 1785 837 1833 et
873 1779 1028 1835 villas
1080 1780 1389 1847 distribuit;
1450 1782 1745 1855 unicuique
1773 1785 1954 1849 villa,
1989 1796 2101 1842 se»

521 1869 756 1923 cundum
790 1871 1051 1927 rationem
1077 1872 1272 1936 adium
1306 1888 1370 1928 ac
1394 1874 1692 1941 vinearum,
1724 1889 1787 1931 ac
1816 1892 2071 1946 generum

519 1957 754 2029 frugum.
797 1946 999 2015 certam
1041 1963 1284 2032 pecuniae
1308 1979 1574 2021 summam
1600 1972 1902 2037 imponens.
1927 1969 2076 2024 Pon-

519 2057 627 2105 tem
660 2051 821 2106 etiam
850 2055 1117 2108 exstruxit
1142 2055 1234 2123 qui
1283 2070 1447 2125 supra
1486 2057 1663 2111 rivum
1716 2057 1905 2113 Amiril
1951 2058 2072 2112 hiu-

520 2142 704 2197 menin
755 2144 1121 2214 [imperatoris
1155 2146 1410 2221 fidelium]
1475 2150 1803 2205 extenditur.
1846 2149 2073 2220 Fuitque

517 2230 594 2284 illi
635 2232 689 2285 in
720 2235 899 2288 animo
934 2245 1104 2300 ponte
1128 2239 1217 2306 qui
1256 2237 1501 2294 Phustati
1532 2247 1617 2294 est
1652 2239 1836 2294 inutili
1860 2240 2072 2294 reddito

516 2322 669 2377 illum
738 2324 980 2380 llulwani
1028 2326 1210 2397 ﬁgere.
1258 2327 1457 2385 Portus
1506 2330 1671 2384 etiam
1713 2330 1944 2386 abolitos
2006 2346 2071 2384 eo

518 2415 831 2479 transferre,
867 2432 967 2471 nec
991 2434 1093 2472 non
1112 2419 1226 2474 fora
1252 2428 1303 2473 et
1332 2429 1675 2485 mercatores,
1702 2436 1809 2489 quo
1844 2419 2073 2475 Pbusta-

516 2514 628 2557 tum
676 2505 827 2558 nihili
869 2506 1155 2570 redderet;
1209 2509 1355 2575 quod
1410 2518 1587 2562 tamen
1646 2509 1902 2577 perficere
1961 2523 2067 2563 non

517 2598 713 2662 potuit.
749 2593 937 2650 Scriba
979 2597 1079 2665 ipsi
1135 2595 1237 2651 fuit
1285 2595 1533 2652 Jacobita
1582 2598 1801 2666 quidam
1852 2601 2070 2654 nomine

515 2686 867 2751 Athanasius,
911 2690 1000 2742 cui
1049 2690 1259 2758 roganti
1309 2698 1369 2743 ut
1415 2690 1588 2757 ipsum
1636 2691 1923 2745 ecclesiam
1978 2706 2073 2745 ex-

515 2785 726 2833 struere
758 2778 811 2831 in
837 2778 1010 2834 Kasrit
1047 2778 1278 2834 Shamaa
1306 2779 1458 2851 [arce
1487 2780 1744 2853 candelae]
1786 2783 2062 2850 permitte-

514 2879 617 2930 ret,
642 2872 849 2943 annuit.
892 2870 1168 2926 Exstruxit
1188 2887 1314 2939 ergo
1329 2872 1607 2927 ecclesiam
1631 2871 2069 2943 SanctiGeorgii.

514 2974 613 3013 tec
645 2938 749 3011 non
782 2961 1065 3014 ecclesiam
1098 2960 1321 3014 Ahukiri
1377 2976 1497 3028 quae
1545 2962 1682 3014 intra
1735 2976 1913 3015 arcem
1963 2972 2067 3024 est,

2166 512 2278 580 jam
2313 512 2385 565 ibi
2417 520 2494 568 est
2525 512 2795 567 exstruxit
2827 518 2920 564 aut
2948 512 3197 575 ornavit;
3230 509 3698 571 columnarumque

2170 615 2289 667 qua:
2312 600 2367 654 in
2395 615 2653 655 consessu
2681 602 2828 655 Kaisi
2856 608 2981 655 sunt
3011 600 3182 669 capita
3211 597 3506 652 deauravit:
3540 609 3701 661 neque.

2170 700 2254 747 est
2283 691 2336 745 in
2374 693 2576 758 templo
2607 694 2854 746 columna
2884 692 3066 757 aliqua
3104 691 3278 757 capite
3308 687 3568 741 deamata
3602 685 3697 738 nisi

2171 785 2224 838 in
2258 783 2377 837 loco
2409 784 2533 837 isto.
2564 782 2861 836 Transtulit
2892 782 3047 835 etiam
3083 788 3392 845 suggestum
3424 778 3549 829 dum
3576 784 3703 827 trm-

2171 873 2315 941 plum
2347 874 2604 937 dirueret,
2636 874 2689 926 in
2717 872 2916 943 [locum
2942 869 3166 942 dictum]
3198 868 3516 924 Kaisariatol
3548 866 3704 926 'Asal.

2172 963 2351 1031 ibique
2370 963 2602 1018 orabant
2628 963 2894 1026 homines,
2918 963 3098 1030 ibique
3124 959 3313 1015 diebus
3338 958 3562 1013 Veneris
3583 972 3709 1009 «zon-

2170 1055 2491 1113 veniehant.
2524 1052 2699 1107 donec
2729 1050 2984 1105 fabricam
3022 1044 3177 1105 suam
3206 1051 3519 1117 perfecisset
3551 1066 3566 1101 :
3595 1064 3709 1102 ma-

2173 1155 2263 1199 net
2302 1153 2479 1197 autem
2514 1144 2727 1199 testmlo
2758 1144 2810 1197 in
2839 1142 3158 1201 Krrisariaiu
3189 1146 3333 1197 hunc
3352 1158 3527 1212 usque
3550 1142 3709 1195 diem.

2171 1235 2354 1290 Voluit
2386 1240 2547 1290 etiam
2576 1234 2754 1289 Walid
2781 1235 3037 1305 templum
3064 1235 3207 1301 quod
3245 1235 3486 1291 Damasci
3516 1244 3599 1289 est
3626 1249 3715 1287 ex—

2172 1336 2418 1388 struere;
2454 1325 2779 1381 Christianis
2799 1341 2925 1394 ergo
2950 1326 3227 1381 accersitis
3259 1326 3394 1379 dixit
3420 1343 3435 1379 :
3457 1327 3511 1379 lu
3539 1325 3716 1378 animo

2148 1416 2330 1469 nobis
2361 1423 2444 1470 est
2477 1416 2677 1483 templo
2728 1423 2918 1472 nostro
2966 1415 3162 1470 addere
3208 1414 3493 1469 ecclesiam
3546 1414 3715 1472 hanc.

2173 1501 2355 1558 Sancti
2391 1500 2619 1559 Joannis
2666 1504 2871 1560 scilicet
2904 1503 3046 1572 (erat
3071 1512 3247 1558 autem
3284 1503 3510 1557 ecclesia
3561 1499 3714 1553 valde

2171 1587 2413 1665 pulchra,
2441 1598 2527 1653 cui
2556 1598 2611 1651 in
2643 1605 2756 1653 tota
2778 1597 2981 1652 ditione
3006 1592 3334 1651 Damascena
3360 1610 3458 1665 par
3488 1594 3591 1647 alia
3617 1608 3719 1644 non

2174 1689 2321 1755 fuit),
2351 1689 2507 1744 vobis
2558 1696 2754 1744 autem‘-
2786 1689 3068 1757 pecuniam
3113 1688 3365 1742 dabimus
3409 1699 3516 1755 qua
3561 1682 3723 1735 ctiam

2175 1778 2277 1849 ipsi
2296 1778 2541 1841 similem
2575 1778 2883 1847 ubicunque
2910 1776 3089 1832 velitis
3117 1775 3384 1830 aedificare
3432 1774 3661 1843 possitis
3706 1788 3723 1824 :

2174 1867 2281 1929 vel.
2314 1867 2360 1922 si
2399 1867 2600 1932 velitis,
2634 1866 2862 1937 pretium
2917 1866 3038 1936 eius
3084 1864 3237 1919 vobis
3270 1862 3677 1919 numerabimus
3706 1879 3719 1918 :

2169 1956 2472 2027 obtulitque
2499 1956 2631 2028 ipsis
2657 1942 2983 2026 quadragies
3011 1955 3155 2009 mille
3180 1969 3397 2010 aureos.
3432 1950 3513 2007 illi
3542 1938 3725 2007 autein

2173 2048 2474 2103 abnuentes
2539 2046 2839 2104 dixerunt:
2868 2046 3034 2103 Nobis
3068 2054 3282 2117 pactum
3326 2054 3445 2111 est;
3488 2059 3555 2101 ac
3585 2045 3728 2099 Cita-

2172 2139 2284 2208 ledi
2318 2139 2434 2195 Ebu
2459 2138 2657 2195 Walidi
2707 2139 2943 2194 libellum
2992 2139 3047 2196 in
3094 2138 3327 2194 medium
3360 2137 3725 2207 protulerunt.

2173 2214 2531 2296 Quamobrem
2552 2230 2722 2286 iratus
2739 2231 2917 2285 Walid
2938 2232 3053 2299 ipse
3076 2243 3301 2298 surgens
3323 2228 3525 2283 trabem
3566 2242 3727 2281 manu

2174 2338 2275 2385 sua
2302 2324 2543 2386 rescidit,
2596 2336 2696 2377 nec
2738 2338 2847 2377 non
2898 2322 3116 2376 laterem
3147 2358 3163 2382 ,
3198 2334 3415 2388 unaque
3443 2334 3567 2371 cum
3614 2317 3731 2385 ipso

2174 2412 2463 2485 [ecclesiae]
2524 2413 2803 2469 diruenda
2862 2426 3079 2479 operam
3135 2410 3398 2465 dederunt
3428 2424 3443 2461 :
3477 2409 3665 2477 itaque
3702 2421 3729 2458 a

2171 2514 2324 2573 parte
2356 2504 2608 2561 orientali
2664 2504 2920 2574 templum
2974 2512 3027 2559 et
3079 2504 3298 2575 adytum
3347 2510 3519 2557 totmn
3576 2504 3739 2555 auxit

2174 2593 2367 2667 [parte]
2403 2595 2645 2652 ecclesia:
2692 2596 2932 2667 ipsorum
2963 2634 2978 2659 ,
3012 2610 3078 2651 eo
3108 2610 3217 2664 quo
3251 2609 3310 2649 se
3345 2593 3509 2649 habet
3545 2593 3730 2646 modo.

2173 2688 2331 2740 Anno
2364 2686 2656 2743 chalifatus
2683 2688 2855 2756 ipsius
2886 2689 3043 2742 tertio
3070 2686 3405 2741 constitutus
3432 2695 3516 2740 est
3552 2684 3732 2736 ’Πιθο-

2174 2776 2341 2831 dorus
2390 2777 2697 2845 patriarcha
2738 2777 3304 2847 Hierosolymitanus;
3353 2789 3524 2829 annos
3569 2773 3733 2843 3'76

2176 2869 2399 2937 triginta
2432 2867 2671 2937 quinque
2706 2867 2865 2931 sedit,
2898 2866 3020 2922 dein
3056 2880 3299 2922 mortuus
3327 2873 3430 2919 est.
3476 2864 3557 2919 Eo
3594 2874 3731 2917 tem-

2177 2974 2307 3028 pore
2340 2957 2626 3027 imperavit
2654 2956 2918 3013 Romanis
2947 2956 3309 3017 Justinianus.
3341 2956 3432 3024 qui
3480 2970 3608 3009 cum
3638 2969 3733 3007 sex

511 3046 662 3114 juxta
698 3048 931 3104 Ashabol
986 3049 1177 3103 Rabiat
1208 3050 1301 3121 [al.
1350 3050 1568 3121 fiebat].
1615 3051 1806 3105 Fertur
1846 3054 2075 3107 ecclesia
2104 3046 2148 3104 (ἶ
2181 3063 2355 3119 annos
2388 3057 2687 3122 regnasset,
2720 3051 2970 3104 mortuus
2986 3059 3089 3104 est.
3120 3048 3373 3116 Obiitque
3406 3046 3585 3101 Walid
3616 3047 3732 3100 Ehn

514 3136 759 3202 Ahuliiri,
784 3138 1023 3206 reliquiis
1045 3138 1285 3195 ecclesia
1306 3142 1490 3195 Sancti
1520 3140 1731 3211 Georgii
1772 3150 2068 3197 exstructa.

516 3228 659 3282 Obiit
692 3237 871 3283 autem
903 3244 966 3283 eo
997 3238 1235 3296 tempore
1266 3230 1435 3285 Abdol
1466 3230 1591 3285 Aziz
1622 3230 1889 3294 Phustati,
1909 3241 2072 3301 atque

518 3319 570 3371 in
598 3333 658 3374 ea
696 3320 939 3387 sepultus
971 3330 1053 3375 est
1077 3322 1163 3376 die
1196 3322 1334 3376 luna:
1367 3324 1570 3379 mensis
1610 3324 1840 3378 lamada»
1873 3323 2072 3393 prioris

516 3410 863 3476 duodecimo,
891 3412 1015 3465 anni
1052 3414 1364 3481 octogesimi
1402 3415 1774 3481 sexti,_1nnos
1802 3424 1959 3470 natus
1984 3416 2063 3470 vi.

519 3500 649 3569 gintt
694 3501 852 3554 duos.
908 3498 1054 3553 Obiit
1108 3511 1287 3555 autem
1335 3503 1596 3557 Abdoilait
1648 3503 1760 3558 Ebn
1805 3505 2064 3571 Merwan,

520 3590 682 3660 372
716 3590 921 3644 mensis
954 3590 1186 3645 Shawali
1216 3592 1427 3648 decimo
1449 3634 1465 3659 ,
1496 3596 1623 3650 anni
1657 3596 1826 3653 lleira:
1856 3609 2071 3664 octoge-

516 3684 659 3735 simo
739 3692 911 3744 sexto,
945 3697 1116 3738 annos
1142 3691 1304 3738 natus
1333 3685 1609 3751 sexaginta
1642 3688 1801 3742 duos.
1839 3689 2068 3744 Chalil‘a-

513 3782 607 3825 tus
637 3772 809 3841 ipsius
849 3786 1110 3827 annorum
1161 3771 1261 3825 fuit
1294 3774 1503 3843 viginti.
1540 3774 1747 3833 Fuscus
1789 3778 1910 3841 fuit,
1952 3789 2067 3835 sta-

510 3874 651 3917 tura:
681 3863 973 3931 quadratas,
1008 3863 1171 3918 barba
1220 3864 1453 3933 prolixa,
1494 3878 1681 3922 ventre
1717 3870 2065 3935 prominenti.

517 3954 771 4023 Sepultus
797 3966 873 4009 est
897 3955 1163 4010 Damasci.
1186 3952 1485 4011 Satellitum
1515 3958 1614 4026 ipsi
1646 3959 1930 4025 pri'efectus
1966 3962 2069 4017 fuit

516 4045 681 4099 Yazid
712 4045 828 4097 Eho
878 4045 976 4099 Abi
1024 4046 1186 4101 Jalsac
1240 4045 1596 4103 Sa’csacencis
1631 4065 1645 4102 :
1678 4049 1800 4103 dein
1845 4051 2070 4107 Ahdolol

517 4136 629 4189 Ehn
668 4135 830 4189 Yazid
884 4135 1256 4193 llacemencis.
1306 4137 1536 4205 Janitor,
1588 4139 1727 4194 Abui
1759 4139 2069 4213 ,Rogairaga

510 4236 703 4285 semis
737 4223 926 4290 ipsius.

721 4314 1017 4382 Clralifalus
1046 4316 1108 4371 Al
1133 4316 1312 4409 liialtd
1334 4318 1457 4409 rEbn
1498 4319 1649 4373 Abdil
1675 4321 1850 4377 Παιδί.

2176 3140 2332 3194 Abdil
2374 3139 2545 3195 Malec
2584 3156 2770 3195 mense
2798 3140 3013 3195 lomada
3065 3141 3349 3210 posteriori
3396 3138 3521 3193 anni
3562 3136 3745 3191 nona?

2182 3230 2369 3296 gesimi
2407 3230 2545 3285 sexti
2583 3227 2779 3293 Heirae,
2821 3245 2991 3287 annos
3021 3240 3182 3285 natus
3213 3228 3563 3299 quadraginta
3598 3236 3733 3282 tres.

2174 3320 2431 3389 Corporis
2462 3320 2721 3391 [statura]
2754 3321 2989 3390 perfecta
3029 3319 3153 3385 mit,
3184 3319 3349 3375 barba
3388 3319 3605 3388 grandi.
3644 3318 3731 3373 cui

2182 3411 2302 3467 cani
2339 3410 2553 3466 admisti
2590 3419 2746 3466 erant
2780 3426 2793 3463 :
2835 3411 3082 3480 sepultus
3122 3419 3209 3465 est
3242 3408 3510 3464 Damasci.
3556 3408 3733 3463 Satel-

2174 3503 2329 3557 litum
2365 3502 2466 3569 ipsi
2505 3504 2791 3571 praefectus
2822 3501 2925 3556 fuit
2956 3502 3101 3557 Caab
3132 3501 3249 3557 Ebn
3280 3500 3457 3556 Hazcn
3488 3500 3732 3555 Abasen-

2177 3594 2274 3649 sis.
2305 3592 2537 3653 ianitor.
2571 3592 2709 3647 Saad
2750 3594 2977 3647 libertus
3014 3594 3206 3661 ipsius.

2341 3681 2656 3750 iC/mlr’fatus
2682 3682 2945 3735 Solimani
2983 3681 3093 3735 Ebn
3124 3681 3277 3734 Abdil
3307 3680 3530 3734 Malech.

2244 3774 2599 3844 lnauguratus
2661 3772 2900 3828 Soliman
2955 3772 3066 3827 Ebn
3132 3772 3289 3825 Ahdii
3353 3770 3555 3826 Malccb
3620 3772 3729 3825 Eho

2170 3857 2443 3925 blerwan,
2481 3864 2566 3918 cui
2615 3873 2788 3917 mater
2822 3862 3083 3916 Waladah
3132 3862 3237 3914 filia
3289 3862 3352 3915 Al
3406 3861 3567 3915 Abasi
3619 3862 3758 3914 Eho-

2172 3954 2359 4010 Bahrae
2413 3955 2705 4011 Abasensis
2757 3970 2937 4009 mense
2976 3952 3195 4007 lomada
3245 3952 3544 4021 posteriore.
3595 3954 3719 4005 anni

2172 4045 2348 4102 Heira
2397 4047 2733 4117 nonagesimi
2767 4047 2925 4101 sexti.
2962 4044 3193 4112 Fuitquc
3227 4043 3513 4112 imperium
3554 4033 3726 4114 ipsius

2141 4153 2435 4195 .annorum
2472 4137 2702 4192 duorum
2734 4147 2788 4191 et
2832 4152 2923 4192 sex
2978 4136 3265 4189 mensium.
3318 4134 3445 4205 Ejus
3491 4142 3728 4201 tempore

2172 4229 2273 4284 fuit
2325 4228 2605 4297 Philippus
2651 4228 2941 4296 imperator
2975 4225 3360 4290 Romanorum,
3389 4227 3481 4296 qui
3544 4225 3726 4279 Maro-

2174 4322 2287 4375 nita
2327 4319 2451 4374 fuit.
2502 4321 2687 4372 Annos
2726 4317 2865 4372 duos
2897 4332 3017 4371 cum
3052 4316 3276 4370 dimidio
3331 4317 3634 4386 imperavit.
3672 4316 3723 4369 la

585 4404 916 4460 Juramcntis
937 4407 1013 4460 illi
1048 4401 1300 4474 praestitis
1329 4408 1680 4478 inauguratus
1705 4422 1785 4465 est
1811 4414 1871 4465 AI
1898 4414 2071 4470 Walid
2106 4401 2148 4455 D
2177 4412 2413 4483 Egypto
2442 4411 2711 4479 vectigali.
2755 4410 2969 4464 nomine
2998 4408 3252 4463 Solimani
3284 4407 3394 4461 Ehn
3431 4408 3585 4463 Abdil
3620 4406 3724 4461 Ma-

514 4496 629 4554 Ehn
665 4496 821 4549 Abrlil
858 4495 1023 4561 Malec
1048 4496 1158 4551 Ebn
1188 4498 1455 4563 Merwan;
1484 4502 1570 4555 cui
1606 4510 1776 4555 mater
1806 4505 1908 4559 fuit
1940 4503 2072 4559 Wa-

514 4586 669 4640 iadah
700 4587 806 4641 filia
824 4588 1019 4643 Abbasi
1045 4589 1157 4644 Ebn
1189 4590 1402 4655 Harbaa,
1432 4591 1545 4647 Ebn
1582 4592 1780 4648 llareth
1819 4586 2065 4662 Abasita,

484 4674 580 4732 eo
615 4686 855 4747 tempore
893 4696 1001 4748 quo
1032 4680 1265 4735 decessit
1294 4681 1522 4736 Ahdolol
1572 4684 1738 4738 Maleo
1780 4684 1892 4740 Ebn
1929 4685 2068 4740 Mer-

513 4770 654 4822 wani
683 4785 696 4821 :
728 4770 1119 4837 imperavitque
1148 4786 1317 4825 annos
1364 4787 1557 4827 novem
1597 4781 1654 4827 et
1712 4790 1922 4831 menses
1972 4792 2069 4834 uo-

514 4876 655 4913 vem.
687 4858 903 4914 Mittens
940 4860 1026 4915 hic
1070 4860 1435 4932 Hierosolyma
1468 4865 1722 4933 templum
1758 4866 2068 4941 llierosolys

515 4951 779 5008 mitanum
816 4952 1119 5017 exstruxit,
1156 4962 1316 5021 atque
1360 4969 1521 5023 opere
1566 4956 1774 5012 albario
1809 4962 2062 5026 ornavit,

517 5048 665 5106 petra
701 5040 752 5092 in
779 5042 953 5094 medio
987 5044 1169 5111 templi
1198 5044 1479 5108 collocata,
1505 5060 1667 5113 quam
1701 5050 1864 5101 etiam
1898 5050 2066 5103 aedili-

514 5132 600 5184 cio
634 5132 825 5197 cinxit,
862 5133 1004 5203 quod
1053 5149 1319 5189 marmore
1350 5136 1703 5204 incrustavit;
1738 5140 1868 5205 quin
1908 5149 1960 5194 et
1989 5152 2067 5195 te-

514 5223 807 5287 studinem,
842 5241 961 5294 qua:
990 5224 1310 5283 Christianis
1359 5238 1476 5282 erat
1522 5228 1575 5283 in
1626 5230 1854 5284 ecclesia
1902 5246 2063 5300 quam

516 5309 643 5365 Bnal
670 5312 792 5366 Beci
820 5314 1120 5368 habuerunt
1142 5325 1196 5369 et
1218 5332 1280 5369 ex
1311 5332 1414 5371 tere
1436 5318 1687 5378 conflata.
1714 5334 1778 5374 ac
1808 5320 2063 5375 deaurata

514 5412 653 5467 erat,
688 5405 922 5457 dirutam
958 5414 1117 5468 petra:
1148 5410 1590 5477 superimposuit;
1623 5409 1688 5463 ad
1732 5418 1936 5479 petram
1976 5428 2064 5481 pe-

517 5495 903 5563 regrinationes
930 5497 994 5549 ab
1030 5498 1339 5553 hominibus
1369 5501 1579 5555 institui
1622 5502 1809 5575 jussit.
1846 5501 2063 5557 Mittens

513 5589 674 5639 etiam
701 5587 764 5639 ad
790 5588 1015 5641 Korram
1044 5588 1153 5641 Ebn
1177 5588 1413 5653 Shcbali,
1436 5591 1786 5655 Ahbasidam,
1808 5592 1897 5661 qui
1932 5601 2059 5647 tunc

519 5677 775 5745 temporis
803 5676 971 5747 ipsius
1003 5676 1221 5736 nomine
1247 5677 1477 5749 Egypto
1508 5679 1722 5752 praefuit
1749 5720 1764 5749 ,
1803 5663 2057 5753 templum

2173 4504 2293 4563 Ieci.
2319 4502 2609 4571 praefectus
2639 4501 2738 4555 fuit
2778 4500 3009 4555 Asamah
3045 4497 3159 4553 Ebn
3192 4497 3319 4551 Zaid
3350 4497 3726 4553 Tannuchien-

2171 4596 2271 4650 sis.
2308 4592 2405 4648 Hic
2435 4594 2499 4647 ad
2531 4592 2864 4646 Solimanum
2914 4590 3183 4654 scribens,
3213 4588 3494 4644 certiorem
3551 4590 3721 4657 ipsum

2171 4685 2301 4739 fecit
2344 4684 2654 4737 columnam
2683 4678 3058 4734 mensurandie
3087 4694 3240 4747 aquae
3271 4693 3428 4747 quam
3478 4678 3716 4731 llolwmi

2167 4784 2410 4830 erexerat
2432 4773 2624 4829 Abdol.
2664 4772 2791 4826 Aziz
2816 4770 2927 4825 Ebn
2964 4768 3193 4824 Merwan
3226 4769 3357 4823 nulli
3390 4770 3513 4823 usui
3547 4771 3720 4823 inscr-

2167 4866 2301 4935 vire;
2328 4866 2392 4920 ad
2414 4880 2572 4933 quem
2588 4878 2715 4930 ergo
2731 4860 3205 4931 rescribensjussit
3227 4860 3400 4929 ipsum
3421 4860 3719 4913 columnam

2166 4966 2445 5011 exstruere
2483 4954 2537 5008 in
2570 4953 2745 5007 insula
2776 4966 2894 5020 qum
2920 4953 3058 5005 inter
3076 4951 3290 5005 fluvium
3317 4949 3523 5004 Fustati
3549 4961 3605 5004 et
3633 4950 3726 5003 ilu-

2166 5046 2310 5099 vium
2345 5046 2524 5099 Allizte
2552 5044 2854 5112 intcrjacet.
2877 5042 3155 5096 Exstruxit
3175 5058 3303 5109 ergo
3332 5042 3563 5096 Asamah
3590 5058 3723 5093 anno

2167 5139 2518 5204 nonagesimo
2559 5137 2788 5207 septimo
2834 5135 3137 5189 columnam
3183 5151 3301 5203 qua:
3336 5135 3401 5187 ad
3449 5135 3720 5189 introitum

2163 5227 2517 5297 377-379
2541 5228 2639 5282 Jizi
2667 5240 2770 5288 esr,
2800 5240 2904 5294 qua
2931 5225 3093 5280 hodie
3116 5226 3429 5287 metiuntur,
3469 5235 3717 5279 vocatur-

2162 5335 2265 5389 qne
2296 5319 2533 5372 Alkadim
2556 5318 2843 5390 [antiqua].
2868 5318 3022 5372 Anno
3042 5317 3324 5373 chalifatus
3344 5318 3598 5369 Solimani
3618 5324 3722 5369 ter-

2164 5412 2238 5463 tio
2262 5412 2584 5465 constitutus
2604 5418 2685 5464 est
2703 5410 3007 5480 Stephanus
3023 5408 3318 5474 patriarcha
3338 5408 3719 5460 Antiochenus-

2161 5501 2249 5567 qui
2287 5516 2460 5555 annos
2493 5502 2707 5571 triginta
2735 5511 2937 5571 septem
2982 5499 3143 5560 sedit,
3194 5498 3317 5553 dein
3359 5507 3603 5551 mortuus
3627 5503 3720 5550 est.

2160 5590 2303 5645 Obiit
2320 5602 2495 5645 autem
2517 5592 2755 5647 Soliman
2776 5593 2889 5647 Ehn
2910 5591 3028 5645 Adii
3046 5590 3209 5644 Malcc
3233 5604 3413 5643 mense
3434 5587 3587 5641 Safar
3603 5583 3719 5639 anui

2158 5681 2330 5740 licitae
2354 5683 2681 5762 nonagicsiini
2706 5684 2853 5739 noni.
2876 5698 3041 5740 annos
3060 5690 3217 5738 natus
3248 5679 3467 5749 triginta
3494 5690 3717 5736 novem:
