3962 6344
1429 225 1452 275 ὑ

179 317 184 324 -
219 283 342 340 1121

1606 279 1974 334 ΑΝΝΑιΕδ.

3246 277 3376 340 11:23

225 387 545 440 testamento
569 382 1397 453 imperiumlegavitOmaroﬁhn
1423 381 1574 436 Abdil
1608 381 1756 436 Aziz.
1783 387 1832 446 Α
1858 380 1957 450 ipsi
1989 380 2041 433 in
2072 377 2246 436 l‘ronte
2276 379 2794 438 cicatrix.Tradcnte
2816 385 3102 455 exemplari
3135 387 3394 456 quoiam,

219 472 329 526 Fuit
360 473 602 541 pulcher,
633 473 862 542 pinguis,
886 465 1048 530 ltarb'a
1091 474 1266 542 nigra.
1299 471 1596 527 Satellitum
1621 489 1754 542 prte-

219 564 384 615 h-ctus
409 561 510 632 ipsi
538 563 637 616 iuit
659 565 802 617 Caab
828 561 943 616 Ehn
966 562 1193 630 Chaled,
1213 563 1521 628 Abasensis;
1543 563 1754 619 ianitor

216 655 327 708 Abu
353 655 587 719 Ohadize,
611 657 832 711 libertus
872 657 1062 724 ipsius.

464 749 757 819 Cltalifattts
786 751 966 804 Omari
999 749 1112 802 Ebn
1142 747 1313 802 Abdil‘
1350 749 1500 804 Aziz.
1575 751 1584 760 ’

277 839 628 906 lnaugnratus
659 850 742 896 est
773 838 937 893 Omar
973 838 1086 892 Ebn
1121 839 1271 894 Abdil
1311 833 1579 895 Aziz'Ebn
1607 837 1750 892 Mer-

213 946 350 996 wan,
391 932 500 984 Ebn
539 931 757 985 liacemi
786 972 801 994 ,
835 931 920 984 cui
961 940 1127 985 mater
1160 930 1258 984 fuit
1301 930 1497 986 Ommo
1547 931 1747 996 Asemi,

215 1020 316 1076 lilia
345 1020 436 1074 Asi
469 1021 582 1076 Ebn
611 1021 774 1074 Omar
797 1019 910 1074 Ehn
933 1016 1173 1086 Cbetabi,
1208 1035 1390 1076 mense
1431 1019 1586 1075 Safar
1620 1021 1746 1073 anni

215 1111 543 1182 nonagesimi
576 1111 722 1165 noni.
760 1110 862 1182 Hic
904 1112 1041 1167 iacta
1073 1112 1287 1167 familiae
1317 1127 1429 1167 sua:
1471 1122 1750 1166 aversatus

212 1212 326 1261 est;
363 1209 522 1269 atque
558 1201 641 1255 Ali
671 1201 769 1255 Abi
800 1200 981 1256 Talebi
1007 1202 1357 1256 maledicendi
1390 1202 1443 1255 in
1477 1201 1746 1270 suggestis

213 1289 719 1362 {consuetudinem}
785 1293 1022 1346 sustulit.
1080 1292 1356 1358 Siquidem
1412 1306 1444 1345 a
1493 1289 1748 1345 chaiil‘atu

209 1380 442 1436 I‘ioawia:
478 1382 590 1436 Ebn
639 1382 740 1437 Abi
789 1381 1028 1452 Soiyan,
1079 1395 1253 1450 usque
1303 1382 1368 1435 ad
1428 1380 1740 1435 chalifatum

209 1465 386 1525 Omari
421 1468 532 1523 Ebn
564 1470 664 1523 Abi
699 1471 853 1522 Abdil
898 1471 1025 1523 Aziz
1050 1511 1065 1534 ,
1096 1470 1340 1525 solebant
1381 1469 1590 1524 chalifae
1619 1467 1748 1524 Om-

207 1560 397 1614 maidae
451 1561 531 1614 Ali
582 1559 696 1614 Ebn
746 1559 932 1614 Talebi
977 1561 1030 1614 in
1085 1562 1351 1630 suggestis
1404 1561 1747 1625 maledicere,

205 1648 380 1718 ipsum
402 1650 515 1704 Aba
534 1648 718 1703 Torab
740 1647 970 1719 [patrem
1001 1649 1259 1721 pulveris]
1281 1652 1744 1722 cognominantes.

203 1739 328 1794 Erat
351 1740 633 1796 chalifatus
665 1740 838 1810 ipsius
865 1743 1132 1795 mensium
1161 1743 1406 1812 triginta.
1455 1741 1579 1797 F—uit
1610 1752 1744 1797 tem-

203 1843 332 1900 pore
357 1831 526 1901 ipsius
555 1830 925 1885 Romanorum
961 1832 1254 1901 imperator
1280 1834 1621 1900 Anastasius,
1654 1835 1748 1905 qui

199 1935 401 1975 annum
439 1936 562 1976 cum
599 1921 820 2000 dimidio
858 1922 1160 1993 imperavit.
1191 1922 1386 1980 Notum
1435 1935 1618 2001 autem
1656 1926 1741 1981 fe-

199 2021 390 2068 cerunt
417 2012 708 2068 Christiani
737 2011 933 2068 Omaro
960 2002 1072 2069 Εὕα
1106 2014 1264 2070 Abdil
1289 2016 1439 2083 Aziz,
1473 2017 1600 2088 quid
1635 2017 1744 2072 illis

199 2113 356 2170 pacto
371 2090 534 2171 380
563 2101 832 2156 ﬁrmatum
861 2102 1035 2158 fuerat
1053 2104 1195 2172 quod
1223 2105 1288 2160 ad
1315 2105 1573 2179 ecclesias
1619 2121 1748 2161 suas

205 2209 271 2247 ne
319 2192 403 2246 vel
455 2193 819 2257 diruerentur,
877 2195 960 2248 vel
1015 2194 1422 2262 habitarentur;
1485 2198 1744 2267 scriptum

140 2266 147 2273 ’
197 2285 415 2340 Clialedi
456 2285 569 2340 Ebn
592 2284 800 2340 Waledi
824 2285 1189 2355 proiereutes.
1218 2286 1422 2344 Obtulit
1453 2304 1581 2359 ergo
1599 2266 1748 2358 ipsis

198 2375 362 2431 Omar
396 2375 750 2446 quadraginta
785 2391 1075 2431 aureorum
1107 2377 1295 2444 millia,
1324 2392 1524 2448 rogans
1557 2389 1615 2433 ut
1653 2395 1748 2433 ac-

199 2475 358 2538 cepta
415 2467 642 2536 pecunia
672 2468 953 2522 ecclesiam
985 2469 1357 2534 dimitterent,
1394 2471 1748 2540 atquc-aliam

197 2564 315 2624 ejus
349 2556 464 2612 vice
491 2557 800 2621 ecclesiam,
847 2572 952 2626 qua
997 2558 1194 2613 vellent
1228 2558 1498 2615 ,θειωδεοὶ
1553 2572 1706 2630 parte
1731 2599 1748 2626 ,

200 2639 536 2703 exstruerent
569 2663 582 2698 :
610 2647 755 2718 quod
805 2649 1183 2704 recusantibus
1215 2650 1369 2720 ipsis,
1414 2666 1478 2706 eo
1535 2653 1750 2707 devenit

204 2753 310 2804 res,
347 2734 419 2793 ut'
436 2738 755 2793 redderetur
779 2739 911 2807 ipsis
939 2741 1167 2796 ecclesia
1197 2757 1294 2796 sua
1325 2755 1448 2797 cum
1484 2743 1750 2799 limitibus

203 2831 392 2901 ipsius,
430 2843 542 2900 quo
589 2845 708 2886 eam
750 2841 1143 2887 restaurarent.
1179 2832 1291 2888 Hoc
1335 2843 1512 2889 autem
1550 2834 1750 2889 Moste-

1857 474 2102 544 sepultus
2149 483 2232 528 est
2276 474 2330 528 in
2384 474 2713 528 monaSIerio
2766 475 3034 532 Simeonis
3085 480 3140 533 in
3195 477 3402 551 ditione

1858 562 2340 634 liems[Emissa].
2379 562 2682 619 Satellitum
2727 563 2898 633 ipsius
2957 565 3242 636 praefectus
3299 567 3404 622 fuit

1855 653 2123 707 Rawahus
2156 654 2268 708 Ebn
2304 653 2494 718 Yazid,
2529 653 2894 710 Saccasensis.
2922 654 3130 712 Janitor
3169 657 3402 714 Hohaish

1855 742 2080 797 libertus
2108 743 2301 813 ipsius.

2077 835 2375 904 Chalifalus
2411 834 2597 890 Yazidi
2631 835 2744 890 Elm
2778 838 2935 892 Abdil
2967 838 3195 896 Malui.”

1920 919 2277 992 inauguratus
2321 934 2405 980 est
2450 915 2620 980 Yazid
2670 928 2785 982 Ebn
2835 929 2995 982 Abdil
3045 929 3232 984 Maleci
3287 931 3402 986 Ebu

1852 1008 2121 1074 Merwan,
2166 1012 2279 1066 Ebn
2319 1013 2651 1081 oi'Hacemi,
2702 1017 2788 1070 cui
2829 1025 3013 1071 mater.
3044 1020 3244 1075 Atecah
3292 1022 3405 1076 [ilia

1852 1100 2036 1154 Yazidi
2077 1101 2192 1155 Ehn
2236 1101 2512 1168 Moawize;
2563 1111 2798 1172 quatuor
2845 1121 3015 1162 annos
3061 1118 3112 1163 et
3159 1126 3400 1166 mensem

1834 1189 2157 1259 imperavit.
2191 1191 2428 1249 ‘Primus
2468 1193 2552 1248 hic
2583 1193 2903 1250 chaliiarum
2951 1199 3181 1267 puellam
3213 1209 3405 1254 canta-

1852 1280 2038 1336 tricem
2069 1282 2172 1336 sibi
2205 1284 2524 1352 assumpsit.
2558 1282 2682 1340 Fuit
2714 1287 2803 1340 illa
2835 1288 3008 1356 puella
3045 1291 3261 1344 nomine
3296 1293 3404 1343 Ila-

1853 1372 2028 1428 babah
2057 1373 2352 1436 admodum
2384 1377 2486 1444 ipsi
2516 1377 2701 1443 chara,
2731 1392 2852 1448 qua:
2883 1378 3165 1448 prafectos
3196 1381 3408 1451 iujussu

1851 1463 2025 1535 ipsius
2064 1468 2459 1534 constitueret,
2494 1471 2549 1523 et
2583 1452 2702 1522 loco
2742 1480 3002 1524 moveret.
3047 1470 3193 1526 Obiit
3223 1487 3410 1528 mense

1841 1554 2522 1612 Scbabanannicentesimi
2567 1559 2780 1626 quinti,
2821 1559 2984 1630 385
3026 1575 3200 1617 annos
3245 1578 3405 1617 natus

1852 1644 2069 1714 triginta
2101 1659 2308 1712 unum;
2343 1647 2424 1699 vel
2457 1644 2766 1701 secundum
2799 1639 2944 1700 aliud
2977 1649 3274 1716 exemplar,
3306 1651 3405 1704 tri-

1780 1723 2002 1804 Bginta
2049 1744 2293 1802 septem;
2351 1737 2598 1807 sepultus
2644 1746 2729 1792 est
2779 1729 3050 1792 Damasci.
3104 1738 3406 1804 Satellittint

1849 1822 1953 1892 ipsi
1997 1823 2285 1892 praefectus
2331 1823 2429 1880 iuit
2469 1819 2618 1881 Caab
2648 1824 2764 1879 Ebn
2806 1825 3038 1890 Chaled,
3087 1827 3404 1884 Abasensis.

1847 1909 2060 1973 Janitor
2085 1913 2285 1968 Chaled
2315 1913 2550 1972 libertus
2575 1917 2770 1990 ipsius.

2044 2001 2348 2073 Chalifatm
2379 2004 2779 2061 HeshamiEbu
2811 2007 2973 2062 Abdil
3001 2008 3210 2064 Maieci.

1867 2082 1874 2090 ’
1921 2093 2286 2163 inauguratus
2325 2105 2410 2150 est
2449 2093 2679 2151 Hesham
2717 2098 2832 2152 Ebu
2862 2099 3020 2154 Abdil
3061 2099 3261 2164 Malec,
3290 2099 3408 2171 Ebn

1849 2174 2106 2248 Merwan,
2129 2183 2324 2240 Ehnol‘
2343 2183 2583 2251 Hacemi,
2609 2187 2696 2242 cui
2725 2195 2897 2244 mater
2913 2188 3103 2245 Ommo
3133 2187 3406 2254 Hashemi,

1859 2277 1967 2329 lilia
2006 2275 2294 2340 Hashemi,
2339 2276 2454 2336 Ebn
2487 2277 2716 2344 lsmaei,
2753 2280 2868 2334 Ebn
2901 2282 3192 2345 Hashemi,
3236 2281 3406 2337 Ebnol

1865 2368 2076 2423 Waledi
2098 2407 2114 2433 ,
2150 2367 2320 2423 Ebnol
2350 2368 2598 2441 Magairar.
2618 2409 2635 2434 ,
2664 2370 3119 2430 Machzumensis.
3151 2373 3273 2428 Fuit
3303 2374 3408 2428 im-

1859 2456 2071 2528 pei'ium
2119 2458 2292 2528 ipsius
2345 2475 2616 2520 annorum
2668 2464 3066 2518 novemdeeim'
3095 2474 3150 2519 et
3204 2474 3406 2535 septem

1852 2549 2148 2606 mensium.
2205 2548 2342 2621 Ejus
2393 2560 2633 2622 tempore
2689 2550 3056 2610 Romanorum
3111 2555 3452 2626 imperator'

1853 2637 1959 2692 fuit
1987 2637 2351 2703 Theodosius,
2379 2640 2475 2710 qui
2503 2654 2628 2695 eum
2661 2655 2864 2696 annum
2898 2652 2952 2698 et
2984 2644 3269 2700 dimidium
3305 2644 3412 2704 im-_

1825 2720 2120 2798 ‘perasset,
2151 2740 2401 2786 mortuus
2439 2740 2554 2796 est;
2598 2731 2901 2802 imperante
2939 2746 3062 2805 post
3087 2735 3261 2805 ipsum
3301 2735 3408 2790 Ro-

1851 2822 2030 2877 manis
2055 2823 2234 2877 Leone
2261 2837 2432 2878 annos
2463 2824 2648 2893 viginti
2673 2834 2928 2894 quatuor,
2949 2837 3073 2897 post
3097 2843 3233 2894 quos
3261 2841 3401 2880 mor-

200 2919 320 2976 ιιιηε
353 2935 511 2990 grave
540 2922 713 2974 visum
745 2930 848 2985 est,
875 2921 1242 2991 dixeruntque
1290 2939 1305 2976 ε
1344 2922 1621 2978 Traditum
1658 2934 1742 2979 es],
1773 2957 1816 3016 ο
1850 2921 1978 2968 {IIIIS
2014 2923 2120 2971 εει.
2154 2915 2314 2969 Anno
2342 2915 2502 2970 ιεῐιὶο
2531 2916 2823 2971 chaliiatus
2853 2915 3107 2972 Heshami
3137 2919 3408 2972 οοηειίιιιο

203 3011 308 3066 illis
336 3011 594 3082 templum
630 3019 895 3074 nostrum,
935 3013 986 3065 in
1017 3027 1125 3080 quo
1161 3015 1225 3068 ad
1260 3028 1446 3082 preces
1483 3029 1752 3070 convoca-

200 3102 394 3166 vimus,
421 3109 583 3171 atque
616 3099 892 3158 oravimus
922 3144 937 3166 ,
970 3109 1265 3172 preceSqu'e
1307 3103 1412 3159 Deo
1457 3107 1558 3160 rite
1593 3091 1750 3160 ’1³11111-

201 3206 343 3271 inus,
382 3200 438 3246 ut
468 3195 734 3258 diruatur,
771 3204 1212 3264 restaureturque
1265 3199 1514 3253 ecclesia.
1581 3197 1751 3264 Quin-

197 3285 359 3336 etiam
388 3282 525 3337 dixit
547 3285 662 3338 Abu
693 3286 845 3339 Edris
867 3284 1256 3342 llolwanensis:
1283 3286 1416 3343 Cum
1438 3289 1756 3346 Christianis

199 3374 442 3442 equidem
468 3374 660 3439 .l’mtlus
691 3376 879 3430 initum
909 3388 994 3433 est
1020 3380 1158 3448 quod
1191 3381 1258 3434 ad
1290 3380 1574 3434 dimidium
1609 3382 1756 3436 urbis

202 3461 560 3528 Damascenis,
589 3475 662 3530 et,
692 3482 811 3536 quae
846 3469 897 3521 in
948 3468 1065 3538 ipso
1115 3477 1243 3524 sunt
1289 3469 1415 3535 illis,
1447 3470 1706 3526 ecclesias
1735 3486 1752 3525 :

207 3555 348 3622 quod
377 3556 442 3608 ad
472 3556 695 3608 alteram
720 3571 850 3611 vero
880 3558 998 3626 ejus
1020 3565 1249 3627 partem,
1273 3559 1448 3628 gladio
1472 3567 1626 3628 Capta
1649 3569 1755 3627 est;

197 3643 490 3712 eodemque
523 3646 682 3698 modo
713 3648 853 3714 quod
887 3646 1030 3702 circa
1067 3647 1388 3702 Damascum
1434 3657 1516 3704 est
1548 3664 1578 3703 e
1607 3649 1750 3704 valle

201 3731 434 3796 Goutah,
467 3750 694 3804 quaeque
723 3736 776 3790 in
806 3752 871 3791 ea
895 3747 1020 3792 sunt
1052 3739 1374 3792 monasteria
1393 3749 1448 3794 et
1477 3740 1754 3808 ecclesias;

199 3838 474 3895 qumgergo
517 3828 695 3881 omnia
752 3825 1162 3882 Moseminorum
1207 3839 1354 3891 sunt.
1405 3845 1527 3884 eum
1577 3830 1756 3900 gladio

203 3923 362 3983 capta
395 3917 501 3969 sint
532 3931 546 3968 :
577 3917 620 3970 si
655 3930 784 3986 ergo
812 3918 978 3971 velint
1009 3918 1301 3973 Christiani
1332 3927 1389 3973 ut
1417 3919 1549 3989 ipsis
1577 3923 1751 3976 eccle-

200 4006 334 4057 siam
385 4004 527 4060 hanc
585 4020 740 4060 suam
791 4006 1097 4071 reddamus,
1147 4009 1433 4066 reddemus
1479 4011 1646 4077 ipsam
1685 4025 1748 4065 ea

201 4093 517 4149 conditione
553 4105 610 4149 ut
647 4095 910 4150 ecclesias
953 4098 1192 4165 reliquas
1229 4099 1280 4152 in
1332 4100 1557 4154 dimidia
1601 4100 1754 4154 urbis

203 4182 546 4239 Damascente
577 4194 752 4253 parte,
784 4199 879 4238 nec
910 4200 1016 4239 non
1041 4187 1301 4242 ecclesias
1330 4197 1385 4242 et
1429 4189 1750 4244 monasteria

1857 3016 1946 3062 tus
1975 3016 2060 3062 est
2085 3006 2478 3062 Constantinus
2506 3007 2810 3076 patriarcha
2841 3007 3402 3078 Constantinopolita-

1856 3115 1991 3164 nus,
2026 3089 2128 3171 qui
2169 3113 2344 3153 annos
2377 3098 2566 3170 viginti
2615 3107 2741 3154 octo
2781 3094 3120 3164 sedit,’dein
3165 3111 3411 3157 mortuus

1856 3200 1962 3248 cst.
1995 3192 2156 3245 Anno
2179 3189 2474 3246 ehalifatus
2508 3190 2752 3260 ejusdem
2785 3192 3040 3260 septimo,
3074 3192 3406 3249 constitutus

1856 3293 1940 3336 est
1987 3279 2191 3336 Kozma
2243 3267 2554 3350 patriarcha
2605 3281 3042 3348 Alexandrinus,
3090 3283 3184 3352 qui
3234 3297 3407 3338 annos

1857 3373 2047 3442 viginti
2088 3379 2212 3426 octo
2246 3371 2410 3425 sedit.
2443 3371 2684 3426 Orabant
2725 3383 2905 3426 autem
2947 3373 3244 3427 Christiani
3276 3374 3410 3428 Mel-

1854 3463 2014 3517 chita:
2065 3461 2403 3517 Alexandria:
2446 3463 2502 3516 in
2546 3463 2782 3517 ecclesia
2827 3462 3016 3518 Sancti
3057 3462 3243 3529 Saba,
3271 3480 3410 3519 cum

1853 3551 2114 3608 Jacobitae
2139 3553 2250 3620 jam
2280 3566 2470 3607 omnes
2499 3552 2764 3608 ecclesias
2787 3562 3143 3622 occupassent
3169 3571 3183 3608 :
3211 3553 3408 3608 Koztna

1857 3654 2035 3698 autem
2067 3643 2162 3712 qui
2195 3643 2505 3713 patriarcha
2543 3644 2877 3698 constitutus
2938 3653 3042 3708 est,
3093 3645 3255 3699 idiota
3287 3646 3408 3712 fuit,

1855 3737 1944 3806 qui
2001 3751 2102 3790 nec
2159 3735 2332 3805 legere
2381 3743 2565 3803 posset
2614 3749 2714 3788 nec
2758 3736 2996 3790 scribere
3050 3752 3172 3792 eum
3206 3753 3296 3793 ars
3331 3738 3407 3793 illi

1854 3835 2002 3882 esset
2050 3839 2181 3880 acus
2237 3825 2528 3879 coniicere.
2589 3821 2728 3878 Huic
2782 3839 2902 3878 cum
2970 3825 3286 3880 Damascum
3343 3827 3408 3881 ad

1855 3915 2180 3972 Heshamurn
2209 3914 2373 3985 385
2412 3913 2574 3985 387
2601 3913 2715 3968 Ebn
2747 3915 2903 3968 Abdil
2936 3914 3104 3972 Malec
3135 3919 3408 3986 profectus

1855 4014 2036 4072 esset,
2067 4021 2341 4062 concessa:
2370 4017 2496 4060 sunt
2528 4021 2630 4074 ope
2659 4005 2994 4079 eruditorum
3030 4011 3408 4078 quorumdam,

1854 4097 2099 4154 ecclesiae
2126 4112 2266 4168 quas
2298 4104 2699 4166 occupaverant
2739 4096 3039 4152 Jacobitte:
3083 4099 3411 4169 scripsitque

1855 4188 2163 4245 Heshamus
2211 4187 2278 4241 ad
2325 4185 2636 4257 praefectum
2687 4186 2907 4258 Egypti
2938 4203 3135 4253 suum.
3184 4191 3277 4259 qui
3311 4189 3410 4246 iuit

199 4290 319 4342 qua:
348 4286 496 4345 extra
530 4276 712 4329 urbem
745 4275 797 4328 in
829 4274 1038 4330 Goutah
1071 4277 1522 4342 sunt,‘diruamus
1553 4293 1568 4329 :
1601 4278 1746 4346 quod
1782 4279 1828 4338 D
1852 4279 2117 4335 Abdollah
2145 4277 2317 4333 Ebnol
2353 4277 2512 4347 itjani
2544 4275 2876 4343 Sacwensis,
2908 4288 2967 4333 ut
2999 4279 3262 4336 ecclesias
3289 4296 3410 4348 qua

199 4367 242 4419 si
289 4367 428 4419 hanc
459 4366 614 4419 nobis
648 4365 930 4421 ecclesiam
972 4367 1350 4436 permiserint,
1411 4367 1514 4421 ista
1567 4367 1745 4422 Omnia

200 4457 307 4510 illis
329 4455 709 4520 concedemus,
727 4457 989 4524 siquidem
1016 4458 1274 4512 ecclesias
1294 4457 1444 4511 vallis
1463 4457 1668 4512 Goutah
1693 4467 1748 4512 et

200 4545 588 4599 monasterium
619 4546 809 4598 Moran
837 4545 1184 4613 possederant
1214 4545 1534 4610 lloslemini,
1561 4545 1749 4614 381-

199 4634 360 4704 383
386 4650 553 4702 eaque
587 4635 942 4689 incoluerant.
969 4635 1267 4690 Metuentes
1297 4651 1425 4706 ergo
1455 4635 1749 4691 Christiani

203 4743 267 4779 ne
297 4728 645 4780 diruerentur
678 4727 916 4782 ecclesia:
958 4735 1014 4781 et
1060 4729 1384 4782 monasteria
1412 4768 1426 4792 ,
1467 4730 1753 4784 ecclesiam

201 4819 307 4871 illis
341 4819 706 4886 reliquerunt.
747 4817 1083 4888 Scripsitque
1114 4821 1248 4888 ipsis
1293 4818 1455 4874 Omar
1486 4821 1720 4888 diploma
1742 4859 1761 4885 ,

201 4923 422 4961 securos
451 4908 562 4962 iure
597 4910 741 4978 ipsos
776 4909 918 4978 quod
941 4909 1011 4962 ad
1041 4910 1298 4966 ecclesias
1329 4926 1451 4966 suas
1475 4905 1592 4979 quae
1615 4911 1752 4964 intra

202 5000 517 5054 Damascum
546 5008 745 5066 essent,
779 5018 880 5058 nec
911 5019 1013 5057 non
1049 5004 1306 5058 ecclesias
1340 5010 1391 5056 et
1422 5003 1746 5056 monasteria

183 5108 321 5159 ,ηοω
360 5104 507 5146 extra
548 5093 866 5148 Damascum
905 5095 955 5147 in
989 5095 1194 5148 Goutah
1219 5137 1234 5159 ,
1289 5111 1355 5149 ne
1405 5093 1754 5162 diruerentur

206 5183 283 5233 vel
333 5183 717 5241 habitarentur.
765 5198 895 5237 neve
929 5184 1363 5239 Mosleminorum
1415 5186 1643 5255 cuipiam
1703 5188 1752 5239 in

205 5272 319 5339 ipsa
355 5282 586 5341 potestas
616 5283 760 5327 esset
791 5291 803 5326 :
845 5275 1090 5342 idemque
1127 5275 1383 5329 adhibitis
1411 5276 1639 5328 testibus
1683 5274 1750 5328 iis

206 5362 561 5434 conﬁrmavit.
616 5363 780 5417 Porro
832 5377 1072 5418 mortuus
1119 5349 1202 5419 est
1254 5365 1417 5419 Omar
1451 5366 1559 5418 Ehn
1595 5366 1748 5418 Abdil

205 5453 332 5505 Aziz
367 5471 547 5507 mense
579 5454 744 5523 Rajeb
772 5459 893 5509 anni
927 5457 1094 5510 iieirze
1127 5460 1403 5512 centesimi
1438 5459 1613 5526 primi,
1651 5475 1749 5510 an-

209 5559 309 5597 nos
344 5555 502 5598 uatus
531 5548 751 5616 triginta
783 5564 991 5602 novem.
1040 5550 1257 5602 Statura
1309 5554 1568 5618 quadrata
1606 5550 1704 5602 fuit
1732 5589 1747 5613 ,

1855 4371 1910 4425 in
1955 4385 2119 4424 manu
2162 4369 2530 4426 Jacobitarum
2565 4377 2722 4424 erant
2771 4371 3026 4438 repetitas
3065 4370 3281 4426 Kozma:
3319 4388 3410 4440 pa-

1857 4464 2107 4518 triarcha‘.
2151 4451 2420 4523 traderet,
2464 4468 2520 4514 et
2563 4461 2927 4530 quodcunque
2973 4476 3154 4516 earum
3194 4465 3409 4518 nomine

1855 4553 2424 4622 comprehenderetur.
2450 4550 2673 4618 Accepit
2705 4565 2833 4620 ergo
2861 4550 3064 4604 Kozma
3101 4543 3432 4620 patriarcha'

1857 4660 1886 4698 a
1920 4641 2180 4697 Jacobilis
2212 4641 2486 4696 ecclesias
2507 4678 2522 4704 ,
2555 4649 2718 4710 atque
2751 4639 2918 4712 [inter
2951 4641 3196 4712 caeteras]
3238 4643 3410 4697 eccle-

1858 4735 1993 4790 siam
2026 4735 2089 4788 ΑΙ
2118 4733 2404 4788 Kaisarize.
2437 4733 2711 4801 Siquidem
2736 4747 2800 4786 ex
2833 4748 2940 4802 quo
2970 4741 3212 4802 tempore
3245 4734 3410 4788 Geor-

1859 4828 1980 4894 gius
2011 4824 2313 4894 patriarcha
2345 4821 2670 4878 Alexandria
2701 4822 3221 4892 Constantinopolim
3253 4823 3410 4894 fugit,

1859 4929 2000 4967 anno
2028 4915 2188 4966 tertio
2217 4912 2510 4966 chalilatus
2539 4910 2722 4966 Omari
2754 4910 2924 4966 Ebnol
2952 4912 3199 4972 Chetabi.
3237 4914 3406 4967 donee

1859 5005 2281 5060 constitueretur
2306 5003 2507 5057 Kozma
2544 5003 2880 5058 Alexandria:
2909 5003 3239 5072 patriarcha,
3262 5019 3410 5059 anno

1861 5097 2093 5162 septimo
2122 5093 2410 5146 chaliiatus
2440 5091 2717 5153 Heshaml,
2754 5090 2855 5143 fuit
2887 5092 3142 5144 cathedra
3172 5093 3405 5145 Alexan-

1862 5186 2015 5238 drina
2072 5184 2278 5252 absque
2330 5181 2639 5252 patriarcha
2670 5177 2948 5247 Melchita,
2997 5183 3171 5251 spatio
3201 5183 3406 5236 scilicet

1865 5287 2128 5328 annorum
2173 5275 2465 5342 nonaginta
2500 5282 2741 5341 septem;
2780 5283 3277 5341 oecupaverantque
3313 5272 3406 5326 Ja-

1859 5366 2050 5419 cohitm
2093 5379 2284 5439 omnes
2319 5363 2578 5418 ecclesias
2613 5373 2718 5417 tam
2760 5363 2972 5434 Egypti
2997 5347 3156 5432 quam
3181 5366 3403 5416 Alexan-

1862 5457 2012 5510 drum.
2039 5455 2282 5524 Cumque
2310 5469 2446 5522 opus
2479 5454 2738 5508 haberent
2759 5454 2915 5508 Nubii
2943 5456 3230 5524 episcopis.
3260 5454 3402 5507 ordi-

1868 5545 2014 5600 navit
2084 5546 2392 5615 patriarcha
2455 5544 2821 5599 Jacobitarum
2889 5546 3021 5613 ipsis
3084 5547 3403 5615 episcopos:

210 5648 430 5702 corpore
454 5648 502 5692 et
529 5636 661 5692 facie
692 5639 950 5705 pulchris,
983 5643 1182 5696 canitie
1228 5654 1501 5704 aspersus,
1555 5639 1761 5704 fuitque
1867 5645 2025 5703 atque
2058 5652 2127 5693 ex
2166 5651 2231 5694 eo
2262 5645 2502 5703 tempore
2539 5631 2902 5692 Jacobitarum
2938 5634 3253 5694 sententiam
3288 5647 3409 5686 am-
