3962 6344
645 129 777 191 1123

1646 119 2012 208 EUTYCIIII
2055 117 2350 177 ALEXAN
2363 117 2580 208 Dlill-‘il
2620 114 2829 176 PATR.

3701 97 3798 162 ιιιι

645 240 796 308 plcxa
847 243 930 289 est
975 233 1179 299 Nubia;
1229 243 1286 286 et.
1334 231 1756 300 quotiescunque
1799 219 2110 284 moreretur
2147 229 2199 280 in
2233 233 2272 286 Α
2306 199 2532 283 ΙΙηςοιιιῨ
2557 228 2672 281 Ebn
2705 220 2981 278 Armcuihi
3036 217 3144 286 (cui
3177 225 3347 272 mater
3370 224 3491 268 erat
3526 213 3688 280 Atina,
3713 232 3798 284 qua

652 331 830 395 aliqua
865 325 1083 393 zEgypti
1126 325 1257 376 urbe
1291 323 1597 390 cpiscopus,
1640 323 1804 374 alium
1841 321 1970 389 ipsis
2003 319 2208 374 consti-

651 417 835 469 tnchat
863 413 1233 467 Jacobitarum
1270 412 1591 479 patriarcha.
1627 412 1880 480 Adeoque
1939 411 2076 463 facta
2127 415 2209 462 est

651 505 923 575 zI-Tgyptus.
958 513 1064 557 tam
1113 505 1358 568 superior
1399 516 1562 570 quam
1608 503 1834 555 inferior
1883 499 2206 562 Jacohitica,

2311 335 2446 372 uxor
2479 320 2654 372 fuerat
2682 312 2890 369 Mosabi
2929 310 3081 364 Elinil
3115 308 3331 372 Zobair,
3364 315 3417 358 at
3447 313 3715 375 postquam
3738 308 3801 363 ille

2311 410 2703 466 interﬁceretur
2751 401 3106 462 Mohammcdi
3162 400 3273 454 Ebn
3333 398 3630 459 llerwani,
3684 396 3801 451 Ebnil

2311 501 2577 570 llaecmi).
2627 498 2932 552 Mcrwanus
2970 495 3070 548 iste
3113 507 3236 546 cum
3277 491 3330 544 in
3378 489 3588 558 Syriam
3621 487 3806 542 venisset

651 605 873 664 excepta
903 594 1133 648 ecclesia
1172 591 1447 648 Michaelis
1472 634 1486 658 ,
1535 607 1654 661 quze
1687 592 1740 643 in
1772 590 1948 644 Kasril
1984 587 2205 644 Shamai
2309 598 2678 663 juramemum
2703 587 2976 644 ﬁdelitalis
3002 585 3101 654 ipsi
3127 583 3545 652 prestiterunte
3573 578 3809 632 Damasce-

650 685 816 758 [trce
902 681 1160 755 candelae]
1230 684 1350 737 fuit.
1402 683 1549 737 lllum
1611 683 1818 738 scilicet
1879 682 2214 752 retinuerunt

650 774 933 838 Melchiue,
964 783 1127 843 atque
1161 775 1211 826 in
1241 788 1302 828 ea
1335 774 1584 828 orabant.
1618 771 1864 839 Cumque
1897 780 2200 824 moreretur

653 868 784 934 ipsis
811 867 1116 937 episcopus,
1143 865 1212 918 ad
1243 863 1408 934 388
1437 861 1562 934 Tyri
1599 861 1996 930 trietropolitam
2034 861 2214 914 mitte-

658 959 792 1014 bant
825 958 917 1024 qui
960 957 1093 1023 ipsis
1131 955 1445 1023 episcopum
1485 953 1784 1006 ordinaret.
1824 949 2009 1020 Neque
2046 951 2116 1003 ita
2157 965 2217 1003 se

657 1049 856 1102 habere
881 1047 1042 1102 desiit
1068 1045 1443 1100 Melehitarum
1469 1045 1521 1098 iu
1549 1041 1786 1114 ,Βαγριο
1807 1051 1860 1095 et
1888 1041 2215 1098 Alexandria

656 1145 831 1193 status
861 1125 1032 1204 usque
1063 1137 1127 1188 ad
1161 1135 1418 1190 Kozmam
1452 1134 1839 1203 patriarcham.
1872 1129 2043 1184 Porro
2074 1143 2219 1183 anno

661 1227 952 1282 chaliiatus
986 1225 1241 1280 Heshatni
1271 1224 1482 1280 decimo
1509 1223 1740 1292 septimo
1773 1219 2106 1277 constitutus
2134 1228 2219 1274 est

659 1319 807 1374 Elias
849 1315 1154 1387 patriarcha
1184 1314 1754 1386 Hierosolymitanus,
1797 1312 1886 1368 ubi
1915 1326 2088 1367 annos
2123 1311 2221 1366 tri-

662 1413 808 1482 ginta
839 1417 1074 1479 quatuor
1098 1408 1260 1473 sedit,
1296 1408 1418 1463 dein
1443 1418 1698 1464 .mortuus
1726 1416 1832 1462 est.
1860 1405 2008 1460 Obiit
2032 1413 2213 1458 autem

665 1501 969 1556 lleshamus
1026 1513 1210 1554 mense
1267 1497 1438 1554 Baebia
1501 1497 1790 1568 posteriori
1853 1496 1983 1550 anni
2043 1493 2220 1563 lit-irae

661 1591 942 1648 centesimi
999 1589 1240 1644 vicesimi
1290 1587 1508 1659 quinti.
1564 1603 1688 1643 cum
1745 1563 2013 1641 annorum
2075 1593 2222 1639 esset

665 1680 1056 1752 quinquaginta
1088 1677 1252 1732 trium
1281 1695 1295 1732 :
1319 1678 1563 1748 sepultus
1585 1687 1670 1732 est
1692 1676 1909 1732 Rosaiae
1935 1677 1988 1729 in
2019 1675 2225 1728 ditione

664 1773 731 1826 Al
793 1769 1014 1825 Rakkm.
1070 1769 1244 1823 Rufus
1304 1767 1424 1833 fuit,
1477 1769 1729 1835 strabus,
1779 1768 1919 1822 facie
1971 1765 2223 1828 deformi,

666 1859 864 1915 indolis
898 1874 1108 1929 pravae,
1151 1872 1370 1923 avarus,
1411 1873 1575 1926 opum
1615 1872 1888 1913 corrasor.
1924 1856 2226 1911 Satellitum

667 1939 839 2022 ipsius
883 1949 1168 2021 pmiectus
1219 1949 1319 2003 iuit
1368 1949 1512 2004 Caab
1556 1949 1670 2004 Ebn
1719 1949 1944 2004 llamed.
1990 1945 2230 2009 Ianitor,

669 2043 875 2106 Galeb,
920 2042 1147 2096 libertus
1197 2039 1388 2107 ipsius.
1433 2038 1536 2104 Qui
1583 2039 1814 2093 maxima
1859 2038 1998 2107 apud
2054 2036 2230 2105 ipsum

671 2135 844 2204 gratia
881 2133 1114 2202 pollebat
1150 2129 1277 2184 Said
1312 2129 1481 2184 Ebnol
1513 2128 1692 2183 Walid
1728 2130 1789 2182 Al
1825 2110 2072 2193 Abrash,
2105 2125 2236 2184 Cal-

675 2225 880 2279 beus‘s.
917 2222 1130 2288 Scriba,
1164 2222 1342 2277 Salen)
1383 2220 1498 2287 Ebu
1530 2221 1693 2276 Abdil
1723 2223 1875 2276 Aziz.

953 2334 1258 2401 Clialifatus
1293 2332 1544 2386 Alwalidi
1581 2330 1696 2385 Elin
1749 2331 1959 2386 Yazidi.

747 2428 1106 2495 lnauguratus
1135 2432 1219 2478 est
1245 2423 1310 2476 Al
1336 2421 1514 2476 Walid
1540 2421 1654 2476 Ebn
1690 2419 1899 2484 Yazidi,
1931 2421 2040 2475 Ebu
2067 2419 2240 2475 abdi!-

675 2518 866 2580 Malec,
896 2516 1010 2569 Ebn
1042 2513 1300 2576 Merwan,
1335 2513 1422 2566 cui
1453 2520 1622 2565 mater
1649 2511 1878 2566 Onunol'
1909 2509 2108 2579 llajaji,
2134 2510 2240 2563 tilia

677 2607 1070 2664 tlohammedis
1107 2605 1222 2659 Ebu
1253 2603 1445 2668 Yusel,
1480 2603 1670 2658 Ebnol’
1712 2600 1954 2666 llacemi,
1989 2601 2104 2654 Ebu
2137 2599 2241 2654 Abi

679 2699 857 2762 Okail,
885 2683 1261 2750 Thakal'ensis.
1304 2694 1427 2748 Fuit
1461 2693 1546 2748 hic
1577 2693 1828 2756 stolidus,
1860 2691 2063 2757 fatuus,
2097 2691 2242 2746 lusui

679 2791 934 2846 deditus:
973 2787 1272 2857 .imperavit
1326 2799 1528 2838 annum
1575 2790 1628 2840 et
1677 2793 1788 2838 tres
1839 2797 2073 2846 menses,
2117 2782 2241 2836 dein

683 2878 1073 2937 convenientes
1111 2876 1356 2930 homines
1399 2875 1490 2942 qui
1536 2872 1679 2926 facta
1716 2872 1835 2940 ejus
1875 2873 2244 2940 improbarent
2273 2890 2314 2948 ε

684 2969 862 3039 ipsum
895 2965 1284 3022 interfecerunt
1316 2962 1544 3018 Jomada
1577 2961 2024 3032 posteriori,anni
2056 2973 2240 3016 cente-

683 3061 805 3116 simi
859 3059 1100 3113 vicesimi
1159 3056 1337 3119 sexti;
1379 3055 1760 3124 proiectusqne
1811 3061 1894 3108 est
1927 3054 1979 3106 iu
2013 3051 2244 3106 Bohaira

683 3151 901 3221 regione
920 3148 1285 3212 Damascena;
1311 3143 1664 3214 389-391
1692 3157 1958 3221 annorum
1989 3139 2087 3195 fuit
2106 3158 2247 3211 qua-

688 3218 960 3308 draginta.
989 3237 1199 3292 Accidit
1223 3251 1354 3305 ergo
1384 3237 1436 3289 in
1471 3236 1627 3304 Syria
1655 3218 1935 3288 contentio
1961 3240 2016 3287 et
2044 3245 2246 3286 motus.

683 3329 841 3386 Facie
869 3337 986 3384 erat
1017 3314 1276 3400 pulchra,
1302 3329 1487 3398 lingua
1519 3327 1818 3393 eloquenti.
1839 3333 2049 3380 statura
2074 3324 2250 3394 perfe-

682 3433 788 3477 cta.
813 3419 1112 3475 Satellitum
1146 3419 1246 3487 ipsi
1274 3419 1564 3487 prmlectus
1582 3416 1685 3470 fuit
1704 3415 2116 3470 Abdorrahmau
2137 3413 2251 3468 Ebn

687 3509 1268 3575 llomaidi,Calbensis.
1315 3506 1547 3572 Janitor,
1578 3506 1776 3561 Katrus
1798 3508 2023 3562 libertus
2059 3508 2250 3578 ipsius.

963 3601 1265 3669 Chalifutus
1302 3597 1490 3652 Yazidi
1525 3596 1711 3652 Elmol’
1751 3595 1972 3652 Walidi.

761 3697 1122 3762 luauguratus
1182 3701 1265 3746 est
1296 3688 1482 3743 'Yazid
1534 3689 1722 3744 Ebuol‘
1764 3687 1943 3742 Walid
1995 3687 2252 3753 Alnakes,

687 3788 781 3858 qui
820 3793 916 3850 est
944 3783 1109 3838 Yazid
1136 3782 1306 3836 Ebuol
1346 3780 1525 3834 Walid
1567 3781 1681 3834 Ebn
1711 3779 1869 3835 Abdil
1899 3779 2088 3844 Maleo,
2135 3781 2253 3835 Ebn

688 3876 966 3940 Merwan;
995 3873 1085 3928 cui
1111 3880 1285 3926 mater
1317 3871 1484 3927 Persa
1519 3869 1641 3934 fuit,
1675 3870 1931 3925 videlicet
1962 3871 2250 3936 Sbabkud,

691 3970 798 4024 lilia
830 3967 1044 4022 Pbirnzi
1074 3965 1254 4022 Cesra:
1282 3966 1424 4034 regis
1457 3963 1768 4028 Persarum,
1793 3965 1886 4018 lilii
1912 3962 2254 4035 Yazdejerdi,

695 4061 787 4116 lilii
818 4058 1184 4123 Sbariar;cui
1215 4057 1334 4111 avia
1361 4055 1464 4110 l‘uit
1491 4055 1598 4110 ﬁlia
1629 4055 1870 4110 Mauricii
1905 4056 2280 4125 imperatoris.

2314 686 2399 740 nis
2427 682 2666 754 quidam,
2697 679 3103 733 contradicente
3133 672 3413 728 Solimano
3438 668 3553 722 Ebn
3579 666 3810 729 Heshami,

2314 777 2430 831 Ebn
2481 775 2640 830 Abdil
2697 771 2904 834 Malec,
2957 770 3188 838 aliisque
3235 761 3660 819 Ommaidarum.
3711 757 3813 810 Tum

2316 863 2657 938 congregatis
2687 867 2876 917 contra
2914 860 3090 928 ipsum
3125 858 3292 928 Syriae
3324 853 3518 908 incolis
3541 891 3558 914 ,
3596 859 3649 903 et
3674 850 3818 918 pleris-

2317 974 2425 1028 que
2456 973 2646 1012 eorum
2677 953 2769 1024 qui
2801 955 2867 1006 ab
2904 949 3353 1006 Hashezuidarum
3383 943 3634 1016 partibus
3658 948 3818 995 starrnt

2319 1050 2374 1104 in
2427 1048 2774 1109 Chorasano,
2836 1041 3088 1110 fugerunt
3148 1036 3320 1106 ipsius
3371 1033 3584 1104 copiae,
3637 1030 3824 1095 caesique

2318 1147 2448 1196 sunt
2472 1135 2747 1192 exercitus
2777 1133 2917 1202 ejus,
2958 1125 3412 1184 interﬁcientibus
3453 1120 3741 1176 Cborasaui
3767 1119 3826 1170 in-

2322 1231 2460 1286 colis
2493 1242 2743 1297 magnam
2769 1239 2798 1279 e
2829 1221 3000 1294 Syria:
3024 1220 3368 1297 Damascenz
3409 1221 3465 1266 et
3492 1210 3651 1264 Eraki
3676 1209 3828 1264 incolis

2321 1296 2746 1379 multitudinem,
2777 1327 3012 1380 quorum
3039 1296 3093 1364 et
3131 1321 3260 1378 opes
3289 1303 3660 1373 diripuerunt,
3687 1298 3832 1352 mnlic-

2325 1428 2518 1482 resque
2570 1424 2634 1464 ac
2685 1406 2884 1460 liberos
2932 1401 3176 1471 captivos
3233 1397 3529 1451 duxerunt.
3589 1391 3834 1458 Imperavit

2328 1494 2561 1557 Mervvau
2589 1510 2762 1552 annos
2791 1493 3034 1564 quinque
3069 1507 3083 1543 :
3118 1488 3276 1543 bellis
3304 1485 3540 1549 interim,
3565 1494 3837 1549 oppugnan-

2327 1597 2470 1651 tibus
2494 1591 2731 1660 uudique
2750 1588 2927 1657 ipsmu
2951 1571 3228 1652 regionum
3254 1570 3642 1648 [diversarum]
3666 1572 3836 1631 incolis,

2327 1699 2578 1744 vexatus.
2613 1681 2834 1742 Deinde,
2873 1690 2996 1732 cum
3027 1673 3094 1727 ab
3126 1673 3187 1724 Al
3218 1669 3328 1724 Zab
3358 1666 3609 1722 Musilam
3650 1663 3835 1732 fugeret,

2328 1781 2454 1838 inde
2477 1782 2530 1834 in
2553 1772 3022 1842 Mesopotamiam,
3039 1755 3231 1821 deinde
3252 1779 3343 1833 per
3357 1760 3572 1833 Syriam
3591 1756 3835 1820 transiens,

2329 1872 2501 1927 donec
2548 1871 2603 1922 in
2651 1863 2941 1934 Egyptum
2988 1856 3314 1928 perveniret,
3355 1849 3507 1905 missi
3557 1857 3680 1917 post
3707 1846 3838 1912 ipsum

2331 1962 2554 2017 Saidum
2625 1971 2798 2026 usque
2867 1946 3319 2007 llashcmidarum
3381 1940 3659 1994 exercitus
3707 1935 3837 2004 ipsum

2333 2052 2620 2124 quaesitum
2681 2043 2914 2102 assecuti
2979 2048 3111 2097 sunt
3166 2051 3290 2091 eum
3356 2033 3411 2088 in
3473 2031 3601 2085 vico
3657 2027 3842 2096 quodam

2335 2118 2625 2204 Ashmuri,
2661 2139 2751 2194 cui
2791 2149 2988 2191 nomen
3027 2129 3183 2183 Busir
3211 2122 3515 2182 Kurindcs.
3550 2118 3644 2173 ubi
3678 2118 3844 2170 occisus

2335 2245 2443 2298 est,
2480 2248 2604 2287 cum
2647 2241 2914 2282 annorum
2954 2229 3099 2276 esset
3137 2217 3417 2285 sexaginta
3458 2223 3675 2265 norem.
3717 2205 3846 2260 Canis

2340 2295 2513 2393 ipsius
2543 2334 2676 2376 cura
2703 2314 2992 2371 commissa
3027 2311 3128 2363 fuit
3159 2308 3356 2362 Amero
3396 2301 3511 2356 Ebu
3548 2298 3734 2353 Ismael
3765 2295 3848 2345 Sal-

2340 2385 2566 2465 tnensis.
2593 2401 2945 2477 393-395
2972 2395 3402 2469 Cognomiuatus
3436 2399 3620 2445 autem
3652 2394 3732 2440 est
3755 2385 3850 2437 ιιι-το

2340 2519 2460 2558 vvan
2490 2503 2553 2556 Al
2576 2499 2751 2562 Jaadi,
2781 2500 2906 2566 quia
2937 2498 2991 2548 in
3023 2492 3198 2559 ipsum
3224 2499 3417 2554 resque
3448 2481 3627 2550 ipsius
3663 2486 3852 2548 potesta-

2342 2605 2448 2650 tem
2479 2593 2752 2663 praecipue
2782 2586 2962 2641 habuit
2997 2585 3059 2638 Al
3090 2580 3219 2635 Jaad
3255 2578 3369 2632 Ebn
3405 2568 3853 2663 Darhami.Sate!.-

2344 2656 2681 2752 liti’o'ipsius
2734 2676 2948 2748 praefuit
2997 2674 3058 2726 Al
3109 2669 3348 2724 Cauthar
3396 2665 3512 2720 Ebu
3569 2662 3635 2715 Al
3683 2656 3856 2716 Aswad,

2345 2775 2684 2834 Anawensls.
2743 2771 2954 2825 Janilor
3013 2765 3133 2835 ejus
3197 2762 3340 2827 fuit,
3381 2757 3585 2815 S..k|ab
3650 2755 3855 2808 libertus.

2837 2857 3061 2927 Chalifae
3111 2854 3409 2917 Abbasidw,

2417 2956 2712 3014 Chalil'atus
2745 2951 2879 3005 Abil'
2930 2948 3108 3001 Abbas
3142 2941 3434 2998 AlSaﬂahi.
3470 2937 3858 3016 Fuitque'inm-

2347 3061 2587 3105 mentum
2615 3042 2890 3099 ﬁdelitatis
2919 3037 3218 3109 praestitum
3249 3033 3390 3088 Ahil'
3414 3031 3638 3084 Abbaso
3675 3029 3777 3097 (qui
3806 3032 3864 3077 ρει

2349 3139 2606 3197 Abdollah
2633 3137 2745 3190 Ebn
2776 3128 3138 3190 Moliammcd,
3168 3128 3281 3181 Ebu
3304 3126 3412 3185 Ali,
3444 3121 3564 3175 Ebn
3598 3117 3863 3174 Ahdollahi.

2352 3233 2522 3288 Ebuol
2576 3227 2797 3292 Abbasi,
2855 3225 2970 3278 Ebn
3023 3219 3180 3275 Abdil
3239 3216 3541 3278 Motallabi,
3601 3212 3687 3267 cui
3733 3218 3863 3263 mater

2351 3323 2558 3378 Rudiah
2618 3320 2724 3372 ﬁlia
2777 3312 3084 3371 Abdollahi.
3136 3309 3249 3363 Ebn
3302 3305 3694 3366 Obaidollahi,
3750 3297 3862 3352 Ennii

2352 3414 2573 3478 Abbasi,
2630 3411 2744 3464 Ebu
2784 3408 2941 3463 Abdil
2979 3402 3248 3462 Maddeni.
3286 3399 3443 3454 Ebuil
3488 3395 3707 3456 Daiani,
3742 3390 3864 3444 Harr-

2353 3489 2607 3574 thensis),
2634 3501 2798 3556 Cusze
2833 3497 2923 3552 die
2949 3492 3222 3555 Mercurii,
3258 3486 3548 3544 undecimo
3577 3480 3774 3539 mensis
3795 3480 3862 3531 lla-

2353 3601 2455 3654 biae
2485 3571 2803 3667 posterioris
2847 3589 2972 3644 anni
3009 3585 3182 3656 Hejrae
3213 3577 3496 3637 centesimi
3531 3571 3783 3631 tricesimi
3806 3586 3864 3626 5e-

2353 3661 2538 3746 cund-i.
2591 3685 2691 3738 llic
2723 3697 2865 3752 equo
2896 3680 2961 3733 ad
3007 3677 3268 3746 templum
3317 3683 3503 3727 vectus
3552 3667 3645 3723 die
3684 3661 3864 3720 Veneris

2355 3782 2421 3837 ad
2458 3778 2732 3839 homines,
2767 3772 2994 3842 pedibus
3024 3776 3176 3823 stans
3212 3775 3518 3820 sermonem
3554 3756 3864 3820 babuit,cnn

2356 3867 2652 3925 Ommaidae
2680 3865 2931 3921 sedentes
2961 3847 3237 3914 orationes
3269 3867 3398 3908 suas
3419 3849 3628 3904 habere
3657 3848 3862 3903 solerent.

2355 3950 2501 4018 Misit
2529 3960 2616 4013 hic
2647 3955 2923 4010 exercitus
2951 3956 3141 4006 contra
3164 3944 3427 3999 Yazidum
3459 3939 3578 3994 Ebn
3608 3937 3764 3994 Omar
3785 3933 3862 3985 Ebn

2356 4053 2455 4108 Abi
2510 4048 2752 4104 Horairm
2806 4043 3089 4098 Wasetum
3136 4055 3149 4090 :
3211 4037 3358 4090 misit
3427 4034 3600 4087 etiam
3665 4037 3864 4099 patruum

695 4115 1114 4205 Romanorum:
1151 4157 1316 4217 atque
1349 4148 1420 4200 ita
1461 4147 1643 4202 dicere
1683 4147 1936 4202 solebat:
1983 4115 2116 4202 .5qu
2153 4163 2255 4218 ego
2290 4213 2318 4218 Α
2359 4160 2514 4199 suum
2545 4137 2904 4195 Abdollahum
2942 4133 3055 4188 Ebn
3083 4129 3166 4184 Ali
3207 4137 3396 4183 contra
3439 4124 3757 4178 Merwanem
3786 4115 3864 4169 Ebl

697 4243 839 4296 ﬁlius
867 4241 1047 4294 Cesra:
1076 4247 1130 4293 et
1162 4212 1303 4292 ﬁlius
1343 4237 1622 4302 Mervrani,
1667 4238 1907 4307 mihique
1937 4253 2070 4293 avus
2103 4212 2256 4293 Mau-
2289 4213 2330 4266 θ
2364 4230 2721 4294 Moliatnmed,
2753 4240 2911 4297 quem
2973 4224 3026 4276 in
3067 4219 3248 4290 fugam
3282 4216 3428 4272 dedit
3453 4255 3468 4279 9
3506 4214 3684 4296 όρηεο
3732 4212 3864 4307 ipf”

696 4335 902 4398 ricius,
957 4341 1012 4386 et
1054 4347 1188 4386 avus
1242 4329 1439 4386 Sasan.
1491 4329 1794 4385 Praefectus
1847 4329 2074 4399 imperio
2130 4332 2254 4396 luit,

697 4443 888 4485 mense
920 4425 1116 4491 Rajeb,
1148 4425 1554 4494 imperavitque’
1583 4433 1798 4477 menses
1839 4423 2097 4493 quinque,
2129 4424 2256 4479 dein

699 4529 947 4575 mortuus
975 4527 1057 4572 est
1086 4523 1189 4570 line
1222 4515 1423 4569 mensis
1455 4513 1740 4569 Dulkaadae
1767 4513 1896 4568 anni
1926 4512 2097 4579 Hejrze
2127 4528 2258 4568 cen-

701 4612 876 4665 resimi
903 4607 1142 4663 vicesimi
1175 4608 1337 4667 sexti,
1364 4620 1538 4659 annos
1563 4604 1767 4658 habens
1792 4603 2046 4673 triginta;
2077 4605 2259 4674 sepul-

703 4712 788 4756 tus
838 4709 926 4755 est,
968 4697 1240 4750 Damasci.
1298 4694 1602 4748 Satellitum
1660 4692 1765 4761 ipsi
1821 4692 2111 4761 praefectus
2161 4693 2263 4749 fuit

702 4788 870 4843 Yazid
907 4785 1092 4841 Ebnol‘
1135 4781 1447 4852 Sammadjy
1479 4781 1758 4837 cbmeusis
1787 4799 1802 4838 :
1843 4777 2054 4836 Ianitor
2079 4780 2261 4836 Salam

703 4883 929 4938 libertus
958 4880 1151 4947 ipsius.

762 4968 1060 5038 Chatifams
1103 4963 1356 5020 Μινωαηὶ
1388 4963 1499 5018 Elm
1543 4963 1869 5019 Mahammed
1927 4963 2219 5037 [cognomi-

1264 5061 1375 5112 nati
1407 5057 1473 5110 Al
1492 5054 1701 5128 laudi].

774 5153 1010 5207 Mortuo
1039 5149 1245 5206 Yaaido
1292 5150 1569 5225 Alnakes,
1619 5148 1935 5214 iuramento
1991 5146 2265 5202 ﬁdelitatis

709 5245 945 5312 praestita
975 5241 1257 5313 [chalil‘am
1288 5237 1690 5310 renuntiarunt]
1719 5240 1968 5293 homines
1998 5239 2051 5291 in
2089 5238 2250 5308 392

711 5334 866 5405 Syria
920 5332 1277 5386 Abrabimum
1337 5330 1505 5384 ﬁlium
1561 5329 1626 5383 Al
1679 5326 1874 5382 Walidi
1928 5326 2042 5381 Ebn
2101 5328 2259 5381 Ade

2365 4320 2753 4392 Mesopotamia
2799 4325 2853 4372 et
2903 4314 3058 4384 Syria
3109 4310 3428 4380 expelleret.
3467 4305 3612 4360 Tum
3666 4300 3864 4356 Salehtml

2366 4413 2486 4468 Ehn
2515 4410 2598 4462 Ali
2632 4407 2799 4468 misit,
2832 4404 2924 4473 qui
2953 4400 3200 4455 eumdem
3237 4398 3290 4453 in
3321 4395 3618 4466 Egyptum
3649 4395 3866 4446 inst-cutus

2364 4487 2468 4560 est,
2515 4495 2702 4566 prima:
2730 4491 2850 4560 ejus
2883 4487 3017 4542 aciei
3059 4485 3318 4556 praefecto
3367 4485 3484 4535 Abu
3534 4483 3713 4543 Auno,
3742 4478 3864 4531 donec

2342 4592 2546 4660 ipsum
2606 4582 2994 4640 interfecisset.
3035 4577 3266 4631 Romani
3317 4583 3497 4629 autem
3533 4588 3660 4628 cum
3707 4575 3864 4624 mortuo

2370 4681 2703 4750 imperatore
2750 4673 2932 4728 Leone
2975 4671 3129 4725 multi
3161 4668 3324 4739 396
3368 4666 3488 4720 illos
3529 4666 3672 4719 male
3715 4667 3864 4715 tract:-

2371 4779 2515 4837 rent,
2551 4759 2614 4824 ac
2643 4768 2870 4822 turbatae
2909 4770 3092 4819 essent
3128 4762 3301 4830 ipsius
3331 4758 3547 4828 imperii
3602 4771 3708 4818 res,
3739 4753 3861 4806 virum

2371 4861 2665 4935 quemdam
2724 4873 2756 4911 e
2799 4854 3034 4909 Marashi
3059 4853 3265 4906 incolis
3325 4848 3547 4904 nomine
3601 4845 3860 4900 Artabanum

2375 4956 2480 5011 sibi
2529 4949 2924 5021 praefecerunt,
2973 4943 3128 5012 cujus
3157 4940 3447 5009 imperium
3501 4939 3679 4992 turbis
3702 4939 3860 5004 plenum

2372 5049 2476 5103 l'uit
2504 5052 2745 5111 tempore
2775 5037 2894 5091 Abil
2921 5035 3121 5090 Abbasi
3151 5042 3205 5086 et
3230 5031 3516 5085 Mansoris.
3545 5026 3782 5083 Condidit
3803 5037 3861 5072 ιιι-

2373 5149 2482 5193 tem
2520 5133 2660 5190 Abul
2698 5131 2880 5184 Abbas
2923 5129 2977 5180 in
3011 5125 3226 5178 Anbaro
3269 5121 3457 5176 urbem
3505 5133 3671 5188 quam
3717 5113 3859 5170 llashe

2376 5230 2538 5282 iniam
2598 5220 2911 5293 appellavit.
2948 5213 3385 5271 Fuitcbalifatus
3435 5211 3612 5279 ipsius
3657 5215 3856 5262 anon

2367 5326 2620 5391 quatuor,
2648 5321 2701 5366 et
2729 5325 2919 5364 nevem
2953 5307 3218 5363 mensium
3248 5321 3266 5360 :
3304 5313 3556 5357 mortuus
3601 5309 3683 5356 est
3716 5299 3759 5353 in
3792 5295 3858 5346 An-

714 5387 929 5490 ἐπειδὴ
957 5433 1012 5477 at
1030 5437 1152 5477 cum
1179 5432 1416 5494 quatuor
1439 5433 1652 5476 menses
1677 5420 2020 5485 imperasset,
2045 5418 2274 5487 imperio
2370 5387 2525 5472 baro,
2553 5407 2640 5461 die
2675 5403 2980 5465 Dominieo,
3017 5397 3218 5454 mensis
3245 5395 3325 5448 Dil
3365 5393 3542 5462 Hujiz
3569 5387 3853 5494 duodecim.

716 5521 1004 5573 aluerunt.
1031 5511 1293 5582 Venitque
1316 5511 1552 5569 Mervvan
1574 5511 1685 5567 Ebn
1713 5509 2074 5573 Iobammed,
2100 5509 2272 5566 Ebuol

2374 5503 2499 5558 anni
2531 5496 2708 5566 Hejra:
2740 5491 3021 5548 centesimi
3065 5486 3324 5546 tricesimi
3364 5485 3530 5546 sexti.
3582 5479 3792 5553 sepultas
3820 5474 3852 5527 il
