3962 6344
165 77 180 166 l

281 145 414 210 1125

1697 144 2070 208 ANNALES.

3363 142 3494 206 1126

271 259 407 310 urbe
439 255 747 311 llashcmia.
777 254 899 308 Fuit
931 255 1066 310 Abul
1131 255 1312 309 Abbas
1355 267 1665 324 procerus.
1692 255 1833 310 l'acie
1862 259 1908 315 Α
1937 253 2235 309 centesimo
2269 253 2723 323 quinquagesimo
2753 261 2963 318 octavo,
3007 252 3254 342 obiitque
3302 234 3497 328 Met-Ine

265 350 515 417 pulchra,
548 357 758 402 statura
790 347 1050 416 perfecta.
1075 346 1382 400 Satellitum
1417 346 1516 416 ipsi
1545 344 1832 416 praefectus

267 441 369 492 fuit
400 439 572 494 Abdol
609 439 798 494 labbar
829 437 942 492 Ebn
979 438 1482 505 Ahdor-Rahmani,
1504 439 1772 496 Azdensis
1814 454 1830 492 :

265 529 498 596 Janitor,
528 530 644 584 Ebn
681 529 870 585 Gaﬂan
903 531 1138 584 libertus
1176 529 1368 599 ipsius.

580 620 878 689 Chalifatus
928 620 1140 692 Iaafari
1180 608 1512 689 Almamuri.

325 711 659 767 éConfecerat
728 712 870 767 Abul
911 712 1094 766 Abbas
1167 720 1547 767 testamentum
1614 713 1667 766 in
1721 726 1832 782 quo

263 800 536 855 lunredcm
564 803 936 856 constituerat
981 799 1203 856 fratrem
1254 816 1417 857 suum
1471 802 1573 856 Abi
1626 800 1832 867 laafar,

263 889 626 947 Abdollahtun
663 891 780 945 Elin
804 889 1171 957 Moltatntned,
1201 891 1317 947 Ebtt
1341 893 1450 959 Ali,
1478 893 1596 947 Ebn
1621 892 1830 947 Abdol-

264 984 394 1048 lalti,
427 983 599 1038 Ebnol
652 983 848 1040 Abbasi
885 983 1067 1053 (cujus
1123 994 1300 1040 mater
1349 984 1658 1039 concubina
1699 984 1833 1053 fuit,

264 1075 485 1130 nomine
517 1075 766 1130 Salamah
804 1075 911 1131 lilia
942 1075 1190 1141 Bashari,
1213 1089 1442 1146 quaeque
1479 1075 1696 1131 Basore:
1725 1093 1836 1132 na-

264 1177 316 1224 ta
392 1165 538 1238 fuit),
577 1168 876 1237 eodemque
901 1176 1100 1236 patruo
1146 1183 1245 1221 suo
1277 1167 1375 1222 lsa
1405 1165 1522 1222 Ebn
1572 1167 1682 1234 Ali,
1714 1167 1832 1224 Ebn

263 1256 552 1312 Abdollabi
587 1255 756 1315 Ebnol
783 1256 984 1311 Abbasi
1019 1255 1250 1320 tradito;
1278 1254 1380 1311 Ubi
1413 1257 1639 1328 (inquit)
1679 1272 1834 1313 mor-

263 1358 387 1402 tuus
418 1347 595 1412 fuero,
624 1347 874 1402 homines
929 1345 1089 1400 ﬁdem
1113 1345 1425 1415 juramento
1470 1347 1820 1418 obstringere

263 1439 434 1494 facias
463 1440 540 1494 illi
564 1439 724 1508 cujus
751 1439 804 1492 in
829 1437 932 1494 hoc
966 1445 1292 1494 testamento
1318 1440 1521 1494 mentio
1556 1438 1697 1494 facta
1730 1449 1833 1496 est.

261 1530 364 1586 Ubi
407 1545 536 1600 ergo
569 1545 600 1586 e
650 1530 789 1586 vivis
818 1539 1132 1585 excesserat
1179 1530 1322 1585 Abul
1371 1531 1612 1595 Abbasi,
1661 1530 1823 1586 fidem

259 1623 396 1676 dare
430 1621 555 1675 fecit
586 1621 668 1676 lsa
730 1620 843 1675 Ebn
899 1621 983 1675 Ali
1025 1621 1418 1687 llashemidas,
1471 1623 1563 1692 qui
1614 1623 1823 1678 Anbari

259 1721 439 1774 erant,
464 1710 738 1780 ducesque
763 1710 1118 1782 397-399
1149 1713 1250 1767 Abi
1279 1711 1491 1767 laafaro
1522 1713 1830 1769 Abdollabo

263 1801 376 1856 Ebn
405 1799 783 1863 lliuhammedi.
817 1801 995 1855 laafar
1029 1813 1212 1858 autem
1269 1815 1400 1860 tunc
1451 1806 1709 1875 temporis
1742 1822 1839 1876 pe-

261 1894 680 1962 regrinationem
724 1893 1004 1963 religionis
1049 1909 1180 1965 ergo
1234 1895 1587 1962 instituerat,
1653 1899 1834 1952 comi-

261 1993 413 2039 tante
445 1985 625 2053 ipsum
657 1985 772 2040 Abu
812 1983 1157 2042 Moslemin‘o.
1182 1986 1403 2042 Litteris
1441 2002 1571 2059 ergo
1604 1988 1829 2059 scriptis

263 2075 426 2144 hujus
471 2077 549 2132 rei
599 2078 900 2133 certiorem
969 2078 1148 2148 ipsum
1202 2079 1480 2147 fecerunt,
1546 2081 1708 2151 cujus
1743 2080 1836 2136 ubi

265 2167 455 2221 notitia
486 2167 552 2222 ad
588 2170 764 2237 ipsum
799 2170 1067 2239 pervenit,
1098 2167 1472 2236 juramentum
1529 2171 1634 2241 ipsi
1689 2188 1834 2242 pra:-

261 2264 519 2312 stiterunt
552 2259 669 2312 Abu
718 2258 963 2323 Moslem,
1017 2261 1328 2331 caeterique,
1383 2262 1473 2331 qui
1533 2278 1660 2318 cum
1712 2265 1834 2336 ipso

259 2357 418 2402 erant
465 2349 654 2404 duces.
693 2349 975 2404 Anbarum
1030 2363 1162 2420 ergo
1219 2349 1413 2406 tendit.
1469 2353 1597 2408 Fuit
1652 2365 1832 2412 autem

255 2439 520 2500 Abdollah
557 2440 671 2494 Ebu
706 2441 812 2504 Ali,
845 2441 971 2496 Ebn
1028 2441 1348 2508 Abdollahi,
1407 2442 1580 2500 Ebnol
1631 2447 1833 2504 Ahbasi

262 2532 315 2583 in
350 2529 734 2600 Mesopotamia
767 2530 996 2602 [ibique]
1028 2533 1132 2587 sibi
1167 2534 1458 2603 imperium
1481 2539 1830 2609 vendicavit;

259 2619 328 2673 ad
361 2635 522 2690 quem
559 2621 780 2675 mittens
811 2621 933 2675 Abu
982 2623 1157 2678 laafar
1198 2624 1319 2679 Abu
1369 2627 1718 2696 Mosletnum,
1751 2631 1836 2701 ip-

257 2726 377 2766 sum
407 2711 730 2788 proﬂigavit.
767 2711 1155 2783 Reversusque
1186 2724 1268 2768 est
1297 2716 1588 2773 AlMansur
1610 2719 1829 2776 Culum.

259 2797 396 2852 Tum
435 2798 747 2868 Bagdadutn
781 2803 970 2856 urbem
1018 2803 1288 2868 condidit,
1316 2819 1480 2874 quam
1515 2805 1828 2864 Medittatol’
1859 2827 1862 2830 ’

1947 344 2151 398 mensis
2201 343 2279 397 Dil
2330 343 2496 412 llajja:
2538 357 2706 405 nono,
2757 359 2929 398 annos
2994 354 3157 399 natus
3217 345 3498 413 sexaginta

1940 442 2088 498 octo,
2141 450 2265 488 cum
2311 435 2571 489 chalil'atu
2619 435 2840 489 functas
2881 448 3026 490 esset
3072 451 3246 491 annos
3300 437 3500 505 viginti

1937 527 2096 580 duos.
2127 525 2316 582 Oravit
2364 541 2462 596 pro
2494 527 2614 596 ipso
2648 526 2793 583 filius
2825 527 2996 595 ipsius
3026 526 3280 595 Salclms,
3311 529 3500 597 scpul~

1939 623 2134 686 tusque
2162 626 2246 671 cst
2293 616 2492 672 illechaa
2533 618 2688 687 juxta
2741 627 2962 687 puteum
3014 618 3323 674 Maimonis.
3381 619 3506 674 Fuit

1936 706 2056 760 Abu
2091 705 2264 759 laafar
2299 706 2591 762 Allllansur
2635 723 2925 778 procerus,
2959 707 3174 778 fuscus,
3206 712 3349 764 raris
3386 726 3503 780 my-

1938 797 2208 866 stacibus,
2251 798 2437 853 barbae
2467 809 2620 867 parte
2651 802 2913 856 anteriori
2948 802 3183 871 prolixa.
3234 801 3499 856 Satellitio

1936 889 2114 958 ipsius
2145 889 2480 960 praefuerunt
2499 890 2669 945 Abdol
2697 893 2886 946 labhar
2911 892 3021 947 Ebn
3050 893 3502 959 Abdir'rahman,

1933 977 2234 1045 Azdensis,
2287 979 2608 1046 Ebn-Caab,
2651 979 2768 1034 Ebn
2814 979 2988 1045 Musa,
3041 981 3408 1036 Tamimensis
3449 997 3506 1035 ct

1936 1066 2280 1140 AlMosaiyeb
2309 1069 2603 1136 AlZaltari,
2635 1069 2962 1125 Dabbensis.
2997 1067 3216 1123 Janitor
3241 1069 3364 1138 ejus
3401 1070 3506 1122 fuit

1934 1155 2076 1216 Abul
2106 1159 2309 1217 Chatib
2340 1161 2560 1217 Marzuc
2593 1163 2826 1217 libertus
2854 1162 3032 1231 ipsius
3065 1172 3145 1226 et,
3173 1167 3296 1230 post
3327 1161 3503 1230 ipsum

1935 1250 2214 1330 AlRabius
2249 1254 2481 1308 libertus
2517 1254 2721 1324 ipsius.

2191 1343 2542 1414 ἀοι-403
2595 1345 2898 1414 Cltalifaltts
2951 1344 3246 1399 ΑιιυοΙράὶἱ.

2011 1433 2224 1490 Mortuo
2255 1435 2488 1489 Mecchm
2524 1437 2848 1490 Almansuro
2884 1438 3040 1508 tidem
3089 1424 3516 1492 obsta-inserunt

1942 1524 2102 1580 Saleb
2130 1525 2302 1581 Ebnol
2331 1524 2574 1590 Mansur;
2609 1535 2665 1579 et
2697 1527 2779 1580 lsa
2829 1524 2950 1579 Ebn
3001 1525 3175 1588 Musa.
3220 1525 3505 1579 Aanhdzo

1857 1582 1900 1638 Β
1942 1615 2055 1670 Ebn
2088 1615 2450 1679 Mohammed,
2496 1582 2609 1670 Elin
2644 1616 2934 1681 Abdollah,
2976 1617 3091 1670 Ebn
3137 1582 3504 1680 biohammcd,

1935 1707 2052 1762 Ehn
2083 1709 2188 1770 Ali,
2218 1707 2334 1762 Ebn
2366 1707 2675 1769 Abdollahi,
2716 1708 2888 1762 Ebnol
2929 1707 3177 1775 Abbasi';
3211 1709 3298 1761 cui
3335 1715 3506 1760 mater

1933 1785 2050 1853 erat
2080 1797 2258 1855 Omno
2295 1798 2467 1865 Musa,
2496 1799 2600 1853 lilia
2631 1798 2964 1861 AlMausnri,
3010 1799 3126 1853 Ebn
3182 1797 3491 1862 Abdollabi,

1932 1889 2052 1946 Ebn
2080 1892 2258 1947 Sahwi
2293 1892 2698 1962 Hamyarensis,
2733 1891 2845 1946 Ebn
2877 1890 3156 1946 AlR'oaini.
3188 1889 3506 1959 Peregrina-

1945 1982 2109 2037 tionis
2139 1996 2270 2052 ergo
2297 1981 2487 2055 [ritus]
2541 1983 2862 2037 hominibus
2913 1983 3142 2052 perfecit
3192 1980 3354 2035 Saleb
3386 1981 3503 2036 Ebn

1937 2071 2246 2128 AlMansuri
2278 2093 2292 2128 :
2328 2076 2412 2130 vel
2450 2074 2817 2129 referentibus
2850 2073 3201 2143 quibusdam,
3263 2073 3506 2127 lloham-

1936 2166 2082 2229 med,
2133 2167 2244 2221 Ebn
2276 2165 2484 2237 Yabya,
2533 2167 2648 2222 Ebn
2692 2167 3067 2228 Mohammod,
3100 2166 3216 2220 Ebn
3249 2164 3357 2224 Ali.
3383 2167 3501 2220 Ehn

1933 2257 2250 2321 Abdollahi.
2310 2259 2482 2314 Ebnol
2533 2259 2732 2313 Abbasi
2767 2277 2779 2312 :
2810 2267 2863 2313 et
2907 2259 2973 2313 ad
3023 2257 3293 2311 AlMohdii
3345 2257 3505 2311 obse-

1933 2345 2124 2415 quium
2180 2348 2448 2403 invitavit.
2482 2345 2739 2400 Nuntium
2793 2356 3006 2400 autcm~
3034 2345 3100 2399 ad
3131 2345 3501 2409 Alliohdium,

1931 2436 2024 2506 qui
2057 2435 2295 2504 Bagdadi
2328 2447 2456 2492 tunc
2481 2448 2619 2499 erat.
2639 2438 2865 2508 pertulit
2897 2436 3158 2490 Monarah
3188 2433 3500 2488 AlMattsuri

1934 2543 2153 2582 servus.
2203 2528 2447 2583 Praestita
2481 2543 2611 2597 ergo
2641 2537 2769 2584 sunt
2801 2529 2876 2582 illi
2899 2528 3210 2597 juramenta
3241 2528 3500 2597 Bngdadi,

1938 2617 2135 2672 ultimo
2195 2616 2487 2687 DilHajjaa,
2543 2633 2688 2672 anno
2749 2620 3050 2672 centesimo
3110 2618 3502 2689 quinquagesig

1931 2724 2024 2764 mo
2095 2723 2308 2766 octavo.
2379 2710 2549 2765 Porro
2615 2720 2867 2765 mortuus
2945 2719 3030 2765 est
3096 2709 3494 2766 Constantinus

1932 2800 2132 2857 Leonis
2184 2803 2324 2858 filius
2377 2800 2746 2856 Romanorum
2797 2801 3113 2870 imperator,
3157 2803 3489 2856 succedente

259 2886 438 2942 Salam
483 2887 560 2960 [id
605 2875 690 2944 est
722 2891 911 2945 urbem
946 2891 1120 2965 pacis]
1146 2896 1464 2964 appellavit.
1520 2897 1721 2954 Vorala
1744 2912 1826 2960 est

1933 2892 2037 2962 ipsi
2075 2893 2129 2946 in
2159 2892 2386 2963 imperio
2408 2892 2516 2946 filio
2551 2893 2723 2961 ipsius
2758 2891 2958 2955 Leone,
2992 2893 3102 2974 [ilio
3127 2893 3499 2964 Constantini,

258 2987 439 3032 autem
471 2979 604 3036 urbs
661 2978 878 3052 Bagdad
925 2982 1050 3036 ideo
1079 2984 1224 3052 quod
1261 2986 1312 3038 in
1340 3001 1405 3040 ea
1451 2980 1596 3044 esset
1642 3006 1832 3047 mona-

253 3069 391 3125 chus
432 3062 654 3140 quidaiu
692 3073 913 3127 nomine
941 3072 1196 3143 Bagdad;
1242 3079 1330 3130 cui
1374 3081 1680 3135 claustrum
1709 3094 1828 3141 erat

253 3159 309 3214 in
343 3163 707 3230 terrteamplae
731 3178 794 3216 ac
809 3163 1041 3233 pulchrae
1068 3167 1264 3228 medio.
1290 3170 1379 3236 qui
1403 3169 1557 3224 locus
1575 3186 1696 3226 cum
1724 3174 1826 3230 Abi

247 3248 462 3304 laafaro
490 3252 750 3321 placeret,
787 3257 907 3322 ipso
937 3255 1232 3323 dciinealo,
1279 3259 1332 3312 in
1371 3275 1436 3313 eo
1472 3263 1661 3318 urbem
1693 3280 1828 3321 con-

249 3339 408 3405 didit,
437 3339 559 3410 quie
592 3344 807 3414 Bagdad
841 3345 1113 3413 appellata
1149 3359 1234 3401 est
1264 3351 1487 3406 nomine
1520 3357 1772 3410 monachi
1804 3373 1819 3418 ;

254 3429 411 3497 quasi
443 3431 590 3484 dicat
619 3446 634 3483 :
673 3431 953 3486 Exstruxit
996 3434 1117 3488 Abu
1149 3434 1324 3490 laafar
1357 3439 1547 3494 urbem
1600 3443 1655 3495 in
1705 3445 1824 3499 loco

250 3516 487 3588 Bagdadi
518 3521 796 3577 monachi.
843 3525 1004 3578 Anno
1037 3526 1335 3583 chalifatus
1364 3528 1468 3584 Abi
1502 3531 1698 3588 laafari
1730 3535 1824 3590 Al-

250 3607 494 3665 Mansuri
525 3613 720 3681 primo,
756 3616 1090 3672 constitutus
1118 3627 1201 3674 est
1231 3618 1622 3691 PrOphylactus
1658 3629 1825 3694 patri-

253 3701 416 3754 archa
440 3703 835 3769 Antiochenus,
860 3709 959 3775 qui
992 3723 1165 3764 annos
1187 3711 1489 3767 octodecim
1514 3717 1672 3780 sedit,
1699 3719 1826 3774 dein

250 3800 500 3847 mortuus
545 3801 650 3849 est.
717 3793 976 3864 Ejusdem
1012 3799 1437 3856 annovicesimo
1481 3806 1823 3864 constitutus

244 3890 329 3936 est
369 3882 692 3941 Theodorus
729 3888 1042 3956 patriarcha
1089 3889 1490 3958 Antiochenus.
1525 3901 1618 3967 qui
1646 3913 1822 3957 annos

246 3974 436 4042 viginti
468 3975 579 4029 tres
604 3977 766 4043 sedit,
801 3979 928 4033 dein
969 3991 1223 4036 mortuus
1258 3991 1363 4038 est.
1395 3987 1556 4042 Anno
1587 3990 1820 4045 chalifa-

248 4071 338 4118 tus
377 4066 624 4134 ejusdem
659 4077 860 4137 quarto
895 4072 1230 4145 constitutus
1265 4087 1350 4129 est
1380 4076 1696 4135 Balatianus
1727 4097 1822 4150 pa-

245 4159 484 4211 triarcha
522 4159 952 4223 Alexandrinus,
988 4161 1152 4232 400
1179 4165 1271 4234 qui
1305 4174 1358 4220 et
1398 4171 1643 4226 medicus
1674 4172 1815 4228 fuit:

246 4262 422 4303 annos
473 4252 836 4322 quadraginta
887 4269 982 4308 sex
1019 4257 1184 4321 sedit,
1231 4257 1359 4312 dein
1415 4271 1666 4318 mortuus
1713 4276 1817 4320 est.

247 4339 414 4394 Anno
449 4341 688 4409 ejusdem
715 4343 890 4410 prino
909 4343 1242 4401 constitutus
1267 4359 1350 4401 est
1381 4347 1702 4407 Theodorus
1724 4368 1820 4422 pa-

245 4433 489 4488 triarcha
534 4433 1223 4502 Constantinopolitanus;
1260 4438 1354 4506 qui
1409 4453 1585 4495 annos
1625 4442 1818 4513 viginti
1851 4464 1856 4466 -

247 4541 343 4582 sex
378 4512 540 4590 sedit,
571 4525 698 4577 dein
728 4525 886 4579 obiit.
952 4523 1068 4578 Non
1104 4537 1281 4580 autem
1310 4530 1438 4582 mihi
1474 4533 1616 4586 scire
1679 4512 1816 4589 con-

248 4617 373 4686 tigit
424 4616 645 4670 nomina
696 4617 1129 4683 patriarcharum
1183 4617 1822 4703 Constantinopolitano-

249 4721 367 4759 rum
398 4719 428 4757 a
459 4711 703 4770 tempore
729 4719 837 4772 quo
869 4715 1119 4759 mortuus
1147 4716 1230 4760 est
1254 4706 1579 4766 Theodorus
1610 4713 1678 4766 ad
1717 4715 1820 4769 hoc

248 4809 419 4864 usque
444 4808 554 4864 quo
586 4793 730 4848 hunc
765 4793 964 4847 librum
1012 4798 1324 4864 composui,
1361 4810 1415 4852 ιιι
1451 4815 1553 4854 nec
1585 4804 1821 4870 patriar—

248 4889 474 4940 charum
507 4884 901 4953 Romanorum,
929 4901 956 4939 a
991 4896 1235 4956 tempore
1267 4891 1456 4959 Agabii
1493 4895 1819 4960 patriarcha:

249 4979 506 5044 Romani;
540 4995 638 5033 nec
668 4979 799 5047 quid
826 4979 894 5032 de
927 4979 1059 5046 ipsis
1087 4990 1361 5060 narretur.
1393 4983 1551 5038 Anno
1579 4986 1815 5039 cbalifa-

247 5079 337 5125 tus
380 5070 627 5140 ejusdem
674 5069 983 5123 Alhlansuri
1038 5072 1299 5126 vicesimo
1346 5077 1683 5130 constitutus
1731 5085 1810 5131 est

245 5158 512 5230 Gecrgius
541 5161 848 5229 patriarcha
898 5159 1460 5232 llierosolymitanus;
1512 5167 1607 5234 qui
1634 5182 1811 5222 annos

247 5252 469 5322 triginta
505 5267 597 5306 sex
634 5252 794 5316 sedit,
829 5253 957 5306 dein
1002 5265 1253 5310 mortuus
1295 5267 1399 5310 est.
1439 5255 1685 5312 Mortuus
1715 5267 1803 5314 est

247 5341 413 5395 etiam
431 5340 724 5394 Artabatus
745 5341 1110 5396 Romanorum
1141 5343 1461 5411 imperator,
1485 5357 1612 5414 post
1644 5362 1807 5416 quem

249 5430 441 5488 iisdem
470 5431 750 5501 imperavit
782 5430 1172 5488 Constantinus
1204 5434 1350 5489 [ilius
1387 5434 1607 5492 Leonis.
1637 5435 1807 5492 Porro

249 5524 738 5598 peregrinationem
785 5526 1018 5582 instituit
1078 5525 1372 5585 AlMansur
1430 5544 1574 5589 anno
1631 5528 1807 5602 Hejra:

1931 2981 2029 3036 ﬁlii
2083 2981 2301 3037 Leonis.
2348 2981 2473 3038 Fuit
2515 2992 2695 3038 autem
2742 2983 3011 3038 AlMehdii
3068 2983 3362 3038 chalifatus
3402 3000 3500 3037 an-

1930 3089 2126 3128 norum
2168 3075 2354 3141 decem
2412 3090 2540 3130 cum
2597 3090 2785 3129 mense
2820 3083 2876 3129 et
2943 3075 3218 3130 sexdecim
3277 3078 3496 3134 diebus.

1927 3163 2074 3220 Obiit
2101 3179 2287 3220 mense
2322 3165 2629 3228 Molmrram
2661 3165 2788 3220 anni
2815 3165 2990 3234 llejraa
3022 3169 3306 3221 centesimi
3341 3184 3496 3223 sexa-

1925 3257 2117 3326 gesimi
2193 3261 2342 3324 noni,
2448 3272 2574 3320 cum
2636 3273 2902 3312 annorum
2963 3259 3348 3328 essettriginta
3391 3276 3497 3314 no-

1923 3361 2068 3411 γεω,
2120 3347 2280 3418 idque
2327 3347 2380 3400 in
2435 3347 2557 3404 vico
2613 3348 2760 3402 dicto
2803 3346 2994 3402 AIRud
3028 3365 3058 3404 e
3109 3359 3252 3404 terra
3283 3351 3497 3408 Masab-

1919 3433 2051 3497 dan,
2082 3434 2172 3488 ubi
2202 3442 2256 3489 et
2291 3433 2540 3504 sepultus
2571 3444 2675 3489 est.
2709 3429 2832 3490 rem
2867 3439 3006 3490 idem
3044 3438 3204 3504 facie,
3240 3455 3490 3508 corpore,

1920 3533 1973 3580 et
1995 3531 2204 3578 statura
2223 3526 2486 3592 pulchris,
2517 3526 2569 3579 in
2595 3526 2754 3581 oculo
2788 3529 2976 3582 dextro
3002 3527 3307 3598 albuginem
3333 3533 3495 3603 404,

1926 3614 2157 3670 habens.
2188 3616 2523 3672 Satellitibus
2552 3619 2722 3687 ipsius
2745 3619 3033 3688 prmfectus
3076 3621 3176 3676 fuit
3197 3622 3305 3680 Nas
3372 3625 3486 3680 Ebn

1926 3704 2146 3770 Nosair,
2205 3707 2319 3759 Ebn
2377 3706 2569 3772 Maleo,
2623 3707 2990 3776 Chozaensis;
3052 3726 3228 3780 eoque
3279 3726 3495 3769 mortuo

1927 3794 2168 3851 Hamzab
2220 3795 2335 3850 Ebn
2379 3796 2570 3863 Malec,
2622 3799 2735 3854 Ebn
2787 3801 3098 3873 Abdollahi,
3139 3803 3253 3857 Ebn
3302 3804 3488 3861 Malae.

1919 3883 2130 3942 Janitor
2176 3887 2349 3955 ipsius
2399 3887 2669 3944 AlRahius
2712 3890 2940 3946 libertus
2976 3893 3192 3962 ipsius:
3225 3894 3349 3949 dein
3398 3896 3493 3949 Al-

1923 3975 2123 4032 ilosaia
2158 3977 2278 4032 Ebn
2311 3976 2526 4034 Rashed
2566 3979 2796 4036 libertus
2827 3979 3021 4050 ipsius.

2320 4067 2625 4136 Chalifalus
2661 4068 2828 4124 Musa
2857 4070 3096 4127 Allfadi.

1995 4153 2210 4211 Mortuo
2258 4156 2544 4214 AlMohdio
2587 4161 2642 4216 in
2686 4156 2878 4216 AlRud
2921 4165 3162 4233 regionis
3195 4166 3488 4226 ldosabtlan

1848 4228 1901 4288 Ι)
1927 4249 2150 4318 oppido,
2180 4250 2439 4306 suffectus
2463 4259 2546 4307 est
2574 4252 2724 4308 Musa
2761 4253 2933 4310 Ebnol
2961 4228 3168 4321 ldohdi,
3200 4262 3285 4313 cui
3319 4275 3492 4317 ntatt-r

1924 4343 2255 4406 concubina,
2309 4343 2526 4398 nomine
2572 4343 2959 4411 Alchizaram,
3015 4348 3117 4400 lilia
3171 4352 3285 4402 Atze
3331 4361 3491 4407 natus

1921 4431 2084 4487 Jorfa:
2104 4435 2374 4503 eregione
2405 4434 2635 4491 Yaman.
2663 4435 2784 4490 Fuit
2813 4451 2990 4493 autem
3019 4438 3167 4494 Musa
3193 4442 3414 4496 Allladii
3457 4462 3494 4519 η,

1926 4526 2142 4594 regione
2175 4523 2361 4596 Jurjan
2395 4528 2534 4582 bello
2577 4528 2766 4584 Madar
2807 4528 3080 4586 Hormozo
3121 4535 3342 4589 domino
3382 4536 3488 4588 Ta-

1921 4615 2196 4670 barestani
2248 4619 2529 4674 inferendo
2578 4629 2901 4688 occupatus.
2938 4621 3320 4698 Jnramentum
3354 4643 3484 4694 ergo

1919 4711 2196 4767 fldelitatls
2243 4727 2369 4785 erga
2415 4711 2650 4768 fratrem
2681 4730 2839 4770 suum
2895 4716 2962 4770 ab
2999 4718 3067 4770 iis
3110 4718 3200 4785 qui
3260 4721 3486 4773 adtrant

1919 4795 2288 4868 Hashemidis,
2324 4804 2664 4874 ducibusque
2702 4807 2816 4860 suis
2855 4807 3034 4876 exegit
3070 4806 3254 4862 Hamn
3286 4810 3482 4864 Mnhdii

1922 4891 2092 4956 (ilius,
2125 4894 2290 4948 misso
2339 4893 2601 4948 Salmatol
2644 4894 2868 4965 Wasiph
2903 4896 3102 4952 Muhdii
3132 4900 3346 4961 Lbelto.
3387 4905 3480 4971 qni

1917 4985 2127 5038 veredis
2145 4985 2432 5054 praefectus
2455 4995 2594 5049 erat.
2617 5005 2726 5056 quo
2750 4990 3002 5044 nuntium
3033 4992 3098 5044 ad
3123 4992 3330 5046 ldusam
3362 5011 3482 5062 pcr-

1912 5075 2099 5141 ferrct,
2135 5093 2496 5147 reversusque
2551 5068 2636 5134 est
2694 5080 2876 5134 Harun
2910 5081 3080 5135 Ebnol
3125 5083 3307 5137 Mnhdi
3355 5102 3475 5138 cum

1911 5166 2143 5221 ducibus
2166 5167 2495 5238 Bagdadum,
2518 5171 2687 5226 donec
2741 5172 3019 5226 adveniret
3068 5173 3218 5226 Musa
3251 5174 3476 5230 Allladi.

1909 5257 2034 5312 Fuit
2054 5259 2347 5314 cbalifatus
2375 5261 2548 5328 ipsius
2579 5262 2843 5314 mensium
2875 5265 3304 5332 quatuordecim.
3327 5264 3476 5317 Obiit

1909 5361 2090 5404 autem
2123 5349 2275 5406 Musa
2331 5349 2534 5405 Allladi
2571 5361 2726 5408 extra
2779 5333 3094 5422 Bagdadnm
3151 5356 3268 5407 loco
3312 5371 3470 5422 quem

1908 5441 2100 5497 lsabad
2137 5450 2367 5507 vocant;
2398 5441 2706 5512 ibidemque
2744 5445 3014 5513 sepultus,
3047 5459 3168 5499 cum
3199 5460 3469 5499 annorum

1906 5539 2052 5590 esset
2075 5532 2261 5604 viginti
2284 5537 2536 5604 quinque
2563 5551 2576 5587 :
2614 5535 2840 5604 pulcher
2875 5535 3000 5604 fuit,
3029 5528 3218 5604 eques,
3237 5551 3473 5606 corpore
