3962 6344
225 260 359 323 1129

1640 273 2004 338 ANNALES.

3309 301 3442 363 1130

215 350 325 404 Ebn
385 351 598 413 Maban,
649 352 845 406 bellum
899 355 1205 408 Allilamuni
1267 348 1472 409 illatum
1495 375 1507 387 θ
1577 360 1754 415 Mamu
1800 367 1846 422 Α
1899 364 1965 416 ad
1997 367 2096 418 Abi
2132 366 2198 418 N.
2227 368 2296 421 ab
2327 369 2394 423 Ν.
2425 369 2543 424 Ebn
2575 369 2668 438 N.,
2718 375 2834 428 sine
2864 377 2970 432 ulla
3002 381 3054 433 in
3088 384 3256 439 titulis

213 455 337 494 vero
369 441 562 496 Marwa
600 444 745 497 misit
777 445 1126 499 'l‘dbaberum
1175 447 1347 500 Ebnol
1400 448 1599 504 Hosain
1649 453 1764 506 Ebn

211 529 351 585 Saab
373 533 773 601 AlBusjensem,
807 537 898 603 qui
935 535 1017 588 Ali
1055 536 1168 588 Ebn
1205 537 1297 590 Ιείε
1325 553 1487 605 caeso,
1518 539 1764 596 Mobam-

210 622 382 676 media
408 623 655 677 AlAtnini
680 625 865 692 copias
896 626 948 677 in
982 626 1161 694 fugam
1198 629 1393 692 vertit;
1428 631 1764 700 Bagdadnm-

207 708 618 780 que‘prcfectus
669 713 1094 779 adjnngentibus
1140 731 1198 770 se
1245 720 1292 771 ei
1336 718 1594 777 liazimab
1648 725 1763 778 Ebn

217 799 385 869 Ayoni
439 810 490 852 et
549 799 816 854 llomaido
850 796 967 857 Ebn
999 807 1196 860 .Abdil'
1253 811 1448 866 Hamid
1500 813 1756 870 Tusensi.

204 889 590 959 Salutatusque
639 901 724 944 est
754 893 1031 972 Albiamun
1050 897 1245 952 cbalifa
1276 901 1578 958 Cborasani
1618 921 1764 960 anno

194 981 504 1034 ‘centesimo
551 984 900 1052 nonagesimo
933 997 1106 1053 sexto,
1139 1006 1204 1044 ac
1255 995 1594 1064 pertingente
1646 999 1760 1050 dis-

203 1071 459 1124 sensione
493 1072 796 1144 Bagdadnm
833 1087 1011 1146 usque
1054 1083 1266 1138 occisus
1296 1093 1380 1138 est
1413 1086 1481 1139 ibi
1517 1087 1762 1141 Mobam-

199 1157 317 1210 med
341 1157 563 1213 AlAmin
593 1163 679 1214 die
710 1163 950 1226 Sabbati,
996 1169 1188 1235 quinto
1218 1181 1342 1224 ante
1371 1175 1580 1228 finitum
1611 1193 1762 1232 men-

196 1257 313 1298 sem
378 1246 756 1305 AlMobarram
828 1270 975 1308 anno
1041 1261 1342 1315 centesimo
1405 1267 1757 1335 nonagesimo

191 1340 408 1388 octavo.
462 1336 583 1393 Fuit
649 1343 940 1398 ebalifatus
987 1345 1159 1413 ipsius
1210 1365 1382 1419 usque
1434 1355 1501 1406 ad
1557 1356 1758 1412 czedem

193 1419 366 1490 ipsius
415 1441 683 1482 annorum
736 1444 972 1500 quatuor
1021 1452 1145 1490 cum
1199 1450 1324 1494 octo
1375 1447 1653 1501 mensibus
1691 1432 1756 1502 ac

188 1524 286 1567 sex
312 1514 525 1570 diebus.
575 1520 764 1574 Annos
817 1515 948 1578 tunc
1004 1537 1166 1580 nutus
1219 1531 1320 1583 fuit
1372 1535 1558 1602 viginti
1611 1549 1758 1596 octo.

187 1600 360 1655 Porro
393 1616 638 1660 mortuus
685 1608 850 1683 416
883 1622 963 1665 est
993 1615 1334 1686 Nicepltorus
1363 1600 1648 1681 Esrtabraki
1698 1631 1758 1682 li-

187 1689 297 1744 lius
333 1691 705 1752 Romanorum
759 1703 1072 1770 imperator,
1133 1711 1434 1778 imperante
1492 1727 1618 1784 pust
1675 1720 1758 1787 ip-
1792 1694 1833 1748 Β

187 1792 310 1836 sum
342 1781 599 1841 Romanis
631 1789 928 1847 Estabrako
953 1797 1262 1867 Nicepltori,
1323 1803 1418 1857 ﬁlii
1453 1781 1761 1874 Estabralti,

187 1867 322 1926 ﬂiio.
355 1870 514 1932 Anno
548 1878 839 1937 chalifatus
871 1885 1265 1946 Mohammedis
1299 1895 1547 1953 AlAmini
1595 1867 1756 1957 tertio

185 1962 516 2021 constitutus
543 1976 626 2022 est
656 1969 897 2027 Thomas
925 1978 1038 2047 (cui
1073 1991 1378 2048 cognomen
1437 1985 1755 2056 Tamrikus)

183 2051 493 2118 patriarcha
553 2057 1123 2134 Hierosolymitanus;
1185 2075 1276 2128 ubi
1334 2093 1507 2132 annos
1563 2081 1752 2136 decem

181 2140 345 2201 sedit.
373 2139 499 2205 Fuit
527 2145 872 2208 Mobatnmed
907 2157 1138 2214 AlAmin
1175 2156 1313 2219 facie
1340 2168 1588 2233 pulchra,
1623 2187 1750 2226 cor-

181 2249 313 2300 pore
372 2234 610 2308 integro,
673 2242 856 2298 colore
907 2247 1169 2330 candide,
1230 2254 1466 2324 pinguis,
1524 2273 1753 2329 corpore

178 2322 425 2391 robusto,
475 2322 658 2397 digitis
702 2335 1070 2406 elegantibus.
1107 2322 1400 2413 sepultum
1437 2359 1522 2402 cst
1551 2322 1750 2422 corpus

177 2411 351 2481 ipsius
371 2413 626 2486 Bagdadi,
649 2433 808 2490 caput
831 2433 1011 2481 autem
1031 2411 1420 2490 Chorosnunm
1450 2411 1748 2506 perlatum.

178 2503 514 2560 Satellitibus
565 2509 738 2578 ipsius
769 2515 986 2580 prazfuit
1038 2518 1120 2573 Αιί
1159 2517 1276 2576 Ebn
1305 2503 1597 2586 tufam.
1632 2526 1745 2584 Ma-

157 2591 742 2668 JtanJattitoripsius,
771 2600 1038 2660 AlFadlus
1066 2604 1235 2665 Ebuol
1269 2609 1486 2674 Rabim;
1512 2619 1747 2671 maxima

173 2687 319 2756 apud
349 2686 522 2756 ipsum
558 2691 725 2758 gratia
756 2690 990 2759 pollebat
1016 2694 1285 2753 AlFadlus
1311 2689 1477 2756 Ebnol
1511 2701 1714 2761 Rabite.

300 2836 302 2838 τ
594 2779 899 2847 Cltafifatus
963 2784 1324 2842 Afﬂamuuis.

249 2867 506 2922 Praestitis
530 2869 859 2937 jnramentis
887 2873 1087 2927 cltalifa
1119 2882 1466 2937 renuntiatus
1522 2897 1606 2940 est
1648 2888 1740 2940 Al-

170 2955 388 3010 llatunn
427 2959 480 3011 in
515 2960 794 3014 Cltorasan
849 2962 1068 3034 (estque
1121 2968 1235 3038 ipse
1287 2966 1574 3042 AdeIIah,
1625 2975 1741 3031 Ebn

177 3045 711 3116 llarunAlRasbidi,
747 3053 860 3108 Ebn
911 3056 1248 3114 Moltatntned
1299 3062 1574 3126 AlMohdi.
1624 3068 1739 3124 Ebn

166 3137 460 3202 Abdollab,
520 3139 632 3195 Ebn
666 3142 875 3208 l'Iarun,
908 3145 1078 3200 Ebnol
1134 3149 1378 3218 ManSur,
1433 3157 1519 3209 cui
1569 3168 1741 3215 mater

166 3229 272 3282 fuit
305 3228 524 3300 Marajel
548 3233 1021 3303 AlBadegisensis)
1086 3253 1228 3293 anno
1254 3244 1549 3300 centesimo
1577 3263 1739 3301 nona-

171 3321 385 3389 gesimo
403 3333 573 3376 sexto.
597 3323 916 3381 Interfectus
947 3336 1030 3382 est
1048 3340 1228 3383 autem
1260 3331 1596 3390 Mobammed
1624 3340 1737 3392 Ali-

168 3411 355 3476 Amin,
382 3411 548 3467 frater
569 3413 904 3469 AlMamunis
921 3418 1159 3488 Bagdadi
1179 3424 1280 3475 sub
1301 3426 1405 3478 line
1428 3431 1628 3482 mensis
1647 3431 1748 3503 ΑΙ-¹

163 3501 502 3563 moharram,
540 3520 682 3557 anno
708 3507 1008 3561 centesimo
1033 3515 1388 3581 nonagesimo
1430 3527 1622 3572 octavo
1655 3536 1741 3574 oc-

157 3601 400 3659 cupante
422 3591 707 3649 Tdbabero
729 3595 901 3651 Ebnol
926 3597 1124 3654 Hosain
1155 3602 1301 3657 urbis
1331 3615 1533 3671 partem
1566 3609 1744 3663 orien-

129 3677 346 3749 _talcm,
387 3679 644 3736 ilozaima
667 3685 1073 3747 occidentalem,
1106 3697 1268 3757 atque
1331 3690 1596 3750 ilomaido
1631 3697 1742 3752 Ebn

154 3768 514 3824 Abdilllamid
541 3771 766 3828 Tusensi
817 3787 1047 3844 quatuor
1077 3780 1144 3832 ab
1193 3780 1378 3841 eadem
1429 3790 1743 3856 parasangis

154 3854 399 3910 sedente.
459 3857 814 3932 417-419
875 3863 1275 3936 Pra‘fectusque
1330 3880 1436 3946 est,
1472 3854 1738 3932 Aliiosain

152 3942 276 3998 Ebn
299 3944 423 4000 Sabl
446 3949 640 4011 Erako,
671 3951 723 4004 in
750 3953 905 4021 cujus
937 3966 1257 4023 potestatem
1279 3942 1542 4018 venerunt
1577 3964 1740 4024 Eraki

151 4035 392 4092 ditioncs
443 4051 656 4109 unaque
691 4043 829 4097 alite.
863 4044 1100 4100 Fuerunt
1131 4064 1305 4104 autem
1338 4056 1586 4124 regiones
1624 4075 1742 4114 om-

153 4141 260 4180 nes
304 4127 549 4184 dissidiis
581 4131 772 4198 plenae,
801 4150 922 4188 cum
955 4137 1009 4190 in
1041 4138 1271 4207 singulis
1301 4155 1484 4198 essent
1511 4148 1604 4216 qui
1633 4151 1738 4204 sibi

152 4215 448 4284 imperium
515 4219 863 4293 vendirarent
901 4231 1007 4276 tam
1039 4240 1102 4278 ex
1136 4227 1221 4279 Ali
1259 4215 1540 4299 prognatis
1568 4250 1731 4302 quam

149 4304 625 4363 aliis.*Discedens
661 4319 836 4365 autem
881 4312 1163 4370 Aliiamun
1196 4333 1227 4372 e
1251 4318 1567 4375 Cborasano
1595 4325 1732 4398 Bag-

144 4391 356 4450 dadum
402 4399 663 4464 pervenit,
737 4402 944 4458 mense
975 4404 1184 4474 Sapbar
1213 4410 1339 4462 anni
1374 4391 1729 4470 ducentesimi
1763 4424 1808 4479 ι)

148 4489 363 4557 quarti,
383 4489 705 4545 satellitibus
722 4495 832 4548 Suis
853 4497 1104 4562 praefecto
1123 4498 1407 4557 'I‘dhahero
1431 4505 1600 4559 Ebnol
1624 4506 1734 4563 Ho-

149 4578 298 4643 sain,
323 4579 677 4650 hominesque
693 4584 758 4636 ad
779 4600 944 4639 unum
964 4602 1150 4645 omnes
1167 4606 1387 4648 securos
1407 4609 1528 4650 esse
1542 4597 1726 4666 juSsit.

150 4669 450 4737 Superavit
500 4673 661 4726 etiam
688 4675 1039 4730 Abrabimum
1071 4668 1240 4736 Ebnol
1271 4685 1472 4753 Mobdi,
1495 4683 1586 4758 qui
1608 4691 1724 4750 Ebn

151 4757 400 4812 Shaklah
452 4761 644 4827 audiit,
675 4764 766 4832 qui
829 4766 1114 4835 imperium
1165 4773 1267 4828 sibi
1332 4757 1720 4846 vindicaverat,

145 4855 322 4916 atlue
394 4851 688 4920 imperator
743 4855 979 4912 fidelium
1051 4865 1359 4932 appellatus
1411 4871 1610 4925 fuerat.
1661 4873 1716 4928 ln

145 4941 378 4998 (τίει-αδ
404 4945 564 4996 etiam
603 4946 851 5014 regiones
901 4967 1023 5004 cum
1057 4955 1241 5023 copias
1295 4959 1550 5023 mitteret,
1587 4964 1718 5017 sub-

138 5030 351 5100 iugata:
386 5042 512 5085 sunt
565 5033 799 5092 ditiones
853 5056 1061 5106 otnnes,
1095 5058 1267 5115 eoque
1303 5050 1487 5104 audito
1522 5070 1714 5109 manus

143 5120 720 5193 dederunt‘quotquot
747 5129 851 5182 sibi
881 5140 1198 5198 potestatem
1237 5141 1604 5209 arripueraut,
1659 5159 1714 5202 et

143 5211 520 5266 seditionibus
555 5214 678 5269 ﬁnis
731 5218 1018 5286 impositus
1049 5235 1153 5280 est.
1189 5226 1334 5283 Dixit
1387 5235 1506 5287 Abu
1561 5227 1712 5291 [satio

137 5301 412 5357 Abrabim
448 5304 562 5358 Ebn
595 5308 644 5359 ol
680 5307 880 5374 Mobdi,
915 5316 1005 5381 qui
1067 5317 1178 5372 Ebn
1211 5320 1442 5377 Sltaclab
1477 5330 1714 5396 appella-

139 5401 243 5444 tua
273 5400 380 5446 est.
410 5391 526 5448 Non
559 5397 837 5472 desierunt
862 5404 1101 5470 epistolae
1157 5409 1296 5464 inter
1332 5391 1576 5471 homines
1613 5421 1709 5474 bac

135 5479 327 5536 far-ma
363 5481 613 5552 inscribi,
647 5488 726 5544 Ab
763 5489 828 5544 N.
865 5491 976 5547 Ebn
1025 5493 1092 5549 N.
1129 5498 1196 5552 ad
1233 5500 1297 5555 Ν.
1349 5504 1479 5559 Εὺη
1513 5507 1576 5562 Ν.
1617 5521 1709 5566 aut

134 5571 221 5629 ab
254 5573 359 5628 Abi
389 5571 457 5630 Ν.
499 5577 566 5631 ad
607 5577 708 5633 Abi
736 5578 802 5634 N.
840 5592 932 5638 aut
963 5585 1030 5640 ad
1067 5588 1170 5644 Abi
1201 5575 1266 5646 N.
1299 5595 1366 5649 ab
1389 5597 1489 5662 Abi
1525 5599 1589 5653 N.
1613 5611 1705 5656 aut

478 5673 744 5739 Ρηιιοι..
783 5679 902 5742 Gn.
933 5682 1087 5748 CXI.

1878 454 2209 530 precatione,
2235 473 2408 526 usque
2438 459 2505 537 ad
2535 462 2734 517 caedem
2753 463 3143 528 Mohammedis
3162 476 3440 548 AlAtninj;

1879 545 2233 613 meminitque
2265 565 2549 612 cursorum
2603 552 2842 624 Bagdadi
2885 563 3196 628 prmfectum
3230 545 3438 627 litteras

1876 637 1939 690 ad
1975 639 2150 706 ipsum
2187 657 2215 694 a
2247 640 2346 695 Dil'
2379 645 2714 716 liiyasataini
2765 651 2927 723 [duos
2960 660 3292 729 principatus
3343 667 3443 719 ba-

1871 725 2052 800 bente]
2086 730 2356 786 All’badlo
2386 749 2612 793 curasse
2642 741 2722 796 sic
2754 745 3052 814 inscriptas
3078 765 3092 801 :
3125 725 3222 805 Abi
3250 755 3437 809 l~aaco

1871 832 2033 887 quem
2083 835 2370 878 conservet
2421 827 2559 881 Deus
2589 835 2868 890 ‘exeelsus
2928 839 2996 893 ab
3046 840 3144 894 Abi
3199 844 3437 901 Abbaso.

1873 909 2111 973 Quarum
2167 913 2379 982 (inquit
2423 917 2541 970 Abu
2604 918 2774 987 lsaac)
2805 925 2970 997 420
3006 931 3093 984 ubi
3129 933 3442 1004 inscriptio-

1874 1014 1996 1052 nem
2028 1001 2290 1066 viderem,
2319 1005 2465 1072 ipsas
2497 1009 2562 1062 ad
2596 1021 2852 1079 patruum
2889 1034 3066 1072 meum
3095 1011 3440 1079 Solimanum

1865 1087 2026 1161 misi,
2052 1104 2159 1156 quo
2192 1091 2294 1160 ipsi
2326 1102 2383 1146 ut
2415 1083 2611 1162 novum
2643 1101 2771 1169 qttid
2805 1107 3172 1178 ostenderem,
3201 1130 3437 1183 curnque

1870 1179 1936 1231 ad
1973 1185 2148 1248 ipsum
2206 1188 2582 1250 pervenissent
2635 1192 2830 1271 litterae
2876 1213 3032 1264 meat,
3063 1203 3239 1257 attulit
3301 1179 3432 1262 mihi

1865 1269 2072 1336 janitor
2116 1273 2284 1342 ipsius
2315 1277 2452 1333 alias
2483 1295 2511 1331 a
2544 1269 2980 1360 Dil-Riyasatain
3013 1292 3080 1345 ad
3107 1295 3282 1360 ipsum
3311 1299 3445 1352 mis-

1868 1375 1983 1425 sas,
2014 1365 2327 1433 eodemque,
2352 1370 2514 1424 modo
2545 1389 2656 1441 quo
2688 1391 2826 1444 quas
2860 1380 2926 1443 ad
2975 1397 3060 1436 me
3094 1385 3318 1438 dederat
3351 1388 3440 1440 in-

1867 1453 2123 1520 scriptas.
2163 1457 2341 1526 Atque
2386 1475 2451 1515 ex
2483 1478 2548 1517 eo
2574 1474 2818 1536 tempore
2871 1471 2924 1524 in
2992 1470 3440 1543 inscriptionibus

1863 1543 2168 1600 litterarum
2204 1558 2425 1605 Suarum
2473 1561 2945 1624 cornprccationes
3002 1565 3260 1620 adbibere
3308 1585 3440 1624 con-

1864 1648 2181 1694 sueverunt.
2214 1639 2389 1697 Porro
2419 1645 2472 1698 in
2526 1647 2763 1718 Egypto
2818 1652 2921 1706 fuit
2957 1654 3300 1713 Mohammed
3336 1660 3442 1713 Eb-

1864 1728 1953 1780 nol
1993 1728 2152 1793 Sarii,
2187 1731 2360 1815 Ebnoi
2395 1734 2637 1816 Hacemi,
2679 1743 2772 1810 qui
2833 1747 3054 1803 rebellis
3117 1749 3314 1816 factus,
3354 1768 3442 1807 se-

1867 1834 1974 1883 que
2005 1821 2072 1873 ab
2107 1811 2444 1881 AlMamunis
2471 1813 2739 1900 obsequio
2769 1835 3102 1903 subduceris,
3149 1811 3434 1912 {Egyptqu

1873 1914 2187 1980 occupavit,
2226 1930 2390 1983 quam
2425 1928 2479 1972 et
2513 1929 2640 1974 ante
2679 1922 2856 1991 ipsum
2887 1940 3252 1997 occupaverat
3281 1943 3436 2001 pater

1864 2001 2039 2065 ipsius
2070 2003 2332 2063 AlSarius
2362 2027 2388 2066 ε»
2411 2011 2562 2064 misit
2591 2027 2724 2080 ergo
2769 2015 3080 2081 AlMamnn,
3114 2019 3424 2076 Obaidalla-

1856 2091 1985 2171 hum
2021 2093 2136 2146 Elin
2169 2094 2442 2154 Tdhaberi
2497 2101 2550 2154 in
2609 2100 2944 2181 Egyptum;
2982 2109 3072 2173 qui
3125 2125 3190 2164 eo
3242 2129 3435 2181 pervc-

2683 2159 2769 2173 υ..
2929 2159 2943 2170 ν
3002 2159 3072 2173 ιη
3242 2159 3404 2181 rw'"

1858 2159 2015 2236 piens
2048 2184 2222 2242 Ebnol
2258 2187 2474 2243 Sarinm
2531 2177 2814 2260 salutavit,
2851 2206 3036 2266 utpote
3067 2203 3157 2269 qui
3191 2219 3256 2257 eo
3287 2214 3434 2258 tem-

1853 2287 1986 2339 pore
2017 2291 2127 2342 quo
2155 2275 2447 2348 Egyptum
2487 2283 2769 2351 ingressus
2799 2297 2882 2342 est
2916 2291 3258 2358 Obaidallah,
3287 2311 3431 2364 prae-

1868 2361 2045 2416 fectus
2082 2365 2279 2419 fuerat.
2321 2366 2420 2422 Hic
2454 2385 2585 2441 ergo
2638 2372 2937 2444 Egyplum
2992 2361 3435 2448 ingressus-col-

1859 2455 2025 2510 tcctas
2061 2470 2190 2524 opes
2243 2457 2556 2530 Bagdadum
2610 2464 2678 2518 ad
2741 2465 3132 2525 AlMamunem
3179 2475 3430 2541 abduxit.

1859 2542 2137 2614 Idemque,
2174 2549 2328 2617 copia
2364 2568 2462 2618 per
2497 2552 2706 2626 litteras
2737 2558 2804 2612 ab
2837 2559 3157 2616 AlMamune
3184 2568 3426 2635 scriptas

1846 2635 1950 2699 ipsi
1984 2653 2272 2698 eoticessa.
2313 2644 2573 2710 templum
2626 2661 2919 2707 commune
2951 2656 3094 2722 quod
3135 2656 3296 2713 Mesri
3322 2670 3428 2718 est.

1849 2720 2100 2797 [palatio]
2161 2728 2324 2783 tiarit‘
2357 2731 2534 2787 Ramli
2584 2739 2700 2791 tcto
2737 2741 2906 2803 auxit,
2959 2720 3207 2813 excepta,
3261 2757 3424 2816 quam

1857 2816 2100 2886 reliquit,
2156 2819 2584 2880 monetariorum
2652 2829 2835 2884 domo.
2904 2836 3079 2888 Porro
3147 2841 3422 2894 vacillavit

1851 2905 2240 2980 Hierosolymis
2267 2914 2516 2971 ecclesia!
2545 2917 2990 2980 Resurrectionis
3014 2930 3252 2991 testudo,
3285 2934 3426 2986 adeo

1767 3002 1815 3060 α
1849 3005 1907 3050 ιιι
1941 3014 2133 3066 parum
2187 3003 2407 3064 abesset
2440 3008 2573 3077 quin
2613 3012 2914 3071 decideret.
2970 3019 3185 3074 Accidit
3241 3032 3425 3077 autem

1848 3085 1902 3140 in
1928 3088 2214 3144 Palaestina
2243 3103 2407 3161 atque
2429 3093 2823 3170 Hierosolymis
2851 3104 3024 3160 fames
3053 3111 3259 3176 gravis,
3297 3127 3425 3166 cum

1845 3178 2184 3234 locustarum
2239 3184 2614 3251 multitudine,
2674 3176 2924 3249 adeo'ut
2977 3195 3118 3250 fante
3180 3199 3422 3268 perirent

1845 3268 2114 3331 homines,
2148 3269 2506 3344 fugerentque
2537 3277 2846 3334 Moslemini
2881 3282 3274 3357 Hierosolymis
3310 3307 3420 3356 pne

1853 3373 2087 3412 annonae
2135 3361 2386 3425 caritate,
2437 3379 2616 3434 neque
2653 3381 2843 3424 eorum
2891 3372 3088 3428 ibidem
3121 3378 3285 3446 aliqui
3326 3395 3420 3434 su-

1845 3448 2508 3523 peressentﬁ21-523
2563 3457 2752 3523 paucis
2803 3461 3097 3517 admodum
3153 3473 3416 3534 exceptis.

1846 3536 2084 3593 Thomas
2118 3555 2248 3608 ergo
2287 3543 2603 3612 patriarcha
2659 3548 2780 3616 (qui
2828 3549 3047 3610 Tamrik
3100 3559 3269 3627 audit)
3320 3577 3418 3632 op-

1849 3630 2240 3695 portunitatem
2289 3633 2450 3690 hanc.
2503 3651 2610 3704 qua
2662 3637 2996 3706 Moslemniis
3049 3661 3212 3701 vacua
3269 3630 3414 3704 esset

1847 3719 1998 3782 urbs,
2031 3720 2302 3785 lucratus,
2330 3723 2565 3794 Cyprum
2620 3730 2843 3787 mittens
2877 3737 3012 3789 exedi
3065 3742 3270 3793 curavit
3321 3760 3414 3797 cc-

1845 3811 2066 3864 d'rorum
2099 3823 2155 3867 et
2188 3814 2427 3869 abietum
2461 3821 2858 3892 quinquaginta
2914 3835 3163 3893 truncos,
3206 3848 3412 3904 eosque

1843 3897 2221 3970 Hierosolyma
2251 3904 2472 3960 adduci.
2509 3905 2746 3978 Fuitque
2791 3913 2874 3967 vir
2904 3915 3125 3983 quidam
3160 3935 3224 3974 ex
3255 3897 3411 3977 Bura!

1841 3991 1892 4043 in
1926 3991 2160 4061 Egypto
2216 3996 2422 4050 incolis
2476 4001 2704 4055 nomine
2753 4002 2953 4059 Bocam
3005 4011 3201 4077 opibus
3231 4014 3409 4070 abun-

1837 4085 1996 4146 dans,
2033 4083 2130 4137 ilic
2160 4086 2227 4139 ad
2280 4087 2542 4143 Thomam
2581 4092 2958 4161 patriarcbam
3011 4099 3409 4175 Hierosolymi-

1832 4181 2022 4226 tanum
2061 4190 2314 4243 magnam
2369 4183 2612 4248 pecunia:
2643 4185 2750 4238 vim
2804 4189 3050 4255 mittens,
3086 4211 3190 4263 qua
3231 4207 3406 4252 testu-

1830 4262 2008 4317 dinem
2095 4266 2445 4333 instauraret,
2515 4272 2674 4338 jussit
2722 4291 2753 4330 a
2812 4267 3028 4336 nemine
3090 4288 3399 4342 mortalium

1835 4355 2128 4424 quidquam
2166 4359 2455 4428 accipere:
2511 4365 2656 4432 quod
2715 4367 2760 4420 si
2799 4371 3045 4435 pluribus
3076 4375 3248 4430 adhuc
3309 4395 3401 4446 pr-

1836 4446 2018 4500 cuniis
2045 4461 2185 4517 opus
2221 4449 2466 4518 haberet,
2513 4469 2572 4509 se
2603 4457 2670 4510 ad
2703 4459 2880 4528 ipsum
2915 4477 3036 4518 esse
3078 4467 3396 4527 missurum.

1831 4534 2070 4592 Thomas
2105 4554 2236 4608 ergo
2284 4543 2594 4610 patriarcha
2631 4549 2958 4607 testudinem
3013 4558 3270 4624 paulatim
3309 4562 3394 4617 di-

1829 4641 2016 4691 ruens,
2050 4628 2212 4697 lignis
2265 4631 2385 4688 istis
2433 4635 2772 4696 iutromissis
2797 4650 3212 4713 “superstruxit.
3245 4651 3391 4705 Vidit

1824 4712 2010 4773 autem
2061 4721 2117 4774 in
2177 4723 2470 4787 insomnio.
2505 4743 2537 4782 e
2592 4731 2848 4787 columna
2906 4740 3139 4804 quadam
3195 4757 3258 4795 ex
3320 4745 3388 4800 iis

1821 4808 2018 4876 quibus
2034 4811 2457 4869 sustentabatur
2489 4820 2703 4875 testudo
2740 4820 2975 4896 [templi]
3007 4825 3388 4884 Resurrcctio-

1825 4897 1908 4954 nis
1939 4900 2272 4968 prodeuntes
2320 4906 2676 4976 quadraginta
2715 4913 2864 4968 viros
2910 4916 3002 4984 qui
3051 4921 3378 4975 testudinem

1817 4989 2174 5054 sustinerent,
2218 5009 2286 5048 ne
2309 4995 2549 5062 caderet,
2588 4999 2687 5074 [e]
2735 5004 2989 5069 columna
3020 5009 3228 5066 scilicet
3259 5030 3382 5083 qua;

1816 5077 1997 5131 domui
2027 5083 2307 5150 supposita
2338 5094 2419 5140 est
2447 5105 2460 5140 :
2487 5097 2837 5159 experrectus
2866 5111 2995 5167 ergo
3025 5099 3160 5155 dixit
3187 5121 3202 5158 :
3243 5077 3382 5160 Sunt

1813 5169 2174 5234 quadraginta
2206 5172 2280 5225 illi
2319 5174 2409 5242 qui
2444 5178 2770 5235 testudinem
2805 5187 3102 5254 sustinent,
3143 5194 3378 5258 quadra-

1815 5257 1958 5323 ginta
1992 5270 2296 5330 martyres:
2331 5259 2685 5337 quadraginta
2713 5287 2842 5342 ergo
2866 5280 3017 5348 tigna
3051 5282 3104 5335 in
3140 5257 3372 5336 testudic

1813 5358 1934 5414 nem
1967 5346 2214 5413 immisit,
2258 5367 2486 5418 quorum
2521 5346 2946 5435 unumquodque
2980 5368 3101 5421 sinu
3137 5371 3375 5438 comple-

1811 5445 2047 5489 cteretur
2083 5440 2241 5494 homo
2270 5445 2335 5496 ad
2361 5462 2642 5504 numerum
2669 5455 3028 5526 quadraginta
3054 5468 3370 5529 martyrum.

1823 5523 2022 5592 Estque
2068 5531 2317 5584 columna
2356 5535 2457 5589 ista
2505 5554 2627 5607 quae
2682 5543 2783 5598 sita
2817 5523 2954 5600 este
2996 5523 3215 5614 regione
3263 5553 3378 5621 pul-

1808 5612 1903 5686 piti
1953 5627 2110 5668 secus
2156 5618 2324 5674 altare
2386 5625 2450 5676 ad
2491 5625 2632 5683 latus
2677 5633 2948 5696 australe,
2981 5612 3131 5700 juxta
3184 5612 3368 5709 quam,

2983 5728 3054 5788 36
