3962 6344
650 127 778 191 i131

1678 124 2034 186 Ell'l‘l’tlllll
2082 123 2608 186 ALEXANDHINI
2653 130 2870 193 l‘A’l‘R.
3703 138 3783 203 im

645 243 858 306 quoties
916 239 1078 292 tuerit
1111 237 1312 290 feszum
1369 237 1728 305 quadraginta
1787 245 2107 303 martyrum.
2141 233 2285 294 [ιε-Λ
2320 212 2586 304 quispiam
2642 218 2747 291 una
2787 252 3010 309 excepta
3060 242 3188 306 lilia,
3245 258 3407 312 quam
3459 245 3689 300 denu-usu
3721 255 3781 306 ista

643 339 782 381 stunt
832 328 897 380 iis
932 327 1232 381 celebrant.
1285 325 1532 394 Cumque
1563 327 1674 394 jam
1714 325 2032 392 perfecisset
2063 324 2213 377 'l‘ho-

645 435 759 473 mas
811 418 1125 486 patriarcha
1181 418 1640 472 instaurationem
1693 415 1858 488 424
1920 416 2213 470 testudinis

643 506 956 579 [immissis]
1008 509 1196 576 tignis,
1251 523 1486 578 eamque
1521 517 1572 562 et
1612 509 1864 578 superius
1899 516 1953 560 ct
1983 506 2212 560 inferius

644 600 1027 661 incrustasset,
1069 597 1356 653 aediﬁcavit
1413 611 1580 668 supra
1614 597 1940 650 testudinem
1996 596 2214 650 istame

639 689 803 757 lignis
833 697 888 742 et
919 687 1100 752 aliam,
1162 702 1228 742 eo
1263 689 1402 742 inter
1439 689 1586 758 ipsas
1641 681 1829 741 relicto
1878 687 2057 755 spatio
2106 701 2214 755 quo
2256 703 2258 706 ν

637 780 887 834 incedere
917 778 1043 849 quis
1077 780 1276 849 possit.

707 871 844 926 Cum
883 883 1014 935 ergo
1042 884 1107 922 ex
1156 870 1390 940 Egypto
1445 878 1815 924 reverteretur
1845 865 2017 922 Oliaid
2051 867 2210 922 Allah

638 962 754 1016 Ebn
817 961 1074 1017 Tdhalier
1132 959 1448 1029 Bagdadum
1507 957 1762 1020 tendens.
1812 957 2090 1026 querelam
2142 956 2206 1010 ad

636 1055 814 1123 ipsum
863 1051 1177 1109 detulerunt
1213 1050 1539 1115 Moslemini,
1566 1047 1909 1107 Christianos
1937 1057 2207 1118 trangrcs-

635 1159 748 1208 sos,
787 1145 920 1198 illm]
953 1143 1097 1214 quod
1150 1157 1255 1197 non
1309 1142 1500 1196 liceret
1532 1140 1667 1210 ipsis
1703 1137 1925 1201 fecisse,
1983 1139 2206 1192 testudi-

635 1251 758 1290 nem
815 1236 1062 1289 ecclesia:
1120 1232 1563 1289 Resurrectionis
1619 1232 1940 1299 diruentes;
1977 1244 2208 1300 eamque

633 1339 754 1379 cum
788 1341 950 1394 parva
999 1333 1170 1388 esset,
1206 1335 1500 1394 augentes,
1535 1324 1672 1379 adeo
1729 1333 1784 1376 ut
1833 1338 1995 1392 quam
2046 1329 2205 1376 antea

633 1416 811 1470 fuerat
848 1416 1021 1484 major
1075 1415 1328 1470 evaderet
1363 1429 1417 1469 et
1449 1415 1781 1470 testudinem
1818 1412 1991 1468 Petrae
2022 1413 2208 1466 altitu-

631 1506 759 1562 dine
794 1517 1099 1576 superaret.
1142 1507 1466 1562 Obaidallah
1522 1522 1656 1576 ergo
1695 1507 2026 1562 accersitum
2059 1502 2205 1558 Tho-

631 1613 774 1651 mam
827 1599 1217 1667 patriarcltam,
1277 1599 1528 1665 aliosque
1579 1614 1700 1654 cum
1757 1611 1822 1652 eo
1875 1595 2097 1660 multos,
2148 1595 2204 1650 in

629 1703 905 1742 carcerein
939 1689 1197 1758 cunjecit,
1233 1689 1373 1742 hanc
1413 1690 1466 1742 in
1503 1703 1612 1742 rem
1648 1687 2036 1756 inquisiturus,
2070 1697 2128 1739 ut
2157 1685 2204 1740 si

629 1799 817 1837 verum
854 1786 1254 1854 comperiretur
1307 1782 1442 1837 illtid
1493 1782 1653 1849 cujus
1704 1779 2004 1834 insimulati
2053 1787 2202 1843 sunt,

629 1875 812 1944 ﬂagris
845 1874 992 1944 ipsos
1023 1874 1282 1929 caederet.
1334 1873 1415 1927 Ad
1442 1887 1581 1942 quos
1615 1887 1744 1939 ergo
1777 1885 1999 1924 carcere
2031 1868 2206 1943 inclu-

627 1981 722 2020 sos
759 1975 922 2019 noctu
957 1965 1224 2021 accedens
1261 1979 1428 2019 senex
1485 1961 1708 2033 quidam
1761 1960 2201 2024 Moliatnmedita,

628 2053 851 2110 Tuoma:
880 2055 1207 2124 patriarcha:
1233 2055 1314 2109 sic
1343 2054 1526 2108 dixit:
1571 2052 1683 2121 Ego
1733 2054 2030 2107 educturus
2078 2067 2198 2106 sum

629 2155 682 2200 te
735 2126 1142 2216 argumentum,
1169 2159 1306 2216 .quo
1335 2153 1387 2200 et
1439 2153 1496 2199 tu
1531 2153 1584 2198 et
1615 2146 1844 2198 comites
1877 2145 1953 2196 tui
1987 2142 2198 2197 evasuri

627 2239 781 2299 estis.
815 2238 1116 2292 auxiliante
1149 2236 1280 2305 Deo,
1334 2252 1435 2292 nec
1491 2253 1598 2292 non
1631 2245 1684 2290 et
1714 2237 1965 2300 testudo;
2013 2248 2078 2290 eo
2105 2251 2200 2304 pa-

628 2343 738 2397 cto,
773 2333 818 2386 si
849 2333 980 2386 mihi
1014 2333 1287 2400 spondeas
1330 2331 1588 2386 daturum
1637 2343 1687 2385 te
1721 2331 1852 2384 mihi
1909 2330 2055 2384 mille
2101 2345 2200 2383 au-

628 2439 770 2488 reos.
802 2424 1043 2494 mihique
1091 2434 1145 2480 et
1167 2425 1354 2481 liberis
1398 2425 1534 2479 meis
1560 2424 1964 2492 liberorumque
2001 2421 2204 2484 liberis,

639 2515 814 2568 :loncc
887 2514 1177 2577 deficiant.
1244 2515 1300 2569 in
1365 2523 1688 2584 perpetuum
1760 2514 2065 2566 exhibitain
2138 2512 2204 2566 iri

627 2605 940 2659 demensum
1003 2621 1069 2660 ex
1120 2605 1282 2675 hujus
1331 2605 1622 2661 testudinis
1667 2605 1952 2664 reditibus.
2016 2619 2202 2672 quem-

633 2694 920 2749 admodum
1015 2696 1394 2751 sacerdotibus
1450 2705 1504 2750 et
1578 2694 1848 2750 diaconis.
1935 2692 2202 2748 Promisit

626 2801 754 2855 ergo
790 2785 892 2855 ipsi
954 2784 1196 2842 Thomas
1249 2787 1561 2857 patriarcha
1616 2786 1798 2841 omnia
1844 2800 1966 2855 qua:
2018 2784 2192 2854 petiit,

624 2877 876 2944 idemque
906 2880 1113 2947 scripto
1147 2888 1250 2934 suo
1284 2879 1388 2949 ipsi
1451 2888 1690 2935 testatus
1723 2887 1824 2932 est.
1861 2877 2005 2932 Dixit
2034 2878 2198 2947 igitur
2227 2891 2271 2953 ρ
2303 2879 2454 2928 tante
2504 2871 2568 2926 Al
2617 2871 2916 2928 Motascmo
2966 2877 3019 2928 in
3076 2872 3369 2945 Egyptum
3419 2876 3699 2946 protectus
3742 2888 3832 2940 εδι,

623 2967 697 3020 illi
727 2985 740 3021 :
789 2967 890 3021 Ubi
944 2977 996 3024 te
1024 2968 1419 3024 accersiveriut
1453 2983 1517 3023 ac
1550 2969 1868 3023 testimonia
1897 2977 2092 3023 contra
2139 2977 2192 3023 te

623 3058 968 3126 protulerint,
1016 3059 1377 3132 525-527
1429 3062 1510 3115 sic
1557 3059 1744 3114 dicas:
1813 3057 2002 3114 Servet
2051 3059 2194 3114 Deus

625 3152 1035 3220 imperatorem.
1068 3161 1217 3207 certe
1256 3155 1605 3222 reparatione
1640 3168 1778 3222 opus
1809 3152 2003 3206 habuit
2040 3153 2196 3206 locus

625 3241 845 3308 quidam
881 3242 932 3295 in
987 3243 1280 3306 testudine.
1323 3259 1532 3313 egoque
1578 3259 1702 3299 eum
1763 3244 2087 3308 instauravi,
2121 3244 2194 3296 ita

627 3342 684 3384 nt
749 3333 884 3386 nihil
943 3334 1160 3388 interim
1210 3335 1506 3399 dirueriin,
1541 3336 1673 3389 nihil
1733 3335 2060 3389 addiderim.
2107 3333 2190 3410 llli

623 3433 801 3478 autem
840 3426 934 3493 qui
971 3427 1350 3481 testimonium
1405 3427 1692 3497 perhibent
1727 3437 1917 3482 contra
1973 3443 2058 3482 me
2110 3437 2190 3482 te-

623 3526 836 3569 stantur
897 3518 1223 3571 testudinem
1281 3519 1544 3572 minorem
1605 3518 1777 3573 fuisse
1828 3533 1992 3588 quam
2045 3534 2192 3574 nunc

621 3615 722 3669 est,
762 3621 951 3673 meque
982 3607 1027 3659 ei
1055 3607 1329 3662 addidisse
1363 3624 1378 3670 ;
1411 3611 1709 3678 in.erroget
1738 3623 1867 3679 ergo
1910 3611 2060 3678 ipsos
2091 3610 2190 3663 im-

623 3709 856 3765 perator,
890 3706 1090 3764 quanta
1129 3697 1293 3752 fuerit
1338 3699 1630 3752 testudinis
1672 3714 1850 3770 parva:
1881 3713 2064 3768 quam,
2109 3699 2190 3753 uti

622 3798 925 3854 autumant,
957 3789 1128 3854 dirui,
1159 3791 1439 3844 crassities
1473 3801 1783 3859 quantaque
1816 3789 1976 3858 hujus
2025 3805 2187 3860 quam

621 3882 860 3936 exstruxi
905 3892 1069 3949 atque
1121 3882 1439 3950 ampliorem
1473 3880 1600 3944 feci,
1645 3896 1753 3951 quo
1782 3883 1920 3936 sciat
1952 3883 2188 3950 impera-

623 3983 707 4024 tor
741 3983 1002 4041 quantuiu
1051 3974 1120 4026 sit
1168 3973 1310 4027 inter
1360 3981 1649 4042 utramque
1700 3988 1730 4026 a
1783 3989 1870 4028 me
1923 3971 2185 4026 additum.

621 4067 804 4135 Neque
839 4070 978 4121 enim
1016 4084 1254 4137 unquam
1306 4073 1410 4124 hoc
1442 4068 1585 4124 scire
1620 4077 1872 4136 possunt.
1929 4066 2024 4122 Die
2059 4083 2188 4136 ergo

622 4161 861 4211 crastino
889 4159 1170 4213 accersitis
1199 4157 1412 4212 Thoma
1454 4161 1767 4228 patriarcha
1809 4167 1863 4214 et
1892 4158 2187 4212 comitibus

2314 327 2543 391 privavit
2577 327 2720 381 Elias
2753 328 2866 382 Elin
2897 329 3117 385 Mausur
3147 335 3454 400 patriarcha
3486 334 3783 408 Hierosolymi

2314 424 2494 469 tanus.
2535 415 2746 470 Mortuo
2778 428 2955 472 autem
2980 419 3186 474 Thoma
3219 422 3548 489 patriarcha.
3587 428 3784 494 phalerus

2311 515 2392 558 est
2427 516 2548 574 post
2601 509 2774 575 ipsum
2824 510 3126 579 discipulus
3159 514 3352 581 ipsius,
3389 516 3604 568 nomine
3635 516 3789 587 Basiiali,

2312 591 2700 665 Hierosolymis
2753 599 3108 666 patriarcha:
3173 601 3334 670 idque
3386 619 3531 657 anno
3584 607 3789 665 clialiiatus

2313 682 2652 740 Alllamunis
2702 689 2972 757 septimo;
3004 691 3315 745 cathedram
3371 701 3551 748 autem
3588 703 3792 765 occuparit

2313 771 2532 828 Basilah
2565 791 2741 833 annos
2773 779 2962 849 viginti
3011 782 3278 851 quinque.
3328 783 3453 838 dein
3503 787 3651 839 obiit.
3691 791 3793 843 Auno

2309 862 2486 929 primo
2522 865 2814 946 cbalil‘atus
2861 869 3197 926 Alllainunis
3221 875 3547 930 constitutus
3579 877 3658 930 Iob
3682 881 3789 946 patri-

2305 953 2472 1006 archa
2505 943 2896 1021 Antiochenus.
2933 962 3023 1029 qui
3047 977 3219 1016 annos
3248 964 3464 1031 triginta
3490 982 3649 1019 unum
3684 973 3795 1024 Sedit.

2381 1040 2655 1100 Reversus
2687 1059 2865 1103 autem
2891 1050 3208 1106 Obaidollah
3235 1054 3349 1108 Ebu
3375 1055 3639 1110 Tdhaheri
3661 1058 3792 1130 Bagda.

2309 1137 2460 1202 dum,
2513 1137 2580 1192 ad
2623 1139 3025 1206 Ahnamuncm,
3075 1147 3348 1213 quomodo
3388 1163 3447 1203 se
3481 1150 3715 1206 haberent
3749 1171 3803 1209 res

2303 1228 2358 1282 in
2395 1228 2651 1301 Egypto,
2679 1232 2918 1301 quidque
2955 1235 3024 1288 ibi
3077 1239 3283 1306 egisset
3314 1255 3424 1308 quo
3471 1254 3590 1293 eam
3635 1241 3804 1296 inordi-

2302 1338 2424 1378 nein
2463 1324 2764 1394 redigeret.
2801 1327 2903 1395 ipsi
2939 1327 3386 1386 indicavitcl’ost
3423 1333 3535 1388 haec
3564 1339 3807 1395 tumnlluali

2307 1425 2438 1472 sunt
2464 1417 2526 1469 Al
2555 1417 2813 1472 Bimaitlzl!
2832 1460 2847 1484 ,
2890 1432 2946 1473 ut
2973 1421 3278 1492 Coplnitice
3305 1422 3583 1490 dicuntur,
3608 1429 3735 1496 cujus
3757 1430 3808 1482 in-

2311 1509 2626 1578 terpretatio
2657 1519 2740 1564 est
2765 1508 3060 1579 Progenies
3083 1514 3577 1584 quadragenorum.
3606 1520 3808 1588 siquidem

2307 1590 2537 1650 Romani
2584 1613 2709 1652 cum
2761 1597 3366 1670 :Egyptodiscedereat
3416 1617 3807 1676 occupantem:

2304 1687 2569 1756 religione
2598 1686 3052 1758 Moliutnmcdica,
3101 1693 3276 1748 relicti
3309 1704 3436 1749 sunt
3479 1711 3544 1750 ex
3593 1697 3712 1767 ipsis
3743 1697 3810 1750 τιτι

2304 1777 2688 1847 quadraginta,
2708 1782 2798 1850 qui
2829 1781 3012 1838 liberis
3040 1783 3110 1837 ibi
3136 1785 3330 1854 genitis
3358 1787 3688 1857 multiplicati
3707 1801 3810 1851 sunt;

2304 1878 2468 1938 atque
2503 1870 2556 1924 in
2585 1869 2842 1926 inferiore
2877 1882 3036 1927 terra:
3071 1872 3406 1946 ngptiacae
3438 1888 3592 1948 parte
3613 1884 3814 1948 progenie

2304 1959 2472 2022 aucti.
2512 1962 2763 2031 appellati
2792 1973 2922 2018 sunt
2955 1963 3148 2030 Biinai.
3202 1969 3254 2020 id
3286 1977 3370 2022 est
3397 1969 3737 2040 Quadraginta
3766 1973 3811 2022 ri~

2307 2065 2492 2106 rorum
2526 2053 2828 2122 progenies.
2869 2055 2935 2110 lli
2981 2057 3146 2125 igitur
3196 2059 3422 2114 rebelles
3464 2058 3592 2114 facti
3637 2060 3818 2129 vectigal

2299 2152 2352 2196 et
2378 2143 2636 2196 tributum
2673 2145 2907 2214 pendere
2960 2148 3270 2203 noluerunt.
3303 2149 3457 2216 Quod
3496 2166 3623 2204 cum
3652 2152 3706 2204 Al
3735 2150 3812 2203 lla-

2311 2236 2461 2288 muui
2517 2237 2819 2290 nuntiatum
2847 2249 3012 2306 esset,
3043 2241 3191 2295 misit
3222 2242 3312 2296 ille
3335 2243 3740 2298 Almotaseinuiu
3761 2256 3822 2295 eo-

2301 2326 2403 2393 piis
2431 2328 2754 2381 instructum
2802 2328 2854 2382 in
2885 2326 3200 2402 Egyptum,
3226 2348 3387 2402 quem
3438 2349 3618 2403 pugna
3645 2348 3821 2399 excepe-

2307 2425 2432 2468 runt
2464 2417 2524 2469 Al
2551 2417 2823 2482 lliniaidat,
2858 2429 2917 2472 ut
2961 2429 3016 2475 et
3063 2421 3176 2490 ipse
3212 2421 3371 2489 illos;
3407 2439 3548 2491 quos
3593 2435 3642 2475 et
3675 2436 3821 2490 magna

2307 2504 2548 2574 ipsoruin
2593 2517 2776 2578 strage
2806 2510 2950 2564 edita
3007 2511 3060 2564 in
3111 2511 3292 2580 fugam
3337 2511 3484 2568 dedit
3539 2513 3826 2579 feminasque

2302 2595 2571 2664 ipsarum,
2623 2608 2674 2653 ct
2711 2599 2913 2655 liberos
2965 2600 3278 2671 Bagdadum
3333 2605 3578 2674 captivos
3625 2605 3825 2665 abduxit,

2307 2702 2416 2755 quo
2445 2686 2792 2761 529-531
2817 2707 3064 2748 reversus
3085 2700 3168 2747 est
3196 2703 3482 2763 postquam
3506 2693 3775 2765 Egyptum
3791 2697 3828 2747 in

2302 2782 2544 2836 ordinem
2584 2783 2878 2854 redegerat.
2931 2783 3068 2838 Tum
3099 2793 3153 2838 et
3192 2784 3306 2855 ipse
3345 2787 3417 2839 Al
3451 2785 3667 2840 lamun
3695 2787 3826 2841 comi-

2302 2981 2531 3037 eamque
2559 2966 2842 3036 ingressus
2860 2967 2949 3022 die
2974 2966 3222 3031 Veneris.
3255 2969 3456 3024 mensis
3480 2970 3546 3023 Al
3569 2969 3831 3023 Mahamm

2301 3073 2468 3120 nono,
2502 3071 2645 3111 anno
2685 3055 2858 3126 llejrze
2883 3057 3255 3113 ducentesimo
3283 3061 3495 3115 decimo
3524 3063 3763 3130 septimo,
3789 3073 3835 3113 ac

2303 3147 2478 3216 primo
2503 3146 2708 3200 mensis
2739 3144 2950 3217 Sapbar
2977 3147 3042 3201 ad
3073 3148 3139 3202 Al
3164 3146 3434 3202 Bimaidas
3459 3141 3832 3217 prol'ectus'cst;

2303 3237 2424 3292 dein
2462 3236 2530 3292 ab
2561 3238 2694 3307 ipsis
2726 3253 2980 3293 reversus
3036 3238 3290 3293 Metsram
3324 3229 3392 3294 ἐι
3423 3237 3745 3294 Phustatum
3776 3240 3836 3291 in.

2301 3345 2522 3399 gressu;
2574 3343 2659 3385 cst
2706 3330 2794 3385 die
2846 3330 3093 3395 Sabbati,
3128 3331 3332 3388 mensis
3385 3333 3607 3403 Saphar
3656 3333 3833 3386 decimo
3886 3330 3887 3403 ξ

2301 3431 2517 3485 quarto,
2549 3429 2709 3492 atque
2743 3438 2808 3477 ex
2843 3421 3074 3491 ,λεληριο
3106 3425 3367 3480 discessit
3392 3442 3585 3481 mense
3616 3427 3677 3479 Al
3702 3423 3835 3479 Babi:

2296 3516 2463 3583 priori
2493 3514 2732 3582 ejusdem
2781 3515 2930 3569 anni.
2961 3515 3097 3570 Cum
3134 3525 3315 3570 autem
3350 3515 3403 3570 in
3451 3514 3742 3587 Egyptum
3771 3529 3833 3566 rc-
3886 3579 3887 3600 χ

2300 3605 2468 3659 uisset
2505 3607 2565 3658 ΔΙ
2614 3603 2856 3670 Mamuu,
2899 3607 3090 3660 turrim
3129 3607 3235 3662 sibi
3269 3608 3546 3662 exstruxit
3583 3609 3641 3662 in
3689 3613 3834 3660 ruont:

2297 3694 2359 3747 Al
2388 3693 2789 3772 llokattam,_in
2823 3710 2930 3765 qua
2977 3695 3138 3759 sedit,
3173 3697 3556 3767 appellataque
3599 3706 3684 3754 est
3724 3696 3834 3772 litib-

2295 3784 2442 3840 batol
2485 3785 2649 3841 llawa
2700 3770 2894 3859 [turris
2929 3787 3236 3859 desiderii].
3283 3790 3527 3844 Aderant
3579 3770 3836 3844 autem.“

2294 3877 2534 3932 Ilamuui
2564 3878 2889 3934 cubicularii
2918 3880 3038 3934 duo
3065 3880 3384 3944 Christiani,
3419 3883 3520 3951 qni
3557 3897 3685 3937 cum
3711 3883 3836 3974 longe
3886 3933 3887 3974 ἢ

2294 3969 2550 4026 abessent
2607 3970 2856 4025 ecclesia
2877 3986 3000 4040 quae
3031 3971 3085 4024 in
3119 3971 3320 4040 palatio
3349 3983 3532 4038 erant,
3565 3976 3770 4044 cupiam
3790 3972 3838 4024 ab

2293 4058 2355 4112 Al
2387 4056 2636 4113 larnune
2667 4059 3025 4130 impetrarunt
3052 4061 3338 4118 ecclesiam
3370 4065 3422 4118 in
3448 4080 3562 4134 qua
3592 4082 3744 4120 orare
3765 4077 3838 4132 po-
3886 4117 3887 4134 ξ

2293 4158 2499 4213 terant.
2549 4149 2873 4227 aediﬁcandi,
2926 4167 3048 4223 qua
3096 4168 3126 4207 a
3171 4152 3425 4210 Kobbatit
3475 4156 3653 4213 llawa
3707 4167 3841 4225 prope

623 4251 816 4318 ipsius,
875 4251 1101 4304 aderant
1157 4251 1318 4304 etiam
1381 4249 1666 4316 Moslcmii,
1707 4251 1797 4320 qui
1835 4252 2014 4305 testati
2072 4258 2197 4305 sunt
2230 4233 2272 4287 Ι)
2300 4239 2511 4294 abesset
2542 4257 2554 4293 :
2585 4240 2732 4310 quod
2771 4242 2864 4296 illo
2898 4243 3030 4312 ipsis
3073 4247 3424 4310 concedente.
3471 4233 3838 4304 exstruxerunt

624 4351 837 4395 auctam
877 4341 1045 4394 fuisse
1079 4343 1432 4404 testudinem.
1467 4352 1652 4396 contra
1685 4357 1822 4411 quos
1851 4357 1916 4396 eo
1940 4358 2070 4396 usus
2110 4352 2192 4396 est

623 4438 946 4500 argumento
981 4429 1239 4485 Thomas.
1302 4429 1447 4485 Dixit
1495 4431 1657 4500 igitur
1695 4432 1828 4501 ipsis
1863 4429 2186 4487 Obaidollali

622 4519 733 4573 Eun
786 4519 1092 4574 Tuliaheri:
1127 4521 1322 4576 Verum
1359 4533 1442 4578 est
1496 4523 1638 4592 quod
1691 4524 1998 4592 praetendit,
2039 4525 2183 4592 quod

621 4623 798 4676 i-tnos
833 4613 934 4679 ipsi
989 4611 1451 4667 confirmabimus.
1515 4612 1754 4669 lndicate
1807 4614 1937 4668 inihi
1991 4625 2191 4683 quanta

621 4712 737 4754 erat
774 4702 1065 4757 testudinis
1107 4713 1395 4772 antequam
1448 4705 1626 4757 diruta
1682 4703 1808 4766 fuit.
1861 4707 2192 4782 crassities?

620 4803 927 4860 quantaque
1003 4791 1104 4846 hoc
1156 4793 1444 4861 tempore?
1499 4792 1971 4863 Respondentibus
2013 4797 2187 4864 ipsis:

624 4884 728 4935 Sus
761 4885 861 4935 hoc
893 4881 1321 4954 explorabimns,
1379 4884 1680 4938 dissolutus
1735 4891 1817 4937 est
1873 4900 2184 4948 consessus,

619 4972 1006 5042 profectusque
1038 4983 1119 5028 est
1149 4973 1469 5028 Obaidallah
1505 4973 1620 5027 Ebn
1674 4972 1930 5028 Tdhaher
1991 4975 2185 5028 Dama-

619 5080 768 5118 scum
796 5082 810 5117 :
848 5062 1086 5119 Thomas
1113 5074 1291 5119 autem
1318 5065 1651 5134 patriarcha.
1679 5073 1730 5120 et
1759 5066 1982 5121 comites
2016 5067 2183 5135 ipsius

619 5156 992 5226 llicrosulytttn
1075 5158 1279 5212 reversi
1344 5161 1470 5210 sunt
1533 5157 1732 5226 gaudio
1778 5157 1976 5212 allecti.
2030 5157 2184 5212 Dedit

617 5262 744 5314 ergo
781 5245 1018 5301 Thomas
1050 5247 1358 5316 patriarcha
1401 5249 1540 5314 [seni
1591 5247 1680 5300 isti
1737 5246 2181 5304 Mohammedano

618 5337 762 5388 mille
796 5351 1021 5401 annos;
1057 5353 1157 5391 nec
1188 5337 1469 5391 desierunt
1497 5335 1740 5391 exhiberi
1793 5337 1893 5406 ipsi
1925 5333 2180 5392 demensa

619 5434 674 5478 ct
719 5437 837 5494 post
895 5429 1069 5495 ipsum
1119 5428 1302 5482 liberis
1354 5429 1545 5497 ipsius.
1602 5444 1700 5484 nec
1732 5443 1839 5482 non
1884 5429 2177 5482 liberorum

613 5516 823 5582 liberis,
889 5518 1060 5572 donec
1121 5519 1265 5573 haud
1329 5529 1645 5588 superesset
1705 5536 1771 5593 ex
1844 5519 1977 5589 ipsis
2014 5519 2178 5592 428

2287 4332 2574 4386 ecclesiam
2612 4331 2827 4388 Sancta:
2868 4334 3072 4401 Mariae,
3129 4352 3248 4406 qu:e
3284 4340 3436 4408 juxta
3485 4351 3716 4410 pontem
3751 4347 3833 4396 est.
3886 4325 3887 4372 l

2287 4432 2450 4492 atque
2479 4423 2638 4478 hodie
2668 4426 2973 4494 appellatur
3001 4427 3242 4482 Ecclesia
3285 4413 3698 4496 Romanorum,
3742 4445 3834 4484 enni
3886 4423 3887 4494 ξ

2287 4524 2442 4566 antea
2487 4527 2773 4578 vocaretur
2821 4517 3062 4572 Ecclesia
3097 4518 3328 4572 duorum
3357 4520 3835 4578 cubiculariorum.
3886 4517 3887 4556 ³

2285 4605 2479 4658 Fertur
2509 4607 2657 4674 ipsos
2683 4621 2801 4662 eam
2829 4611 3168 4665 exstruxisse
3200 4611 3444 4681 reliquiis
3469 4615 3702 4668 adiﬁcii
3727 4613 3839 4666 Rob-
3886 4613 3887 4681 ί

2287 4696 2422 4750 batil
2478 4695 2667 4752 Hawa.
2723 4696 3004 4753 Exstruxit
3059 4700 3218 4754 etiam
3260 4702 3571 4760 AlMainun
3636 4707 3689 4761 in
3735 4703 3831 4757 Saiil

2286 4788 2505 4858 regione
2531 4787 2846 4860 Egyptiaca
2878 4791 3207 4856 columnam.
3239 4809 3346 4862 quo
3372 4795 3833 4864 dignosc:itnrl\’ili
3886 4793 3887 4864 ᾗ

2264 4881 2703 4945 incrementum,
2739 4883 2865 4935 loco
2913 4884 3004 4951 qui
3042 4881 3245 4938 Shurat
3293 4891 3618 4956 appellatur
3666 4892 3716 4943 in
3747 4891 3833 4941 tice

2292 4969 2622 5025 Babanudah
2665 4971 2834 5026 dicto.
2881 4971 3211 5029 lnstauravlt
3268 4976 3409 5032 idem
3457 4995 3777 5037 mensuram
3800 4979 3832 5029 in

2289 5061 2558 5116 Achmim.
2602 5061 2683 5116 Ad
2711 5063 2774 5116 Al
2802 5063 3109 5120 Mamunem
3135 5065 3296 5137 432
3323 5079 3521 5125 autem
3577 5073 3831 5132 accedens

2290 5155 2551 5211 Bocainus
2580 5155 2978 5213 Christiannse
3013 5157 3169 5214 Bura:
3196 5161 3412 5228 incolis,
3450 5163 3554 5219 ille
3584 5167 3681 5235 qui
3712 5179 3833 5220 num-

2291 5262 2411 5302 mos
2445 5248 2590 5301 misit
2618 5248 2684 5302 ad
2712 5250 3119 5305 instaurandam
3149 5253 3441 5308 ecclesiam
3479 5253 3831 5314 Resurrectio-

2287 5339 2392 5400 nis.
2418 5339 2486 5392 ab
2507 5339 2596 5393 illo
2626 5342 2780 5409 petiit
2811 5351 2868 5396 ut
2897 5342 3051 5398 Bura
3074 5346 3434 5414 praeﬁceretur
3464 5351 3664 5407 {dives
3692 5361 3830 5404 autem

2285 5429 2572 5484 atmodum
2601 5431 2746 5502 fuit),
2775 5435 2860 5488 cui
2897 5435 2960 5488 Al
2985 5435 3227 5502 Mamun,
3263 5435 3617 5508 Religionem
3649 5439 3826 5512 (ἰηςυίί)

2285 5520 2764 5579 Moliammcdicam
2793 5527 3138 5596 amplectere,
3188 5529 3410 5600 erisque
3444 5532 3601 5590 mihi
3654 5544 3821 5590 srvos.
