  <div class='ocr_page' id='page_1' title='image "/cluster/home/n/w/nwhite01/storage/ocr_20150623/100/hvd.32044010574994/1494.png"; bbox 0 0 3962 6344; ppageno 0'>
   <div class='ocr_carea' id='block_1_1' title="bbox 215 201 334 266">
    <p class='ocr_par' dir='ltr' id='par_1_1' title="bbox 215 201 334 266">
     <span class='ocr_line' id='line_1_1' title="bbox 215 201 334 266; baseline -0.042 0"><span class='ocrx_word' id='word_1_1' title='bbox 215 201 334 266; x_wconf 68' lang='grc'><strong>1133</strong></span> 
     </span>
    </p>
   </div>
   <div class='ocr_carea' id='block_1_2' title="bbox 1598 189 1979 253">
    <p class='ocr_par' dir='ltr' id='par_1_2' title="bbox 1598 189 1979 253">
     <span class='ocr_line' id='line_1_2' title="bbox 1598 189 1979 253; baseline 0.01 -4"><span class='ocrx_word' id='word_1_2' title='bbox 1598 189 1979 253; x_wconf 63' lang='grc' dir='ltr'><strong>ἈΝΝΑΕΕΞ.</strong></span> 
     </span>
    </p>
   </div>
   <div class='ocr_carea' id='block_1_3' title="bbox 2963 89 3479 131">
    <p class='ocr_par' dir='ltr' id='par_1_3' title="bbox 2963 89 3479 131">
     <span class='ocr_line' id='line_1_3' title="bbox 2963 89 3479 131; baseline 0.002 -1"><span class='ocrx_word' id='word_1_3' title='bbox 2963 89 3479 131; x_wconf 49' lang='grc' dir='ltr'><strong>’Ἥ</strong></span> 
     </span>
    </p>
   </div>
   <div class='ocr_carea' id='block_1_4' title="bbox 3244 202 3376 264">
    <p class='ocr_par' dir='ltr' id='par_1_4' title="bbox 3244 202 3376 264">
     <span class='ocr_line' id='line_1_4' title="bbox 3244 202 3376 264; baseline 0 -2"><span class='ocrx_word' id='word_1_4' title='bbox 3244 202 3376 264; x_wconf 73' lang='grc'><strong>1134</strong></span> 
     </span>
    </p>
   </div>
   <div class='ocr_carea' id='block_1_5' title="bbox 211 303 3326 377">
    <p class='ocr_par' dir='ltr' id='par_1_5' title="bbox 211 303 3326 377">
     <span class='ocr_line' id='line_1_5' title="bbox 211 303 3326 377; baseline -0 -14"><span class='ocrx_word' id='word_1_5' title='bbox 211 326 266 365; x_wconf 85' lang='lat' dir='ltr'><strong>ae</strong></span> <span class='ocrx_word' id='word_1_6' title='bbox 297 319 351 363; x_wconf 92' lang='lat' dir='ltr'><strong>te</strong></span> <span class='ocrx_word' id='word_1_7' title='bbox 387 307 713 377; x_wconf 69' lang='lat' dir='ltr'><strong>przﬁciam;</strong></span> <span class='ocrx_word' id='word_1_8' title='bbox 760 307 1047 374; x_wconf 89' lang='lat' dir='ltr'><strong>respondet</strong></span> <span class='ocrx_word' id='word_1_9' title='bbox 1081 303 1362 368; x_wconf 80' lang='lat' dir='ltr'><strong>Bocamus,</strong></span> <span class='ocrx_word' id='word_1_10' title='bbox 1413 303 1729 373; x_wconf 86' lang='lat' dir='ltr'><strong>imperatori</strong></span> <span class='ocrx_word' id='word_1_11' title='bbox 1755 308 1808 368; x_wconf 70' lang='grc' dir='ltr'><strong>Α</strong></span> <span class='ocrx_word' id='word_1_12' title='bbox 1833 309 2198 376; x_wconf 69' lang='lat' dir='ltr'><strong>pendentibus</strong></span> <span class='ocrx_word' id='word_1_13' title='bbox 2239 321 2270 360; x_wconf 86' lang='lat' dir='ltr'><strong>e</strong></span> <span class='ocrx_word' id='word_1_14' title='bbox 2316 304 2548 360; x_wconf 90' lang='lat' dir='ltr'><strong>ducibus</strong></span> <span class='ocrx_word' id='word_1_15' title='bbox 2595 307 2659 360; x_wconf 85' lang='lat' dir='ltr'><strong>Al</strong></span> <span class='ocrx_word' id='word_1_16' title='bbox 2687 305 2954 363; x_wconf 66' lang='lat' dir='ltr'><strong>llamu&#39;nis</strong></span> <span class='ocrx_word' id='word_1_17' title='bbox 3003 311 3280 366; x_wconf 85' lang='lat' dir='ltr'><strong>nonnullis</strong></span> <span class='ocrx_word' id='word_1_18' title='bbox 3318 355 3326 362; x_wconf 84' lang='lat'><strong>.</strong></span> 
     </span>
    </p>
   </div>
   <div class='ocr_carea' id='block_1_6' title="bbox 209 394 1730 463">
    <p class='ocr_par' dir='ltr' id='par_1_6' title="bbox 209 394 1730 463">
     <span class='ocr_line' id='line_1_6' title="bbox 209 394 1730 463; baseline -0.003 -9"><span class='ocrx_word' id='word_1_19' title='bbox 209 400 434 455; x_wconf 87' lang='lat' dir='ltr'><strong>lidelium</strong></span> <span class='ocrx_word' id='word_1_20' title='bbox 484 413 764 453; x_wconf 89' lang='lat' dir='ltr'><strong>servorum</strong></span> <span class='ocrx_word' id='word_1_21' title='bbox 799 394 1367 451; x_wconf 77' lang='lat' dir='ltr'><strong>Moliammedanorum</strong></span> <span class='ocrx_word' id='word_1_22' title='bbox 1405 395 1602 463; x_wconf 80' lang='lat' dir='ltr'><strong>myrias</strong></span> <span class='ocrx_word' id='word_1_23' title='bbox 1628 403 1730 460; x_wconf 82' lang='lat' dir='ltr'><strong>est,</strong></span> 
     </span>
    </p>
   </div>
   <div class='ocr_carea' id='block_1_7' title="bbox 205 481 1735 554">
    <p class='ocr_par' dir='ltr' id='par_1_7' title="bbox 205 481 1735 554">
     <span class='ocr_line' id='line_1_7' title="bbox 205 481 1735 554; baseline -0.003 -10"><span class='ocrx_word' id='word_1_24' title='bbox 205 504 369 544; x_wconf 87' lang='lat' dir='ltr'><strong>annon</strong></span> <span class='ocrx_word' id='word_1_25' title='bbox 395 489 499 543; x_wconf 87' lang='lat' dir='ltr'><strong>erit</strong></span> <span class='ocrx_word' id='word_1_26' title='bbox 532 503 673 542; x_wconf 92' lang='lat' dir='ltr'><strong>unus</strong></span> <span class='ocrx_word' id='word_1_27' title='bbox 710 501 903 541; x_wconf 89' lang='lat' dir='ltr'><strong>servus</strong></span> <span class='ocrx_word' id='word_1_28' title='bbox 933 483 1314 539; x_wconf 83' lang='lat' dir='ltr'><strong>Christianus?</strong></span> <span class='ocrx_word' id='word_1_29' title='bbox 1358 481 1560 538; x_wconf 82' lang='lat' dir='ltr'><strong>Ridens</strong></span> <span class='ocrx_word' id='word_1_30' title='bbox 1608 499 1735 554; x_wconf 90' lang='lat' dir='ltr'><strong>ergo</strong></span> 
     </span>
    </p>
   </div>
   <div class='ocr_carea' id='block_1_8' title="bbox 196 573 1737 648">
    <p class='ocr_par' dir='ltr' id='par_1_8' title="bbox 196 573 1737 648">
     <span class='ocr_line' id='line_1_8' title="bbox 196 573 1737 648; baseline -0.005 -15"><span class='ocrx_word' id='word_1_31' title='bbox 196 577 511 648; x_wconf 75' lang='lat' dir='ltr'><strong>,Alllamun</strong></span> <span class='ocrx_word' id='word_1_32' title='bbox 539 579 639 647; x_wconf 86' lang='lat' dir='ltr'><strong>ipsi</strong></span> <span class='ocrx_word' id='word_1_33' title='bbox 680 575 1054 646; x_wconf 78' lang='lat' dir='ltr'><strong>praefecturam</strong></span> <span class='ocrx_word' id='word_1_34' title='bbox 1097 573 1252 629; x_wconf 72' lang='lat' dir='ltr'><strong>Bura:</strong></span> <span class='ocrx_word' id='word_1_35' title='bbox 1280 581 1337 629; x_wconf 92' lang='lat' dir='ltr'><strong>et</strong></span> <span class='ocrx_word' id='word_1_36' title='bbox 1373 575 1606 629; x_wconf 86' lang='lat' dir='ltr'><strong>locorum</strong></span> <span class='ocrx_word' id='word_1_37' title='bbox 1639 576 1737 634; x_wconf 82' lang='lat' dir='ltr'><strong>ad-</strong></span> 
     </span>
    </p>
   </div>
   <div class='ocr_carea' id='block_1_9' title="bbox 200 666 797 738">
    <p class='ocr_par' dir='ltr' id='par_1_9' title="bbox 200 666 797 738">
     <span class='ocr_line' id='line_1_9' title="bbox 200 666 797 738; baseline -0.01 -15"><span class='ocrx_word' id='word_1_38' title='bbox 200 667 478 738; x_wconf 70' lang='lat' dir='ltr'><strong>iacentium</strong></span> <span class='ocrx_word' id='word_1_39' title='bbox 506 666 797 723; x_wconf 87' lang='lat' dir='ltr'><strong>commisit.</strong></span> 
     </span>
    </p>
   </div>
   <div class='ocr_carea' id='block_1_10' title="bbox 279 749 1733 825">
    <p class='ocr_par' dir='ltr' id='par_1_10' title="bbox 279 749 1733 825">
     <span class='ocr_line' id='line_1_10' title="bbox 279 749 1733 825; baseline -0.003 -14"><span class='ocrx_word' id='word_1_40' title='bbox 279 757 678 825; x_wconf 88' lang='lat' dir='ltr'><strong>Condiditergo</strong></span> <span class='ocrx_word' id='word_1_41' title='bbox 705 754 857 807; x_wconf 70' lang='lat' dir='ltr'><strong>Bura:</strong></span> <span class='ocrx_word' id='word_1_42' title='bbox 903 752 1096 806; x_wconf 88' lang='lat' dir='ltr'><strong>multas</strong></span> <span class='ocrx_word' id='word_1_43' title='bbox 1151 751 1406 806; x_wconf 80' lang='lat' dir='ltr'><strong>ecclesias</strong></span> <span class='ocrx_word' id='word_1_44' title='bbox 1453 749 1733 822; x_wconf 88' lang='lat' dir='ltr'><strong>pulchras.</strong></span> 
     </span>
    </p>
   </div>
   <div class='ocr_carea' id='block_1_11' title="bbox 202 841 1736 914">
    <p class='ocr_par' dir='ltr' id='par_1_11' title="bbox 202 841 1736 914">
     <span class='ocr_line' id='line_1_11' title="bbox 202 841 1736 914; baseline -0.004 -14"><span class='ocrx_word' id='word_1_45' title='bbox 202 844 349 900; x_wconf 81' lang='lat' dir='ltr'><strong>Juxta</strong></span> <span class='ocrx_word' id='word_1_46' title='bbox 380 847 604 914; x_wconf 81' lang='lat' dir='ltr'><strong>januam‘</strong></span> <span class='ocrx_word' id='word_1_47' title='bbox 650 851 829 898; x_wconf 89' lang='lat' dir='ltr'><strong>autem</strong></span> <span class='ocrx_word' id='word_1_48' title='bbox 869 841 1062 896; x_wconf 80' lang='lat' dir='ltr'><strong>a-dinm</strong></span> <span class='ocrx_word' id='word_1_49' title='bbox 1111 842 1280 910; x_wconf 85' lang='lat' dir='ltr'><strong>ipsius</strong></span> <span class='ocrx_word' id='word_1_50' title='bbox 1312 852 1428 895; x_wconf 87' lang='lat' dir='ltr'><strong>erat</strong></span> <span class='ocrx_word' id='word_1_51' title='bbox 1477 841 1736 910; x_wconf 88' lang='lat' dir='ltr'><strong>templum</strong></span> 
     </span>
    </p>
   </div>
   <div class='ocr_carea' id='block_1_12' title="bbox 202 931 1741 1008">
    <p class='ocr_par' dir='ltr' id='par_1_12' title="bbox 202 931 1741 1008">
     <span class='ocr_line' id='line_1_12' title="bbox 202 931 1741 1008; baseline -0.005 -18"><span class='ocrx_word' id='word_1_52' title='bbox 202 933 722 1008; x_wconf 74' lang='lat' dir='ltr'><strong>[Iohammedlcum]</strong></span> <span class='ocrx_word' id='word_1_53' title='bbox 767 949 1073 988; x_wconf 87' lang='lat' dir='ltr'><strong>commune.</strong></span> <span class='ocrx_word' id='word_1_54' title='bbox 1122 932 1267 1000; x_wconf 81' lang='lat' dir='ltr'><strong>Dixit</strong></span> <span class='ocrx_word' id='word_1_55' title='bbox 1296 946 1424 1002; x_wconf 84' lang='lat' dir='ltr'><strong>ergo</strong></span> <span class='ocrx_word' id='word_1_56' title='bbox 1453 932 1609 985; x_wconf 67' lang='lat' dir='ltr'><strong>Bura</strong></span> <span class='ocrx_word' id='word_1_57' title='bbox 1656 931 1741 983; x_wconf 89' lang='lat' dir='ltr'><strong>iu-</strong></span> 
     </span>
    </p>
   </div>
   <div class='ocr_carea' id='block_1_13' title="bbox 201 1021 1738 1089">
    <p class='ocr_par' dir='ltr' id='par_1_13' title="bbox 201 1021 1738 1089">
     <span class='ocr_line' id='line_1_13' title="bbox 201 1021 1738 1089; baseline -0.006 -7"><span class='ocrx_word' id='word_1_58' title='bbox 201 1027 325 1082; x_wconf 82' lang='lat' dir='ltr'><strong>eolis</strong></span> <span class='ocrx_word' id='word_1_59' title='bbox 370 1025 874 1081; x_wconf 72' lang='lat' dir='ltr'><strong>Mohammedanis:</strong></span> <span class='ocrx_word' id='word_1_60' title='bbox 913 1024 1221 1078; x_wconf 61' lang='lat' dir='ltr'><strong>Edilicabo</strong></span> <span class='ocrx_word' id='word_1_61' title='bbox 1268 1023 1424 1077; x_wconf 84' lang='lat' dir='ltr'><strong>vobis</strong></span> <span class='ocrx_word' id='word_1_62' title='bbox 1481 1021 1738 1089; x_wconf 88' lang='lat' dir='ltr'><strong>templum</strong></span> 
     </span>
    </p>
   </div>
   <div class='ocr_carea' id='block_1_14' title="bbox 201 1111 1736 1182">
    <p class='ocr_par' dir='ltr' id='par_1_14' title="bbox 201 1111 1736 1182">
     <span class='ocr_line' id='line_1_14' title="bbox 201 1111 1736 1182; baseline -0.005 -11"><span class='ocrx_word' id='word_1_63' title='bbox 201 1131 475 1172; x_wconf 80' lang='lat' dir='ltr'><strong>conimune</strong></span> <span class='ocrx_word' id='word_1_64' title='bbox 523 1115 687 1180; x_wconf 91' lang='lat' dir='ltr'><strong>aliud,</strong></span> <span class='ocrx_word' id='word_1_65' title='bbox 730 1115 776 1170; x_wconf 91' lang='lat' dir='ltr'><strong>si</strong></span> <span class='ocrx_word' id='word_1_66' title='bbox 817 1115 1073 1181; x_wconf 88' lang='lat' dir='ltr'><strong>templum</strong></span> <span class='ocrx_word' id='word_1_67' title='bbox 1118 1113 1254 1176; x_wconf 91' lang='lat' dir='ltr'><strong>hoc,</strong></span> <span class='ocrx_word' id='word_1_68' title='bbox 1286 1111 1431 1182; x_wconf 92' lang='lat' dir='ltr'><strong>quod</strong></span> <span class='ocrx_word' id='word_1_69' title='bbox 1474 1111 1736 1180; x_wconf 81' lang='lat' dir='ltr'><strong>jnxtaja-</strong></span> 
     </span>
    </p>
   </div>
   <div class='ocr_carea' id='block_1_15' title="bbox 201 1201 1736 1267">
    <p class='ocr_par' dir='ltr' id='par_1_15' title="bbox 201 1201 1736 1267">
     <span class='ocr_line' id='line_1_15' title="bbox 201 1201 1736 1267; baseline -0.006 -6"><span class='ocrx_word' id='word_1_70' title='bbox 201 1222 353 1261; x_wconf 85' lang='lat' dir='ltr'><strong>nuam</strong></span> <span class='ocrx_word' id='word_1_71' title='bbox 381 1205 578 1262; x_wconf 88' lang='lat' dir='ltr'><strong>domus</strong></span> <span class='ocrx_word' id='word_1_72' title='bbox 623 1219 751 1259; x_wconf 68' lang='lat' dir='ltr'><strong>mea:</strong></span> <span class='ocrx_word' id='word_1_73' title='bbox 777 1213 882 1267; x_wconf 87' lang='lat' dir='ltr'><strong>est,</strong></span> <span class='ocrx_word' id='word_1_74' title='bbox 907 1201 1206 1256; x_wconf 84' lang='lat' dir='ltr'><strong>dirueritis.</strong></span> <span class='ocrx_word' id='word_1_75' title='bbox 1252 1201 1352 1256; x_wconf 88' lang='lat' dir='ltr'><strong>Cui</strong></span> <span class='ocrx_word' id='word_1_76' title='bbox 1385 1201 1692 1256; x_wconf 85' lang='lat' dir='ltr'><strong>Moslemini</strong></span> <span class='ocrx_word' id='word_1_77' title='bbox 1722 1216 1736 1252; x_wconf 91' lang='lat'><strong>:</strong></span> 
     </span>
    </p>
   </div>
   <div class='ocr_carea' id='block_1_16' title="bbox 200 1290 1744 1363">
    <p class='ocr_par' dir='ltr' id='par_1_16' title="bbox 200 1290 1744 1363">
     <span class='ocr_line' id='line_1_16' title="bbox 200 1290 1744 1363; baseline -0.005 -12"><span class='ocrx_word' id='word_1_78' title='bbox 200 1295 423 1352; x_wconf 81' lang='lat' dir='ltr'><strong>Exstrue</strong></span> <span class='ocrx_word' id='word_1_79' title='bbox 451 1293 710 1362; x_wconf 87' lang='lat' dir='ltr'><strong>templum</strong></span> <span class='ocrx_word' id='word_1_80' title='bbox 740 1293 907 1355; x_wconf 84' lang='lat' dir='ltr'><strong>aliud,</strong></span> <span class='ocrx_word' id='word_1_81' title='bbox 938 1307 1037 1346; x_wconf 91' lang='lat' dir='ltr'><strong>nos</strong></span> <span class='ocrx_word' id='word_1_82' title='bbox 1077 1290 1344 1363; x_wconf 89' lang='lat' dir='ltr'><strong>[interim]</strong></span> <span class='ocrx_word' id='word_1_83' title='bbox 1387 1292 1490 1346; x_wconf 91' lang='lat' dir='ltr'><strong>hoc</strong></span> <span class='ocrx_word' id='word_1_84' title='bbox 1525 1290 1580 1346; x_wconf 91' lang='lat' dir='ltr'><strong>in</strong></span> <span class='ocrx_word' id='word_1_85' title='bbox 1612 1300 1744 1344; x_wconf 90' lang='lat' dir='ltr'><strong>tem-</strong></span> 
     </span>
    </p>
   </div>
   <div class='ocr_carea' id='block_1_17' title="bbox 199 1378 1741 1456">
    <p class='ocr_par' dir='ltr' id='par_1_17' title="bbox 199 1378 1741 1456">
     <span class='ocr_line' id='line_1_17' title="bbox 199 1378 1741 1456; baseline -0.001 -20"><span class='ocrx_word' id='word_1_86' title='bbox 199 1387 284 1456; x_wconf 86' lang='lat' dir='ltr'><strong>plo</strong></span> <span class='ocrx_word' id='word_1_87' title='bbox 310 1384 616 1445; x_wconf 82' lang='lat' dir='ltr'><strong>arabimus,</strong></span> <span class='ocrx_word' id='word_1_88' title='bbox 644 1391 693 1434; x_wconf 90' lang='lat' dir='ltr'><strong>at</strong></span> <span class='ocrx_word' id='word_1_89' title='bbox 719 1395 838 1434; x_wconf 85' lang='lat' dir='ltr'><strong>cum</strong></span> <span class='ocrx_word' id='word_1_90' title='bbox 873 1381 1131 1449; x_wconf 86' lang='lat' dir='ltr'><strong>templum</strong></span> <span class='ocrx_word' id='word_1_91' title='bbox 1172 1378 1300 1433; x_wconf 91' lang='lat' dir='ltr'><strong>illud</strong></span> <span class='ocrx_word' id='word_1_92' title='bbox 1333 1379 1654 1445; x_wconf 89' lang='lat' dir='ltr'><strong>absolveris,</strong></span> <span class='ocrx_word' id='word_1_93' title='bbox 1685 1379 1741 1434; x_wconf 89' lang='lat' dir='ltr'><strong>in</strong></span> 
     </span>
    </p>
   </div>
   <div class='ocr_carea' id='block_1_18' title="bbox 197 1468 1742 1541">
    <p class='ocr_par' dir='ltr' id='par_1_18' title="bbox 197 1468 1742 1541">
     <span class='ocr_line' id='line_1_18' title="bbox 197 1468 1742 1541; baseline -0.003 -12"><span class='ocrx_word' id='word_1_94' title='bbox 197 1489 266 1529; x_wconf 82' lang='lat' dir='ltr'><strong>eo</strong></span> <span class='ocrx_word' id='word_1_95' title='bbox 293 1471 592 1537; x_wconf 87' lang='lat' dir='ltr'><strong>orabimus,</strong></span> <span class='ocrx_word' id='word_1_96' title='bbox 625 1482 787 1541; x_wconf 86' lang='lat' dir='ltr'><strong>atque</strong></span> <span class='ocrx_word' id='word_1_97' title='bbox 821 1470 921 1524; x_wconf 90' lang='lat' dir='ltr'><strong>hoc</strong></span> <span class='ocrx_word' id='word_1_98' title='bbox 963 1471 1261 1525; x_wconf 83' lang='lat' dir='ltr'><strong>diruemus.</strong></span> <span class='ocrx_word' id='word_1_99' title='bbox 1307 1468 1586 1525; x_wconf 82' lang='lat' dir='ltr'><strong>Exstruxit</strong></span> <span class='ocrx_word' id='word_1_100' title='bbox 1615 1483 1742 1539; x_wconf 79' lang='lat' dir='ltr'><strong>ergo</strong></span> 
     </span>
    </p>
   </div>
   <div class='ocr_carea' id='block_1_19' title="bbox 202 1560 1740 1635">
    <p class='ocr_par' dir='ltr' id='par_1_19' title="bbox 202 1560 1740 1635">
     <span class='ocr_line' id='line_1_19' title="bbox 202 1560 1740 1635; baseline 0 -20"><span class='ocrx_word' id='word_1_101' title='bbox 202 1561 450 1630; x_wconf 87' lang='lat' dir='ltr'><strong>templum</strong></span> <span class='ocrx_word' id='word_1_102' title='bbox 498 1576 774 1632; x_wconf 88' lang='lat' dir='ltr'><strong>magnum,</strong></span> <span class='ocrx_word' id='word_1_103' title='bbox 827 1561 1144 1630; x_wconf 86' lang='lat' dir='ltr'><strong>pulchrum;</strong></span> <span class='ocrx_word' id='word_1_104' title='bbox 1192 1560 1335 1635; x_wconf 81' lang='lat' dir='ltr'><strong>quod</strong></span> <span class='ocrx_word' id='word_1_105' title='bbox 1389 1575 1512 1614; x_wconf 90' lang='lat' dir='ltr'><strong>cum</strong></span> <span class='ocrx_word' id='word_1_106' title='bbox 1562 1560 1740 1615; x_wconf 85' lang='lat' dir='ltr'><strong>absol-</strong></span> 
     </span>
    </p>
   </div>
   <div class='ocr_carea' id='block_1_20' title="bbox 1837 380 3384 467">
    <p class='ocr_par' dir='ltr' id='par_1_20' title="bbox 1837 380 3384 467">
     <span class='ocr_line' id='line_1_20' title="bbox 1837 380 3384 467; baseline 0.002 -17"><span class='ocrx_word' id='word_1_107' title='bbox 1837 397 1938 450; x_wconf 89' lang='lat' dir='ltr'><strong>hoc</strong></span> <span class='ocrx_word' id='word_1_108' title='bbox 1967 405 2027 450; x_wconf 92' lang='lat' dir='ltr'><strong>ut</strong></span> <span class='ocrx_word' id='word_1_109' title='bbox 2058 380 2427 452; x_wconf 33' lang='lat' dir='ltr'><strong>Al&#39;Abbasum</strong></span> <span class='ocrx_word' id='word_1_110' title='bbox 2459 396 2523 450; x_wconf 82' lang='lat' dir='ltr'><strong>Al</strong></span> <span class='ocrx_word' id='word_1_111' title='bbox 2546 394 2814 452; x_wconf 71' lang='lat' dir='ltr'><strong>Mamunis</strong></span> <span class='ocrx_word' id='word_1_112' title='bbox 2846 399 3012 454; x_wconf 86' lang='lat' dir='ltr'><strong>lilium</strong></span> <span class='ocrx_word' id='word_1_113' title='bbox 3047 401 3114 454; x_wconf 89' lang='lat' dir='ltr'><strong>ad</strong></span> <span class='ocrx_word' id='word_1_114' title='bbox 3157 399 3384 467; x_wconf 76' lang='lat' dir='ltr'><strong>clialila-</strong></span> 
     </span>
    </p>
   </div>
   <div class='ocr_carea' id='block_1_21' title="bbox 1837 483 3384 556">
    <p class='ocr_par' dir='ltr' id='par_1_21' title="bbox 1837 483 3384 556">
     <span class='ocr_line' id='line_1_21' title="bbox 1837 483 3384 556; baseline 0.005 -21"><span class='ocrx_word' id='word_1_115' title='bbox 1837 491 1950 536; x_wconf 89' lang='lat' dir='ltr'><strong>tum‘</strong></span> <span class='ocrx_word' id='word_1_116' title='bbox 1996 485 2369 552; x_wconf 86' lang='lat' dir='ltr'><strong>proveltcrent.</strong></span> <span class='ocrx_word' id='word_1_117' title='bbox 2405 486 2475 538; x_wconf 83' lang='lat' dir='ltr'><strong>At</strong></span> <span class='ocrx_word' id='word_1_118' title='bbox 2505 500 2627 540; x_wconf 92' lang='lat' dir='ltr'><strong>cum</strong></span> <span class='ocrx_word' id='word_1_119' title='bbox 2669 483 2736 542; x_wconf 82' lang='lat' dir='ltr'><strong>ad</strong></span> <span class='ocrx_word' id='word_1_120' title='bbox 2777 486 3089 556; x_wconf 72' lang='lat' dir='ltr'><strong>obsequium</strong></span> <span class='ocrx_word' id='word_1_121' title='bbox 3137 489 3284 544; x_wconf 91' lang='lat' dir='ltr'><strong>illius</strong></span> <span class='ocrx_word' id='word_1_122' title='bbox 3324 503 3384 544; x_wconf 85' lang='lat' dir='ltr'><strong>se</strong></span> 
     </span>
    </p>
   </div>
   <div class='ocr_carea' id='block_1_22' title="bbox 1838 573 3383 648">
    <p class='ocr_par' dir='ltr' id='par_1_22' title="bbox 1838 573 3383 648">
     <span class='ocr_line' id='line_1_22' title="bbox 1838 573 3383 648; baseline 0.006 -24"><span class='ocrx_word' id='word_1_123' title='bbox 1838 573 1939 627; x_wconf 84' lang='lat' dir='ltr'><strong>lide</strong></span> <span class='ocrx_word' id='word_1_124' title='bbox 1969 574 2092 626; x_wconf 89' lang='lat' dir='ltr'><strong>data</strong></span> <span class='ocrx_word' id='word_1_125' title='bbox 2131 575 2502 630; x_wconf 81' lang='lat' dir='ltr'><strong>obstrinxerat</strong></span> <span class='ocrx_word' id='word_1_126' title='bbox 2533 575 2598 630; x_wconf 82' lang='lat' dir='ltr'><strong>AI</strong></span> <span class='ocrx_word' id='word_1_127' title='bbox 2628 575 2831 641; x_wconf 81' lang='lat' dir='ltr'><strong>Abbas,</strong></span> <span class='ocrx_word' id='word_1_128' title='bbox 2873 577 3009 633; x_wconf 82' lang='lat' dir='ltr'><strong>idem</strong></span> <span class='ocrx_word' id='word_1_129' title='bbox 3042 580 3203 634; x_wconf 89' lang='lat' dir='ltr'><strong>etiam</strong></span> <span class='ocrx_word' id='word_1_130' title='bbox 3242 595 3383 648; x_wconf 67' lang='lat' dir='ltr'><strong>prae-</strong></span> 
     </span>
    </p>
   </div>
   <div class='ocr_carea' id='block_1_23' title="bbox 1835 664 3387 740">
    <p class='ocr_par' dir='ltr' id='par_1_23' title="bbox 1835 664 3387 740">
     <span class='ocr_line' id='line_1_23' title="bbox 1835 664 3387 740; baseline 0.007 -25"><span class='ocrx_word' id='word_1_131' title='bbox 1835 665 2088 716; x_wconf 85' lang='lat' dir='ltr'><strong>stiterunt</strong></span> <span class='ocrx_word' id='word_1_132' title='bbox 2114 664 2302 732; x_wconf 90' lang='lat' dir='ltr'><strong>reliqui</strong></span> <span class='ocrx_word' id='word_1_133' title='bbox 2339 665 2543 740; x_wconf 86' lang='lat' dir='ltr'><strong>duces;</strong></span> <span class='ocrx_word' id='word_1_134' title='bbox 2578 666 2890 736; x_wconf 86' lang='lat' dir='ltr'><strong>perlataque</strong></span> <span class='ocrx_word' id='word_1_135' title='bbox 2918 675 3001 722; x_wconf 91' lang='lat' dir='ltr'><strong>cst</strong></span> <span class='ocrx_word' id='word_1_136' title='bbox 3045 669 3387 737; x_wconf 73' lang='lat' dir='ltr'><strong>inauguratio</strong></span> 
     </span>
    </p>
   </div>
   <div class='ocr_carea' id='block_1_24' title="bbox 1835 752 3389 825">
    <p class='ocr_par' dir='ltr' id='par_1_24' title="bbox 1835 752 3389 825">
     <span class='ocr_line' id='line_1_24' title="bbox 1835 752 3389 825; baseline 0.005 -21"><span class='ocrx_word' id='word_1_137' title='bbox 1835 752 2160 821; x_wconf 74' lang='lat' dir='ltr'><strong>Bagdadum,</strong></span> <span class='ocrx_word' id='word_1_138' title='bbox 2216 754 2306 807; x_wconf 89' lang='lat' dir='ltr'><strong>ubi</strong></span> <span class='ocrx_word' id='word_1_139' title='bbox 2358 754 2516 808; x_wconf 81' lang='lat' dir='ltr'><strong>iidem</strong></span> <span class='ocrx_word' id='word_1_140' title='bbox 2548 756 2596 808; x_wconf 91' lang='lat' dir='ltr'><strong>ei</strong></span> <span class='ocrx_word' id='word_1_141' title='bbox 2654 758 2928 825; x_wconf 86' lang='lat' dir='ltr'><strong>pollicitus</strong></span> <span class='ocrx_word' id='word_1_142' title='bbox 2957 765 3039 812; x_wconf 85' lang='lat' dir='ltr'><strong>est</strong></span> <span class='ocrx_word' id='word_1_143' title='bbox 3085 756 3202 811; x_wconf 82' lang='lat' dir='ltr'><strong>Abu</strong></span> <span class='ocrx_word' id='word_1_144' title='bbox 3243 761 3389 814; x_wconf 82' lang='lat' dir='ltr'><strong>lsaae</strong></span> 
     </span>
    </p>
   </div>
   <div class='ocr_carea' id='block_1_25' title="bbox 1835 843 3392 918">
    <p class='ocr_par' dir='ltr' id='par_1_25' title="bbox 1835 843 3392 918">
     <span class='ocr_line' id='line_1_25' title="bbox 1835 843 3392 918; baseline 0.005 -24"><span class='ocrx_word' id='word_1_145' title='bbox 1835 843 2090 898; x_wconf 79' lang='lat' dir='ltr'><strong>Abrahim</strong></span> <span class='ocrx_word' id='word_1_146' title='bbox 2118 843 2291 898; x_wconf 85' lang='lat' dir='ltr'><strong>Ebnol</strong></span> <span class='ocrx_word' id='word_1_147' title='bbox 2321 843 2543 903; x_wconf 81' lang='lat' dir='ltr'><strong>Hosain.</strong></span> <span class='ocrx_word' id='word_1_148' title='bbox 2573 844 2689 899; x_wconf 73' lang='lat' dir='ltr'><strong>Ebn</strong></span> <span class='ocrx_word' id='word_1_149' title='bbox 2717 846 2953 910; x_wconf 77' lang='lat' dir='ltr'><strong>Mosaabi</strong></span> <span class='ocrx_word' id='word_1_150' title='bbox 2982 849 3074 918; x_wconf 92' lang='lat' dir='ltr'><strong>qui</strong></span> <span class='ocrx_word' id='word_1_151' title='bbox 3095 859 3224 903; x_wconf 91' lang='lat' dir='ltr'><strong>tunc</strong></span> <span class='ocrx_word' id='word_1_152' title='bbox 3256 859 3392 904; x_wconf 64' lang='lat' dir='ltr'><strong>temo</strong></span> 
     </span>
    </p>
   </div>
   <div class='ocr_carea' id='block_1_26' title="bbox 1837 933 3390 1010">
    <p class='ocr_par' dir='ltr' id='par_1_26' title="bbox 1837 933 3390 1010">
     <span class='ocr_line' id='line_1_26' title="bbox 1837 933 3390 1010; baseline 0.006 -24"><span class='ocrx_word' id='word_1_153' title='bbox 1837 936 1988 1001; x_wconf 89' lang='lat' dir='ltr'><strong>poris</strong></span> <span class='ocrx_word' id='word_1_154' title='bbox 2038 933 2271 1003; x_wconf 84' lang='lat' dir='ltr'><strong>Bagdadi</strong></span> <span class='ocrx_word' id='word_1_155' title='bbox 2311 935 2581 1000; x_wconf 77' lang='lat' dir='ltr'><strong>luit,‘nec</strong></span> <span class='ocrx_word' id='word_1_156' title='bbox 2625 953 2734 991; x_wconf 92' lang='lat' dir='ltr'><strong>non</strong></span> <span class='ocrx_word' id='word_1_157' title='bbox 2784 940 3105 1009; x_wconf 79' lang='lat' dir='ltr'><strong>quicunque</strong></span> <span class='ocrx_word' id='word_1_158' title='bbox 3153 940 3390 1010; x_wconf 75' lang='lat' dir='ltr'><strong>Bagtladi</strong></span> 
     </span>
    </p>
   </div>
   <div class='ocr_carea' id='block_1_27' title="bbox 1837 1021 3389 1102">
    <p class='ocr_par' dir='ltr' id='par_1_27' title="bbox 1837 1021 3389 1102">
     <span class='ocr_line' id='line_1_27' title="bbox 1837 1021 3389 1102; baseline 0.01 -29"><span class='ocrx_word' id='word_1_159' title='bbox 1837 1031 1994 1074; x_wconf 88' lang='lat' dir='ltr'><strong>crant</strong></span> <span class='ocrx_word' id='word_1_160' title='bbox 2032 1021 2371 1078; x_wconf 69' lang='lat' dir='ltr'><strong>Hasliemidze</strong></span> <span class='ocrx_word' id='word_1_161' title='bbox 2416 1039 2479 1079; x_wconf 87' lang='lat' dir='ltr'><strong>ac</strong></span> <span class='ocrx_word' id='word_1_162' title='bbox 2507 1024 2697 1080; x_wconf 85' lang='lat' dir='ltr'><strong>duces.</strong></span> <span class='ocrx_word' id='word_1_163' title='bbox 2747 1027 2825 1081; x_wconf 84' lang='lat' dir='ltr'><strong>Ad</strong></span> <span class='ocrx_word' id='word_1_164' title='bbox 2875 1029 3196 1096; x_wconf 83' lang='lat' dir='ltr'><strong>obsequium</strong></span> <span class='ocrx_word' id='word_1_165' title='bbox 3223 1031 3389 1102; x_wconf 65' lang='lat' dir='ltr'><strong>etiam</strong></span> 
     </span>
    </p>
   </div>
   <div class='ocr_carea' id='block_1_28' title="bbox 1833 1114 3390 1184">
    <p class='ocr_par' dir='ltr' id='par_1_28' title="bbox 1833 1114 3390 1184">
     <span class='ocr_line' id='line_1_28' title="bbox 1833 1114 3390 1184; baseline 0.006 -18"><span class='ocrx_word' id='word_1_166' title='bbox 1833 1114 2022 1184; x_wconf 83' lang='lat' dir='ltr'><strong>cjusse</strong></span> <span class='ocrx_word' id='word_1_167' title='bbox 2059 1114 2352 1168; x_wconf 77' lang='lat' dir='ltr'><strong>obstrinxit</strong></span> <span class='ocrx_word' id='word_1_168' title='bbox 2377 1115 2647 1170; x_wconf 82' lang='lat' dir='ltr'><strong>Abdollah</strong></span> <span class='ocrx_word' id='word_1_169' title='bbox 2684 1118 2800 1172; x_wconf 88' lang='lat' dir='ltr'><strong>Ebu</strong></span> <span class='ocrx_word' id='word_1_170' title='bbox 2849 1117 3120 1175; x_wconf 83' lang='lat' dir='ltr'><strong>Tdbaheri</strong></span> <span class='ocrx_word' id='word_1_171' title='bbox 3154 1121 3208 1174; x_wconf 93' lang='lat' dir='ltr'><strong>in</strong></span> <span class='ocrx_word' id='word_1_172' title='bbox 3238 1121 3390 1175; x_wconf 77' lang='lat' dir='ltr'><strong>Clio-</strong></span> 
     </span>
    </p>
   </div>
   <div class='ocr_carea' id='block_1_29' title="bbox 1840 1202 3393 1280">
    <p class='ocr_par' dir='ltr' id='par_1_29' title="bbox 1840 1202 3393 1280">
     <span class='ocr_line' id='line_1_29' title="bbox 1840 1202 3393 1280; baseline 0.008 -24"><span class='ocrx_word' id='word_1_173' title='bbox 1840 1219 2058 1268; x_wconf 87' lang='lat' dir='ltr'><strong>rasano,</strong></span> <span class='ocrx_word' id='word_1_174' title='bbox 2085 1220 2316 1274; x_wconf 85' lang='lat' dir='ltr'><strong>eumque</strong></span> <span class='ocrx_word' id='word_1_175' title='bbox 2348 1207 2411 1259; x_wconf 83' lang='lat' dir='ltr'><strong>Al</strong></span> <span class='ocrx_word' id='word_1_176' title='bbox 2441 1206 2795 1262; x_wconf 77' lang='lat' dir='ltr'><strong>Motasemnm</strong></span> <span class='ocrx_word' id='word_1_177' title='bbox 2843 1202 3161 1280; x_wconf 55' lang='lat' dir='ltr'><strong>appellavit.</strong></span> <span class='ocrx_word' id='word_1_178' title='bbox 3201 1210 3393 1268; x_wconf 77' lang='lat' dir='ltr'><strong>Perve~</strong></span> 
     </span>
    </p>
   </div>
   <div class='ocr_carea' id='block_1_30' title="bbox 1843 1293 3398 1388">
    <p class='ocr_par' dir='ltr' id='par_1_30' title="bbox 1843 1293 3398 1388">
     <span class='ocr_line' id='line_1_30' title="bbox 1843 1293 3398 1388; baseline 0.008 -43"><span class='ocrx_word' id='word_1_179' title='bbox 1843 1293 1922 1346; x_wconf 91' lang='lat' dir='ltr'><strong>nit</strong></span> <span class='ocrx_word' id='word_1_180' title='bbox 1949 1302 2130 1349; x_wconf 89' lang='lat' dir='ltr'><strong>autem</strong></span> <span class='ocrx_word' id='word_1_181' title='bbox 2184 1295 2248 1348; x_wconf 81' lang='lat' dir='ltr'><strong>Al</strong></span> <span class='ocrx_word' id='word_1_182' title='bbox 2277 1295 2556 1388; x_wconf 58' lang='lat' dir='ltr'><strong>&gt;Motasem</strong></span> <span class='ocrx_word' id='word_1_183' title='bbox 2614 1298 2923 1368; x_wconf 79' lang='lat' dir='ltr'><strong>Bagdadum</strong></span> <span class='ocrx_word' id='word_1_184' title='bbox 2973 1301 3139 1355; x_wconf 90' lang='lat' dir='ltr'><strong>initio</strong></span> <span class='ocrx_word' id='word_1_185' title='bbox 3196 1303 3398 1358; x_wconf 90' lang='lat' dir='ltr'><strong>mensis</strong></span> 
     </span>
    </p>
   </div>
   <div class='ocr_carea' id='block_1_31' title="bbox 1841 1383 3397 1457">
    <p class='ocr_par' dir='ltr' id='par_1_31' title="bbox 1841 1383 3397 1457">
     <span class='ocr_line' id='line_1_31' title="bbox 1841 1383 3397 1457; baseline 0.007 -21"><span class='ocrx_word' id='word_1_186' title='bbox 1841 1383 2161 1452; x_wconf 72' lang='lat' dir='ltr'><strong>Ramatlaui,</strong></span> <span class='ocrx_word' id='word_1_187' title='bbox 2212 1383 2772 1446; x_wconf 84' lang='lat' dir='ltr'><strong>annoducentesimo</strong></span> <span class='ocrx_word' id='word_1_188' title='bbox 2821 1392 3033 1447; x_wconf 84' lang='lat' dir='ltr'><strong>decimo</strong></span> <span class='ocrx_word' id='word_1_189' title='bbox 3083 1405 3271 1448; x_wconf 86' lang='lat' dir='ltr'><strong>octavo</strong></span> <span class='ocrx_word' id='word_1_190' title='bbox 3301 1433 3317 1457; x_wconf 92' lang='lat'><strong>,</strong></span> <span class='ocrx_word' id='word_1_191' title='bbox 3365 1409 3397 1447; x_wconf 67' lang='grc' dir='ltr'><strong>τι</strong></span> 
     </span>
    </p>
   </div>
   <div class='ocr_carea' id='block_1_32' title="bbox 1843 1477 3412 1550">
    <p class='ocr_par' dir='ltr' id='par_1_32' title="bbox 1843 1477 3412 1550">
     <span class='ocr_line' id='line_1_32' title="bbox 1843 1477 3412 1550; baseline 0.004 -20"><span class='ocrx_word' id='word_1_192' title='bbox 1843 1490 1946 1546; x_wconf 91' lang='lat' dir='ltr'><strong>qua</strong></span> <span class='ocrx_word' id='word_1_193' title='bbox 1972 1492 2080 1536; x_wconf 80' lang='lat' dir='ltr'><strong>non,</strong></span> <span class='ocrx_word' id='word_1_194' title='bbox 2117 1477 2372 1534; x_wconf 85' lang='lat' dir='ltr'><strong>discessit</strong></span> <span class='ocrx_word' id='word_1_195' title='bbox 2411 1494 2585 1550; x_wconf 87' lang='lat' dir='ltr'><strong>usque</strong></span> <span class='ocrx_word' id='word_1_196' title='bbox 2622 1481 2688 1535; x_wconf 91' lang='lat' dir='ltr'><strong>ad</strong></span> <span class='ocrx_word' id='word_1_197' title='bbox 2719 1498 2924 1536; x_wconf 87' lang='lat' dir='ltr'><strong>annum</strong></span> <span class='ocrx_word' id='word_1_198' title='bbox 2957 1484 3412 1538; x_wconf 76' lang='lat' dir='ltr'><strong>ducentesimum</strong></span> 
     </span>
    </p>
   </div>
   <div class='ocr_carea' id='block_1_33' title="bbox 1841 1570 3401 1644">
    <p class='ocr_par' dir='ltr' id='par_1_33' title="bbox 1841 1570 3401 1644">
     <span class='ocr_line' id='line_1_33' title="bbox 1841 1570 3401 1644; baseline 0.008 -25"><span class='ocrx_word' id='word_1_199' title='bbox 1841 1570 2196 1644; x_wconf 46' lang='grc' dir='ltr'><strong>δεῖ-439</strong></span> <span class='ocrx_word' id='word_1_200' title='bbox 2232 1574 2566 1629; x_wconf 84' lang='lat' dir='ltr'><strong>tricesimum</strong></span> <span class='ocrx_word' id='word_1_201' title='bbox 2609 1577 2930 1640; x_wconf 76' lang='lat' dir='ltr'><strong>secundum.</strong></span> <span class='ocrx_word' id='word_1_202' title='bbox 2960 1577 3095 1630; x_wconf 87' lang='lat' dir='ltr'><strong>Tum</strong></span> <span class='ocrx_word' id='word_1_203' title='bbox 3142 1576 3401 1631; x_wconf 74' lang='lat' dir='ltr'><strong>Sarman-</strong></span> 
     </span>
    </p>
   </div>
   <div class='ocr_carea' id='block_1_34' title="bbox 197 1628 1745 1735">
    <p class='ocr_par' dir='ltr' id='par_1_34' title="bbox 197 1628 1745 1720">
     <span class='ocr_line' id='line_1_34' title="bbox 197 1628 1745 1720; baseline 0.003 -17"><span class='ocrx_word' id='word_1_204' title='bbox 197 1628 379 1716; x_wconf 74' lang='lat' dir='ltr'><strong>visset,</strong></span> <span class='ocrx_word' id='word_1_205' title='bbox 424 1651 562 1706; x_wconf 88' lang='lat' dir='ltr'><strong>dixit</strong></span> <span class='ocrx_word' id='word_1_206' title='bbox 592 1628 610 1705; x_wconf 80' lang='grc' dir='ltr'>Ξ</span> <span class='ocrx_word' id='word_1_207' title='bbox 641 1628 845 1706; x_wconf 80' lang='lat' dir='ltr'><strong>Solvite</strong></span> <span class='ocrx_word' id='word_1_208' title='bbox 888 1651 1018 1704; x_wconf 89' lang='lat' dir='ltr'><strong>mihi</strong></span> <span class='ocrx_word' id='word_1_209' title='bbox 1069 1628 1224 1720; x_wconf 13' lang='lat' dir='ltr'><strong>quod,</strong></span> <span class='ocrx_word' id='word_1_210' title='bbox 1257 1628 1627 1720; x_wconf 86' lang='lat' dir='ltr'><strong>promisistis,</strong></span> <span class='ocrx_word' id='word_1_211' title='bbox 1682 1667 1745 1708; x_wconf 90' lang='lat' dir='ltr'><strong>ac</strong></span> 
     </span>
    </p>
   </div>
   <div class='ocr_carea' id='block_1_35' title="bbox 1847 1628 3402 1735">
    <p class='ocr_par' dir='ltr' id='par_1_35' title="bbox 1855 1663 3402 1735">
     <span class='ocr_line' id='line_1_35' title="bbox 1855 1663 3402 1735; baseline 0 -17"><span class='ocrx_word' id='word_1_212' title='bbox 1855 1663 2024 1718; x_wconf 83' lang='lat' dir='ltr'><strong>raiam</strong></span> <span class='ocrx_word' id='word_1_213' title='bbox 2073 1664 2347 1733; x_wconf 85' lang='lat' dir='ltr'><strong>prolectus</strong></span> <span class='ocrx_word' id='word_1_214' title='bbox 2400 1679 2518 1720; x_wconf 89' lang='lat' dir='ltr'><strong>eam</strong></span> <span class='ocrx_word' id='word_1_215' title='bbox 2579 1682 2735 1722; x_wconf 91' lang='lat' dir='ltr'><strong>muro</strong></span> <span class='ocrx_word' id='word_1_216' title='bbox 2790 1668 3001 1733; x_wconf 81' lang='lat' dir='ltr'><strong>cinxit,</strong></span> <span class='ocrx_word' id='word_1_217' title='bbox 3049 1667 3235 1735; x_wconf 90' lang='lat' dir='ltr'><strong>ibique</strong></span> <span class='ocrx_word' id='word_1_218' title='bbox 3276 1681 3402 1720; x_wconf 88' lang='lat' dir='ltr'><strong>cum</strong></span> 
     </span>
    </p>
   </div>
   <div class='ocr_carea' id='block_1_36' title="bbox 202 1740 1749 1811">
    <p class='ocr_par' dir='ltr' id='par_1_36' title="bbox 202 1740 1749 1811">
     <span class='ocr_line' id='line_1_36' title="bbox 202 1740 1749 1811; baseline 0 -15"><span class='ocrx_word' id='word_1_219' title='bbox 202 1743 451 1810; x_wconf 88' lang='lat' dir='ltr'><strong>templum</strong></span> <span class='ocrx_word' id='word_1_220' title='bbox 495 1741 638 1811; x_wconf 91' lang='lat' dir='ltr'><strong>quod</strong></span> <span class='ocrx_word' id='word_1_221' title='bbox 674 1741 740 1795; x_wconf 89' lang='lat' dir='ltr'><strong>ad</strong></span> <span class='ocrx_word' id='word_1_222' title='bbox 774 1740 994 1811; x_wconf 71' lang='lat' dir='ltr'><strong>ianuam</strong></span> <span class='ocrx_word' id='word_1_223' title='bbox 1027 1756 1201 1795; x_wconf 89' lang='lat' dir='ltr'><strong>meam</strong></span> <span class='ocrx_word' id='word_1_224' title='bbox 1238 1752 1344 1804; x_wconf 90' lang='lat' dir='ltr'><strong>est,</strong></span> <span class='ocrx_word' id='word_1_225' title='bbox 1393 1741 1593 1798; x_wconf 90' lang='lat' dir='ltr'><strong>diruite</strong></span> <span class='ocrx_word' id='word_1_226' title='bbox 1617 1759 1633 1797; x_wconf 91' lang='lat'><strong>:</strong></span> <span class='ocrx_word' id='word_1_227' title='bbox 1660 1741 1749 1799; x_wconf 92' lang='lat' dir='ltr'><strong>cui</strong></span> 
     </span>
    </p>
   </div>
   <div class='ocr_carea' id='block_1_37' title="bbox 202 1831 1749 1903">
    <p class='ocr_par' dir='ltr' id='par_1_37' title="bbox 202 1831 1749 1903">
     <span class='ocr_line' id='line_1_37' title="bbox 202 1831 1749 1903; baseline 0.001 -17"><span class='ocrx_word' id='word_1_228' title='bbox 202 1833 314 1889; x_wconf 89' lang='lat' dir='ltr'><strong>illi:</strong></span> <span class='ocrx_word' id='word_1_229' title='bbox 342 1831 493 1887; x_wconf 81' lang='lat' dir='ltr'><strong>Haud</strong></span> <span class='ocrx_word' id='word_1_230' title='bbox 529 1833 845 1902; x_wconf 83' lang='lat' dir='ltr'><strong>permissum</strong></span> <span class='ocrx_word' id='word_1_231' title='bbox 895 1842 980 1887; x_wconf 87' lang='lat' dir='ltr'><strong>est</strong></span> <span class='ocrx_word' id='word_1_232' title='bbox 1017 1831 1186 1886; x_wconf 82' lang='lat' dir='ltr'><strong>nobis</strong></span> <span class='ocrx_word' id='word_1_233' title='bbox 1234 1833 1496 1903; x_wconf 78' lang='lat' dir='ltr'><strong>religione</strong></span> <span class='ocrx_word' id='word_1_234' title='bbox 1540 1843 1749 1900; x_wconf 88' lang='lat' dir='ltr'><strong>nostra,</strong></span> 
     </span>
    </p>
   </div>
   <div class='ocr_carea' id='block_1_38' title="bbox 201 1924 1751 1996">
    <p class='ocr_par' dir='ltr' id='par_1_38' title="bbox 201 1924 1751 1996">
     <span class='ocr_line' id='line_1_38' title="bbox 201 1924 1751 1996; baseline 0.005 -19"><span class='ocrx_word' id='word_1_235' title='bbox 201 1933 260 1978; x_wconf 88' lang='lat' dir='ltr'><strong>ut</strong></span> <span class='ocrx_word' id='word_1_236' title='bbox 285 1925 539 1994; x_wconf 84' lang='lat' dir='ltr'><strong>templum</strong></span> <span class='ocrx_word' id='word_1_237' title='bbox 575 1924 628 1978; x_wconf 93' lang='lat' dir='ltr'><strong>in</strong></span> <span class='ocrx_word' id='word_1_238' title='bbox 671 1939 782 1994; x_wconf 91' lang='lat' dir='ltr'><strong>quo</strong></span> <span class='ocrx_word' id='word_1_239' title='bbox 827 1926 1135 1989; x_wconf 79' lang='lat' dir='ltr'><strong>oravimus,</strong></span> <span class='ocrx_word' id='word_1_240' title='bbox 1169 1926 1234 1980; x_wconf 91' lang='lat' dir='ltr'><strong>ad</strong></span> <span class='ocrx_word' id='word_1_241' title='bbox 1270 1941 1458 1996; x_wconf 84' lang='lat' dir='ltr'><strong>preces</strong></span> <span class='ocrx_word' id='word_1_242' title='bbox 1489 1941 1751 1984; x_wconf 76' lang='lat' dir='ltr'><strong>Convoca-</strong></span> 
     </span>
    </p>
   </div>
   <div class='ocr_carea' id='block_1_39' title="bbox 197 2014 1747 2085">
    <p class='ocr_par' dir='ltr' id='par_1_39' title="bbox 197 2014 1747 2085">
     <span class='ocr_line' id='line_1_39' title="bbox 197 2014 1747 2085; baseline 0.003 -18"><span class='ocrx_word' id='word_1_243' title='bbox 197 2015 393 2080; x_wconf 87' lang='lat' dir='ltr'><strong>vimus,</strong></span> <span class='ocrx_word' id='word_1_244' title='bbox 426 2024 480 2068; x_wconf 89' lang='lat' dir='ltr'><strong>et</strong></span> <span class='ocrx_word' id='word_1_245' title='bbox 505 2015 882 2080; x_wconf 79' lang='lat' dir='ltr'><strong>convenimus,</strong></span> <span class='ocrx_word' id='word_1_246' title='bbox 916 2014 1224 2079; x_wconf 86' lang='lat' dir='ltr'><strong>diruamus,</strong></span> <span class='ocrx_word' id='word_1_247' title='bbox 1260 2031 1598 2085; x_wconf 87' lang='lat' dir='ltr'><strong>nequaquam</strong></span> <span class='ocrx_word' id='word_1_248' title='bbox 1645 2018 1747 2072; x_wconf 87' lang='lat' dir='ltr'><strong>hoc</strong></span> 
     </span>
    </p>
   </div>
   <div class='ocr_carea' id='block_1_40' title="bbox 197 2104 1749 2177">
    <p class='ocr_par' dir='ltr' id='par_1_40' title="bbox 197 2104 1749 2177">
     <span class='ocr_line' id='line_1_40' title="bbox 197 2104 1749 2177; baseline 0.002 -17"><span class='ocrx_word' id='word_1_249' title='bbox 197 2106 456 2177; x_wconf 87' lang='lat' dir='ltr'><strong>permittit</strong></span> <span class='ocrx_word' id='word_1_250' title='bbox 499 2104 690 2175; x_wconf 75' lang='lat' dir='ltr'><strong>religio</strong></span> <span class='ocrx_word' id='word_1_251' title='bbox 741 2117 974 2159; x_wconf 86' lang='lat' dir='ltr'><strong>nostra:</strong></span> <span class='ocrx_word' id='word_1_252' title='bbox 1021 2121 1087 2160; x_wconf 91' lang='lat' dir='ltr'><strong>eo</strong></span> <span class='ocrx_word' id='word_1_253' title='bbox 1135 2123 1262 2177; x_wconf 88' lang='lat' dir='ltr'><strong>ergo</strong></span> <span class='ocrx_word' id='word_1_254' title='bbox 1317 2122 1425 2177; x_wconf 91' lang='lat' dir='ltr'><strong>quo</strong></span> <span class='ocrx_word' id='word_1_255' title='bbox 1472 2123 1531 2163; x_wconf 87' lang='lat' dir='ltr'><strong>se</strong></span> <span class='ocrx_word' id='word_1_256' title='bbox 1563 2108 1749 2163; x_wconf 84' lang='lat' dir='ltr'><strong>habuit</strong></span> 
     </span>
    </p>
   </div>
   <div class='ocr_carea' id='block_1_41' title="bbox 197 2195 1747 2268">
    <p class='ocr_par' dir='ltr' id='par_1_41' title="bbox 197 2195 1747 2268">
     <span class='ocr_line' id='line_1_41' title="bbox 197 2195 1747 2268; baseline 0.001 -16"><span class='ocrx_word' id='word_1_257' title='bbox 197 2206 335 2252; x_wconf 83' lang='lat' dir='ltr'><strong>statu</strong></span> <span class='ocrx_word' id='word_1_258' title='bbox 364 2197 609 2251; x_wconf 90' lang='lat' dir='ltr'><strong>relictum</strong></span> <span class='ocrx_word' id='word_1_259' title='bbox 639 2205 724 2252; x_wconf 90' lang='lat' dir='ltr'><strong>est</strong></span> <span class='ocrx_word' id='word_1_260' title='bbox 769 2195 1124 2268; x_wconf 59' lang='lat'><strong>533-435</strong></span> <span class='ocrx_word' id='word_1_261' title='bbox 1161 2198 1444 2267; x_wconf 87' lang='lat' dir='ltr'><strong>templum;</strong></span> <span class='ocrx_word' id='word_1_262' title='bbox 1481 2206 1640 2268; x_wconf 88' lang='lat' dir='ltr'><strong>atque</strong></span> <span class='ocrx_word' id='word_1_263' title='bbox 1673 2199 1747 2253; x_wconf 88' lang='lat' dir='ltr'><strong>ita</strong></span> 
     </span>
    </p>
   </div>
   <div class='ocr_carea' id='block_1_42' title="bbox 198 2285 1740 2358">
    <p class='ocr_par' dir='ltr' id='par_1_42' title="bbox 198 2285 1740 2358">
     <span class='ocr_line' id='line_1_42' title="bbox 198 2285 1740 2358; baseline 0.003 -19"><span class='ocrx_word' id='word_1_264' title='bbox 198 2286 350 2342; x_wconf 60' lang='lat' dir='ltr'><strong>Bura!</strong></span> <span class='ocrx_word' id='word_1_265' title='bbox 399 2286 506 2342; x_wconf 80' lang='lat' dir='ltr'><strong>duo</strong></span> <span class='ocrx_word' id='word_1_266' title='bbox 535 2286 754 2342; x_wconf 82' lang='lat' dir='ltr'><strong>fuerunt</strong></span> <span class='ocrx_word' id='word_1_267' title='bbox 793 2289 989 2356; x_wconf 89' lang='lat' dir='ltr'><strong>templa</strong></span> <span class='ocrx_word' id='word_1_268' title='bbox 1039 2288 1092 2340; x_wconf 92' lang='lat' dir='ltr'><strong>in</strong></span> <span class='ocrx_word' id='word_1_269' title='bbox 1135 2285 1332 2357; x_wconf 81' lang='lat' dir='ltr'><strong>quibus</strong></span> <span class='ocrx_word' id='word_1_270' title='bbox 1361 2291 1740 2358; x_wconf 79' lang='lat' dir='ltr'><strong>convenirent;</strong></span> 
     </span>
    </p>
   </div>
   <div class='ocr_carea' id='block_1_43' title="bbox 197 2376 1740 2450">
    <p class='ocr_par' dir='ltr' id='par_1_43' title="bbox 197 2376 1740 2450">
     <span class='ocr_line' id='line_1_43' title="bbox 197 2376 1740 2450; baseline -0.001 -19"><span class='ocrx_word' id='word_1_271' title='bbox 197 2393 422 2450; x_wconf 85' lang='lat' dir='ltr'><strong>quorum</strong></span> <span class='ocrx_word' id='word_1_272' title='bbox 462 2379 519 2432; x_wconf 93' lang='lat' dir='ltr'><strong>in</strong></span> <span class='ocrx_word' id='word_1_273' title='bbox 561 2377 665 2432; x_wconf 90' lang='lat' dir='ltr'><strong>hoc</strong></span> <span class='ocrx_word' id='word_1_274' title='bbox 700 2394 804 2432; x_wconf 87' lang='lat' dir='ltr'><strong>una</strong></span> <span class='ocrx_word' id='word_1_275' title='bbox 831 2378 918 2432; x_wconf 90' lang='lat' dir='ltr'><strong>die</strong></span> <span class='ocrx_word' id='word_1_276' title='bbox 947 2376 1193 2440; x_wconf 83' lang='lat' dir='ltr'><strong>Veneris,</strong></span> <span class='ocrx_word' id='word_1_277' title='bbox 1224 2378 1276 2432; x_wconf 92' lang='lat' dir='ltr'><strong>in</strong></span> <span class='ocrx_word' id='word_1_278' title='bbox 1308 2379 1399 2433; x_wconf 91' lang='lat' dir='ltr'><strong>illo</strong></span> <span class='ocrx_word' id='word_1_279' title='bbox 1431 2379 1740 2434; x_wconf 44' lang='lat' dir='ltr'><strong>altera&#39;oraa</strong></span> 
     </span>
    </p>
   </div>
   <div class='ocr_carea' id='block_1_44' title="bbox 197 2461 1739 2532">
    <p class='ocr_par' dir='ltr' id='par_1_44' title="bbox 197 2461 1739 2532">
     <span class='ocr_line' id='line_1_44' title="bbox 197 2461 1739 2532; baseline -0.001 -9"><span class='ocrx_word' id='word_1_280' title='bbox 197 2472 341 2523; x_wconf 88' lang='lat' dir='ltr'><strong>bant.</strong></span> <span class='ocrx_word' id='word_1_281' title='bbox 375 2468 641 2522; x_wconf 84' lang='lat' dir='ltr'><strong>Bocamus</strong></span> <span class='ocrx_word' id='word_1_282' title='bbox 673 2482 824 2530; x_wconf 87' lang='lat' dir='ltr'><strong>vero,</strong></span> <span class='ocrx_word' id='word_1_283' title='bbox 847 2482 968 2522; x_wconf 90' lang='lat' dir='ltr'><strong>cum</strong></span> <span class='ocrx_word' id='word_1_284' title='bbox 995 2475 1136 2522; x_wconf 89' lang='lat' dir='ltr'><strong>esset</strong></span> <span class='ocrx_word' id='word_1_285' title='bbox 1162 2467 1279 2522; x_wconf 91' lang='lat' dir='ltr'><strong>dies</strong></span> <span class='ocrx_word' id='word_1_286' title='bbox 1303 2461 1545 2532; x_wconf 83' lang='lat' dir='ltr'><strong>Veneris,</strong></span> <span class='ocrx_word' id='word_1_287' title='bbox 1571 2470 1739 2523; x_wconf 88' lang='lat' dir='ltr'><strong>vesti-</strong></span> 
     </span>
    </p>
   </div>
   <div class='ocr_carea' id='block_1_45' title="bbox 197 2557 1745 2629">
    <p class='ocr_par' dir='ltr' id='par_1_45' title="bbox 197 2557 1745 2629">
     <span class='ocr_line' id='line_1_45' title="bbox 197 2557 1745 2629; baseline 0.001 -15"><span class='ocrx_word' id='word_1_288' title='bbox 197 2561 297 2616; x_wconf 86' lang='lat' dir='ltr'><strong>bus</strong></span> <span class='ocrx_word' id='word_1_289' title='bbox 343 2558 511 2629; x_wconf 77' lang='lat' dir='ltr'><strong>nigris</strong></span> <span class='ocrx_word' id='word_1_290' title='bbox 557 2557 825 2620; x_wconf 89' lang='lat' dir='ltr'><strong>indutus,</strong></span> <span class='ocrx_word' id='word_1_291' title='bbox 875 2559 1159 2628; x_wconf 78' lang='lat' dir='ltr'><strong>gladioque</strong></span> <span class='ocrx_word' id='word_1_292' title='bbox 1204 2573 1268 2613; x_wconf 88' lang='lat' dir='ltr'><strong>ac</strong></span> <span class='ocrx_word' id='word_1_293' title='bbox 1315 2558 1493 2614; x_wconf 91' lang='lat' dir='ltr'><strong>balteo</strong></span> <span class='ocrx_word' id='word_1_294' title='bbox 1532 2559 1745 2616; x_wconf 81' lang='lat' dir='ltr'><strong>cinctus</strong></span> 
     </span>
    </p>
   </div>
   <div class='ocr_carea' id='block_1_46' title="bbox 195 2649 1746 2720">
    <p class='ocr_par' dir='ltr' id='par_1_46' title="bbox 195 2649 1746 2720">
     <span class='ocr_line' id='line_1_46' title="bbox 195 2649 1746 2720; baseline 0 -15"><span class='ocrx_word' id='word_1_295' title='bbox 195 2665 335 2719; x_wconf 88' lang='lat' dir='ltr'><strong>equo</strong></span> <span class='ocrx_word' id='word_1_296' title='bbox 370 2650 691 2712; x_wconf 77' lang='lat' dir='ltr'><strong>vehebatur,</strong></span> <span class='ocrx_word' id='word_1_297' title='bbox 728 2649 1020 2704; x_wconf 88' lang='lat' dir='ltr'><strong>comitibus</strong></span> <span class='ocrx_word' id='word_1_298' title='bbox 1067 2650 1181 2704; x_wconf 90' lang='lat' dir='ltr'><strong>suis</strong></span> <span class='ocrx_word' id='word_1_299' title='bbox 1232 2650 1484 2720; x_wconf 87' lang='lat' dir='ltr'><strong>stipatus,</strong></span> <span class='ocrx_word' id='word_1_300' title='bbox 1512 2664 1746 2720; x_wconf 85' lang='lat' dir='ltr'><strong>cumque</strong></span> 
     </span>
    </p>
   </div>
   <div class='ocr_carea' id='block_1_47' title="bbox 195 2739 1746 2811">
    <p class='ocr_par' dir='ltr' id='par_1_47' title="bbox 195 2739 1746 2811">
     <span class='ocr_line' id='line_1_47' title="bbox 195 2739 1746 2811; baseline 0.002 -16"><span class='ocrx_word' id='word_1_301' title='bbox 195 2742 261 2796; x_wconf 82' lang='lat' dir='ltr'><strong>ad</strong></span> <span class='ocrx_word' id='word_1_302' title='bbox 293 2741 542 2811; x_wconf 91' lang='lat' dir='ltr'><strong>templum</strong></span> <span class='ocrx_word' id='word_1_303' title='bbox 573 2741 810 2796; x_wconf 87' lang='lat' dir='ltr'><strong>venisset</strong></span> <span class='ocrx_word' id='word_1_304' title='bbox 837 2741 909 2795; x_wconf 93' lang='lat' dir='ltr'><strong>ibi</strong></span> <span class='ocrx_word' id='word_1_305' title='bbox 939 2739 1263 2806; x_wconf 86' lang='lat' dir='ltr'><strong>sustinebat,</strong></span> <span class='ocrx_word' id='word_1_306' title='bbox 1294 2740 1624 2810; x_wconf 79' lang='lat' dir='ltr'><strong>ingrediente</strong></span> <span class='ocrx_word' id='word_1_307' title='bbox 1649 2742 1746 2798; x_wconf 85' lang='lat' dir='ltr'><strong>de-</strong></span> 
     </span>
    </p>
   </div>
   <div class='ocr_carea' id='block_1_48' title="bbox 196 2831 1746 2903">
    <p class='ocr_par' dir='ltr' id='par_1_48' title="bbox 196 2831 1746 2903">
     <span class='ocr_line' id='line_1_48' title="bbox 196 2831 1746 2903; baseline 0 -17"><span class='ocrx_word' id='word_1_308' title='bbox 196 2843 382 2903; x_wconf 87' lang='lat' dir='ltr'><strong>putato</strong></span> <span class='ocrx_word' id='word_1_309' title='bbox 418 2833 610 2903; x_wconf 87' lang='lat' dir='ltr'><strong>ipsius,</strong></span> <span class='ocrx_word' id='word_1_310' title='bbox 658 2833 749 2902; x_wconf 86' lang='lat' dir='ltr'><strong>qui</strong></span> <span class='ocrx_word' id='word_1_311' title='bbox 808 2831 1288 2887; x_wconf 61' lang='lat' dir='ltr'><strong>hiohammedanus</strong></span> <span class='ocrx_word' id='word_1_312' title='bbox 1339 2832 1458 2897; x_wconf 82' lang='lat' dir='ltr'><strong>fuit,</strong></span> <span class='ocrx_word' id='word_1_313' title='bbox 1513 2841 1573 2888; x_wconf 90' lang='lat' dir='ltr'><strong>ut</strong></span> <span class='ocrx_word' id='word_1_314' title='bbox 1619 2847 1746 2887; x_wconf 91' lang='lat' dir='ltr'><strong>cum</strong></span> 
     </span>
    </p>
   </div>
   <div class='ocr_carea' id='block_1_49' title="bbox 193 2923 1746 3001">
    <p class='ocr_par' dir='ltr' id='par_1_49' title="bbox 193 2923 1746 3001">
     <span class='ocr_line' id='line_1_49' title="bbox 193 2923 1746 3001; baseline 0.001 -24"><span class='ocrx_word' id='word_1_315' title='bbox 193 2923 396 2995; x_wconf 87' lang='lat' dir='ltr'><strong>populo</strong></span> <span class='ocrx_word' id='word_1_316' title='bbox 442 2933 646 2988; x_wconf 88' lang='lat' dir='ltr'><strong>oraret,</strong></span> <span class='ocrx_word' id='word_1_317' title='bbox 677 2933 739 2978; x_wconf 89' lang='lat' dir='ltr'><strong>et</strong></span> <span class='ocrx_word' id='word_1_318' title='bbox 766 2923 976 2978; x_wconf 66' lang='lat' dir='ltr'><strong>clialilte</strong></span> <span class='ocrx_word' id='word_1_319' title='bbox 1023 2925 1242 2979; x_wconf 90' lang='lat' dir='ltr'><strong>nomine</strong></span> <span class='ocrx_word' id='word_1_320' title='bbox 1267 2931 1584 3001; x_wconf 78' lang='lat' dir='ltr'><strong>memorato</strong></span> <span class='ocrx_word' id='word_1_321' title='bbox 1613 2939 1746 2979; x_wconf 88' lang='lat' dir='ltr'><strong>con-</strong></span> 
     </span>
    </p>
   </div>
   <div class='ocr_carea' id='block_1_50' title="bbox 193 3016 1756 3088">
    <p class='ocr_par' dir='ltr' id='par_1_50' title="bbox 193 3016 1756 3088">
     <span class='ocr_line' id='line_1_50' title="bbox 193 3016 1756 3088; baseline 0.002 -17"><span class='ocrx_word' id='word_1_322' title='bbox 193 3017 406 3073; x_wconf 83' lang='lat' dir='ltr'><strong>cionem</strong></span> <span class='ocrx_word' id='word_1_323' title='bbox 426 3017 677 3081; x_wconf 88' lang='lat' dir='ltr'><strong>haberet;</strong></span> <span class='ocrx_word' id='word_1_324' title='bbox 707 3031 768 3071; x_wconf 90' lang='lat' dir='ltr'><strong>ac</strong></span> <span class='ocrx_word' id='word_1_325' title='bbox 789 3025 900 3071; x_wconf 93' lang='lat' dir='ltr'><strong>tum</strong></span> <span class='ocrx_word' id='word_1_326' title='bbox 933 3016 1000 3073; x_wconf 92' lang='lat' dir='ltr'><strong>ad</strong></span> <span class='ocrx_word' id='word_1_327' title='bbox 1023 3017 1194 3087; x_wconf 89' lang='lat' dir='ltr'><strong>ipsum</strong></span> <span class='ocrx_word' id='word_1_328' title='bbox 1217 3016 1544 3088; x_wconf 89' lang='lat' dir='ltr'><strong>egrediente.</strong></span> <span class='ocrx_word' id='word_1_329' title='bbox 1569 3016 1756 3088; x_wconf 85' lang='lat' dir='ltr'><strong>Neque</strong></span> 
     </span>
    </p>
   </div>
   <div class='ocr_carea' id='block_1_51' title="bbox 194 3109 1755 3185">
    <p class='ocr_par' dir='ltr' id='par_1_51' title="bbox 194 3109 1755 3185">
     <span class='ocr_line' id='line_1_51' title="bbox 194 3109 1755 3185; baseline 0.005 -23"><span class='ocrx_word' id='word_1_330' title='bbox 194 3111 473 3167; x_wconf 82' lang='lat' dir='ltr'><strong>desierunt</strong></span> <span class='ocrx_word' id='word_1_331' title='bbox 493 3109 784 3165; x_wconf 82' lang='lat' dir='ltr'><strong>Christiani</strong></span> <span class='ocrx_word' id='word_1_332' title='bbox 824 3121 997 3176; x_wconf 79' lang='lat' dir='ltr'><strong>vestes</strong></span> <span class='ocrx_word' id='word_1_333' title='bbox 1024 3111 1207 3182; x_wconf 90' lang='lat' dir='ltr'><strong>nigras</strong></span> <span class='ocrx_word' id='word_1_334' title='bbox 1229 3111 1475 3177; x_wconf 83' lang='lat' dir='ltr'><strong>induere,</strong></span> <span class='ocrx_word' id='word_1_335' title='bbox 1510 3127 1571 3168; x_wconf 89' lang='lat' dir='ltr'><strong>ac</strong></span> <span class='ocrx_word' id='word_1_336' title='bbox 1599 3114 1755 3185; x_wconf 82' lang='lat' dir='ltr'><strong>equis</strong></span> 
     </span>
    </p>
   </div>
   <div class='ocr_carea' id='block_1_52' title="bbox 195 3199 1751 3271">
    <p class='ocr_par' dir='ltr' id='par_1_52' title="bbox 195 3199 1751 3271">
     <span class='ocr_line' id='line_1_52' title="bbox 195 3199 1751 3271; baseline 0.004 -18"><span class='ocrx_word' id='word_1_337' title='bbox 195 3201 341 3271; x_wconf 79' lang='lat' dir='ltr'><strong>vehi,</strong></span> <span class='ocrx_word' id='word_1_338' title='bbox 375 3215 547 3271; x_wconf 79' lang='lat' dir='ltr'><strong>usque</strong></span> <span class='ocrx_word' id='word_1_339' title='bbox 572 3199 636 3256; x_wconf 90' lang='lat' dir='ltr'><strong>ad</strong></span> <span class='ocrx_word' id='word_1_340' title='bbox 669 3208 881 3270; x_wconf 87' lang='lat' dir='ltr'><strong>tempus</strong></span> <span class='ocrx_word' id='word_1_341' title='bbox 911 3201 974 3266; x_wconf 86' lang='lat' dir='ltr'><strong>Al</strong></span> <span class='ocrx_word' id='word_1_342' title='bbox 1003 3200 1387 3258; x_wconf 63' lang='lat' dir='ltr'><strong>ilotavracceli.</strong></span> <span class='ocrx_word' id='word_1_343' title='bbox 1449 3204 1751 3260; x_wconf 81' lang='lat' dir='ltr'><strong>Reversus-</strong></span> 
     </span>
    </p>
   </div>
   <div class='ocr_carea' id='block_1_53' title="bbox 192 3292 1745 3363">
    <p class='ocr_par' dir='ltr' id='par_1_53' title="bbox 192 3292 1745 3363">
     <span class='ocr_line' id='line_1_53' title="bbox 192 3292 1745 3363; baseline 0.002 -17"><span class='ocrx_word' id='word_1_344' title='bbox 192 3308 307 3360; x_wconf 79' lang='lat' dir='ltr'><strong>que</strong></span> <span class='ocrx_word' id='word_1_345' title='bbox 332 3304 415 3347; x_wconf 90' lang='lat' dir='ltr'><strong>est</strong></span> <span class='ocrx_word' id='word_1_346' title='bbox 436 3294 498 3346; x_wconf 81' lang='lat' dir='ltr'><strong>Al</strong></span> <span class='ocrx_word' id='word_1_347' title='bbox 524 3292 737 3346; x_wconf 77' lang='lat' dir='ltr'><strong>Manum</strong></span> <span class='ocrx_word' id='word_1_348' title='bbox 778 3293 1109 3362; x_wconf 82' lang='lat' dir='ltr'><strong>Bagdadum.</strong></span> <span class='ocrx_word' id='word_1_349' title='bbox 1132 3293 1745 3363; x_wconf 89' lang='lat' dir='ltr'><strong>Constantinus‘autem,</strong></span> 
     </span>
    </p>
   </div>
   <div class='ocr_carea' id='block_1_54' title="bbox 193 3379 1743 3454">
    <p class='ocr_par' dir='ltr' id='par_1_54' title="bbox 193 3379 1743 3454">
     <span class='ocr_line' id='line_1_54' title="bbox 193 3379 1743 3454; baseline 0.002 -18"><span class='ocrx_word' id='word_1_350' title='bbox 193 3379 560 3452; x_wconf 68' lang='lat' dir='ltr'><strong>Nicephorum</strong></span> <span class='ocrx_word' id='word_1_351' title='bbox 609 3381 891 3437; x_wconf 83' lang='lat' dir='ltr'><strong>Estabraki</strong></span> <span class='ocrx_word' id='word_1_352' title='bbox 944 3383 1112 3438; x_wconf 85' lang='lat' dir='ltr'><strong>tilium</strong></span> <span class='ocrx_word' id='word_1_353' title='bbox 1158 3397 1472 3454; x_wconf 88' lang='lat' dir='ltr'><strong>superatum</strong></span> <span class='ocrx_word' id='word_1_354' title='bbox 1525 3399 1645 3439; x_wconf 90' lang='lat' dir='ltr'><strong>cum</strong></span> <span class='ocrx_word' id='word_1_355' title='bbox 1691 3385 1743 3439; x_wconf 93' lang='lat' dir='ltr'><strong>in</strong></span> 
     </span>
    </p>
   </div>
   <div class='ocr_carea' id='block_1_55' title="bbox 194 3472 1749 3552">
    <p class='ocr_par' dir='ltr' id='par_1_55' title="bbox 194 3472 1749 3552">
     <span class='ocr_line' id='line_1_55' title="bbox 194 3472 1749 3552; baseline 0 -22"><span class='ocrx_word' id='word_1_356' title='bbox 194 3483 712 3552; x_wconf 59' lang='lat' dir='ltr'><strong>petestatemsuam</strong></span> <span class='ocrx_word' id='word_1_357' title='bbox 765 3473 1096 3543; x_wconf 82' lang='lat' dir='ltr'><strong>redegisset,</strong></span> <span class='ocrx_word' id='word_1_358' title='bbox 1148 3472 1406 3530; x_wconf 79' lang='lat' dir='ltr'><strong>Romanis</strong></span> <span class='ocrx_word' id='word_1_359' title='bbox 1445 3475 1749 3545; x_wconf 89' lang='lat' dir='ltr'><strong>imperavit.</strong></span> 
     </span>
    </p>
   </div>
   <div class='ocr_carea' id='block_1_56' title="bbox 190 3563 1755 3635">
    <p class='ocr_par' dir='ltr' id='par_1_56' title="bbox 190 3563 1755 3635">
     <span class='ocr_line' id='line_1_56' title="bbox 190 3563 1755 3635; baseline 0.001 -16"><span class='ocrx_word' id='word_1_360' title='bbox 190 3563 366 3619; x_wconf 70' lang='lat' dir='ltr'><strong>Porro</strong></span> <span class='ocrx_word' id='word_1_361' title='bbox 393 3565 458 3618; x_wconf 85' lang='lat' dir='ltr'><strong>Al</strong></span> <span class='ocrx_word' id='word_1_362' title='bbox 481 3564 719 3628; x_wconf 73' lang='lat' dir='ltr'><strong>Mamun,</strong></span> <span class='ocrx_word' id='word_1_363' title='bbox 751 3573 862 3618; x_wconf 89' lang='lat' dir='ltr'><strong>tres</strong></span> <span class='ocrx_word' id='word_1_364' title='bbox 896 3565 950 3617; x_wconf 90' lang='lat' dir='ltr'><strong>in</strong></span> <span class='ocrx_word' id='word_1_365' title='bbox 1007 3568 1190 3619; x_wconf 86' lang='lat' dir='ltr'><strong>hostes</strong></span> <span class='ocrx_word' id='word_1_366' title='bbox 1227 3565 1602 3634; x_wconf 82' lang='lat' dir='ltr'><strong>expeditiones</strong></span> <span class='ocrx_word' id='word_1_367' title='bbox 1633 3581 1755 3635; x_wconf 87' lang='lat' dir='ltr'><strong>sus-</strong></span> 
     </span>
    </p>
   </div>
   <div class='ocr_carea' id='block_1_57' title="bbox 1854 1753 3405 1827">
    <p class='ocr_par' dir='ltr' id='par_1_57' title="bbox 1854 1753 3405 1827">
     <span class='ocr_line' id='line_1_57' title="bbox 1854 1753 3405 1827; baseline 0.003 -19"><span class='ocrx_word' id='word_1_368' title='bbox 1854 1753 2183 1808; x_wconf 83' lang='lat' dir='ltr'><strong>exercitibus</strong></span> <span class='ocrx_word' id='word_1_369' title='bbox 2207 1755 2322 1809; x_wconf 84' lang='lat' dir='ltr'><strong>suis</strong></span> <span class='ocrx_word' id='word_1_370' title='bbox 2354 1755 2535 1811; x_wconf 85' lang='lat' dir='ltr'><strong>sedem</strong></span> <span class='ocrx_word' id='word_1_371' title='bbox 2563 1755 2715 1822; x_wconf 72' lang='lat' dir='ltr'><strong>fixit;</strong></span> <span class='ocrx_word' id='word_1_372' title='bbox 2751 1757 2918 1812; x_wconf 90' lang='lat' dir='ltr'><strong>misso</strong></span> <span class='ocrx_word' id='word_1_373' title='bbox 2949 1758 3231 1827; x_wconf 86' lang='lat' dir='ltr'><strong>Aphsbino</strong></span> <span class='ocrx_word' id='word_1_374' title='bbox 3259 1757 3405 1812; x_wconf 83' lang='lat' dir='ltr'><strong>Con-</strong></span> 
     </span>
    </p>
   </div>
   <div class='ocr_carea' id='block_1_58' title="bbox 1853 1843 3402 1921">
    <p class='ocr_par' dir='ltr' id='par_1_58' title="bbox 1853 1843 3402 1921">
     <span class='ocr_line' id='line_1_58' title="bbox 1853 1843 3402 1921; baseline 0.001 -23"><span class='ocrx_word' id='word_1_375' title='bbox 1853 1843 2020 1899; x_wconf 91' lang='lat' dir='ltr'><strong>darao</strong></span> <span class='ocrx_word' id='word_1_376' title='bbox 2073 1845 2191 1900; x_wconf 85' lang='lat' dir='ltr'><strong>Ebn</strong></span> <span class='ocrx_word' id='word_1_377' title='bbox 2243 1844 2405 1921; x_wconf 79' lang='lat' dir='ltr'><strong>Caqu</strong></span> <span class='ocrx_word' id='word_1_378' title='bbox 2455 1854 2645 1901; x_wconf 89' lang='lat' dir='ltr'><strong>contra</strong></span> <span class='ocrx_word' id='word_1_379' title='bbox 2699 1847 2971 1903; x_wconf 79' lang='lat' dir='ltr'><strong>Tabacum</strong></span> <span class='ocrx_word' id='word_1_380' title='bbox 3027 1849 3402 1903; x_wconf 89' lang='lat' dir='ltr'><strong>Iormensem:</strong></span> 
     </span>
    </p>
   </div>
   <div class='ocr_carea' id='block_1_59' title="bbox 1852 1935 3404 2009">
    <p class='ocr_par' dir='ltr' id='par_1_59' title="bbox 1852 1935 3404 2009">
     <span class='ocr_line' id='line_1_59' title="bbox 1852 1935 3404 2009; baseline 0 -18"><span class='ocrx_word' id='word_1_381' title='bbox 1852 1935 2010 2006; x_wconf 87' lang='lat' dir='ltr'><strong>cujus</strong></span> <span class='ocrx_word' id='word_1_382' title='bbox 2042 1937 2174 1993; x_wconf 89' lang='lat' dir='ltr'><strong>urbe</strong></span> <span class='ocrx_word' id='word_1_383' title='bbox 2223 1946 2523 2009; x_wconf 83' lang='lat' dir='ltr'><strong>expugnata</strong></span> <span class='ocrx_word' id='word_1_384' title='bbox 2581 1938 2760 2008; x_wconf 88' lang='lat' dir='ltr'><strong>ipsum</strong></span> <span class='ocrx_word' id='word_1_385' title='bbox 2793 1939 3030 1994; x_wconf 90' lang='lat' dir='ltr'><strong>vinctum</strong></span> <span class='ocrx_word' id='word_1_386' title='bbox 3068 1956 3190 1994; x_wconf 89' lang='lat' dir='ltr'><strong>cum</strong></span> <span class='ocrx_word' id='word_1_387' title='bbox 3240 1941 3404 1994; x_wconf 83' lang='lat' dir='ltr'><strong>sociis</strong></span> 
     </span>
    </p>
   </div>
   <div class='ocr_carea' id='block_1_60' title="bbox 1851 2024 3405 2100">
    <p class='ocr_par' dir='ltr' id='par_1_60' title="bbox 1851 2024 3405 2100">
     <span class='ocr_line' id='line_1_60' title="bbox 1851 2024 3405 2100; baseline 0 -16"><span class='ocrx_word' id='word_1_388' title='bbox 1851 2029 1966 2084; x_wconf 90' lang='lat' dir='ltr'><strong>suis</strong></span> <span class='ocrx_word' id='word_1_389' title='bbox 1999 2029 2243 2085; x_wconf 85' lang='lat' dir='ltr'><strong>abduxit.</strong></span> <span class='ocrx_word' id='word_1_390' title='bbox 2292 2029 2414 2084; x_wconf 86' lang='lat' dir='ltr'><strong>Fuit</strong></span> <span class='ocrx_word' id='word_1_391' title='bbox 2455 2024 2787 2100; x_wconf 75' lang='lat' dir='ltr'><strong>expugnatio</strong></span> <span class='ocrx_word' id='word_1_392' title='bbox 2831 2033 2932 2084; x_wconf 83' lang='lat' dir='ltr'><strong>ista</strong></span> <span class='ocrx_word' id='word_1_393' title='bbox 2981 2046 3165 2085; x_wconf 89' lang='lat' dir='ltr'><strong>mense</strong></span> <span class='ocrx_word' id='word_1_394' title='bbox 3204 2030 3405 2084; x_wconf 70' lang='lat' dir='ltr'><strong>itania-</strong></span> 
     </span>
    </p>
   </div>
   <div class='ocr_carea' id='block_1_61' title="bbox 1851 2119 3402 2176">
    <p class='ocr_par' dir='ltr' id='par_1_61' title="bbox 1851 2119 3402 2176">
     <span class='ocr_line' id='line_1_61' title="bbox 1851 2119 3402 2176; baseline 0 -2"><span class='ocrx_word' id='word_1_395' title='bbox 1851 2119 1994 2174; x_wconf 90' lang='lat' dir='ltr'><strong>dano</strong></span> <span class='ocrx_word' id='word_1_396' title='bbox 2009 2119 2134 2174; x_wconf 86' lang='lat' dir='ltr'><strong>anni</strong></span> <span class='ocrx_word' id='word_1_397' title='bbox 2158 2119 2512 2175; x_wconf 90' lang='lat' dir='ltr'><strong>ducentesimi</strong></span> <span class='ocrx_word' id='word_1_398' title='bbox 2538 2120 2774 2176; x_wconf 85' lang='lat' dir='ltr'><strong>vicesimi</strong></span> <span class='ocrx_word' id='word_1_399' title='bbox 2804 2121 3050 2176; x_wconf 89' lang='lat' dir='ltr'><strong>secundi.</strong></span> <span class='ocrx_word' id='word_1_400' title='bbox 3074 2120 3220 2176; x_wconf 78' lang='lat' dir='ltr'><strong>Misit</strong></span> <span class='ocrx_word' id='word_1_401' title='bbox 3241 2121 3402 2176; x_wconf 88' lang='lat' dir='ltr'><strong>etiam</strong></span> 
     </span>
    </p>
   </div>
   <div class='ocr_carea' id='block_1_62' title="bbox 1851 2207 3405 2284">
    <p class='ocr_par' dir='ltr' id='par_1_62' title="bbox 1851 2207 3405 2284">
     <span class='ocr_line' id='line_1_62' title="bbox 1851 2207 3405 2284; baseline 0.002 -22"><span class='ocrx_word' id='word_1_402' title='bbox 1851 2209 2050 2284; x_wconf 78' lang='lat' dir='ltr'><strong>Ajil&#39;um</strong></span> <span class='ocrx_word' id='word_1_403' title='bbox 2081 2207 2197 2262; x_wconf 86' lang='lat' dir='ltr'><strong>Ebn</strong></span> <span class='ocrx_word' id='word_1_404' title='bbox 2241 2210 2472 2263; x_wconf 78' lang='lat' dir='ltr'><strong>Anbasa:</strong></span> <span class='ocrx_word' id='word_1_405' title='bbox 2503 2218 2692 2263; x_wconf 88' lang='lat' dir='ltr'><strong>contra</strong></span> <span class='ocrx_word' id='word_1_406' title='bbox 2757 2209 2821 2262; x_wconf 82' lang='lat' dir='ltr'><strong>Al</strong></span> <span class='ocrx_word' id='word_1_407' title='bbox 2849 2210 3058 2275; x_wconf 87' lang='lat' dir='ltr'><strong>Zottos,</strong></span> <span class='ocrx_word' id='word_1_408' title='bbox 3107 2212 3198 2279; x_wconf 87' lang='lat' dir='ltr'><strong>qui</strong></span> <span class='ocrx_word' id='word_1_409' title='bbox 3244 2211 3297 2264; x_wconf 90' lang='lat' dir='ltr'><strong>iu</strong></span> <span class='ocrx_word' id='word_1_410' title='bbox 3339 2211 3405 2266; x_wconf 85' lang='lat' dir='ltr'><strong>Al</strong></span> 
     </span>
    </p>
   </div>
   <div class='ocr_carea' id='block_1_63' title="bbox 1853 2297 3407 2373">
    <p class='ocr_par' dir='ltr' id='par_1_63' title="bbox 1853 2297 3407 2373">
     <span class='ocr_line' id='line_1_63' title="bbox 1853 2297 3407 2373; baseline 0.001 -21"><span class='ocrx_word' id='word_1_411' title='bbox 1853 2298 2084 2368; x_wconf 80' lang='lat' dir='ltr'><strong>Batayeh</strong></span> <span class='ocrx_word' id='word_1_412' title='bbox 2113 2297 2420 2371; x_wconf 86' lang='lat' dir='ltr'><strong>[paludibus</strong></span> <span class='ocrx_word' id='word_1_413' title='bbox 2445 2301 2585 2356; x_wconf 89' lang='lat' dir='ltr'><strong>inter</strong></span> <span class='ocrx_word' id='word_1_414' title='bbox 2600 2300 2790 2355; x_wconf 83' lang='lat' dir='ltr'><strong>Waset</strong></span> <span class='ocrx_word' id='word_1_415' title='bbox 2815 2311 2868 2355; x_wconf 91' lang='lat' dir='ltr'><strong>ct</strong></span> <span class='ocrx_word' id='word_1_416' title='bbox 2895 2301 3145 2373; x_wconf 70' lang='lat' dir='ltr'><strong>Bas-ram}</strong></span> <span class='ocrx_word' id='word_1_417' title='bbox 3169 2303 3407 2371; x_wconf 86' lang='lat' dir='ltr'><strong>luerunt,</strong></span> 
     </span>
    </p>
   </div>
   <div class='ocr_carea' id='block_1_64' title="bbox 1853 2391 3405 2460">
    <p class='ocr_par' dir='ltr' id='par_1_64' title="bbox 1853 2391 3405 2460">
     <span class='ocr_line' id='line_1_64' title="bbox 1853 2391 3405 2460; baseline 0.003 -16"><span class='ocrx_word' id='word_1_418' title='bbox 1853 2404 1988 2460; x_wconf 90' lang='lat' dir='ltr'><strong>quos</strong></span> <span class='ocrx_word' id='word_1_419' title='bbox 2016 2391 2259 2460; x_wconf 86' lang='lat' dir='ltr'><strong>captivos</strong></span> <span class='ocrx_word' id='word_1_420' title='bbox 2291 2407 2477 2446; x_wconf 89' lang='lat' dir='ltr'><strong>secum</strong></span> <span class='ocrx_word' id='word_1_421' title='bbox 2527 2392 2774 2447; x_wconf 81' lang='lat' dir='ltr'><strong>abduxit.</strong></span> <span class='ocrx_word' id='word_1_422' title='bbox 2814 2391 3103 2446; x_wconf 70' lang='lat' dir='ltr'><strong>Albiaziad</strong></span> <span class='ocrx_word' id='word_1_423' title='bbox 3160 2394 3322 2448; x_wconf 86' lang='lat' dir='ltr'><strong>etiam</strong></span> <span class='ocrx_word' id='word_1_424' title='bbox 3357 2396 3405 2448; x_wconf 78' lang='lat' dir='ltr'><strong>vi</strong></span> 
     </span>
    </p>
   </div>
   <div class='ocr_carea' id='block_1_65' title="bbox 1850 2465 3405 2553">
    <p class='ocr_par' dir='ltr' id='par_1_65' title="bbox 1850 2465 3405 2553">
     <span class='ocr_line' id='line_1_65' title="bbox 1850 2465 3405 2553; baseline -0.001 -17"><span class='ocrx_word' id='word_1_425' title='bbox 1850 2465 2136 2550; x_wconf 78' lang='lat' dir='ltr'><strong>occupavit</strong></span> <span class='ocrx_word' id='word_1_426' title='bbox 2179 2480 2634 2538; x_wconf 82' lang='lat' dir='ltr'><strong>Tabarestanum.</strong></span> <span class='ocrx_word' id='word_1_427' title='bbox 2677 2484 2817 2538; x_wconf 76' lang='lat' dir='ltr'><strong>Misit</strong></span> <span class='ocrx_word' id='word_1_428' title='bbox 2872 2499 3001 2553; x_wconf 90' lang='lat' dir='ltr'><strong>ergo</strong></span> <span class='ocrx_word' id='word_1_429' title='bbox 3047 2485 3405 2540; x_wconf 80' lang='lat' dir='ltr'><strong>Abdollalium</strong></span> 
     </span>
    </p>
   </div>
   <div class='ocr_carea' id='block_1_66' title="bbox 1850 2573 3408 2646">
    <p class='ocr_par' dir='ltr' id='par_1_66' title="bbox 1850 2573 3408 2646">
     <span class='ocr_line' id='line_1_66' title="bbox 1850 2573 3408 2646; baseline 0.001 -18"><span class='ocrx_word' id='word_1_430' title='bbox 1850 2573 1963 2630; x_wconf 82' lang='lat' dir='ltr'><strong>Ebn</strong></span> <span class='ocrx_word' id='word_1_431' title='bbox 2014 2573 2284 2629; x_wconf 89' lang='lat' dir='ltr'><strong>Tdhaheri</strong></span> <span class='ocrx_word' id='word_1_432' title='bbox 2331 2589 2455 2630; x_wconf 90' lang='lat' dir='ltr'><strong>cum</strong></span> <span class='ocrx_word' id='word_1_433' title='bbox 2503 2583 2701 2646; x_wconf 83' lang='lat' dir='ltr'><strong>patruo</strong></span> <span class='ocrx_word' id='word_1_434' title='bbox 2747 2592 2848 2631; x_wconf 91' lang='lat' dir='ltr'><strong>suo</strong></span> <span class='ocrx_word' id='word_1_435' title='bbox 2901 2575 2966 2630; x_wconf 80' lang='lat' dir='ltr'><strong>Al</strong></span> <span class='ocrx_word' id='word_1_436' title='bbox 2996 2575 3172 2631; x_wconf 78' lang='lat' dir='ltr'><strong>liasen</strong></span> <span class='ocrx_word' id='word_1_437' title='bbox 3237 2577 3408 2630; x_wconf 85' lang='lat' dir='ltr'><strong>Ebnol</strong></span> 
     </span>
    </p>
   </div>
   <div class='ocr_carea' id='block_1_67' title="bbox 1852 2663 3410 2734">
    <p class='ocr_par' dir='ltr' id='par_1_67' title="bbox 1852 2663 3410 2734">
     <span class='ocr_line' id='line_1_67' title="bbox 1852 2663 3410 2734; baseline 0 -16"><span class='ocrx_word' id='word_1_438' title='bbox 1852 2663 2075 2728; x_wconf 83' lang='lat' dir='ltr'><strong>ilosain,</strong></span> <span class='ocrx_word' id='word_1_439' title='bbox 2105 2664 2198 2734; x_wconf 92' lang='lat' dir='ltr'><strong>qui</strong></span> <span class='ocrx_word' id='word_1_440' title='bbox 2229 2664 2407 2733; x_wconf 84' lang='lat' dir='ltr'><strong>ipsum</strong></span> <span class='ocrx_word' id='word_1_441' title='bbox 2437 2665 2793 2734; x_wconf 82' lang='lat' dir='ltr'><strong>compedibus</strong></span> <span class='ocrx_word' id='word_1_442' title='bbox 2821 2665 3063 2720; x_wconf 86' lang='lat' dir='ltr'><strong>vinctum</strong></span> <span class='ocrx_word' id='word_1_443' title='bbox 3114 2668 3178 2718; x_wconf 86' lang='lat' dir='ltr'><strong>a.l</strong></span> <span class='ocrx_word' id='word_1_444' title='bbox 3215 2667 3276 2717; x_wconf 85' lang='lat' dir='ltr'><strong>Al</strong></span> <span class='ocrx_word' id='word_1_445' title='bbox 3297 2665 3410 2718; x_wconf 72' lang='lat' dir='ltr'><strong>blo-</strong></span> 
     </span>
    </p>
   </div>
   <div class='ocr_carea' id='block_1_68' title="bbox 1853 2753 3408 2811">
    <p class='ocr_par' dir='ltr' id='par_1_68' title="bbox 1853 2753 3408 2811">
     <span class='ocr_line' id='line_1_68' title="bbox 1853 2753 3408 2811; baseline -0.002 -1"><span class='ocrx_word' id='word_1_446' title='bbox 1853 2767 2118 2811; x_wconf 87' lang='lat' dir='ltr'><strong>tasemum</strong></span> <span class='ocrx_word' id='word_1_447' title='bbox 2157 2755 2402 2810; x_wconf 89' lang='lat' dir='ltr'><strong>adduxit.</strong></span> <span class='ocrx_word' id='word_1_448' title='bbox 2448 2753 2677 2810; x_wconf 86' lang='lat' dir='ltr'><strong>intravit</strong></span> <span class='ocrx_word' id='word_1_449' title='bbox 2703 2754 2869 2811; x_wconf 85' lang='lat' dir='ltr'><strong>etiam</strong></span> <span class='ocrx_word' id='word_1_450' title='bbox 2920 2757 2984 2809; x_wconf 86' lang='lat' dir='ltr'><strong>Al</strong></span> <span class='ocrx_word' id='word_1_451' title='bbox 3008 2756 3265 2809; x_wconf 78' lang='lat' dir='ltr'><strong>Motasem</strong></span> <span class='ocrx_word' id='word_1_452' title='bbox 3301 2757 3408 2808; x_wconf 76' lang='lat' dir='ltr'><strong>lto-</strong></span> 
     </span>
    </p>
   </div>
   <div class='ocr_carea' id='block_1_69' title="bbox 1853 2834 3409 2917">
    <p class='ocr_par' dir='ltr' id='par_1_69' title="bbox 1853 2834 3409 2917">
     <span class='ocr_line' id='line_1_69' title="bbox 1853 2834 3409 2917; baseline 0 -17"><span class='ocrx_word' id='word_1_453' title='bbox 1853 2863 2135 2902; x_wconf 88' lang='lat' dir='ltr'><strong>manorum</strong></span> <span class='ocrx_word' id='word_1_454' title='bbox 2189 2846 2436 2916; x_wconf 77' lang='lat' dir='ltr'><strong>regiones</strong></span> <span class='ocrx_word' id='word_1_455' title='bbox 2483 2848 2630 2917; x_wconf 84' lang='lat' dir='ltr'><strong>ipsas</strong></span> <span class='ocrx_word' id='word_1_456' title='bbox 2659 2834 3066 2917; x_wconf 77' lang='lat' dir='ltr'><strong>expugnatum,</strong></span> <span class='ocrx_word' id='word_1_457' title='bbox 3115 2862 3409 2915; x_wconf 85' lang='lat' dir='ltr'><strong>secumque</strong></span> 
     </span>
    </p>
   </div>
   <div class='ocr_carea' id='block_1_70' title="bbox 1779 2926 3410 3022">
    <p class='ocr_par' dir='ltr' id='par_1_70' title="bbox 1779 2926 3410 3022">
     <span class='ocr_line' id='line_1_70' title="bbox 1779 2926 3410 3022; baseline 0 -30"><span class='ocrx_word' id='word_1_458' title='bbox 1779 2961 1824 3022; x_wconf 69' lang='grc' dir='ltr'>ο</span> <span class='ocrx_word' id='word_1_459' title='bbox 1854 2937 2078 2994; x_wconf 84' lang='lat' dir='ltr'><strong>abduxit</strong></span> <span class='ocrx_word' id='word_1_460' title='bbox 2107 2937 2290 2993; x_wconf 92' lang='lat' dir='ltr'><strong>Iobum</strong></span> <span class='ocrx_word' id='word_1_461' title='bbox 2314 2926 2614 2992; x_wconf 67' lang='lat' dir='ltr'><strong>Antiochiae</strong></span> <span class='ocrx_word' id='word_1_462' title='bbox 2638 2937 3022 3005; x_wconf 86' lang='lat' dir='ltr'><strong>patriarcham,</strong></span> <span class='ocrx_word' id='word_1_463' title='bbox 3055 2949 3108 2994; x_wconf 90' lang='lat' dir='ltr'><strong>et</strong></span> <span class='ocrx_word' id='word_1_464' title='bbox 3130 2939 3410 2993; x_wconf 76' lang='lat' dir='ltr'><strong>obsidione</strong></span> 
     </span>
    </p>
   </div>
   <div class='ocr_carea' id='block_1_71' title="bbox 1859 3023 3413 3098">
    <p class='ocr_par' dir='ltr' id='par_1_71' title="bbox 1859 3023 3413 3098">
     <span class='ocr_line' id='line_1_71' title="bbox 1859 3023 3413 3098; baseline 0 -18"><span class='ocrx_word' id='word_1_465' title='bbox 1859 3023 2026 3080; x_wconf 81' lang='lat' dir='ltr'><strong>cinxit</strong></span> <span class='ocrx_word' id='word_1_466' title='bbox 2056 3024 2241 3080; x_wconf 88' lang='lat' dir='ltr'><strong>urbem</strong></span> <span class='ocrx_word' id='word_1_467' title='bbox 2271 3024 2579 3096; x_wconf 80' lang='lat' dir='ltr'><strong>Ancyram;</strong></span> <span class='ocrx_word' id='word_1_468' title='bbox 2611 3025 2702 3080; x_wconf 82' lang='lat' dir='ltr'><strong>&#39;ubi</strong></span> <span class='ocrx_word' id='word_1_469' title='bbox 2733 3024 2894 3098; x_wconf 77' lang='lat' dir='ltr'><strong>[obus</strong></span> <span class='ocrx_word' id='word_1_470' title='bbox 2925 3025 3269 3096; x_wconf 56' lang='lat' dir='ltr'><strong>patriarcha,</strong></span> <span class='ocrx_word' id='word_1_471' title='bbox 3299 3023 3413 3080; x_wconf 81' lang='lat' dir='ltr'><strong>lio—</strong></span> 
     </span>
    </p>
   </div>
   <div class='ocr_carea' id='block_1_72' title="bbox 1860 3114 3408 3188">
    <p class='ocr_par' dir='ltr' id='par_1_72' title="bbox 1860 3114 3408 3188">
     <span class='ocr_line' id='line_1_72' title="bbox 1860 3114 3408 3188; baseline 0 -18"><span class='ocrx_word' id='word_1_472' title='bbox 1860 3132 2048 3173; x_wconf 89' lang='lat' dir='ltr'><strong>manos</strong></span> <span class='ocrx_word' id='word_1_473' title='bbox 2081 3117 2262 3188; x_wconf 86' lang='lat' dir='ltr'><strong>lingua</strong></span> <span class='ocrx_word' id='word_1_474' title='bbox 2304 3117 2548 3172; x_wconf 81' lang='lat' dir='ltr'><strong>Romana</strong></span> <span class='ocrx_word' id='word_1_475' title='bbox 2580 3117 2886 3177; x_wconf 81' lang='lat' dir='ltr'><strong>allocutus:</strong></span> <span class='ocrx_word' id='word_1_476' title='bbox 2922 3114 3184 3180; x_wconf 83' lang='lat' dir='ltr'><strong>0bedite,:</strong></span> <span class='ocrx_word' id='word_1_477' title='bbox 3211 3116 3408 3185; x_wconf 80' lang='lat' dir='ltr'><strong>inquit.</strong></span> 
     </span>
    </p>
   </div>
   <div class='ocr_carea' id='block_1_73' title="bbox 1857 3191 3411 3280">
    <p class='ocr_par' dir='ltr' id='par_1_73' title="bbox 1857 3191 3411 3280">
     <span class='ocr_line' id='line_1_73' title="bbox 1857 3191 3411 3280; baseline -0.001 -17"><span class='ocrx_word' id='word_1_478' title='bbox 1857 3209 1990 3277; x_wconf 75' lang='lat' dir='ltr'><strong>regi,</strong></span> <span class='ocrx_word' id='word_1_479' title='bbox 2051 3209 2261 3280; x_wconf 89' lang='lat' dir='ltr'><strong>ipsique</strong></span> <span class='ocrx_word' id='word_1_480' title='bbox 2313 3209 2576 3264; x_wconf 90' lang='lat' dir='ltr'><strong>tributum</strong></span> <span class='ocrx_word' id='word_1_481' title='bbox 2633 3191 2900 3279; x_wconf 13' lang='lat' dir='ltr'><strong>pendite.)</strong></span> <span class='ocrx_word' id='word_1_482' title='bbox 2936 3205 3128 3264; x_wconf 80' lang='lat' dir='ltr'><strong>Melius</strong></span> <span class='ocrx_word' id='word_1_483' title='bbox 3179 3210 3283 3264; x_wconf 93' lang='lat' dir='ltr'><strong>hoc</strong></span> <span class='ocrx_word' id='word_1_484' title='bbox 3326 3215 3411 3264; x_wconf 84' lang='lat' dir='ltr'><strong>est</strong></span> 
     </span>
    </p>
   </div>
   <div class='ocr_carea' id='block_1_74' title="bbox 1854 3285 3413 3367">
    <p class='ocr_par' dir='ltr' id='par_1_74' title="bbox 1854 3285 3413 3367">
     <span class='ocr_line' id='line_1_74' title="bbox 1854 3285 3413 3367; baseline 0.001 -21"><span class='ocrx_word' id='word_1_485' title='bbox 1854 3313 2012 3367; x_wconf 82' lang='lat' dir='ltr'><strong>quant</strong></span> <span class='ocrx_word' id='word_1_486' title='bbox 2049 3307 2106 3352; x_wconf 93' lang='lat' dir='ltr'><strong>ut</strong></span> <span class='ocrx_word' id='word_1_487' title='bbox 2135 3296 2482 3363; x_wconf 87' lang='lat' dir='ltr'><strong>occidamini,</strong></span> <span class='ocrx_word' id='word_1_488' title='bbox 2514 3305 2568 3354; x_wconf 92' lang='lat' dir='ltr'><strong>et</strong></span> <span class='ocrx_word' id='word_1_489' title='bbox 2594 3296 2790 3367; x_wconf 84' lang='lat' dir='ltr'><strong>captivi</strong></span> <span class='ocrx_word' id='word_1_490' title='bbox 2809 3285 2990 3358; x_wconf 9' lang='lat' dir='ltr'><strong>iliatis.</strong></span> <span class='ocrx_word' id='word_1_491' title='bbox 3018 3295 3259 3354; x_wconf 71' lang='lat' dir='ltr'><strong>Romani</strong></span> <span class='ocrx_word' id='word_1_492' title='bbox 3284 3309 3413 3364; x_wconf 84' lang='lat' dir='ltr'><strong>ergo</strong></span> 
     </span>
    </p>
   </div>
   <div class='ocr_carea' id='block_1_75' title="bbox 1859 3383 3410 3457">
    <p class='ocr_par' dir='ltr' id='par_1_75' title="bbox 1859 3383 3410 3457">
     <span class='ocr_line' id='line_1_75' title="bbox 1859 3383 3410 3457; baseline -0.004 -15"><span class='ocrx_word' id='word_1_493' title='bbox 1859 3387 2120 3442; x_wconf 82' lang='lat' dir='ltr'><strong>conviciis</strong></span> <span class='ocrx_word' id='word_1_494' title='bbox 2147 3387 2322 3456; x_wconf 91' lang='lat' dir='ltr'><strong>ipsum</strong></span> <span class='ocrx_word' id='word_1_495' title='bbox 2351 3401 2412 3440; x_wconf 91' lang='lat' dir='ltr'><strong>ac</strong></span> <span class='ocrx_word' id='word_1_496' title='bbox 2436 3386 2706 3456; x_wconf 89' lang='lat' dir='ltr'><strong>lapidibus</strong></span> <span class='ocrx_word' id='word_1_497' title='bbox 2733 3385 3030 3457; x_wconf 84' lang='lat' dir='ltr'><strong>petierunt.</strong></span> <span class='ocrx_word' id='word_1_498' title='bbox 3059 3386 3123 3439; x_wconf 82' lang='lat' dir='ltr'><strong>Al</strong></span> <span class='ocrx_word' id='word_1_499' title='bbox 3151 3383 3410 3438; x_wconf 79' lang='lat' dir='ltr'><strong>Motasent</strong></span> 
     </span>
    </p>
   </div>
   <div class='ocr_carea' id='block_1_76' title="bbox 1859 3473 3409 3546">
    <p class='ocr_par' dir='ltr' id='par_1_76' title="bbox 1859 3473 3409 3546">
     <span class='ocr_line' id='line_1_76' title="bbox 1859 3473 3409 3546; baseline -0.003 -15"><span class='ocrx_word' id='word_1_500' title='bbox 1859 3485 2040 3532; x_wconf 88' lang='lat' dir='ltr'><strong>autem</strong></span> <span class='ocrx_word' id='word_1_501' title='bbox 2070 3486 2278 3546; x_wconf 87' lang='lat' dir='ltr'><strong>captam</strong></span> <span class='ocrx_word' id='word_1_502' title='bbox 2310 3477 2494 3532; x_wconf 85' lang='lat' dir='ltr'><strong>urbem</strong></span> <span class='ocrx_word' id='word_1_503' title='bbox 2511 3475 3054 3544; x_wconf 81' lang='lat' dir='ltr'><strong>Ancyraminccndit.</strong></span> <span class='ocrx_word' id='word_1_504' title='bbox 3084 3473 3218 3528; x_wconf 86' lang='lat' dir='ltr'><strong>Tum</strong></span> <span class='ocrx_word' id='word_1_505' title='bbox 3243 3475 3409 3527; x_wconf 78' lang='lat' dir='ltr'><strong>Amu-</strong></span> 
     </span>
    </p>
   </div>
   <div class='ocr_carea' id='block_1_77' title="bbox 1859 3561 3414 3636">
    <p class='ocr_par' dir='ltr' id='par_1_77' title="bbox 1859 3561 3414 3636">
     <span class='ocr_line' id='line_1_77' title="bbox 1859 3561 3414 3636; baseline -0.005 -15"><span class='ocrx_word' id='word_1_506' title='bbox 1859 3569 1995 3622; x_wconf 87' lang='lat' dir='ltr'><strong>riam</strong></span> <span class='ocrx_word' id='word_1_507' title='bbox 2048 3566 2354 3636; x_wconf 79' lang='lat' dir='ltr'><strong>prolectus,</strong></span> <span class='ocrx_word' id='word_1_508' title='bbox 2404 3567 2574 3636; x_wconf 81' lang='lat' dir='ltr'><strong>ipsam</strong></span> <span class='ocrx_word' id='word_1_509' title='bbox 2616 3565 2780 3620; x_wconf 88' lang='lat' dir='ltr'><strong>etiam</strong></span> <span class='ocrx_word' id='word_1_510' title='bbox 2828 3561 3031 3620; x_wconf 81' lang='lat' dir='ltr'><strong>mensis</strong></span> <span class='ocrx_word' id='word_1_511' title='bbox 3077 3564 3253 3634; x_wconf 80' lang='lat' dir='ltr'><strong>spatio</strong></span> <span class='ocrx_word' id='word_1_512' title='bbox 3299 3562 3414 3633; x_wconf 82' lang='lat' dir='ltr'><strong>(vel</strong></span> 
     </span>
    </p>
   </div>
   <div class='ocr_carea' id='block_1_78' title="bbox 189 3653 3416 3732">
    <p class='ocr_par' dir='ltr' id='par_1_78' title="bbox 189 3653 3416 3732">
     <span class='ocr_line' id='line_1_78' title="bbox 189 3653 3416 3732; baseline 0.001 -23"><span class='ocrx_word' id='word_1_513' title='bbox 189 3655 357 3732; x_wconf 70' lang='lat' dir='ltr'><strong>cepit,</strong></span> <span class='ocrx_word' id='word_1_514' title='bbox 386 3669 614 3724; x_wconf 90' lang='lat' dir='ltr'><strong>quarum</strong></span> <span class='ocrx_word' id='word_1_515' title='bbox 641 3655 826 3708; x_wconf 91' lang='lat' dir='ltr'><strong>ultima</strong></span> <span class='ocrx_word' id='word_1_516' title='bbox 858 3653 960 3708; x_wconf 83' lang='lat' dir='ltr'><strong>fuit</strong></span> <span class='ocrx_word' id='word_1_517' title='bbox 983 3670 1129 3709; x_wconf 92' lang='lat' dir='ltr'><strong>anno</strong></span> <span class='ocrx_word' id='word_1_518' title='bbox 1147 3654 1516 3712; x_wconf 87' lang='lat' dir='ltr'><strong>ducentesimo</strong></span> <span class='ocrx_word' id='word_1_519' title='bbox 1544 3657 1756 3712; x_wconf 86' lang='lat' dir='ltr'><strong>decimo</strong></span> <span class='ocrx_word' id='word_1_520' title='bbox 1855 3658 2148 3715; x_wconf 89' lang='lat' dir='ltr'><strong>secundum</strong></span> <span class='ocrx_word' id='word_1_521' title='bbox 2189 3658 2336 3712; x_wconf 87' lang='lat' dir='ltr'><strong>aliud</strong></span> <span class='ocrx_word' id='word_1_522' title='bbox 2372 3657 2671 3727; x_wconf 84' lang='lat' dir='ltr'><strong>exemplar,</strong></span> <span class='ocrx_word' id='word_1_523' title='bbox 2717 3656 2964 3728; x_wconf 91' lang='lat' dir='ltr'><strong>pluribus</strong></span> <span class='ocrx_word' id='word_1_524' title='bbox 3000 3658 3416 3732; x_wconf 77' lang='lat' dir='ltr'><strong>uiensibus)ob-</strong></span> 
     </span>
    </p>
   </div>
   <div class='ocr_carea' id='block_1_79' title="bbox 189 3745 3413 3828">
    <p class='ocr_par' dir='ltr' id='par_1_79' title="bbox 189 3745 3413 3828">
     <span class='ocr_line' id='line_1_79' title="bbox 189 3745 3413 3828; baseline 0 -26"><span class='ocrx_word' id='word_1_525' title='bbox 189 3751 409 3828; x_wconf 76' lang='lat' dir='ltr'><strong>bctavo,</strong></span> <span class='ocrx_word' id='word_1_526' title='bbox 429 3755 623 3800; x_wconf 87' lang='lat' dir='ltr'><strong>etcum</strong></span> <span class='ocrx_word' id='word_1_527' title='bbox 643 3745 1087 3800; x_wconf 82' lang='lat' dir='ltr'><strong>Albadandunam</strong></span> <span class='ocrx_word' id='word_1_528' title='bbox 1112 3746 1464 3816; x_wconf 84' lang='lat' dir='ltr'><strong>pervenisset,</strong></span> <span class='ocrx_word' id='word_1_529' title='bbox 1493 3747 1563 3801; x_wconf 89' lang='lat' dir='ltr'><strong>ibi</strong></span> <span class='ocrx_word' id='word_1_530' title='bbox 1588 3763 1761 3816; x_wconf 64' lang='grc' dir='ltr'><strong>κει-ο·</strong></span> <span class='ocrx_word' id='word_1_531' title='bbox 1855 3750 2013 3806; x_wconf 89' lang='lat' dir='ltr'><strong>sedit.</strong></span> <span class='ocrx_word' id='word_1_532' title='bbox 2044 3748 2206 3805; x_wconf 90' lang='lat' dir='ltr'><strong>lobus</strong></span> <span class='ocrx_word' id='word_1_533' title='bbox 2238 3757 2420 3804; x_wconf 88' lang='lat' dir='ltr'><strong>autem</strong></span> <span class='ocrx_word' id='word_1_534' title='bbox 2468 3750 2778 3828; x_wconf 88' lang='lat' dir='ltr'><strong>patriarcha</strong></span> <span class='ocrx_word' id='word_1_535' title='bbox 2824 3749 3068 3822; x_wconf 86' lang='lat' dir='ltr'><strong>quotidie</strong></span> <span class='ocrx_word' id='word_1_536' title='bbox 3110 3746 3177 3806; x_wconf 81' lang='lat' dir='ltr'><strong>ad</strong></span> <span class='ocrx_word' id='word_1_537' title='bbox 3231 3764 3413 3803; x_wconf 90' lang='lat' dir='ltr'><strong>arcem</strong></span> 
     </span>
    </p>
   </div>
   <div class='ocr_carea' id='block_1_80' title="bbox 196 3825 3408 3913">
    <p class='ocr_par' dir='ltr' id='par_1_80' title="bbox 196 3825 3408 3913">
     <span class='ocr_line' id='line_1_80' title="bbox 196 3825 3408 3913; baseline 0.001 -23"><span class='ocrx_word' id='word_1_538' title='bbox 196 3825 355 3900; x_wconf 75' lang='lat' dir='ltr'><strong>tavit,</strong></span> <span class='ocrx_word' id='word_1_539' title='bbox 401 3839 650 3908; x_wconf 87' lang='lat' dir='ltr'><strong>diemque</strong></span> <span class='ocrx_word' id='word_1_540' title='bbox 681 3836 836 3893; x_wconf 90' lang='lat' dir='ltr'><strong>obiit.</strong></span> <span class='ocrx_word' id='word_1_541' title='bbox 871 3837 1126 3893; x_wconf 81' lang='lat' dir='ltr'><strong>Gestatus</strong></span> <span class='ocrx_word' id='word_1_542' title='bbox 1151 3849 1236 3893; x_wconf 89' lang='lat' dir='ltr'><strong>est</strong></span> <span class='ocrx_word' id='word_1_543' title='bbox 1276 3853 1406 3907; x_wconf 82' lang='lat' dir='ltr'><strong>ergo</strong></span> <span class='ocrx_word' id='word_1_544' title='bbox 1443 3853 1508 3892; x_wconf 87' lang='lat' dir='ltr'><strong>ac</strong></span> <span class='ocrx_word' id='word_1_545' title='bbox 1534 3839 1589 3892; x_wconf 85' lang='lat' dir='ltr'><strong>in</strong></span> <span class='ocrx_word' id='word_1_546' title='bbox 1625 3839 1757 3894; x_wconf 91' lang='lat' dir='ltr'><strong>urbe</strong></span> <span class='ocrx_word' id='word_1_547' title='bbox 1859 3842 2006 3896; x_wconf 91' lang='lat' dir='ltr'><strong>solus</strong></span> <span class='ocrx_word' id='word_1_548' title='bbox 2031 3841 2296 3898; x_wconf 87' lang='lat' dir='ltr'><strong>accedens</strong></span> <span class='ocrx_word' id='word_1_549' title='bbox 2320 3839 2608 3911; x_wconf 72' lang='lat' dir='ltr'><strong>Romanos</strong></span> <span class='ocrx_word' id='word_1_550' title='bbox 2628 3825 2811 3913; x_wconf 88' lang='lat' dir='ltr'><strong>lingua</strong></span> <span class='ocrx_word' id='word_1_551' title='bbox 2840 3844 3082 3898; x_wconf 80' lang='lat' dir='ltr'><strong>Romana</strong></span> <span class='ocrx_word' id='word_1_552' title='bbox 3114 3844 3408 3899; x_wconf 78' lang='lat' dir='ltr'><strong>allocutus,</strong></span> 
     </span>
    </p>
   </div>
   <div class='ocr_carea' id='block_1_81' title="bbox 188 3926 3412 4004">
    <p class='ocr_par' dir='ltr' id='par_1_81' title="bbox 188 3926 3412 4004">
     <span class='ocr_line' id='line_1_81' title="bbox 188 3926 3412 4004; baseline 0.002 -24"><span class='ocrx_word' id='word_1_553' title='bbox 188 3927 370 3986; x_wconf 77' lang='lat' dir='ltr'><strong>&#39;l‘arso</strong></span> <span class='ocrx_word' id='word_1_554' title='bbox 396 3929 661 3997; x_wconf 91' lang='lat' dir='ltr'><strong>sepultus.</strong></span> <span class='ocrx_word' id='word_1_555' title='bbox 697 3926 999 3992; x_wconf 82' lang='lat' dir='ltr'><strong>Chalifatus</strong></span> <span class='ocrx_word' id='word_1_556' title='bbox 1021 3928 1141 3997; x_wconf 87' lang='lat' dir='ltr'><strong>ejus</strong></span> <span class='ocrx_word' id='word_1_557' title='bbox 1166 3944 1230 3983; x_wconf 86' lang='lat' dir='ltr'><strong>ex</strong></span> <span class='ocrx_word' id='word_1_558' title='bbox 1267 3930 1454 3998; x_wconf 90' lang='lat' dir='ltr'><strong>quoin</strong></span> <span class='ocrx_word' id='word_1_559' title='bbox 1479 3927 1758 3986; x_wconf 88' lang='lat' dir='ltr'><strong>Chorasan</strong></span> <span class='ocrx_word' id='word_1_560' title='bbox 1861 3943 2059 3989; x_wconf 85' lang='lat' dir='ltr'><strong>metum</strong></span> <span class='ocrx_word' id='word_1_561' title='bbox 2111 3933 2220 3989; x_wconf 91' lang='lat' dir='ltr'><strong>illis</strong></span> <span class='ocrx_word' id='word_1_562' title='bbox 2268 3934 2511 3990; x_wconf 91' lang='lat' dir='ltr'><strong>incutere</strong></span> <span class='ocrx_word' id='word_1_563' title='bbox 2562 3949 2624 3988; x_wconf 91' lang='lat' dir='ltr'><strong>ac</strong></span> <span class='ocrx_word' id='word_1_564' title='bbox 2681 3950 2892 4004; x_wconf 85' lang='lat' dir='ltr'><strong>rogare,</strong></span> <span class='ocrx_word' id='word_1_565' title='bbox 2944 3945 3002 3989; x_wconf 88' lang='lat' dir='ltr'><strong>ut</strong></span> <span class='ocrx_word' id='word_1_566' title='bbox 3039 3939 3296 3990; x_wconf 84' lang='lat' dir='ltr'><strong>tributum</strong></span> <span class='ocrx_word' id='word_1_567' title='bbox 3351 3939 3412 3988; x_wconf 89' lang='lat' dir='ltr'><strong>At</strong></span> 
     </span>
    </p>
   </div>
   <div class='ocr_carea' id='block_1_82' title="bbox 231 4018 3413 4098">
    <p class='ocr_par' dir='ltr' id='par_1_82' title="bbox 231 4018 3413 4098">
     <span class='ocr_line' id='line_1_82' title="bbox 231 4018 3413 4098; baseline 0.001 -26"><span class='ocrx_word' id='word_1_568' title='bbox 231 4019 393 4074; x_wconf 79' lang='lat' dir='ltr'><strong>lialifa</strong></span> <span class='ocrx_word' id='word_1_569' title='bbox 419 4019 690 4076; x_wconf 82' lang='lat' dir='ltr'><strong>salutatus</strong></span> <span class='ocrx_word' id='word_1_570' title='bbox 722 4028 805 4074; x_wconf 80' lang='lat' dir='ltr'><strong>est</strong></span> <span class='ocrx_word' id='word_1_571' title='bbox 836 4035 1100 4098; x_wconf 84' lang='lat' dir='ltr'><strong>annorum</strong></span> <span class='ocrx_word' id='word_1_572' title='bbox 1138 4019 1238 4078; x_wconf 82' lang='lat' dir='ltr'><strong>fuit</strong></span> <span class='ocrx_word' id='word_1_573' title='bbox 1267 4019 1455 4091; x_wconf 89' lang='lat' dir='ltr'><strong>viginti</strong></span> <span class='ocrx_word' id='word_1_574' title='bbox 1488 4022 1755 4086; x_wconf 78' lang='lat' dir='ltr'><strong>duorum:</strong></span> <span class='ocrx_word' id='word_1_575' title='bbox 1859 4018 2154 4075; x_wconf 75' lang='lat' dir='ltr'><strong>Malasemo</strong></span> <span class='ocrx_word' id='word_1_576' title='bbox 2182 4020 2344 4093; x_wconf 63' lang='lat' dir='ltr'><strong>uo</strong></span> <span class='ocrx_word' id='word_1_577' title='bbox 2375 4019 2567 4076; x_wconf 88' lang='lat' dir='ltr'><strong>darent</strong></span> <span class='ocrx_word' id='word_1_578' title='bbox 2615 4037 2724 4090; x_wconf 88' lang='lat' dir='ltr'><strong>quo</strong></span> <span class='ocrx_word' id='word_1_579' title='bbox 2753 4024 2820 4075; x_wconf 85' lang='lat' dir='ltr'><strong>ab</strong></span> <span class='ocrx_word' id='word_1_580' title='bbox 2855 4024 2984 4091; x_wconf 83' lang='lat' dir='ltr'><strong>ipsis</strong></span> <span class='ocrx_word' id='word_1_581' title='bbox 3015 4026 3319 4086; x_wconf 72' lang='lat' dir='ltr'><strong>recedet-ct;</strong></span> <span class='ocrx_word' id='word_1_582' title='bbox 3357 4037 3413 4075; x_wconf 71' lang='lat' dir='ltr'><strong>et</strong></span> 
     </span>
    </p>
   </div>
   <div class='ocr_carea' id='block_1_83' title="bbox 143 4013 3410 4198">
    <p class='ocr_par' dir='ltr' id='par_1_83' title="bbox 143 4013 3410 4198">
     <span class='ocr_line' id='line_1_83' title="bbox 189 4013 3410 4198; baseline 0.001 -126"><span class='ocrx_word' id='word_1_583' title='bbox 189 4013 393 4198; x_wconf 48' lang='lat' dir='ltr'><strong>ilialifa</strong></span> <span class='ocrx_word' id='word_1_584' title='bbox 419 4019 690 4076; x_wconf 82' lang='lat' dir='ltr'><strong>salutatus</strong></span> <span class='ocrx_word' id='word_1_585' title='bbox 722 4028 805 4074; x_wconf 80' lang='lat' dir='ltr'><strong>est</strong></span> <span class='ocrx_word' id='word_1_586' title='bbox 836 4035 1100 4098; x_wconf 84' lang='lat' dir='ltr'><strong>annorum</strong></span> <span class='ocrx_word' id='word_1_587' title='bbox 1138 4019 1238 4078; x_wconf 82' lang='lat' dir='ltr'><strong>fuit</strong></span> <span class='ocrx_word' id='word_1_588' title='bbox 1267 4019 1455 4091; x_wconf 89' lang='lat' dir='ltr'><strong>viginti</strong></span> <span class='ocrx_word' id='word_1_589' title='bbox 1488 4022 1755 4086; x_wconf 78' lang='lat' dir='ltr'><strong>duorum:</strong></span> <span class='ocrx_word' id='word_1_590' title='bbox 1859 4018 2154 4075; x_wconf 75' lang='lat' dir='ltr'><strong>Malasemo</strong></span> <span class='ocrx_word' id='word_1_591' title='bbox 2182 4020 2344 4093; x_wconf 63' lang='lat' dir='ltr'><strong>uo</strong></span> <span class='ocrx_word' id='word_1_592' title='bbox 2375 4019 2567 4076; x_wconf 88' lang='lat' dir='ltr'><strong>darent</strong></span> <span class='ocrx_word' id='word_1_593' title='bbox 2615 4037 2724 4090; x_wconf 88' lang='lat' dir='ltr'><strong>quo</strong></span> <span class='ocrx_word' id='word_1_594' title='bbox 2753 4024 2820 4075; x_wconf 85' lang='lat' dir='ltr'><strong>ab</strong></span> <span class='ocrx_word' id='word_1_595' title='bbox 2855 4024 2984 4091; x_wconf 83' lang='lat' dir='ltr'><strong>ipsis</strong></span> <span class='ocrx_word' id='word_1_596' title='bbox 3015 4026 3319 4086; x_wconf 72' lang='lat' dir='ltr'><strong>recedet-ct;</strong></span> <span class='ocrx_word' id='word_1_597' title='bbox 3357 4037 3410 4075; x_wconf 71' lang='lat' dir='ltr'><strong>et</strong></span> 
     </span>
     <span class='ocr_line' id='line_1_84' title="bbox 143 4110 3410 4185; baseline 0.001 -23"><span class='ocrx_word' id='word_1_598' title='bbox 143 4160 152 4182; x_wconf 56' lang='grc' dir='ltr'><strong>Ι</strong></span> <span class='ocrx_word' id='word_1_599' title='bbox 237 4113 337 4166; x_wconf 87' lang='lat' dir='ltr'><strong>biit</strong></span> <span class='ocrx_word' id='word_1_600' title='bbox 365 4113 734 4169; x_wconf 59' lang='lat' dir='ltr'><strong>annos&#39;natus</strong></span> <span class='ocrx_word' id='word_1_601' title='bbox 761 4114 1114 4183; x_wconf 75' lang='lat' dir='ltr'><strong>quadraginta</strong></span> <span class='ocrx_word' id='word_1_602' title='bbox 1147 4125 1289 4179; x_wconf 74' lang='lat' dir='ltr'><strong>octo,</strong></span> <span class='ocrx_word' id='word_1_603' title='bbox 1341 4129 1525 4170; x_wconf 67' lang='lat' dir='ltr'><strong>menige</strong></span> <span class='ocrx_word' id='word_1_604' title='bbox 1559 4114 1751 4185; x_wconf 58' lang='grc' dir='ltr'><strong>κηρὶ),</strong></span> <span class='ocrx_word' id='word_1_605' title='bbox 1857 4110 1933 4164; x_wconf 79' lang='lat' dir='ltr'><strong>illi</strong></span> <span class='ocrx_word' id='word_1_606' title='bbox 1964 4118 2019 4164; x_wconf 84' lang='lat' dir='ltr'><strong>et</strong></span> <span class='ocrx_word' id='word_1_607' title='bbox 2053 4113 2299 4166; x_wconf 87' lang='lat' dir='ltr'><strong>convicia</strong></span> <span class='ocrx_word' id='word_1_608' title='bbox 2329 4121 2384 4166; x_wconf 83' lang='lat' dir='ltr'><strong>et</strong></span> <span class='ocrx_word' id='word_1_609' title='bbox 2427 4111 2633 4182; x_wconf 80' lang='lat' dir='ltr'><strong>lapides</strong></span> <span class='ocrx_word' id='word_1_610' title='bbox 2663 4113 2718 4166; x_wconf 81' lang='lat' dir='ltr'><strong>in</strong></span> <span class='ocrx_word' id='word_1_611' title='bbox 2767 4113 2940 4182; x_wconf 88' lang='lat' dir='ltr'><strong>ipsntn</strong></span> <span class='ocrx_word' id='word_1_612' title='bbox 2973 4116 3173 4180; x_wconf 80' lang='lat' dir='ltr'><strong>jacere.</strong></span> <span class='ocrx_word' id='word_1_613' title='bbox 3226 4115 3410 4184; x_wconf 63' lang='lat' dir='ltr'><strong>Nequa;</strong></span> 
     </span>
    </p>
   </div>
   <div class='ocr_carea' id='block_1_84' title="bbox 189 4200 3407 4274">
    <p class='ocr_par' dir='ltr' id='par_1_84' title="bbox 189 4200 3407 4274">
     <span class='ocr_line' id='line_1_85' title="bbox 189 4200 3407 4274; baseline 0.003 -16"><span class='ocrx_word' id='word_1_614' title='bbox 189 4219 346 4258; x_wconf 84' lang='lat' dir='ltr'><strong>anno</strong></span> <span class='ocrx_word' id='word_1_615' title='bbox 387 4204 760 4260; x_wconf 87' lang='lat' dir='ltr'><strong>ducentesimo</strong></span> <span class='ocrx_word' id='word_1_616' title='bbox 807 4206 1016 4260; x_wconf 89' lang='lat' dir='ltr'><strong>decimo</strong></span> <span class='ocrx_word' id='word_1_617' title='bbox 1052 4217 1266 4262; x_wconf 88' lang='lat' dir='ltr'><strong>octavo.</strong></span> <span class='ocrx_word' id='word_1_618' title='bbox 1313 4206 1592 4263; x_wconf 90' lang='lat' dir='ltr'><strong>Candidus</strong></span> <span class='ocrx_word' id='word_1_619' title='bbox 1633 4214 1753 4262; x_wconf 86' lang='lat' dir='ltr'><strong>erat</strong></span> <span class='ocrx_word' id='word_1_620' title='bbox 1860 4201 1929 4255; x_wconf 78' lang='lat' dir='ltr'><strong>ita</strong></span> <span class='ocrx_word' id='word_1_621' title='bbox 1987 4200 2162 4258; x_wconf 72' lang='lat' dir='ltr'><strong>facere</strong></span> <span class='ocrx_word' id='word_1_622' title='bbox 2209 4202 2572 4267; x_wconf 62' lang='lat' dir='ltr'><strong>destiterunt.</strong></span> <span class='ocrx_word' id='word_1_623' title='bbox 2623 4203 2796 4259; x_wconf 78' lang='lat' dir='ltr'><strong>donec</strong></span> <span class='ocrx_word' id='word_1_624' title='bbox 2850 4203 3195 4260; x_wconf 73' lang='lat' dir='ltr'><strong>AlMolascm</strong></span> <span class='ocrx_word' id='word_1_625' title='bbox 3249 4215 3407 4274; x_wconf 74' lang='grc' dir='ltr'><strong>οινιει</strong></span> 
     </span>
    </p>
   </div>
   <div class='ocr_carea' id='block_1_85' title="bbox 189 4273 3409 4390">
    <p class='ocr_par' dir='ltr' id='par_1_85' title="bbox 189 4273 3409 4390">
     <span class='ocr_line' id='line_1_86' title="bbox 189 4273 3409 4390; baseline 0.001 -44"><span class='ocrx_word' id='word_1_626' title='bbox 189 4273 430 4372; x_wconf 57' lang='grc' dir='ltr'><strong>ῥάεηίειε</strong></span> <span class='ocrx_word' id='word_1_627' title='bbox 469 4292 770 4354; x_wconf 81' lang='lat' dir='ltr'><strong>ﬂaved’me.</strong></span> <span class='ocrx_word' id='word_1_628' title='bbox 824 4295 960 4350; x_wconf 77' lang='lat' dir='ltr'><strong>facie</strong></span> <span class='ocrx_word' id='word_1_629' title='bbox 995 4303 1250 4360; x_wconf 88' lang='lat' dir='ltr'><strong>venusta,</strong></span> <span class='ocrx_word' id='word_1_630' title='bbox 1295 4295 1460 4350; x_wconf 86' lang='lat' dir='ltr'><strong>barba</strong></span> <span class='ocrx_word' id='word_1_631' title='bbox 1484 4297 1750 4367; x_wconf 82' lang='lat' dir='ltr'><strong>promissa</strong></span> <span class='ocrx_word' id='word_1_632' title='bbox 1785 4336 1829 4390; x_wconf 65' lang='grc' dir='ltr'><strong>ι)</strong></span> <span class='ocrx_word' id='word_1_633' title='bbox 1860 4295 2082 4348; x_wconf 86' lang='lat' dir='ltr'><strong>Amuria</strong></span> <span class='ocrx_word' id='word_1_634' title='bbox 2137 4296 2336 4350; x_wconf 90' lang='lat' dir='ltr'><strong>multos</strong></span> <span class='ocrx_word' id='word_1_635' title='bbox 2379 4294 2430 4348; x_wconf 92' lang='lat' dir='ltr'><strong>in</strong></span> <span class='ocrx_word' id='word_1_636' title='bbox 2469 4298 2580 4364; x_wconf 86' lang='lat' dir='ltr'><strong>ipsa</strong></span> <span class='ocrx_word' id='word_1_637' title='bbox 2632 4295 2962 4362; x_wconf 90' lang='lat' dir='ltr'><strong>trucidaret;</strong></span> <span class='ocrx_word' id='word_1_638' title='bbox 3009 4298 3173 4367; x_wconf 88' lang='lat' dir='ltr'><strong>idque</strong></span> <span class='ocrx_word' id='word_1_639' title='bbox 3223 4273 3409 4351; x_wconf 71' lang='lat' dir='ltr'><strong>mense</strong></span> 
     </span>
    </p>
   </div>
   <div class='ocr_carea' id='block_1_86' title="bbox 185 4379 3410 4459">
    <p class='ocr_par' dir='ltr' id='par_1_86' title="bbox 185 4379 3410 4459">
     <span class='ocr_line' id='line_1_87' title="bbox 185 4379 3410 4459; baseline 0.001 -18"><span class='ocrx_word' id='word_1_640' title='bbox 185 4379 262 4441; x_wconf 64' lang='lat' dir='ltr'><strong>ac</strong></span> <span class='ocrx_word' id='word_1_641' title='bbox 286 4386 514 4441; x_wconf 89' lang='lat' dir='ltr'><strong>multum</strong></span> <span class='ocrx_word' id='word_1_642' title='bbox 549 4396 891 4443; x_wconf 83' lang='lat' dir='ltr'><strong>canescente.</strong></span> <span class='ocrx_word' id='word_1_643' title='bbox 913 4387 1249 4444; x_wconf 88' lang='lat' dir='ltr'><strong>Satellitibns</strong></span> <span class='ocrx_word' id='word_1_644' title='bbox 1280 4389 1451 4459; x_wconf 90' lang='lat' dir='ltr'><strong>ipsius</strong></span> <span class='ocrx_word' id='word_1_645' title='bbox 1471 4389 1753 4459; x_wconf 69' lang='lat' dir='ltr'><strong>prmfeetus</strong></span> <span class='ocrx_word' id='word_1_646' title='bbox 1785 4379 1825 4390; x_wconf 71' lang='grc'><strong>’⁷</strong></span> <span class='ocrx_word' id='word_1_647' title='bbox 1859 4383 2175 4438; x_wconf 81' lang='lat' dir='ltr'><strong>Radamano</strong></span> <span class='ocrx_word' id='word_1_648' title='bbox 2220 4401 2361 4440; x_wconf 88' lang='lat' dir='ltr'><strong>anno</strong></span> <span class='ocrx_word' id='word_1_649' title='bbox 2389 4387 2767 4450; x_wconf 84' lang='lat' dir='ltr'><strong>ducentesimo</strong></span> <span class='ocrx_word' id='word_1_650' title='bbox 2799 4389 3052 4443; x_wconf 87' lang='lat' dir='ltr'><strong>vicesimo</strong></span> <span class='ocrx_word' id='word_1_651' title='bbox 3081 4391 3260 4443; x_wconf 85' lang='lat' dir='ltr'><strong>tertio.</strong></span> <span class='ocrx_word' id='word_1_652' title='bbox 3311 4390 3410 4444; x_wconf 75' lang='lat' dir='ltr'><strong>lic-</strong></span> 
     </span>
    </p>
   </div>
   <div class='ocr_carea' id='block_1_87' title="bbox 186 4461 3421 4554">
    <p class='ocr_par' dir='ltr' id='par_1_87' title="bbox 186 4461 3421 4554">
     <span class='ocr_line' id='line_1_88' title="bbox 186 4461 3421 4554; baseline 0.001 -22"><span class='ocrx_word' id='word_1_653' title='bbox 186 4461 301 4532; x_wconf 62' lang='lat' dir='ltr'><strong>fuit</strong></span> <span class='ocrx_word' id='word_1_654' title='bbox 329 4477 523 4532; x_wconf 85' lang='lat' dir='ltr'><strong>Zobair</strong></span> <span class='ocrx_word' id='word_1_655' title='bbox 555 4477 667 4532; x_wconf 85' lang='lat' dir='ltr'><strong>Ebn</strong></span> <span class='ocrx_word' id='word_1_656' title='bbox 690 4477 962 4549; x_wconf 76' lang='lat' dir='ltr'><strong>Masaiyeb</strong></span> <span class='ocrx_word' id='word_1_657' title='bbox 990 4477 1311 4534; x_wconf 89' lang='lat' dir='ltr'><strong>Dobbensis.</strong></span> <span class='ocrx_word' id='word_1_658' title='bbox 1349 4479 1551 4534; x_wconf 85' lang='lat' dir='ltr'><strong>Deinde</strong></span> <span class='ocrx_word' id='word_1_659' title='bbox 1576 4478 1754 4534; x_wconf 59' lang='lat' dir='ltr'><strong>leia-</strong></span> <span class='ocrx_word' id='word_1_660' title='bbox 1841 4493 2152 4554; x_wconf 42' lang='lat' dir='ltr'><strong>.versusque</strong></span> <span class='ocrx_word' id='word_1_661' title='bbox 2178 4487 2264 4532; x_wconf 91' lang='lat' dir='ltr'><strong>est</strong></span> <span class='ocrx_word' id='word_1_662' title='bbox 2303 4478 2365 4532; x_wconf 78' lang='lat' dir='ltr'><strong>Al</strong></span> <span class='ocrx_word' id='word_1_663' title='bbox 2394 4478 2649 4534; x_wconf 78' lang='lat' dir='ltr'><strong>Motasem</strong></span> <span class='ocrx_word' id='word_1_664' title='bbox 2675 4489 2960 4550; x_wconf 88' lang='lat' dir='ltr'><strong>postquam</strong></span> <span class='ocrx_word' id='word_1_665' title='bbox 3004 4483 3284 4535; x_wconf 73' lang='lat' dir='ltr'><strong>Amuriam</strong></span> <span class='ocrx_word' id='word_1_666' title='bbox 3323 4475 3421 4536; x_wconf 52' lang='lat' dir='ltr'><strong>ce?</strong></span> 
     </span>
    </p>
   </div>
   <div class='ocr_carea' id='block_1_88' title="bbox 187 4566 3405 4646">
    <p class='ocr_par' dir='ltr' id='par_1_88' title="bbox 187 4566 3405 4646">
     <span class='ocr_line' id='line_1_89' title="bbox 187 4566 3405 4646; baseline 0.001 -26"><span class='ocrx_word' id='word_1_667' title='bbox 187 4567 295 4621; x_wconf 88' lang='lat' dir='ltr'><strong>her</strong></span> <span class='ocrx_word' id='word_1_668' title='bbox 326 4566 754 4633; x_wconf 83' lang='lat' dir='ltr'><strong>Ebnolliosain;</strong></span> <span class='ocrx_word' id='word_1_669' title='bbox 786 4568 839 4621; x_wconf 92' lang='lat' dir='ltr'><strong>in</strong></span> <span class='ocrx_word' id='word_1_670' title='bbox 882 4584 976 4622; x_wconf 88' lang='lat' dir='ltr'><strong>eos</strong></span> <span class='ocrx_word' id='word_1_671' title='bbox 1013 4568 1176 4622; x_wconf 86' lang='lat' dir='ltr'><strong>etiam</strong></span> <span class='ocrx_word' id='word_1_672' title='bbox 1207 4578 1534 4635; x_wconf 86' lang='lat' dir='ltr'><strong>potestatem</strong></span> <span class='ocrx_word' id='word_1_673' title='bbox 1561 4571 1752 4624; x_wconf 80' lang='lat' dir='ltr'><strong>habuit</strong></span> <span class='ocrx_word' id='word_1_674' title='bbox 1859 4567 2060 4638; x_wconf 81' lang='lat' dir='ltr'><strong>pisset;</strong></span> <span class='ocrx_word' id='word_1_675' title='bbox 2115 4577 2278 4646; x_wconf 71' lang='lat' dir='ltr'><strong>atqpe</strong></span> <span class='ocrx_word' id='word_1_676' title='bbox 2328 4567 2471 4624; x_wconf 87' lang='lat' dir='ltr'><strong>inter</strong></span> <span class='ocrx_word' id='word_1_677' title='bbox 2526 4571 2861 4625; x_wconf 82' lang='lat' dir='ltr'><strong>redeundum</strong></span> <span class='ocrx_word' id='word_1_678' title='bbox 2913 4582 3162 4636; x_wconf 86' lang='lat' dir='ltr'><strong>mortuus</strong></span> <span class='ocrx_word' id='word_1_679' title='bbox 3213 4584 3293 4625; x_wconf 91' lang='lat' dir='ltr'><strong>cst</strong></span> <span class='ocrx_word' id='word_1_680' title='bbox 3342 4573 3405 4624; x_wconf 82' lang='lat' dir='ltr'><strong>Al</strong></span> 
     </span>
    </p>
   </div>
   <div class='ocr_carea' id='block_1_89' title="bbox 182 4655 1748 4732">
    <p class='ocr_par' dir='ltr' id='par_1_89' title="bbox 182 4655 1748 4732">
     <span class='ocr_line' id='line_1_90' title="bbox 182 4655 1748 4732; baseline 0.006 -23"><span class='ocrx_word' id='word_1_681' title='bbox 182 4655 360 4728; x_wconf 55' lang='lat'><strong>‘36</strong></span> <span class='ocrx_word' id='word_1_682' title='bbox 389 4656 538 4712; x_wconf 88' lang='lat' dir='ltr'><strong>Isaac</strong></span> <span class='ocrx_word' id='word_1_683' title='bbox 566 4660 686 4730; x_wconf 84' lang='lat' dir='ltr'><strong>Ebn</strong></span> <span class='ocrx_word' id='word_1_684' title='bbox 730 4659 1016 4715; x_wconf 84' lang='lat' dir='ltr'><strong>Abrahim.</strong></span> <span class='ocrx_word' id='word_1_685' title='bbox 1050 4658 1259 4715; x_wconf 85' lang='lat' dir='ltr'><strong>Janitor</strong></span> <span class='ocrx_word' id='word_1_686' title='bbox 1290 4663 1460 4732; x_wconf 90' lang='lat' dir='ltr'><strong>ipsius</strong></span> <span class='ocrx_word' id='word_1_687' title='bbox 1505 4664 1748 4718; x_wconf 82' lang='lat' dir='ltr'><strong>luitcum</strong></span> 
     </span>
    </p>
   </div>
   <div class='ocr_carea' id='block_1_90' title="bbox 186 4746 1750 4815">
    <p class='ocr_par' dir='ltr' id='par_1_90' title="bbox 186 4746 1750 4815">
     <span class='ocr_line' id='line_1_91' title="bbox 186 4746 1750 4815; baseline 0.004 -15"><span class='ocrx_word' id='word_1_688' title='bbox 186 4746 250 4800; x_wconf 89' lang='lat' dir='ltr'><strong>in</strong></span> <span class='ocrx_word' id='word_1_689' title='bbox 276 4747 590 4801; x_wconf 81' lang='lat' dir='ltr'><strong>Chorasano</strong></span> <span class='ocrx_word' id='word_1_690' title='bbox 620 4756 781 4813; x_wconf 86' lang='lat' dir='ltr'><strong>esset,</strong></span> <span class='ocrx_word' id='word_1_691' title='bbox 818 4749 1101 4805; x_wconf 85' lang='lat' dir='ltr'><strong>Alllosain</strong></span> <span class='ocrx_word' id='word_1_692' title='bbox 1143 4750 1257 4804; x_wconf 85' lang='lat' dir='ltr'><strong>Ebn</strong></span> <span class='ocrx_word' id='word_1_693' title='bbox 1298 4752 1398 4806; x_wconf 78' lang='lat' dir='ltr'><strong>Abi</strong></span> <span class='ocrx_word' id='word_1_694' title='bbox 1450 4751 1597 4815; x_wconf 89' lang='lat' dir='ltr'><strong>Said,</strong></span> <span class='ocrx_word' id='word_1_695' title='bbox 1637 4760 1750 4807; x_wconf 90' lang='lat' dir='ltr'><strong>tum</strong></span> 
     </span>
    </p>
   </div>
   <div class='ocr_carea' id='block_1_91' title="bbox 185 4835 1752 4909">
    <p class='ocr_par' dir='ltr' id='par_1_91' title="bbox 185 4835 1752 4909">
     <span class='ocr_line' id='line_1_92' title="bbox 185 4835 1752 4909; baseline 0.005 -20"><span class='ocrx_word' id='word_1_696' title='bbox 185 4835 284 4890; x_wconf 77' lang='lat' dir='ltr'><strong>Ali</strong></span> <span class='ocrx_word' id='word_1_697' title='bbox 331 4835 444 4891; x_wconf 83' lang='lat' dir='ltr'><strong>Ebn</strong></span> <span class='ocrx_word' id='word_1_698' title='bbox 477 4839 578 4892; x_wconf 89' lang='lat' dir='ltr'><strong>Abi</strong></span> <span class='ocrx_word' id='word_1_699' title='bbox 625 4838 810 4909; x_wconf 79' lang='lat' dir='ltr'><strong>Salebi</strong></span> <span class='ocrx_word' id='word_1_700' title='bbox 839 4837 1018 4894; x_wconf 88' lang='lat' dir='ltr'><strong>Sabeb</strong></span> <span class='ocrx_word' id='word_1_701' title='bbox 1067 4840 1129 4894; x_wconf 83' lang='lat' dir='ltr'><strong>Al</strong></span> <span class='ocrx_word' id='word_1_702' title='bbox 1159 4841 1416 4896; x_wconf 69' lang='lat' dir='ltr'><strong>Mosailte.</strong></span> <span class='ocrx_word' id='word_1_703' title='bbox 1453 4843 1752 4897; x_wconf 87' lang='lat' dir='ltr'><strong>Plurimum</strong></span> 
     </span>
    </p>
   </div>
   <div class='ocr_carea' id='block_1_92' title="bbox 185 4927 1754 5003">
    <p class='ocr_par' dir='ltr' id='par_1_92' title="bbox 185 4927 1754 5003">
     <span class='ocr_line' id='line_1_93' title="bbox 185 4927 1754 5003; baseline 0.005 -25"><span class='ocrx_word' id='word_1_704' title='bbox 185 4927 339 4996; x_wconf 83' lang='lat' dir='ltr'><strong>apud</strong></span> <span class='ocrx_word' id='word_1_705' title='bbox 369 4941 492 4981; x_wconf 89' lang='lat' dir='ltr'><strong>eum</strong></span> <span class='ocrx_word' id='word_1_706' title='bbox 515 4931 711 4998; x_wconf 90' lang='lat' dir='ltr'><strong>potuit,</strong></span> <span class='ocrx_word' id='word_1_707' title='bbox 745 4930 899 4984; x_wconf 89' lang='lat' dir='ltr'><strong>initio</strong></span> <span class='ocrx_word' id='word_1_708' title='bbox 924 4931 1217 4986; x_wconf 87' lang='lat' dir='ltr'><strong>chalilatus</strong></span> <span class='ocrx_word' id='word_1_709' title='bbox 1245 4933 1436 5000; x_wconf 89' lang='lat' dir='ltr'><strong>ipsius,</strong></span> <span class='ocrx_word' id='word_1_710' title='bbox 1463 4933 1559 4987; x_wconf 92' lang='lat' dir='ltr'><strong>Dul</strong></span> <span class='ocrx_word' id='word_1_711' title='bbox 1589 4932 1754 5003; x_wconf 81' lang='lat' dir='ltr'><strong>Riya-</strong></span> 
     </span>
    </p>
   </div>
   <div class='ocr_carea' id='block_1_93' title="bbox 184 5017 1753 5092">
    <p class='ocr_par' dir='ltr' id='par_1_93' title="bbox 184 5017 1753 5092">
     <span class='ocr_line' id='line_1_94' title="bbox 184 5017 1753 5092; baseline 0.004 -22"><span class='ocrx_word' id='word_1_712' title='bbox 184 5017 377 5070; x_wconf 69' lang='lat' dir='ltr'><strong>sataiu</strong></span> <span class='ocrx_word' id='word_1_713' title='bbox 398 5019 462 5071; x_wconf 82' lang='lat' dir='ltr'><strong>Al</strong></span> <span class='ocrx_word' id='word_1_714' title='bbox 483 5020 717 5076; x_wconf 82' lang='lat' dir='ltr'><strong>Pbadlus</strong></span> <span class='ocrx_word' id='word_1_715' title='bbox 738 5018 853 5074; x_wconf 85' lang='lat' dir='ltr'><strong>Ebn</strong></span> <span class='ocrx_word' id='word_1_716' title='bbox 886 5021 1094 5078; x_wconf 80' lang='lat' dir='ltr'><strong>Saliali.‘</strong></span> <span class='ocrx_word' id='word_1_717' title='bbox 1120 5023 1255 5075; x_wconf 88' lang='lat' dir='ltr'><strong>Tum</strong></span> <span class='ocrx_word' id='word_1_718' title='bbox 1279 5031 1396 5092; x_wconf 89' lang='lat' dir='ltr'><strong>post</strong></span> <span class='ocrx_word' id='word_1_719' title='bbox 1420 5039 1543 5077; x_wconf 91' lang='lat' dir='ltr'><strong>eum</strong></span> <span class='ocrx_word' id='word_1_720' title='bbox 1575 5024 1753 5088; x_wconf 90' lang='lat' dir='ltr'><strong>multi,</strong></span> 
     </span>
    </p>
   </div>
   <div class='ocr_carea' id='block_1_94' title="bbox 181 5108 1754 5178">
    <p class='ocr_par' dir='ltr' id='par_1_94' title="bbox 181 5108 1754 5178">
     <span class='ocr_line' id='line_1_95' title="bbox 181 5108 1754 5178; baseline 0.004 -17"><span class='ocrx_word' id='word_1_721' title='bbox 181 5122 223 5161; x_wconf 73' lang='grc' dir='ltr'><strong>ο</strong></span> <span class='ocrx_word' id='word_1_722' title='bbox 249 5108 477 5176; x_wconf 87' lang='lat' dir='ltr'><strong>quibus,</strong></span> <span class='ocrx_word' id='word_1_723' title='bbox 508 5111 570 5162; x_wconf 88' lang='lat' dir='ltr'><strong>Al</strong></span> <span class='ocrx_word' id='word_1_724' title='bbox 596 5110 798 5164; x_wconf 89' lang='lat' dir='ltr'><strong>Hosaiu</strong></span> <span class='ocrx_word' id='word_1_725' title='bbox 837 5111 951 5169; x_wconf 70' lang='lat' dir='ltr'><strong>libn</strong></span> <span class='ocrx_word' id='word_1_726' title='bbox 989 5113 1193 5178; x_wconf 87' lang='lat' dir='ltr'><strong>Sabali,</strong></span> <span class='ocrx_word' id='word_1_727' title='bbox 1223 5114 1387 5166; x_wconf 86' lang='lat' dir='ltr'><strong>Omar</strong></span> <span class='ocrx_word' id='word_1_728' title='bbox 1435 5111 1551 5168; x_wconf 87' lang='lat' dir='ltr'><strong>Ebn</strong></span> <span class='ocrx_word' id='word_1_729' title='bbox 1585 5112 1754 5178; x_wconf 89' lang='lat' dir='ltr'><strong>Saidi,</strong></span> 
     </span>
    </p>
   </div>
   <div class='ocr_carea' id='block_1_95' title="bbox 185 5200 1055 5258">
    <p class='ocr_par' dir='ltr' id='par_1_95' title="bbox 185 5200 1055 5258">
     <span class='ocr_line' id='line_1_96' title="bbox 185 5200 1055 5258; baseline 0.003 -4"><span class='ocrx_word' id='word_1_730' title='bbox 185 5207 251 5254; x_wconf 84' lang='lat' dir='ltr'><strong>et</strong></span> <span class='ocrx_word' id='word_1_731' title='bbox 286 5200 492 5255; x_wconf 81' lang='lat' dir='ltr'><strong>Abuted</strong></span> <span class='ocrx_word' id='word_1_732' title='bbox 527 5200 640 5256; x_wconf 84' lang='lat' dir='ltr'><strong>Ebn</strong></span> <span class='ocrx_word' id='word_1_733' title='bbox 678 5203 776 5256; x_wconf 86' lang='lat' dir='ltr'><strong>Abi</strong></span> <span class='ocrx_word' id='word_1_734' title='bbox 809 5204 1055 5258; x_wconf 88' lang='lat' dir='ltr'><strong>Chaledi.</strong></span> 
     </span>
    </p>
   </div>
   <div class='ocr_carea' id='block_1_96' title="bbox 620 5293 1344 5361">
    <p class='ocr_par' dir='ltr' id='par_1_96' title="bbox 620 5293 1344 5361">
     <span class='ocr_line' id='line_1_97' title="bbox 620 5293 1344 5361; baseline 0.006 -16"><span class='ocrx_word' id='word_1_735' title='bbox 620 5293 914 5361; x_wconf 79' lang='lat' dir='ltr'><strong>Chatifatus</strong></span> <span class='ocrx_word' id='word_1_736' title='bbox 945 5295 1010 5346; x_wconf 85' lang='grc' dir='ltr'><strong>Αι</strong></span> <span class='ocrx_word' id='word_1_737' title='bbox 1046 5295 1344 5349; x_wconf 80' lang='lat' dir='ltr'><strong>Molasemi.</strong></span> 
     </span>
    </p>
   </div>
   <div class='ocr_carea' id='block_1_97' title="bbox 269 5379 1753 5458">
    <p class='ocr_par' dir='ltr' id='par_1_97' title="bbox 269 5379 1753 5458">
     <span class='ocr_line' id='line_1_98' title="bbox 269 5379 1753 5458; baseline 0.003 -21"><span class='ocrx_word' id='word_1_738' title='bbox 269 5379 483 5437; x_wconf 83' lang='lat' dir='ltr'><strong>Chalifa</strong></span> <span class='ocrx_word' id='word_1_739' title='bbox 530 5385 866 5439; x_wconf 88' lang='lat' dir='ltr'><strong>renuntiatus</strong></span> <span class='ocrx_word' id='word_1_740' title='bbox 913 5399 995 5442; x_wconf 89' lang='lat' dir='ltr'><strong>est</strong></span> <span class='ocrx_word' id='word_1_741' title='bbox 1033 5387 1092 5439; x_wconf 69' lang='lat' dir='ltr'><strong>Al</strong></span> <span class='ocrx_word' id='word_1_742' title='bbox 1127 5386 1424 5452; x_wconf 75' lang='lat' dir='ltr'><strong>Motasem,</strong></span> <span class='ocrx_word' id='word_1_743' title='bbox 1467 5389 1558 5458; x_wconf 84' lang='lat' dir='ltr'><strong>qni</strong></span> <span class='ocrx_word' id='word_1_744' title='bbox 1613 5388 1753 5442; x_wconf 89' lang='lat' dir='ltr'><strong>idem</strong></span> 
     </span>
    </p>
   </div>
   <div class='ocr_carea' id='block_1_98' title="bbox 185 5456 1755 5552">
    <p class='ocr_par' dir='ltr' id='par_1_98' title="bbox 185 5456 1755 5552">
     <span class='ocr_line' id='line_1_99' title="bbox 185 5456 1755 5552; baseline 0.006 -29"><span class='ocrx_word' id='word_1_745' title='bbox 185 5481 288 5524; x_wconf 77' lang='lat' dir='ltr'><strong>est</strong></span> <span class='ocrx_word' id='word_1_746' title='bbox 346 5472 465 5524; x_wconf 84' lang='lat' dir='ltr'><strong>Abu</strong></span> <span class='ocrx_word' id='word_1_747' title='bbox 512 5472 663 5528; x_wconf 86' lang='lat' dir='ltr'><strong>Isaac</strong></span> <span class='ocrx_word' id='word_1_748' title='bbox 714 5473 1053 5530; x_wconf 74' lang='lat' dir='ltr'><strong>Mohammed</strong></span> <span class='ocrx_word' id='word_1_749' title='bbox 1099 5477 1212 5531; x_wconf 85' lang='lat' dir='ltr'><strong>Ebn</strong></span> <span class='ocrx_word' id='word_1_750' title='bbox 1261 5456 1755 5552; x_wconf 40' lang='lat' dir='ltr'><strong>Haruniltitasbidi</strong></span> 
     </span>
    </p>
   </div>
   <div class='ocr_carea' id='block_1_99' title="bbox 187 5559 1758 5639">
    <p class='ocr_par' dir='ltr' id='par_1_99' title="bbox 187 5559 1758 5639">
     <span class='ocr_line' id='line_1_100' title="bbox 187 5559 1758 5639; baseline 0.006 -25"><span class='ocrx_word' id='word_1_751' title='bbox 187 5559 320 5627; x_wconf 79' lang='lat' dir='ltr'><strong>(cui</strong></span> <span class='ocrx_word' id='word_1_752' title='bbox 346 5570 520 5616; x_wconf 86' lang='lat' dir='ltr'><strong>mater</strong></span> <span class='ocrx_word' id='word_1_753' title='bbox 541 5562 842 5619; x_wconf 82' lang='lat' dir='ltr'><strong>concubina</strong></span> <span class='ocrx_word' id='word_1_754' title='bbox 862 5565 1078 5621; x_wconf 86' lang='lat' dir='ltr'><strong>nomine</strong></span> <span class='ocrx_word' id='word_1_755' title='bbox 1100 5563 1393 5636; x_wconf 67' lang='lat' dir='ltr'><strong>ﬂarcdali),</strong></span> <span class='ocrx_word' id='word_1_756' title='bbox 1426 5567 1602 5633; x_wconf 82' lang='lat' dir='ltr'><strong>Tarsi,</strong></span> <span class='ocrx_word' id='word_1_757' title='bbox 1635 5582 1758 5639; x_wconf 86' lang='lat' dir='ltr'><strong>pro-</strong></span> 
     </span>
    </p>
   </div>
   <div class='ocr_carea' id='block_1_100' title="bbox 1855 4657 3405 4728">
    <p class='ocr_par' dir='ltr' id='par_1_100' title="bbox 1855 4657 3405 4728">
     <span class='ocr_line' id='line_1_101' title="bbox 1855 4657 3405 4728; baseline 0.001 -16"><span class='ocrx_word' id='word_1_758' title='bbox 1855 4658 2034 4712; x_wconf 84' lang='lat' dir='ltr'><strong>Abbas</strong></span> <span class='ocrx_word' id='word_1_759' title='bbox 2062 4659 2126 4712; x_wconf 79' lang='lat' dir='ltr'><strong>Al</strong></span> <span class='ocrx_word' id='word_1_760' title='bbox 2149 4657 2416 4714; x_wconf 83' lang='lat' dir='ltr'><strong>Mamnuis</strong></span> <span class='ocrx_word' id='word_1_761' title='bbox 2445 4659 2604 4715; x_wconf 81' lang='lat' dir='ltr'><strong>illius.</strong></span> <span class='ocrx_word' id='word_1_762' title='bbox 2629 4660 2767 4714; x_wconf 85' lang='lat' dir='ltr'><strong>iram</strong></span> <span class='ocrx_word' id='word_1_763' title='bbox 2799 4662 2960 4716; x_wconf 87' lang='lat' dir='ltr'><strong>etiam</strong></span> <span class='ocrx_word' id='word_1_764' title='bbox 2989 4663 3043 4715; x_wconf 91' lang='lat' dir='ltr'><strong>in</strong></span> <span class='ocrx_word' id='word_1_765' title='bbox 3085 4663 3146 4716; x_wconf 87' lang='lat' dir='ltr'><strong>Al</strong></span> <span class='ocrx_word' id='word_1_766' title='bbox 3168 4663 3405 4728; x_wconf 74' lang='lat' dir='ltr'><strong>Aplisltin</strong></span> 
     </span>
    </p>
   </div>
   <div class='ocr_carea' id='block_1_101' title="bbox 1850 4739 3407 4820">
    <p class='ocr_par' dir='ltr' id='par_1_101' title="bbox 1850 4739 3407 4820">
     <span class='ocr_line' id='line_1_102' title="bbox 1850 4739 3407 4820; baseline 0.001 -18"><span class='ocrx_word' id='word_1_767' title='bbox 1850 4749 2102 4817; x_wconf 86' lang='lat' dir='ltr'><strong>concepit</strong></span> <span class='ocrx_word' id='word_1_768' title='bbox 2122 4739 2266 4803; x_wconf 87' lang='lat' dir='ltr'><strong>anno</strong></span> <span class='ocrx_word' id='word_1_769' title='bbox 2296 4749 2674 4804; x_wconf 89' lang='lat' dir='ltr'><strong>ducentesimo</strong></span> <span class='ocrx_word' id='word_1_770' title='bbox 2709 4750 2966 4806; x_wconf 89' lang='lat' dir='ltr'><strong>vicesimo</strong></span> <span class='ocrx_word' id='word_1_771' title='bbox 2990 4751 3203 4820; x_wconf 88' lang='lat' dir='ltr'><strong>quinto.</strong></span> <span class='ocrx_word' id='word_1_772' title='bbox 3235 4749 3407 4803; x_wconf 80' lang='lat' dir='ltr'><strong>Porro</strong></span> 
     </span>
    </p>
   </div>
   <div class='ocr_carea' id='block_1_102' title="bbox 1852 4840 3404 4906">
    <p class='ocr_par' dir='ltr' id='par_1_102' title="bbox 1852 4840 3404 4906">
     <span class='ocr_line' id='line_1_103' title="bbox 1852 4840 3404 4906; baseline 0 -16"><span class='ocrx_word' id='word_1_773' title='bbox 1852 4848 2097 4893; x_wconf 81' lang='lat' dir='ltr'><strong>mortuus</strong></span> <span class='ocrx_word' id='word_1_774' title='bbox 2129 4850 2211 4894; x_wconf 84' lang='lat' dir='ltr'><strong>est</strong></span> <span class='ocrx_word' id='word_1_775' title='bbox 2240 4840 2630 4895; x_wconf 89' lang='lat' dir='ltr'><strong>Constantinus</strong></span> <span class='ocrx_word' id='word_1_776' title='bbox 2681 4842 3054 4896; x_wconf 82' lang='lat' dir='ltr'><strong>Romanorum</strong></span> <span class='ocrx_word' id='word_1_777' title='bbox 3085 4840 3404 4906; x_wconf 86' lang='lat' dir='ltr'><strong>imperator,</strong></span> 
     </span>
    </p>
   </div>
   <div class='ocr_carea' id='block_1_103' title="bbox 1850 4926 3406 4999">
    <p class='ocr_par' dir='ltr' id='par_1_103' title="bbox 1850 4926 3406 4999">
     <span class='ocr_line' id='line_1_104' title="bbox 1850 4926 3406 4999; baseline 0.003 -22"><span class='ocrx_word' id='word_1_778' title='bbox 1850 4926 2217 4995; x_wconf 82' lang='lat' dir='ltr'><strong>quibuspost</strong></span> <span class='ocrx_word' id='word_1_779' title='bbox 2267 4927 2445 4996; x_wconf 85' lang='lat' dir='ltr'><strong>ipsum</strong></span> <span class='ocrx_word' id='word_1_780' title='bbox 2503 4930 2795 4999; x_wconf 84' lang='lat' dir='ltr'><strong>imperavit</strong></span> <span class='ocrx_word' id='word_1_781' title='bbox 2837 4930 3190 4998; x_wconf 86' lang='lat' dir='ltr'><strong>Theophilus.</strong></span> <span class='ocrx_word' id='word_1_782' title='bbox 3246 4931 3406 4984; x_wconf 80' lang='lat' dir='ltr'><strong>Anno</strong></span> 
     </span>
    </p>
   </div>
   <div class='ocr_carea' id='block_1_104' title="bbox 1851 5018 3407 5090">
    <p class='ocr_par' dir='ltr' id='par_1_104' title="bbox 1851 5018 3407 5090">
     <span class='ocr_line' id='line_1_105' title="bbox 1851 5018 3407 5090; baseline 0.003 -19"><span class='ocrx_word' id='word_1_783' title='bbox 1851 5018 2138 5073; x_wconf 84' lang='lat' dir='ltr'><strong>chalilatus</strong></span> <span class='ocrx_word' id='word_1_784' title='bbox 2169 5019 2534 5080; x_wconf 79' lang='lat' dir='ltr'><strong>AlMotasemi</strong></span> <span class='ocrx_word' id='word_1_785' title='bbox 2567 5031 2766 5090; x_wconf 90' lang='lat' dir='ltr'><strong>quarto</strong></span> <span class='ocrx_word' id='word_1_786' title='bbox 2809 5023 3140 5076; x_wconf 88' lang='lat' dir='ltr'><strong>constitutus</strong></span> <span class='ocrx_word' id='word_1_787' title='bbox 3177 5031 3261 5076; x_wconf 85' lang='lat' dir='ltr'><strong>est</strong></span> <span class='ocrx_word' id='word_1_788' title='bbox 3307 5022 3407 5076; x_wconf 58' lang='lat' dir='ltr'><strong>So-</strong></span> 
     </span>
    </p>
   </div>
   <div class='ocr_carea' id='block_1_105' title="bbox 1858 5109 3406 5181">
    <p class='ocr_par' dir='ltr' id='par_1_105' title="bbox 1858 5109 3406 5181">
     <span class='ocr_line' id='line_1_106' title="bbox 1858 5109 3406 5181; baseline 0.002 -20"><span class='ocrx_word' id='word_1_789' title='bbox 1858 5109 2118 5179; x_wconf 90' lang='lat' dir='ltr'><strong>phronius</strong></span> <span class='ocrx_word' id='word_1_790' title='bbox 2153 5112 2458 5178; x_wconf 81' lang='lat' dir='ltr'><strong>patriarcha</strong></span> <span class='ocrx_word' id='word_1_791' title='bbox 2489 5112 2902 5175; x_wconf 80' lang='lat' dir='ltr'><strong>Aiexandrinus,</strong></span> <span class='ocrx_word' id='word_1_792' title='bbox 2936 5113 3030 5181; x_wconf 91' lang='lat' dir='ltr'><strong>qui</strong></span> <span class='ocrx_word' id='word_1_793' title='bbox 3083 5128 3256 5166; x_wconf 90' lang='lat' dir='ltr'><strong>annos</strong></span> <span class='ocrx_word' id='word_1_794' title='bbox 3295 5122 3406 5173; x_wconf 64' lang='lat' dir='ltr'><strong>tre,-</strong></span> 
     </span>
    </p>
   </div>
   <div class='ocr_carea' id='block_1_106' title="bbox 1857 5199 3402 5271">
    <p class='ocr_par' dir='ltr' id='par_1_106' title="bbox 1857 5199 3402 5271">
     <span class='ocr_line' id='line_1_107' title="bbox 1857 5199 3402 5271; baseline -0.001 -20"><span class='ocrx_word' id='word_1_795' title='bbox 1857 5199 2031 5252; x_wconf 90' lang='lat' dir='ltr'><strong>decim</strong></span> <span class='ocrx_word' id='word_1_796' title='bbox 2089 5199 2260 5264; x_wconf 82' lang='lat' dir='ltr'><strong>sedit;</strong></span> <span class='ocrx_word' id='word_1_797' title='bbox 2304 5202 2659 5269; x_wconf 88' lang='lat' dir='ltr'><strong>philosophus</strong></span> <span class='ocrx_word' id='word_1_798' title='bbox 2711 5200 2817 5255; x_wconf 77' lang='lat' dir='ltr'><strong>fuit</strong></span> <span class='ocrx_word' id='word_1_799' title='bbox 2857 5217 2920 5256; x_wconf 88' lang='lat' dir='ltr'><strong>ac</strong></span> <span class='ocrx_word' id='word_1_800' title='bbox 2962 5204 3203 5271; x_wconf 90' lang='lat' dir='ltr'><strong>sapiens.</strong></span> <span class='ocrx_word' id='word_1_801' title='bbox 3247 5203 3402 5253; x_wconf 81' lang='lat' dir='ltr'><strong>Anno</strong></span> 
     </span>
    </p>
   </div>
   <div class='ocr_carea' id='block_1_107' title="bbox 1855 5289 3407 5360">
    <p class='ocr_par' dir='ltr' id='par_1_107' title="bbox 1855 5289 3407 5360">
     <span class='ocr_line' id='line_1_108' title="bbox 1855 5289 3407 5360; baseline -0.001 -15"><span class='ocrx_word' id='word_1_802' title='bbox 1855 5291 2148 5346; x_wconf 84' lang='lat' dir='ltr'><strong>chalilatus</strong></span> <span class='ocrx_word' id='word_1_803' title='bbox 2193 5291 2430 5356; x_wconf 84' lang='lat' dir='ltr'><strong>ejusdem</strong></span> <span class='ocrx_word' id='word_1_804' title='bbox 2449 5293 2683 5360; x_wconf 87' lang='lat' dir='ltr'><strong>septimo</strong></span> <span class='ocrx_word' id='word_1_805' title='bbox 2715 5295 3046 5349; x_wconf 81' lang='lat' dir='ltr'><strong>constitutus</strong></span> <span class='ocrx_word' id='word_1_806' title='bbox 3063 5303 3144 5346; x_wconf 87' lang='lat' dir='ltr'><strong>est</strong></span> <span class='ocrx_word' id='word_1_807' title='bbox 3170 5289 3407 5345; x_wconf 83' lang='lat' dir='ltr'><strong>Joannes</strong></span> 
     </span>
    </p>
   </div>
   <div class='ocr_carea' id='block_1_108' title="bbox 1855 5381 3410 5456">
    <p class='ocr_par' dir='ltr' id='par_1_108' title="bbox 1855 5381 3410 5456">
     <span class='ocr_line' id='line_1_109' title="bbox 1855 5381 3410 5456; baseline 0.003 -22"><span class='ocrx_word' id='word_1_808' title='bbox 1855 5384 2159 5452; x_wconf 85' lang='lat' dir='ltr'><strong>patriarcha</strong></span> <span class='ocrx_word' id='word_1_809' title='bbox 2214 5381 2777 5452; x_wconf 77' lang='lat' dir='ltr'><strong>llierosolymitanus;</strong></span> <span class='ocrx_word' id='word_1_810' title='bbox 2847 5395 3030 5440; x_wconf 78' lang='lat' dir='ltr'><strong>contra</strong></span> <span class='ocrx_word' id='word_1_811' title='bbox 3084 5399 3244 5456; x_wconf 71' lang='lat' dir='ltr'><strong>quem</strong></span> <span class='ocrx_word' id='word_1_812' title='bbox 3324 5383 3410 5441; x_wconf 75' lang='lat' dir='ltr'><strong>in:</strong></span> 
     </span>
    </p>
   </div>
   <div class='ocr_carea' id='block_1_109' title="bbox 1853 5475 3406 5545">
    <p class='ocr_par' dir='ltr' id='par_1_109' title="bbox 1853 5475 3406 5545">
     <span class='ocr_line' id='line_1_110' title="bbox 1853 5475 3406 5545; baseline -0.002 -16"><span class='ocrx_word' id='word_1_813' title='bbox 1853 5487 2138 5543; x_wconf 84' lang='lat' dir='ltr'><strong>surgentes</strong></span> <span class='ocrx_word' id='word_1_814' title='bbox 2196 5475 2673 5545; x_wconf 81' lang='lat' dir='ltr'><strong>Hierosolymitani</strong></span> <span class='ocrx_word' id='word_1_815' title='bbox 2734 5477 2803 5530; x_wconf 91' lang='lat' dir='ltr'><strong>de</strong></span> <span class='ocrx_word' id='word_1_816' title='bbox 2855 5478 2970 5544; x_wconf 85' lang='lat' dir='ltr'><strong>ipso</strong></span> <span class='ocrx_word' id='word_1_817' title='bbox 3015 5475 3200 5529; x_wconf 89' lang='lat' dir='ltr'><strong>omnia</strong></span> <span class='ocrx_word' id='word_1_818' title='bbox 3268 5475 3406 5528; x_wconf 85' lang='lat' dir='ltr'><strong>mala</strong></span> 
     </span>
    </p>
   </div>
   <div class='ocr_carea' id='block_1_110' title="bbox 1853 5565 3403 5638">
    <p class='ocr_par' dir='ltr' id='par_1_110' title="bbox 1853 5565 3403 5638">
     <span class='ocr_line' id='line_1_111' title="bbox 1853 5565 3403 5638; baseline -0.001 -18"><span class='ocrx_word' id='word_1_819' title='bbox 1853 5565 2103 5620; x_wconf 77' lang='lat' dir='ltr'><strong>dixerunt</strong></span> <span class='ocrx_word' id='word_1_820' title='bbox 2135 5582 2148 5618; x_wconf 87' lang='lat'><strong>:</strong></span> <span class='ocrx_word' id='word_1_821' title='bbox 2185 5581 2356 5637; x_wconf 86' lang='lat' dir='ltr'><strong>quare</strong></span> <span class='ocrx_word' id='word_1_822' title='bbox 2384 5567 2452 5623; x_wconf 84' lang='lat' dir='ltr'><strong>ab</strong></span> <span class='ocrx_word' id='word_1_823' title='bbox 2477 5566 2610 5638; x_wconf 83' lang='lat' dir='ltr'><strong>ipsis</strong></span> <span class='ocrx_word' id='word_1_824' title='bbox 2634 5579 2896 5632; x_wconf 85' lang='lat' dir='ltr'><strong>metuens,</strong></span> <span class='ocrx_word' id='word_1_825' title='bbox 2920 5565 3236 5636; x_wconf 79' lang='lat' dir='ltr'><strong>scriptoque</strong></span> <span class='ocrx_word' id='word_1_826' title='bbox 3272 5565 3403 5634; x_wconf 75' lang='lat' dir='ltr'><strong>ipsis</strong></span> 
     </span>
    </p>
   </div>
  </div>
