3962 6344
175 319 300 388 “37

1590 312 1944 374 ANNALES.

3227 295 3360 382 11:33

161 412 329 488 ubera
361 429 707 500 pertingeret,
757 429 914 498 eique
949 426 1136 482 tubulo
1166 401 1418 498 plumbeo
1443 427 1584 484 teuui
1643 443 1704 481 ac
1732 423 1782 482 Α
1810 434 1957 481 tutus
1989 431 2073 481 est
2118 422 2342 480 Salmun
2384 423 2622 479 Zarkuni
2656 426 2794 482 illius
2824 392 3131 499 patriarcha
3178 426 3366 484 Hiero-

170 521 349 592 gracili
385 520 654 584 immisso,
689 519 870 574 locum
906 518 1020 572 luto
1054 531 1118 572 ac
1154 519 1304 574 calce
1331 533 1397 572 ne
1433 525 1716 587 appareret

178 611 482 674 obduxisse,
515 625 745 678 cumque
786 607 1020 668 adesset,
1047 606 1244 662 festum
1287 617 1488 663 sancta:
1517 607 1715 673 Marim,

158 701 424 766 foramini
456 701 544 755 isti
585 703 666 755 lac
719 693 1010 754 infundere
1044 699 1280 764 solitum,
1309 699 1464 768 cujus
1510 699 1716 767 guttula

171 804 202 844 e
238 803 466 842 mamma
525 788 778 856 imaginis
813 787 1108 841 destillaret
1143 803 1158 841 :
1195 801 1365 856 quare
1407 791 1715 856 peregrina-

168 878 334 934 tiones
357 881 423 932 ad
454 878 746 932 ecclesiam
798 877 955 931 istam
1014 877 1425 932 instituentibus
1477 877 1714 931 homini-

166 971 283 1032 bus,
333 971 562 1023 multum
596 969 839 1037 pecunia).
888 970 1130 1025 lucratus
1179 979 1262 1024 est
1310 969 1410 1023 hac
1441 972 1507 1023 de
1551 984 1714 1022 causa

163 1063 411 1116 aedituus.
449 1061 665 1116 Mittens
693 1077 820 1132 ergo
855 1062 1188 1132 Theophilus
1225 1063 1528 1129 imperator
1577 1063 1716 1114 ima-

167 1155 288 1220 gine
342 1156 442 1208 ista
493 1155 670 1208 diruta
725 1155 904 1207 locum
962 1154 1168 1219 refecit,
1214 1154 1487 1222 iussitque
1541 1154 1717 1206 nullas

161 1248 375 1298 omnino
428 1246 478 1298 in
522 1247 768 1300 ecclesiis
817 1246 1081 1314 imagines
1127 1243 1370 1298 retineri.
1434 1243 1711 1298 Edituum

162 1345 335 1391 autem
364 1338 613 1391 ecclesiae
647 1337 806 1390 istius
841 1335 1327 1404 capite’truncavit.
1349 1347 1401 1389 et
1432 1349 1496 1388 ex
1542 1337 1712 1390 eccle-

158 1428 253 1480 siis
313 1429 573 1495 imagines
625 1427 884 1489 sustulit,
935 1426 1142 1494 dicens,
1205 1429 1469 1499 imagines
1531 1429 1706 1482 instar

160 1518 425 1571 idolorum
457 1533 608 1584 esse;
648 1530 700 1572 et
731 1518 824 1588 qui
856 1519 1142 1589 imaginem
1197 1521 1446 1585 coluerit,
1491 1523 1714 1591 perinde

158 1621 277 1660 esse
302 1622 366 1660 ac
397 1607 441 1661 si
475 1607 615 1660 idola
652 1609 875 1663 coleret.
928 1609 1066 1664 Hinc
1097 1618 1276 1664 ortum
1306 1622 1388 1666 est
1423 1612 1562 1667 inter
1596 1613 1707 1666 Ro-

156 1710 345 1750 manos
379 1695 664 1750 dissidium
700 1700 752 1750 in
783 1697 848 1752 iis
880 1713 1000 1766 qua:
1031 1698 1094 1752 ad
1148 1699 1409 1770 imagines
1434 1711 1703 1772 spectant.

156 1787 285 1841 adeo
315 1797 372 1840 ut
398 1788 487 1841 alii
523 1790 657 1843 alios
683 1788 1020 1845 inﬁdelitatis
1053 1790 1414 1857 damnarent,
1470 1794 1702 1848 dicenti-

156 1877 260 1937 bus
293 1883 412 1938 aliis
442 1902 457 1938 :
488 1883 591 1950 Qui
625 1884 918 1956 imaginem
962 1887 1189 1941 coluerit
1217 1888 1550 1946 infidelitatis
1581 1907 1706 1946 rcus

151 1986 266 2042 est;
299 1977 419 2030 aliis
449 1996 463 2030 :
490 1975 588 2041 Qui
612 1992 704 2030 eas
733 1992 842 2031 non
877 1979 1129 2041 coluerit,
1157 1979 1390 2036 infidelis
1418 1991 1519 2037 est.
1549 1983 1702 2049 Quod

151 2081 270 2121 cum
301 2067 541 2121 audisset
567 2066 908 2135 Sophronius
935 2068 1241 2137 patriarcha
1272 2070 1695 2137 Alexandrinus,

149 2157 443 2211 orationem
476 2157 685 2224 longam
709 2159 927 2228 scripsit
952 2159 1003 2212 in
1037 2174 1141 2228 qua
1176 2161 1467 2229 imaginum
1497 2165 1701 2218 cultum

150 2244 406 2308 defendit,
442 2245 544 2299 hoc
577 2246 631 2299 in
659 2262 718 2300 ea
745 2257 1059 2317 argumento
1095 2265 1247 2313 usus,
1277 2250 1500 2308 dicens:
1535 2253 1702 2320 Deus,

148 2335 304 2404 cujus
364 2334 509 2390 fama
566 2332 822 2404 gloriosa,
877 2346 930 2390 et
985 2351 1180 2392 nomen
1242 2351 1514 2400 sanctum.
1576 2343 1702 2398 Mosi

146 2423 396 2498 pra-cepit
454 2436 509 2481 ut
572 2428 623 2482 in
700 2431 1063 2485 tabernaculo
1104 2433 1362 2501 temporis
1439 2435 1701 2504 imagines

144 2518 581 2583 Cherubinorum
616 2535 812 2574 aureas
869 2521 1334 2593 formaret,_quas
1385 2525 1525 2576 intra
1580 2541 1725 2578 sanr

142 2609 414 2663 ctuarium
470 2617 750 2671 statueret,
807 2608 1018 2673 deinde,
1060 2609 1202 2674 quod
1261 2609 1421 2681 452
1483 2611 1716 2689 8³1οιηο¹

141 2697 367 2754 Davidis
424 2699 736 2755 filiuscum
798 2700 1055 2768 templum
1113 2710 1442 2772 exstrueret,
1499 2706 1549 2757 in
1588 2705 1702 2772 ipso

143 2789 408 2857 imagines
431 2788 867 2843 Cherubinorum
898 2774 1092 2844 aureas
1127 2794 1458 2860 reposuerit.
1484 2795 1700 2850 .Dicous

137 2879 408 2949 insuper:
442 2882 574 2934 (Tum
605 2881 825 2950 perlatae
880 2880 1084 2936 fuerint
1133 2896 1165 2934 a
1219 2898 1343 2951 rege
1394 2885 1583 2939 litterae
1631 2889 1695 2941 ad

140 2975 454 3042 praefectum
512 2974 681 3041 ipsius
738 2972 973 3041 aliquem
1034 2974 1213 3043 sigillo
1259 2978 1405 3045 regio
1455 2977 1699 3048 signatm,

1817 515 2202 585 solymitanus,
2245 515 2334 568 ubi
2377 528 2550 569 annos
2583 514 2816 584 quinque
2849 517 3010 580 sedit,
3050 517 3173 571 dein
3225 533 3361 573 mor-

1815 617 1942 661 tuus
1991 616 2096 662 est.
2147 606 2470 661 interfectus
2515 614 2598 660 est
2645 615 2822 661 autem
2847 608 3279 665 AllMotawacrel
3311 612 3366 664 in

1815 699 2014 766 palatio
2041 713 2138 753 suo
2195 700 2250 751 in
2292 699 2423 753 urbe
2452 713 2612 767 quam
2678 698 3013 765 condiderat,
3074 702 3365 755 Allaafaria

1816 787 2101 854 appellata.
2156 786 2282 863 Fuit
2324 789 2496 843 caedes
2554 788 2726 857 ipsius
2773 789 2860 843 die
2919 789 3102 846 Martis
3163 793 3365 847 mensis

1818 875 2052 930 Shawali
2103 877 2301 941 tertio,
2349 894 2494 931 anno
2547 878 2926 933 ducentesimo
2960 880 3366 950 quadragesimo

1813 962 2068 1026 septimo,
2120 978 2242 1016 cum
2307 978 2572 1018 annorum
2633 974 2782 1020 esset
2821 967 3180 1037 quadraginta
3228 985 3363 1036 qua-

1815 1061 1940 1108 tuor
1966 1071 1979 1106 :
2011 1046 2364 1122 sepultusque
2391 1064 2477 1132 est
2509 1055 2775 1111 laafariae.
2805 1058 2926 1112 Fuit
2947 1061 3154 1125 fuscus,
3180 1062 3364 1116 colore

1815 1143 1884 1197 ad
1909 1143 2230 1198 ﬂavedinem
2265 1155 2538 1215 vergente,
2573 1146 2710 1203 facie
2744 1160 2996 1215 venusta,
3030 1153 3366 1223 mystacibus

1816 1237 1976 1300 raris”,
2011 1237 2188 1294 oculis
2221 1237 2624 1306 grandioribus.
2660 1241 2966 1297 Satellit‘um
3017 1245 3186 1312 ipsius
3229 1261 3366 1313 prae.

1813 1327 1986 1381 fectus
2012 1328 2112 1383 fuit
2137 1329 2287 1383 lsaac
2317 1329 2430 1384 Ebn
2469 1332 2771 1400 Abraltim;
2812 1351 2982 1404 eoque
3015 1347 3228 1392 mortuo
3276 1352 3364 1391 ac-

1811 1421 2006 1474 cedens
2037 1408 2372 1476 Mohammed
2405 1424 2515 1478 Ebn
2547 1426 2853 1493 Abd'ollahi,
2888 1429 3002 1483 Ebn
3036 1428 3310 1492 Tdhaher,
3337 1445 3367 1482 e

1813 1510 2153 1577 Chorasano,
2205 1512 2729 1590 iisdem‘praafectus
2780 1528 2882 1573 est.
2921 1518 3132 1574 Janitor
3191 1520 3365 1590 ipsius

1819 1601 1996 1656 Wasif
2013 1604 2187 1657 Turca
2215 1622 2229 1668 ;
2265 1619 2325 1659 ac
2359 1615 2479 1675 post
2510 1608 2685 1675 ipsum
2719 1609 2845 1664 Said
2878 1610 2995 1665 Eb‘n
3026 1612 3187 1667 Saleh
3215 1631 3228 1676 ;
3260 1629 3360 1666 nec

1816 1709 1921 1747 non
1973 1693 2183 1763 Bagaus
2223 1696 2422 1750 Turca.
2457 1696 2669 1752 Janitor
2707 1700 3017 1756 ordinarius
3052 1702 3216 1757 Iacob
3245 1704 3359 1757 Ebn

1811 1784 2104 1839 Abrahim:
2136 1784 2334 1839 deinde
2384 1786 2688 1850 Kausarah,
2733 1798 2786 1841 et
2837 1789 2977 1842 Atab
3029 1789 3145 1859 Ehg
3197 1790 3362 1845 Atab.

1803 1875 2099 1930 Plurimum
2151 1878 2290 1946 apud
2323 1893 2444 1932 eum
2497 1885 2713 1948 poterat
2741 1880 3018 1934 AlPhatah
3077 1882 3186 1936 Ebn
3221 1877 3361 1937 Cha-

1804 1967 1928 2034 kan,
1963 1977 2014 2022 et
2051 1967 2218 2043 Obaid
2275 1969 2426 2023 Allah
2456 1970 2572 2024 Ebn
2606 1970 2807 2041 Yahyre
2855 1971 2968 2026 Ehn
3006 1972 3224 2028 Chakan
3273 1990 3362 2030 se-

1802 2070 1945 2114 creta
1955 2059 2086 2114 rius.
2853 2135 2857 2138 .
3080 2077 3083 2079 ’

2013 2151 2175 2224 456
2202 2150 2496 2221 Cliolifatus
2528 2153 2895 2209 AlMonlaseri
2931 2155 3147 2210 Billalu'.

1874 2243 2233 2311 lnauguratus
2269 2250 2354 2298 est
2394 2245 2740 2302 AlMontasar
2771 2248 2962 2301 Billahi
3019 2247 3359 2304 Mohammcd

1807 2333 1972 2387 Ebnol
2008 2333 2366 2388 Motawacceli
2401 2335 2507 2404 (cui
2557 2345 2732 2390 mater
2772 2337 2871 2392 fuit
2897 2339 3222 2404 concubina,
3256 2353 3361 2394 no-

1805 2427 1951 2479 mine
2003 2407 2329 2494 llabashiah)
2375 2429 2563 2481 eodem
2612 2428 2698 2482 die
2733 2443 2842 2496 quo
2890 2431 3104 2485 occisus
3138 2439 3221 2485 est
3265 2431 3361 2486 ΛΙ-

1803 2517 2196 2572 Motawaccel:
2247 2519 2437 2585 quinto
2490 2526 2777 2589 postquam
2823 2521 3051 2577 chalifa.
3086 2525 3366 2577 renuntia-

1802 2617 1887 2664 tus
1918 2621 2000 2665 est
2044 2610 2128 2664 die
2161 2625 2191 2664 e
2219 2610 2446 2664 iaafuria
2478 2627 2535 2666 se
2589 2610 3062 2666 Sarramanraiam
3109 2614 3364 2680 contulit,

1800 2702 2072 2769 diruitque
2109 2695 2388 2754 iaafariam
2437 2704 2492 2754 et
2546 2700 2900 2756 Allausakum
2926 2704 3188 2759 deseruit.
3233 2703 3363 2760 Fra-

1796 2805 1906 2847 tres
1936 2794 2091 2846 etiatn
2116 2808 2242 2845 suos
2274 2792 2384 2844 Abu
2405 2780 2758 2846 Ablollahnm
2784 2792 3027 2847 AlMotaz
3057 2794 3345 2858 Billahi,et

1799 2886 2147 2939 Abrahintum
2170 2876 2670 2953 Alllloavadwbiilalti
2693 2885 3164 2959 hmreditatisjttre
3185 2888 3355 2966 exuit,

1809 2991 1869 3029 ea
1908 2978 1970 3026 de
1998 2991 2053 3028 re
2082 2975 2280 3029 litteris
2317 2975 2512 3041 passim
2561 2974 2613 3027 in
2651 2977 2964 3045 provincias
2996 2979 3196 3035 missis.
3233 2975 3359 3035 Fuit

136 3064 458 3132 dictumque
484 3063 647 3117 fuerit
669 3063 719 3117 id
751 3063 978 3118 scienti:
1003 3064 1098 3118 Est
1127 3066 1228 3120 hoc
1249 3068 1486 3137 sigillum
1517 3073 1700 3140 regis:
1735 3058 1772 3108 (ἶ
1809 3065 2096 3120 chalifatus
2122 3065 2294 3133 ipsius
2325 3065 2675 3130 unius,anni,
2700 3081 2791 3121 sex
2812 3068 3169 3133 mensium,et
3197 3071 3358 3122 trium

139 3155 418 3224 haeipsius
458 3156 654 3208 littera:
695 3172 709 3208 ε
751 3168 932 3208 annon
978 3169 1274 3226 assurgens
1319 3159 1484 3212 stabit
1528 3161 1702 3215 donec

135 3248 354 3302 litteras
388 3261 548 3299 manu
575 3256 827 3313 acceptas
858 3234 1140 3310 osculatus
1170 3248 1359 3312 fuerit,
1380 3252 1704 3321 easdemque

134 3337 307 3407 capiti
359 3346 413 3392 et
466 3336 641 3392 oculis
677 3337 794 3391 suis
850 3337 1192 3393 admOvcrit?
1246 3355 1423 3406 neque
1460 3341 1697 3396 'interizu

133 3427 260 3483 ideo
295 3429 532 3496 assurgit
567 3438 661 3481 aut
687 3428 900 3483 litteras
931 3429 1238 3496 osculatur,
1279 3432 1423 3500 quod
1458 3433 1698 3486 chartam

129 3527 449 3584 veneretur,
489 3527 584 3595 aut
617 3533 795 3574 ceram
821 3518 1023 3573 charta:
1053 3508 1366 3584 obductam,
1422 3529 1514 3574 aut
1555 3534 1700 3576 atra-

127 3615 380 3668 mentum
404 3612 546 3665 intra
583 3612 848 3677 chartam,
873 3621 965 3665 aut
997 3615 1139 3682 quod
1177 3614 1370 3670 litteris
1444 3624 1696 3686 assurgat

124 3717 341 3771 easque
391 3709 702 3757 veneretur.
743 3703 882 3763 Non.
918 3717 1013 3772 per
1061 3703 1241 3768 vitam;
1265 3720 1460 3771 meam,
1510 3708 1578 3762 ob
1613 3724 1697 3764 re-

114 3778 254 3848 rum
282 3795 508 3848 istarum
531 3793 768 3870 aliqu_am
791 3831 806 3857 ,
840 3808 1024 3846 verum
1049 3793 1173 3847 inde
1202 3794 1304 3848 hoc
1326 3806 1409 3850 est
1437 3788 1580 3866 quod
1611 3813 1696 3853 re-

127 3899 254 3952 gem
283 3891 594 3948 veneretur,
623 3883 850 3952 ejusque
901 3898 1122 3953 nomen,
1176 3900 1301 3939 cum
1359 3886 1533 3956 ipsius.
1587 3890 1697 3962 sint

125 3976 331 4030 littera:
366 3975 508 4029 istae.
534 3973 649 4028 Hac
683 3974 848 4042 igitur
875 3988 940 4027 ex
977 3982 1131 4043 parte
1171 3975 1326 4030 decet
1358 3991 1458 4031 nos
1505 3978 1697 4047 imagi-

124 4083 256 4123 nem
308 4055 470 4121 istam
516 4066 837 4139 deoscu’lari
866 4081 930 4119 ac
983 4067 1257 4136 venerari,
1309 4083 1413 4122 non
1448 4070 1590 4138 quod
1628 4071 1699 4125 ita

120 4173 250 4214 eam
279 4159 597 4214 OSCUiaIIIUI‘
639 4173 701 4211 ac
733 4157 876 4211 idola
919 4157 1022 4212 coli
1075 4158 1312 4222 soleant,
1360 4175 1544 4214 verum
1596 4161 1698 4216 hoc

122 4250 187 4304 lit
243 4250 387 4318 quod
451 4247 800 4304 veneratione
841 4235 1005 4318 atque
1055 4247 1271 4303 honore
1311 4252 1697 4320 prosequimur

121 4355 330 4396 nomen
380 4339 634 4406 martyris
678 4335 1112 4411 -istius,.c,ujus
1173 4337 1354 4406 imago
1403 4330 1696 4393 coloribus

120 4433 254 4486 istis
333 4428 650 4497 depingitur
673 4467 689 4481 .

119 4535 314 4590 regem
343 4518 702 4588 Theophilum
737 4516 905 4583 misit,
956 4519 1064 4587 Qua
1112 4516 1334 4587 accepta
1372 4520 1586 4575 laetatus
1616 4532 1697 4576 est

117 4612 244 4676 ille,
284 4595 465 4678 atque.
502 4608 573 4663 ab
623 4622 690 4662 eo
719 4623 832 4678 quo
867 4609 1147 4677 imagines
1201 4619 1523 4677 prosccutus
1575 4601 1691 4666 erat

116 4703 257 4758 odio
290 4716 592 4756 conversus
622 4710 722 4754 est.
786 4697 911 4754 Fuit
954 4701 1115 4753 etiam
1165 4700 1282 4754 Abu
1331 4702 1522 4756 Korrte
1555 4690 1697 4759 inter

113 4810 225 4850 eos
260 4793 357 4864 qui
382 4791 678 4862 ima‘ginum
721 4791 931 4845 cultum
989 4787 1370 4856 defenderunt,
1425 4807 1595 4864 eaque
1629 4793 1696 4849 de
1731 4816 1735 4821 ε

113 4902 181 4941 re
221 4876 423 4938 librum
454 4882 696 4951 scripsit,
724 4896 882 4951 quem
918 4881 1244 4951 appellavit:
1281 4881 1572 4939 Sermones
1620 4883 1685 4940 de

111 4976 279 5033 cultu
313 4973 634 5042 imaginum.
665 4969 812 5026 Obiit
843 4981 1024 5026 autem
1078 4970 1419 5040 SOphronius
1450 4976 1685 5042 patriar-

111 5069 230 5125 cha
294 5063 694 5119 Alexandrinus
749 5061 1027 5133 bydropisi
1090 5061 1317 5120 affectus
1369 5063 1462 5132 (ob
1521 5080 1683 5134 quam

112 5156 479 5230 “3-455
516 5156 754 5214 cumlac
793 5154 1165 5222 mandragorae
1195 5153 1441 5218 bibisset,
1475 5155 1608 5208 nihil
1636 5156 1684 5210 ei

114 5248 381 5321 profuit),
400 5264 544 5302 anno
567 5247 944 5302 ducentesimo
975 5245 1252 5301 tricesimo
1281 5247 1464 5310 tertio,
1487 5247 1690 5300 consti-

110 5348 252 5396 tuto
282 5347 406 5409 post
442 5339 615 5405 ipsum
643 5337 956 5406 patriarcha
990 5333 1360 5389 Alexandrino
1401 5334 1684 5400 Michaele,

109 5431 217 5500 qui
274 5445 450 5483 annos
493 5423 682 5499 viginti
718 5437 954 5496 quatuor
997 5427 1157 5480 sedit.
1198 5425 1320 5479 Fuit
1357 5427 1443 5481 ille
1489 5441 1518 5480 e
1568 5427 1691 5483 filiis

112 5518 370 5581 Bacatui,
398 5517 677 5571 Burensis.
709 5515 999 5572 Porroefuit
1021 5515 1312 5571 chalifatus
1333 5513 1688 5569 AlMotawac-

109 5608 226 5662 ccli
285 5622 552 5661 annorum
588 5607 1024 5676 quatuordecim,
1074 5621 1266 5673 novem
1311 5605 1598 5667 mensium,
1631 5613 1687 5660 et

113 5714 327 5755 n0vcut
362 5701 590 5753 dierum.
618 5698 771 5753 Auno
793 5697 1082 5752 ehalil'atus
1111 5697 1228 5764 ejus
1247 5696 1456 5752 decimo
1477 5692 1683 5751 consti-

1802 3159 2031 3211 dierum.
2087 3157 2234 3209 Obiit
2291 3171 2461 3210 annos
2512 3167 2671 3211 natus
2715 3158 2905 3227 viginti
2985 3169 3125 3214 octo.
3165 3160 3359 3228 Sepul—

1801 3261 1994 3318 tusque
2025 3258 2106 3301 est
2150 3247 2618 3312 Sarramanraiae;
2675 3249 2983 3317 sepulcrum
3030 3251 3149 3319 ejus
3198 3267 3360 3320 opere

1802 3341 2010 3396 albario
2047 3340 2258 3394 ornavit
2289 3347 2463 3393 mater
2490 3339 2660 3408 ipsius
2687 3379 2702 3404 ,
2731 3356 2838 3408 quo
2887 3357 2993 3393 non
3041 3349 3196 3395 antea
3241 3344 3360 3396 cui-

1801 3437 1942 3502 piam
1994 3432 2314 3486 chalifarum
2357 3431 2667 3499 sepulcrum
2711 3432 3008 3487 obductum
3059 3433 3178 3490 fuit.
3233 3435 3357 3489 Fuit

1805 3522 2144 3577 AlMoutascr
2204 3529 2427 3576 staturae
2480 3521 2781 3589 quadratae,
2849 3537 3080 3593 corpore
3134 3527 3358 3591 decoro,

1805 3612 2016 3678 fuscus,
2071 3611 2309 3682 pinguis.
2359 3609 2664 3664 Satellitum
2713 3613 2886 3680 ipsius
2941 3616 3226 3684 praefectus
3257 3617 3360 3693 fuit
3436 3632 3438 3634 '

1804 3704 2146 3760 Mohammed'
2187 3704 2301 3757 Ebn
2336 3703 2598 3771 Abdollah
2647 3703 2761 3758 Ebn
2811 3704 3084 3761 Tdhalter.
3143 3706 3353 3773 Janitor

1802 3797 1919 3852 Abu
1945 3779 2113 3850 Nasci-
2135 3797 2314 3851 Turca
2365 3813 2463 3852 nec
2498 3811 2602 3853 non
2629 3798 2836 3851 Ahmed
2873 3797 2985 3852 ΕΙηι
3018 3799 3248 3854 Chasab.

1933 3956 1935 3959 ι
2233 3889 2534 3958 Chalifatus
2567 3889 2934 3960 AlMostaim',

1865 3979 2266 4035 Convenientes
2345 3981 2644 4035 Turcarum
2704 3981 2872 4036 duces
2925 3982 2992 4035 ad
3048 3982 3352 4053 eligendum

1796 4087 1955 4143 quem
1985 4071 2237 4127 chalifam
2290 4074 2689 4138 renuntiarent,
2718 4074 3028 4128 abnuerunt
3057 4090 3120 4129 ex
3176 4072 3355 4130 AlMo-

1796 4163 2073 4218 tawacceli
2128 4163 2250 4217 ﬁliis
2277 4163 2512 4232 cuipiam
2541 4164 2860 4234 obsequium
2890 4166 3111 4234 pacisci.
3150 4166 3355 4222 Cecidit

1793 4251 2148 4324 457-459
2172 4266 2301 4320 ergo
2330 4254 2526 4307 electio
2558 4253 2796 4322 ipsorum
2827 4255 2879 4308 in
2909 4254 3201 4311 Ahmedem
3235 4257 3350 4312 Ebn

1801 4340 2192 4394 Mohammedis
2258 4339 2638 4404 AlMotasami,
2695 4343 2777 4396 cui
2825 4347 3001 4398 mater
3048 4347 3352 4401 concubina
3393 4370 3396 4372 ν

771 4427 952 4496 Atque
1034 4427 1173 4480 hanc
1257 4429 1539 4496 epistolam
1625 4429 1778 4489 ad.D
1806 4429 1906 4485 fuit
1933 4429 2153 4483 nomine
2196 4428 2553 4497 Machareck;
2612 4445 2770 4499 quem
2813 4432 3065 4486 chalifam
3100 4435 3200 4489 fide
3248 4436 3350 4504 ipsi
3393 4483 3396 4485 Α

1795 4521 1922 4594 data
1969 4521 2324 4576 constitutum
2348 4561 2362 4575 .
2396 4521 2697 4576 Almostain
2732 4522 2922 4576 billahi
2965 4526 3358 4581 nominarunt-

1771 4608 1934 4664 -Tum
1966 4621 2087 4662 orto
2122 4609 2468 4662 in'exe'rcitu
2508 4608 2761 4676 dissidio,
2795 4618 2956 4679 atque
3010 4613 3151 4666 inter
3185 4615 3346 4669 liber-

1796 4705 1882 4754 tos
1921 4699 2181 4761 tumultu,
2210 4698 2344 4769 fugit
2373 4699 2672 4754 Almostain
2695 4700 2749 4754 in
2787 4701 3055 4767 navicula,
3079 4705 3346 4760 comitan-

1796 4789 1940 4843 tibus
1974 4789 2147 4858 ipsum
2183 4788 2446 4857 Wasipho
2473 4798 2527 4844 et
2554 4789 2728 4858 Bagoa
2760 4789 2975 4855 Turcis,
3011 4787 3345 4862 Bagdadnm'.

1793 4879 1945 4936 Servi
1978 4889 2158 4935 autem
2207 4890 2263 4935 et
2292 4881 2588 4944 exercitus,
2622 4883 2714 4952 qui
2758 4883 3179 4938 Sarramanraia:
3225 4886 3342 4942 fue-

1791 4981 1937 5038 runt,
1983 4973 2105 5026 Abu
2165 4973 2428 5026 Abdallah
2483 4971 2904 5028 Ebnol‘Motaz'zi
2951 4975 3118 5029 Ebnol
3169 4977 3341 5032 Mota-

1789 5062 2031 5126 wacceli,
2073 5063 2157 5116 cui
2191 5072 2363 5117 mater
2396 5064 2500 5119 fuit
2549 5068 2849 5122 concubina
2906 5067 3125 5120 nomine
3169 5069 3339 5124 Kabi-

1789 5151 1915 5216 hab,
1946 5151 2141 5204 throno
2167 5152 2494 5208 collocantes
2529 5154 2779 5209 chalifam
2820 5155 3145 5220 salutarunt,
3182 5158 3337 5210 initio

1742 5236 1745 5239 ’
1790 5243 1996 5297 mensis
2045 5242 2352 5302 Moharram
2408 5247 2534 5299 anni
2588 5246 2950 5301 ducentesimi
3003 5249 3338 5318 quinquage-

1787 5332 1933 5387 simi.
1965 5333 2196 5401 Fuitque
2228 5336 2508 5388 contentio
2543 5343 2595 5387 et
2621 5335 2819 5388 bellum
2853 5336 2992 5392 inter
3016 5337 3337 5393 Almostaini

1787 5432 1841 5476 et
1872 5423 2160 5477 Almotazzi
2215 5424 2469 5477 asseclas.
2520 5424 2627 5478 [les
2678 5436 2855 5478 autem
2904 5426 3124 5478 bellicas
3154 5428 3336 5484 Almo-

1791 5511 1922 5565 tazzi
1977 5514 2194 5565 nomine
2252 5512 2669 5568 administrabat
2731 5516 2844 5568 Abu
2897 5517 3100 5568 Ahmcd
3166 5520 3336 5574 Ebnol

1795 5602 2154 5668 Motawaccel,
2183 5618 2359 5672 neque
2382 5616 2676 5658 cessarunt
2711 5607 2843 5658 bella
2875 5621 3128 5660 exercere
3166 5625 3336 5675 usque

1795 5693 1858 5749 ad
1898 5696 2116 5748 initium.
2151 5697 2351 5750 mensis
2387 5696 2751 5750 AlMoltarram
2812 5700 2934 5749 anui
2980 5698 3336 5759 tluccutcsirui
