3962 6344
613 432 743 495 1139

1623 433 1976 494 EUTYCHII
2022 392 2535 496 ALEXANDRINI
2581 438 2789 498 PATn.

3642 433 3730 495 illo

606 538 1038 609 quinquagesimi
1090 539 1314 596 secundi
1351 548 1506 595 :tum
1558 543 1701 597 enim
1741 545 1861 598 luco
1888 558 1945 597 se
1977 541 2134 597 abdi—
2167 546 2208 600 Α
2239 544 2330 613 qui
2365 546 2660 600 Abmedem
2699 545 2813 599 Ebn
2856 543 3031 596 Tulun
3074 532 3546 609 deputatum/sibi
3584 546 3735 595 cunni.

604 640 759 682 cante
798 629 1146 694 Alnlostaino,
1198 629 1337 685 facta
1390 640 1474 686 est
1505 646 1632 701 pas,
1664 633 1881 701 scriptis
1914 640 2148 684 testante

601 718 935 795 Alblostaino
979 734 1038 774 se
1086 721 1186 774 hoc
1234 730 1425 788 sponte
1476 721 1686 787 facere,
1739 732 1792 775 et
1836 722 2146 776 securitatis

602 807 838 860 libellum
868 807 945 861 illi
976 808 1247 864 scribente
1272 808 1580 863 AlMotazzo
1612 810 1869 863 adhibitis
1899 809 2143 863 testibus.

598 897 804 951 Deinde
854 896 1136 951 Wasetum
1195 897 1357 952 Eraki
1416 899 1602 955 urbem
1670 899 1973 954 descendit.
2024 899 2146 954 Fuit

597 987 891 1043 irllalil'atus
928 988 1121 1057 ipsius,
1155 988 1329 1044 donec
1372 1004 1432 1043 se
1465 990 1639 1058 ipsum
1670 990 1896 1059 imperio
1927 989 2146 1044 abdica-

594 1078 703 1141 vit,
749 1093 1011 1133 annorum
1054 1080 1216 1132 trium
1274 1095 1394 1134 cum
1445 1090 1568 1134 octo
1614 1081 1915 1137 mensibus.
1965 1080 2144 1134 Primo

594 1168 886 1222 chalil‘atus
921 1170 1095 1237 ipsius
1142 1185 1285 1225 anno
1319 1174 1647 1225 constitutus
1702 1183 1785 1226 est
1828 1172 2139 1226 Theodorus

595 1259 1015 1329 (quiAlMoklati
1051 1260 1222 1328 audit)
1258 1263 1559 1329 patriarcha
1601 1261 2137 1331 Hierosolymitanus,

593 1352 685 1424 tuli
738 1365 912 1406 annos
948 1351 1319 1405 novemdeciln
1364 1350 1525 1415 sedit,
1567 1352 1693 1406 (lein
1741 1361 1986 1405 mortuus
2028 1358 2133 1405 est.

592 1439 727 1493 Fuit
766 1451 941 1495 autem
998 1442 1366 1497 Almostainus
1423 1443 1659 1512 pinguis,
1709 1441 1873 1513 560
1914 1440 2137 1522 curpore

2242 645 2423 698 tuens.
2462 637 2637 704 ipsum
2690 637 2741 689 in
2793 634 3079 703 Egyptum
3116 632 3286 685 misit.
3340 632 3610 685 Bacbacus
3646 642 3730 686 vett

2240 730 2415 801 ηδε
2439 728 2661 782 Ahntedi
2694 726 2807 779 Elin
2844 725 3036 779 Toluni
3079 724 3238 776 tiliam
3284 737 3435 776 suam
3476 724 3533 775 in
3566 738 3737 775 uxorein

2242 818 2482 874 dederat.
2513 818 2797 887 Ingressus
2828 824 2909 870 est
2960 825 3135 869 autem
3191 812 3397 865 Ahmed
3453 813 3565 865 Ehn
3610 814 3737 865 Toluu

2240 909 2533 979 Egyptum
2590 922 2776 961 mense
2840 906 3151 960 Ramailano
3218 918 3358 957 anno
3419 904 3740 956 ducentesimo

2244 999 2696 1069 quinquagesimo
2744 1008 2961 1067 quarto.
3022 994 3274 1049 Turbata:
3312 1001 3437 1049 sunt
3472 1001 3639 1045 autem
3681 1008 3743 1045 res

2243 1091 2382 1145 inter
2407 1088 2766 1141 AlMiitazztlm
2799 1096 2849 1140 et
2887 1086 3135 1157 libertos.
3166 1085 3419 1150 0biitque
3450 1082 3744 1136 Almotautts

2240 1182 2325 1236 die
2353 1180 2535 1233 Martis
2564 1180 2723 1231 tertio
2756 1176 3120 1229 autc'iiuituln
3163 1189 3398 1226 mensem
3432 1172 3615 1236 Rajeb.
3640 1187 3748 1224 anno

2241 1268 2611 1325 ducentesimo
2633 1266 3081 1335 quinquagesimo
3114 1264 3324 1331 quinto.
3357 1263 3480 1315 Fuit
3505 1263 3747 1316 cbaliialus

2240 1360 2409 1429 ipsius
2434 1366 2552 1423 post
2572 1355 2887 1410 Alblostaini
2926 1352 3321 1407 abdicationem
3346 1366 3602 1402 annorum
3624 1351 3749 1403 triuln

2236 1467 2354 1504 cum
2384 1447 2659 1501 mensibus
2694 1460 2909 1506 novem,
2949 1443 3139 1496 diebus
3169 1448 3311 1495 octo.
3345 1436 3493 1503 Er'at,
3526 1455 3637 1492 cum
3666 1457 3753 1494 mo.

595 1540 842 1599 vlnusto,
875 1531 1042 1584 barba
1078 1532 1269 1600 nigra;
1306 1534 1596 1586 satellitum
1648 1533 1816 1601 ipsius
1856 1530 2140 1601 plail‘ectns
2235 1550 2473 1602 νει-ρων,
2525 1552 2793 1591 annorum
2848 1532 3035 1609 viginti
3088 1533 3342 1586 duorum.
3406 1528 3654 1599 Sepultus
3680 1525 3752 1584 est

594 1616 694 1671 fuit
730 1618 1068 1671 Multalnnled
1102 1618 1213 1671 Ebn
1247 1620 1504 1679 Abdollze.
1535 1620 1647 1673 Ebn
1677 1620 1963 1673 Tdhallcri.
1996 1617 2142 1672 Jani-
2172 1673 2183 1680 _

595 1718 742 1763 tores
772 1708 961 1781 ipsius,
989 1707 1167 1763 Wasif
1186 1716 1238 1764 et
1272 1709 1438 1779 Boga,
1468 1709 1678 1761 Turne.

840 1782 863 1806 ⁸
1035 1799 1332 1868 Chalifattts
1380 1800 1696 1856 “Moloni.

663 1890 865 1946 Omnes
919 1891 1009 1961 qui
1053 1891 1475 1945 Sarramantaite
1528 1892 1747 1945 fuerunt
1800 1900 1906 1945 tam
1953 1888 2140 1947 Turca‘.

593 1998 754 2051 quam
788 1983 902 2046 alii,
933 1981 1295 2035 AlMotazzam
1330 1980 1586 2035 chalifam
1622 1982 1725 2035 iide
1751 1982 1876 2033 .lata
1916 1981 2145 2050 inaugu-

590 2081 801 2136 rarunt,
836 2072 1023 2126 mense
1053 2071 1423 2125 AlMobarram
1452 2072 1580 2124 anni
1606 2071 1959 2126 dueentesimi
1985 2070 2145 2137 quin-

591 2163 891 2232 quagesimi
945 2162 1126 2232 primi,
1178 2176 1301 2215 cuin
1353 2170 1501 2216 esset
1536 2161 1831 2215 AlHostain
1885 2158 2144 2228 Bagdadi,

593 2268 657 2305 ac
723 2253 1009 2321 provinciae
1058 2251 1324 2315 turbatae,
1362 2250 1863 2319 ntajori'bominum
1902 2258 2052 2319 parte
2082 2250 2146 2302 Al

592 2343 858 2399 Mostaino
888 2341 1303 2396 adhaerentibus.
1330 2342 1405 2392 At‘
1428 2354 1549 2397 cum
1572 2353 1632 2395 se
1663 2339 1893 2407 imperio
1920 2338 2141 2393 abdica-

591 2445 745 2491 verat
787 2436 847 2506 AJ
881 2433 1114 2491 Mostain
1149 2433 1304 2488 initio
1349 2434 1551 2488 mensis
1588 2432 1983 2497 Alloliarram,
2018 2433 2142 2488 anni

592 2523 951 2580 ducentesimi
1005 2523 1438 2594 quinquagesimi
1495 2524 1743 2586 secundi,
1805 2523 1907 2579 hoc
1958 2524 2143 2594 audito

593 2619 841 2672 homines
890 2592 1133 2672 obsecuti
1162 2592 1335 2671 dsunt.
1392 2616 1745 2671 AlMotauus
1798 2626 1974 2671 autem
2024 2592 2144 2669 cum

595 2708 962 2762 successionis
987 2707 1079 2776 jus
1107 2708 1410 2761 Abrabimo
1441 2706 1505 2761 Al
1527 2706 1745 2777 loayad
1776 2706 1957 2760 billalli
1987 2706 2140 2760 resti-

593 2794 830 2856 tuisset,
867 2794 1055 2847 eodem
1109 2808 1301 2848 rursus
1356 2793 1529 2862 ipsum
1576 2793 1759 2869 exuit,
1812 2793 1901 2863 qui
1947 2790 2143 2845 deinde

593 2892 842 2940 mortuus
879 2893 961 2944 est
995 2901 1010 2938 :
1049 2883 1193 2953 quod
1230 2899 1351 2938 cum
1386 2899 1526 2953 egre
1576 2883 1738 2938 ferret
1774 2882 1890 2937 Abu
1936 2881 2145 2936 Abmetl

595 2975 749 3027 fratri
780 2989 878 3029 suo
908 2974 1195 3037 accidisse,
1240 2974 1412 3041 ipsum
1458 2974 1715 3027 Basoratn
1750 2972 2007 3041 relegavit
2052 2970 2146 3025 Al-

593 3065 866 3121 llotaazus
892 3083 906 3119 :
942 3064 1209 3118 interiecti
1232 3074 1359 3117 sunt
1385 3064 1547 3119 etiam
1572 3062 1865 3130 Wasipllus
1892 3073 1940 3116 et
1970 3060 2137 3129 Boga.

2239 1632 2407 1687 Sarra
2463 1627 2716 1682 Manraiae
2766 1642 2780 1678 :
2836 1612 3145 1692 sepulcrum
3199 1621 3321 1690 ejus
3377 1634 3541 1685 apere
3590 1620 3755 1673 albario

2241 1720 2458 1775 ornavit
2492 1725 2665 1771 mater
2695 1716 2867 1784 ipsius
2893 1713 3045 1782 juxta
3074 1714 3380 1780 sepulcrum
3413 1710 3753 1765 Alklontasa'ri.

2245 1812 2368 1865 Fuit
2401 1807 2780 1864 AlMontazzus
2818 1804 3106 1866 candidus,
3155 1803 3294 1856 facie
3345 1801 3593 1870 pulchra,
3638 1816 3756 1853 coma

2243 1902 2495 1972 eleganti,
2543 1912 2772 1967 corpore
2821 1896 3040 1958 decoro,
3075 1892 3209 1947 adeo
3255 1898 3313 1944 ut
3363 1890 3507 1943 haud
3558 1890 3653 1957 ipsi
3689 1905 3758 1956 par

2246 1993 2419 2047 forma
2479 2000 2532 2045 et
2591 1984 2989 2057 pulchritudine
3048 1981 3404 2050 reperiretur.
3463 1978 3759 2031 Satellitibus

2244 2084 2416 2153 ipsius
2482 2078 2769 2148 praefectus
2817 2074 2916 2126 fuit
2962 2070 3296 2125 llullammed
3343 2067 3455 2121 Ebn
3505 2066 3762 2127 Ahdillahi,

2243 2175 2357 2229 Ebn
2400 2168 2670 2229 lelalleri
2706 2186 2720 2221 :
2756 2165 2906 2226 dein.
2958 2178 3023 2217 eo
3061 2170 3298 2223 mortuo,
3337 2158 3644 2212 Obaidallah
3674 2158 3761 2209 Ebn

2243 2261 2537 2323 Abdillalli,
2597 2259 2710 2314 Ebn
2767 2254 3001 2310 Tdahcri
3036 2270 3048 2306 :
3082 2261 3195 2304 tum
3233 2250 3424 2304 iisdem
3473 2247 3764 2317 praepositus

2241 2364 2322 2410 est
2383 2352 2622 2407 Soliman
2677 2336 2787 2401 Ebn
2849 2345 3124 2401 Ahdillahi
3180 2344 3294 2397 Ebn
3352 2341 3651 2395 Tilliaheri.
3696 2339 3763 2404 qui

2242 2442 2514 2518 [munus]
2550 2441 2679 2495 illud
2722 2439 2976 2499 obtinuit,
3014 2434 3157 2504 quod
3214 2433 3409 2487 deinde
3460 2429 3767 2484 Obaidallalli

2244 2536 2359 2590 Ebn
2405 2529 2854 2595 AbdillahipEbn
2888 2525 3163 2581 'l‘dhaheri
3215 2522 3487 2576 redditum
3518 2529 3621 2575 est.
3648 2518 3770 2572 Iani-

2245 2634 2392 2680 tores
2421 2624 2594 2694 ipsius
2622 2621 2841 2675 fuerunt
2871 2617 3114 2683 VVasipb
3152 2623 3206 2668 et
3241 2613 3382 2682 Boga
3416 2630 3430 2665 :
3464 2608 3657 2664 deinde
3692 2608 3770 2660 Sa-

2239 2719 2393 2773 lellus
2429 2716 2481 2771 ln
2516 2715 2690 2769 locum
2722 2710 2891 2781 patris
2922 2707 3005 2761 sui
3035 2704 3295 2761 suffectus
3318 2708 3438 2766 est;
3466 2708 3523 2755 et
3548 2700 3601 2753 in
3622 2698 3763 2753 locuta

2238 2808 2421 2879 Bogai,
2455 2805 2663 2860 Bacbac
2694 2800 2893 2855 Turca.

2884 2886 3183 2955 Chalifattts
3227 2882 3561 2937 Almoluadi.

2318 2986 2683 3055 lnauguratus
2710 2988 2794 3035 est
2824 2974 3435 3039 Almobtailiyvidelicet
3460 2971 3774 3025 Iohammed

2248 3078 2362 3133 Ebn
2399 3076 2583 3131 ﬂarun
2628 3069 2905 3127 Alwathek
2938 3068 3148 3129 billahi,
3186 3064 3371 3119 Ebnol‘
3396 3063 3653 3117 lotasam
3692 3061 3777 3113 bii-‘-

593 3156 943 3223 blortuusque
993 3162 1076 3208 est
1132 3153 1471 3207 Iubal‘nmed
1523 3150 1634 3205 Ebn
1673 3150 1993 3212 Abdollabi,
2024 3146 2141 3202 Ebn

2248 3169 2381 3235 labi,
2412 3167 2501 3224 cui
2533 3174 2705 3221 mater
2733 3161 2830 3217 fuit
2866 3158 3169 3215 concubina
3206 3155 3426 3211 nomine
3456 3153 3625 3207 Korb.
3673 3149 3776 3203 Fuit

594 3247 869 3319 Tdhaheri
916 3246 1201 3300 satellitum
1254 3244 1559 3313 praefectus.
1606 3241 2015 3297 AlMostainum
2048 3254 2145 3293 au-

595 3349 704 3392 tem
744 3336 965 3392 Waseto
1000 3336 1322 3391 accersitum
1346 3375 1362 3398 ,
1410 3349 1532 3388 cum
1563 3334 1847 3388 salutasset
1874 3330 2000 3386 Said
2027 3329 2145 3385 Ebn

596 3429 755 3484 Saleii
814 3428 1037 3497 janitor,
1093 3428 1267 3496 ipsum
1318 3425 1608 3481 interfecit.
1668 3426 1841 3480 Porro
1905 3431 2149 3478 mortuus

597 3529 678 3575 est
712 3505 1044 3588 Theophilus
1087 3517 1364 3571 Michaelis
1416 3515 1511 3569 lilii
1557 3513 1840 3581 Theophili
1875 3511 2151 3568 llliusRo—

595 3617 897 3678 manorum;
928 3608 1254 3673 imperator,
1310 3604 1635 3658 succedente
1676 3601 1779 3671 ipsi
1826 3602 1881 3654 in
1921 3600 2147 3669 imperio

597 3699 706 3751 lilio
747 3684 920 3767 ipsius
949 3696 1207 3751 Michaele
1230 3693 1536 3761 Theophili,
1586 3693 1681 3761 ﬁlii
1712 3690 1988 3755 Michaelis
2014 3690 2144 3743 tilio.

595 3789 718 3843 Fuit
753 3798 929 3841 autem
963 3789 1068 3841 dux
1102 3787 1318 3856 quidam
1349 3784 1697 3856 εει-463
1729 3783 1950 3837 nomine
1991 3780 2147 3835 Basi-

595 3880 701 3933 lins
733 3878 1248 3948 quem'accersitum
1282 3876 1536 3929 omnibus
1578 3872 1810 3928 ducibus
1857 3886 1920 3926 ac
1973 3871 2143 3927 comi-

600 3956 745 4025 tibus
782 3970 895 4023 suis
925 3968 1265 4038 praafecerat.
1293 3967 1388 4020 Die
1419 3975 1597 4018 autem
1635 3964 1893 4034 quodam,
1936 3978 2061 4018 cum
2088 3976 2147 4016 se

597 4060 909 4114 oblectandi
943 4057 1440 4127 gratia‘prodiisset
1475 4054 1705 4109 Michael
1746 4055 2046 4123 imperator
2087 4052 2144 4106 in

608 4152 841 4205 insulam
876 4140 1188 4219 quamdam,
1218 4164 1337 4216 qua:
1360 4165 1403 4201 e.
1431 4148 1648 4215 regione
1674 4144 2145 4213 Constantinopoli

602 4243 706 4296 sita
744 4250 824 4296 est
856 4244 909 4293 in
953 4240 1092 4293 nlari
1130 4241 1276 4307 quod
1310 4236 1514 4291 Pontus
1562 4237 1888 4305 appellatur,
1930 4235 2145 4289 irruens

602 4335 658 4386 in
705 4334 883 4399 ipsum
930 4328 1159 4383 Basilius
1197 4330 1347 4393 dus,
1400 4328 1544 4380 intra
1598 4324 1883 4379 ecclesiam
1940 4337 2061 4392 qua
2092 4324 2145 4377 in

2240 3259 2582 3330 iilaugtlratio
2596 3257 2767 3327 ipsius
2780 3255 2863 3308 die
2881 3252 3250 3315 Martis,tertio
3274 3256 3399 3301 ante
3424 3247 3633 3299 ﬁnitum
3650 3257 3777 3295 ntea-

2242 3369 2353 3410 sem
2374 3349 2559 3419 ltajeb,
2576 3333 2717 3402 anno
2735 3343 3104 3397 ducentesimo
3122 3337 3574 3408 quinquagesimo
3592 3334 3774 3419 quinto.

2244 3408 2372 3499 Erat
2403 3408 2695 3498 cliali'l’atus
2725 3436 2896 3505 ipsius
2937 3433 3065 3486 anni
3104 3432 3291 3485 unius.
3350 3416 3676 3487 Trucidatus
3713 3408 3787 3476 est.

2246 3551 2370 3591 cum
2408 3545 2678 3587 annorum
2714 3535 2858 3583 esset
2891 3524 3111 3593 triginta
3165 3534 3357 3573 novem
3392 3536 3410 3572 :
3450 3518 3691 3585 sepultus
3711 3521 3779 3567 est

2251 3622 2697 3683 Sarramanraic.
2728 3606 2854 3673 Finit
2886 3625 3093 3671 statura
3129 3611 3327 3676 media,
3378 3608 3521 3663 faeie
3558 3593 3779 3677 pulchra,

2249 3727 2479 3783 corpore
2510 3708 2763 3779 eleganti,
2798 3705 2966 3758 barba
3024 3692 3261 3786 impleh
3295 3705 3351 3752 et
3377 3698 3558 3786 nigra.
3590 3692 3779 3786 Satelli-

2249 3780 2367 3870 tuln
2394 3801 2567 3870 ipsius
2609 3796 2896 3869 pral‘ectus
2947 3780 3055 3845 fuit
3094 3780 3435 3844 Ohaidollabi
3471 3785 3589 3839 ειη.
3621 3780 3778 3870 Abdil-

2248 3868 2384 3945 lahi.
2408 3868 2617 3943 ianitor
2642 3884 2803 3939 Saleb
2836 3882 2954 3936 Ebn
2982 3878 3247 3947 Wasipll;
3296 3883 3439 3940 tum,
3481 3874 3667 3929 occiso
3700 3868 3779 3922 Sa-

2250 3982 2394 4049 lello,
2426 3980 2594 4034 Tacin
2625 3976 2827 4030 Turca.
3152 4044 3165 4049 _

2541 4065 2844 4133 Chalifatus
2884 4055 3273 4115 Minotaurum!
3318 4050 3529 4106 billalri.

2319 4154 2806 4229 Inauguratus‘est
2864 4147 3253 4205 Almotammed
3302 4144 3489 4199 billalli
3545 4148 3774 4210 (nempe.

2252 4251 2459 4307 Allmed
2491 4249 2606 4302 Ebn
2633 4244 2836 4299 Jaafarl
2867 4236 3331 4298 Almotavracceli,
3358 4235 3446 4287 cui
3480 4243 3655 4286 mater
3678 4246 3780 4283 eoo-

2252 4343 2448 4398 cubina
2499 4339 2600 4392 fuit
2648 4334 2865 4388 nomine
2897 4329 3122 4399 Knyai),
3181 4339 3368 4380 mense
3414 4323 3614 4391 Rajeb,
3661 4332 3778 4372 anno

603 4423 774 4477 insula
800 4430 899 4483 est,
927 4419 1197 4474 interfecit
1223 4459 1239 4482 ,
1281 4434 1381 4473 nec
1418 4433 1523 4471 non
1560 4426 1613 4471 et
1641 4431 1736 4470 eos
1766 4416 1862 4486 qui
1893 4414 1945 4470 in
1974 4400 2155 4471 insula~
2179 4427 2227 4484 ι)
2253 4432 2623 4490 ducentesimo
2674 4422 3123 4495 quinquagesimo
3180 4426 3356 4473 sexto.
3419 4413 3777 4470 Consiliarial

604 4524 780 4576 erant,
819 4523 874 4565 ct
911 4513 1191 4580 imperium
1245 4511 1300 4562 in
1362 4516 1684 4579 potestatem
1732 4523 1883 4561 suam
1926 4507 2153 4575 redegit,

607 4618 729 4655 cum
761 4618 862 4655 nou
889 4610 1031 4654 esset
1056 4601 1170 4667 ipse
1194 4614 1222 4651 c
1243 4600 1405 4666 stirpe
1433 4598 1599 4664 regia,
1631 4603 1817 4665 utpote
1846 4595 1937 4664 qui
1962 4610 2156 4665 genere

607 4692 850 4747 Siciliota
905 4691 1023 4745 fuit.
1060 4690 1302 4757 Cumque
1364 4687 1471 4756 ipsi
1519 4688 1727 4740 dictum
1784 4694 1932 4741 esset
1965 4704 1979 4741 :
2011 4684 2155 4751 Quid

607 4781 861 4851 estquod
904 4781 1284 4847 imperatorem
1314 4778 1582 4831 ioccidere
1630 4774 1713 4829 fas
1746 4775 1859 4829 tibi
1914 4775 2157 4830 duxisti?

606 4873 885 4941 respondit
927 4892 940 4925 ;
983 4868 1205 4921 Michael
1254 4882 1375 4923 cum
1418 4867 1697 4920 mulierem
1728 4866 2023 4933 deperiret,
2072 4880 2157 4919 me

609 4982 726 5017 i-am
760 4962 960 5019 dueere
991 4961 1169 5029 iussit,
1205 4960 1269 5011 ad
1314 4960 1485 5027 ipsam
1516 4966 1697 5009 tamen
1728 4970 1833 5008 non
1861 4954 2155 5018 accedere;

610 5069 671 5109 ut
718 5054 934 5107 nomine
975 5052 1104 5104 mihi
1151 5060 1295 5103 esset
1334 5050 1527 5101 mulier
1571 5048 1709 5112 ista,
1759 5045 1847 5099 ille
1885 5060 2011 5099 vero
2038 5059 2159 5098 cum

613 5148 730 5214 ipsa
770 5144 1026 5208 cubaret;
1078 5149 1224 5194 metu
1274 5140 1481 5193 scilicet
1517 5138 1703 5192 uxoris
1754 5151 1885 5199 suae,
1941 5150 2009 5190 ne
2048 5135 2161 5203 ipsa

616 5236 745 5289 illud
782 5235 1027 5297 rescil'et,
1070 5241 1123 5287 et
1150 5232 1295 5301 quod
1328 5246 1435 5284 non
1469 5230 1654 5283 liceret
1679 5228 1781 5298 ipsi
1813 5228 1973 5281 aliam
2024 5228 2164 5280 ultra

617 5341 836 5379 uxorem
865 5340 1017 5377 suam
1051 5326 1248 5378 ducere
1286 5339 1300 5375 :
1331 5322 1472 5390 quod
1518 5336 1637 5374 cum
1678 5319 1947 5383 fecissem,
1976 5328 2164 5389 postea

619 5414 912 5481 pnanitenia
956 5415 1175 5478 ductus,
1226 5412 1394 5465 Deum
1426 5412 1580 5464 timui
1611 5430 1627 5462 :
1659 5409 1802 5462 caede
1836 5420 1963 5477 ergo
1991 5410 2165 5476 ipsum

618 5504 805 5555 tollere
841 5504 921 5558 ias
957 5504 1085 5557 duxi
1115 5520 1130 5558 :
1164 5503 1499 5571 retinuitque
1526 5500 1757 5555 Basilius
1784 5500 2065 5568 imperium
2111 5502 2163 5554 in

619 5592 908 5657 Romanos,
1682 5594 1687 5601 ’

725 5683 1021 5752 Lhalifalus
1062 5684 1127 5737 ΑΙ
1160 5683 1387 5737 Notaui
1434 5693 1480 5734 et
1518 5681 1816 5735 Almohtadi
1844 5690 1893 5734 et
1939 5696 2059 5749 pars

702 5786 705 5789 '
1052 5777 1332 5844 chalifatats
1381 5776 1743 5829 Almotnmedt'.

697 5865 939 5919 Prae-fecit
960 5867 1295 5921 Alllutauus
1332 5865 1627 5921 Bacbacum
1651 5865 1881 5921 Turcam
1907 5865 2157 5933 Egypto,

2250 4537 2409 4577 suum
2438 4516 2723 4573 constituit
2750 4506 3113 4565 Abdollahum
3139 4504 3253 4558 Ebn
3283 4504 3487 4571 Yabyz
3515 4504 3630 4557 ΕΜ
3660 4498 3778 4553 Cha-

2250 4628 2373 4677 can,
2402 4610 2494 4680 qui
2538 4592 2905 4660 Hotawacceli
2966 4596 3320 4651 consiliarius
3372 4594 3575 4647 fuerat.
3619 4588 3777 4645 Conti-

2250 4702 2433 4758 nuatis
2464 4706 2643 4752 autem
2679 4693 2839 4749 bellis
2894 4699 2948 4745 et
2996 4688 3243 4744 dissidiis
3284 4687 3513 4739 turbata
3554 4692 3679 4735 sunt
3712 4693 3776 4730 reo

2252 4795 2436 4863 gio’nes
2480 4797 2534 4844 et
2587 4783 2919 4856 provincia;
2974 4788 3027 4835 et
3076 4779 3279 4846 ubique
3334 4787 3599 4830 terrarum
3651 4767 3775 4823 multi

2254 4859 2357 4939 sibi
2392 4880 2677 4950 imperium
2710 4875 3099 4937 vindicarunt,
3156 4868 3292 4922 adeo
3336 4876 3397 4920 nt
3427 4876 3602 4918 totum
3637 4859 3776 4915 chall-

2258 4975 2399 5029 fatus
2438 4947 2610 5040 ipsius
2658 4979 2869 5030 tempus
2927 4961 3171 5016 dissidiis
3215 4957 3497 5027 perpetuis
3549 4964 3607 5006 et
3650 4947 3776 5003 hellis

2257 5061 2537 5118 continuis
2566 5057 2731 5128 468
2756 5055 2969 5123 plenum
3004 5049 3186 5103 fuerit.
3224 5047 3423 5099 Rerum
3448 5043 3773 5112 gerendaru-

2259 5166 2443 5209 curam
2489 5127 2674 5201 habuit
2706 5145 2824 5197 Abu
2866 5141 3071 5194 Alllned
3098 5132 3443 5190 Almowaﬂek
3473 5130 3677 5192 billabi,
3704 5127 3775 5179 lu-

2264 5237 2606 5296 motammedi
2661 5235 2849 5288 frater.
2925 5216 3318 5284 Aliuotammed
3376 5239 3502 5276 veno
3562 5220 3773 5274 homines

2261 5335 2373 5386 lilio
2417 5344 2517 5383 suo
2560 5326 2794 5385 laafaro,
2856 5330 2912 5375 ut
2962 5316 3262 5375 successori
3315 5329 3417 5368 suo
3462 5314 3619 5365 ﬁdem
3672 5306 3771 5358 dare

2263 5420 2464 5487 adi-git,
2503 5418 2604 5485 ipsi
2658 5428 2853 5467 nomen
2902 5404 3287 5476 AlmOphawed
3337 5400 3587 5454 Allallahi
3636 5399 3771 5487 inps:

2260 5478 2397 5562 nens
2414 5478 2539 5585 iac.
2563 5513 2683 5573 post
2716 5518 2838 5556 emn
2873 5501 2987 5552 Abu
3018 5494 3244 5548 Ahmedi
3277 5491 3434 5544 Ebnil
3468 5478 3769 5585 lotam-acch

2264 5569 2443 5651 fratrik
2476 5569 2612 5659 suo;
2666 5608 2823 5660 quem
2880 5583 3220 5641 Almowaﬂec
3273 5581 3460 5636 billahi
3499 5569 3767 5646 appellavit.

2264 5691 2395 5741 Abu’
2415 5686 2619 5739 Abmed
2655 5692 2831 5736 autem
2861 5682 2973 5747 ipse
3000 5677 3134 5731 bella
3161 5688 3370 5743 gerere,
3396 5679 3561 5738 atque
3594 5669 3645 5720 in
3673 5672 3768 5732 μθ·

2266 5780 2472 5834 vincias
2524 5775 2811 5845 proﬁcisci,
2846 5784 3011 5838 seque
3058 5767 3201 5822 curis
3244 5778 3311 5818 ac
3351 5758 3769 5817 Weid-
