3962 6344
146 384 263 450 ιω

1545 395 1913 460 ANNALES.

3213 415 3340 474 H42

141 509 273 558 cere,
307 492 432 546 dum
469 491 862 550 Almotammed
907 497 1278 566 voluptatibus
1324 509 1378 553 et
1428 501 1568 556 lusui
1599 503 1685 556 in-
1711 504 1759 562 Α
1788 505 2035 575 byloniea
2075 506 2221 561 mille
2239 509 3051 582 quadringentiquinquaginta.
3075 519 3117 568 Α
3141 518 3339 573 υίινίιΙιΞ

137 585 404 652 dulgeret;
436 592 625 638 contra
653 599 810 655 quem
842 587 1148 653 rebellavit,
1184 589 1418 656 Basore,
1448 593 1532 648 Ali
1557 595 1674 649 Ebn
1775 596 1922 650 mille
1950 598 2206 667 nongenti
2235 597 2422 667 viginti
2445 610 2669 667 septem.
2694 604 2774 656 Ab
2797 605 2943 657 exitu
2971 604 3336 663 lsraelitarum

139 674 500 740 Ilohammed,
551 673 669 731 Ebn
705 677 935 742 Ahmed,
993 678 1108 733 Ebn
1147 679 1256 745 Ali,
1312 681 1424 737 Ebn
1479 679 1673 752 Ya'zid,
1775 703 1841 743 ex
1897 688 2126 759 Egypto
2161 689 2245 745 bis
2297 690 2444 745 tuille
2484 692 2764 760 quingenti
2821 698 3043 764 triginta
3096 707 3223 754 tres.
3263 702 3343 755 Ab

141 763 249 816 Ebn
277 760 381 821 Ali,
418 759 608 817 Ebnol‘
647 762 874 829 llosain,
906 765 1023 820 Ebn
1053 767 1160 833 Ali,
1206 769 1322 824 Ebn
1357 771 1458 826 Abi
1487 772 1676 838 Taleb,

141 851 221 908 die
264 852 426 916 lunae,
459 852 673 908 duobus
707 862 832 909 ante
866 840 1077 911 ﬁnitum
1113 873 1355 916 mensem
1401 862 1677 920 Ramadan

132 942 356 1009 diebus;
387 957 449 997 ac
498 944 652 999 caesis
695 947 949 1005 omnibus
1001 949 1218 1007 Basore
1275 953 1491 1020 incolis,
1541 972 1672 1026 opes

138 1033 370 1102 ipsorum
405 1034 655 1102 diripuit,
702 1039 957 1095 mulieres
985 1051 1040 1098 et
1079 1043 1277 1100 liberos
1308 1049 1554 1117 captivos
1579 1049 1673 1103 ab-

1777 778 2088 834 Abrahamo
2129 789 2211 835 ter
2257 782 2408 836 mille
2435 783 2830 858 quadraginta.
2880 789 2922 839 A
2975 789 3210 843 l’hah-ko
3263 799 3344 844 tt-r

1778 871 1926 922 mille
1970 871 2251 939 quingenti
2305 874 2582 942 octoginta
2616 890 2778 931 unus.
2831 877 2874 928 A
2911 878 3344 949 diluvio-quater

1781 957 1926 1012 mille
1964 969 2181 1013 centum
2235 961 2542 1016 duodecim.
2595 963 2676 1016 Ab
2726 963 2933 1018 Adamo
2984 969 3160 1022 sexies
3201 969 3344 1020 mille

1774 1050 2001 1103 trecenti
2039 1050 2320 1120 sexaginta
2351 1059 2498 1107 octo.
2531 1053 2779 1120 Cumque
2827 1071 3002 1108 annos
3045 1056 3146 1118 iam
3183 1074 3344 1112 sexa-

133 1123 302 1187 duxit,
366 1125 707 1190 mulieribus,
759 1131 964 1197 pueris,
1022 1143 1079 1188 et
1133 1136 1325 1205 puellis
1374 1147 1430 1192 et
1477 1139 1675 1206 Opibus
1774 1135 1922 1204 ginta
1982 1150 2142 1191 natus
2211 1149 2380 1199 esset.
2452 1143 2782 1196 cottStituttts
2852 1143 2957 1198 fuit
3039 1148 3342 1213 patriarcha

135 1211 362 1266 Nabechi
407 1215 633 1282 arbitrio
687 1221 992 1288 permissis,
1045 1238 1109 1278 ac
1159 1233 1372 1280 vastata
1435 1227 1674 1292 Basora,

135 1294 403 1357 t'erritdria
434 1313 488 1360 et
526 1306 760 1365 ditiones
803 1311 922 1380 ejus
951 1316 1258 1382 occupavit.
1295 1315 1490 1371 Contra
1517 1334 1676 1387 quem

132 1391 380 1449 Basoram
409 1398 705 1476 (profectus
757 1409 840 1456 est
871 1403 990 1458 Abu
1034 1405 1239 1460 Ahmed
1295 1406 1679 1477 Almowafl‘ec;

129 1496 296 1552 neque
333 1473 477 1541 inter
507 1503 601 1544 eos
631 1489 768 1544 bella
795 1491 906 1559 geri
949 1492 1234 1550 desierunt
1270 1473 1691 1565 quatuordecim.

129 1575 300 1629 annis.
343 1576 530 1631 Caesus
576 1588 659 1632 est
690 1589 868 1634 autem
920 1581 1156 1639 Aliensis
1206 1584 1307 1642 iste
1351 1587 1564 1644 Basore
1613 1590 1683 1645 ad

131 1663 344 1717 fluvium
395 1667 496 1722 Abi
550 1667 770 1741 Sofyan,
820 1689 960 1743 pone
1009 1673 1232 1731 ﬂuvium
1279 1675 1403 1732 Abii
1447 1678 1679 1746 Chasib,

122 1754 266 1808 illum
305 1770 501 1828 nempe
520 1758 673 1829 juxta
703 1777 862 1832 quem
911 1764 1098 1818 urbem
1151 1781 1329 1830 suam,
1381 1784 1542 1837 quam
1589 1770 1683 1825 Al-

125 1846 440 1902 moclttarah
461 1851 738 1914 vocitavit,
763 1855 1101 1923 condiderat,
1127 1857 1214 1912 die
1241 1857 1491 1914 Mercurii
1519 1877 1686 1932 prope

123 1948 426 2002 vesperam,
458 1940 662 1996 mensis
697 1941 856 1997 Safar
879 1951 1097 2014 quarto,
1135 1961 1280 2001 anno
1311 1947 1687 2006 ducentesimo

124 2027 547 2097 septuagesimo.
579 2030 772 2087 Totum
821 2042 1003 2090 autem
1053 2044 1266 2107 tempus
1312 2055 1378 2094 ex
1421 2046 1553 2109 Quo,
1603 2042 1688 2097 in-

122 2125 384 2184 surgente
414 2118 554 2186 ipso,
588 2133 824 2177 erectum
871 2133 956 2181 est
1006 2128 1265 2182 vexillum
1298 2128 1470 2199 ipsius
1515 2147 1690 2210 usque

118 2208 178 2260 ad
207 2207 568 2283 ὦδε-471
603 2214 745 2268 diem
797 2230 906 2286 quo
959 2218 1177 2276 occisus
1227 2228 1333 2285 est,
1387 2222 1514 2276 anni
1561 2207 1690 2279 sunt

118 2303 829 2375 quatuordecimhquatuor
859 2324 1075 2365 menses
1121 2318 1176 2364 et
1211 2326 1307 2366 sex
1355 2312 1491 2368 dies.
1542 2313 1683 2380 Quin

117 2399 168 2444 et
209 2392 420 2448 Alttned
453 2393 562 2449 Ebn
592 2397 764 2453 Tolun
800 2398 1093 2470 Egyptum
1137 2409 1192 2456 et
1241 2402 1560 2458 Damascum
1594 2420 1687 2459 oc-

118 2479 363 2546 cupavit,
397 2489 553 2550 capta
581 2485 742 2538 etiam
769 2486 1078 2556 Antiochia,
1111 2504 1139 2543 a
1169 2506 1278 2560 quo
1304 2491 1560 2548 detentus
1585 2495 1686 2550 fuit

115 2571 323 2627 Ahmed
354 2574 700 2633 Alutowaﬂ‘ec
733 2581 933 2656 bellum
961 2594 1153 2639 contra
1177 2586 1444 2642 Aliensem
1467 2588 1685 2646 Basore:

115 2663 379 2727 gerendo.
442 2661 602 2722 Anno
662 2670 955 2729 chalifatus
1019 2676 1451 2734 Almotammedi-
1511 2681 1688 2750 primo

113 2756 448 2812 constitutus
479 2768 566 2815 est
597 2760 908 2832 Stephanus
943 2767 1256 2835 patriarcha
1279 2769 1679 2837 Antiochenus,

111 2844 203 2910 qui
244 2859 358 2900 uno
396 2854 604 2902 tantum
634 2851 726 2904 die
779 2853 942 2918 sedit,
992 2856 1181 2910 eodem
1227 2865 1282 2912 et
1333 2873 1686 2919 consecratus

96 2941 163 2985 -et
197 2948 478 3002 mortuus,
519 2943 824 2996 constituto
866 2952 989 3012 post
1020 2947 1202 3015 ipsum
1234 2949 1454 3006 Taduso
1485 2953 1685 3008 ibidem

114 3027 456 3095 patriarcha,
501 3030 594 3098 qui
628 3046 801 3088 annos
848 3034 1038 3104 viginti
1081 3039 1402 3106 sedit,-dcin
1436 3055 1683 3100 mortuus

1777 1225 2208 1291 Alexandrinus,
2256 1238 2419 1294 atque
2469 1230 2621 1301 Apba
2675 1231 2970 1302 Eutychius
3023 1237 3345 1303 appellatus.

1781 1314 1989 1370 Ahmed
2048 1324 2225 1370 autem
2285 1318 2400 1371 Ebn
2455 1318 2653 1388 Tolun,
2715 1333 2876 1391 capta
2936 1325 3258 1390 Antiochia,
3297 1328 3347 1379 in

1785 1402 2080 1475 Egyptum
2133 1422 2388 1482 reversus
2441 1418 2559 1474 est,
2611 1411 2701 1466 ubi
2759 1415 3017 1482 templum
3065 1431 3354 1470 commune

1781 1495 2057 1548 exstruxit
2107 1480 2243 1550 illud
2295 1498 2704 1569 quod-piscina:
2764 1501 3032 1567 imminet,
3096 1519 3193 1557 nec
3241 1521 3348 1558 non

1782 1582 2186 1641 Nosocomium.
2214 1585 2466 1644 Canalem
2514 1591 2674 1644 etiam
2710 1591 2994 1646 fabricavit
3028 1595 3079 1648 in
3106 1609 3213 1662 quo
3238 1593 3353 1648 finit

1783 1689 1922 1742 aqua
1965 1689 1993 1728 a
2046 1675 2254 1745 piscina
2286 1693 2407 1748 quae
2451 1679 2734 1736 Alllabash
2771 1683 3352 1756 [Abyssinarum]‘ap-

1791 1766 2025 1834 pellatur
2059 1767 2126 1821 ad
2169 1769 2471 1839 Amaaphe.
2507 1769 2697 1827 Morbo
2727 1783 2909 1828 autem
2953 1784 3254 1842 correptus.
3287 1791 3351 1829 ro

1787 1870 1898 1924 quo
1952 1865 2202 1914 mortuus
2243 1869 2363 1924 est,
2412 1860 2663 1916 videlicet
2715 1863 2819 1917 alvi
2871 1865 3353 1932 prolluvio,jussit

1785 1944 2140 2017 573-575
2205 1948 2556 2005 Mosleminos
2615 1965 2725 2006 tum
2763 1952 3109 2008 Christianos
3153 1965 3205 2009 et
3255 1955 3352 2008 Ju-

1786 2037 1951 2101 daeos,
2017 2047 2202 2094 monte
2251 2040 2346 2110 qui
2407 2041 2771 2096 Almokattam
2838 2044 3158 2112 appellatur.
3214 2061 3351 2100 con-

1787 2142 2005 2194 scenso,
2034 2145 2223 2197 preces
2253 2147 2350 2199 pro
2380 2131 2500 2201 ipso
2535 2132 2764 2187 fundere
2791 2150 2806 2188 :
2835 2135 2981 2203 quod
3005 2146 3056 2189 et
3083 2135 3352 2201 fecerunt,

1787 2223 2026 2269 montem
2083 2217 2136 2270 in
2197 2219 2403 2274 classes
2454 2234 2586 2274 suas
2638 2220 2918 2276 distributi
2973 2224 3351 2285 ascendentes.

1783 2313 1948 2373 atque
1982 2322 2083 2375 pro
2113 2323 2178 2362 eo
2213 2317 2460 2364 orantes.
2512 2309 2760 2366 Mortuus
2805 2321 2890 2367 est
2946 2324 3128 2368 autem
3163 2313 3354 2369 inorbo

1787 2395 1892 2449 isto
1923 2397 2011 2451 die
2057 2397 2342 2454 Dominico
2397 2403 2614 2460 decimo
2663 2413 2790 2460 ante
2841 2405 3052 2459 finitum
3109 2420 3366 2460 mensetn‘

1770 2481 2041 2539 Dilkaada
2097 2502 2243 2542 anno
2276 2491 2656 2546 ducentesimo
2703 2493 3128 2564 septuagesimo.
3160 2493 3352 2562 Sepul-

1783 2583 1980 2642 tusque
2011 2585 2094 2632 est
2127 2577 2179 2631 in
2208 2579 2594 2635 Almokattant.

1854 2665 2258 2724 Convenientes
2293 2687 2424 2740 ergo
2459 2673 2652 2739 duces,
2700 2673 2812 2730 tilio
2841 2675 3014 2745 ipsius
3050 2675 3354 2743 AlAbbaso,
3392 2683 3406 2698 ⁶

1783 2757 1877 2824 qui
1914 2767 2042 2812 natu
2091 2763 2364 2815 maximus
2418 2763 2542 2828 fuit,
2587 2766 2796 2832 occiso,
2843 2765 2948 2820 sibi
2978 2766 3146 2820 tilium
3182 2767 3354 2836 ipsius
3447 2822 3451 2827 .

1782 2855 1913 2900 natu
1945 2849 2210 2904 minorem
2239 2849 2758 2920 'Chatnarawaihum
2809 2853 2924 2909 Elin
2977 2856 3187 2910 Ahmed
3236 2855 3352 2910 Ebu

1783 2936 1954 2990 Tolun
1999 2941 2394 3007 praefecerunt;
2435 2958 2610 3014 annos
2659 2944 2950 3000 habentem
2995 2945 3208 3024 viginti.
3255 2946 3352 3002 llic

1788 3041 1912 3082 cum
1949 3029 2002 3083 in
2031 3030 2243 3101 Syriam
2276 3033 2666 3088 Damascenam
2691 3036 2878 3104 copias
2901 3035 3162 3106 duxisset,
3189 3047 3351 3106 atque

110 3125 216 3168 est.
255 3118 420 3171 Anno
469 3119 764 3183 chalitaius
817 3125 1062 3193 ejusdem
1101 3127 1316 3185 deamo
1349 3135 1683 3190 consmmus
1711 3146 1754 3205 ο
1789 3118 1839 3170 in
1873 3133 2162 3174 occursum
2217 3122 2320 3188 ipsi
2370 3124 2664 3191 prodiisset
2712 3125 2832 3179 Abu
2867 3125 3126 3182 AlAbbas
3175 3127 3349 3183 Elmol

108 3215 193 3296 est
240 3206 417 3273 Elias,
467 3209 706 3268 Mansuri
763 3217 878 3287 (qui
935 3217 1270 3276 Mosleminis
1306 3222 1363 3276 in
1422 3227 1683 3296 capienda

111 3291 386 3350 Dantaseo
415 3311 573 3365 opem
623 3301 771 3365 tulit,
804 3303 1036 3377 ideoque
1076 3311 1176 3377 per
1202 3299 1387 3365 totum,
1421 3291 1683 3371 mundum

107 3384 246 3441 diris
300 3390 544 3473 devotus
581 3391 688 3463 est)
725 3392 892 3461 filius,
932 3399 1240 3466 patriarcha
1286 3399 1693 3476 Hiero_solyini-~

107 3487 310 3543 tanus;
359 3467 448 3534 ubi
509 3495 633 3536 cum
685 3497 860 3541 annos
917 3487 1107 3554 viginti
1157 3504 1350 3544 novem
1413 3467 1682 3562 sedisset,

107 3579 366 3627 mortuus
398 3581 504 3627 est.
540 3573 711 3630 Porro
733 3577 868 3632 obiit
897 3579 1122 3634 Michael
1146 3580 1352 3638 Bicami
1386 3586 1549 3653 illius,
1587 3605 1686 3656 pa-

109 3663 358 3718 triarcha
395 3655 809 3746 Alexandrinus
841 3685 987 3725 anno
1010 3671 1388 3730 ducentesimo
1413 3655 1684 3748 quinqua-

105 3754 330 3818 gesimo
368 3764 547 3824 sexto,
602 3768 767 3829 atque
809 3760 866 3816 in
905 3761 1038 3816 urbe
1070 3761 1250 3818 Burab
1282 3750 1546 3835 sepultus
1577 3779 1682 3826 est.

102 3842 465 3923 Constitutus
514 3857 596 3904 est
633 3857 757 3920 post
799 3850 979 3916 ipsum
1029 3851 1258 3907 Michael
1304 3857 1686 3923 natione.Ro-

76 3921 312 3989 'manus
357 3936 475 4003 (vel
530 3938 834 3993 secundum
869 3940 1013 3994 aliud
1052 3942 1331 4010 exemplar
1381 3943 1681 4018 Azz'eusis)

100 4025 424 4093 patriarcha
447 4023 872 4095 Alexandrinus,
897 4049 1042 4089 anno
1070 4035 1362 4091 chalifatus
1383 4038 1680 4092 Almotam-

104 4117 252 4171 medi
283 4119 474 4182 tertio,
510 4120 600 4188 qui
635 4130 721 4176 est
752 4121 1162 4181 ducentesimus
1191 4129 1680 4198 quinquagesimus

98 4216 343 4264 octavus
374 4225 389 4262 :
426 4225 600 4284 annos
635 4212 856 4282 triginta
893 4223 1130 4284 quatuor
1160 4220 1320 4283 sedit,
1367 4220 1492 4274 dein
1523 4224 1678 4288 obiit,

100 4298 371 4354 videlicet
411 4316 557 4356 anno
589 4302 964 4362 ducentesimo
1010 4311 1366 4378 nonagesimo
1417 4315 1676 4378 secundo,

98 4397 270 4457 atque
304 4389 646 4450 Alﬁandrite
672 4387 942 4464 sepultus.

1785 3209 2112 3275 Mowaﬂeki,
2150 3212 2504 3268 commissum
2539 3225 2623 3270 est
2669 3215 2810 3270 inter
2835 3216 2983 3286 ipsos
3016 3219 3260 3287 prmlium
3295 3220 3346 3272 in
3430 3221 3435 3227 '

1782 3299 2162 3355 AlT’aw.tbaitt
2211 3318 2242 3358 e
2286 3305 2495 3360 ditione
2548 3305 2873 3373 Palestinte,
2923 3309 3011 3364 ubi
3063 3312 3116 3364 in
3171 3313 3347 3375 fugam

1783 3405 1971 3446 versus
2019 3392 2501 3452 Chamarawaihus
2557 3397 2672 3452 Ebn
2729 3400 2942 3454 Ahmed
2995 3401 3113 3457 Ebn
3168 3402 3346 3458 Tolun

1782 3481 1932 3538 selus
1969 3482 2020 3536 in
2055 3483 2346 3554 Egyptum
2399 3501 2654 3544 reversus
2706 3497 2826 3556 est,
2882 3490 3101 3548 lassatis
3155 3495 3208 3548 in
3261 3497 3385 3548 via-

1784 3575 2026 3642 quinqtte
2079 3575 2371 3644 iumentis,
2431 3594 2622 3648 magna
2673 3587 2856 3637 autem
2905 3582 3178 3639 sociorum
3228 3587 3346 3651 ejus

1783 3672 1997 3733 strages
2025 3667 2170 3720 edita
2200 3675 2306 3730 est,
2335 3669 2506 3737 potito
2533 3669 2674 3723 Abul
2698 3669 2918 3725 Abbaso
2949 3672 3201 3726 omnibus
3229 3689 3346 3740 qua:

1783 3756 2049 3810 exercitui
2081 3758 2201 3827 ejus
2253 3758 2495 3815 fuerunt.
2544 3758 2786 3816 Fuerunt
2829 3769 3010 3816 autem
3054 3764 3346 3817 Chatnara—

1784 3846 1960 3900 waiho
1991 3847 2189 3904 milites
2241 3848 2295 3902 in
2349 3849 2565 3905 insidiis
2611 3851 2770 3920 positi
2809 3852 2902 3921 qui
2939 3851 3078 3921 fuga:
3117 3865 3344 3909 CeBle0°

1783 3953 1902 3992 rum
1935 3939 2103 3994 nescii
2129 3950 2305 3996 erant.
2344 3939 2548 3996 Horum
2584 3944 2674 3999 ubi
2706 3943 2857 4014 signa
2885 3957 3250 4014 apparuerunt
3277 3949 3342 4002 iis

1781 4033 2094 4099 conspectis
2123 4033 2264 4088 Abul
2306 4035 2488 4089 Abbas
2520 4047 2572 4089 et
2604 4037 2774 4103 ipsius
2803 4041 3053 4103 comites,
3090 4040 3341 4093 omnibus

1783 4138 1904 4189 qua:
1939 4126 2222 4180 consecuti
2266 4126 2484 4180 fuerant
2516 4129 2744 4191 relictis,
2796 4130 2848 4182 in
2882 4132 3060 4200 fugam
3095 4147 3153 4184 se
3185 4132 3342 4183 dede-

1780 4225 1905 4269 rttnt
1959 4227 2121 4287 atque
2177 4221 2316 4274 inter
2362 4219 2680 4289 fugiendum
2736 4223 2889 4275 tnulti
2941 4237 3005 4276 ex
3058 4224 3123 4276 iis
3173 4225 3337 4277 caesi:

1777 4323 1947 4372 quare
1983 4309 2338 4380 redeuntibus
2388 4311 2828 4366 Chatnarawaihi
2882 4313 3050 4367 sociis
3102 4314 3341 4367 collecta:

1783 4408 1913 4452 sunt
1941 4400 2066 4453 item
2097 4402 2267 4470 copia:
2298 4411 2459 4470 atque
2513 4404 2563 4456 in
2605 4403 2896 4472 {Egyptttm
2934 4421 3181 4465 reveme,
3215 4422 3337 4459 cunt

171 4479 434 4537 Mortuus
471 4493 557 4538 est
603 4485 767 4538 etiam
807 4484 1041 4540 Basilius
1095 4486 1461 4545 Romanorum
1508 4494 1672 4563 impe-

1783 4488 2235 4558 Chatnarawaiho
2277 4470 2899 4550 substiteruntillcdiit
2939 4497 3103 4567 476
3157 4508 3337 4551 autem

102 4583 282 4638 rator,
318 4573 648 4630 suc-cedente
684 4575 783 4644 ipsi
824 4575 938 4652 ﬁlio
995 4579 1168 4646 ipsius
1208 4579 1406 4646 Leone,
1453 4577 1546 4652 q'ui
1596 4602 1681 4638 sa-

102 4662 268 4732 piens
320 4663 425 4717 fuit
456 4672 511 4720 et
552 4651 932 4737 philosophus.
981 4670 1156 4724 Porro
1177 4687 1352 4748 ~anno
1389 4651 1678 4731 chalifatus

101 4757 531 4812 Almotammedi
567 4767 780 4823 octavo,
834 4768 1000 4814 natus
1047 4769 1132 4815 est
1177 4761 1340 4832 472
1386 4763 1512 4819 Said
1564 4755 1678 4821 Ebn

99 4847 323 4914 Batrik,
343 4849 621 4911 medicus,
651 4849 740 4904 die
771 4849 1069 4906 Dominico.
1099 4855 1262 4913 tertio
1294 4866 1422 4910 ante
1464 4857 1675 4911 finitum

102 4953 363 4994 mensem
399 4939 481 4993 Dil
507 4939 676 5008 Hajjte
699 4955 846 4997 anno
869 4940 1090 5014 [ﬂejrz]
1117 4943 1492 4999 ducentesimo
1517 4963 1694 5002 sexo--

94 5024 316 5098 gcsimo
344 5019 512 5084 tertio
542 5029 738 5085 lunari.
782 5032 864 5086 Ab
897 5031 1052 5102 Hejra
1083 5031 1249 5102 igitur
1278 5035 1346 5090 ad
1372 5037 1541 5107 ipsius
1574 5056 1672 5094 na-

97 5124 271 5174 talem
337 5120 464 5174 anni
528 5120 658 5175 sun't
712 5120 934 5176 ducenti
994 5124 1386 5194 quinquaginta
1443 5140 1670 5193 quatuor

95 5211 324 5264 salares
359 5209 450 5278 (iis
495 5217 672 5263 autem
715 5209 770 5263 in
804 5211 1031 5267 historia
1063 5222 1305 5283 tempora
1342 5224 1666 5286 computat).

97 5298 144 5351 A
176 5296 532 5351 Diocletiano
563 5312 691 5352 vero
725 5297 792 5352 ad
837 5299 1082 5369 ejusdem
1116 5303 1263 5358 Saidi
1305 5305 1420 5359 Ebn
1465 5307 1666 5377 Batriki

98 5387 312 5442 rnedici
356 5388 581 5442 t-atalem
608 5389 734 5442 anni
784 5391 1059 5461 quingenti
1092 5395 1368 5463 sexaginta
1402 5409 1539 5450 'OCIo
1571 5399 1675 5468 (vel

97 5478 422 5533 secundum
493 5478 636 5533 aliud
683 5484 978 5552 exemplar
1047 5485 1328 5554 quingenti
1389 5491 1677 5557 nonaginta

98 5569 272 5640 duo).
317 5568 365 5620 Α
396 5569 621 5624 Domino
659 5579 848 5628 nostro
893 5572 1023 5628 Iesu
1070 5575 1287 5631 Christo
1316 5582 1381 5652 ad
1425 5580 1673 5633 eumdem

102 5673 306 5715 natum
372 5663 660 5730 octingenti
713 5665 992 5732 sexaginta
1047 5663 1190 5721 Octo.
1236 5667 1318 5722 Ab
1369 5667 1675 5721 Alexandro

100 5751 261 5805 inille
324 5763 542 5806 tantum
585 5754 855 5812 octcainta
901 5771 1114 5811 novem.
1153 5757 1193 5809 Α
1223 5759 1533 5817 captivitate
1568 5759 1662 5811 lia-

1779 4579 1920 4633 Abul
1955 4581 2138 4635 Abbas
2181 4581 2494 4651 Bagdadum
2525 4582 2768 4654 fugiens,
2803 4598 2965 4656 atque
2997 4603 3026 4640 a
3060 4599 3211 4656 patre
3238 4605 3336 4643 suo

1776 4670 2161 4725 Altnowaﬂeko
2199 4674 2268 4727 ob
2320 4674 2454 4727 illud
2507 4679 2650 4745 quod
2703 4678 2902 4733 fecerat
2941 4681 3191 4748 culpatus
3231 4694 3331 4734 est.

1775 4759 1948 4816 Fuere
1978 4770 2155 4817 autem
2185 4763 2632 4820 Chamarawaiho
2666 4769 2914 4823 Damasci
2936 4772 3104 4839 copiae
3135 4773 3330 4826 multm.

1777 4845 1947 4906 Porro
1971 4869 2116 4907 anno
2136 4853 2425 4909 chalifatus
2447 4850 2861 4912 AlMoianmtedi
2883 4859 3098 4915 decimo
3119 4869 3330 4924 octavo,

1777 4946 1866 5012 qui
1893 4943 2066 5013 ﬂejraa
2090 4947 2501 5003 ducentesimus
2529 4951 2968 5018 septuagesimns
2992 4950 3109 5013 fuit,
3138 4954 3334 5006 accidit

1777 5036 1830 5089 in
1865 5035 2101 5106 Egypto
2156 5045 2312 5092 terrae
2367 5049 2546 5095 motus
2598 5041 2809 5111 ingens,
2863 5043 2995 5096 adeo
3047 5054 3105 5096 ut
3154 5048 3332 5098 multa:

1775 5138 2093 5184 corruerent
2139 5129 2300 5195 ardes,
2354 5142 2406 5185 et
2458 5148 2648 5200 magna
2705 5133 2979 5187 hominum
3039 5139 3332 5189 multitudo

1777 5219 1996 5283 periret.
2059 5219 2255 5274 Eodem
2329 5237 2472 5276 anno
2539 5225 2684 5276 venit
2755 5218 3012 5277 frumenti
3077 5243 3326 5279 Incusum

1776 5307 2010 5380 [ﬂacuc]
2046 5326 2269 5363 nuunno
2312 5298 2499 5373 aureo,
2552 5311 2854 5378 mortuique
2895 5323 3021 5365 Sunt
3081 5313 3327 5364 liotnincs

1778 5400 1916 5454 fante
1950 5416 2056 5468 prae
2096 5416 2325 5454 annonae
2358 5401 2606 5460 caritate.
2638 5402 2773 5452 adeo
2808 5411 2866 5454 ut
2899 5403 2990 5454 lini
3028 5421 3204 5456 semen
3239 5418 3326 5452 σεο-

1777 5489 2089 5553 tnetlerent,
2136 5490 2594 5557 implerenturque
2630 5491 2787 5545 Mesri
2835 5492 3018 5558 platea:
3073 5497 3321 5554 mortuis,

1773 5594 1910 5648 quos
1935 5579 2154 5632 camelis
2195 5578 2514 5638 avchebant,
2564 5589 2686 5632 octo
2722 5579 2944 5646 singulis
2979 5581 3195 5632 camelis
3225 5582 3321 5629 ἰηι-

1776 5671 2000 5737 positus,
2035 5684 2332 5736 magnaque
2369 5667 2499 5734 ipsis
2532 5669 2680 5722 fovea
2710 5669 2902 5723 effossa
2935 5669 2985 5721 in
3032 5670 3198 5735 ipsam
3228 5681 3317 5717 eor

1774 5762 2122 5819 cuttiicct‘t'ttt.
2154 5760 2289 5813 'luztt
2326 5758 2731 5812 Chatttorawttiit
2772 5761 2953 5812 audito
2986 5759 3314 5809 Μυιωιιιηιε·
