  <div class='ocr_page' id='page_1' title='image "/cluster/home/n/w/nwhite01/storage/ocr_20150623/100/hvd.32044010574994/1499.png"; bbox 0 0 3962 6344; ppageno 0'>
   <div class='ocr_carea' id='block_1_1' title="bbox 610 237 2140 343">
    <p class='ocr_par' dir='ltr' id='par_1_1' title="bbox 610 237 2140 321">
     <span class='ocr_line' id='line_1_1' title="bbox 610 237 2140 321; baseline 0.012 -17"><span class='ocrx_word' id='word_1_1' title='bbox 610 237 737 305; x_wconf 75' lang='lat' dir='ltr'><strong>tua</strong></span> <span class='ocrx_word' id='word_1_2' title='bbox 1609 257 1965 320; x_wconf 68' lang='lat' dir='ltr'><strong>EU&#39;l&#39;Ytjttlt</strong></span> <span class='ocrx_word' id='word_1_3' title='bbox 2015 268 2140 321; x_wconf 71' lang='lat' dir='ltr'><strong>ALI-</strong></span> 
     </span>
    </p>
   </div>
   <div class='ocr_carea' id='block_1_2' title="bbox 2243 237 3739 343">
    <p class='ocr_par' dir='ltr' id='par_1_2' title="bbox 2243 269 3739 343">
     <span class='ocr_line' id='line_1_2' title="bbox 2243 269 3739 343; baseline 0.016 -24"><span class='ocrx_word' id='word_1_4' title='bbox 2243 269 2537 330; x_wconf 66' lang='lat' dir='ltr'><strong>txuntxt</strong></span> <span class='ocrx_word' id='word_1_5' title='bbox 2576 276 2788 333; x_wconf 70' lang='lat' dir='ltr'><strong>l’A&#39;l&#39;lt.</strong></span> <span class='ocrx_word' id='word_1_6' title='bbox 3650 279 3739 343; x_wconf 87' lang='lat' dir='ltr'><strong>tltt</strong></span> 
     </span>
    </p>
   </div>
   <div class='ocr_carea' id='block_1_3' title="bbox 599 354 3740 460">
    <p class='ocr_par' dir='ltr' id='par_1_3' title="bbox 599 354 3740 460">
     <span class='ocr_line' id='line_1_3' title="bbox 599 354 3740 460; baseline 0.011 -59"><span class='ocrx_word' id='word_1_7' title='bbox 599 355 717 405; x_wconf 89' lang='lat' dir='ltr'><strong>dem</strong></span> <span class='ocrx_word' id='word_1_8' title='bbox 754 355 865 407; x_wconf 74' lang='lat' dir='ltr'><strong>l-Ibn</strong></span> <span class='ocrx_word' id='word_1_9' title='bbox 902 354 1103 410; x_wconf 63' lang='lat' dir='ltr'><strong>hiutlad</strong></span> <span class='ocrx_word' id='word_1_10' title='bbox 1153 364 1261 460; x_wconf 68' lang='lat' dir='ltr'><strong>(qui</strong></span> <span class='ocrx_word' id='word_1_11' title='bbox 1318 363 1455 416; x_wconf 77' lang='lat' dir='ltr'><strong>idem</strong></span> <span class='ocrx_word' id='word_1_12' title='bbox 1509 366 1723 438; x_wconf 82' lang='lat' dir='ltr'><strong>Abalsaj</strong></span> <span class='ocrx_word' id='word_1_13' title='bbox 1780 372 2000 439; x_wconf 80' lang='lat' dir='ltr'><strong>dicitur)</strong></span> <span class='ocrx_word' id='word_1_14' title='bbox 2058 375 2156 424; x_wconf 81' lang='lat' dir='ltr'><strong>Da-</strong></span> <span class='ocrx_word' id='word_1_15' title='bbox 2189 379 2234 431; x_wconf 76' lang='grc' dir='ltr'><strong>Α</strong></span> <span class='ocrx_word' id='word_1_16' title='bbox 2266 382 2422 433; x_wconf 73' lang='lat' dir='ltr'><strong>wailti</strong></span> <span class='ocrx_word' id='word_1_17' title='bbox 2456 384 2615 447; x_wconf 81' lang='lat' dir='ltr'><strong>ﬁlius,</strong></span> <span class='ocrx_word' id='word_1_18' title='bbox 2649 390 2736 453; x_wconf 89' lang='lat' dir='ltr'><strong>qui</strong></span> <span class='ocrx_word' id='word_1_19' title='bbox 2774 388 3032 441; x_wconf 64' lang='lat' dir='ltr'><strong>liamasco</strong></span> <span class='ocrx_word' id='word_1_20' title='bbox 3083 390 3133 442; x_wconf 78' lang='lat' dir='ltr'><strong>in</strong></span> <span class='ocrx_word' id='word_1_21' title='bbox 3182 391 3470 460; x_wconf 39' lang='lat' dir='ltr'><strong>Agam...&quot;</strong></span> <span class='ocrx_word' id='word_1_22' title='bbox 3522 407 3740 448; x_wconf 61' lang='grc' dir='ltr'><strong>ι-ρνρτεης,</strong></span> 
     </span>
    </p>
   </div>
   <div class='ocr_carea' id='block_1_4' title="bbox 599 450 3385 526">
    <p class='ocr_par' dir='ltr' id='par_1_4' title="bbox 599 450 3385 526">
     <span class='ocr_line' id='line_1_4' title="bbox 599 450 3385 526; baseline 0.001 -4"><span class='ocrx_word' id='word_1_23' title='bbox 599 457 840 495; x_wconf 39' lang='lat' dir='ltr'><strong>manu&quot;.</strong></span> <span class='ocrx_word' id='word_1_24' title='bbox 893 460 1016 497; x_wconf 62' lang='lat' dir='ltr'><strong>Cum</strong></span> <span class='ocrx_word' id='word_1_25' title='bbox 1074 450 1310 504; x_wconf 42' lang='lat' dir='ltr'><strong>exeruit&quot;</strong></span> <span class='ocrx_word' id='word_1_26' title='bbox 1360 456 1548 522; x_wconf 60' lang='lat' dir='ltr'><strong>3mm“</strong></span> <span class='ocrx_word' id='word_1_27' title='bbox 1599 461 1931 524; x_wconf 64' lang='grc' dir='ltr'><strong>Ρθτνυυίδὸον</strong></span> <span class='ocrx_word' id='word_1_28' title='bbox 1988 462 2159 526; x_wconf 62' lang='lat' dir='ltr'><strong>“‘Pils</strong></span> <span class='ocrx_word' id='word_1_29' title='bbox 2259 488 2380 526; x_wconf 82' lang='lat' dir='ltr'><strong>Cttttt</strong></span> <span class='ocrx_word' id='word_1_30' title='bbox 2415 474 2483 526; x_wconf 81' lang='lat' dir='ltr'><strong>ibi</strong></span> <span class='ocrx_word' id='word_1_31' title='bbox 2517 450 2885 526; x_wconf 24' lang='lat' dir='ltr'><strong>octovtncnsm</strong></span> <span class='ocrx_word' id='word_1_32' title='bbox 2917 481 3157 526; x_wconf 77' lang='lat' dir='ltr'><strong>sedisset-</strong></span> <span class='ocrx_word' id='word_1_33' title='bbox 3196 450 3385 526; x_wconf 60' lang='lat' dir='ltr'><strong>tui-itali</strong></span> 
     </span>
    </p>
   </div>
   <div class='ocr_carea' id='block_1_5' title="bbox 595 533 2159 613">
    <p class='ocr_par' dir='ltr' id='par_1_5' title="bbox 595 533 2159 613">
     <span class='ocr_line' id='line_1_5' title="bbox 595 533 2159 613; baseline 0.013 -30"><span class='ocrx_word' id='word_1_34' title='bbox 595 533 708 586; x_wconf 86' lang='lat' dir='ltr'><strong>suis</strong></span> <span class='ocrx_word' id='word_1_35' title='bbox 744 535 988 590; x_wconf 72' lang='lat' dir='ltr'><strong>collectis</strong></span> <span class='ocrx_word' id='word_1_36' title='bbox 1023 537 1237 592; x_wconf 85' lang='lat' dir='ltr'><strong>obviam</strong></span> <span class='ocrx_word' id='word_1_37' title='bbox 1284 543 1385 610; x_wconf 82' lang='lat' dir='ltr'><strong>ipsi</strong></span> <span class='ocrx_word' id='word_1_38' title='bbox 1422 546 1697 613; x_wconf 84' lang='lat' dir='ltr'><strong>proiectus</strong></span> <span class='ocrx_word' id='word_1_39' title='bbox 1735 558 1853 613; x_wconf 87' lang='lat' dir='ltr'><strong>est,</strong></span> <span class='ocrx_word' id='word_1_40' title='bbox 1905 553 2159 603; x_wconf 77' lang='lat' dir='ltr'><strong>commis-</strong></span> 
     </span>
    </p>
   </div>
   <div class='ocr_carea' id='block_1_6' title="bbox 593 627 2149 705">
    <p class='ocr_par' dir='ltr' id='par_1_6' title="bbox 593 627 2149 705">
     <span class='ocr_line' id='line_1_6' title="bbox 593 627 2149 705; baseline 0.013 -35"><span class='ocrx_word' id='word_1_41' title='bbox 593 637 819 690; x_wconf 71' lang='lat' dir='ltr'><strong>stttttqttc</strong></span> <span class='ocrx_word' id='word_1_42' title='bbox 845 634 928 678; x_wconf 82' lang='lat' dir='ltr'><strong>est.</strong></span> <span class='ocrx_word' id='word_1_43' title='bbox 956 627 1094 681; x_wconf 89' lang='lat' dir='ltr'><strong>inter</strong></span> <span class='ocrx_word' id='word_1_44' title='bbox 1126 630 1271 698; x_wconf 87' lang='lat' dir='ltr'><strong>ipsos</strong></span> <span class='ocrx_word' id='word_1_45' title='bbox 1316 635 1555 699; x_wconf 69' lang='lat' dir='ltr'><strong>prcelium</strong></span> <span class='ocrx_word' id='word_1_46' title='bbox 1609 652 1771 705; x_wconf 79' lang='lat' dir='ltr'><strong>grave</strong></span> <span class='ocrx_word' id='word_1_47' title='bbox 1829 640 1949 692; x_wconf 86' lang='lat' dir='ltr'><strong>loco</strong></span> <span class='ocrx_word' id='word_1_48' title='bbox 2002 642 2149 692; x_wconf 76' lang='lat' dir='ltr'><strong>ditio</strong></span> 
     </span>
    </p>
   </div>
   <div class='ocr_carea' id='block_1_7' title="bbox 595 712 2157 797">
    <p class='ocr_par' dir='ltr' id='par_1_7' title="bbox 595 712 2157 797">
     <span class='ocr_line' id='line_1_7' title="bbox 595 712 2157 797; baseline 0.014 -37"><span class='ocrx_word' id='word_1_49' title='bbox 595 712 844 769; x_wconf 72' lang='lat' dir='ltr'><strong>Itathuia.</strong></span> <span class='ocrx_word' id='word_1_50' title='bbox 879 716 1102 771; x_wconf 81' lang='lat' dir='ltr'><strong>ditionis</strong></span> <span class='ocrx_word' id='word_1_51' title='bbox 1141 718 1519 781; x_wconf 71' lang='lat' dir='ltr'><strong>Damasceuze;</strong></span> <span class='ocrx_word' id='word_1_52' title='bbox 1559 729 1800 795; x_wconf 87' lang='lat' dir='ltr'><strong>atquein</strong></span> <span class='ocrx_word' id='word_1_53' title='bbox 1847 729 2026 797; x_wconf 86' lang='lat' dir='ltr'><strong>fugam</strong></span> <span class='ocrx_word' id='word_1_54' title='bbox 2064 731 2157 782; x_wconf 82' lang='lat' dir='ltr'><strong>da-</strong></span> 
     </span>
    </p>
   </div>
   <div class='ocr_carea' id='block_1_8' title="bbox 592 800 2156 888">
    <p class='ocr_par' dir='ltr' id='par_1_8' title="bbox 592 800 2156 888">
     <span class='ocr_line' id='line_1_8' title="bbox 592 800 2156 888; baseline 0.017 -38"><span class='ocrx_word' id='word_1_55' title='bbox 592 811 681 855; x_wconf 81' lang='lat' dir='ltr'><strong>tus</strong></span> <span class='ocrx_word' id='word_1_56' title='bbox 707 800 1045 860; x_wconf 76' lang='lat' dir='ltr'><strong>Mobammed</strong></span> <span class='ocrx_word' id='word_1_57' title='bbox 1083 808 1253 863; x_wconf 82' lang='lat' dir='ltr'><strong>Elmol</strong></span> <span class='ocrx_word' id='word_1_58' title='bbox 1290 812 1523 877; x_wconf 87' lang='lat' dir='ltr'><strong>Diudad,</strong></span> <span class='ocrx_word' id='word_1_59' title='bbox 1572 819 1724 871; x_wconf 55' lang='grc' dir='ltr'><strong>θενεῖς</strong></span> <span class='ocrx_word' id='word_1_60' title='bbox 1773 821 1943 888; x_wconf 84' lang='lat' dir='ltr'><strong>ipsius</strong></span> <span class='ocrx_word' id='word_1_61' title='bbox 1984 824 2156 875; x_wconf 88' lang='lat' dir='ltr'><strong>comi-</strong></span> 
     </span>
    </p>
   </div>
   <div class='ocr_carea' id='block_1_9' title="bbox 591 892 2156 979">
    <p class='ocr_par' dir='ltr' id='par_1_9' title="bbox 591 892 2156 979">
     <span class='ocr_line' id='line_1_9' title="bbox 591 892 2156 979; baseline 0.017 -38"><span class='ocrx_word' id='word_1_62' title='bbox 591 892 759 953; x_wconf 84' lang='lat' dir='ltr'><strong>tibus,</strong></span> <span class='ocrx_word' id='word_1_63' title='bbox 796 911 1024 961; x_wconf 89' lang='lat' dir='ltr'><strong>quorum</strong></span> <span class='ocrx_word' id='word_1_64' title='bbox 1076 900 1318 969; x_wconf 82' lang='lat' dir='ltr'><strong>plerique</strong></span> <span class='ocrx_word' id='word_1_65' title='bbox 1354 907 1704 959; x_wconf 86' lang='lat' dir='ltr'><strong>securitatem</strong></span> <span class='ocrx_word' id='word_1_66' title='bbox 1739 909 2007 975; x_wconf 88' lang='lat' dir='ltr'><strong>petierunt</strong></span> <span class='ocrx_word' id='word_1_67' title='bbox 2037 929 2156 979; x_wconf 86' lang='lat' dir='ltr'><strong>per-</strong></span> 
     </span>
    </p>
   </div>
   <div class='ocr_carea' id='block_1_10' title="bbox 589 984 2154 1068">
    <p class='ocr_par' dir='ltr' id='par_1_10' title="bbox 589 984 2154 1068">
     <span class='ocr_line' id='line_1_10' title="bbox 589 984 2154 1068; baseline 0.017 -35"><span class='ocrx_word' id='word_1_68' title='bbox 589 984 833 1052; x_wconf 72' lang='lat' dir='ltr'><strong>rexitqne</strong></span> <span class='ocrx_word' id='word_1_69' title='bbox 860 987 1267 1045; x_wconf 75' lang='lat' dir='ltr'><strong>Chamarawaih</strong></span> <span class='ocrx_word' id='word_1_70' title='bbox 1315 995 1489 1049; x_wconf 88' lang='lat' dir='ltr'><strong>donec</strong></span> <span class='ocrx_word' id='word_1_71' title='bbox 1522 997 1586 1048; x_wconf 86' lang='lat' dir='ltr'><strong>ad</strong></span> <span class='ocrx_word' id='word_1_72' title='bbox 1620 997 1942 1066; x_wconf 81' lang='lat' dir='ltr'><strong>Euphratem</strong></span> <span class='ocrx_word' id='word_1_73' title='bbox 1972 1019 2154 1068; x_wconf 54' lang='lat' dir='ltr'><strong>perte.</strong></span> 
     </span>
    </p>
   </div>
   <div class='ocr_carea' id='block_1_11' title="bbox 2259 474 3741 549">
    <p class='ocr_par' dir='ltr' id='par_1_11' title="bbox 2259 474 3741 549">
     <span class='ocr_line' id='line_1_11' title="bbox 2259 474 3741 549; baseline 0.007 -27"><span class='ocrx_word' id='word_1_74' title='bbox 2259 488 2380 526; x_wconf 87' lang='lat' dir='ltr'><strong>eum</strong></span> <span class='ocrx_word' id='word_1_75' title='bbox 2415 474 2483 526; x_wconf 92' lang='lat' dir='ltr'><strong>ibi</strong></span> <span class='ocrx_word' id='word_1_76' title='bbox 2517 485 2641 527; x_wconf 89' lang='lat' dir='ltr'><strong>octo</strong></span> <span class='ocrx_word' id='word_1_77' title='bbox 2672 494 2885 530; x_wconf 75' lang='lat' dir='ltr'><strong>meuSes</strong></span> <span class='ocrx_word' id='word_1_78' title='bbox 2917 481 3159 544; x_wconf 89' lang='lat' dir='ltr'><strong>sedisset,</strong></span> <span class='ocrx_word' id='word_1_79' title='bbox 3196 484 3423 535; x_wconf 75' lang='lat' dir='ltr'><strong>turbulis</strong></span> <span class='ocrx_word' id='word_1_80' title='bbox 3453 483 3589 535; x_wconf 80' lang='lat' dir='ltr'><strong>inter</strong></span> <span class='ocrx_word' id='word_1_81' title='bbox 3616 483 3741 549; x_wconf 80' lang='lat' dir='ltr'><strong>ip-um</strong></span> 
     </span>
    </p>
   </div>
   <div class='ocr_carea' id='block_1_12' title="bbox 2258 565 3745 636">
    <p class='ocr_par' dir='ltr' id='par_1_12' title="bbox 2258 565 3745 636">
     <span class='ocr_line' id='line_1_12' title="bbox 2258 565 3745 636; baseline 0.008 -24"><span class='ocrx_word' id='word_1_82' title='bbox 2258 577 2319 614; x_wconf 90' lang='lat' dir='ltr'><strong>ac</strong></span> <span class='ocrx_word' id='word_1_83' title='bbox 2346 565 2510 618; x_wconf 79' lang='lat' dir='ltr'><strong>duces</strong></span> <span class='ocrx_word' id='word_1_84' title='bbox 2560 567 2741 625; x_wconf 88' lang='lat' dir='ltr'><strong>relms.</strong></span> <span class='ocrx_word' id='word_1_85' title='bbox 2774 569 2947 636; x_wconf 85' lang='lat' dir='ltr'><strong>ipsum</strong></span> <span class='ocrx_word' id='word_1_86' title='bbox 2991 571 3162 624; x_wconf 78' lang='lat' dir='ltr'><strong>adorti</strong></span> <span class='ocrx_word' id='word_1_87' title='bbox 3216 574 3576 631; x_wconf 80' lang='lat' dir='ltr'><strong>trucidarunt,</strong></span> <span class='ocrx_word' id='word_1_88' title='bbox 3613 573 3745 633; x_wconf 42' lang='lat' dir='ltr'><strong>male.</strong></span> 
     </span>
    </p>
   </div>
   <div class='ocr_carea' id='block_1_13' title="bbox 2255 658 3745 729">
    <p class='ocr_par' dir='ltr' id='par_1_13' title="bbox 2255 658 3745 729">
     <span class='ocr_line' id='line_1_13' title="bbox 2255 658 3745 729; baseline 0.001 -22"><span class='ocrx_word' id='word_1_89' title='bbox 2255 664 2480 722; x_wconf 78' lang='lat' dir='ltr'><strong>eiusque</strong></span> <span class='ocrx_word' id='word_1_90' title='bbox 2505 666 2585 710; x_wconf 87' lang='lat' dir='ltr'><strong>est</strong></span> <span class='ocrx_word' id='word_1_91' title='bbox 2618 658 2736 723; x_wconf 89' lang='lat' dir='ltr'><strong>ejus</strong></span> <span class='ocrx_word' id='word_1_92' title='bbox 2767 658 2885 713; x_wconf 87' lang='lat' dir='ltr'><strong>loco</strong></span> <span class='ocrx_word' id='word_1_93' title='bbox 2920 660 3083 714; x_wconf 79' lang='lat' dir='ltr'><strong>frater</strong></span> <span class='ocrx_word' id='word_1_94' title='bbox 3117 662 3284 729; x_wconf 84' lang='lat' dir='ltr'><strong>ipsius</strong></span> <span class='ocrx_word' id='word_1_95' title='bbox 3308 660 3486 712; x_wconf 90' lang='lat' dir='ltr'><strong>llarun</strong></span> <span class='ocrx_word' id='word_1_96' title='bbox 3522 661 3625 713; x_wconf 80' lang='lat' dir='ltr'><strong>Elui</strong></span> <span class='ocrx_word' id='word_1_97' title='bbox 3648 663 3745 711; x_wconf 72' lang='lat' dir='ltr'><strong>tilia-</strong></span> 
     </span>
    </p>
   </div>
   <div class='ocr_carea' id='block_1_14' title="bbox 2255 750 3750 820">
    <p class='ocr_par' dir='ltr' id='par_1_14' title="bbox 2255 750 3750 820">
     <span class='ocr_line' id='line_1_14' title="bbox 2255 750 3750 820; baseline 0 -21"><span class='ocrx_word' id='word_1_98' title='bbox 2255 750 2599 812; x_wconf 75' lang='lat' dir='ltr'><strong>marawaihi,</strong></span> <span class='ocrx_word' id='word_1_99' title='bbox 2642 766 2813 802; x_wconf 86' lang='lat' dir='ltr'><strong>annos</strong></span> <span class='ocrx_word' id='word_1_100' title='bbox 2844 764 3001 805; x_wconf 88' lang='lat' dir='ltr'><strong>natus</strong></span> <span class='ocrx_word' id='word_1_101' title='bbox 3037 755 3258 815; x_wconf 82' lang='lat' dir='ltr'><strong>decem;</strong></span> <span class='ocrx_word' id='word_1_102' title='bbox 3291 753 3451 820; x_wconf 91' lang='lat' dir='ltr'><strong>idque</strong></span> <span class='ocrx_word' id='word_1_103' title='bbox 3485 768 3651 803; x_wconf 79' lang='lat' dir='ltr'><strong>mense</strong></span> <span class='ocrx_word' id='word_1_104' title='bbox 3680 751 3750 799; x_wconf 73' lang='lat' dir='ltr'><strong>Ita-</strong></span> 
     </span>
    </p>
   </div>
   <div class='ocr_carea' id='block_1_15' title="bbox 2249 837 3751 909">
    <p class='ocr_par' dir='ltr' id='par_1_15' title="bbox 2249 837 3751 909">
     <span class='ocr_line' id='line_1_15' title="bbox 2249 837 3751 909; baseline 0.001 -19"><span class='ocrx_word' id='word_1_105' title='bbox 2249 837 2339 904; x_wconf 84' lang='lat' dir='ltr'><strong>jeb</strong></span> <span class='ocrx_word' id='word_1_106' title='bbox 2371 853 2513 890; x_wconf 88' lang='lat' dir='ltr'><strong>anno</strong></span> <span class='ocrx_word' id='word_1_107' title='bbox 2561 842 2931 894; x_wconf 84' lang='lat' dir='ltr'><strong>ducentesimo</strong></span> <span class='ocrx_word' id='word_1_108' title='bbox 2966 847 3294 909; x_wconf 75' lang='lat' dir='ltr'><strong>octogesimo</strong></span> <span class='ocrx_word' id='word_1_109' title='bbox 3349 843 3528 894; x_wconf 81' lang='lat' dir='ltr'><strong>tettio.</strong></span> <span class='ocrx_word' id='word_1_110' title='bbox 3570 842 3685 904; x_wconf 82' lang='lat' dir='ltr'><strong>Quit.</strong></span> <span class='ocrx_word' id='word_1_111' title='bbox 3715 852 3751 892; x_wconf 74' lang='lat' dir='ltr'><strong>rt</strong></span> 
     </span>
    </p>
   </div>
   <div class='ocr_carea' id='block_1_16' title="bbox 2254 928 3752 1004">
    <p class='ocr_par' dir='ltr' id='par_1_16' title="bbox 2254 928 3752 1004">
     <span class='ocr_line' id='line_1_16' title="bbox 2254 928 3752 1004; baseline 0.007 -24"><span class='ocrx_word' id='word_1_112' title='bbox 2254 928 2462 982; x_wconf 78' lang='lat' dir='ltr'><strong>litteras</strong></span> <span class='ocrx_word' id='word_1_113' title='bbox 2493 932 2556 982; x_wconf 89' lang='lat' dir='ltr'><strong>ad</strong></span> <span class='ocrx_word' id='word_1_114' title='bbox 2592 932 2861 984; x_wconf 88' lang='lat' dir='ltr'><strong>llarunem</strong></span> <span class='ocrx_word' id='word_1_115' title='bbox 2896 934 3042 985; x_wconf 80' lang='lat' dir='ltr'><strong>dedit</strong></span> <span class='ocrx_word' id='word_1_116' title='bbox 3069 933 3419 1004; x_wconf 58' lang='lat'><strong>481-483</strong></span> <span class='ocrx_word' id='word_1_117' title='bbox 3453 934 3509 982; x_wconf 67' lang='lat' dir='ltr'><strong>Al</strong></span> <span class='ocrx_word' id='word_1_118' title='bbox 3544 930 3752 991; x_wconf 62' lang='lat' dir='ltr'><strong>.\li:t.t&quot;e&#39;.</strong></span> 
     </span>
    </p>
   </div>
   <div class='ocr_carea' id='block_1_17' title="bbox 2251 1022 3750 1093">
    <p class='ocr_par' dir='ltr' id='par_1_17' title="bbox 2251 1022 3750 1093">
     <span class='ocr_line' id='line_1_17' title="bbox 2251 1022 3750 1093; baseline 0.001 -22"><span class='ocrx_word' id='word_1_119' title='bbox 2251 1022 2448 1084; x_wconf 84' lang='lat' dir='ltr'><strong>quibus</strong></span> <span class='ocrx_word' id='word_1_120' title='bbox 2497 1023 2595 1090; x_wconf 87' lang='lat' dir='ltr'><strong>ipsi</strong></span> <span class='ocrx_word' id='word_1_121' title='bbox 2626 1024 2842 1093; x_wconf 67' lang='lat' dir='ltr'><strong>Aigypti</strong></span> <span class='ocrx_word' id='word_1_122' title='bbox 2893 1024 3264 1092; x_wconf 50' lang='lat' dir='ltr'><strong>praefecturam</strong></span> <span class='ocrx_word' id='word_1_123' title='bbox 3313 1025 3563 1077; x_wconf 91' lang='lat' dir='ltr'><strong>contulit.</strong></span> <span class='ocrx_word' id='word_1_124' title='bbox 3614 1023 3750 1075; x_wconf 79' lang='lat' dir='ltr'><strong>llctms</strong></span> 
     </span>
    </p>
   </div>
   <div class='ocr_carea' id='block_1_18' title="bbox 587 1076 2150 1156">
    <p class='ocr_par' dir='ltr' id='par_1_18' title="bbox 587 1076 2150 1156">
     <span class='ocr_line' id='line_1_18' title="bbox 587 1076 2150 1156; baseline 0.013 -32"><span class='ocrx_word' id='word_1_125' title='bbox 587 1076 750 1138; x_wconf 85' lang='lat' dir='ltr'><strong>niret,</strong></span> <span class='ocrx_word' id='word_1_126' title='bbox 787 1078 1130 1149; x_wconf 76' lang='lat' dir='ltr'><strong>ingressique</strong></span> <span class='ocrx_word' id='word_1_127' title='bbox 1182 1094 1309 1137; x_wconf 89' lang='lat' dir='ltr'><strong>sunt</strong></span> <span class='ocrx_word' id='word_1_128' title='bbox 1363 1087 1588 1140; x_wconf 85' lang='lat' dir='ltr'><strong>comites</strong></span> <span class='ocrx_word' id='word_1_129' title='bbox 1627 1087 1794 1153; x_wconf 87' lang='lat' dir='ltr'><strong>ipsius</strong></span> <span class='ocrx_word' id='word_1_130' title='bbox 1827 1089 2150 1156; x_wconf 78' lang='lat' dir='ltr'><strong>AlRaceatn,</strong></span> 
     </span>
    </p>
   </div>
   <div class='ocr_carea' id='block_1_19' title="bbox 585 1166 2150 1251">
    <p class='ocr_par' dir='ltr' id='par_1_19' title="bbox 585 1166 2150 1251">
     <span class='ocr_line' id='line_1_19' title="bbox 585 1166 2150 1251; baseline 0.013 -35"><span class='ocrx_word' id='word_1_131' title='bbox 585 1166 641 1216; x_wconf 89' lang='lat' dir='ltr'><strong>in</strong></span> <span class='ocrx_word' id='word_1_132' title='bbox 674 1168 862 1220; x_wconf 87' lang='lat' dir='ltr'><strong>eadem</strong></span> <span class='ocrx_word' id='word_1_133' title='bbox 896 1186 1139 1227; x_wconf 76' lang='lat' dir='ltr'><strong>eruentes</strong></span> <span class='ocrx_word' id='word_1_134' title='bbox 1171 1190 1234 1228; x_wconf 83' lang='lat' dir='ltr'><strong>ac</strong></span> <span class='ocrx_word' id='word_1_135' title='bbox 1267 1180 1584 1251; x_wconf 79' lang='lat' dir='ltr'><strong>vendentes,</strong></span> <span class='ocrx_word' id='word_1_136' title='bbox 1613 1180 1745 1233; x_wconf 86' lang='lat' dir='ltr'><strong>adeo</strong></span> <span class='ocrx_word' id='word_1_137' title='bbox 1776 1192 1833 1234; x_wconf 89' lang='lat' dir='ltr'><strong>ut</strong></span> <span class='ocrx_word' id='word_1_138' title='bbox 1855 1184 1920 1234; x_wconf 90' lang='lat' dir='ltr'><strong>ab</strong></span> <span class='ocrx_word' id='word_1_139' title='bbox 1948 1200 2013 1236; x_wconf 90' lang='lat' dir='ltr'><strong>eo</strong></span> <span class='ocrx_word' id='word_1_140' title='bbox 2044 1201 2150 1236; x_wconf 78' lang='lat' dir='ltr'><strong>me-</strong></span> 
     </span>
    </p>
   </div>
   <div class='ocr_carea' id='block_1_20' title="bbox 586 1260 2149 1325">
    <p class='ocr_par' dir='ltr' id='par_1_20' title="bbox 586 1260 2149 1325">
     <span class='ocr_line' id='line_1_20' title="bbox 586 1260 2149 1325; baseline 0.012 -21"><span class='ocrx_word' id='word_1_141' title='bbox 586 1266 759 1309; x_wconf 82' lang='lat' dir='ltr'><strong>tueret</strong></span> <span class='ocrx_word' id='word_1_142' title='bbox 792 1260 1163 1317; x_wconf 72' lang='lat' dir='ltr'><strong>Almowaﬂek.</strong></span> <span class='ocrx_word' id='word_1_143' title='bbox 1202 1265 1474 1322; x_wconf 75' lang='lat' dir='ltr'><strong>Reversus</strong></span> <span class='ocrx_word' id='word_1_144' title='bbox 1509 1279 1590 1322; x_wconf 89' lang='lat' dir='ltr'><strong>est</strong></span> <span class='ocrx_word' id='word_1_145' title='bbox 1631 1281 1810 1323; x_wconf 89' lang='lat' dir='ltr'><strong>autem</strong></span> <span class='ocrx_word' id='word_1_146' title='bbox 1857 1272 2149 1325; x_wconf 64' lang='lat' dir='ltr'><strong>Cliomara.</strong></span> 
     </span>
    </p>
   </div>
   <div class='ocr_carea' id='block_1_21' title="bbox 581 1349 2150 1429">
    <p class='ocr_par' dir='ltr' id='par_1_21' title="bbox 581 1349 2150 1429">
     <span class='ocr_line' id='line_1_21' title="bbox 581 1349 2150 1429; baseline 0.012 -33"><span class='ocrx_word' id='word_1_147' title='bbox 581 1349 793 1401; x_wconf 77' lang='lat' dir='ltr'><strong>waibus</strong></span> <span class='ocrx_word' id='word_1_148' title='bbox 844 1351 893 1404; x_wconf 90' lang='lat' dir='ltr'><strong>in</strong></span> <span class='ocrx_word' id='word_1_149' title='bbox 946 1351 1266 1424; x_wconf 50' lang='lat' dir='ltr'><strong>imptum,</strong></span> <span class='ocrx_word' id='word_1_150' title='bbox 1318 1359 1604 1425; x_wconf 37' lang='lat' dir='ltr'><strong>iuiperium</strong></span> <span class='ocrx_word' id='word_1_151' title='bbox 1636 1362 1745 1429; x_wconf 83' lang='lat' dir='ltr'><strong>jam</strong></span> <span class='ocrx_word' id='word_1_152' title='bbox 1783 1363 2038 1417; x_wconf 86' lang='lat' dir='ltr'><strong>obtinens</strong></span> <span class='ocrx_word' id='word_1_153' title='bbox 2084 1366 2150 1415; x_wconf 91' lang='lat' dir='ltr'><strong>ab</strong></span> 
     </span>
    </p>
   </div>
   <div class='ocr_carea' id='block_1_22' title="bbox 592 1437 2153 1522">
    <p class='ocr_par' dir='ltr' id='par_1_22' title="bbox 592 1437 2153 1522">
     <span class='ocr_line' id='line_1_22' title="bbox 592 1437 2153 1522; baseline 0.011 -33"><span class='ocrx_word' id='word_1_154' title='bbox 592 1437 868 1505; x_wconf 78' lang='lat' dir='ltr'><strong>Euphrate</strong></span> <span class='ocrx_word' id='word_1_155' title='bbox 928 1460 1104 1514; x_wconf 84' lang='lat' dir='ltr'><strong>usque</strong></span> <span class='ocrx_word' id='word_1_156' title='bbox 1140 1448 1204 1499; x_wconf 86' lang='lat' dir='ltr'><strong>ad</strong></span> <span class='ocrx_word' id='word_1_157' title='bbox 1249 1449 1523 1511; x_wconf 66' lang='lat' dir='ltr'><strong>regionem</strong></span> <span class='ocrx_word' id='word_1_158' title='bbox 1572 1450 1783 1515; x_wconf 31' lang='lat' dir='ltr'><strong>an‘iae,</strong></span> <span class='ocrx_word' id='word_1_159' title='bbox 1828 1454 1879 1505; x_wconf 91' lang='lat' dir='ltr'><strong>in</strong></span> <span class='ocrx_word' id='word_1_160' title='bbox 1925 1454 2153 1522; x_wconf 82' lang='lat' dir='ltr'><strong>singulis</strong></span> 
     </span>
    </p>
   </div>
   <div class='ocr_carea' id='block_1_23' title="bbox 577 1529 2144 1608">
    <p class='ocr_par' dir='ltr' id='par_1_23' title="bbox 577 1529 2144 1608">
     <span class='ocr_line' id='line_1_23' title="bbox 577 1529 2144 1608; baseline 0.006 -19"><span class='ocrx_word' id='word_1_161' title='bbox 577 1529 941 1604; x_wconf 58' lang='lat'><strong>577-479</strong></span> <span class='ocrx_word' id='word_1_162' title='bbox 975 1538 1271 1603; x_wconf 78' lang='lat' dir='ltr'><strong>provinciis</strong></span> <span class='ocrx_word' id='word_1_163' title='bbox 1308 1540 1623 1608; x_wconf 85' lang='lat' dir='ltr'><strong>deputatum</strong></span> <span class='ocrx_word' id='word_1_164' title='bbox 1650 1558 1678 1596; x_wconf 92' lang='lat' dir='ltr'><strong>e</strong></span> <span class='ocrx_word' id='word_1_165' title='bbox 1710 1546 2002 1599; x_wconf 84' lang='lat' dir='ltr'><strong>comitibus</strong></span> <span class='ocrx_word' id='word_1_166' title='bbox 2028 1546 2144 1598; x_wconf 84' lang='lat' dir='ltr'><strong>suis</strong></span> 
     </span>
    </p>
   </div>
   <div class='ocr_carea' id='block_1_24' title="bbox 575 1626 2143 1699">
    <p class='ocr_par' dir='ltr' id='par_1_24' title="bbox 575 1626 2143 1699">
     <span class='ocr_line' id='line_1_24' title="bbox 575 1626 2143 1699; baseline 0.009 -25"><span class='ocrx_word' id='word_1_167' title='bbox 575 1626 812 1691; x_wconf 70' lang='lat' dir='ltr'><strong>aiiquem</strong></span> <span class='ocrx_word' id='word_1_168' title='bbox 872 1628 1249 1691; x_wconf 82' lang='lat' dir='ltr'><strong>constituens;</strong></span> <span class='ocrx_word' id='word_1_169' title='bbox 1333 1630 1495 1699; x_wconf 85' lang='lat' dir='ltr'><strong>idque</strong></span> <span class='ocrx_word' id='word_1_170' title='bbox 1557 1648 1700 1685; x_wconf 89' lang='lat' dir='ltr'><strong>anno</strong></span> <span class='ocrx_word' id='word_1_171' title='bbox 1769 1634 2143 1689; x_wconf 86' lang='lat' dir='ltr'><strong>ducentesimo</strong></span> 
     </span>
    </p>
   </div>
   <div class='ocr_carea' id='block_1_25' title="bbox 579 1719 2143 1784">
    <p class='ocr_par' dir='ltr' id='par_1_25' title="bbox 579 1719 2143 1784">
     <span class='ocr_line' id='line_1_25' title="bbox 579 1719 2143 1784; baseline 0.008 -17"><span class='ocrx_word' id='word_1_172' title='bbox 579 1719 982 1784; x_wconf 72' lang='lat' dir='ltr'><strong>septuagesimo</strong></span> <span class='ocrx_word' id='word_1_173' title='bbox 1008 1729 1180 1771; x_wconf 85' lang='lat' dir='ltr'><strong>sexto.</strong></span> <span class='ocrx_word' id='word_1_174' title='bbox 1205 1721 1351 1773; x_wconf 84' lang='lat' dir='ltr'><strong>Obiit</strong></span> <span class='ocrx_word' id='word_1_175' title='bbox 1379 1733 1557 1775; x_wconf 89' lang='lat' dir='ltr'><strong>autem</strong></span> <span class='ocrx_word' id='word_1_176' title='bbox 1584 1726 1936 1779; x_wconf 74' lang='lat' dir='ltr'><strong>Almowaﬂek</strong></span> <span class='ocrx_word' id='word_1_177' title='bbox 1959 1742 2143 1779; x_wconf 90' lang='lat' dir='ltr'><strong>mense</strong></span> 
     </span>
    </p>
   </div>
   <div class='ocr_carea' id='block_1_26' title="bbox 579 1806 2139 1882">
    <p class='ocr_par' dir='ltr' id='par_1_26' title="bbox 579 1806 2139 1882">
     <span class='ocr_line' id='line_1_26' title="bbox 579 1806 2139 1882; baseline 0.004 -24"><span class='ocrx_word' id='word_1_178' title='bbox 579 1806 757 1867; x_wconf 82' lang='lat' dir='ltr'><strong>Safar.</strong></span> <span class='ocrx_word' id='word_1_179' title='bbox 816 1824 960 1861; x_wconf 85' lang='lat' dir='ltr'><strong>anno</strong></span> <span class='ocrx_word' id='word_1_180' title='bbox 1025 1809 1404 1866; x_wconf 77' lang='lat' dir='ltr'><strong>ducentesimo</strong></span> <span class='ocrx_word' id='word_1_181' title='bbox 1460 1818 1866 1882; x_wconf 83' lang='lat' dir='ltr'><strong>septuagesimo</strong></span> <span class='ocrx_word' id='word_1_182' title='bbox 1925 1827 2139 1879; x_wconf 80' lang='lat' dir='ltr'><strong>octavo,</strong></span> 
     </span>
    </p>
   </div>
   <div class='ocr_carea' id='block_1_27' title="bbox 576 1899 2141 1974">
    <p class='ocr_par' dir='ltr' id='par_1_27' title="bbox 576 1899 2141 1974">
     <span class='ocr_line' id='line_1_27' title="bbox 576 1899 2141 1974; baseline 0.008 -27"><span class='ocrx_word' id='word_1_183' title='bbox 576 1899 722 1951; x_wconf 90' lang='lat' dir='ltr'><strong>vices</strong></span> <span class='ocrx_word' id='word_1_184' title='bbox 753 1913 845 1952; x_wconf 88' lang='lat' dir='ltr'><strong>eas</strong></span> <span class='ocrx_word' id='word_1_185' title='bbox 876 1900 1164 1968; x_wconf 87' lang='lat' dir='ltr'><strong>sttpplente</strong></span> <span class='ocrx_word' id='word_1_186' title='bbox 1201 1903 1309 1954; x_wconf 84' lang='lat' dir='ltr'><strong>tilio</strong></span> <span class='ocrx_word' id='word_1_187' title='bbox 1358 1904 1527 1970; x_wconf 83' lang='lat' dir='ltr'><strong>ipsius</strong></span> <span class='ocrx_word' id='word_1_188' title='bbox 1576 1905 1715 1957; x_wconf 75' lang='lat' dir='ltr'><strong>Abul</strong></span> <span class='ocrx_word' id='word_1_189' title='bbox 1762 1906 2000 1969; x_wconf 80' lang='lat' dir='ltr'><strong>Ahbaso,</strong></span> <span class='ocrx_word' id='word_1_190' title='bbox 2051 1907 2141 1974; x_wconf 84' lang='lat' dir='ltr'><strong>qui</strong></span> 
     </span>
    </p>
   </div>
   <div class='ocr_carea' id='block_1_28' title="bbox 574 1992 2142 2063">
    <p class='ocr_par' dir='ltr' id='par_1_28' title="bbox 574 1992 2142 2063">
     <span class='ocr_line' id='line_1_28' title="bbox 574 1992 2142 2063; baseline 0.006 -20"><span class='ocrx_word' id='word_1_191' title='bbox 574 2005 624 2043; x_wconf 87' lang='lat' dir='ltr'><strong>et</strong></span> <span class='ocrx_word' id='word_1_192' title='bbox 657 1992 710 2045; x_wconf 92' lang='lat' dir='ltr'><strong>in</strong></span> <span class='ocrx_word' id='word_1_193' title='bbox 735 1992 995 2047; x_wconf 72' lang='lat' dir='ltr'><strong>chalit‘atu</strong></span> <span class='ocrx_word' id='word_1_194' title='bbox 1045 2010 1337 2049; x_wconf 84' lang='lat' dir='ltr'><strong>successor</strong></span> <span class='ocrx_word' id='word_1_195' title='bbox 1367 2000 1715 2052; x_wconf 77' lang='lat' dir='ltr'><strong>renuntiatus</strong></span> <span class='ocrx_word' id='word_1_196' title='bbox 1746 2009 1852 2063; x_wconf 84' lang='lat' dir='ltr'><strong>est,</strong></span> <span class='ocrx_word' id='word_1_197' title='bbox 1892 2001 2142 2054; x_wconf 82' lang='lat' dir='ltr'><strong>abdicato</strong></span> 
     </span>
    </p>
   </div>
   <div class='ocr_carea' id='block_1_29' title="bbox 575 2078 2140 2155">
    <p class='ocr_par' dir='ltr' id='par_1_29' title="bbox 575 2078 2140 2155">
     <span class='ocr_line' id='line_1_29' title="bbox 575 2078 2140 2155; baseline 0.006 -24"><span class='ocrx_word' id='word_1_198' title='bbox 575 2078 785 2134; x_wconf 82' lang='lat' dir='ltr'><strong>laal&#39;aro</strong></span> <span class='ocrx_word' id='word_1_199' title='bbox 820 2082 988 2136; x_wconf 85' lang='lat' dir='ltr'><strong>Ebnol</strong></span> <span class='ocrx_word' id='word_1_200' title='bbox 1023 2084 1349 2139; x_wconf 77' lang='lat' dir='ltr'><strong>Motantmed</strong></span> <span class='ocrx_word' id='word_1_201' title='bbox 1387 2101 1447 2139; x_wconf 86' lang='lat' dir='ltr'><strong>ea</strong></span> <span class='ocrx_word' id='word_1_202' title='bbox 1487 2087 1768 2153; x_wconf 77' lang='lat' dir='ltr'><strong>dignitate.</strong></span> <span class='ocrx_word' id='word_1_203' title='bbox 1805 2088 1982 2141; x_wconf 76' lang='lat' dir='ltr'><strong>Rebus</strong></span> <span class='ocrx_word' id='word_1_204' title='bbox 2013 2104 2140 2155; x_wconf 67' lang='lat' dir='ltr'><strong>ergo</strong></span> 
     </span>
    </p>
   </div>
   <div class='ocr_carea' id='block_1_30' title="bbox 574 2171 2140 2243">
    <p class='ocr_par' dir='ltr' id='par_1_30' title="bbox 574 2171 2140 2243">
     <span class='ocr_line' id='line_1_30' title="bbox 574 2171 2140 2243; baseline 0.008 -23"><span class='ocrx_word' id='word_1_205' title='bbox 574 2171 824 2240; x_wconf 80' lang='lat' dir='ltr'><strong>gerendis</strong></span> <span class='ocrx_word' id='word_1_206' title='bbox 851 2177 1137 2243; x_wconf 75' lang='lat' dir='ltr'><strong>przefectus</strong></span> <span class='ocrx_word' id='word_1_207' title='bbox 1162 2185 1244 2229; x_wconf 87' lang='lat' dir='ltr'><strong>est</strong></span> <span class='ocrx_word' id='word_1_208' title='bbox 1265 2177 1403 2229; x_wconf 82' lang='lat' dir='ltr'><strong>Abul</strong></span> <span class='ocrx_word' id='word_1_209' title='bbox 1432 2178 1618 2229; x_wconf 83' lang='lat' dir='ltr'><strong>Abbas</strong></span> <span class='ocrx_word' id='word_1_210' title='bbox 1646 2179 1813 2231; x_wconf 66' lang='lat' dir='ltr'><strong>libnol</strong></span> <span class='ocrx_word' id='word_1_211' title='bbox 1843 2178 2140 2242; x_wconf 74' lang='lat' dir='ltr'><strong>Mowaﬂ‘ek,</strong></span> 
     </span>
    </p>
   </div>
   <div class='ocr_carea' id='block_1_31' title="bbox 574 2266 2141 2336">
    <p class='ocr_par' dir='ltr' id='par_1_31' title="bbox 574 2266 2141 2336">
     <span class='ocr_line' id='line_1_31' title="bbox 574 2266 2141 2336; baseline 0.008 -25"><span class='ocrx_word' id='word_1_212' title='bbox 574 2274 736 2330; x_wconf 83' lang='lat' dir='ltr'><strong>atque</strong></span> <span class='ocrx_word' id='word_1_213' title='bbox 790 2266 1091 2332; x_wconf 88' lang='lat' dir='ltr'><strong>appellatus</strong></span> <span class='ocrx_word' id='word_1_214' title='bbox 1144 2266 1485 2319; x_wconf 59' lang='lat' dir='ltr'><strong>Alliotadad.</strong></span> <span class='ocrx_word' id='word_1_215' title='bbox 1550 2268 1806 2336; x_wconf 80' lang='lat' dir='ltr'><strong>Obiitque</strong></span> <span class='ocrx_word' id='word_1_216' title='bbox 1858 2270 2141 2323; x_wconf 60' lang='lat' dir='ltr'><strong>Alilotamv</strong></span> 
     </span>
    </p>
   </div>
   <div class='ocr_carea' id='block_1_32' title="bbox 575 2352 2138 2419">
    <p class='ocr_par' dir='ltr' id='par_1_32' title="bbox 575 2352 2138 2419">
     <span class='ocr_line' id='line_1_32' title="bbox 575 2352 2138 2419; baseline 0.007 -15"><span class='ocrx_word' id='word_1_217' title='bbox 575 2355 694 2408; x_wconf 87' lang='lat' dir='ltr'><strong>med</strong></span> <span class='ocrx_word' id='word_1_218' title='bbox 729 2352 964 2419; x_wconf 73' lang='lat' dir='ltr'><strong>Bagitatli</strong></span> <span class='ocrx_word' id='word_1_219' title='bbox 997 2357 1085 2410; x_wconf 81' lang='lat' dir='ltr'><strong>die</strong></span> <span class='ocrx_word' id='word_1_220' title='bbox 1115 2356 1419 2419; x_wconf 84' lang='lat' dir='ltr'><strong>Dominieo,</strong></span> <span class='ocrx_word' id='word_1_221' title='bbox 1460 2360 1749 2412; x_wconf 82' lang='lat' dir='ltr'><strong>undecimo</strong></span> <span class='ocrx_word' id='word_1_222' title='bbox 1776 2371 1901 2413; x_wconf 79' lang='lat' dir='ltr'><strong>ante</strong></span> <span class='ocrx_word' id='word_1_223' title='bbox 1929 2363 2138 2415; x_wconf 86' lang='lat' dir='ltr'><strong>tinitum</strong></span> 
     </span>
    </p>
   </div>
   <div class='ocr_carea' id='block_1_33' title="bbox 576 2444 2144 2523">
    <p class='ocr_par' dir='ltr' id='par_1_33' title="bbox 576 2444 2144 2523">
     <span class='ocr_line' id='line_1_33' title="bbox 576 2444 2144 2523; baseline 0.006 -26"><span class='ocrx_word' id='word_1_224' title='bbox 576 2462 817 2499; x_wconf 83' lang='lat' dir='ltr'><strong>mensem</strong></span> <span class='ocrx_word' id='word_1_225' title='bbox 874 2444 1097 2514; x_wconf 46' lang='lat' dir='ltr'><strong>Rajeb,’</strong></span> <span class='ocrx_word' id='word_1_226' title='bbox 1134 2465 1278 2503; x_wconf 86' lang='lat' dir='ltr'><strong>anno</strong></span> <span class='ocrx_word' id='word_1_227' title='bbox 1331 2451 1701 2505; x_wconf 83' lang='lat' dir='ltr'><strong>ducentesimo</strong></span> <span class='ocrx_word' id='word_1_228' title='bbox 1744 2456 2144 2523; x_wconf 71' lang='lat' dir='ltr'><strong>septuagesimo</strong></span> 
     </span>
    </p>
   </div>
   <div class='ocr_carea' id='block_1_34' title="bbox 572 2534 2138 2613">
    <p class='ocr_par' dir='ltr' id='par_1_34' title="bbox 572 2534 2138 2613">
     <span class='ocr_line' id='line_1_34' title="bbox 572 2534 2138 2613; baseline 0.006 -23"><span class='ocrx_word' id='word_1_229' title='bbox 572 2553 736 2592; x_wconf 73' lang='lat' dir='ltr'><strong>nano.</strong></span> <span class='ocrx_word' id='word_1_230' title='bbox 772 2538 896 2593; x_wconf 87' lang='lat' dir='ltr'><strong>Fuit</strong></span> <span class='ocrx_word' id='word_1_231' title='bbox 928 2534 1218 2594; x_wconf 83' lang='lat' dir='ltr'><strong>chalifatus</strong></span> <span class='ocrx_word' id='word_1_232' title='bbox 1251 2541 1419 2610; x_wconf 82' lang='lat' dir='ltr'><strong>ipsius</strong></span> <span class='ocrx_word' id='word_1_233' title='bbox 1452 2558 1717 2596; x_wconf 84' lang='lat' dir='ltr'><strong>annorum</strong></span> <span class='ocrx_word' id='word_1_234' title='bbox 1754 2546 1942 2613; x_wconf 84' lang='lat' dir='ltr'><strong>viginti</strong></span> <span class='ocrx_word' id='word_1_235' title='bbox 1975 2547 2138 2599; x_wconf 88' lang='lat' dir='ltr'><strong>triunt</strong></span> 
     </span>
    </p>
   </div>
   <div class='ocr_carea' id='block_1_35' title="bbox 574 2636 2146 2701">
    <p class='ocr_par' dir='ltr' id='par_1_35' title="bbox 574 2636 2146 2701">
     <span class='ocr_line' id='line_1_35' title="bbox 574 2636 2146 2701; baseline 0.004 -16"><span class='ocrx_word' id='word_1_236' title='bbox 574 2643 628 2687; x_wconf 84' lang='lat' dir='ltr'><strong>et</strong></span> <span class='ocrx_word' id='word_1_237' title='bbox 679 2650 768 2688; x_wconf 83' lang='lat' dir='ltr'><strong>sex</strong></span> <span class='ocrx_word' id='word_1_238' title='bbox 828 2636 1061 2689; x_wconf 77' lang='lat' dir='ltr'><strong>dierum.</strong></span> <span class='ocrx_word' id='word_1_239' title='bbox 1110 2637 1429 2701; x_wconf 71' lang='lat' dir='ltr'><strong>Annorum,</strong></span> <span class='ocrx_word' id='word_1_240' title='bbox 1492 2656 1614 2693; x_wconf 85' lang='lat' dir='ltr'><strong>cum</strong></span> <span class='ocrx_word' id='word_1_241' title='bbox 1668 2650 1993 2700; x_wconf 77' lang='lat' dir='ltr'><strong>moreretur,</strong></span> <span class='ocrx_word' id='word_1_242' title='bbox 2045 2638 2146 2691; x_wconf 80' lang='lat' dir='ltr'><strong>fuit</strong></span> 
     </span>
    </p>
   </div>
   <div class='ocr_carea' id='block_1_36' title="bbox 575 2722 2142 2798">
    <p class='ocr_par' dir='ltr' id='par_1_36' title="bbox 575 2722 2142 2798">
     <span class='ocr_line' id='line_1_36' title="bbox 575 2722 2142 2798; baseline 0.004 -21"><span class='ocrx_word' id='word_1_243' title='bbox 575 2725 935 2794; x_wconf 75' lang='lat' dir='ltr'><strong>quadraginta</strong></span> <span class='ocrx_word' id='word_1_244' title='bbox 968 2742 1060 2781; x_wconf 77' lang='lat' dir='ltr'><strong>sex</strong></span> <span class='ocrx_word' id='word_1_245' title='bbox 1099 2745 1111 2780; x_wconf 91' lang='lat'>:</span> <span class='ocrx_word' id='word_1_246' title='bbox 1148 2722 1511 2798; x_wconf 78' lang='lat' dir='ltr'><strong>portatusque</strong></span> <span class='ocrx_word' id='word_1_247' title='bbox 1529 2730 2020 2792; x_wconf 86' lang='lat' dir='ltr'><strong>Sarramauraiam,</strong></span> <span class='ocrx_word' id='word_1_248' title='bbox 2069 2731 2142 2783; x_wconf 88' lang='lat' dir='ltr'><strong>ibi</strong></span> 
     </span>
    </p>
   </div>
   <div class='ocr_carea' id='block_1_37' title="bbox 569 2818 956 2889">
    <p class='ocr_par' dir='ltr' id='par_1_37' title="bbox 569 2818 956 2889">
     <span class='ocr_line' id='line_1_37' title="bbox 569 2818 956 2889; baseline 0.003 -20"><span class='ocrx_word' id='word_1_249' title='bbox 569 2818 815 2886; x_wconf 78' lang='lat' dir='ltr'><strong>sepultus</strong></span> <span class='ocrx_word' id='word_1_250' title='bbox 856 2828 956 2889; x_wconf 75' lang='lat' dir='ltr'><strong>est.</strong></span> 
     </span>
    </p>
   </div>
   <div class='ocr_carea' id='block_1_38' title="bbox 991 2909 1705 2977">
    <p class='ocr_par' dir='ltr' id='par_1_38' title="bbox 991 2909 1705 2977">
     <span class='ocr_line' id='line_1_38' title="bbox 991 2909 1705 2977; baseline 0.003 -14"><span class='ocrx_word' id='word_1_251' title='bbox 991 2909 1290 2977; x_wconf 75' lang='lat' dir='ltr'><strong>C/talifatns</strong></span> <span class='ocrx_word' id='word_1_252' title='bbox 1324 2915 1389 2966; x_wconf 75' lang='lat' dir='ltr'><strong>At</strong></span> <span class='ocrx_word' id='word_1_253' title='bbox 1418 2912 1705 2967; x_wconf 73' lang='lat' dir='ltr'><strong>Motadrdi.</strong></span> 
     </span>
    </p>
   </div>
   <div class='ocr_carea' id='block_1_39' title="bbox 2251 1110 3756 1186">
    <p class='ocr_par' dir='ltr' id='par_1_39' title="bbox 2251 1110 3756 1186">
     <span class='ocr_line' id='line_1_39' title="bbox 2251 1110 3756 1186; baseline 0 -23"><span class='ocrx_word' id='word_1_254' title='bbox 2251 1110 2384 1178; x_wconf 88' lang='lat' dir='ltr'><strong>ipsis</strong></span> <span class='ocrx_word' id='word_1_255' title='bbox 2421 1113 2864 1186; x_wconf 61' lang='lat' dir='ltr'><strong>administramus</strong></span> <span class='ocrx_word' id='word_1_256' title='bbox 2909 1114 3120 1182; x_wconf 65' lang='lat' dir='ltr'><strong>prmiuit</strong></span> <span class='ocrx_word' id='word_1_257' title='bbox 3152 1115 3265 1165; x_wconf 82' lang='lat' dir='ltr'><strong>Ahu</strong></span> <span class='ocrx_word' id='word_1_258' title='bbox 3302 1113 3504 1175; x_wconf 77' lang='lat' dir='ltr'><strong>Jaat&#39;ar,</strong></span> <span class='ocrx_word' id='word_1_259' title='bbox 3551 1114 3650 1165; x_wconf 75' lang='lat' dir='ltr'><strong>Elui</strong></span> <span class='ocrx_word' id='word_1_260' title='bbox 3674 1113 3756 1164; x_wconf 59' lang='lat' dir='ltr'><strong>lio.</strong></span> 
     </span>
    </p>
   </div>
   <div class='ocr_carea' id='block_1_40' title="bbox 2253 1202 3748 1271">
    <p class='ocr_par' dir='ltr' id='par_1_40' title="bbox 2253 1202 3748 1271">
     <span class='ocr_line' id='line_1_40' title="bbox 2253 1202 3748 1271; baseline 0.003 -19"><span class='ocrx_word' id='word_1_261' title='bbox 2253 1202 2523 1264; x_wconf 83' lang='lat' dir='ltr'><strong>ltatumcd,</strong></span> <span class='ocrx_word' id='word_1_262' title='bbox 2564 1204 2673 1256; x_wconf 78' lang='lat' dir='ltr'><strong>Elin</strong></span> <span class='ocrx_word' id='word_1_263' title='bbox 2706 1205 2850 1265; x_wconf 60' lang='lat' dir='ltr'><strong>Abte,</strong></span> <span class='ocrx_word' id='word_1_264' title='bbox 2885 1204 3080 1258; x_wconf 84' lang='lat' dir='ltr'><strong>Turea.</strong></span> <span class='ocrx_word' id='word_1_265' title='bbox 3110 1205 3279 1257; x_wconf 83' lang='lat' dir='ltr'><strong>Porro</strong></span> <span class='ocrx_word' id='word_1_266' title='bbox 3333 1205 3525 1256; x_wconf 86' lang='lat' dir='ltr'><strong>mirum</strong></span> <span class='ocrx_word' id='word_1_267' title='bbox 3565 1204 3673 1271; x_wconf 81' lang='lat' dir='ltr'><strong>quid</strong></span> <span class='ocrx_word' id='word_1_268' title='bbox 3710 1206 3748 1256; x_wconf 73' lang='lat' dir='ltr'><strong>in</strong></span> 
     </span>
    </p>
   </div>
   <div class='ocr_carea' id='block_1_41' title="bbox 2251 1292 3759 1363">
    <p class='ocr_par' dir='ltr' id='par_1_41' title="bbox 2251 1292 3759 1363">
     <span class='ocr_line' id='line_1_41' title="bbox 2251 1292 3759 1363; baseline 0 -19"><span class='ocrx_word' id='word_1_269' title='bbox 2251 1292 2481 1361; x_wconf 60' lang='grc' dir='ltr'><strong>Αἴθη)ιο</strong></span> <span class='ocrx_word' id='word_1_270' title='bbox 2544 1296 2768 1363; x_wconf 78' lang='lat' dir='ltr'><strong>contigit</strong></span> <span class='ocrx_word' id='word_1_271' title='bbox 2824 1297 2909 1347; x_wconf 86' lang='lat' dir='ltr'><strong>die</strong></span> <span class='ocrx_word' id='word_1_272' title='bbox 2971 1294 3119 1348; x_wconf 83' lang='lat' dir='ltr'><strong>Jovis</strong></span> <span class='ocrx_word' id='word_1_273' title='bbox 3164 1295 3373 1347; x_wconf 80' lang='lat' dir='ltr'><strong>duobus</strong></span> <span class='ocrx_word' id='word_1_274' title='bbox 3428 1304 3551 1346; x_wconf 82' lang='lat' dir='ltr'><strong>ante</strong></span> <span class='ocrx_word' id='word_1_275' title='bbox 3598 1296 3759 1345; x_wconf 68' lang='lat' dir='ltr'><strong>linitusu</strong></span> 
     </span>
    </p>
   </div>
   <div class='ocr_carea' id='block_1_42' title="bbox 2250 1378 3760 1453">
    <p class='ocr_par' dir='ltr' id='par_1_42' title="bbox 2250 1378 3760 1453">
     <span class='ocr_line' id='line_1_42' title="bbox 2250 1378 3760 1453; baseline 0 -19"><span class='ocrx_word' id='word_1_276' title='bbox 2250 1378 2486 1436; x_wconf 78' lang='lat' dir='ltr'><strong>mensem</strong></span> <span class='ocrx_word' id='word_1_277' title='bbox 2517 1386 2738 1438; x_wconf 80' lang='lat' dir='ltr'><strong>Rabiam</strong></span> <span class='ocrx_word' id='word_1_278' title='bbox 2767 1387 2994 1451; x_wconf 88' lang='lat' dir='ltr'><strong>priorem</strong></span> <span class='ocrx_word' id='word_1_279' title='bbox 3023 1387 3233 1446; x_wconf 77' lang='lat' dir='ltr'><strong>diebus,</strong></span> <span class='ocrx_word' id='word_1_280' title='bbox 3254 1386 3341 1453; x_wconf 91' lang='lat' dir='ltr'><strong>qtti</strong></span> <span class='ocrx_word' id='word_1_281' title='bbox 3368 1384 3760 1437; x_wconf 79' lang='lat' dir='ltr'><strong>Christianorum</strong></span> 
     </span>
    </p>
   </div>
   <div class='ocr_carea' id='block_1_43' title="bbox 2250 1473 3757 1542">
    <p class='ocr_par' dir='ltr' id='par_1_43' title="bbox 2250 1473 3757 1542">
     <span class='ocr_line' id='line_1_43' title="bbox 2250 1473 3757 1542; baseline 0 -18"><span class='ocrx_word' id='word_1_282' title='bbox 2250 1473 2445 1527; x_wconf 83' lang='lat' dir='ltr'><strong>festum</strong></span> <span class='ocrx_word' id='word_1_283' title='bbox 2478 1485 2591 1526; x_wconf 91' lang='lat' dir='ltr'><strong>erat</strong></span> <span class='ocrx_word' id='word_1_284' title='bbox 2620 1476 2759 1542; x_wconf 80' lang='lat' dir='ltr'><strong>quod</strong></span> <span class='ocrx_word' id='word_1_285' title='bbox 2786 1475 2853 1525; x_wconf 91' lang='lat' dir='ltr'><strong>ob</strong></span> <span class='ocrx_word' id='word_1_286' title='bbox 2891 1491 3172 1528; x_wconf 77' lang='lat' dir='ltr'><strong>ascensum</strong></span> <span class='ocrx_word' id='word_1_287' title='bbox 3205 1477 3411 1527; x_wconf 82' lang='lat' dir='ltr'><strong>Domini</strong></span> <span class='ocrx_word' id='word_1_288' title='bbox 3442 1475 3606 1528; x_wconf 83' lang='lat' dir='ltr'><strong>nostri</strong></span> <span class='ocrx_word' id='word_1_289' title='bbox 3630 1474 3757 1526; x_wconf 81' lang='lat' dir='ltr'><strong>Clui-</strong></span> 
     </span>
    </p>
   </div>
   <div class='ocr_carea' id='block_1_44' title="bbox 2256 1565 3758 1630">
    <p class='ocr_par' dir='ltr' id='par_1_44' title="bbox 2256 1565 3758 1630">
     <span class='ocr_line' id='line_1_44' title="bbox 2256 1565 3758 1630; baseline -0.001 -11"><span class='ocrx_word' id='word_1_290' title='bbox 2256 1565 2319 1619; x_wconf 90' lang='lat' dir='ltr'><strong>sti</strong></span> <span class='ocrx_word' id='word_1_291' title='bbox 2364 1566 2413 1617; x_wconf 87' lang='lat' dir='ltr'><strong>itt</strong></span> <span class='ocrx_word' id='word_1_292' title='bbox 2445 1567 2611 1617; x_wconf 73' lang='lat' dir='ltr'><strong>eteius</strong></span> <span class='ocrx_word' id='word_1_293' title='bbox 2646 1567 2916 1617; x_wconf 77' lang='lat' dir='ltr'><strong>celebrant</strong></span> <span class='ocrx_word' id='word_1_294' title='bbox 2943 1605 2958 1627; x_wconf 85' lang='lat'><strong>,</strong></span> <span class='ocrx_word' id='word_1_295' title='bbox 2991 1581 3131 1618; x_wconf 77' lang='lat' dir='ltr'><strong>anno</strong></span> <span class='ocrx_word' id='word_1_296' title='bbox 3166 1567 3539 1620; x_wconf 77' lang='lat' dir='ltr'><strong>ducentesimo</strong></span> <span class='ocrx_word' id='word_1_297' title='bbox 3575 1574 3758 1630; x_wconf 79' lang='lat' dir='ltr'><strong>octoge-</strong></span> 
     </span>
    </p>
   </div>
   <div class='ocr_carea' id='block_1_45' title="bbox 2252 1656 3764 1721">
    <p class='ocr_par' dir='ltr' id='par_1_45' title="bbox 2252 1656 3764 1721">
     <span class='ocr_line' id='line_1_45' title="bbox 2252 1656 3764 1721; baseline -0.001 -13"><span class='ocrx_word' id='word_1_298' title='bbox 2252 1658 2392 1708; x_wconf 69' lang='lat' dir='ltr'><strong>simo</strong></span> <span class='ocrx_word' id='word_1_299' title='bbox 2423 1667 2636 1721; x_wconf 85' lang='lat' dir='ltr'><strong>quarto.</strong></span> <span class='ocrx_word' id='word_1_300' title='bbox 2672 1656 2949 1709; x_wconf 85' lang='lat' dir='ltr'><strong>Flautibus</strong></span> <span class='ocrx_word' id='word_1_301' title='bbox 2981 1658 3154 1710; x_wconf 77' lang='lat' dir='ltr'><strong>ventis</strong></span> <span class='ocrx_word' id='word_1_302' title='bbox 3191 1658 3478 1710; x_wconf 78' lang='lat' dir='ltr'><strong>admodum</strong></span> <span class='ocrx_word' id='word_1_303' title='bbox 3511 1659 3764 1710; x_wconf 75' lang='lat' dir='ltr'><strong>vehemen-</strong></span> 
     </span>
    </p>
   </div>
   <div class='ocr_carea' id='block_1_46' title="bbox 2246 1748 3765 1816">
    <p class='ocr_par' dir='ltr' id='par_1_46' title="bbox 2246 1748 3765 1816">
     <span class='ocr_line' id='line_1_46' title="bbox 2246 1748 3765 1816; baseline -0.003 -17"><span class='ocrx_word' id='word_1_304' title='bbox 2246 1749 2387 1802; x_wconf 86' lang='lat' dir='ltr'><strong>tibns</strong></span> <span class='ocrx_word' id='word_1_305' title='bbox 2434 1763 2462 1799; x_wconf 87' lang='lat' dir='ltr'><strong>a</strong></span> <span class='ocrx_word' id='word_1_306' title='bbox 2509 1764 2732 1814; x_wconf 73' lang='lat' dir='ltr'><strong>vespera</strong></span> <span class='ocrx_word' id='word_1_307' title='bbox 2782 1750 2955 1816; x_wconf 76' lang='lat' dir='ltr'><strong>usque</strong></span> <span class='ocrx_word' id='word_1_308' title='bbox 3000 1749 3064 1802; x_wconf 88' lang='lat' dir='ltr'><strong>ad</strong></span> <span class='ocrx_word' id='word_1_309' title='bbox 3119 1749 3348 1802; x_wconf 84' lang='lat' dir='ltr'><strong>mediam</strong></span> <span class='ocrx_word' id='word_1_310' title='bbox 3383 1757 3626 1808; x_wconf 85' lang='lat' dir='ltr'><strong>noctem,</strong></span> <span class='ocrx_word' id='word_1_311' title='bbox 3655 1748 3765 1813; x_wconf 72' lang='lat' dir='ltr'><strong>eirea</strong></span> 
     </span>
    </p>
   </div>
   <div class='ocr_carea' id='block_1_47' title="bbox 2246 1834 3769 1901">
    <p class='ocr_par' dir='ltr' id='par_1_47' title="bbox 2246 1834 3769 1901">
     <span class='ocr_line' id='line_1_47' title="bbox 2246 1834 3769 1901; baseline -0.004 -14"><span class='ocrx_word' id='word_1_312' title='bbox 2246 1837 2473 1889; x_wconf 83' lang='lat' dir='ltr'><strong>inediam</strong></span> <span class='ocrx_word' id='word_1_313' title='bbox 2526 1847 2738 1888; x_wconf 80' lang='lat' dir='ltr'><strong>noetem</strong></span> <span class='ocrx_word' id='word_1_314' title='bbox 2786 1837 2941 1890; x_wconf 68' lang='lat' dir='ltr'><strong>faeta-</strong></span> <span class='ocrx_word' id='word_1_315' title='bbox 2976 1847 3096 1891; x_wconf 88' lang='lat' dir='ltr'><strong>sunt</strong></span> <span class='ocrx_word' id='word_1_316' title='bbox 3133 1834 3363 1891; x_wconf 76' lang='lat' dir='ltr'><strong>tenebrm</strong></span> <span class='ocrx_word' id='word_1_317' title='bbox 3392 1837 3547 1889; x_wconf 88' lang='lat' dir='ltr'><strong>valde</strong></span> <span class='ocrx_word' id='word_1_318' title='bbox 3596 1851 3769 1901; x_wconf 75' lang='lat' dir='ltr'><strong>graves,</strong></span> 
     </span>
    </p>
   </div>
   <div class='ocr_carea' id='block_1_48' title="bbox 2241 1925 3773 1996">
    <p class='ocr_par' dir='ltr' id='par_1_48' title="bbox 2241 1925 3773 1996">
     <span class='ocr_line' id='line_1_48' title="bbox 2241 1925 3773 1996; baseline -0.003 -17"><span class='ocrx_word' id='word_1_319' title='bbox 2241 1930 2374 1979; x_wconf 86' lang='lat' dir='ltr'><strong>adeo</strong></span> <span class='ocrx_word' id='word_1_320' title='bbox 2410 1938 2461 1980; x_wconf 93' lang='lat' dir='ltr'><strong>ut</strong></span> <span class='ocrx_word' id='word_1_321' title='bbox 2495 1944 2598 1979; x_wconf 91' lang='lat' dir='ltr'><strong>non</strong></span> <span class='ocrx_word' id='word_1_322' title='bbox 2631 1939 2809 1996; x_wconf 73' lang='lat' dir='ltr'><strong>posset</strong></span> <span class='ocrx_word' id='word_1_323' title='bbox 2842 1929 2963 1995; x_wconf 77' lang='lat' dir='ltr'><strong>quis</strong></span> <span class='ocrx_word' id='word_1_324' title='bbox 2999 1928 3222 1992; x_wconf 63' lang='lat' dir='ltr'><strong>digitum</strong></span> <span class='ocrx_word' id='word_1_325' title='bbox 3261 1945 3415 1980; x_wconf 82' lang='lat' dir='ltr'><strong>suum</strong></span> <span class='ocrx_word' id='word_1_326' title='bbox 3451 1929 3593 1980; x_wconf 86' lang='lat' dir='ltr'><strong>inter</strong></span> <span class='ocrx_word' id='word_1_327' title='bbox 3620 1925 3773 1978; x_wconf 82' lang='lat' dir='ltr'><strong>oculos</strong></span> 
     </span>
    </p>
   </div>
   <div class='ocr_carea' id='block_1_49' title="bbox 2243 2017 3770 2086">
    <p class='ocr_par' dir='ltr' id='par_1_49' title="bbox 2243 2017 3770 2086">
     <span class='ocr_line' id='line_1_49' title="bbox 2243 2017 3770 2086; baseline -0.006 -15"><span class='ocrx_word' id='word_1_328' title='bbox 2243 2019 2477 2086; x_wconf 89' lang='lat' dir='ltr'><strong>positum</strong></span> <span class='ocrx_word' id='word_1_329' title='bbox 2515 2032 2755 2079; x_wconf 84' lang='lat' dir='ltr'><strong>cernere,</strong></span> <span class='ocrx_word' id='word_1_330' title='bbox 2796 2024 2908 2069; x_wconf 86' lang='lat' dir='ltr'><strong>tum</strong></span> <span class='ocrx_word' id='word_1_331' title='bbox 2934 2018 3189 2069; x_wconf 81' lang='lat' dir='ltr'><strong>concitati</strong></span> <span class='ocrx_word' id='word_1_332' title='bbox 3240 2026 3368 2072; x_wconf 82' lang='lat' dir='ltr'><strong>sunt</strong></span> <span class='ocrx_word' id='word_1_333' title='bbox 3416 2017 3565 2069; x_wconf 78' lang='lat' dir='ltr'><strong>venti</strong></span> <span class='ocrx_word' id='word_1_334' title='bbox 3615 2028 3770 2081; x_wconf 74' lang='lat' dir='ltr'><strong>graves</strong></span> 
     </span>
    </p>
   </div>
   <div class='ocr_carea' id='block_1_50' title="bbox 2245 2104 3768 2178">
    <p class='ocr_par' dir='ltr' id='par_1_50' title="bbox 2245 2104 3768 2178">
     <span class='ocr_line' id='line_1_50' title="bbox 2245 2104 3768 2178; baseline -0.004 -19"><span class='ocrx_word' id='word_1_335' title='bbox 2245 2108 2517 2178; x_wconf 82' lang='lat' dir='ltr'><strong>prioribus</strong></span> <span class='ocrx_word' id='word_1_336' title='bbox 2558 2109 3011 2167; x_wconf 83' lang='lat' dir='ltr'><strong>vehementiores.</strong></span> <span class='ocrx_word' id='word_1_337' title='bbox 3044 2109 3244 2175; x_wconf 72' lang='lat' dir='ltr'><strong>quib-is</strong></span> <span class='ocrx_word' id='word_1_338' title='bbox 3276 2109 3496 2170; x_wconf 63' lang='lat' dir='ltr'><strong>deiectae</strong></span> <span class='ocrx_word' id='word_1_339' title='bbox 3535 2116 3657 2158; x_wconf 86' lang='lat' dir='ltr'><strong>sunt</strong></span> <span class='ocrx_word' id='word_1_340' title='bbox 3690 2104 3768 2153; x_wconf 80' lang='lat' dir='ltr'><strong>tto-</strong></span> 
     </span>
    </p>
   </div>
   <div class='ocr_carea' id='block_1_51' title="bbox 2243 2196 3765 2264">
    <p class='ocr_par' dir='ltr' id='par_1_51' title="bbox 2243 2196 3765 2264">
     <span class='ocr_line' id='line_1_51' title="bbox 2243 2196 3765 2264; baseline -0.007 -13"><span class='ocrx_word' id='word_1_341' title='bbox 2243 2215 2363 2252; x_wconf 89' lang='lat' dir='ltr'><strong>mus</strong></span> <span class='ocrx_word' id='word_1_342' title='bbox 2412 2199 2621 2259; x_wconf 68' lang='lat' dir='ltr'><strong>multm;</strong></span> <span class='ocrx_word' id='word_1_343' title='bbox 2663 2198 2857 2264; x_wconf 80' lang='lat' dir='ltr'><strong>injecta</strong></span> <span class='ocrx_word' id='word_1_344' title='bbox 2889 2206 2972 2250; x_wconf 84' lang='lat' dir='ltr'><strong>est</strong></span> <span class='ocrx_word' id='word_1_345' title='bbox 3014 2198 3175 2249; x_wconf 86' lang='lat' dir='ltr'><strong>etiam</strong></span> <span class='ocrx_word' id='word_1_346' title='bbox 3210 2198 3487 2250; x_wconf 84' lang='lat' dir='ltr'><strong>hominum</strong></span> <span class='ocrx_word' id='word_1_347' title='bbox 3523 2197 3659 2249; x_wconf 85' lang='lat' dir='ltr'><strong>intra</strong></span> <span class='ocrx_word' id='word_1_348' title='bbox 3689 2196 3765 2243; x_wconf 85' lang='lat' dir='ltr'><strong>do-</strong></span> 
     </span>
    </p>
   </div>
   <div class='ocr_carea' id='block_1_52' title="bbox 2241 2285 3764 2355">
    <p class='ocr_par' dir='ltr' id='par_1_52' title="bbox 2241 2285 3764 2355">
     <span class='ocr_line' id='line_1_52' title="bbox 2241 2285 3764 2355; baseline 0 -15"><span class='ocrx_word' id='word_1_349' title='bbox 2241 2305 2358 2340; x_wconf 83' lang='lat' dir='ltr'><strong>mus</strong></span> <span class='ocrx_word' id='word_1_350' title='bbox 2390 2303 2515 2341; x_wconf 86' lang='lat' dir='ltr'><strong>suas</strong></span> <span class='ocrx_word' id='word_1_351' title='bbox 2547 2288 2819 2354; x_wconf 82' lang='lat' dir='ltr'><strong>capitibus</strong></span> <span class='ocrx_word' id='word_1_352' title='bbox 2868 2300 3030 2339; x_wconf 89' lang='lat' dir='ltr'><strong>arena</strong></span> <span class='ocrx_word' id='word_1_353' title='bbox 3086 2287 3248 2339; x_wconf 90' lang='lat' dir='ltr'><strong>rubra</strong></span> <span class='ocrx_word' id='word_1_354' title='bbox 3275 2326 3289 2350; x_wconf 92' lang='lat'><strong>,</strong></span> <span class='ocrx_word' id='word_1_355' title='bbox 3321 2285 3681 2355; x_wconf 87' lang='lat' dir='ltr'><strong>videruntque</strong></span> <span class='ocrx_word' id='word_1_356' title='bbox 3723 2290 3764 2340; x_wconf 89' lang='lat' dir='ltr'><strong>in</strong></span> 
     </span>
    </p>
   </div>
   <div class='ocr_carea' id='block_1_53' title="bbox 2240 2378 3774 2449">
    <p class='ocr_par' dir='ltr' id='par_1_53' title="bbox 2240 2378 3774 2449">
     <span class='ocr_line' id='line_1_53' title="bbox 2240 2378 3774 2449; baseline 0.001 -20"><span class='ocrx_word' id='word_1_357' title='bbox 2240 2390 2475 2449; x_wconf 81' lang='lat' dir='ltr'><strong>quatuor</strong></span> <span class='ocrx_word' id='word_1_358' title='bbox 2515 2380 2635 2430; x_wconf 76' lang='lat' dir='ltr'><strong>t‘tI‘li</strong></span> <span class='ocrx_word' id='word_1_359' title='bbox 2695 2379 2869 2447; x_wconf 83' lang='lat' dir='ltr'><strong>plagis</strong></span> <span class='ocrx_word' id='word_1_360' title='bbox 2915 2380 3194 2431; x_wconf 90' lang='lat' dir='ltr'><strong>columnas</strong></span> <span class='ocrx_word' id='word_1_361' title='bbox 3249 2380 3387 2447; x_wconf 80' lang='lat' dir='ltr'><strong>ignis</strong></span> <span class='ocrx_word' id='word_1_362' title='bbox 3442 2378 3774 2440; x_wconf 79' lang='lat' dir='ltr'><strong>ﬂammantes,</strong></span> 
     </span>
    </p>
   </div>
   <div class='ocr_carea' id='block_1_54' title="bbox 2246 2468 3777 2537">
    <p class='ocr_par' dir='ltr' id='par_1_54' title="bbox 2246 2468 3777 2537">
     <span class='ocr_line' id='line_1_54' title="bbox 2246 2468 3777 2537; baseline -0.003 -16"><span class='ocrx_word' id='word_1_363' title='bbox 2246 2486 2418 2537; x_wconf 84' lang='lat' dir='ltr'><strong>neque</strong></span> <span class='ocrx_word' id='word_1_364' title='bbox 2471 2469 2543 2520; x_wconf 88' lang='lat' dir='ltr'><strong>ita</strong></span> <span class='ocrx_word' id='word_1_365' title='bbox 2593 2484 2651 2522; x_wconf 90' lang='lat' dir='ltr'><strong>se</strong></span> <span class='ocrx_word' id='word_1_366' title='bbox 2696 2468 2896 2521; x_wconf 87' lang='lat' dir='ltr'><strong>habere</strong></span> <span class='ocrx_word' id='word_1_367' title='bbox 2931 2468 3092 2521; x_wconf 80' lang='lat' dir='ltr'><strong>desiit</strong></span> <span class='ocrx_word' id='word_1_368' title='bbox 3130 2468 3301 2520; x_wconf 87' lang='lat' dir='ltr'><strong>donec</strong></span> <span class='ocrx_word' id='word_1_369' title='bbox 3341 2470 3777 2537; x_wconf 72' lang='lat' dir='ltr'><strong>appropinquaret</strong></span> 
     </span>
    </p>
   </div>
   <div class='ocr_carea' id='block_1_55' title="bbox 2246 2557 3777 2626">
    <p class='ocr_par' dir='ltr' id='par_1_55' title="bbox 2246 2557 3777 2626">
     <span class='ocr_line' id='line_1_55' title="bbox 2246 2557 3777 2626; baseline -0.002 -15"><span class='ocrx_word' id='word_1_370' title='bbox 2246 2576 2422 2613; x_wconf 87' lang='lat' dir='ltr'><strong>mane.</strong></span> <span class='ocrx_word' id='word_1_371' title='bbox 2466 2559 2602 2611; x_wconf 88' lang='lat' dir='ltr'><strong>Tum</strong></span> <span class='ocrx_word' id='word_1_372' title='bbox 2637 2560 2943 2612; x_wconf 87' lang='lat' dir='ltr'><strong>remittente</strong></span> <span class='ocrx_word' id='word_1_373' title='bbox 2980 2559 3255 2626; x_wconf 88' lang='lat' dir='ltr'><strong>paululum</strong></span> <span class='ocrx_word' id='word_1_374' title='bbox 3290 2567 3449 2612; x_wconf 82' lang='lat' dir='ltr'><strong>vento</strong></span> <span class='ocrx_word' id='word_1_375' title='bbox 3491 2560 3673 2612; x_wconf 91' lang='lat' dir='ltr'><strong>rubuit</strong></span> <span class='ocrx_word' id='word_1_376' title='bbox 3702 2557 3777 2608; x_wconf 77' lang='lat' dir='ltr'><strong>atl-</strong></span> 
     </span>
    </p>
   </div>
   <div class='ocr_carea' id='block_1_56' title="bbox 2245 2638 3778 2725">
    <p class='ocr_par' dir='ltr' id='par_1_56' title="bbox 2245 2638 3778 2725">
     <span class='ocr_line' id='line_1_56' title="bbox 2245 2638 3778 2725; baseline -0.001 -23"><span class='ocrx_word' id='word_1_377' title='bbox 2245 2649 2459 2702; x_wconf 87' lang='lat' dir='ltr'><strong>modqu</strong></span> <span class='ocrx_word' id='word_1_378' title='bbox 2509 2638 2703 2702; x_wconf 77' lang='lat' dir='ltr'><strong>cmlum</strong></span> <span class='ocrx_word' id='word_1_379' title='bbox 2759 2651 2933 2703; x_wconf 90' lang='lat' dir='ltr'><strong>instar</strong></span> <span class='ocrx_word' id='word_1_380' title='bbox 2983 2649 3211 2702; x_wconf 62' lang='lat' dir='ltr'><strong>ﬂamma:</strong></span> <span class='ocrx_word' id='word_1_381' title='bbox 3264 2651 3442 2721; x_wconf 83' lang='lat' dir='ltr'><strong>ignis,</strong></span> <span class='ocrx_word' id='word_1_382' title='bbox 3487 2667 3613 2725; x_wconf 79' lang='lat' dir='ltr'><strong>cum</strong></span> <span class='ocrx_word' id='word_1_383' title='bbox 3641 2660 3778 2703; x_wconf 80' lang='lat' dir='ltr'><strong>vcato</strong></span> 
     </span>
    </p>
   </div>
   <div class='ocr_carea' id='block_1_57' title="bbox 2246 2741 3777 2809">
    <p class='ocr_par' dir='ltr' id='par_1_57' title="bbox 2246 2741 3777 2809">
     <span class='ocr_line' id='line_1_57' title="bbox 2246 2741 3777 2809; baseline -0.003 -16"><span class='ocrx_word' id='word_1_384' title='bbox 2246 2741 2441 2809; x_wconf 79' lang='lat' dir='ltr'><strong>frigido</strong></span> <span class='ocrx_word' id='word_1_385' title='bbox 2481 2758 2492 2792; x_wconf 89' lang='lat'><strong>:</strong></span> <span class='ocrx_word' id='word_1_386' title='bbox 2528 2742 2654 2807; x_wconf 89' lang='lat' dir='ltr'><strong>quin</strong></span> <span class='ocrx_word' id='word_1_387' title='bbox 2686 2749 2738 2791; x_wconf 90' lang='lat' dir='ltr'><strong>ct</strong></span> <span class='ocrx_word' id='word_1_388' title='bbox 2784 2748 2950 2800; x_wconf 80' lang='lat' dir='ltr'><strong>terra,</strong></span> <span class='ocrx_word' id='word_1_389' title='bbox 2985 2752 3217 2800; x_wconf 84' lang='lat' dir='ltr'><strong>montes,</strong></span> <span class='ocrx_word' id='word_1_390' title='bbox 3250 2742 3497 2800; x_wconf 85' lang='lat' dir='ltr'><strong>arbores.</strong></span> <span class='ocrx_word' id='word_1_391' title='bbox 3537 2742 3777 2797; x_wconf 79' lang='lat' dir='ltr'><strong>homines.</strong></span> 
     </span>
    </p>
   </div>
   <div class='ocr_carea' id='block_1_58' title="bbox 2244 2830 3778 2899">
    <p class='ocr_par' dir='ltr' id='par_1_58' title="bbox 2244 2830 3778 2899">
     <span class='ocr_line' id='line_1_58' title="bbox 2244 2830 3778 2899; baseline -0.001 -17"><span class='ocrx_word' id='word_1_392' title='bbox 2244 2847 2340 2886; x_wconf 87' lang='lat' dir='ltr'><strong>nec</strong></span> <span class='ocrx_word' id='word_1_393' title='bbox 2378 2847 2479 2883; x_wconf 91' lang='lat' dir='ltr'><strong>non</strong></span> <span class='ocrx_word' id='word_1_394' title='bbox 2517 2839 2694 2883; x_wconf 79' lang='lat' dir='ltr'><strong>vestes</strong></span> <span class='ocrx_word' id='word_1_395' title='bbox 2726 2832 2989 2898; x_wconf 89' lang='lat' dir='ltr'><strong>ipsorum,</strong></span> <span class='ocrx_word' id='word_1_396' title='bbox 3017 2839 3070 2882; x_wconf 84' lang='lat' dir='ltr'><strong>et</strong></span> <span class='ocrx_word' id='word_1_397' title='bbox 3094 2830 3350 2899; x_wconf 87' lang='lat' dir='ltr'><strong>quidquid</strong></span> <span class='ocrx_word' id='word_1_398' title='bbox 3380 2832 3580 2898; x_wconf 73' lang='lat' dir='ltr'><strong>ubique</strong></span> <span class='ocrx_word' id='word_1_399' title='bbox 3610 2846 3778 2883; x_wconf 76' lang='lat' dir='ltr'><strong>cerne-</strong></span> 
     </span>
    </p>
   </div>
   <div class='ocr_carea' id='block_1_59' title="bbox 2239 2918 3779 2987">
    <p class='ocr_par' dir='ltr' id='par_1_59' title="bbox 2239 2918 3779 2987">
     <span class='ocr_line' id='line_1_59' title="bbox 2239 2918 3779 2987; baseline -0.004 -14"><span class='ocrx_word' id='word_1_400' title='bbox 2239 2937 2348 2984; x_wconf 81' lang='lat' dir='ltr'><strong>res,</strong></span> <span class='ocrx_word' id='word_1_401' title='bbox 2408 2920 2695 2973; x_wconf 86' lang='lat' dir='ltr'><strong>rubescere</strong></span> <span class='ocrx_word' id='word_1_402' title='bbox 2745 2934 2852 2987; x_wconf 69' lang='lat' dir='ltr'><strong>pra:</strong></span> <span class='ocrx_word' id='word_1_403' title='bbox 2903 2934 3113 2973; x_wconf 82' lang='lat' dir='ltr'><strong>summa</strong></span> <span class='ocrx_word' id='word_1_404' title='bbox 3166 2920 3287 2972; x_wconf 67' lang='grc' dir='ltr'><strong>ειεΙί</strong></span> <span class='ocrx_word' id='word_1_405' title='bbox 3332 2918 3620 2979; x_wconf 80' lang='lat' dir='ltr'><strong>rubedine,</strong></span> <span class='ocrx_word' id='word_1_406' title='bbox 3676 2933 3779 2985; x_wconf 65' lang='lat' dir='ltr'><strong>qum</strong></span> 
     </span>
    </p>
   </div>
   <div class='ocr_carea' id='block_1_60' title="bbox 641 2981 3779 3072">
    <p class='ocr_par' dir='ltr' id='par_1_60' title="bbox 641 2981 3779 3072">
     <span class='ocr_line' id='line_1_60' title="bbox 641 2981 3779 3072; baseline 0.001 -20"><span class='ocrx_word' id='word_1_407' title='bbox 641 2996 993 3072; x_wconf 80' lang='lat' dir='ltr'><strong>lnauguratus</strong></span> <span class='ocrx_word' id='word_1_408' title='bbox 1040 3014 1120 3057; x_wconf 90' lang='lat' dir='ltr'><strong>est</strong></span> <span class='ocrx_word' id='word_1_409' title='bbox 1154 3004 1216 3056; x_wconf 77' lang='lat' dir='ltr'><strong>Al</strong></span> <span class='ocrx_word' id='word_1_410' title='bbox 1256 3003 1496 3059; x_wconf 75' lang='lat' dir='ltr'><strong>Motadezl</strong></span> <span class='ocrx_word' id='word_1_411' title='bbox 1546 3006 1729 3058; x_wconf 87' lang='lat' dir='ltr'><strong>billabi</strong></span> <span class='ocrx_word' id='word_1_412' title='bbox 1787 3005 1923 3058; x_wconf 71' lang='lat' dir='ltr'><strong>Abul</strong></span> <span class='ocrx_word' id='word_1_413' title='bbox 1956 3005 2136 3058; x_wconf 75' lang='lat' dir='ltr'><strong>Abbas</strong></span> <span class='ocrx_word' id='word_1_414' title='bbox 2162 2981 2205 3038; x_wconf 66' lang='grc' dir='ltr'>ο</span> <span class='ocrx_word' id='word_1_415' title='bbox 2241 2981 2374 3064; x_wconf 81' lang='lat' dir='ltr'><strong>duas</strong></span> <span class='ocrx_word' id='word_1_416' title='bbox 2406 3011 2566 3061; x_wconf 82' lang='lat' dir='ltr'><strong>horas</strong></span> <span class='ocrx_word' id='word_1_417' title='bbox 2591 2981 2836 3070; x_wconf 62' lang='lat' dir='ltr'><strong>duravit;</strong></span> <span class='ocrx_word' id='word_1_418' title='bbox 2871 3007 3065 3060; x_wconf 85' lang='lat' dir='ltr'><strong>deinde</strong></span> <span class='ocrx_word' id='word_1_419' title='bbox 3097 3007 3149 3059; x_wconf 91' lang='lat' dir='ltr'><strong>in</strong></span> <span class='ocrx_word' id='word_1_420' title='bbox 3181 3008 3501 3060; x_wconf 82' lang='lat' dir='ltr'><strong>ﬂavedinem</strong></span> <span class='ocrx_word' id='word_1_421' title='bbox 3538 2981 3779 3060; x_wconf 63' lang='lat' dir='ltr'><strong>conversi</strong></span> 
     </span>
    </p>
   </div>
   <div class='ocr_carea' id='block_1_61' title="bbox 571 3091 2136 3159">
    <p class='ocr_par' dir='ltr' id='par_1_61' title="bbox 571 3091 2136 3159">
     <span class='ocr_line' id='line_1_61' title="bbox 571 3091 2136 3159; baseline 0.004 -19"><span class='ocrx_word' id='word_1_422' title='bbox 571 3091 683 3159; x_wconf 80' lang='lat' dir='ltr'><strong>(qui</strong></span> <span class='ocrx_word' id='word_1_423' title='bbox 734 3092 874 3145; x_wconf 83' lang='lat' dir='ltr'><strong>idem</strong></span> <span class='ocrx_word' id='word_1_424' title='bbox 927 3094 1135 3148; x_wconf 80' lang='lat' dir='ltr'><strong>Alimed</strong></span> <span class='ocrx_word' id='word_1_425' title='bbox 1197 3095 1309 3147; x_wconf 85' lang='lat' dir='ltr'><strong>Ebn</strong></span> <span class='ocrx_word' id='word_1_426' title='bbox 1365 3096 1462 3147; x_wconf 83' lang='lat' dir='ltr'><strong>Abi</strong></span> <span class='ocrx_word' id='word_1_427' title='bbox 1523 3097 1725 3148; x_wconf 75' lang='lat' dir='ltr'><strong>Ahmed</strong></span> <span class='ocrx_word' id='word_1_428' title='bbox 1763 3097 1825 3147; x_wconf 78' lang='lat' dir='ltr'><strong>Al</strong></span> <span class='ocrx_word' id='word_1_429' title='bbox 1859 3095 2136 3148; x_wconf 76' lang='lat' dir='ltr'><strong>Mowam-k</strong></span> 
     </span>
    </p>
   </div>
   <div class='ocr_carea' id='block_1_62' title="bbox 571 3183 2140 3245">
    <p class='ocr_par' dir='ltr' id='par_1_62' title="bbox 571 3183 2140 3245">
     <span class='ocr_line' id='line_1_62' title="bbox 571 3183 2140 3245; baseline 0.004 -13"><span class='ocrx_word' id='word_1_430' title='bbox 571 3183 746 3238; x_wconf 85' lang='lat' dir='ltr'><strong>billaci</strong></span> <span class='ocrx_word' id='word_1_431' title='bbox 780 3184 891 3237; x_wconf 73' lang='lat' dir='ltr'><strong>Elin</strong></span> <span class='ocrx_word' id='word_1_432' title='bbox 923 3184 1107 3238; x_wconf 74' lang='lat' dir='ltr'><strong>Jaafar</strong></span> <span class='ocrx_word' id='word_1_433' title='bbox 1129 3186 1554 3240; x_wconf 79' lang='lat' dir='ltr'><strong>Almotawachcl</strong></span> <span class='ocrx_word' id='word_1_434' title='bbox 1579 3187 1814 3245; x_wconf 75' lang='lat' dir='ltr'><strong>alallalii,</strong></span> <span class='ocrx_word' id='word_1_435' title='bbox 1845 3188 1929 3240; x_wconf 91' lang='lat' dir='ltr'><strong>eui</strong></span> <span class='ocrx_word' id='word_1_436' title='bbox 1968 3198 2140 3240; x_wconf 83' lang='lat' dir='ltr'><strong>mater</strong></span> 
     </span>
    </p>
   </div>
   <div class='ocr_carea' id='block_1_63' title="bbox 572 3272 2133 3343">
    <p class='ocr_par' dir='ltr' id='par_1_63' title="bbox 572 3272 2133 3343">
     <span class='ocr_line' id='line_1_63' title="bbox 572 3272 2133 3343; baseline 0.005 -26"><span class='ocrx_word' id='word_1_437' title='bbox 572 3272 881 3323; x_wconf 64' lang='lat' dir='ltr'><strong>t-oneubina</strong></span> <span class='ocrx_word' id='word_1_438' title='bbox 919 3272 1017 3324; x_wconf 83' lang='lat' dir='ltr'><strong>fuit</strong></span> <span class='ocrx_word' id='word_1_439' title='bbox 1049 3275 1267 3325; x_wconf 87' lang='lat' dir='ltr'><strong>nomine</strong></span> <span class='ocrx_word' id='word_1_440' title='bbox 1299 3273 1488 3340; x_wconf 85' lang='lat' dir='ltr'><strong>Darar)</strong></span> <span class='ocrx_word' id='word_1_441' title='bbox 1513 3275 1703 3327; x_wconf 88' lang='lat' dir='ltr'><strong>eodem</strong></span> <span class='ocrx_word' id='word_1_442' title='bbox 1735 3276 1842 3336; x_wconf 84' lang='lat' dir='ltr'><strong>die.</strong></span> <span class='ocrx_word' id='word_1_443' title='bbox 1867 3291 1974 3343; x_wconf 90' lang='lat' dir='ltr'><strong>quo</strong></span> <span class='ocrx_word' id='word_1_444' title='bbox 2004 3276 2133 3327; x_wconf 89' lang='lat' dir='ltr'><strong>obiit</strong></span> 
     </span>
    </p>
   </div>
   <div class='ocr_carea' id='block_1_64' title="bbox 574 3363 2134 3425">
    <p class='ocr_par' dir='ltr' id='par_1_64' title="bbox 574 3363 2134 3425">
     <span class='ocr_line' id='line_1_64' title="bbox 574 3363 2134 3425; baseline 0.003 -11"><span class='ocrx_word' id='word_1_445' title='bbox 574 3364 634 3415; x_wconf 79' lang='lat' dir='ltr'><strong>Al</strong></span> <span class='ocrx_word' id='word_1_446' title='bbox 678 3363 999 3416; x_wconf 76' lang='lat' dir='ltr'><strong>Motammed</strong></span> <span class='ocrx_word' id='word_1_447' title='bbox 1033 3404 1047 3425; x_wconf 85' lang='lat'><strong>,</strong></span> <span class='ocrx_word' id='word_1_448' title='bbox 1107 3364 1400 3417; x_wconf 88' lang='lat' dir='ltr'><strong>undecimo</strong></span> <span class='ocrx_word' id='word_1_449' title='bbox 1452 3378 1575 3420; x_wconf 85' lang='lat' dir='ltr'><strong>ante</strong></span> <span class='ocrx_word' id='word_1_450' title='bbox 1636 3367 1845 3419; x_wconf 76' lang='lat' dir='ltr'><strong>[initum</strong></span> <span class='ocrx_word' id='word_1_451' title='bbox 1897 3382 2134 3420; x_wconf 86' lang='lat' dir='ltr'><strong>mensem</strong></span> 
     </span>
    </p>
   </div>
   <div class='ocr_carea' id='block_1_65' title="bbox 574 3456 2134 3524">
    <p class='ocr_par' dir='ltr' id='par_1_65' title="bbox 574 3456 2134 3524">
     <span class='ocr_line' id='line_1_65' title="bbox 574 3456 2134 3524; baseline 0.003 -16"><span class='ocrx_word' id='word_1_452' title='bbox 574 3457 761 3524; x_wconf 73' lang='lat' dir='ltr'><strong>Hajeb,</strong></span> <span class='ocrx_word' id='word_1_453' title='bbox 793 3456 1163 3509; x_wconf 86' lang='lat' dir='ltr'><strong>ducentesimo</strong></span> <span class='ocrx_word' id='word_1_454' title='bbox 1197 3458 1595 3523; x_wconf 82' lang='lat' dir='ltr'><strong>septuagesimo</strong></span> <span class='ocrx_word' id='word_1_455' title='bbox 1625 3474 1788 3517; x_wconf 86' lang='lat' dir='ltr'><strong>nono.</strong></span> <span class='ocrx_word' id='word_1_456' title='bbox 1822 3471 2134 3513; x_wconf 85' lang='lat' dir='ltr'><strong>cessarunt—</strong></span> 
     </span>
    </p>
   </div>
   <div class='ocr_carea' id='block_1_66' title="bbox 571 3546 2132 3614">
    <p class='ocr_par' dir='ltr' id='par_1_66' title="bbox 571 3546 2132 3614">
     <span class='ocr_line' id='line_1_66' title="bbox 571 3546 2132 3614; baseline 0.006 -19"><span class='ocrx_word' id='word_1_457' title='bbox 571 3563 674 3614; x_wconf 85' lang='lat' dir='ltr'><strong>que</strong></span> <span class='ocrx_word' id='word_1_458' title='bbox 706 3547 848 3608; x_wconf 85' lang='lat' dir='ltr'><strong>lites,</strong></span> <span class='ocrx_word' id='word_1_459' title='bbox 884 3560 946 3598; x_wconf 87' lang='lat' dir='ltr'><strong>ac</strong></span> <span class='ocrx_word' id='word_1_460' title='bbox 978 3562 1078 3614; x_wconf 79' lang='lat' dir='ltr'><strong>pax</strong></span> <span class='ocrx_word' id='word_1_461' title='bbox 1113 3546 1165 3599; x_wconf 88' lang='lat' dir='ltr'><strong>in</strong></span> <span class='ocrx_word' id='word_1_462' title='bbox 1203 3547 1499 3614; x_wconf 80' lang='lat' dir='ltr'><strong>provinciis</strong></span> <span class='ocrx_word' id='word_1_463' title='bbox 1526 3550 1529 3551; x_wconf 62' lang='grc'><strong><em>⁷</em></strong></span> <span class='ocrx_word' id='word_1_464' title='bbox 1554 3549 1689 3601; x_wconf 80' lang='lat' dir='ltr'><strong>facta</strong></span> <span class='ocrx_word' id='word_1_465' title='bbox 1727 3559 1808 3602; x_wconf 86' lang='lat' dir='ltr'><strong>est</strong></span> <span class='ocrx_word' id='word_1_466' title='bbox 1839 3588 1853 3609; x_wconf 88' lang='lat'><strong>,</strong></span> <span class='ocrx_word' id='word_1_467' title='bbox 1905 3551 2132 3605; x_wconf 81' lang='lat' dir='ltr'><strong>sublatis</strong></span> 
     </span>
    </p>
   </div>
   <div class='ocr_carea' id='block_1_67' title="bbox 576 3638 2128 3705">
    <p class='ocr_par' dir='ltr' id='par_1_67' title="bbox 576 3638 2128 3705">
     <span class='ocr_line' id='line_1_67' title="bbox 576 3638 2128 3705; baseline 0.002 -16"><span class='ocrx_word' id='word_1_468' title='bbox 576 3639 753 3701; x_wconf 85' lang='lat' dir='ltr'><strong>bellis,</strong></span> <span class='ocrx_word' id='word_1_469' title='bbox 789 3651 1087 3705; x_wconf 86' lang='lat' dir='ltr'><strong>pacemque</strong></span> <span class='ocrx_word' id='word_1_470' title='bbox 1119 3638 1477 3705; x_wconf 86' lang='lat' dir='ltr'><strong>amplectente</strong></span> <span class='ocrx_word' id='word_1_471' title='bbox 1509 3641 1655 3691; x_wconf 90' lang='lat' dir='ltr'><strong>omni</strong></span> <span class='ocrx_word' id='word_1_472' title='bbox 1689 3640 1904 3701; x_wconf 89' lang='lat' dir='ltr'><strong>rebelle,</strong></span> <span class='ocrx_word' id='word_1_473' title='bbox 1947 3648 2000 3692; x_wconf 87' lang='lat' dir='ltr'><strong>et</strong></span> <span class='ocrx_word' id='word_1_474' title='bbox 2038 3642 2128 3692; x_wconf 91' lang='lat' dir='ltr'><strong>vili</strong></span> 
     </span>
    </p>
   </div>
   <div class='ocr_carea' id='block_1_68' title="bbox 571 3730 2137 3799">
    <p class='ocr_par' dir='ltr' id='par_1_68' title="bbox 571 3730 2137 3799">
     <span class='ocr_line' id='line_1_68' title="bbox 571 3730 2137 3799; baseline 0 -16"><span class='ocrx_word' id='word_1_475' title='bbox 571 3730 746 3798; x_wconf 89' lang='lat' dir='ltr'><strong>pretio</strong></span> <span class='ocrx_word' id='word_1_476' title='bbox 772 3730 1030 3797; x_wconf 70' lang='lat' dir='ltr'><strong>expesitae</strong></span> <span class='ocrx_word' id='word_1_477' title='bbox 1080 3738 1210 3783; x_wconf 85' lang='lat' dir='ltr'><strong>sunt</strong></span> <span class='ocrx_word' id='word_1_478' title='bbox 1243 3744 1330 3783; x_wconf 88' lang='lat' dir='ltr'><strong>res</strong></span> <span class='ocrx_word' id='word_1_479' title='bbox 1365 3730 1603 3784; x_wconf 79' lang='lat' dir='ltr'><strong>venales.</strong></span> <span class='ocrx_word' id='word_1_480' title='bbox 1637 3730 1889 3799; x_wconf 85' lang='lat' dir='ltr'><strong>Misitque</strong></span> <span class='ocrx_word' id='word_1_481' title='bbox 1931 3734 1992 3783; x_wconf 80' lang='lat' dir='ltr'><strong>Al</strong></span> <span class='ocrx_word' id='word_1_482' title='bbox 2027 3731 2137 3783; x_wconf 63' lang='lat' dir='ltr'><strong>Blo-</strong></span> 
     </span>
    </p>
   </div>
   <div class='ocr_carea' id='block_1_69' title="bbox 571 3819 2133 3891">
    <p class='ocr_par' dir='ltr' id='par_1_69' title="bbox 571 3819 2133 3891">
     <span class='ocr_line' id='line_1_69' title="bbox 571 3819 2133 3891; baseline 0 -18"><span class='ocrx_word' id='word_1_483' title='bbox 571 3821 728 3873; x_wconf 61' lang='grc' dir='ltr'>μείρει</span> <span class='ocrx_word' id='word_1_484' title='bbox 758 3819 922 3889; x_wconf 68' lang='grc'><strong>480</strong></span> <span class='ocrx_word' id='word_1_485' title='bbox 950 3822 1014 3872; x_wconf 81' lang='lat' dir='ltr'><strong>ad</strong></span> <span class='ocrx_word' id='word_1_486' title='bbox 1049 3819 1561 3873; x_wconf 76' lang='lat' dir='ltr'><strong>Chamarawaihum</strong></span> <span class='ocrx_word' id='word_1_487' title='bbox 1614 3819 1726 3873; x_wconf 79' lang='lat' dir='ltr'><strong>Elui</strong></span> <span class='ocrx_word' id='word_1_488' title='bbox 1781 3822 1984 3875; x_wconf 76' lang='lat' dir='ltr'><strong>Ahmed</strong></span> <span class='ocrx_word' id='word_1_489' title='bbox 2025 3823 2133 3891; x_wconf 75' lang='lat' dir='ltr'><strong>Eho</strong></span> 
     </span>
    </p>
   </div>
   <div class='ocr_carea' id='block_1_70' title="bbox 571 3911 2132 3987">
    <p class='ocr_par' dir='ltr' id='par_1_70' title="bbox 571 3911 2132 3987">
     <span class='ocr_line' id='line_1_70' title="bbox 571 3911 2132 3987; baseline 0.002 -26"><span class='ocrx_word' id='word_1_490' title='bbox 571 3911 771 3973; x_wconf 84' lang='lat' dir='ltr'><strong>&#39;l&#39;olun,</strong></span> <span class='ocrx_word' id='word_1_491' title='bbox 806 3912 968 3963; x_wconf 82' lang='lat' dir='ltr'><strong>tiliam</strong></span> <span class='ocrx_word' id='word_1_492' title='bbox 1020 3911 1193 3987; x_wconf 76' lang='lat' dir='ltr'><strong>ipsius</strong></span> <span class='ocrx_word' id='word_1_493' title='bbox 1224 3913 1324 3963; x_wconf 68' lang='lat' dir='ltr'><strong>s‘bi</strong></span> <span class='ocrx_word' id='word_1_494' title='bbox 1376 3912 1427 3963; x_wconf 92' lang='lat' dir='ltr'><strong>in</strong></span> <span class='ocrx_word' id='word_1_495' title='bbox 1465 3926 1686 3963; x_wconf 74' lang='lat' dir='ltr'><strong>uxorem</strong></span> <span class='ocrx_word' id='word_1_496' title='bbox 1717 3922 1930 3980; x_wconf 72' lang='lat' dir='ltr'><strong>petens,</strong></span> <span class='ocrx_word' id='word_1_497' title='bbox 1972 3930 2132 3980; x_wconf 84' lang='lat' dir='ltr'><strong>quam</strong></span> 
     </span>
    </p>
   </div>
   <div class='ocr_carea' id='block_1_71' title="bbox 573 4002 2135 4072">
    <p class='ocr_par' dir='ltr' id='par_1_71' title="bbox 573 4002 2135 4072">
     <span class='ocr_line' id='line_1_71' title="bbox 573 4002 2135 4072; baseline -0.001 -18"><span class='ocrx_word' id='word_1_498' title='bbox 573 4006 675 4072; x_wconf 80' lang='lat' dir='ltr'><strong>ipsi</strong></span> <span class='ocrx_word' id='word_1_499' title='bbox 707 4004 1013 4057; x_wconf 83' lang='lat' dir='ltr'><strong>concedens</strong></span> <span class='ocrx_word' id='word_1_500' title='bbox 1046 4002 1460 4056; x_wconf 64' lang='lat' dir='ltr'><strong>Chatnarawaib</strong></span> <span class='ocrx_word' id='word_1_501' title='bbox 1499 4006 1562 4056; x_wconf 89' lang='lat' dir='ltr'><strong>ad</strong></span> <span class='ocrx_word' id='word_1_502' title='bbox 1606 4004 1781 4070; x_wconf 89' lang='lat' dir='ltr'><strong>ipsum</strong></span> <span class='ocrx_word' id='word_1_503' title='bbox 1808 4019 1927 4058; x_wconf 84' lang='lat' dir='ltr'><strong>eam</strong></span> <span class='ocrx_word' id='word_1_504' title='bbox 1965 4004 2135 4058; x_wconf 79' lang='lat' dir='ltr'><strong>dedu-</strong></span> 
     </span>
    </p>
   </div>
   <div class='ocr_carea' id='block_1_72' title="bbox 572 4094 2135 4162">
    <p class='ocr_par' dir='ltr' id='par_1_72' title="bbox 572 4094 2135 4162">
     <span class='ocr_line' id='line_1_72' title="bbox 572 4094 2135 4162; baseline 0.001 -16"><span class='ocrx_word' id='word_1_505' title='bbox 572 4095 797 4148; x_wconf 85' lang='lat' dir='ltr'><strong>eendam</strong></span> <span class='ocrx_word' id='word_1_506' title='bbox 830 4094 1062 4158; x_wconf 87' lang='lat' dir='ltr'><strong>curavit,</strong></span> <span class='ocrx_word' id='word_1_507' title='bbox 1119 4095 1423 4162; x_wconf 66' lang='lat' dir='ltr'><strong>multasque</strong></span> <span class='ocrx_word' id='word_1_508' title='bbox 1464 4096 1622 4147; x_wconf 88' lang='lat' dir='ltr'><strong>simul</strong></span> <span class='ocrx_word' id='word_1_509' title='bbox 1665 4109 1827 4160; x_wconf 81' lang='lat' dir='ltr'><strong>Opes,</strong></span> <span class='ocrx_word' id='word_1_510' title='bbox 1863 4110 2049 4149; x_wconf 82' lang='lat' dir='ltr'><strong>servos</strong></span> <span class='ocrx_word' id='word_1_511' title='bbox 2083 4106 2135 4149; x_wconf 89' lang='lat' dir='ltr'><strong>ct</strong></span> 
     </span>
    </p>
   </div>
   <div class='ocr_carea' id='block_1_73' title="bbox 573 4184 2134 4253">
    <p class='ocr_par' dir='ltr' id='par_1_73' title="bbox 573 4184 2134 4253">
     <span class='ocr_line' id='line_1_73' title="bbox 573 4184 2134 4253; baseline 0.001 -17"><span class='ocrx_word' id='word_1_512' title='bbox 573 4185 796 4238; x_wconf 75' lang='lat' dir='ltr'><strong>ancillas</strong></span> <span class='ocrx_word' id='word_1_513' title='bbox 821 4202 835 4250; x_wconf 90' lang='lat'><strong>;</strong></span> <span class='ocrx_word' id='word_1_514' title='bbox 857 4193 1016 4252; x_wconf 86' lang='lat' dir='ltr'><strong>atque</strong></span> <span class='ocrx_word' id='word_1_515' title='bbox 1045 4185 1115 4237; x_wconf 89' lang='lat' dir='ltr'><strong>ita</strong></span> <span class='ocrx_word' id='word_1_516' title='bbox 1146 4201 1274 4251; x_wconf 84' lang='lat' dir='ltr'><strong>pace</strong></span> <span class='ocrx_word' id='word_1_517' title='bbox 1307 4187 1443 4238; x_wconf 90' lang='lat' dir='ltr'><strong>inter</strong></span> <span class='ocrx_word' id='word_1_518' title='bbox 1473 4188 1615 4253; x_wconf 84' lang='lat' dir='ltr'><strong>ipsos</strong></span> <span class='ocrx_word' id='word_1_519' title='bbox 1652 4184 1788 4239; x_wconf 82' lang='lat' dir='ltr'><strong>facta</strong></span> <span class='ocrx_word' id='word_1_520' title='bbox 1822 4187 1873 4237; x_wconf 91' lang='lat' dir='ltr'><strong>in</strong></span> <span class='ocrx_word' id='word_1_521' title='bbox 1893 4188 2134 4239; x_wconf 82' lang='lat' dir='ltr'><strong>ordinent</strong></span> 
     </span>
    </p>
   </div>
   <div class='ocr_carea' id='block_1_74' title="bbox 2237 3096 3777 3166">
    <p class='ocr_par' dir='ltr' id='par_1_74' title="bbox 2237 3096 3777 3166">
     <span class='ocr_line' id='line_1_74' title="bbox 2237 3096 3777 3166; baseline -0.004 -14"><span class='ocrx_word' id='word_1_522' title='bbox 2237 3109 2319 3153; x_wconf 82' lang='lat' dir='ltr'><strong>cst</strong></span> <span class='ocrx_word' id='word_1_523' title='bbox 2350 3114 2520 3166; x_wconf 87' lang='lat' dir='ltr'><strong>usque</strong></span> <span class='ocrx_word' id='word_1_524' title='bbox 2553 3098 2615 3150; x_wconf 88' lang='lat' dir='ltr'><strong>ad</strong></span> <span class='ocrx_word' id='word_1_525' title='bbox 2651 3096 2957 3160; x_wconf 85' lang='lat' dir='ltr'><strong>meridiem;</strong></span> <span class='ocrx_word' id='word_1_526' title='bbox 2988 3096 3111 3149; x_wconf 88' lang='lat' dir='ltr'><strong>dein</strong></span> <span class='ocrx_word' id='word_1_527' title='bbox 3139 3108 3498 3150; x_wconf 78' lang='lat' dir='ltr'><strong>evanescente</strong></span> <span class='ocrx_word' id='word_1_528' title='bbox 3532 3097 3777 3148; x_wconf 81' lang='lat' dir='ltr'><strong>navedinc</strong></span> 
     </span>
    </p>
   </div>
   <div class='ocr_carea' id='block_1_75' title="bbox 2239 3186 3785 3259">
    <p class='ocr_par' dir='ltr' id='par_1_75' title="bbox 2239 3186 3785 3259">
     <span class='ocr_line' id='line_1_75' title="bbox 2239 3186 3785 3259; baseline -0.003 -17"><span class='ocrx_word' id='word_1_529' title='bbox 2239 3192 2451 3259; x_wconf 58' lang='lat' dir='ltr'><strong>nigrum</strong></span> <span class='ocrx_word' id='word_1_530' title='bbox 2489 3189 2661 3242; x_wconf 84' lang='lat' dir='ltr'><strong>evasit</strong></span> <span class='ocrx_word' id='word_1_531' title='bbox 2703 3189 2899 3241; x_wconf 62' lang='lat' dir='ltr'><strong>caelum</strong></span> <span class='ocrx_word' id='word_1_532' title='bbox 2924 3228 2938 3251; x_wconf 94' lang='lat'><strong>,</strong></span> <span class='ocrx_word' id='word_1_533' title='bbox 2967 3196 3081 3241; x_wconf 90' lang='lat' dir='ltr'><strong>toto</strong></span> <span class='ocrx_word' id='word_1_534' title='bbox 3106 3189 3193 3241; x_wconf 86' lang='lat' dir='ltr'><strong>die</strong></span> <span class='ocrx_word' id='word_1_535' title='bbox 3229 3190 3333 3240; x_wconf 88' lang='lat' dir='ltr'><strong>isto</strong></span> <span class='ocrx_word' id='word_1_536' title='bbox 3364 3202 3537 3255; x_wconf 89' lang='lat' dir='ltr'><strong>usque</strong></span> <span class='ocrx_word' id='word_1_537' title='bbox 3568 3186 3633 3239; x_wconf 88' lang='lat' dir='ltr'><strong>ad</strong></span> <span class='ocrx_word' id='word_1_538' title='bbox 3678 3200 3785 3240; x_wconf 75' lang='lat' dir='ltr'><strong>era-</strong></span> 
     </span>
    </p>
   </div>
   <div class='ocr_carea' id='block_1_76' title="bbox 2239 3270 3779 3348">
    <p class='ocr_par' dir='ltr' id='par_1_76' title="bbox 2239 3270 3779 3348">
     <span class='ocr_line' id='line_1_76' title="bbox 2239 3270 3779 3348; baseline -0.003 -13"><span class='ocrx_word' id='word_1_539' title='bbox 2239 3284 2366 3335; x_wconf 82' lang='lat' dir='ltr'><strong>stini</strong></span> <span class='ocrx_word' id='word_1_540' title='bbox 2400 3270 2731 3343; x_wconf 44' lang='lat' dir='ltr'><strong>&#39;meridicm,</strong></span> <span class='ocrx_word' id='word_1_541' title='bbox 2775 3289 3062 3348; x_wconf 82' lang='lat' dir='ltr'><strong>antequam</strong></span> <span class='ocrx_word' id='word_1_542' title='bbox 3102 3278 3496 3333; x_wconf 74' lang='lat' dir='ltr'><strong>dissolveretur</strong></span> <span class='ocrx_word' id='word_1_543' title='bbox 3550 3278 3779 3346; x_wconf 82' lang='lat' dir='ltr'><strong>nigredo.</strong></span> 
     </span>
    </p>
   </div>
   <div class='ocr_carea' id='block_1_77' title="bbox 2242 3366 3786 3442">
    <p class='ocr_par' dir='ltr' id='par_1_77' title="bbox 2242 3366 3786 3442">
     <span class='ocr_line' id='line_1_77' title="bbox 2242 3366 3786 3442; baseline -0.001 -17"><span class='ocrx_word' id='word_1_544' title='bbox 2242 3388 2415 3442; x_wconf 87' lang='lat' dir='ltr'><strong>neque</strong></span> <span class='ocrx_word' id='word_1_545' title='bbox 2457 3388 2550 3441; x_wconf 87' lang='lat' dir='ltr'><strong>per</strong></span> <span class='ocrx_word' id='word_1_546' title='bbox 2590 3372 2918 3439; x_wconf 82' lang='lat' dir='ltr'><strong>sesquidiem</strong></span> <span class='ocrx_word' id='word_1_547' title='bbox 2951 3372 3197 3438; x_wconf 88' lang='lat' dir='ltr'><strong>apparuit</strong></span> <span class='ocrx_word' id='word_1_548' title='bbox 3236 3371 3338 3432; x_wconf 90' lang='lat' dir='ltr'><strong>sol,</strong></span> <span class='ocrx_word' id='word_1_549' title='bbox 3369 3384 3433 3421; x_wconf 86' lang='lat' dir='ltr'><strong>ex</strong></span> <span class='ocrx_word' id='word_1_550' title='bbox 3484 3386 3593 3436; x_wconf 90' lang='lat' dir='ltr'><strong>quo</strong></span> <span class='ocrx_word' id='word_1_551' title='bbox 3638 3366 3786 3439; x_wconf 65' lang='grc'><strong>484</strong></span> 
     </span>
    </p>
   </div>
   <div class='ocr_carea' id='block_1_78' title="bbox 2234 3448 3783 3523">
    <p class='ocr_par' dir='ltr' id='par_1_78' title="bbox 2234 3448 3783 3523">
     <span class='ocr_line' id='line_1_78' title="bbox 2234 3448 3783 3523; baseline -0.005 -7"><span class='ocrx_word' id='word_1_552' title='bbox 2234 3448 2487 3516; x_wconf 67' lang='lat' dir='ltr'><strong>Concitati</strong></span> <span class='ocrx_word' id='word_1_553' title='bbox 2516 3472 2644 3515; x_wconf 86' lang='lat' dir='ltr'><strong>sunt</strong></span> <span class='ocrx_word' id='word_1_554' title='bbox 2677 3464 2848 3523; x_wconf 90' lang='lat' dir='ltr'><strong>venti,</strong></span> <span class='ocrx_word' id='word_1_555' title='bbox 2885 3460 3057 3514; x_wconf 88' lang='lat' dir='ltr'><strong>donec</strong></span> <span class='ocrx_word' id='word_1_556' title='bbox 3092 3468 3444 3514; x_wconf 68' lang='lat' dir='ltr'><strong>evanesceret</strong></span> <span class='ocrx_word' id='word_1_557' title='bbox 3488 3461 3661 3512; x_wconf 74' lang='lat' dir='ltr'><strong>nubes</strong></span> <span class='ocrx_word' id='word_1_558' title='bbox 3707 3458 3783 3511; x_wconf 70' lang='lat' dir='ltr'><strong>ilia</strong></span> 
     </span>
    </p>
   </div>
   <div class='ocr_carea' id='block_1_79' title="bbox 2239 3552 3785 3618">
    <p class='ocr_par' dir='ltr' id='par_1_79' title="bbox 2239 3552 3785 3618">
     <span class='ocr_line' id='line_1_79' title="bbox 2239 3552 3785 3618; baseline -0.006 -12"><span class='ocrx_word' id='word_1_559' title='bbox 2239 3556 2408 3617; x_wconf 84' lang='lat' dir='ltr'><strong>nigra.</strong></span> <span class='ocrx_word' id='word_1_560' title='bbox 2436 3552 2671 3606; x_wconf 81' lang='lat' dir='ltr'><strong>Rursum</strong></span> <span class='ocrx_word' id='word_1_561' title='bbox 2695 3567 2836 3605; x_wconf 88' lang='lat' dir='ltr'><strong>anno</strong></span> <span class='ocrx_word' id='word_1_562' title='bbox 2858 3553 3234 3605; x_wconf 75' lang='lat' dir='ltr'><strong>ducentesimo</strong></span> <span class='ocrx_word' id='word_1_563' title='bbox 3256 3552 3590 3618; x_wconf 79' lang='lat' dir='ltr'><strong>octogesimo</strong></span> <span class='ocrx_word' id='word_1_564' title='bbox 3607 3558 3785 3603; x_wconf 71' lang='lat' dir='ltr'><strong>oetam</strong></span> 
     </span>
    </p>
   </div>
   <div class='ocr_carea' id='block_1_80' title="bbox 2236 3640 3785 3715">
    <p class='ocr_par' dir='ltr' id='par_1_80' title="bbox 2236 3640 3785 3715">
     <span class='ocr_line' id='line_1_80' title="bbox 2236 3640 3785 3715; baseline -0.005 -18"><span class='ocrx_word' id='word_1_565' title='bbox 2236 3649 2287 3697; x_wconf 93' lang='lat' dir='ltr'><strong>in</strong></span> <span class='ocrx_word' id='word_1_566' title='bbox 2332 3644 2583 3715; x_wconf 65' lang='lat' dir='ltr'><strong>Egypto,</strong></span> <span class='ocrx_word' id='word_1_567' title='bbox 2618 3644 2836 3697; x_wconf 89' lang='lat' dir='ltr'><strong>ineunte</strong></span> <span class='ocrx_word' id='word_1_568' title='bbox 2865 3644 2952 3697; x_wconf 86' lang='lat' dir='ltr'><strong>die</strong></span> <span class='ocrx_word' id='word_1_569' title='bbox 2990 3641 3239 3696; x_wconf 75' lang='lat' dir='ltr'><strong>Mercurii</strong></span> <span class='ocrx_word' id='word_1_570' title='bbox 3294 3643 3496 3695; x_wconf 86' lang='lat' dir='ltr'><strong>mensis</strong></span> <span class='ocrx_word' id='word_1_571' title='bbox 3528 3640 3785 3694; x_wconf 68' lang='lat' dir='ltr'><strong>Dilhade</strong></span> 
     </span>
    </p>
   </div>
   <div class='ocr_carea' id='block_1_81' title="bbox 2245 3731 3785 3798">
    <p class='ocr_par' dir='ltr' id='par_1_81' title="bbox 2245 3731 3785 3798">
     <span class='ocr_line' id='line_1_81' title="bbox 2245 3731 3785 3798; baseline -0.006 -13"><span class='ocrx_word' id='word_1_572' title='bbox 2245 3749 2407 3795; x_wconf 84' lang='lat' dir='ltr'><strong>mmo,</strong></span> <span class='ocrx_word' id='word_1_573' title='bbox 2445 3735 2645 3785; x_wconf 79' lang='lat' dir='ltr'><strong>factum</strong></span> <span class='ocrx_word' id='word_1_574' title='bbox 2682 3744 2759 3785; x_wconf 90' lang='lat' dir='ltr'><strong>est</strong></span> <span class='ocrx_word' id='word_1_575' title='bbox 2797 3744 2854 3784; x_wconf 90' lang='lat' dir='ltr'><strong>ut</strong></span> <span class='ocrx_word' id='word_1_576' title='bbox 2888 3747 2916 3783; x_wconf 91' lang='lat' dir='ltr'><strong>a</strong></span> <span class='ocrx_word' id='word_1_577' title='bbox 2948 3731 3120 3785; x_wconf 85' lang='lat' dir='ltr'><strong>media</strong></span> <span class='ocrx_word' id='word_1_578' title='bbox 3150 3740 3307 3784; x_wconf 87' lang='lat' dir='ltr'><strong>nocte</strong></span> <span class='ocrx_word' id='word_1_579' title='bbox 3339 3746 3512 3798; x_wconf 88' lang='lat' dir='ltr'><strong>usque</strong></span> <span class='ocrx_word' id='word_1_580' title='bbox 3544 3733 3610 3782; x_wconf 83' lang='lat' dir='ltr'><strong>ad</strong></span> <span class='ocrx_word' id='word_1_581' title='bbox 3641 3745 3785 3781; x_wconf 70' lang='lat' dir='ltr'><strong>auro.</strong></span> 
     </span>
    </p>
   </div>
   <div class='ocr_carea' id='block_1_82' title="bbox 2238 3819 3776 3892">
    <p class='ocr_par' dir='ltr' id='par_1_82' title="bbox 2238 3819 3776 3892">
     <span class='ocr_line' id='line_1_82' title="bbox 2238 3819 3776 3892; baseline -0.002 -17"><span class='ocrx_word' id='word_1_582' title='bbox 2238 3841 2350 3875; x_wconf 81' lang='lat' dir='ltr'><strong>ram</strong></span> <span class='ocrx_word' id='word_1_583' title='bbox 2400 3824 2549 3875; x_wconf 82' lang='lat' dir='ltr'><strong>valde</strong></span> <span class='ocrx_word' id='word_1_584' title='bbox 2596 3822 2881 3875; x_wconf 65' lang='lat' dir='ltr'><strong>concitatae</strong></span> <span class='ocrx_word' id='word_1_585' title='bbox 2930 3824 3038 3875; x_wconf 64' lang='lat' dir='ltr'><strong>sint</strong></span> <span class='ocrx_word' id='word_1_586' title='bbox 3094 3821 3261 3875; x_wconf 69' lang='lat' dir='ltr'><strong>stellae</strong></span> <span class='ocrx_word' id='word_1_587' title='bbox 3317 3819 3608 3892; x_wconf 82' lang='lat' dir='ltr'><strong>[meteora]</strong></span> <span class='ocrx_word' id='word_1_588' title='bbox 3653 3834 3776 3887; x_wconf 79' lang='lat' dir='ltr'><strong>quas</strong></span> 
     </span>
    </p>
   </div>
   <div class='ocr_carea' id='block_1_83' title="bbox 2237 3912 3774 3978">
    <p class='ocr_par' dir='ltr' id='par_1_83' title="bbox 2237 3912 3774 3978">
     <span class='ocr_line' id='line_1_83' title="bbox 2237 3912 3774 3978; baseline -0.001 -12"><span class='ocrx_word' id='word_1_589' title='bbox 2237 3916 2422 3966; x_wconf 73' lang='lat' dir='ltr'><strong>stellas</strong></span> <span class='ocrx_word' id='word_1_590' title='bbox 2454 3914 2709 3966; x_wconf 75' lang='lat' dir='ltr'><strong>cadentes</strong></span> <span class='ocrx_word' id='word_1_591' title='bbox 2742 3925 2953 3973; x_wconf 78' lang='lat' dir='ltr'><strong>vocant,</strong></span> <span class='ocrx_word' id='word_1_592' title='bbox 2983 3912 3116 3965; x_wconf 83' lang='lat' dir='ltr'><strong>adeo</strong></span> <span class='ocrx_word' id='word_1_593' title='bbox 3154 3923 3212 3965; x_wconf 89' lang='lat' dir='ltr'><strong>ut</strong></span> <span class='ocrx_word' id='word_1_594' title='bbox 3243 3912 3309 3964; x_wconf 89' lang='lat' dir='ltr'><strong>iis</strong></span> <span class='ocrx_word' id='word_1_595' title='bbox 3339 3913 3641 3978; x_wconf 86' lang='lat' dir='ltr'><strong>repleretur</strong></span> <span class='ocrx_word' id='word_1_596' title='bbox 3672 3926 3774 3964; x_wconf 66' lang='lat' dir='ltr'><strong>creo</strong></span> 
     </span>
    </p>
   </div>
   <div class='ocr_carea' id='block_1_84' title="bbox 2240 4001 3775 4066">
    <p class='ocr_par' dir='ltr' id='par_1_84' title="bbox 2240 4001 3775 4066">
     <span class='ocr_line' id='line_1_84' title="bbox 2240 4001 3775 4066; baseline -0.003 -12"><span class='ocrx_word' id='word_1_597' title='bbox 2240 4004 2345 4055; x_wconf 90' lang='lat' dir='ltr'><strong>lum</strong></span> <span class='ocrx_word' id='word_1_598' title='bbox 2383 4001 2447 4053; x_wconf 85' lang='lat' dir='ltr'><strong>ad</strong></span> <span class='ocrx_word' id='word_1_599' title='bbox 2482 4003 2765 4061; x_wconf 81' lang='lat' dir='ltr'><strong>orientem,</strong></span> <span class='ocrx_word' id='word_1_600' title='bbox 2799 4002 3156 4063; x_wconf 79' lang='lat' dir='ltr'><strong>occidentem,</strong></span> <span class='ocrx_word' id='word_1_601' title='bbox 3188 4011 3454 4063; x_wconf 81' lang='lat' dir='ltr'><strong>austrum,</strong></span> <span class='ocrx_word' id='word_1_602' title='bbox 3485 4009 3541 4053; x_wconf 87' lang='lat' dir='ltr'><strong>et</strong></span> <span class='ocrx_word' id='word_1_603' title='bbox 3571 4008 3775 4066; x_wconf 82' lang='lat' dir='ltr'><strong>septen-</strong></span> 
     </span>
    </p>
   </div>
   <div class='ocr_carea' id='block_1_85' title="bbox 2242 4091 3784 4162">
    <p class='ocr_par' dir='ltr' id='par_1_85' title="bbox 2242 4091 3784 4162">
     <span class='ocr_line' id='line_1_85' title="bbox 2242 4091 3784 4162; baseline -0.003 -15"><span class='ocrx_word' id='word_1_604' title='bbox 2242 4098 2474 4147; x_wconf 80' lang='lat' dir='ltr'><strong>lrimtetn</strong></span> <span class='ocrx_word' id='word_1_605' title='bbox 2510 4094 2776 4162; x_wconf 86' lang='lat' dir='ltr'><strong>dispersis</strong></span> <span class='ocrx_word' id='word_1_606' title='bbox 2802 4131 2817 4154; x_wconf 85' lang='lat'><strong>,</strong></span> <span class='ocrx_word' id='word_1_607' title='bbox 2850 4108 2947 4145; x_wconf 86' lang='lat' dir='ltr'><strong>nec</strong></span> <span class='ocrx_word' id='word_1_608' title='bbox 2988 4103 3171 4161; x_wconf 81' lang='lat' dir='ltr'><strong>posset</strong></span> <span class='ocrx_word' id='word_1_609' title='bbox 3200 4094 3321 4160; x_wconf 83' lang='lat' dir='ltr'><strong>quis</strong></span> <span class='ocrx_word' id='word_1_610' title='bbox 3368 4093 3566 4147; x_wconf 76' lang='lat' dir='ltr'><strong>ccelum</strong></span> <span class='ocrx_word' id='word_1_611' title='bbox 3602 4091 3784 4146; x_wconf 77' lang='lat' dir='ltr'><strong>intueri</strong></span> 
     </span>
    </p>
   </div>
   <div class='ocr_carea' id='block_1_86' title="bbox 2245 4178 3783 4251">
    <p class='ocr_par' dir='ltr' id='par_1_86' title="bbox 2245 4178 3783 4251">
     <span class='ocr_line' id='line_1_86' title="bbox 2245 4178 3783 4251; baseline 0 -16"><span class='ocrx_word' id='word_1_612' title='bbox 2245 4200 2353 4251; x_wconf 65' lang='lat' dir='ltr'><strong>pra:</strong></span> <span class='ocrx_word' id='word_1_613' title='bbox 2386 4185 2558 4237; x_wconf 75' lang='lat' dir='ltr'><strong>stellis</strong></span> <span class='ocrx_word' id='word_1_614' title='bbox 2594 4183 2735 4235; x_wconf 85' lang='lat' dir='ltr'><strong>istis.</strong></span> <span class='ocrx_word' id='word_1_615' title='bbox 2757 4178 2874 4236; x_wconf 76' lang='lat' dir='ltr'><strong>1am</strong></span> <span class='ocrx_word' id='word_1_616' title='bbox 2906 4187 3049 4234; x_wconf 84' lang='lat' dir='ltr'><strong>anno</strong></span> <span class='ocrx_word' id='word_1_617' title='bbox 3077 4182 3248 4250; x_wconf 91' lang='lat' dir='ltr'><strong>primo</strong></span> <span class='ocrx_word' id='word_1_618' title='bbox 3273 4182 3567 4238; x_wconf 80' lang='lat' dir='ltr'><strong>chalil‘atus</strong></span> <span class='ocrx_word' id='word_1_619' title='bbox 3591 4185 3653 4236; x_wconf 83' lang='grc' dir='ltr'><strong>ΔΙ</strong></span> <span class='ocrx_word' id='word_1_620' title='bbox 3680 4183 3783 4235; x_wconf 71' lang='lat' dir='ltr'><strong>Ilo-</strong></span> 
     </span>
    </p>
   </div>
   <div class='ocr_carea' id='block_1_87' title="bbox 579 4272 3784 4355">
    <p class='ocr_par' dir='ltr' id='par_1_87' title="bbox 579 4272 3784 4355">
     <span class='ocr_line' id='line_1_87' title="bbox 579 4272 3784 4355; baseline -0 -29"><span class='ocrx_word' id='word_1_621' title='bbox 579 4279 808 4330; x_wconf 63' lang='lat' dir='ltr'><strong>t-eolaetu:</strong></span> <span class='ocrx_word' id='word_1_622' title='bbox 845 4286 971 4328; x_wconf 90' lang='lat' dir='ltr'><strong>sunt</strong></span> <span class='ocrx_word' id='word_1_623' title='bbox 1003 4292 1109 4329; x_wconf 86' lang='lat' dir='ltr'><strong>res.</strong></span> <span class='ocrx_word' id='word_1_624' title='bbox 1138 4275 1618 4329; x_wconf 83' lang='lat' dir='ltr'><strong>Cbamarawaihus</strong></span> <span class='ocrx_word' id='word_1_625' title='bbox 1654 4286 1830 4331; x_wconf 88' lang='lat' dir='ltr'><strong>autem</strong></span> <span class='ocrx_word' id='word_1_626' title='bbox 1863 4292 1926 4330; x_wconf 77' lang='lat' dir='ltr'><strong>ex</strong></span> <span class='ocrx_word' id='word_1_627' title='bbox 1963 4276 2127 4346; x_wconf 69' lang='lat' dir='ltr'><strong>Aigy-</strong></span> <span class='ocrx_word' id='word_1_628' title='bbox 2173 4297 2219 4355; x_wconf 69' lang='grc' dir='ltr'>υ</span> <span class='ocrx_word' id='word_1_629' title='bbox 2246 4275 2424 4327; x_wconf 70' lang='grc' dir='ltr'>ιειιιριιί</span> <span class='ocrx_word' id='word_1_630' title='bbox 2464 4274 2791 4327; x_wconf 88' lang='lat' dir='ltr'><strong>constitutus</strong></span> <span class='ocrx_word' id='word_1_631' title='bbox 2822 4282 2924 4327; x_wconf 88' lang='lat' dir='ltr'><strong>.est</strong></span> <span class='ocrx_word' id='word_1_632' title='bbox 2975 4274 3195 4326; x_wconf 84' lang='lat' dir='ltr'><strong>Simeon</strong></span> <span class='ocrx_word' id='word_1_633' title='bbox 3228 4272 3458 4326; x_wconf 77' lang='lat' dir='ltr'><strong>Zarnalti</strong></span> <span class='ocrx_word' id='word_1_634' title='bbox 3492 4274 3660 4341; x_wconf 75' lang='lat' dir='ltr'><strong>filius,</strong></span> <span class='ocrx_word' id='word_1_635' title='bbox 3699 4289 3784 4343; x_wconf 83' lang='lat' dir='ltr'><strong>pa-</strong></span> 
     </span>
    </p>
   </div>
   <div class='ocr_carea' id='block_1_88' title="bbox 576 4367 2134 4437">
    <p class='ocr_par' dir='ltr' id='par_1_88' title="bbox 576 4367 2134 4437">
     <span class='ocr_line' id='line_1_88' title="bbox 576 4367 2134 4437; baseline 0.001 -17"><span class='ocrx_word' id='word_1_636' title='bbox 576 4379 669 4437; x_wconf 84' lang='lat' dir='ltr'><strong>ptu</strong></span> <span class='ocrx_word' id='word_1_637' title='bbox 702 4368 753 4421; x_wconf 92' lang='lat' dir='ltr'><strong>in</strong></span> <span class='ocrx_word' id='word_1_638' title='bbox 797 4367 1007 4436; x_wconf 78' lang='lat' dir='ltr'><strong>Syriam</strong></span> <span class='ocrx_word' id='word_1_639' title='bbox 1046 4368 1341 4435; x_wconf 59' lang='lat' dir='ltr'><strong>proferatis,</strong></span> <span class='ocrx_word' id='word_1_640' title='bbox 1380 4368 1625 4420; x_wconf 81' lang='lat' dir='ltr'><strong>Damasci</strong></span> <span class='ocrx_word' id='word_1_641' title='bbox 1662 4372 1843 4421; x_wconf 88' lang='lat' dir='ltr'><strong>sedem</strong></span> <span class='ocrx_word' id='word_1_642' title='bbox 1881 4369 2018 4431; x_wconf 78' lang='lat' dir='ltr'><strong>ﬁxit,</strong></span> <span class='ocrx_word' id='word_1_643' title='bbox 2055 4379 2134 4421; x_wconf 85' lang='lat' dir='ltr'><strong>at-</strong></span> 
     </span>
    </p>
   </div>
   <div class='ocr_carea' id='block_1_89' title="bbox 574 4457 2133 4527">
    <p class='ocr_par' dir='ltr' id='par_1_89' title="bbox 574 4457 2133 4527">
     <span class='ocr_line' id='line_1_89' title="bbox 574 4457 2133 4527; baseline 0.001 -18"><span class='ocrx_word' id='word_1_644' title='bbox 574 4476 681 4527; x_wconf 89' lang='lat' dir='ltr'><strong>que</strong></span> <span class='ocrx_word' id='word_1_645' title='bbox 717 4459 785 4511; x_wconf 90' lang='lat' dir='ltr'><strong>ibi</strong></span> <span class='ocrx_word' id='word_1_646' title='bbox 822 4469 973 4511; x_wconf 91' lang='lat' dir='ltr'><strong>extra</strong></span> <span class='ocrx_word' id='word_1_647' title='bbox 1008 4458 1195 4510; x_wconf 77' lang='lat' dir='ltr'><strong>urbem</strong></span> <span class='ocrx_word' id='word_1_648' title='bbox 1231 4457 1330 4510; x_wconf 86' lang='lat' dir='ltr'><strong>sub</strong></span> <span class='ocrx_word' id='word_1_649' title='bbox 1362 4457 1689 4511; x_wconf 89' lang='lat' dir='ltr'><strong>monasterio</strong></span> <span class='ocrx_word' id='word_1_650' title='bbox 1722 4457 1958 4519; x_wconf 80' lang='lat' dir='ltr'><strong>Marran,</strong></span> <span class='ocrx_word' id='word_1_651' title='bbox 1983 4460 2133 4524; x_wconf 79' lang='lat' dir='ltr'><strong>juxta</strong></span> 
     </span>
    </p>
   </div>
   <div class='ocr_carea' id='block_1_90' title="bbox 576 4547 2132 4617">
    <p class='ocr_par' dir='ltr' id='par_1_90' title="bbox 576 4547 2132 4617">
     <span class='ocr_line' id='line_1_90' title="bbox 576 4547 2132 4617; baseline -0.002 -12"><span class='ocrx_word' id='word_1_652' title='bbox 576 4551 800 4605; x_wconf 81' lang='lat' dir='ltr'><strong>ﬂuvium</strong></span> <span class='ocrx_word' id='word_1_653' title='bbox 843 4547 1061 4601; x_wconf 83' lang='lat' dir='ltr'><strong>Taurab</strong></span> <span class='ocrx_word' id='word_1_654' title='bbox 1088 4587 1101 4607; x_wconf 87' lang='lat'><strong>,</strong></span> <span class='ocrx_word' id='word_1_655' title='bbox 1134 4563 1313 4601; x_wconf 89' lang='lat' dir='ltr'><strong>arcem</strong></span> <span class='ocrx_word' id='word_1_656' title='bbox 1350 4547 1592 4603; x_wconf 79' lang='lat' dir='ltr'><strong>condidit</strong></span> <span class='ocrx_word' id='word_1_657' title='bbox 1623 4548 1676 4600; x_wconf 90' lang='lat' dir='ltr'><strong>in</strong></span> <span class='ocrx_word' id='word_1_658' title='bbox 1711 4564 1816 4617; x_wconf 87' lang='lat' dir='ltr'><strong>qua</strong></span> <span class='ocrx_word' id='word_1_659' title='bbox 1850 4548 2132 4602; x_wconf 87' lang='lat' dir='ltr'><strong>habitavit.</strong></span> 
     </span>
    </p>
   </div>
   <div class='ocr_carea' id='block_1_91' title="bbox 579 4639 2146 4709">
    <p class='ocr_par' dir='ltr' id='par_1_91' title="bbox 579 4639 2146 4709">
     <span class='ocr_line' id='line_1_91' title="bbox 579 4639 2146 4709; baseline -0.003 -13"><span class='ocrx_word' id='word_1_660' title='bbox 579 4640 1009 4707; x_wconf 80' lang='lat' dir='ltr'><strong>Interfectusquc</strong></span> <span class='ocrx_word' id='word_1_661' title='bbox 1056 4647 1140 4691; x_wconf 87' lang='lat' dir='ltr'><strong>est</strong></span> <span class='ocrx_word' id='word_1_662' title='bbox 1185 4639 1668 4693; x_wconf 78' lang='lat' dir='ltr'><strong>Chamarawaihus</strong></span> <span class='ocrx_word' id='word_1_663' title='bbox 1693 4677 1709 4703; x_wconf 86' lang='lat'><strong>,</strong></span> <span class='ocrx_word' id='word_1_664' title='bbox 1745 4641 1798 4692; x_wconf 91' lang='lat' dir='ltr'><strong>in</strong></span> <span class='ocrx_word' id='word_1_665' title='bbox 1844 4641 1943 4693; x_wconf 87' lang='lat' dir='ltr'><strong>hac</strong></span> <span class='ocrx_word' id='word_1_666' title='bbox 1976 4647 2146 4709; x_wconf 64' lang='lat' dir='ltr'><strong>uuam-</strong></span> 
     </span>
    </p>
   </div>
   <div class='ocr_carea' id='block_1_92' title="bbox 580 4726 2137 4791">
    <p class='ocr_par' dir='ltr' id='par_1_92' title="bbox 580 4726 2137 4791">
     <span class='ocr_line' id='line_1_92' title="bbox 580 4726 2137 4791; baseline 0.002 -9"><span class='ocrx_word' id='word_1_667' title='bbox 580 4731 823 4784; x_wconf 68' lang='lat' dir='ltr'><strong>Itanzasci</strong></span> <span class='ocrx_word' id='word_1_668' title='bbox 860 4726 1103 4783; x_wconf 83' lang='lat' dir='ltr'><strong>condidit</strong></span> <span class='ocrx_word' id='word_1_669' title='bbox 1144 4741 1289 4788; x_wconf 85' lang='lat' dir='ltr'><strong>arce.</strong></span> <span class='ocrx_word' id='word_1_670' title='bbox 1333 4729 1419 4781; x_wconf 84' lang='lat' dir='ltr'><strong>die</strong></span> <span class='ocrx_word' id='word_1_671' title='bbox 1469 4729 1767 4791; x_wconf 83' lang='lat' dir='ltr'><strong>Dominico.</strong></span> <span class='ocrx_word' id='word_1_672' title='bbox 1803 4732 1959 4785; x_wconf 90' lang='lat' dir='ltr'><strong>tertio</strong></span> <span class='ocrx_word' id='word_1_673' title='bbox 2014 4742 2137 4785; x_wconf 87' lang='lat' dir='ltr'><strong>ante</strong></span> 
     </span>
    </p>
   </div>
   <div class='ocr_carea' id='block_1_93' title="bbox 580 4812 2138 4879">
    <p class='ocr_par' dir='ltr' id='par_1_93' title="bbox 580 4812 2138 4879">
     <span class='ocr_line' id='line_1_93' title="bbox 580 4812 2138 4879; baseline 0 -4"><span class='ocrx_word' id='word_1_674' title='bbox 580 4812 795 4876; x_wconf 80' lang='lat' dir='ltr'><strong>rinitum</strong></span> <span class='ocrx_word' id='word_1_675' title='bbox 830 4834 1071 4875; x_wconf 83' lang='lat' dir='ltr'><strong>mensem</strong></span> <span class='ocrx_word' id='word_1_676' title='bbox 1111 4817 1391 4879; x_wconf 78' lang='lat' dir='ltr'><strong>Dilkaada,</strong></span> <span class='ocrx_word' id='word_1_677' title='bbox 1418 4834 1563 4873; x_wconf 91' lang='lat' dir='ltr'><strong>anno</strong></span> <span class='ocrx_word' id='word_1_678' title='bbox 1590 4820 1966 4874; x_wconf 89' lang='lat' dir='ltr'><strong>ducentesimo</strong></span> <span class='ocrx_word' id='word_1_679' title='bbox 1989 4830 2138 4875; x_wconf 80' lang='lat' dir='ltr'><strong>octo-</strong></span> 
     </span>
    </p>
   </div>
   <div class='ocr_carea' id='block_1_94' title="bbox 578 4909 2141 4984">
    <p class='ocr_par' dir='ltr' id='par_1_94' title="bbox 578 4909 2141 4984">
     <span class='ocr_line' id='line_1_94' title="bbox 578 4909 2141 4984; baseline -0.002 -17"><span class='ocrx_word' id='word_1_680' title='bbox 578 4913 785 4984; x_wconf 81' lang='lat' dir='ltr'><strong>gesimo</strong></span> <span class='ocrx_word' id='word_1_681' title='bbox 819 4910 1060 4966; x_wconf 89' lang='lat' dir='ltr'><strong>secundo</strong></span> <span class='ocrx_word' id='word_1_682' title='bbox 1104 4926 1119 4962; x_wconf 90' lang='lat'><strong>:</strong></span> <span class='ocrx_word' id='word_1_683' title='bbox 1166 4909 1365 4964; x_wconf 66' lang='lat' dir='ltr'><strong>eadem</strong></span> <span class='ocrx_word' id='word_1_684' title='bbox 1406 4911 1577 4978; x_wconf 87' lang='lat' dir='ltr'><strong>ipsius</strong></span> <span class='ocrx_word' id='word_1_685' title='bbox 1607 4922 1965 4979; x_wconf 85' lang='lat' dir='ltr'><strong>procurarunt</strong></span> <span class='ocrx_word' id='word_1_686' title='bbox 1997 4926 2028 4965; x_wconf 93' lang='lat' dir='ltr'><strong>e</strong></span> <span class='ocrx_word' id='word_1_687' title='bbox 2055 4913 2141 4964; x_wconf 63' lang='grc' dir='ltr'><strong>(τιν’</strong></span> 
     </span>
    </p>
   </div>
   <div class='ocr_carea' id='block_1_95' title="bbox 578 5001 2130 5071">
    <p class='ocr_par' dir='ltr' id='par_1_95' title="bbox 578 5001 2130 5071">
     <span class='ocr_line' id='line_1_95' title="bbox 578 5001 2130 5071; baseline -0.003 -15"><span class='ocrx_word' id='word_1_688' title='bbox 578 5004 848 5056; x_wconf 88' lang='lat' dir='ltr'><strong>mulorum</strong></span> <span class='ocrx_word' id='word_1_689' title='bbox 891 5002 1061 5068; x_wconf 87' lang='lat' dir='ltr'><strong>ipsius</strong></span> <span class='ocrx_word' id='word_1_690' title='bbox 1109 5001 1397 5071; x_wconf 73' lang='lat' dir='ltr'><strong>praecipuis</strong></span> <span class='ocrx_word' id='word_1_691' title='bbox 1447 5017 1581 5065; x_wconf 87' lang='lat' dir='ltr'><strong>sex,</strong></span> <span class='ocrx_word' id='word_1_692' title='bbox 1638 5017 1870 5067; x_wconf 85' lang='lat' dir='ltr'><strong>quorum</strong></span> <span class='ocrx_word' id='word_1_693' title='bbox 1916 5001 2130 5054; x_wconf 84' lang='lat' dir='ltr'><strong>nomina</strong></span> 
     </span>
    </p>
   </div>
   <div class='ocr_carea' id='block_1_96' title="bbox 577 5090 2127 5157">
    <p class='ocr_par' dir='ltr' id='par_1_96' title="bbox 577 5090 2127 5157">
     <span class='ocr_line' id='line_1_96' title="bbox 577 5090 2127 5157; baseline -0.001 -13"><span class='ocrx_word' id='word_1_694' title='bbox 577 5092 850 5153; x_wconf 85' lang='lat' dir='ltr'><strong>Tdhaher,</strong></span> <span class='ocrx_word' id='word_1_695' title='bbox 880 5091 1075 5154; x_wconf 87' lang='lat' dir='ltr'><strong>Sabur,</strong></span> <span class='ocrx_word' id='word_1_696' title='bbox 1105 5090 1257 5153; x_wconf 85' lang='lat' dir='ltr'><strong>Lula,</strong></span> <span class='ocrx_word' id='word_1_697' title='bbox 1294 5090 1478 5154; x_wconf 80' lang='lat' dir='ltr'><strong>Natif,</strong></span> <span class='ocrx_word' id='word_1_698' title='bbox 1504 5090 1689 5143; x_wconf 80' lang='lat' dir='ltr'><strong>Shaiio</strong></span> <span class='ocrx_word' id='word_1_699' title='bbox 1738 5091 2042 5157; x_wconf 88' lang='lat' dir='ltr'><strong>pocillator,</strong></span> <span class='ocrx_word' id='word_1_700' title='bbox 2077 5100 2127 5142; x_wconf 90' lang='lat' dir='ltr'><strong>et</strong></span> 
     </span>
    </p>
   </div>
   <div class='ocr_carea' id='block_1_97' title="bbox 580 5180 2131 5251">
    <p class='ocr_par' dir='ltr' id='par_1_97' title="bbox 580 5180 2131 5251">
     <span class='ocr_line' id='line_1_97' title="bbox 580 5180 2131 5251; baseline -0.003 -15"><span class='ocrx_word' id='word_1_701' title='bbox 580 5182 849 5251; x_wconf 75' lang='lat' dir='ltr'><strong>Ganavem</strong></span> <span class='ocrx_word' id='word_1_702' title='bbox 886 5197 898 5231; x_wconf 90' lang='lat'><strong>:</strong></span> <span class='ocrx_word' id='word_1_703' title='bbox 936 5197 1164 5249; x_wconf 89' lang='lat' dir='ltr'><strong>quorum</strong></span> <span class='ocrx_word' id='word_1_704' title='bbox 1199 5182 1602 5236; x_wconf 72' lang='lat' dir='ltr'><strong>interfectorum</strong></span> <span class='ocrx_word' id='word_1_705' title='bbox 1634 5182 1810 5249; x_wconf 86' lang='lat' dir='ltr'><strong>capita</strong></span> <span class='ocrx_word' id='word_1_706' title='bbox 1843 5180 2131 5249; x_wconf 61' lang='lat' dir='ltr'><strong>[Egyptum</strong></span> 
     </span>
    </p>
   </div>
   <div class='ocr_carea' id='block_1_98' title="bbox 583 5271 2131 5341">
    <p class='ocr_par' dir='ltr' id='par_1_98' title="bbox 583 5271 2131 5341">
     <span class='ocr_line' id='line_1_98' title="bbox 583 5271 2131 5341; baseline 0.003 -22"><span class='ocrx_word' id='word_1_707' title='bbox 583 5282 788 5341; x_wconf 60' lang='lat' dir='ltr'><strong>put-tata</strong></span> <span class='ocrx_word' id='word_1_708' title='bbox 824 5282 984 5332; x_wconf 75' lang='lat' dir='ltr'><strong>sunt,</strong></span> <span class='ocrx_word' id='word_1_709' title='bbox 1026 5286 1252 5340; x_wconf 86' lang='lat' dir='ltr'><strong>corpora</strong></span> <span class='ocrx_word' id='word_1_710' title='bbox 1288 5282 1465 5325; x_wconf 90' lang='lat' dir='ltr'><strong>autem</strong></span> <span class='ocrx_word' id='word_1_711' title='bbox 1508 5272 1753 5324; x_wconf 78' lang='lat' dir='ltr'><strong>Damasci</strong></span> <span class='ocrx_word' id='word_1_712' title='bbox 1789 5273 2029 5341; x_wconf 89' lang='lat' dir='ltr'><strong>patilmlo</strong></span> <span class='ocrx_word' id='word_1_713' title='bbox 2058 5271 2131 5324; x_wconf 65' lang='lat' dir='ltr'><strong>al&#39;o</strong></span> 
     </span>
    </p>
   </div>
   <div class='ocr_carea' id='block_1_99' title="bbox 581 5360 2133 5430">
    <p class='ocr_par' dir='ltr' id='par_1_99' title="bbox 581 5360 2133 5430">
     <span class='ocr_line' id='line_1_99' title="bbox 581 5360 2133 5430; baseline -0.004 -12"><span class='ocrx_word' id='word_1_714' title='bbox 581 5366 705 5418; x_wconf 78' lang='lat' dir='ltr'><strong>ﬁxa.</strong></span> <span class='ocrx_word' id='word_1_715' title='bbox 736 5363 1210 5416; x_wconf 73' lang='lat' dir='ltr'><strong>(Iliamarawaihns</strong></span> <span class='ocrx_word' id='word_1_716' title='bbox 1246 5363 1296 5416; x_wconf 94' lang='lat' dir='ltr'><strong>in</strong></span> <span class='ocrx_word' id='word_1_717' title='bbox 1327 5379 1452 5416; x_wconf 86' lang='lat' dir='ltr'><strong>arca</strong></span> <span class='ocrx_word' id='word_1_718' title='bbox 1487 5360 1745 5416; x_wconf 83' lang='lat' dir='ltr'><strong>Damasco</strong></span> <span class='ocrx_word' id='word_1_719' title='bbox 1766 5363 1819 5416; x_wconf 89' lang='lat' dir='ltr'><strong>in</strong></span> <span class='ocrx_word' id='word_1_720' title='bbox 1845 5362 2133 5430; x_wconf 74' lang='lat' dir='ltr'><strong>.‘Egypltttti</strong></span> 
     </span>
    </p>
   </div>
   <div class='ocr_carea' id='block_1_100' title="bbox 582 5448 2134 5519">
    <p class='ocr_par' dir='ltr' id='par_1_100' title="bbox 582 5448 2134 5519">
     <span class='ocr_line' id='line_1_100' title="bbox 582 5448 2134 5519; baseline 0.001 -21"><span class='ocrx_word' id='word_1_721' title='bbox 582 5448 819 5519; x_wconf 69' lang='lat' dir='ltr'><strong>perlatus</strong></span> <span class='ocrx_word' id='word_1_722' title='bbox 865 5450 915 5499; x_wconf 92' lang='lat' dir='ltr'><strong>iu</strong></span> <span class='ocrx_word' id='word_1_723' title='bbox 955 5458 1135 5504; x_wconf 85' lang='lat' dir='ltr'><strong>monte</strong></span> <span class='ocrx_word' id='word_1_724' title='bbox 1181 5449 1542 5502; x_wconf 81' lang='lat' dir='ltr'><strong>Altnokattam</strong></span> <span class='ocrx_word' id='word_1_725' title='bbox 1587 5450 1826 5516; x_wconf 87' lang='lat' dir='ltr'><strong>sepultus</strong></span> <span class='ocrx_word' id='word_1_726' title='bbox 1859 5457 1959 5501; x_wconf 82' lang='lat' dir='ltr'><strong>est.</strong></span> <span class='ocrx_word' id='word_1_727' title='bbox 1992 5448 2134 5501; x_wconf 83' lang='lat' dir='ltr'><strong>Tur-</strong></span> 
     </span>
    </p>
   </div>
   <div class='ocr_carea' id='block_1_101' title="bbox 586 5538 2136 5609">
    <p class='ocr_par' dir='ltr' id='par_1_101' title="bbox 586 5538 2136 5609">
     <span class='ocr_line' id='line_1_101' title="bbox 586 5538 2136 5609; baseline 0.003 -20"><span class='ocrx_word' id='word_1_728' title='bbox 586 5544 702 5591; x_wconf 87' lang='lat' dir='ltr'><strong>bata</strong></span> <span class='ocrx_word' id='word_1_729' title='bbox 739 5547 820 5591; x_wconf 82' lang='lat' dir='ltr'><strong>est</strong></span> <span class='ocrx_word' id='word_1_730' title='bbox 848 5547 1025 5591; x_wconf 81' lang='lat' dir='ltr'><strong>autem</strong></span> <span class='ocrx_word' id='word_1_731' title='bbox 1061 5539 1323 5607; x_wconf 55' lang='lat' dir='ltr'><strong>{Egyptus</strong></span> <span class='ocrx_word' id='word_1_732' title='bbox 1351 5539 1418 5589; x_wconf 87' lang='lat' dir='ltr'><strong>ob</strong></span> <span class='ocrx_word' id='word_1_733' title='bbox 1439 5538 1886 5592; x_wconf 78' lang='lat' dir='ltr'><strong>Cbamawaihum</strong></span> <span class='ocrx_word' id='word_1_734' title='bbox 1910 5538 2136 5609; x_wconf 85' lang='lat' dir='ltr'><strong>ejusque</strong></span> 
     </span>
    </p>
   </div>
   <div class='ocr_carea' id='block_1_102' title="bbox 591 5627 2137 5696">
    <p class='ocr_par' dir='ltr' id='par_1_102' title="bbox 591 5627 2137 5696">
     <span class='ocr_line' id='line_1_102' title="bbox 591 5627 2137 5696; baseline -0.004 -11"><span class='ocrx_word' id='word_1_735' title='bbox 591 5637 837 5685; x_wconf 78' lang='lat' dir='ltr'><strong>mortem.</strong></span> <span class='ocrx_word' id='word_1_736' title='bbox 876 5627 1165 5683; x_wconf 65' lang='lat' dir='ltr'><strong>l‘rtel’cetns</strong></span> <span class='ocrx_word' id='word_1_737' title='bbox 1199 5638 1275 5681; x_wconf 81' lang='lat' dir='ltr'><strong>est</strong></span> <span class='ocrx_word' id='word_1_738' title='bbox 1314 5636 1432 5695; x_wconf 84' lang='lat' dir='ltr'><strong>post</strong></span> <span class='ocrx_word' id='word_1_739' title='bbox 1472 5629 1645 5696; x_wconf 84' lang='lat' dir='ltr'><strong>ipsum</strong></span> <span class='ocrx_word' id='word_1_740' title='bbox 1678 5627 1815 5682; x_wconf 85' lang='lat' dir='ltr'><strong>Iaislt</strong></span> <span class='ocrx_word' id='word_1_741' title='bbox 1844 5629 2137 5688; x_wconf 69' lang='lat' dir='ltr'><strong>Chamara-</strong></span> 
     </span>
    </p>
   </div>
   <div class='ocr_carea' id='block_1_103' title="bbox 2242 4364 3784 4431">
    <p class='ocr_par' dir='ltr' id='par_1_103' title="bbox 2242 4364 3784 4431">
     <span class='ocr_line' id='line_1_103' title="bbox 2242 4364 3784 4431; baseline 0.002 -15"><span class='ocrx_word' id='word_1_742' title='bbox 2242 4366 2475 4416; x_wconf 69' lang='lat' dir='ltr'><strong>triarelia</strong></span> <span class='ocrx_word' id='word_1_743' title='bbox 2526 4364 3050 4431; x_wconf 45' lang='lat' dir='ltr'><strong>Autiocbenus,&#39;qui</strong></span> <span class='ocrx_word' id='word_1_744' title='bbox 3085 4378 3256 4417; x_wconf 91' lang='lat' dir='ltr'><strong>annos</strong></span> <span class='ocrx_word' id='word_1_745' title='bbox 3295 4364 3584 4418; x_wconf 88' lang='lat' dir='ltr'><strong>duodecim</strong></span> <span class='ocrx_word' id='word_1_746' title='bbox 3625 4366 3784 4425; x_wconf 84' lang='lat' dir='ltr'><strong>sedit.</strong></span> 
     </span>
    </p>
   </div>
   <div class='ocr_carea' id='block_1_104' title="bbox 2239 4453 3805 4522">
    <p class='ocr_par' dir='ltr' id='par_1_104' title="bbox 2239 4453 3805 4522">
     <span class='ocr_line' id='line_1_104' title="bbox 2239 4453 3805 4522; baseline 0.001 -16"><span class='ocrx_word' id='word_1_747' title='bbox 2239 4455 2361 4509; x_wconf 88' lang='lat' dir='ltr'><strong>dein</strong></span> <span class='ocrx_word' id='word_1_748' title='bbox 2392 4462 2640 4508; x_wconf 88' lang='lat' dir='ltr'><strong>mortuus</strong></span> <span class='ocrx_word' id='word_1_749' title='bbox 2667 4461 2769 4508; x_wconf 90' lang='lat' dir='ltr'><strong>est.</strong></span> <span class='ocrx_word' id='word_1_750' title='bbox 2801 4455 2967 4507; x_wconf 83' lang='lat' dir='ltr'><strong>Porro</strong></span> <span class='ocrx_word' id='word_1_751' title='bbox 2995 4469 3117 4505; x_wconf 90' lang='lat' dir='ltr'><strong>cum</strong></span> <span class='ocrx_word' id='word_1_752' title='bbox 3149 4453 3313 4507; x_wconf 83' lang='lat' dir='ltr'><strong>Leoni</strong></span> <span class='ocrx_word' id='word_1_753' title='bbox 3349 4454 3663 4522; x_wconf 79' lang='lat' dir='ltr'><strong>imperatori</strong></span> <span class='ocrx_word' id='word_1_754' title='bbox 3694 4457 3805 4518; x_wconf 62' lang='grc' dir='ltr'><strong>εἰο-⁴</strong></span> 
     </span>
    </p>
   </div>
   <div class='ocr_carea' id='block_1_105' title="bbox 2241 4530 3784 4617">
    <p class='ocr_par' dir='ltr' id='par_1_105' title="bbox 2241 4530 3784 4617">
     <span class='ocr_line' id='line_1_105' title="bbox 2241 4530 3784 4617; baseline 0.001 -22"><span class='ocrx_word' id='word_1_755' title='bbox 2241 4560 2401 4598; x_wconf 90' lang='lat' dir='ltr'><strong>mano</strong></span> <span class='ocrx_word' id='word_1_756' title='bbox 2441 4553 2653 4617; x_wconf 78' lang='lat' dir='ltr'><strong>mortua</strong></span> <span class='ocrx_word' id='word_1_757' title='bbox 2687 4553 2997 4598; x_wconf 78' lang='lat' dir='ltr'><strong>essetuxor</strong></span> <span class='ocrx_word' id='word_1_758' title='bbox 3030 4544 3175 4596; x_wconf 85' lang='lat' dir='ltr'><strong>nulla</strong></span> <span class='ocrx_word' id='word_1_759' title='bbox 3216 4530 3400 4599; x_wconf 73' lang='lat' dir='ltr'><strong>relicta</strong></span> <span class='ocrx_word' id='word_1_760' title='bbox 3426 4548 3598 4615; x_wconf 87' lang='lat' dir='ltr'><strong>prole,</strong></span> <span class='ocrx_word' id='word_1_761' title='bbox 3636 4548 3784 4598; x_wconf 75' lang='lat' dir='ltr'><strong>aliam</strong></span> 
     </span>
    </p>
   </div>
   <div class='ocr_carea' id='block_1_106' title="bbox 2238 4639 3783 4708">
    <p class='ocr_par' dir='ltr' id='par_1_106' title="bbox 2238 4639 3783 4708">
     <span class='ocr_line' id='line_1_106' title="bbox 2238 4639 3783 4708; baseline -0.001 -16"><span class='ocrx_word' id='word_1_762' title='bbox 2238 4640 2324 4693; x_wconf 92' lang='lat' dir='ltr'><strong>ille</strong></span> <span class='ocrx_word' id='word_1_763' title='bbox 2356 4655 2578 4692; x_wconf 87' lang='lat' dir='ltr'><strong>uxorem</strong></span> <span class='ocrx_word' id='word_1_764' title='bbox 2615 4640 2813 4692; x_wconf 84' lang='lat' dir='ltr'><strong>ducere</strong></span> <span class='ocrx_word' id='word_1_765' title='bbox 2843 4639 3010 4691; x_wconf 87' lang='lat' dir='ltr'><strong>voluit</strong></span> <span class='ocrx_word' id='word_1_766' title='bbox 3036 4654 3050 4702; x_wconf 90' lang='lat'><strong>;</strong></span> <span class='ocrx_word' id='word_1_767' title='bbox 3081 4647 3137 4691; x_wconf 87' lang='lat' dir='ltr'><strong>at</strong></span> <span class='ocrx_word' id='word_1_768' title='bbox 3186 4639 3463 4707; x_wconf 88' lang='lat' dir='ltr'><strong>prohibuit</strong></span> <span class='ocrx_word' id='word_1_769' title='bbox 3493 4642 3669 4708; x_wconf 83' lang='lat' dir='ltr'><strong>ipsum</strong></span> <span class='ocrx_word' id='word_1_770' title='bbox 3701 4642 3783 4692; x_wconf 77' lang='lat' dir='ltr'><strong>Ni-</strong></span> 
     </span>
    </p>
   </div>
   <div class='ocr_carea' id='block_1_107' title="bbox 2238 4727 3779 4798">
    <p class='ocr_par' dir='ltr' id='par_1_107' title="bbox 2238 4727 3779 4798">
     <span class='ocr_line' id='line_1_107' title="bbox 2238 4727 3779 4798; baseline 0 -17"><span class='ocrx_word' id='word_1_771' title='bbox 2238 4733 2422 4785; x_wconf 79' lang='lat' dir='ltr'><strong>colatis</strong></span> <span class='ocrx_word' id='word_1_772' title='bbox 2465 4729 2772 4798; x_wconf 83' lang='lat' dir='ltr'><strong>patriarcha</strong></span> <span class='ocrx_word' id='word_1_773' title='bbox 2818 4727 3497 4797; x_wconf 80' lang='lat' dir='ltr'><strong>Constantinopolitanus,</strong></span> <span class='ocrx_word' id='word_1_774' title='bbox 3548 4731 3779 4784; x_wconf 81' lang='lat' dir='ltr'><strong>dicens:</strong></span> 
     </span>
    </p>
   </div>
   <div class='ocr_carea' id='block_1_108' title="bbox 2241 4808 3784 4888">
    <p class='ocr_par' dir='ltr' id='par_1_108' title="bbox 2241 4808 3784 4888">
     <span class='ocr_line' id='line_1_108' title="bbox 2241 4808 3784 4888; baseline -0.002 -16"><span class='ocrx_word' id='word_1_775' title='bbox 2241 4821 2354 4872; x_wconf 77' lang='lat' dir='ltr'><strong>Non</strong></span> <span class='ocrx_word' id='word_1_776' title='bbox 2382 4830 2467 4873; x_wconf 92' lang='lat' dir='ltr'><strong>est</strong></span> <span class='ocrx_word' id='word_1_777' title='bbox 2490 4819 2581 4872; x_wconf 93' lang='lat' dir='ltr'><strong>tibi</strong></span> <span class='ocrx_word' id='word_1_778' title='bbox 2633 4819 2833 4872; x_wconf 90' lang='lat' dir='ltr'><strong>licitum</strong></span> <span class='ocrx_word' id='word_1_779' title='bbox 2865 4834 3084 4872; x_wconf 80' lang='lat' dir='ltr'><strong>uxorem</strong></span> <span class='ocrx_word' id='word_1_780' title='bbox 3109 4808 3335 4882; x_wconf 75' lang='lat' dir='ltr'><strong>dueere;</strong></span> <span class='ocrx_word' id='word_1_781' title='bbox 3369 4816 3637 4888; x_wconf 79' lang='lat' dir='ltr'><strong>siquidem</strong></span> <span class='ocrx_word' id='word_1_782' title='bbox 3666 4832 3784 4871; x_wconf 64' lang='lat' dir='ltr'><strong>auso</strong></span> 
     </span>
    </p>
   </div>
   <div class='ocr_carea' id='block_1_109' title="bbox 2240 4910 3781 4979">
    <p class='ocr_par' dir='ltr' id='par_1_109' title="bbox 2240 4910 3781 4979">
     <span class='ocr_line' id='line_1_109' title="bbox 2240 4910 3781 4979; baseline 0.001 -17"><span class='ocrx_word' id='word_1_783' title='bbox 2240 4919 2460 4979; x_wconf 79' lang='lat' dir='ltr'><strong>gnostes</strong></span> <span class='ocrx_word' id='word_1_784' title='bbox 2503 4925 2562 4963; x_wconf 85' lang='lat' dir='ltr'><strong>es</strong></span> <span class='ocrx_word' id='word_1_785' title='bbox 2608 4919 2663 4962; x_wconf 90' lang='lat' dir='ltr'><strong>et</strong></span> <span class='ocrx_word' id='word_1_786' title='bbox 2708 4910 2958 4978; x_wconf 85' lang='lat' dir='ltr'><strong>precibus</strong></span> <span class='ocrx_word' id='word_1_787' title='bbox 3009 4911 3350 4964; x_wconf 86' lang='lat' dir='ltr'><strong>sacerdotum</strong></span> <span class='ocrx_word' id='word_1_788' title='bbox 3404 4920 3781 4971; x_wconf 84' lang='lat' dir='ltr'><strong>consecratus;</strong></span> 
     </span>
    </p>
   </div>
   <div class='ocr_carea' id='block_1_110' title="bbox 2242 5000 3783 5068">
    <p class='ocr_par' dir='ltr' id='par_1_110' title="bbox 2242 5000 3783 5068">
     <span class='ocr_line' id='line_1_110' title="bbox 2242 5000 3783 5068; baseline 0 -17"><span class='ocrx_word' id='word_1_789' title='bbox 2242 5001 2384 5068; x_wconf 89' lang='lat' dir='ltr'><strong>quod</strong></span> <span class='ocrx_word' id='word_1_790' title='bbox 2445 5000 2490 5054; x_wconf 90' lang='lat' dir='ltr'><strong>si</strong></span> <span class='ocrx_word' id='word_1_791' title='bbox 2554 5016 2773 5053; x_wconf 80' lang='lat' dir='ltr'><strong>uxorem</strong></span> <span class='ocrx_word' id='word_1_792' title='bbox 2829 5001 3045 5055; x_wconf 79' lang='lat' dir='ltr'><strong>duxeris</strong></span> <span class='ocrx_word' id='word_1_793' title='bbox 3121 5016 3228 5054; x_wconf 87' lang='lat' dir='ltr'><strong>non</strong></span> <span class='ocrx_word' id='word_1_794' title='bbox 3278 5002 3405 5054; x_wconf 86' lang='lat' dir='ltr'><strong>licet</strong></span> <span class='ocrx_word' id='word_1_795' title='bbox 3443 5004 3540 5055; x_wconf 88' lang='lat' dir='ltr'><strong>tibi</strong></span> <span class='ocrx_word' id='word_1_796' title='bbox 3598 5004 3667 5055; x_wconf 88' lang='lat' dir='ltr'><strong>ad</strong></span> <span class='ocrx_word' id='word_1_797' title='bbox 3713 5003 3783 5053; x_wconf 84' lang='lat' dir='ltr'><strong>al-</strong></span> 
     </span>
    </p>
   </div>
   <div class='ocr_carea' id='block_1_111' title="bbox 2242 5088 3781 5161">
    <p class='ocr_par' dir='ltr' id='par_1_111' title="bbox 2242 5088 3781 5161">
     <span class='ocr_line' id='line_1_111' title="bbox 2242 5088 3781 5161; baseline 0.001 -18"><span class='ocrx_word' id='word_1_798' title='bbox 2242 5100 2355 5143; x_wconf 87' lang='lat' dir='ltr'><strong>tare</strong></span> <span class='ocrx_word' id='word_1_799' title='bbox 2385 5090 2657 5143; x_wconf 81' lang='lat' dir='ltr'><strong>accedere.</strong></span> <span class='ocrx_word' id='word_1_800' title='bbox 2691 5090 2788 5143; x_wconf 86' lang='lat' dir='ltr'><strong>Cui</strong></span> <span class='ocrx_word' id='word_1_801' title='bbox 2824 5088 2930 5143; x_wconf 83' lang='lat' dir='ltr'><strong>Leo</strong></span> <span class='ocrx_word' id='word_1_802' title='bbox 2965 5111 2977 5145; x_wconf 90' lang='lat'>:</span> <span class='ocrx_word' id='word_1_803' title='bbox 3012 5089 3241 5144; x_wconf 85' lang='lat' dir='ltr'><strong>Uxorem</strong></span> <span class='ocrx_word' id='word_1_804' title='bbox 3271 5090 3469 5145; x_wconf 85' lang='lat' dir='ltr'><strong>dueere</strong></span> <span class='ocrx_word' id='word_1_805' title='bbox 3500 5094 3667 5161; x_wconf 90' lang='lat' dir='ltr'><strong>cupio</strong></span> <span class='ocrx_word' id='word_1_806' title='bbox 3686 5107 3781 5159; x_wconf 82' lang='lat' dir='ltr'><strong>quo</strong></span> 
     </span>
    </p>
   </div>
   <div class='ocr_carea' id='block_1_112' title="bbox 2243 5180 3781 5249">
    <p class='ocr_par' dir='ltr' id='par_1_112' title="bbox 2243 5180 3781 5249">
     <span class='ocr_line' id='line_1_112' title="bbox 2243 5180 3781 5249; baseline 0.001 -18"><span class='ocrx_word' id='word_1_807' title='bbox 2243 5190 2311 5231; x_wconf 89' lang='lat' dir='ltr'><strong>st</strong></span> <span class='ocrx_word' id='word_1_808' title='bbox 2353 5181 2479 5233; x_wconf 78' lang='lat' dir='ltr'><strong>milii</strong></span> <span class='ocrx_word' id='word_1_809' title='bbox 2532 5181 2677 5233; x_wconf 86' lang='lat' dir='ltr'><strong>ltlius</strong></span> <span class='ocrx_word' id='word_1_810' title='bbox 2724 5180 2814 5248; x_wconf 88' lang='lat' dir='ltr'><strong>qui</strong></span> <span class='ocrx_word' id='word_1_811' title='bbox 2869 5190 2988 5249; x_wconf 78' lang='lat' dir='ltr'><strong>post</strong></span> <span class='ocrx_word' id='word_1_812' title='bbox 3038 5194 3123 5233; x_wconf 76' lang='lat' dir='ltr'><strong>me</strong></span> <span class='ocrx_word' id='word_1_813' title='bbox 3172 5194 3391 5248; x_wconf 81' lang='lat' dir='ltr'><strong>regnum</strong></span> <span class='ocrx_word' id='word_1_814' title='bbox 3447 5182 3781 5236; x_wconf 61' lang='lat' dir='ltr'><strong>hereditario</strong></span> 
     </span>
    </p>
   </div>
   <div class='ocr_carea' id='block_1_113' title="bbox 2236 5272 3776 5341">
    <p class='ocr_par' dir='ltr' id='par_1_113' title="bbox 2236 5272 3776 5341">
     <span class='ocr_line' id='line_1_113' title="bbox 2236 5272 3776 5341; baseline 0.002 -22"><span class='ocrx_word' id='word_1_815' title='bbox 2236 5272 2525 5339; x_wconf 61' lang='lat' dir='ltr'><strong>possideat.</strong></span> <span class='ocrx_word' id='word_1_816' title='bbox 2579 5273 2646 5323; x_wconf 76' lang='lat' dir='ltr'><strong>At</strong></span> <span class='ocrx_word' id='word_1_817' title='bbox 2672 5286 2778 5323; x_wconf 91' lang='lat' dir='ltr'><strong>non</strong></span> <span class='ocrx_word' id='word_1_818' title='bbox 2830 5272 3071 5339; x_wconf 89' lang='lat' dir='ltr'><strong>permisit</strong></span> <span class='ocrx_word' id='word_1_819' title='bbox 3103 5273 3202 5339; x_wconf 90' lang='lat' dir='ltr'><strong>ipsi</strong></span> <span class='ocrx_word' id='word_1_820' title='bbox 3250 5272 3556 5339; x_wconf 81' lang='lat' dir='ltr'><strong>patriarcha</strong></span> <span class='ocrx_word' id='word_1_821' title='bbox 3589 5272 3776 5341; x_wconf 83' lang='lat' dir='ltr'><strong>conju-</strong></span> 
     </span>
    </p>
   </div>
   <div class='ocr_carea' id='block_1_114' title="bbox 2235 5354 3776 5429">
    <p class='ocr_par' dir='ltr' id='par_1_114' title="bbox 2235 5354 3776 5429">
     <span class='ocr_line' id='line_1_114' title="bbox 2235 5354 3776 5429; baseline 0.001 -19"><span class='ocrx_word' id='word_1_822' title='bbox 2235 5364 2401 5424; x_wconf 63' lang='lat' dir='ltr'><strong>gium.</strong></span> <span class='ocrx_word' id='word_1_823' title='bbox 2437 5358 2659 5428; x_wconf 84' lang='lat' dir='ltr'><strong>Scripsit</strong></span> <span class='ocrx_word' id='word_1_824' title='bbox 2694 5376 2822 5429; x_wconf 83' lang='lat' dir='ltr'><strong>ergo</strong></span> <span class='ocrx_word' id='word_1_825' title='bbox 2852 5361 2961 5413; x_wconf 90' lang='lat' dir='ltr'><strong>Leo</strong></span> <span class='ocrx_word' id='word_1_826' title='bbox 3002 5360 3292 5427; x_wconf 85' lang='lat' dir='ltr'><strong>imperator</strong></span> <span class='ocrx_word' id='word_1_827' title='bbox 3320 5361 3387 5412; x_wconf 88' lang='lat' dir='ltr'><strong>ad</strong></span> <span class='ocrx_word' id='word_1_828' title='bbox 3422 5354 3776 5428; x_wconf 66' lang='lat' dir='ltr'><strong>patriarchas</strong></span> 
     </span>
    </p>
   </div>
   <div class='ocr_carea' id='block_1_115' title="bbox 2237 5450 3775 5520">
    <p class='ocr_par' dir='ltr' id='par_1_115' title="bbox 2237 5450 3775 5520">
     <span class='ocr_line' id='line_1_115' title="bbox 2237 5450 3775 5520; baseline 0.001 -20"><span class='ocrx_word' id='word_1_829' title='bbox 2237 5450 2562 5512; x_wconf 71' lang='lat' dir='ltr'><strong>Romauum,</strong></span> <span class='ocrx_word' id='word_1_830' title='bbox 2604 5450 2915 5504; x_wconf 80' lang='lat' dir='ltr'><strong>Mieliaelem</strong></span> <span class='ocrx_word' id='word_1_831' title='bbox 2946 5451 3305 5520; x_wconf 83' lang='lat' dir='ltr'><strong>patriarcliam</strong></span> <span class='ocrx_word' id='word_1_832' title='bbox 3341 5451 3775 5512; x_wconf 76' lang='lat' dir='ltr'><strong>Alexandrinum,</strong></span> 
     </span>
    </p>
   </div>
   <div class='ocr_carea' id='block_1_116' title="bbox 2237 5541 3775 5613">
    <p class='ocr_par' dir='ltr' id='par_1_116' title="bbox 2237 5541 3775 5613">
     <span class='ocr_line' id='line_1_116' title="bbox 2237 5541 3775 5613; baseline 0.001 -19"><span class='ocrx_word' id='word_1_833' title='bbox 2237 5542 2402 5594; x_wconf 71' lang='lat' dir='ltr'><strong>lilium</strong></span> <span class='ocrx_word' id='word_1_834' title='bbox 2446 5541 2679 5594; x_wconf 79' lang='lat' dir='ltr'><strong>Mansuri</strong></span> <span class='ocrx_word' id='word_1_835' title='bbox 2721 5542 2883 5594; x_wconf 85' lang='lat' dir='ltr'><strong>tilium</strong></span> <span class='ocrx_word' id='word_1_836' title='bbox 2931 5542 3287 5609; x_wconf 82' lang='lat' dir='ltr'><strong>patriarcham</strong></span> <span class='ocrx_word' id='word_1_837' title='bbox 3342 5541 3775 5613; x_wconf 73' lang='lat' dir='ltr'><strong>liierosolyutita-</strong></span> 
     </span>
    </p>
   </div>
   <div class='ocr_carea' id='block_1_117' title="bbox 2237 5632 3739 5694">
    <p class='ocr_par' dir='ltr' id='par_1_117' title="bbox 2237 5632 3739 5694">
     <span class='ocr_line' id='line_1_117' title="bbox 2237 5632 3739 5694; baseline 0.005 -11"><span class='ocrx_word' id='word_1_838' title='bbox 2237 5648 2389 5694; x_wconf 87' lang='lat' dir='ltr'><strong>ntun,</strong></span> <span class='ocrx_word' id='word_1_839' title='bbox 2418 5639 2477 5685; x_wconf 76' lang='grc' dir='ltr'><strong>,ει</strong></span> <span class='ocrx_word' id='word_1_840' title='bbox 2513 5633 2815 5688; x_wconf 69' lang='grc' dir='ltr'>δὶιιινιιιιριιι</span> <span class='ocrx_word' id='word_1_841' title='bbox 2845 5632 3071 5687; x_wconf 75' lang='lat' dir='ltr'><strong>Zarnalti</strong></span> <span class='ocrx_word' id='word_1_842' title='bbox 3102 5640 3267 5689; x_wconf 76' lang='lat' dir='ltr'><strong>tntum</strong></span> <span class='ocrx_word' id='word_1_843' title='bbox 3291 5671 3304 5690; x_wconf 89' lang='lat'><strong>.</strong></span> <span class='ocrx_word' id='word_1_844' title='bbox 3344 5633 3739 5691; x_wconf 70' lang='lat' dir='ltr'><strong>Antiochenam</strong></span> 
     </span>
    </p>
   </div>
  </div>
