4086 6344
304 447 408 511 ιιιι

1039 447 1666 508 ANTIRRIIETICUS
1710 449 1732 508 Ι
1778 451 1942 511 ᾹΒΥ.
1987 451 2579 514 CONSTANTINUM
2618 455 2810 518 COI‘R

3464 459 3572 521 262

303 560 376 626 τῇ
423 554 589 626 σαρκὶ
635 553 696 622 ἐξ
736 555 983 624 ἀνάγκης
1032 554 1123 606 τὸν
1159 555 1364 622 Λόγων
1410 553 1438 608 δ
1470 556 1746 626 πανταχοῦ
1802 573 1891 608 πε-

2005 570 2388 628 argumentum
2416 562 2584 626 aliud,
2624 578 2820 632 nempe
2843 564 2986 634 quod
3024 563 3258 621 Verbum
3291 584 3394 623 una
3446 587 3568 624 cum

306 643 739 718 ριὸομδοῦντες,
771 645 1038 717 ἑπόμενον
1089 646 1168 708 είς
1205 647 1410 700 κακίαν
1453 651 1567 708 τοῖς
1605 647 1892 716 προτέροις

303 738 548 808 ἔχουσιν.
618 737 782 792 Ἀλλὰ
843 738 1042 808 φατέον
1110 737 1208 791 καὶ
1260 738 1396 807 πρὸς
1455 738 1665 792 ταῦτα’
1725 740 1894 794 Πότε-

304 846 404 902 ρον
456 829 597 882 κατά
646 829 744 899 τὴν
802 831 1011 884 οἰκείαν
1064 829 1157 883 καὶ
1192 830 1506 899 ἀπόρρητον
1552 829 1713 898 φύσιν
1737 848 1894 902 περιο

304 922 529 993 εγράφη
587 921 1014 992 σωματούμενος
1037 962 1051 985 ,
1085 922 1117 991 ἢ
1147 920 1246 986 οὕ;
1294 922 1355 975 Ei
1393 921 1491 992 μὲν
1521 923 1892 994 περιεγράφη,

301 1015 544 1066 δεδόσθω
582 1014 679 1067 καὶ
727 1015 874 1084 παρὰ
917 1013 980 1066 τὸ
1010 1014 1518 1085 χαρακτηρίζεσθαι
1544 1030 1557 1042 ·
1587 1015 1637 1067 εί
1677 1013 1734 1068 δὲ
1778 1014 1890 1086 μὴ,

303 1106 393 1170 τίς
440 1107 470 1158 ὁ
510 1105 899 1176 ὲκὸιαζόμενος
933 1106 1091 1175 λόγος
1112 1147 1126 1168 ,
1158 1105 1699 1178 χαρακτηριζόμενον
1732 1105 1894 1161 αὑτὸν

305 1198 482 1267 σαρκὶ.
499 1197 1095 1266 συμπεριγεγρά’φθαι;
1120 1199 1184 1249 Ὃ
1215 1197 1323 1266 γάρ
1347 1196 1422 1267 μὴ
1446 1195 1704 1261 πέπονθε,
1733 1213 1894 1268 προσ·

301 1284 552 1355 ειληφὼς
576 1289 673 1354 τὴν
703 1285 1188 1357 περιγραφομένην
1236 1287 1415 1354 σάρκα
1441 1323 1456 1347 ,
1487 1285 1605 1348 πῶς
1624 1285 1726 1354 τῆς
1759 1302 1892 1355 σαρ-

306 1378 406 1441 κὸς
433 1378 788 1448 γραφομένης
821 1379 1069 1430 πείσεται
1095 1393 1109 1441 ;
1140 1377 1356 1447 Καίπερ
1386 1372 1560 1440 οὕτως
1583 1375 1895 1446 στηλιτευό-

308 1485 488 1540 μενοι,
525 1468 599 1530 ὡς
630 1469 928 1537 ἀδιανόητα
964 1470 1054 1521 καὶ
1084 1467 1346 1535 δύσφημα
1371 1466 1512 1520 κατὰ
1534 1465 1632 1534 τῆς
1661 1463 1893 1533 εὐαγοῦς

303 1559 473 1628 ἡμῶν
524 1557 813 1626 ὁμολογίας
864 1557 1236 1627 μελετῶντες,
1288 1557 1430 1628 πλὴν
1485 1559 1550 1611 ἐκ
1599 1559 1730 1627 μιᾶς
1784 1556 1893 1609 τῶν

301 1653 533 1706 ἀτόπων
587 1651 1026 1720 ἐπιχειρήσεων,
1087 1649 1156 1703 τὰ
1205 1649 1296 1702 τοῦ
1355 1649 1564 1703 εἰκαίου
1622 1649 1892 1717 δόγματος

302 1743 682 1812 κατηρτίσθαι
713 1741 896 1804 ἔδοξαν
918 1759 930 1771 ·
963 1741 1049 1794 ῖνα
1082 1741 1230 1794 άπαν
1266 1743 1445 1810 σχοῖεν
1485 1739 1670 1794 λοιπὸν
1708 1739 1768 1792 τὸ
1795 1739 1893 1808 (q-

301 1835 607 1903 τούμενον,
640 1835 734 1886 καὶ
775 1833 1148 1903 ψευδηγορίας
1187 1833 1458 1903 ὲμπλέους
1499 1835 1562 1887 ἐκ
1599 1832 1691 1886 τοῦ
1717 1835 1892 1903 ὲμφα-
1929 1883 1942 1898 ,

303 1927 437 1988 νοῦς
469 1924 808 1994 ὲξελέγξειαν
859 1927 950 1979 τόν
998 1942 1056 1982 τε
1109 1927 1393 1997 εἰρηκότα,
1439 1927 1519 1980 δτι
1557 1946 1574 1978 ι
1619 1927 1682 1979 '0
1706 1928 1889 1996 λόγος

301 2016 469 2083 σὰρξ
495 2015 732 2085 ἐγένετο
767 2016 864 2068 καὶ
896 2014 1253 2082 ἐσκήνωσεν
1277 2017 1348 2068 ἐν
1377 2016 1552 2085 ἡμῖν,
1583 2017 1674 2069 τόν
1704 2033 1763 2069 τε
1797 2033 1888 2084 γεο

301 2110 580 2179 γραφότα,
609 2110 696 2161 ὅτι
729 2108 885 2161 Ἐπεὶ
914 2107 988 2162 τὰ
1011 2108 1219 2163 παιδιά
1249 2109 1692 2177 κεκοινώνηκεν
1717 2110 1888 2178 αἵμα-

302 2214 416 2262 τος
466 2198 558 2250 καί
595 2197 842 2265 σαρκός,
899 2197 994 2250 καί
1031 2199 1215 2262 αὐτὸς
1258 2197 1696 2264 παραπλησίως
1743 2212 1886 2265 μετ·-

300 2291 459 2358 έσχε
497 2289 613 2342 τῶν
661 2287 881 2343 αὐτῶν.
923 2291 1033 2342 Καὶ
1084 2289 1254 2343 τᾶλλα
1297 2290 1395 2344 ὅσα
1433 2291 1567 2360 ἡμῖν
1599 2290 1749 2359 παρὰ
1792 2288 1887 2344 τοῦ

302 2380 669 2449 εύαγγελικοῦ
724 2380 1084 2451 κηρύγματος
1146 2381 1530 2453 παραδέδοται.
1601 2381 1764 2436 Ἀλλά
1820 2383 1888 2437 τά

303 2473 536 2526 τοιαῦτα
583 2472 759 2526 ἄτοπα
791 2475 885 2526 καὶ
937 2473 1222 2543 παράλογα
1243 2516 1257 2538 ,
1288 2475 1352 2526 ἐκ
1386 2473 1496 2526 τῶν
1539 2474 1760 2528 ἀτόπων
1793 2474 1888 2527 τοῦ

306 2566 654 2634 γεγραφότος
705 2565 1028 2636 ὑπαλήψεων
1075 2566 1482 2636 περαινόμενα,
1535 2566 1636 2636 τῆς
1678 2566 1888 2619 ἐκείνου

304 2661 385 2720 ὡς
435 2659 650 2727 ἀληθῶς
707 2659 940 2714 καὶτῶν
983 2659 1180 2730 ἐκείνῳ
1220 2657 1562 2731 πειθομένων
1604 2661 1891 2732 παραπλη-

309 2753 432 2818 ﬁta;
458 2751 602 2819 ἀξια.

397 2958 621 3029 Ῥητέον
654 2957 708 3010 δὲ
739 2959 980 3019 κάκεῖνο,
1023 2959 1099 3020 ὡς
1136 2959 1218 3011 ὅτι
1249 2959 1281 3029 ἡ
1337 2959 1456 3030 ἱερὰ
1505 2961 1596 3012 τοῦ
1638 2959 1891 3029 Σωτῆρος

310 3053 472 3124 ἡμῶν
515 3050 699 3111 εἰκὼν,
741 3050 883 3102 κατά
930 3051 996 3103 τά
1032 3051 1260 3121 ἔναγχος
1313 3051 1603 3121 εἰρημένοι,
1635 3051 1747 3106 τῶν
1797 3053 1890 3106 τοῦ

308 3144 628 3214 ἀρχετύπου
676 3142 1113 3212 μεταλαμϐάνει,
1160 3145 1254 3196 καὶ
1299 3143 1366 3196 δι’
1399 3137 1473 3195 ὧν
1503 3144 1656 3196 αὐτοὶ
1699 3143 1890 3214 δρῶσι.

1996 664 2163 704 earne
2201 650 2251 703 in
2293 651 2530 721 imagine
2570 653 2952 708 circumscribi
3005 671 3227 710 neresse
3282 656 3388 711 sit:
3429 659 3569 725 quod

1996 741 2197 811 ubique
2228 741 2600 811 btthinautes,
2652 743 2847 798 malam
2903 746 3177 813 prioribus
3220 750 3570 816 appendicem

1994 835 2310 888 subtexunt.
2344 835 2508 904 Atqui
2529 837 2594 888 ad
2616 835 2730 890 lucc
2751 850 2968 906 quoque
2991 838 3277 893 dicendum
3297 850 3379 895 est
3397 857 3412 894 ι
3430 837 3569 896 Num

1997 923 2049 975 in
2101 924 2315 992 propria
2367 923 2623 978 ineﬂubili
2701 936 2892 980 natura
2942 931 3414 997 circumscriptum
3471 929 3572 984 fuit

1997 1011 2261 1078 Verbum.
2293 1031 2414 1068 cum
2449 1027 2648 1084 cerpus
2675 1019 2995 1088 assumpsit,
3024 1035 3091 1072 an
3119 1021 3309 1074 secus?
3349 1020 3405 1075 Si
3461 1022 3564 1076 cir-

1995 1103 2382 1171 cumscriptum
2437 1103 2559 1166 fuit,
2593 1108 2925 1160 concedatur
2957 1108 3005 1161 id
3065 1108 3178 1162 ﬁeri
3237 1121 3362 1162 tunc
3405 1110 3568 1163 etiam

1994 1208 2117 1248 cum
2153 1194 2440 1263 ﬁguratur.
2480 1193 2574 1249 Sin
2619 1196 2816 1259 minus,
2875 1212 2995 1266 qua!
3021 1199 3158 1252 ratio
3185 1200 3325 1268 cogit
3364 1199 3568 1264 dicere,

2005 1285 2241 1340 Verbum
2309 1285 2596 1356 ﬁguratum
2645 1299 2803 1357 prout
2861 1301 2941 1342 est
2999 1291 3049 1342 in
3102 1307 3289 1353 carne,
3338 1293 3567 1346 circum-

1995 1375 2206 1431 scribi?
2239 1376 2390 1442 Quod
2423 1375 2566 1431 eniin
2604 1394 2706 1430 non
2749 1390 2832 1434 est
2875 1396 3117 1448 passum,
3165 1385 3290 1436 dum
3337 1384 3572 1436 cireum-

1999 1469 2260 1536 scriptam
2317 1477 2556 1524 sumeret
2632 1485 2874 1534 carnem,
2930 1475 3205 1541 quomodo
3262 1475 3389 1527 dum
3451 1476 3569 1541 ejus

1994 1575 2122 1614 caro
2183 1559 2442 1628 pingitur,
2519 1560 2649 1613 illud
2712 1563 2987 1630 patieiur?
3051 1563 3304 1616 Attamen
3357 1565 3568 1618 etiamsi

1997 1654 2069 1708 ita
2133 1653 2347 1723 publice
2403 1655 2672 1720 coargutl,
2727 1654 2867 1722 quod
2935 1654 3126 1709 insana
3181 1665 3232 1708 et
3291 1669 3571 1712 contume-

1995 1745 2126 1800 liosa
2177 1746 2435 1799 adversus
2490 1754 2735 1798 sanetam
2791 1755 3034 1799 nostram
3078 1749 3430 1803 commentati
3462 1749 3571 1803 siut

1994 1834 2418 1900 confessionem,
2467 1835 2819 1891 nihilominus
2875 1839 2976 1892 hoc
3026 1853 3132 1892 uno
3193 1853 3256 1893 ex
3319 1841 3570 1893 absurdis

1925 1915 1964 1970 Β
1994 1928 2330 1996 argumentis
2353 1927 2466 1979 suis
2504 1927 2800 1980 vanitatem
2826 1930 3028 1998 proprii
3056 1929 3328 1998 dogmatis
3358 1946 3413 1983 se
3442 1946 3570 1984 cou-

1996 2018 2216 2072 lirmare
2244 2017 2539 2087 putabant;
2599 2026 2656 2070 ut
2706 2017 2818 2087 38
2853 2019 3050 2073 deinde
3079 2021 3390 2073 universam
3439 2037 3569 2076 cou-

1997 2110 2422 2166 troversiamsie
2463 2110 2798 2172 obtinerent,
2833 2109 3100 2180 planeque
3150 2112 3402 2165 fallacem
3447 2129 3567 2166 eum

1995 2203 2351 2257 ostenderent
2379 2201 2468 2270 qui
2505 2202 2680 2255 dixit:
2729 2199 2954 2255 Verbum
2991 2201 3343 2270 rarefactum
3381 2211 3480 2267 est,
3523 2214 3570 2255 rt

1996 2296 2246 2349 habitavit
2275 2295 2328 2346 in
2361 2293 2508 2348 nobis
2532 2295 2597 2359 “,
2653 2295 2778 2348 item
2814 2309 2936 2348 eum
2975 2293 3065 2361 qui
3113 2295 3331 2362 scripsit
3362 2311 3375 2348 :
3432 2292 3571 2358 Quia

1995 2388 2146 2455 pueri
2172 2387 2690 2439 comimmicarernut
2733 2384 2981 2454 sanguini
3036 2393 3086 2438 et
3145 2385 3313 2446 carni,
3355 2394 3403 2436 et
3463 2385 3574 2447 ipse

1998 2480 2246 2534 similiter
2283 2478 2480 2532 eisdem
2517 2478 2938 2549 participaeit”.
2992 2475 3103 2531 Nec
3155 2492 3262 2530 non
3307 2486 3573 2546 quotquot

1997 2571 2100 2624 alia
2132 2572 2291 2626 nobis
2313 2571 2380 2624 ab
2414 2569 2727 2639 evangelica
2767 2569 3154 2639 przedieatioue
3189 2570 3384 2620 tradita
3423 2577 3570 2622 sunt.

1998 2665 2104 2719 Sed
2138 2665 2282 2718 enim
2302 2661 2533 2716 absurda
2561 2662 2675 2714 haec
2709 2669 2764 2714 et
2807 2659 3204 2713 irrationabilia
3256 2674 3320 2712 ex
3372 2659 3569 2712 absuro

1997 2755 2168 2809 ditate
2211 2753 2500 2808 scribentis
2533 2751 2801 2819 protecta,
2857 2749 3028 2818 ipsius
3062 2763 3188 2801 vere
3233 2749 3574 2820 aliorumque

1998 2850 2172 2902 eidem
2213 2862 2403 2900 aurem
2434 2846 2792 2915 praebentium
2821 2841 3047 2894 insaniae
3067 2841 3418 2895 conveniunt.

2071 2958 2201 3012 Illud
2236 2965 2449 3026 qudque
2481 2955 2772 3010 dicendum
2808 2963 2914 3015 est.
2947 2966 3158 3006 sacram
3221 2968 3412 3018 nempe
3445 2952 3576 3005 Ser-

2001 3053 2207 3104 vatoris
2243 3050 2560 3116 imaginem,
2621 3055 2780 3116 prout
2843 3045 3109 3098 hactenus
3164 3043 3438 3112 disputata
3473 3045 3572 3096 do-

1999 3152 2157 3203 eent,
2213 3155 2298 3194 res
2353 3138 2630 3209 archetypi
2689 3138 3045 3206 participare;
3110 3135 3258 3203 quod
3318 3151 3384 3188 ex
3441 3135 3575 3205 ipsis

312 3237 506 3304 σαφῶς
551 3236 894 3304 ἐκφαίνεται.
932 3235 1142 3306 Ὠσπερ
1195 3234 1304 3304 γὰρ
1359 3233 1394 3288 ἀ
1443 3235 1538 3287 νῦν
1593 3237 1744 3304 παρά
1785 3236 1892 3287 τῶν

2002 3235 2230 3289 istorum
2275 3232 2529 3300 aperibus
2573 3228 2918 3284 manifesuun
2952 3228 3028 3282 lit.
3059 3227 3211 3281 Sicut
3245 3227 3390 3282 enim
3419 3228 3577 3297 quid-

312 3327 848 3398 Χριστομαχούντων
887 3327 1088 3397 πάσχει
1137 3327 1476 3398 ὑϐριζομένη
1513 3344 1572 3380 τε
1606 3329 1698 3380 καὶ
1727 3345 1896 3382 καταο

313 3417 647 3487 ὕαλλομένη,
701 3415 768 3469 δι’
802 3416 937 3470 αὑτό
965 3434 1028 3484 γε
1057 3416 1117 3470 τὸ
1162 3417 1471 3486 ἀρχέτυπον
1522 3419 1757 3487 πάσχει*
1801 3418 1895 3473 ,διὰ

313 3510 426 3579 γὰρ
443 3509 540 3578 τὴν
571 3510 652 3571 είς
687 3509 924 3579 Χριστὸν
951 3509 1110 3580 ὓϐριν
1131 3510 1226 3562 καὶ
1248 3505 1392 3563 οὗτοι
1415 3510 1588 3563 ταῦτα
1620 3509 1891 3564 ποιοῦσιψ

314 3601 490 3665 οὕτως
517 3601 797 3668 ἀναλόγως
833 3599 898 3653 ὲκ
923 3600 1015 3656 τοῦ
1041 3600 1360 3666 ἀκολούθου,
1397 3601 1473 3666 ὡς
1503 3601 1616 3655 ἔστι
1649 3602 1898 3669 συλλογι-

320 3695 556 3763 σάμενον
621 3693 822 3764 ῥᾳδίως
898 3693 1172 3759 συνιδεῖν,
1228 3694 1384 3764 ποιρά
1437 3693 1531 3747 τοῦ
1587 3695 1896 3766 ἀρχετύπου

316 3782 541 3853 χάριτός
592 3800 740 3844 τινος
789 3783 886 3835 καὶ
937 3781 1219 3852 δυνάμεως
1269 3783 1409 3836 κατὰ
1455 3783 1898 3852 ἀντιπερίστασιν

318 3875 548 3950 εἰκότως
601 3873 842 3944 μεθέξει.
882 3871 1068 3937 Οὕτως
1101 3869 1193 3927 οὖν
1245 3873 1413 3944 βαρύς
1463 3875 1611 3926 ἐστιν
1657 3875 1838 3937 αὐτοῖς
1871 3875 1899 3927 ὁ

319 3965 556 4034 Χριστὸς
589 3963 776 4018 καὶιὲν
812 3962 983 4017 εἰκόνι
1016 3959 1372 4034 βλεπόμενος.
1410 3965 1620 4036 Ὂνπερ
1640 3966 1748 4035 γὰρ
1769 3965 1899 4035 τρό-

323 4073 423 4110 πον
454 4059 563 4119 τοῖς
613 4055 786 4110 πάλαι
846 4056 1127 4120 Ἰουδαίοις
1181 4056 1352 4127 βαρὺς
1385 4051 1454 4126 ἦν
1499 4057 1528 4108 ό
1580 4057 1812 4126 Χριστὸς
1843 4057 1901 4110 ὲν

324 4148 489 4217 σαρκὶ
535 4147 838 4218 ὁρώμενος,
877 4149 955 4212 ὼς
1003 4146 1342 4218 ἀχθομένους
1394 4147 1486 4201 ἐπὶ
1533 4147 1624 4201 τὸν
1668 4149 1896 4216 δίκαιον,

323 4239 449 4292 ποτε
481 4239 579 4307 μὲν
614 4239 798 4308 λέγειν
830 4239 979 4309 αὐτῴ
1004 4255 1018 4268 ·
1056 4239 1199 4299 Ἕως
1228 4239 1357 4293 πότε
1388 4239 1563 4310 αἴρεις
1593 4239 1692 4310 τὴν
1722 4240 1903 4311 ψυχὴν

319 4329 511 4400 ήμῶνι
551 4331 685 4383 ποτὲ
725 4332 784 4383 δὲ
827 4334 1054 4401 μυρίαις
1092 4331 1442 4402 περιϐάλλειν
1487 4332 1900 4401 συκοφαντίαις,

321 4421 540 4477 simae
572 4425 888 4477 τελευταῖον
921 4424 1139 4494 θανάτῳ
1163 4425 1429 4495 αἰσχίστῳ
1461 4425 1900 4496 παραδεδώκασι,

319 4516 414 4566 τον
437 4515 600 4569 αὐτὸν
635 4515 834 4585 τρόπον
883 4517 980 4569 καὶ
1025 4518 1139 4578 τοῖς
1172 4514 1268 4568 νῦν
1323 4515 1620 4579 Ἰουδαίοις,
1667 4515 1755 4571 διὰ
1809 4515 1903 4568 τοῦ

1999 3325 2127 3394 quid
2157 3340 2184 3376 a
2215 3323 2418 3378 Christi
2460 3321 2705 3377 hostibus
2737 3320 2943 3390 patitur
2973 3320 3093 3388 ejus
3143 3320 3318 3387 imago
3367 3318 3578 3387 injuriis

1999 3413 2237 3482 appetita
2271 3423 2325 3467 et
2364 3411 2596 3479 deiecta,
2646 3418 2867 3478 propter
2915 3409 3088 3477 ipsum
3145 3423 3334 3476 reapse
3379 3410 3571 3462 arche-

2002 3518 2186 3580 typum
2219 3506 2463 3576 patitur;
2493 3506 2618 3574 quia
2653 3504 2708 3558 hi
2761 3514 2818 3558 ut
2845 3502 3124 3557 Christum
3178 3500 3483 3565 offendant,
3526 3503 3574 3554 id

1999 3609 2198 3669 agunt;
2228 3599 2299 3651 ita
2330 3597 2614 3665 analogice
2643 3605 2695 3649 et
2755 3605 3149 3656 cousemanec,
3179 3600 3237 3645 ut
3295 3592 3440 3646 facili
3491 3607 3575 3645 ra-

2004 3692 2224 3745 tiociuio
2249 3690 2480 3759 quisque
2502 3695 2780 3759 agnoscet,
2811 3687 3040 3755 gratiam
3067 3685 3263 3739 merito
3286 3685 3574 3754 quamdam

2002 3792 2163 3853 atque
2190 3785 2447 3837 virtutem
2481 3780 2725 3835 vicissim
2762 3793 2828 3832 ex
2871 3778 3168 3846 archetypo
3203 3777 3383 3845 imago
3405 3780 3574 3846 parti-

2003 3877 2149 3945 cipat
2185 3873 2322 3945 (54).
2375 3872 2583 3942 Quippe
2618 3872 2879 3925 molestus
2913 3878 2997 3923 cst
3050 3869 3182 3937 ipsis
3222 3867 3478 3922 Christus
3521 3870 3572 3920 iu

2005 3968 2241 4038 imagine
2268 3967 2430 4021 etiam
2467 3971 2761 4033 spectatus.
2799 3961 3114 4016 Sicutenim
3151 3960 3356 4014 Juda-is
3385 3961 3577 4028 priscis

2002 4059 2182 4128 gravis
2228 4066 2346 4112 erat
2399 4054 2650 4109 Christus
2691 4054 2744 4107 in
2782 4067 2948 4106 carne
2995 4065 3346 4122 conspectus,
3406 4054 3480 4107 ita
3523 4065 3581 4106 ut

1999 4149 2204 4219 justum
2228 4149 2372 4202 hunc
2397 4161 2500 4201 nou
2522 4144 2780 4207 ferentes,
2807 4143 2966 4197 modo
2984 4142 3216 4196 dixerint
3242 4160 3256 4198 :
3279 4143 3578 4214 Quousque

2004 4225 2239 4296 animam
2275 4250 2517 4294 nostram
2566 4234 2854 4304 suSpendis
2878 4235 2954 4288 "1?
2987 4235 3145 4287 modo
3200 4234 3450 4302 plurimis
3483 4250 3576 4288 ca-

2006 4331 2226 4385 lumniis
2255 4327 2740 4390 circumveneriut,
2791 4325 2985 4380 deinde
3031 4325 3095 4376 ad
3121 4334 3424 4378 extremum
3465 4334 3580 4377 tur-

2007 4423 2228 4492 pissima
2255 4437 2388 4476 nece
2423 4421 2702 4475 all'eeeriut
2726 4437 2740 4486 ;
2761 4419 2839 4473 sic
2863 4415 3140 4470 hodiernis
3161 4417 3322 4468 etiam
3352 4413 3573 4481 Juda‘is,

2010 4516 2062 4568 in
2088 4515 2396 4569 veneranda
2433 4514 2605 4584 eﬂigic
2634 4530 2728 4565 sua
2763 4508 3118 4566 intolerabilis
3142 4509 3392 4563 Christus
3428 4509 3583 4562 vides

321 4607 623 4676 σεῢασμίου
675 4606 843 4660 αὑτοῦ
896 4605 1320 4675 ἐκτυπώματος,
1369 4605 1444 4669 ὡς
1493 4605 1897 4677 δυσφορώτατος

2013 4617 2120 4670 tur,
2143 4607 2235 4678 qui
2270 4608 2321 4661 in
2348 4621 2406 4661 se
2439 4606 2570 4675 ipsis
2598 4605 2903 4658 Iudaeorum
2942 4604 3229 4672 imaginem
3269 4613 3432 4672 atque
3461 4603 3581 4656 imi-

320 4699 641 4757 Bsixwmtf
689 4699 767 4762 ὡς
810 4699 922 4769 γὰρ
960 4698 1062 4770 τὴν
1122 4699 1398 4752 Ἰουδαίων
1447 4699 1633 4750 εἰκόνα
1683 4700 1778 4751 καὶ
1806 4698 1906 4768 τὴν

327 4790 567 4862 μίμησιν
600 4790 884 4859 φέροντες,
922 4789 1017 4840 ἐπὶ
1041 4792 1108 4861 τῇ
1140 4790 1314 4842 εἰκόνι
1341 4788 1580 4860 Χριστοῦ
1618 4788 1906 4859 δυσχεραί-

322 4896 512 4934 νουσι’
543 4881 639 4933 καὶ
681 4879 942 4944 ὡσαύτως
991 4881 1223 4944 ἐκείνοις
1305 4881 1529 4951 μυρίαις
1587 4879 1780 4951 ὕϐρεσι
1813 4883 1907 4938 καὶ

322 4971 622 5042 λοιδορίαις
677 4972 954 5042 βάλλουσι,
990 4974 1085 5026 καὶ
1115 4975 1178 5027 τὸ
1215 4973 1527 5027 τελευταῖον
1587 4973 1910 5046 καθαιροῦσι

323 5064 542 5135 πικρῶς
568 5065 616 5116 οἱ
662 5063 1088 5136 Ἱουδαιόφρονες
1119 5069 1212 5119 καὶ
1245 5068 1571 5136 παράνομοι.

399 5154 496 5208 κε’.
549 5155 770 5226 Ἐπειδὴ
801 5155 858 5208 δὲ
896 5159 1154 5227 περὶτῆς
1187 5156 1281 5210 τοῦ
1324 5157 1534 5226 Κυρίου
1579 5156 1910 5228 σαρκώσεως

324 5250 461 5318 ἡμῖν
511 5249 539 5299 ὁ
586 5246 763 5315 λόγος,
814 5248 916 5300 οὐκ
967 5250 1199 5312 ἄκαιρον
1253 5249 1583 5318 ἡγησάμεθα
1618 5250 1708 5302 καὶ
1753 5249 1912 5300 τοῦτο

325 5342 440 5402 τοῖς
493 5339 809 5408 εἰρημένοις
866 5344 1352 5410 προσεπενεγκεῖν,
1401 5341 1618 5410 πρῶτον
1673 5341 1773 5413 μὲν
1821 5343 1912 5394 τὸν

323 5431 590 5483 δοκοῦντα
625 5431 759 5500 ἡμῖν
793 5431 888 5483 καὶ
934 5433 1000 5501 τῇ
1053 5430 1283 5502 ἀληθείᾳ
1332 5432 1490 5501 λόγον
1545 5433 1908 5502 ἐκτιθέμενοι,

325 5524 524 5575 instra
553 5521 609 5573 δὲ
635 5521 724 5574 τὸν
752 5522 863 5574 τῶν
916 5522 1198 5589 ἐναντίων,
1253 5524 1328 5586 ὡς
1383 5524 1496 5594 ἔχει
1553 5525 1908 5597 εὐθύτητοςῆ

401 5705 447 5737 ⁸⁸
497 5703 654 5758 102m.
701 5721 736 5768 I,
768 5705 853 5758 Η.
935 5705 978 5736 ⁸³
1024 5702 1189 5757 Hebr.
1224 5703 1402 5768 ιι,1-ί.

1481 5704 1524 5734 ’⁸
1553 5701 1713 5758 Juan.
1758 5721 1810 5767 χ,
1841 5704 1932 5758 24.

2011 4701 2267 4752 tationem
2318 4707 2590 4769 gerentes,
2627 4697 2832 4749 Christi
2889 4696 3107 4765 imagini
3157 4697 3492 4758 irascuntur;
3530 4704 3585 4752 et

2009 4804 2162 4858 mque
2183 4803 2247 4843 ac
2277 4789 2350 4841 illi
2374 4787 2586 4852 iniuriis
2609 4785 2858 4854 plurimis
2889 4787 3264 4854 rumiciisque
3293 4795 3575 4852 appetunt,

2010 4890 2398 4953 postremoque
2417 4879 2683 4932 violenter
2699 4879 3008 4940 destruunt,
3029 4876 3338 4937 Judaeorum
3366 4878 3580 4940 scilicet

2009 4972 2358 5028 consectanei
2389 4980 2444 5026 et
2474 4968 2708 5025 scelesti.

2087 5162 2180 5216 ⁸ὶό.
2210 5161 2476 5228 Quoniam
2507 5174 2637 5214 vero
2669 5158 2734 5212 de
2763 5155 2970 5210 Domini
3003 5157 3378 5212 incarnatione
3433 5156 3590 5212 nobis

2015 5269 2197 5308 seru-0
2227 5264 2332 5316 est,
2372 5253 2514 5305 haud
2535 5249 2973 5319 intempestivum
3015 5258 3266 5316 putamus
3292 5248 3391 5301 hoc
3424 5247 3584 5301 etlam

2017 5345 2292 5414 prmdictis
2344 5343 2672 5414 adjuugere;
2725 5352 2778 5396 et
2826 5341 3002 5410 primo
3046 5338 3265 5408 quidem
3301 5338 3584 5406 probatam

2016 5437 2171 5490 nobis
2246 5435 2355 5489 imo
2435 5437 2534 5504 ipsi
2599 5433 2815 5490 veritati
2903 5432 3205 5484 doc-trinam
3281 5443 3582 5496 exponere,

2016 5528 2386 5582 deindeetiam
2438 5529 2872 5582 adversariorum
2926 5523 3252 5580 sententiam
3315 5531 3588 5590 quatenus

404 5861 515 5930 (3t)
541 5858 708 5915 Mirus
765 5862 861 5915 hac
915 5875 1078 5929 super
1117 5875 1174 5914 re
1208 5859 1358 5914 locus
1408 5865 1646 5914 veterum
1685 5857 1900 5912 Patrum
1943 5859 2138 5914 recitat
2175 5857 2445 5913 Adrianus
2467 5873 2553 5927 ep.
2590 5857 2680 5911 cit.
2711 5873 2762 5926 p.
2793 5857 2916 5924 M2,
2947 5859 3070 5912 955.
