3962 6344
109 418 293 470 νοεθηε
328 410 385 454 ιιι
414 401 479 455 ad
513 401 686 472 ῖρευτη
719 406 1033 460 accedere-nl
1056 447 1070 471 ρ
1099 412 1209 476 quo
1255 408 1585 478 dispicere"!
1608 453 1623 476 ,
1657 417 1696 471 Α
1729 423 1889 485 idque
1923 421 2126 475 mensis
2163 421 2457 476 Ramadani
2482 435 2693 492 quarto,
2739 442 2880 480 anno
2908 425 3272 490 ducentesimo

101 493 271 547 liceret
317 506 483 545 necne
542 494 642 559 ipsi
687 509 906 549 uxorein
941 496 1139 552 ducere

98 597 206 639 rum
226 581 489 650 quispiam
525 584 588 635 ad
617 585 786 651 ipsum
817 585 1094 652 accedere,
1128 588 1229 642 nisi
1259 591 1398 658 quod
1430 593 1625 661 singuli

97 672 301 725 nomine
341 687 440 725 suo
461 673 819 745 435—487
862 676 1090 746 legatum
1126 681 1419 738 mitterent.
1449 685 1524 739 Ac
1552 689 1628 741 le-

93 764 223 829 gatis
260 776 314 814 se
346 763 705 833 adjungentes
736 765 1216 835 episcopiquidam
1248 772 1627 829 Constantino-

92 850 213 918 poli,
239 851 301 905 de
326 855 538 920 negotio
574 855 919 921 imperatoris
947 858 1308 927 dispicientes,
1341 865 1618 919 matrimo—

91 940 224 992 nium
266 941 360 1008 ipsi
422 942 627 994 l‘cituut
684 947 1101 1011 pronuntiarunt
1135 966 1151 1012 ;
1183 966 1349 1017 querare
1396 969 1617 1008 uxorem

88 1028 251 1091 duxit,
283 1038 547 1095 natusque
572 1039 654 1083 est
705 1032 800 1099 ipsi
829 1033 969 1088 ﬁlius
1015 1051 1172 1103 quem
1203 1038 1615 1092 Constantinum

88 1118 385 1185 appellavit.
430 1119 673 1187 Cumque
704 1120 983 1176 Nicolaum
1038 1127 1399 1193 patriarcham
1436 1130 1620 1180 cathe-

86 1205 171 1257 dra
201 1204 535 1268 abdicasset.
569 1210 897 1265 constitutus
930 1222 1008 1266 est
1046 1215 1218 1281 ipsius
1264 1216 1379 1267 loco
1425 1215 1618 1269 Antbi-

85 1308 193 1347 mus
232 1296 533 1361 patriarcha
576 1297 1232 1366 Constantinopolitanus.
1267 1301 1410 1356 Obiit
1439 1313 1615 1358 autem

83 1384 383 1466 Abnotaded
408 1386 599 1440 Billabi
635 1388 723 1441 die
750 1388 1025 1444 Dominico
1077 1407 1219 1446 nono
1240 1400 1364 1447 ante
1393 1392 1615 1449 Rabiain

85 1466 418 1540 posteriorem
457 1476 684 1538 ﬁnitum,
726 1493 866 1533 anno
892 1470 1264 1536 ducentesimo
1291 1486 1617 1553 octogesimo

86 1579 229 1619 nono.
265 1564 385 1617 Fuit
413 1566 697 1620 cbalifatus
727 1570 891 1637 ipsius
927 1586 1192 1627 annorum
1242 1590 1453 1633 novem.
1489 1590 1611 1629 cum

90 1655 346 1707 mensibus
383 1671 597 1721 novem,
619 1658 827 1711 dierum
854 1658 1107 1717 duorum.
1146 1664 1332 1717 Annos
1354 1678 1475 1718 cum
1503 1680 1618 1719 mo-

87 1751 274 1811 reretur
306 1744 491 1798 habuit
518 1746 872 1815 quadraginta
918 1762 1145 1819 septem.
1201 1752 1531 1822 Praecipuam
1563 1758 1617 1810 in

84 1846 154 1884 res
185 1831 357 1907 ipsius
378 1842 697 1900 potestatem
728 1836 959 1891 habuere
984 1837 1158 1894 Badar
1180 1840 1401 1896 libertus
1427 1844 1615 1911 ipsius,

80 1933 123 1977 et
149 1924 459 1979 Gbaidallab
541 1926 654 1979 Ebn
693 1926 971 1993 Solimani,
1014 1933 1172 2000 cujus
1205 1934 1257 1985 in
1286 1925 1460 1988 locum
1491 1952 1618 1990 suc-

80 2014 227 2067 cessit
262 2000 404 2068 tilius
448 2014 617 2083 ipsius
655 2018 715 2070 Al
739 2016 928 2071 Kasem
960 2019 1074 2074 Ebn
1116 2020 1619 2094 Obaidallabi.l“uit

75 2103 373 2159 Almotaded
410 2106 650 2174 pulcher,
681 2106 815 2162 facie
835 2119 889 2164 et
910 2124 1136 2179 corpore
1168 2112 1419 2177 decorus,
1475 2124 1616 2169 stre-

77 2208 221 2257 llllllS,
251 2209 415 2264 opum
444 2204 628 2249 tenax.

388 2268 784 2353 Chalifatus'Al
820 2289 1031 2358 Moctaﬁ
1068 2290 1273 2345 biliahi.

133 2373 490 2443 lnauguratus
525 2387 603 2443 est
659 2379 720 2431 Al
756 2378 967 2434 Moctaﬁ
1021 2382 1133 2447 (qui
1182 2382 1321 2436 idem
1369 2392 1452 2437 est
1496 2385 1612 2439 Abu

75 2462 423 2528 Mobaiumed,
459 2465 570 2519 Eho
612 2460 814 2522 Ahmet‘
846 2470 1208 2541 Almotadcd,)
1248 2472 1484 2542 Bagdadi
1519 2492 1614 2528 eo-

70 2555 176 2608 dem
227 2555 314 2610 die
366 2572 474 2625 quo
514 2558 647 2611 obiit
698 2558 1038 2616 Almotaded.
1089 2563 1221 2615 Erat
1266 2575 1391 2617 tunc
1433 2575 1608 2619 autem

73 2645 344 2699 Almoctaﬁ
403 2646 609 2708 Baccze,
640 2648 927 2719 missaeque
956 2660 1081 2707 sunt
1110 2654 1172 2705 ad
1203 2654 1377 2721 ipsum
1419 2656 1610 2711 litterae

69 2741 115 2784 et
144 2735 404 2801 cpistolze,
437 2746 491 2788 ut
525 2736 831 2803 Bagdadum
868 2741 1169 2803 accederet,
1199 2758 1304 2810 quo
1333 2758 1453 2796 cum
1489 2761 1611 2812 pcr-

72 2823 322 2889 renisset,
350 2824 532 2878 sedem
571 2825 639 2878 ibi
681 2827 817 2880 ﬁxit.
847 2826 1015 2881 Mater
1036 2830 1154 2893 eius
1188 2832 1401 2885 nomine
1444 2831 1610 2885 Bach-

71 2913 308 2978 lajacnah
346 2916 473 2978 fuit,
503 2916 611 2968 ﬁlia
641 2917 907 2972 Alkasemi
944 2917 1056 2971 Ebn
1081 2897 1416 2973 Obaiilallabi
1440 2919 1605 2993 433

1191 515 1204 550 :
1246 508 1299 551 at
1341 501 1510 554 uoluit
1538 518 1632 555 eo-

1730 511 2084 578 nonagesimo
2127 521 2317 579 quarto
2360 531 2375 567 :
2428 516 2566 568 sedit
2608 532 2775 573 annos
2819 519 3007 586 viginti
3063 533 3184 574 sex.
3221 524 3275 571 et

1726 613 1821 652 sex
1862 615 2100 664 menses,
2144 602 2264 654 dein
2309 603 2442 656 obiit
2479 619 2493 655 :
2532 607 2879 672 sepultusque
2909 616 2988 659 est
3015 608 3068 659 iu
3102 608 3274 660 eccle~

1724 686 1800 740 sia
1850 686 2143 753 Michaelis,
2179 688 2422 745 Phostati
2460 690 2819 762 Egyptiacm.
2858 697 3010 748 Anno
3040 695 3274 749 chalil'av

1727 789 1814 832 tus
1836 779 2076 846 ejusdem
2111 791 2262 835 sexto
2306 785 2633 837 constitutus
2662 793 2745 837 est
2798 784 3085 851 Georgius,
3136 784 3274 836 Daa-

1714 868 1826 934 jani
1858 869 2017 932 ﬁlius,
2048 872 2350 937 patriarcha
2385 870 2941 941 llierosolymitanus,
2973 874 3062 938 qui
3098 885 3271 931 annos

1716 968 1947 1027 quatuor
1977 969 2029 1013 et
2067 976 2159 1024 sex
2197 974 2410 1014 menses
2458 962 2640 1025 sedit,
2685 963 2808 1016 dein
2870 970 3117 1014 mortuus
3168 967 3267 1013 est.
3328 966 3346 976 ‘

1715 1049 1885 1114 Pprro
1920 1049 2120 1116 prodiit
2178 1050 2230 1101 in
2284 1048 2438 1118 Syria
2505 1050 2740 1115 rebellis,
2803 1054 3023 1106 nomine
3086 1050 3273 1103 lsmael

1716 1136 2123 1202 Karmatianus,
2153 1153 2275 1193 eum
2314 1139 2562 1193 Damasci
2593 1149 2735 1193 esset
2777 1143 2994 1194 nomine
3037 1142 3277 1194 Chamav

1717 1228 1940 1281 rawaihi
1977 1229 2089 1281 E'bn
2120 1230 2352 1292 Alimed,
2386 1230 2501 1283 Ebn
2536 1230 2755 1293 Toluni,
2783 1231 2951 1299 Tuguj
3003 1234 3113 1286 Ebn
3160 1235 3270 1288 loili

1714 1315 2129 1387 Pharganensis;
2162 1320 2253 1388 qui
2284 1320 2350 1372 ab
2378 1319 2603 1376 lsmaele
2628 1322 2979 1377 Karmatiano
3006 1326 3056 1377 in
3086 1325 3266 1392 fugam

1716 1421 1907 1487 versus
1926 1416 2010 1462 est
2042 1417 2163 1476 post
2193 1411 2363 1464 multa
2397 1411 2536 1464 inter
2568 1406 2715 1480 ipsus
2744 1414 3033 1467 commissa
3066 1416 3267 1481 praelia,

1713 1498 1868 1551 caesis
1901 1512 1931 1550 e
1956 1498 2245 1553 comitibus
2270 1499 2387 1569 ejus
2409 1501 2616 1555 multis.
2656 1502 2911 1556 Scribens
2940 1519 3069 1572 ergo
3106 1504 3274 1574 Toguj

1724 1586 1787 1639 ad
1819 1586 2089 1642 Harunem
2117 1588 2549 1643 Chamarawaihi
2581 1591 2744 1643 ﬁlium
2772 1592 2945 1659 ipsum
2978 1596 3053 1648 rei
3079 1597 3277 1648 certio-

1725 1694 1835 1732 rem
1874 1678 2017 1733 fecit.
2053 1678 2196 1732 Misit
2243 1692 2370 1750 ergo
2404 1679 2470 1733 ad
2525 1674 2708 1749 ipsum
2754 1679 2935 1735 Harun
2978 1688 3273 1736 exercitum

1720 1784 1995 1837 magnum,
2028 1769 2078 1821 io
2105 1784 2212 1837 quo
2238 1778 2393 1823 erant
2413 1786 2599 1831 omnes
2629 1769 3013 1825 Toloneusium
3052 1772 3271 1827 nomine

1717 1857 1952 1925 insignes
1976 1873 1990 1920 ;
2033 1857 2490 1925 commissumque
2516 1869 2598 1912 est
2626 1858 2863 1926 praelium
2900 1859 3038 1911 inter
3065 1860 3276 1913 exerci-

1718 1955 1803 2001 tus
1833 1944 2070 2014 ipsorum
2107 1946 2158 1998 in
2190 1946 2311 1999 vico
2347 1945 2592 2000 Cauacar
2621 1947 2786 2011 dicto,
2822 1946 3046 2000 ditionis
3077 1946 3276 2001 Dama-

1717 2050 1920 2097 scenae.
1969 2036 2088 2089 loco
2143 2050 2303 2104 quem
2353 2037 2424 2089 ‘Al
2476 2036 2775 2103 Ascapham
2824 2047 3048 2099 vocant,
3092 2052 3276 2092 mense

1714 2125 1905 2196 Rajcb,
1934 2141 2074 2180 anno
2101 2125 2476 2180 ducentesimo
2506 2128 2838 2195 octogesimo
2862 2142 3005 2180 nono
3036 2143 3047 2172 τ
3074 2136 3128 2181 et
3147 2136 3270 2194 post

1712 2217 2021 2284 frequentes
2062 2216 2200 2269 inter
2247 2217 2394 2283 ipsos
2438 2232 2642 2287 pugnas
2678 2217 2993 2271 interfectus
3020 2226 3101 2272 est
3132 2216 3271 2270 Kar-

1671 2375 1674 2378 g
1710 2308 2005 2367 matianns,
2040 2306 2194 2360 casis
2229 2321 2293 2359 ex
2328 2314 2559 2376 utroque
2595 2301 2846 2361 exercitu’
2881 2308 3069 2375 viginti
3101 2308 3260 2361 circi-

1714 2382 1795 2451 ter
1830 2397 2108 2450 hominum
2152 2396 2420 2458 millibus,
2452 2412 2685 2463 quorum
2726 2407 2778 2451 et
2823 2398 3040 2464 utrique
3072 2398 3126 2450 in
3183 2396 3269 2449 fu-

1713 2503 1835 2557 gam
1862 2503 1921 2541 se
1959 2488 2259 2549 dederunt;
2299 2487 2605 2555 petentibus
2639 2487 2730 2555 qui
2777 2501 2842 2539 ex
2888 2483 3145 2537 Harumis
3182 2498 3275 2538 co-

1714 2579 1818 2648 piis
1853 2579 2175 2645 superstites
2213 2578 2449 2638 fuerunt,
2482 2574 2801 2629 Damascum
2831 2584 2883 2628 et
2905 2572 3267 2636 Tiberiadem;

1706 2669 1797 2738 qui
1832 2686 1876 2735 eg
1892 2667 2427 2738 Karmatiani,ﬁ92
2461 2665 2717 2719 Hamsum
2753 2663 3090 2734 [Emissam],
3126 2678 3316 2716 man~.

1708 2767 2000 2826 seruntque
2042 2758 2283 2810 Damasci
2313 2772 2377 2809 ex
2410 2755 2645 2810 Harunis
2682 2754 2853 2821 cepiis
2892 2753 3110 2822 quidam
3136 2767 3265 2805 cum

1709 2847 2168 2917 BadroAljamami
2200 2848 2364 2902 dicto.
2382 2845 2512 2899 Fuit
2533 2853 2710 2899 autem
2733 2845 3081 2898 Karmatiano
3104 2844 3271 2897 frater

1710 2937 1775 2991 Al
1806 2936 1990 3004 Najein
2030 2937 2351 3006 appellatus;
2392 2935 2485 3004 qui
2515 2934 2855 3003 congregatis
2880 2934 3031 3001 quie
3076 2933 3263 2990 fratris

67 3001 167 3056 Elin
191 3004 478 3070 Solimani,
502 3008 614 3060 Ebn
642 3008 892 3062 Wahabi.
918 3009 1191 3064 Abbasum
1224 3012 1391 3064 Ebliol
1423 3011 1603 3088 llasuu
1633 3016 1792 3082 σευί
1826 3001 2078 3081 demitu-
2102 3001 2301 3094 ﬁliqui
2347 3001 2506 3079 erant
2529 3065 2545 3089 ,
2594 3001 2780 3089 copias
2828 3023 3067 3091 collegit,
3114 3032 3167 3076 et
3212 3021 3272 3075 in

67 3093 495 3152 Maderanensem
546 3098 1036 3155 scribant‘adscivit
1096 3110 1255 3171 atque
1304 3103 1377 3157 illi
1423 3119 1509 3157 res
1551 3104 1602 3157 in

64 3185 292 3240 ordinem
325 3188 561 3243 redacta
591 3199 735 3244 sunt.
769 3192 925 3246 Anno
956 3192 1257 3247 Chalifatus
1313 3194 1600 3248 Almoctaﬁ

64 3278 313 3342 secundo,
347 3280 437 3346 qui
478 3287 561 3333 est
593 3279 996 3336 ducentesimus
1031 3283 1437 3349 nonagesimus‘,
1477 3278 1607 3352 per-

65 3369 173 3438 tigit
205 3365 372 3426 Nilus
422 3369 772 3443 Egyptiacus
826 3375 1035 3441 cubitos
1082 3386 1286 3431 tantum
1316 3380 1603 3434 .tredecim

62 3476 174 3515 cum
204 3463 414 3519 duobus
438 3465 637 3535 digitis.
670 3466 844 3531 Quare
870 3469 1072 3536 egressi
1109 3479 1233 3522 sunt
1265 3469 1601 3534 Moslemini,

62 3553 381 3621 Christiani,
412 3569 466 3611 et
489 3558 655 3611 Judmi
692 3559 757 3611 ad
782 3567 976 3626 aquam
1014 3560 1267 3627 precibus
1307 3561 1604 3639 impetran-

62 3646 197 3708 dam,
226 3663 328 3702 nec
359 3659 534 3703 tamen
565 3650 732 3703 crevit
759 3665 895 3718 aqua
931 3650 1074 3705 ultra
1107 3651 1232 3704 illud
1281 3651 1421 3719 quod
1463 3652 1607 3705 dixi-

63 3750 215 3803 mus;
247 3740 443 3793 deinde
490 3740 733 3794 recessit.
779 3739 936 3794 Anno
992 3742 1149 3795 tertio
1200 3741 1491 3796 chalifatus
1539 3741 1604 3794 Al

64 3827 265 3884 lloctaﬁ
305 3832 637 3886 constitutus
684 3841 767 3885 est
800 3830 942 3886 Elias
967 3816 1270 3901 patriarcha
1315 3832 1607 3886 Antioche-

65 3932 193 3984 nus;
223 3920 317 3989 qui
356 3922 586 3988 scriptor
634 3920 769 3985 fuit;
814 3935 983 3975 annos
1033 3922 1173 3977 sedit
1225 3921 1411 3990 viginti
1458 3930 1605 3987 octo,

63 4007 175 4064 dein
218 4022 465 4066 mortuus
493 4020 592 4067 est.
623 4011 791 4080 Capta
824 4020 907 4065 est
940 4014 1070 4067 urbs
1119 4012 1362 4066 Seleucia
1399 4028 1429 4066 e
1461 4020 1604 4064 terra

64 4097 425 4156 Romanorum
456 4118 644 4157 mense
664 4101 831 4156 Rabi‘a
865 4103 1174 4170 posteriori,
1198 4102 1337 4156 unde
1362 4100 1605 4170 captivos

63 4191 112 4245 in
143 4191 428 4264 Egyptttm
460 4194 756 4249 attulerunt
784 4209 968 4249 mense
992 4192 1183 4261 Rajeb,
1210 4208 1356 4246 anno
1400 4191 1605 4245 ducen-

64 4284 243 4336 tesimo
295 4285 671 4352 nonagesimo.
719 4286 874 4338 Anno
907 4283 1197 4338 chalil’atus
1240 4282 1478 4352 ejusdem
1516 4298 1639 4336 δε·-

64 4369 228 4426 eundo
253 4380 498 4425 mortuus
524 4381 608 4426 est
628 4370 850 4425 Michael
880 4370 1183 4439 patriarcha
1202 4369 1599 4424 Alexandrinus
1637 4375 1685 4434 ι)
1713 4370 1954 4438 patibulo
1984 4371 2149 4421 allixit
2176 4370 2326 4438 prius
2359 4364 2659 4424 crueiatum
2703 4379 2717 4420 :

63 4461 143 4528 die
167 4463 450 4517 Dominico
477 4504 497 4526 ι
522 4472 674 4517 sexto
714 4447 838 4515 aute
870 4462 1077 4531 ﬁnitum
1126 4476 1367 4515 mensem
1404 4460 1602 4513 Rama-

63 4550 181 4615 dan,
224 4548 377 4604 anno
423 4552 795 4606 ducentesimo
818 4551 1205 4619 nonagesimo;
1237 4550 1603 4621 patriarchatu

64 4641 270 4697 functus
303 4643 507 4709 triginti
538 4653 771 4714 quatuor
801 4643 961 4697 annis
986 4659 1001 4696 :
1030 4644 1344 4711 vacavitque
1370 4651 1492 4713 post
1521 4642 1603 4711 ip-

64 4743 174 4782 sum
204 4731 465 4786 cathedra
491 4732 851 4786 Alexandrina
900 4730 1205 4799 patriarcha
1244 4740 1475 4799 quatuor
1514 4744 1611 4784 an..-

64 4831 178 4873 nos.
206 4820 368 4874 Anno
416 4821 617 4888 quinto
659 4820 953 4907 chalifatus
987 4819 1229 4887 ejusdem
1281 4820 1608 4874 constitutus

64 4918 146 4963 est
167 4908 548 4985 Christodulus
605 4910 917 4965 Halebensis
944 4910 1249 4979 patriarcha
1289 4910 1606 4965 Alexandri-

66 5009 193 5064 nus;
214 4986 433 5055 creatus
460 5008 543 5057 est
578 5000 961 5071 Hierosolymis
992 5000 1078 5053 die
1120 4999 1341 5054 Sabbati
1377 4999 1596 5067 magni,

72 5091 250 5156 quinto
284 5094 486 5146 mensis
501 5093 666 5147 Nisan
689 5131 706 5156 ,
737 5090 1018 5147 Barmudze
1047 5092 1295 5161 septimo.
1316 5089 1409 5144 Die
1425 5102 1604 5144 autem

66 5176 287 5236 iomada:
325 5182 637 5251 posterioris
671 5181 879 5237 decimo
897 5196 1041 5236 nono
1074 5181 1408 5236 consecravit
1428 5182 1605 5245 ipsum

73 5264 211 5324 Elias
238 5269 380 5327 ﬁlius
418 5271 689 5327 Mansoris
718 5272 1025 5340 patriarcha
1060 5270 1605 5339 Hierosolymitanus.

71 5354 304 5428 Cumque
336 5363 710 5419 Alexandriam
755 5362 1031 5426 venisset,
1059 5362 1312 5415 dixerunt
1358 5361 1508 5414 urbis
1542 5361 1608 5413 il-

74 5446 169 5501 lius
202 5449 386 5506 incola
414 5471 429 5507 :
458 5452 718 5508 Nolumus
762 5454 926 5517 hunc,
977 5452 1081 5507 nisi
1134 5452 1376 5520 repetitis
1415 5451 1606 5522 589-

80 5534 226 5607 48],
281 5540 533 5609 precibus
579 5540 796 5613 [quibus
841 5540 1211 5612 consecratur]
1257 5527 1598 5608 patriarcha:

70 5639 226 5705 quare
267 5645 453 5709 prcccs
488 5632 871 5705 patriarchalcs
907 5646 1120 5687 rursum
1169 5631 1534 5686 adhibuerunt
1581 5650 1592 5683 :

1706 3127 1888 3185 partes
1916 3117 2139 3173 Emissae
2186 3116 2407 3183 prodiit.
2451 3115 2514 3168 Al
2548 3111 2822 3180 Moktaphi
2872 3112 3036 3182 igitur
3081 3109 3270 3164 audito

1707 3202 2115 3257 Karmatianum
2147 3199 2365 3271 )Egypti
2403 3200 2674 3254 exercitus
2707 3199 2923 3266 fugasse
2971 3205 3135 3265 atque
3179 3196 3269 3250 iu-

1704 3296 1976 3356 firmasse,
2015 3292 2170 3347 caesis
2213 3290 2583 3361 Egyptiorum
2605 3289 2913 3344 fortissimis
2944 3289 3270 3357 quibusque,

1711 3366 2165 3455 spem/concepit
2206 3381 2480 3450 capienda:
2522 3380 2758 3450 Egypti,
2818 3379 3089 3467 missoque
3140 3377 3256 3431 Mo-

1713 3474 1965 3528 hammed
1998 3471 2111 3526 Ebn
2142 3471 2404 3536 Soliman,
2440 3470 3035 3544 cuiprtestantissimos
3069 3469 3263 3524 ducum

1706 3579 1929 3618 suorum
1963 3579 2086 3617 cum
2125 3562 2358 3617 exercitu
2394 3577 2586 3631 magno
2610 3561 2872 3629 adiunxit,
2913 3558 3107 3628 prodiit
3155 3558 3269 3628 ipse

1709 3653 1959 3715 Baccam,
2022 3653 2202 3719 ibique
2232 3651 2493 3705 substitit.
2546 3641 2883 3704 Mohamme‘d
2923 3655 3099 3701 autem
3149 3647 3265 3701 Ebn

1709 3744 1949 3798 Soliman
1989 3742 2079 3795 ubi
2114 3741 2373 3795 Emissam
2398 3741 2732 3808 pervenisset
2751 3738 3011 3805 Alnajemi
3035 3734 3263 3789 Karma-

1720 3833 1847 3886 tiani
1874 3832 2060 3900 copias
2088 3830 2247 3896 fudit,
2280 3830 2455 3898 captis
2481 3845 2512 3884 e
2538 3828 2828 3883 comitibus
2859 3826 3028 3895 ipsius
3061 3824 3268 3892 septin-

1706 3922 1916 3990 gentis;
1965 3917 2348 3973 Karmatianns
2393 3930 2520 3971 vero
2564 3915 2819 3987 fugiens,
2863 3916 2983 3968 loco
3016 3916 3077 3967 Al
3116 3912 3265 3968 Dalia

1702 4010 1967 4080 appellato
1997 4016 2368 4078 repertus‘est,
2388 4022 2547 4077 quem
2575 4023 2696 4063 cum
2732 4007 3020 4061 comitibus
3059 4004 3265 4072 septin-

1703 4100 1885 4173 gentis
1914 4084 1981 4153 ad
2015 4100 2079 4151 Al
2110 4098 2417 4152 Moctaﬁum
2467 4097 2529 4151 Al
2554 4095 2795 4150 Rakkam
2846 4095 2992 4149 misit
3017 4093 3266 4147 Moham-

1700 4192 1830 4256 _med
1864 4190 1974 4243 Ebn
2009 4188 2272 4254 Solimau,
2300 4190 2387 4243 cui
2433 4188 2741 4257 Bagdadum
2775 4187 3033 4266 perducto
3062 4184 3260 4239 collum

1714 4295 1878 4349 super
1908 4280 2144 4355 tabulato
2191 4280 2430 4348 praecidit
2502 4278 2566 4332 Al
2623 4276 2924 4339 Lloctaﬁus,
2979 4277 3263 4343 ipsumque

2762 4366 2893 4434 quin
2945 4374 2999 4429 et
3036 4365 3260 4418 Comites

1701 4459 1872 4527 ipsius
1912 4459 2281 4528 septingentos
2304 4466 2475 4513 morte
2502 4456 2703 4521 affecit,
2730 4468 2956 4522 quorum
2985 4451 3104 4505 aliis
3125 4451 3261 4505 colla

1703 4564 1867 4617 super
1907 4548 2146 4602 tabulato
2186 4549 2453 4618 praecidit,
2495 4548 2752 4617 ipsosque
2787 4547 3035 4617 patibulo
3068 4545 3256 4606 aﬁixit;

1704 4627 2109 4713 aliosmauibus
2139 4640 2477 4708 pedibusttue
2518 4638 2818 4694 truncavit.
2870 4636 3100 4690 Profecti
3132 4643 3257 4689 sunt

1703 4730 2000 4783 Almoctaﬁi
2028 4732 2298 4785 exercitus
2338 4745 2461 4783 cum
2490 4728 2856 4783 Mohammede
2882 4726 2995 4781 Ebn
3016 4724 3251 4779 Soliman

1704 4820 2071 4883 Damascum,
2124 4821 2213 4874 ubi
2270 4820 2322 4873 in
2361 4815 2748 4893 Moliammedié
2792 4818 2945 4871 ﬁdem
2994 4831 3051 4869 se
3108 4813 3255 4866 dedit

1706 4909 1913 4965 Badrus
1952 4910 2231 4978 Aljamami
2273 4925 2378 4981 una
2408 4924 2542 4963 cunr
2573 4909 2638 4964 iis
2676 4924 2793 4977 quae
2822 4908 2921 4975 ipsi
2960 4906 3251 4960 adfuerunt

1705 5002 1878 5069 copiis
1911 5017 1925 5052 :
1960 5002 2085 5054 hinc
2118 5001 2392 5073 profectus
2417 5011 2499 5056 est
2523 4998 2861 5055 Mohammed
2888 4998 3248 5057 Palmstinam.

1704 5108 1813 5160 quo
1836 5092 1892 5144 in
1923 5091 2212 5160 Egyptum
2246 5092 2365 5146 iret.
2807 5106 2811 5109 ‘

1776 5181 1958 5235 Harun
1988 5182 2104 5239 ΕΙ).
2142 5179 2572 5235 Chamarawaibi
2627 5178 2813 5247 igitur,
2844 5176 3027 5228 audito
3069 5175 3249 5245 copias

1702 5281 1864 5339 atque
1893 5274 2165 5344 exercitus
2193 5270 2542 5342 493-495
2579 5270 2752 5343 ipsum
2779 5282 2973 5321 versus
3004 5267 3241 5328 tendere,

1702 5376 1951 5429 egressus
1981 5360 2032 5413 in
2071 5361 2244 5414 locum
2271 5362 2361 5428 qui
2391 5359 2453 5409 Al
2485 5357 2717 5410 Abhasia
2753 5356 2974 5417 dicitur,
3002 5367 3063 5407 ea
3088 5361 3244 5405 terra:

1703 5447 2035 5519 Egyptiacae
2079 5461 2227 5519 parte
2273 5463 2389 5515 quae
2429 5448 2673 5516 Alhaupb
2724 5443 2943 5517 [audit,]
2992 5443 3076 5519 ibi
3110 5458 3233 5496 cum

1700 5541 1923 5595 ducibus
1955 5542 2066 5594 suis
2110 5554 2406 5608 magnaque
2446 5539 2681 5591 virorum
2729 5534 3066 5591 multitudine
3101 5532 3237 5585 sub-

1699 5632 1854 5694 stitit,
1879 5630 2226 5685 Mohammcdi
2257 5631 2370 5684 Elin
2396 5630 2632 5683 Soliman
2657 5640 3002 5689 occursurus,
3033 5635 3088 5678 ct
3114 5638 3238 5679 cum
3304 5686 3307 5691 Γ
