  <div class='ocr_page' id='page_1' title='image "/cluster/home/n/w/nwhite01/storage/ocr_20150623/100/hvd.32044010574994/1501.png"; bbox 0 0 3962 6344; ppageno 0'>
   <div class='ocr_carea' id='block_1_1' title="bbox 647 379 777 442">
    <p class='ocr_par' dir='ltr' id='par_1_1' title="bbox 647 379 777 442">
     <span class='ocr_line' id='line_1_1' title="bbox 647 379 777 442; baseline -0.038 -1"><span class='ocrx_word' id='word_1_1' title='bbox 647 379 777 442; x_wconf 76' lang='grc'><strong>1147</strong></span> 
     </span>
    </p>
   </div>
   <div class='ocr_carea' id='block_1_2' title="bbox 1623 373 2822 437">
    <p class='ocr_par' dir='ltr' id='par_1_2' title="bbox 1623 373 2822 437">
     <span class='ocr_line' id='line_1_2' title="bbox 1623 373 2822 437; baseline -0.002 0"><span class='ocrx_word' id='word_1_2' title='bbox 1623 376 1990 437; x_wconf 77' lang='lat' dir='ltr'><strong>EUTYCHII</strong></span> <span class='ocrx_word' id='word_1_3' title='bbox 2036 373 2565 435; x_wconf 79' lang='lat' dir='ltr'><strong>ALEXANDRINI</strong></span> <span class='ocrx_word' id='word_1_4' title='bbox 2606 375 2822 435; x_wconf 79' lang='lat' dir='ltr'><strong>PATR.</strong></span> 
     </span>
    </p>
   </div>
   <div class='ocr_carea' id='block_1_3' title="bbox 3693 386 3783 451">
    <p class='ocr_par' dir='ltr' id='par_1_3' title="bbox 3693 386 3783 451">
     <span class='ocr_line' id='line_1_3' title="bbox 3693 386 3783 451; baseline 0.011 -2"><span class='ocrx_word' id='word_1_5' title='bbox 3693 386 3783 451; x_wconf 71' lang='lat' dir='ltr'><strong>illi</strong></span> 
     </span>
    </p>
   </div>
   <div class='ocr_carea' id='block_1_4' title="bbox 644 466 3782 560">
    <p class='ocr_par' dir='ltr' id='par_1_4' title="bbox 644 466 3782 560">
     <span class='ocr_line' id='line_1_4' title="bbox 644 466 3782 560; baseline 0.004 -20"><span class='ocrx_word' id='word_1_6' title='bbox 644 502 708 540; x_wconf 61' lang='lat' dir='ltr'><strong>eo</strong></span> <span class='ocrx_word' id='word_1_7' title='bbox 756 486 898 540; x_wconf 90' lang='lat' dir='ltr'><strong>bello</strong></span> <span class='ocrx_word' id='word_1_8' title='bbox 946 485 1265 540; x_wconf 89' lang='lat' dir='ltr'><strong>decreturus</strong></span> <span class='ocrx_word' id='word_1_9' title='bbox 1343 485 1521 539; x_wconf 80' lang='lat' dir='ltr'><strong>Naves</strong></span> <span class='ocrx_word' id='word_1_10' title='bbox 1582 486 1799 541; x_wconf 80' lang='lat' dir='ltr'><strong>interim</strong></span> <span class='ocrx_word' id='word_1_11' title='bbox 1856 466 2144 539; x_wconf 78' lang='lat' dir='ltr'><strong>Almoctafi</strong></span> <span class='ocrx_word' id='word_1_12' title='bbox 2176 522 2191 543; x_wconf 88' lang='lat'><strong>.</strong></span> <span class='ocrx_word' id='word_1_13' title='bbox 2223 480 2528 542; x_wconf 72' lang='lat' dir='ltr'><strong>APbateco</strong></span> <span class='ocrx_word' id='word_1_14' title='bbox 2560 484 2734 552; x_wconf 81' lang='lat' dir='ltr'><strong>ipsius</strong></span> <span class='ocrx_word' id='word_1_15' title='bbox 2781 486 2995 550; x_wconf 86' lang='lat' dir='ltr'><strong>liberto.</strong></span> <span class='ocrx_word' id='word_1_16' title='bbox 3028 486 3335 560; x_wconf 83' lang='lat' dir='ltr'><strong>ducumque</strong></span> <span class='ocrx_word' id='word_1_17' title='bbox 3383 498 3568 555; x_wconf 71' lang='lat' dir='ltr'><strong>cmtu,</strong></span> <span class='ocrx_word' id='word_1_18' title='bbox 3621 494 3782 552; x_wconf 71' lang='lat' dir='ltr'><strong>obtian</strong></span> 
     </span>
    </p>
   </div>
   <div class='ocr_carea' id='block_1_5' title="bbox 647 574 2197 643">
    <p class='ocr_par' dir='ltr' id='par_1_5' title="bbox 647 574 2197 643">
     <span class='ocr_line' id='line_1_5' title="bbox 647 574 2197 643; baseline 0.001 -17"><span class='ocrx_word' id='word_1_19' title='bbox 647 574 786 627; x_wconf 70' lang='lat' dir='ltr'><strong>llr-x0</strong></span> <span class='ocrx_word' id='word_1_20' title='bbox 824 574 876 628; x_wconf 93' lang='lat' dir='ltr'><strong>in</strong></span> <span class='ocrx_word' id='word_1_21' title='bbox 913 574 1049 628; x_wconf 87' lang='lat' dir='ltr'><strong>mari</strong></span> <span class='ocrx_word' id='word_1_22' title='bbox 1085 590 1246 628; x_wconf 82' lang='lat' dir='ltr'><strong>cursu</strong></span> <span class='ocrx_word' id='word_1_23' title='bbox 1273 614 1289 637; x_wconf 90' lang='lat'><strong>,</strong></span> <span class='ocrx_word' id='word_1_24' title='bbox 1332 576 1407 629; x_wconf 81' lang='lat' dir='ltr'><strong>ex</strong></span> <span class='ocrx_word' id='word_1_25' title='bbox 1477 584 1628 643; x_wconf 81' lang='lat' dir='ltr'><strong>parte</strong></span> <span class='ocrx_word' id='word_1_26' title='bbox 1672 574 1895 629; x_wconf 72' lang='grc' dir='ltr'><strong>Τοιιηίδί</strong></span> <span class='ocrx_word' id='word_1_27' title='bbox 1964 575 2197 628; x_wconf 87' lang='lat' dir='ltr'><strong>ditiones</strong></span> 
     </span>
    </p>
   </div>
   <div class='ocr_carea' id='block_1_6' title="bbox 645 664 2194 736">
    <p class='ocr_par' dir='ltr' id='par_1_6' title="bbox 645 664 2194 736">
     <span class='ocr_line' id='line_1_6' title="bbox 645 664 2194 736; baseline 0 -17"><span class='ocrx_word' id='word_1_28' title='bbox 645 664 863 736; x_wconf 73' lang='lat' dir='ltr'><strong>£gypti</strong></span> <span class='ocrx_word' id='word_1_29' title='bbox 894 665 1125 734; x_wconf 80' lang='lat' dir='ltr'><strong>ejusque</strong></span> <span class='ocrx_word' id='word_1_30' title='bbox 1145 665 1303 719; x_wconf 87' lang='lat' dir='ltr'><strong>villas</strong></span> <span class='ocrx_word' id='word_1_31' title='bbox 1328 666 1584 734; x_wconf 60' lang='lat' dir='ltr'><strong>ingressae</strong></span> <span class='ocrx_word' id='word_1_32' title='bbox 1607 674 1757 719; x_wconf 85' lang='lat' dir='ltr'><strong>sunt.</strong></span> <span class='ocrx_word' id='word_1_33' title='bbox 1798 665 2033 718; x_wconf 72' lang='lat' dir='ltr'><strong>Navibus</strong></span> <span class='ocrx_word' id='word_1_34' title='bbox 2057 680 2194 732; x_wconf 70' lang='lat' dir='ltr'><strong>pra-</strong></span> 
     </span>
    </p>
   </div>
   <div class='ocr_carea' id='block_1_7' title="bbox 643 753 2195 826">
    <p class='ocr_par' dir='ltr' id='par_1_7' title="bbox 643 753 2195 826">
     <span class='ocr_line' id='line_1_7' title="bbox 643 753 2195 826; baseline 0.002 -20"><span class='ocrx_word' id='word_1_35' title='bbox 643 756 816 810; x_wconf 82' lang='lat' dir='ltr'><strong>iectus</strong></span> <span class='ocrx_word' id='word_1_36' title='bbox 845 753 947 807; x_wconf 92' lang='lat' dir='ltr'><strong>fuit</strong></span> <span class='ocrx_word' id='word_1_37' title='bbox 971 753 1265 810; x_wconf 87' lang='lat' dir='ltr'><strong>Damianus</strong></span> <span class='ocrx_word' id='word_1_38' title='bbox 1294 754 1535 816; x_wconf 66' lang='lat' dir='ltr'><strong>Graecus.</strong></span> <span class='ocrx_word' id='word_1_39' title='bbox 1566 755 1793 809; x_wconf 83' lang='lat' dir='ltr'><strong>Profecti</strong></span> <span class='ocrx_word' id='word_1_40' title='bbox 1820 771 1949 824; x_wconf 76' lang='lat' dir='ltr'><strong>ergo</strong></span> <span class='ocrx_word' id='word_1_41' title='bbox 1976 756 2195 826; x_wconf 86' lang='lat' dir='ltr'><strong>quidam</strong></span> 
     </span>
    </p>
   </div>
   <div class='ocr_carea' id='block_1_8' title="bbox 644 842 2199 919">
    <p class='ocr_par' dir='ltr' id='par_1_8' title="bbox 644 842 2199 919">
     <span class='ocr_line' id='line_1_8' title="bbox 644 842 2199 919; baseline 0.004 -24"><span class='ocrx_word' id='word_1_42' title='bbox 644 860 675 895; x_wconf 70' lang='grc' dir='ltr'><strong>ο</strong></span> <span class='ocrx_word' id='word_1_43' title='bbox 706 844 937 898; x_wconf 87' lang='lat' dir='ltr'><strong>ducibus</strong></span> <span class='ocrx_word' id='word_1_44' title='bbox 955 842 1210 909; x_wconf 83' lang='lat' dir='ltr'><strong>Harunis,</strong></span> <span class='ocrx_word' id='word_1_45' title='bbox 1239 846 1496 900; x_wconf 80' lang='lat' dir='ltr'><strong>Damiano</strong></span> <span class='ocrx_word' id='word_1_46' title='bbox 1530 849 1580 899; x_wconf 91' lang='lat' dir='ltr'><strong>in</strong></span> <span class='ocrx_word' id='word_1_47' title='bbox 1614 847 1733 919; x_wconf 88' lang='lat' dir='ltr'><strong>vico</strong></span> <span class='ocrx_word' id='word_1_48' title='bbox 1758 845 2019 900; x_wconf 81' lang='lat' dir='ltr'><strong>Tanubab</strong></span> <span class='ocrx_word' id='word_1_49' title='bbox 2052 847 2199 901; x_wconf 83' lang='lat' dir='ltr'><strong>dicto</strong></span> 
     </span>
    </p>
   </div>
   <div class='ocr_carea' id='block_1_9' title="bbox 644 933 2198 1007">
    <p class='ocr_par' dir='ltr' id='par_1_9' title="bbox 644 933 2198 1007">
     <span class='ocr_line' id='line_1_9' title="bbox 644 933 2198 1007; baseline 0.005 -21"><span class='ocrx_word' id='word_1_50' title='bbox 644 937 1166 1003; x_wconf 68' lang='lat' dir='ltr'><strong>Occurrerunt.,ubi</strong></span> <span class='ocrx_word' id='word_1_51' title='bbox 1198 933 1607 999; x_wconf 77' lang='lat' dir='ltr'><strong>concurrentes,</strong></span> <span class='ocrx_word' id='word_1_52' title='bbox 1632 953 1754 991; x_wconf 93' lang='lat' dir='ltr'><strong>cum</strong></span> <span class='ocrx_word' id='word_1_53' title='bbox 1786 952 1965 1007; x_wconf 72' lang='lat' dir='ltr'><strong>pugna</strong></span> <span class='ocrx_word' id='word_1_54' title='bbox 1994 944 2198 993; x_wconf 82' lang='lat' dir='ltr'><strong>certas-</strong></span> 
     </span>
    </p>
   </div>
   <div class='ocr_carea' id='block_1_10' title="bbox 647 1025 2199 1093">
    <p class='ocr_par' dir='ltr' id='par_1_10' title="bbox 647 1025 2199 1093">
     <span class='ocr_line' id='line_1_10' title="bbox 647 1025 2199 1093; baseline 0.003 -16"><span class='ocrx_word' id='word_1_55' title='bbox 647 1031 791 1083; x_wconf 83' lang='lat' dir='ltr'><strong>sent.</strong></span> <span class='ocrx_word' id='word_1_56' title='bbox 844 1032 991 1093; x_wconf 73' lang='lat' dir='ltr'><strong>terga</strong></span> <span class='ocrx_word' id='word_1_57' title='bbox 1035 1025 1300 1079; x_wconf 84' lang='lat' dir='ltr'><strong>dederunt</strong></span> <span class='ocrx_word' id='word_1_58' title='bbox 1329 1028 1491 1081; x_wconf 86' lang='lat' dir='ltr'><strong>duces</strong></span> <span class='ocrx_word' id='word_1_59' title='bbox 1522 1027 1780 1081; x_wconf 86' lang='lat' dir='ltr'><strong>llarunis.</strong></span> <span class='ocrx_word' id='word_1_60' title='bbox 1809 1026 2013 1081; x_wconf 81' lang='lat' dir='ltr'><strong>Sitiban</strong></span> <span class='ocrx_word' id='word_1_61' title='bbox 2035 1028 2199 1081; x_wconf 87' lang='lat' dir='ltr'><strong>etiam</strong></span> 
     </span>
    </p>
   </div>
   <div class='ocr_carea' id='block_1_11' title="bbox 646 1111 2206 1181">
    <p class='ocr_par' dir='ltr' id='par_1_11' title="bbox 646 1111 2206 1181">
     <span class='ocr_line' id='line_1_11' title="bbox 646 1111 2206 1181; baseline 0.003 -16"><span class='ocrx_word' id='word_1_62' title='bbox 646 1111 761 1166; x_wconf 85' lang='lat' dir='ltr'><strong>Ebn</strong></span> <span class='ocrx_word' id='word_1_63' title='bbox 790 1113 1154 1181; x_wconf 75' lang='lat' dir='ltr'><strong>Mobammed,</strong></span> <span class='ocrx_word' id='word_1_64' title='bbox 1192 1117 1304 1171; x_wconf 84' lang='lat' dir='ltr'><strong>Ebn</strong></span> <span class='ocrx_word' id='word_1_65' title='bbox 1332 1117 1527 1180; x_wconf 85' lang='lat' dir='ltr'><strong>Tolun,</strong></span> <span class='ocrx_word' id='word_1_66' title='bbox 1562 1117 1796 1171; x_wconf 79' lang='lat' dir='ltr'><strong>Harunis</strong></span> <span class='ocrx_word' id='word_1_67' title='bbox 1823 1116 1934 1171; x_wconf 81' lang='lat' dir='ltr'><strong>Ebn</strong></span> <span class='ocrx_word' id='word_1_68' title='bbox 1970 1116 2206 1170; x_wconf 79' lang='lat' dir='ltr'><strong>Chama-</strong></span> 
     </span>
    </p>
   </div>
   <div class='ocr_carea' id='block_1_12' title="bbox 644 1203 2203 1276">
    <p class='ocr_par' dir='ltr' id='par_1_12' title="bbox 644 1203 2203 1276">
     <span class='ocr_line' id='line_1_12' title="bbox 644 1203 2203 1276; baseline 0.002 -20"><span class='ocrx_word' id='word_1_69' title='bbox 644 1203 868 1256; x_wconf 76' lang='lat' dir='ltr'><strong>rawailii</strong></span> <span class='ocrx_word' id='word_1_70' title='bbox 904 1216 1152 1273; x_wconf 86' lang='lat' dir='ltr'><strong>patruus,</strong></span> <span class='ocrx_word' id='word_1_71' title='bbox 1174 1205 1443 1261; x_wconf 77' lang='lat' dir='ltr'><strong>Harunem</strong></span> <span class='ocrx_word' id='word_1_72' title='bbox 1470 1208 1693 1261; x_wconf 85' lang='lat' dir='ltr'><strong>adortus</strong></span> <span class='ocrx_word' id='word_1_73' title='bbox 1718 1208 1897 1276; x_wconf 89' lang='lat' dir='ltr'><strong>ipsum</strong></span> <span class='ocrx_word' id='word_1_74' title='bbox 1930 1206 2203 1262; x_wconf 85' lang='lat' dir='ltr'><strong>interfecit</strong></span> 
     </span>
    </p>
   </div>
   <div class='ocr_carea' id='block_1_13' title="bbox 643 1289 2201 1363">
    <p class='ocr_par' dir='ltr' id='par_1_13' title="bbox 643 1289 2201 1363">
     <span class='ocr_line' id='line_1_13' title="bbox 643 1289 2201 1363; baseline 0.003 -17"><span class='ocrx_word' id='word_1_75' title='bbox 643 1293 734 1346; x_wconf 84' lang='lat' dir='ltr'><strong>die</strong></span> <span class='ocrx_word' id='word_1_76' title='bbox 766 1294 1065 1363; x_wconf 85' lang='lat' dir='ltr'><strong>Dominico,</strong></span> <span class='ocrx_word' id='word_1_77' title='bbox 1101 1289 1300 1351; x_wconf 81' lang='lat' dir='ltr'><strong>mensis</strong></span> <span class='ocrx_word' id='word_1_78' title='bbox 1350 1297 1508 1353; x_wconf 81' lang='lat' dir='ltr'><strong>Safar</strong></span> <span class='ocrx_word' id='word_1_79' title='bbox 1551 1299 1765 1353; x_wconf 90' lang='lat' dir='ltr'><strong>decimo</strong></span> <span class='ocrx_word' id='word_1_80' title='bbox 1807 1309 2022 1363; x_wconf 83' lang='lat' dir='ltr'><strong>octavo,</strong></span> <span class='ocrx_word' id='word_1_81' title='bbox 2058 1313 2201 1351; x_wconf 83' lang='lat' dir='ltr'><strong>anno</strong></span> 
     </span>
    </p>
   </div>
   <div class='ocr_carea' id='block_1_14' title="bbox 638 1379 2197 1460">
    <p class='ocr_par' dir='ltr' id='par_1_14' title="bbox 638 1379 2197 1460">
     <span class='ocr_line' id='line_1_14' title="bbox 638 1379 2197 1460; baseline 0.005 -27"><span class='ocrx_word' id='word_1_82' title='bbox 638 1379 1018 1460; x_wconf 67' lang='lat' dir='ltr'><strong>ducEntesimo</strong></span> <span class='ocrx_word' id='word_1_83' title='bbox 1064 1385 1416 1455; x_wconf 66' lang='lat' dir='ltr'><strong>nonagesimo</strong></span> <span class='ocrx_word' id='word_1_84' title='bbox 1457 1388 1731 1451; x_wconf 89' lang='lat' dir='ltr'><strong>secundo,</strong></span> <span class='ocrx_word' id='word_1_85' title='bbox 1765 1394 1926 1457; x_wconf 82' lang='lat' dir='ltr'><strong>atque</strong></span> <span class='ocrx_word' id='word_1_86' title='bbox 1963 1389 2079 1457; x_wconf 83' lang='lat' dir='ltr'><strong>ipse</strong></span> <span class='ocrx_word' id='word_1_87' title='bbox 2128 1387 2197 1441; x_wconf 91' lang='lat' dir='ltr'><strong>ad</strong></span> 
     </span>
    </p>
   </div>
   <div class='ocr_carea' id='block_1_15' title="bbox 646 1468 2204 1546">
    <p class='ocr_par' dir='ltr' id='par_1_15' title="bbox 646 1468 2204 1546">
     <span class='ocr_line' id='line_1_15' title="bbox 646 1468 2204 1546; baseline 0.008 -24"><span class='ocrx_word' id='word_1_88' title='bbox 646 1468 774 1527; x_wconf 82' lang='lat' dir='ltr'><strong>dies.</strong></span> <span class='ocrx_word' id='word_1_89' title='bbox 796 1472 1010 1542; x_wconf 91' lang='lat' dir='ltr'><strong>aliquas</strong></span> <span class='ocrx_word' id='word_1_90' title='bbox 1040 1491 1219 1531; x_wconf 87' lang='lat' dir='ltr'><strong>rerum</strong></span> <span class='ocrx_word' id='word_1_91' title='bbox 1249 1480 1452 1546; x_wconf 90' lang='lat' dir='ltr'><strong>potitus</strong></span> <span class='ocrx_word' id='word_1_92' title='bbox 1484 1488 1587 1535; x_wconf 88' lang='lat' dir='ltr'><strong>est.</strong></span> <span class='ocrx_word' id='word_1_93' title='bbox 1612 1480 1788 1536; x_wconf 82' lang='lat' dir='ltr'><strong>Duces</strong></span> <span class='ocrx_word' id='word_1_94' title='bbox 1818 1487 1997 1536; x_wconf 89' lang='lat' dir='ltr'><strong>autem</strong></span> <span class='ocrx_word' id='word_1_95' title='bbox 2027 1479 2204 1535; x_wconf 82' lang='lat' dir='ltr'><strong>Haru-</strong></span> 
     </span>
    </p>
   </div>
   <div class='ocr_carea' id='block_1_16' title="bbox 632 1556 2203 1631">
    <p class='ocr_par' dir='ltr' id='par_1_16' title="bbox 632 1556 2203 1631">
     <span class='ocr_line' id='line_1_16' title="bbox 632 1556 2203 1631; baseline 0.009 -22"><span class='ocrx_word' id='word_1_96' title='bbox 632 1556 733 1613; x_wconf 73' lang='lat' dir='ltr'><strong>‘nis</strong></span> <span class='ocrx_word' id='word_1_97' title='bbox 775 1558 843 1613; x_wconf 88' lang='lat' dir='ltr'><strong>ad</strong></span> <span class='ocrx_word' id='word_1_98' title='bbox 876 1560 1305 1619; x_wconf 75' lang='lat' dir='ltr'><strong>Mobammedem</strong></span> <span class='ocrx_word' id='word_1_99' title='bbox 1340 1564 1453 1620; x_wconf 77' lang='lat' dir='ltr'><strong>Ebn</strong></span> <span class='ocrx_word' id='word_1_100' title='bbox 1487 1568 1725 1622; x_wconf 87' lang='lat' dir='ltr'><strong>Soliman</strong></span> <span class='ocrx_word' id='word_1_101' title='bbox 1749 1570 2069 1631; x_wconf 88' lang='lat' dir='ltr'><strong>scribentes,</strong></span> <span class='ocrx_word' id='word_1_102' title='bbox 2100 1569 2203 1622; x_wconf 84' lang='lat' dir='ltr'><strong>im-</strong></span> 
     </span>
    </p>
   </div>
   <div class='ocr_carea' id='block_1_17' title="bbox 645 1646 2199 1725">
    <p class='ocr_par' dir='ltr' id='par_1_17' title="bbox 645 1646 2199 1725">
     <span class='ocr_line' id='line_1_17' title="bbox 645 1646 2199 1725; baseline 0.006 -27"><span class='ocrx_word' id='word_1_103' title='bbox 645 1646 960 1704; x_wconf 75' lang='lat' dir='ltr'><strong>munitatem</strong></span> <span class='ocrx_word' id='word_1_104' title='bbox 997 1652 1069 1707; x_wconf 95' lang='lat' dir='ltr'><strong>ab</strong></span> <span class='ocrx_word' id='word_1_105' title='bbox 1104 1652 1223 1720; x_wconf 90' lang='lat' dir='ltr'><strong>ipso</strong></span> <span class='ocrx_word' id='word_1_106' title='bbox 1252 1652 1563 1723; x_wconf 83' lang='lat' dir='ltr'><strong>petierunt&#39;;</strong></span> <span class='ocrx_word' id='word_1_107' title='bbox 1598 1670 1705 1725; x_wconf 85' lang='lat' dir='ltr'><strong>qua</strong></span> <span class='ocrx_word' id='word_1_108' title='bbox 1734 1656 1790 1709; x_wconf 93' lang='lat' dir='ltr'><strong>in</strong></span> <span class='ocrx_word' id='word_1_109' title='bbox 1827 1671 1887 1711; x_wconf 89' lang='lat' dir='ltr'><strong>re</strong></span> <span class='ocrx_word' id='word_1_110' title='bbox 1931 1656 2063 1724; x_wconf 79' lang='lat' dir='ltr'><strong>ipsis</strong></span> <span class='ocrx_word' id='word_1_111' title='bbox 2098 1670 2199 1708; x_wconf 86' lang='lat' dir='ltr'><strong>an-</strong></span> 
     </span>
    </p>
   </div>
   <div class='ocr_carea' id='block_1_18' title="bbox 644 1736 2192 1815">
    <p class='ocr_par' dir='ltr' id='par_1_18' title="bbox 644 1736 2192 1815">
     <span class='ocr_line' id='line_1_18' title="bbox 644 1736 2192 1815; baseline 0.005 -24"><span class='ocrx_word' id='word_1_112' title='bbox 644 1736 783 1798; x_wconf 74' lang='lat' dir='ltr'><strong>nuit.</strong></span> <span class='ocrx_word' id='word_1_113' title='bbox 827 1747 991 1808; x_wconf 67' lang='lat' dir='ltr'><strong>atque</strong></span> <span class='ocrx_word' id='word_1_114' title='bbox 1032 1757 1258 1797; x_wconf 89' lang='lat' dir='ltr'><strong>securos</strong></span> <span class='ocrx_word' id='word_1_115' title='bbox 1292 1758 1411 1798; x_wconf 88' lang='lat' dir='ltr'><strong>esse</strong></span> <span class='ocrx_word' id='word_1_116' title='bbox 1452 1744 1639 1813; x_wconf 82' lang='lat' dir='ltr'><strong>jussit.</strong></span> <span class='ocrx_word' id='word_1_117' title='bbox 1673 1746 2069 1815; x_wconf 75' lang='lat' dir='ltr'><strong>ingressusque</strong></span> <span class='ocrx_word' id='word_1_118' title='bbox 2106 1753 2192 1800; x_wconf 83' lang='lat' dir='ltr'><strong>est</strong></span> 
     </span>
    </p>
   </div>
   <div class='ocr_carea' id='block_1_19' title="bbox 644 1804 2273 1906">
    <p class='ocr_par' dir='ltr' id='par_1_19' title="bbox 644 1804 2273 1906">
     <span class='ocr_line' id='line_1_19' title="bbox 644 1804 2273 1906; baseline 0.004 -26"><span class='ocrx_word' id='word_1_119' title='bbox 644 1804 981 1884; x_wconf 74' lang='lat' dir='ltr'><strong>loltammed</strong></span> <span class='ocrx_word' id='word_1_120' title='bbox 1012 1831 1129 1886; x_wconf 82' lang='lat' dir='ltr'><strong>Ebn</strong></span> <span class='ocrx_word' id='word_1_121' title='bbox 1160 1832 1414 1904; x_wconf 80' lang='lat' dir='ltr'><strong>Solyman</strong></span> <span class='ocrx_word' id='word_1_122' title='bbox 1439 1804 1996 1906; x_wconf 46' lang='lat' dir='ltr'><strong>Egyptumrnemine</strong></span> <span class='ocrx_word' id='word_1_123' title='bbox 2029 1835 2198 1904; x_wconf 66' lang='lat' dir='ltr'><strong>impe.</strong></span> <span class='ocrx_word' id='word_1_124' title='bbox 2220 1804 2273 1859; x_wconf 67' lang='grc' dir='ltr'>Β</span> 
     </span>
    </p>
   </div>
   <div class='ocr_carea' id='block_1_20' title="bbox 644 1917 2201 1991">
    <p class='ocr_par' dir='ltr' id='par_1_20' title="bbox 644 1917 2201 1991">
     <span class='ocr_line' id='line_1_20' title="bbox 644 1917 2201 1991; baseline 0.003 -20"><span class='ocrx_word' id='word_1_125' title='bbox 644 1917 826 1973; x_wconf 89' lang='lat' dir='ltr'><strong>dleute</strong></span> <span class='ocrx_word' id='word_1_126' title='bbox 858 1921 943 1975; x_wconf 90' lang='lat' dir='ltr'><strong>vel</strong></span> <span class='ocrx_word' id='word_1_127' title='bbox 994 1924 1316 1991; x_wconf 85' lang='lat' dir='ltr'><strong>repellente,</strong></span> <span class='ocrx_word' id='word_1_128' title='bbox 1355 1925 1442 1979; x_wconf 89' lang='lat' dir='ltr'><strong>die</strong></span> <span class='ocrx_word' id='word_1_129' title='bbox 1470 1924 1640 1991; x_wconf 72' lang='lat' dir='ltr'><strong>lovis,</strong></span> <span class='ocrx_word' id='word_1_130' title='bbox 1671 1924 1883 1980; x_wconf 88' lang='lat' dir='ltr'><strong>duobus</strong></span> <span class='ocrx_word' id='word_1_131' title='bbox 1916 1937 2041 1979; x_wconf 89' lang='lat' dir='ltr'><strong>ante</strong></span> <span class='ocrx_word' id='word_1_132' title='bbox 2077 1923 2201 1977; x_wconf 82' lang='lat' dir='ltr'><strong>lini-</strong></span> 
     </span>
    </p>
   </div>
   <div class='ocr_carea' id='block_1_21' title="bbox 646 2012 2203 2076">
    <p class='ocr_par' dir='ltr' id='par_1_21' title="bbox 646 2012 2203 2076">
     <span class='ocr_line' id='line_1_21' title="bbox 646 2012 2203 2076; baseline 0.003 -11"><span class='ocrx_word' id='word_1_133' title='bbox 646 2016 758 2065; x_wconf 88' lang='lat' dir='ltr'><strong>tum</strong></span> <span class='ocrx_word' id='word_1_134' title='bbox 791 2026 1031 2067; x_wconf 88' lang='lat' dir='ltr'><strong>mensem</strong></span> <span class='ocrx_word' id='word_1_135' title='bbox 1064 2012 1225 2068; x_wconf 86' lang='lat' dir='ltr'><strong>Safar</strong></span> <span class='ocrx_word' id='word_1_136' title='bbox 1258 2014 1448 2069; x_wconf 88' lang='lat' dir='ltr'><strong>diebus</strong></span> <span class='ocrx_word' id='word_1_137' title='bbox 1473 2054 1489 2076; x_wconf 89' lang='lat'><strong>.</strong></span> <span class='ocrx_word' id='word_1_138' title='bbox 1529 2028 1672 2070; x_wconf 88' lang='lat' dir='ltr'><strong>anno</strong></span> <span class='ocrx_word' id='word_1_139' title='bbox 1700 2015 2073 2071; x_wconf 90' lang='lat' dir='ltr'><strong>ducentesimo</strong></span> <span class='ocrx_word' id='word_1_140' title='bbox 2107 2032 2203 2070; x_wconf 87' lang='lat' dir='ltr'><strong>no-</strong></span> 
     </span>
    </p>
   </div>
   <div class='ocr_carea' id='block_1_22' title="bbox 645 2101 2201 2170">
    <p class='ocr_par' dir='ltr' id='par_1_22' title="bbox 645 2101 2201 2170">
     <span class='ocr_line' id='line_1_22' title="bbox 645 2101 2201 2170; baseline 0.005 -15"><span class='ocrx_word' id='word_1_141' title='bbox 645 2101 926 2169; x_wconf 77' lang='lat' dir='ltr'><strong>nagesimo</strong></span> <span class='ocrx_word' id='word_1_142' title='bbox 950 2102 1215 2158; x_wconf 88' lang='lat' dir='ltr'><strong>secundo.</strong></span> <span class='ocrx_word' id='word_1_143' title='bbox 1241 2103 1395 2170; x_wconf 82' lang='lat' dir='ltr'><strong>Quod</strong></span> <span class='ocrx_word' id='word_1_144' title='bbox 1422 2104 1668 2160; x_wconf 82' lang='lat' dir='ltr'><strong>videntes</strong></span> <span class='ocrx_word' id='word_1_145' title='bbox 1696 2105 1895 2159; x_wconf 85' lang='lat' dir='ltr'><strong>Shiban</strong></span> <span class='ocrx_word' id='word_1_146' title='bbox 1921 2116 1975 2159; x_wconf 88' lang='lat' dir='ltr'><strong>et</strong></span> <span class='ocrx_word' id='word_1_147' title='bbox 2006 2107 2201 2163; x_wconf 80' lang='lat' dir='ltr'><strong>fratres</strong></span> 
     </span>
    </p>
   </div>
   <div class='ocr_carea' id='block_1_23' title="bbox 644 2191 2199 2271">
    <p class='ocr_par' dir='ltr' id='par_1_23' title="bbox 644 2191 2199 2271">
     <span class='ocr_line' id='line_1_23' title="bbox 644 2191 2199 2271; baseline 0.006 -25"><span class='ocrx_word' id='word_1_148' title='bbox 644 2191 841 2261; x_wconf 88' lang='lat' dir='ltr'><strong>ipsius,</strong></span> <span class='ocrx_word' id='word_1_149' title='bbox 872 2204 1158 2263; x_wconf 77' lang='lat' dir='ltr'><strong>postquam</strong></span> <span class='ocrx_word' id='word_1_150' title='bbox 1190 2198 1358 2253; x_wconf 88' lang='lat' dir='ltr'><strong>aciem</strong></span> <span class='ocrx_word' id='word_1_151' title='bbox 1385 2198 1453 2252; x_wconf 86' lang='lat' dir='ltr'><strong>ad</strong></span> <span class='ocrx_word' id='word_1_152' title='bbox 1498 2213 1593 2255; x_wconf 86' lang='lat' dir='ltr'><strong>eos</strong></span> <span class='ocrx_word' id='word_1_153' title='bbox 1643 2214 1816 2270; x_wconf 76' lang='lat' dir='ltr'><strong>pugna</strong></span> <span class='ocrx_word' id='word_1_154' title='bbox 1851 2201 2199 2271; x_wconf 89' lang='lat' dir='ltr'><strong>excipiendos</strong></span> 
     </span>
    </p>
   </div>
   <div class='ocr_carea' id='block_1_24' title="bbox 645 2280 2199 2361">
    <p class='ocr_par' dir='ltr' id='par_1_24' title="bbox 645 2280 2199 2361">
     <span class='ocr_line' id='line_1_24' title="bbox 645 2280 2199 2361; baseline 0.006 -27"><span class='ocrx_word' id='word_1_155' title='bbox 645 2280 974 2361; x_wconf 79' lang='lat' dir='ltr'><strong>instruxerat</strong></span> <span class='ocrx_word' id='word_1_156' title='bbox 1003 2282 1344 2340; x_wconf 74' lang='lat' dir='ltr'><strong>lobammed</strong></span> <span class='ocrx_word' id='word_1_157' title='bbox 1378 2284 1494 2340; x_wconf 84' lang='lat' dir='ltr'><strong>Ebn</strong></span> <span class='ocrx_word' id='word_1_158' title='bbox 1528 2287 1806 2357; x_wconf 82' lang='lat' dir='ltr'><strong>Solyman,</strong></span> <span class='ocrx_word' id='word_1_159' title='bbox 1838 2288 1956 2343; x_wconf 85' lang='lat' dir='ltr'><strong>loco</strong></span> <span class='ocrx_word' id='word_1_160' title='bbox 1980 2290 2081 2359; x_wconf 71' lang='lat' dir='ltr'><strong>qui~</strong></span> <span class='ocrx_word' id='word_1_161' title='bbox 2109 2292 2199 2345; x_wconf 76' lang='lat' dir='ltr'><strong>Al-</strong></span> 
     </span>
    </p>
   </div>
   <div class='ocr_carea' id='block_1_25' title="bbox 2298 574 3785 655">
    <p class='ocr_par' dir='ltr' id='par_1_25' title="bbox 2298 574 3785 655">
     <span class='ocr_line' id='line_1_25' title="bbox 2298 574 3785 655; baseline -0.005 -7"><span class='ocrx_word' id='word_1_162' title='bbox 2298 574 2433 641; x_wconf 70' lang='grc' dir='ltr'><strong>ίρεῖι</strong></span> <span class='ocrx_word' id='word_1_163' title='bbox 2466 574 2663 643; x_wconf 75' lang='lat' dir='ltr'><strong>prodiit</strong></span> <span class='ocrx_word' id='word_1_164' title='bbox 2710 574 3049 633; x_wconf 72' lang='lat' dir='ltr'><strong>Muliammed</strong></span> <span class='ocrx_word' id='word_1_165' title='bbox 3084 580 3199 633; x_wconf 80' lang='lat' dir='ltr'><strong>Ebn</strong></span> <span class='ocrx_word' id='word_1_166' title='bbox 3242 582 3326 636; x_wconf 76' lang='lat' dir='ltr'><strong>sn</strong></span> <span class='ocrx_word' id='word_1_167' title='bbox 3380 582 3497 637; x_wconf 83' lang='lat' dir='ltr'><strong>Ebn</strong></span> <span class='ocrx_word' id='word_1_168' title='bbox 3527 584 3594 637; x_wconf 82' lang='lat' dir='ltr'><strong>Al</strong></span> <span class='ocrx_word' id='word_1_169' title='bbox 3634 585 3785 655; x_wconf 70' lang='lat' dir='ltr'><strong>Cbali],</strong></span> 
     </span>
    </p>
   </div>
   <div class='ocr_carea' id='block_1_26' title="bbox 2295 667 3788 749">
    <p class='ocr_par' dir='ltr' id='par_1_26' title="bbox 2295 667 3788 749">
     <span class='ocr_line' id='line_1_26' title="bbox 2295 667 3788 749; baseline 0.009 -28"><span class='ocrx_word' id='word_1_170' title='bbox 2295 667 2420 721; x_wconf 91' lang='lat' dir='ltr'><strong>dein</strong></span> <span class='ocrx_word' id='word_1_171' title='bbox 2459 683 2582 721; x_wconf 91' lang='lat' dir='ltr'><strong>cum</strong></span> <span class='ocrx_word' id='word_1_172' title='bbox 2610 670 2903 724; x_wconf 79' lang='lat' dir='ltr'><strong>comitibus</strong></span> <span class='ocrx_word' id='word_1_173' title='bbox 2929 672 3043 727; x_wconf 86' lang='lat' dir='ltr'><strong>suis</strong></span> <span class='ocrx_word' id='word_1_174' title='bbox 3075 671 3391 729; x_wconf 76' lang='lat' dir='ltr'><strong>Phaetatum</strong></span> <span class='ocrx_word' id='word_1_175' title='bbox 3446 690 3683 733; x_wconf 80' lang='lat' dir='ltr'><strong>reversus</strong></span> <span class='ocrx_word' id='word_1_176' title='bbox 3702 690 3788 749; x_wconf 79' lang='lat' dir='ltr'><strong>est;</strong></span> 
     </span>
    </p>
   </div>
   <div class='ocr_carea' id='block_1_27' title="bbox 2294 758 3791 835">
    <p class='ocr_par' dir='ltr' id='par_1_27' title="bbox 2294 758 3791 835">
     <span class='ocr_line' id='line_1_27' title="bbox 2294 758 3791 835; baseline 0.008 -25"><span class='ocrx_word' id='word_1_177' title='bbox 2294 772 2533 825; x_wconf 89' lang='lat' dir='ltr'><strong>cumque</strong></span> <span class='ocrx_word' id='word_1_178' title='bbox 2566 758 2678 811; x_wconf 91' lang='lat' dir='ltr'><strong>acri</strong></span> <span class='ocrx_word' id='word_1_179' title='bbox 2709 760 3008 815; x_wconf 85' lang='lat' dir='ltr'><strong>certamine</strong></span> <span class='ocrx_word' id='word_1_180' title='bbox 3034 762 3399 825; x_wconf 82' lang='lat' dir='ltr'><strong>dimicassent.</strong></span> <span class='ocrx_word' id='word_1_181' title='bbox 3427 765 3480 820; x_wconf 93' lang='lat' dir='ltr'><strong>in</strong></span> <span class='ocrx_word' id='word_1_182' title='bbox 3508 764 3675 835; x_wconf 76' lang='lat' dir='ltr'><strong>fugam</strong></span> <span class='ocrx_word' id='word_1_183' title='bbox 3701 784 3791 823; x_wconf 87' lang='lat' dir='ltr'><strong>ver-</strong></span> 
     </span>
    </p>
   </div>
   <div class='ocr_carea' id='block_1_28' title="bbox 2297 848 3795 913">
    <p class='ocr_par' dir='ltr' id='par_1_28' title="bbox 2297 848 3795 913">
     <span class='ocr_line' id='line_1_28' title="bbox 2297 848 3795 913; baseline 0.009 -14"><span class='ocrx_word' id='word_1_184' title='bbox 2297 861 2393 901; x_wconf 88' lang='lat' dir='ltr'><strong>sus</strong></span> <span class='ocrx_word' id='word_1_185' title='bbox 2428 848 2764 902; x_wconf 71' lang='lat' dir='ltr'><strong>lobammed</strong></span> <span class='ocrx_word' id='word_1_186' title='bbox 2796 849 2908 903; x_wconf 85' lang='lat' dir='ltr'><strong>Ebn</strong></span> <span class='ocrx_word' id='word_1_187' title='bbox 2941 852 3022 905; x_wconf 79' lang='lat' dir='ltr'><strong>Ali</strong></span> <span class='ocrx_word' id='word_1_188' title='bbox 3069 851 3381 909; x_wconf 86' lang='lat' dir='ltr'><strong>Pbostatum</strong></span> <span class='ocrx_word' id='word_1_189' title='bbox 3431 858 3795 913; x_wconf 67' lang='lat' dir='ltr'><strong>reversu&#39;slateo</strong></span> 
     </span>
    </p>
   </div>
   <div class='ocr_carea' id='block_1_29' title="bbox 2296 938 3794 1020">
    <p class='ocr_par' dir='ltr' id='par_1_29' title="bbox 2296 938 3794 1020">
     <span class='ocr_line' id='line_1_29' title="bbox 2296 938 3794 1020; baseline 0.009 -30"><span class='ocrx_word' id='word_1_190' title='bbox 2296 938 2422 991; x_wconf 86' lang='lat' dir='ltr'><strong>bras</strong></span> <span class='ocrx_word' id='word_1_191' title='bbox 2447 940 2703 1020; x_wconf 80' lang='lat' dir='ltr'><strong>captavit.</strong></span> <span class='ocrx_word' id='word_1_192' title='bbox 2742 940 2938 995; x_wconf 75' lang='lat' dir='ltr'><strong>Plratec</strong></span> <span class='ocrx_word' id='word_1_193' title='bbox 2961 957 3249 1013; x_wconf 72' lang='lat' dir='ltr'><strong>ergo,cum</strong></span> <span class='ocrx_word' id='word_1_194' title='bbox 3279 944 3344 999; x_wconf 88' lang='lat' dir='ltr'><strong>iis</strong></span> <span class='ocrx_word' id='word_1_195' title='bbox 3366 946 3457 1016; x_wconf 88' lang='lat' dir='ltr'><strong>qui</strong></span> <span class='ocrx_word' id='word_1_196' title='bbox 3486 947 3589 1014; x_wconf 90' lang='lat' dir='ltr'><strong>ipsi</strong></span> <span class='ocrx_word' id='word_1_197' title='bbox 3616 947 3794 1003; x_wconf 81' lang='lat' dir='ltr'><strong>aderant</strong></span> 
     </span>
    </p>
   </div>
   <div class='ocr_carea' id='block_1_30' title="bbox 2299 1030 3797 1104">
    <p class='ocr_par' dir='ltr' id='par_1_30' title="bbox 2299 1030 3797 1104">
     <span class='ocr_line' id='line_1_30' title="bbox 2299 1030 3797 1104; baseline 0.007 -24"><span class='ocrx_word' id='word_1_198' title='bbox 2299 1030 2595 1098; x_wconf 66' lang='lat' dir='ltr'><strong>praefectis.</strong></span> <span class='ocrx_word' id='word_1_199' title='bbox 2630 1030 2953 1087; x_wconf 77' lang='lat' dir='ltr'><strong>Pliostatum</strong></span> <span class='ocrx_word' id='word_1_200' title='bbox 2992 1035 3266 1104; x_wconf 72' lang='lat' dir='ltr'><strong>ingressus</strong></span> <span class='ocrx_word' id='word_1_201' title='bbox 3294 1048 3394 1091; x_wconf 88' lang='lat' dir='ltr'><strong>est.</strong></span> <span class='ocrx_word' id='word_1_202' title='bbox 3426 1038 3691 1093; x_wconf 81' lang='lat' dir='ltr'><strong>Accedens</strong></span> <span class='ocrx_word' id='word_1_203' title='bbox 3724 1054 3797 1092; x_wconf 85' lang='lat' dir='ltr'><strong>au-</strong></span> 
     </span>
    </p>
   </div>
   <div class='ocr_carea' id='block_1_31' title="bbox 2301 1120 3801 1196">
    <p class='ocr_par' dir='ltr' id='par_1_31' title="bbox 2301 1120 3801 1196">
     <span class='ocr_line' id='line_1_31' title="bbox 2301 1120 3801 1196; baseline 0.004 -22"><span class='ocrx_word' id='word_1_204' title='bbox 2301 1128 2405 1174; x_wconf 86' lang='lat' dir='ltr'><strong>tem</strong></span> <span class='ocrx_word' id='word_1_205' title='bbox 2440 1120 2523 1172; x_wconf 87' lang='lat' dir='ltr'><strong>vir</strong></span> <span class='ocrx_word' id='word_1_206' title='bbox 2549 1122 2689 1186; x_wconf 86' lang='lat' dir='ltr'><strong>apud</strong></span> <span class='ocrx_word' id='word_1_207' title='bbox 2723 1138 2884 1188; x_wconf 88' lang='lat' dir='ltr'><strong>quem</strong></span> <span class='ocrx_word' id='word_1_208' title='bbox 2922 1124 3132 1177; x_wconf 76' lang='lat' dir='ltr'><strong>delituit</strong></span> <span class='ocrx_word' id='word_1_209' title='bbox 3172 1124 3508 1183; x_wconf 76' lang='lat' dir='ltr'><strong>Mohammed</strong></span> <span class='ocrx_word' id='word_1_210' title='bbox 3556 1130 3616 1182; x_wconf 71' lang='lat' dir='ltr'><strong>Al</strong></span> <span class='ocrx_word' id='word_1_211' title='bbox 3644 1128 3801 1196; x_wconf 82' lang='lat' dir='ltr'><strong>Chalij,</strong></span> 
     </span>
    </p>
   </div>
   <div class='ocr_carea' id='block_1_32' title="bbox 2301 1209 3800 1285">
    <p class='ocr_par' dir='ltr' id='par_1_32' title="bbox 2301 1209 3800 1285">
     <span class='ocr_line' id='line_1_32' title="bbox 2301 1209 3800 1285; baseline 0.003 -20"><span class='ocrx_word' id='word_1_212' title='bbox 2301 1211 2400 1265; x_wconf 67' lang='lat' dir='ltr'><strong>Isne</strong></span> <span class='ocrx_word' id='word_1_213' title='bbox 2427 1209 2755 1265; x_wconf 79' lang='lat' dir='ltr'><strong>Nusberensi</strong></span> <span class='ocrx_word' id='word_1_214' title='bbox 2806 1212 3066 1267; x_wconf 79' lang='lat' dir='ltr'><strong>indicavit</strong></span> <span class='ocrx_word' id='word_1_215' title='bbox 3098 1215 3248 1269; x_wconf 92' lang='lat' dir='ltr'><strong>illum</strong></span> <span class='ocrx_word' id='word_1_216' title='bbox 3282 1218 3419 1285; x_wconf 87' lang='lat' dir='ltr'><strong>apud</strong></span> <span class='ocrx_word' id='word_1_217' title='bbox 3454 1233 3514 1272; x_wconf 88' lang='lat' dir='ltr'><strong>se</strong></span> <span class='ocrx_word' id='word_1_218' title='bbox 3551 1234 3681 1273; x_wconf 89' lang='lat' dir='ltr'><strong>esse.</strong></span> <span class='ocrx_word' id='word_1_219' title='bbox 3724 1217 3800 1285; x_wconf 91' lang='lat' dir='ltr'><strong>Qui</strong></span> 
     </span>
    </p>
   </div>
   <div class='ocr_carea' id='block_1_33' title="bbox 2306 1301 3803 1375">
    <p class='ocr_par' dir='ltr' id='par_1_33' title="bbox 2306 1301 3803 1375">
     <span class='ocr_line' id='line_1_33' title="bbox 2306 1301 3803 1375; baseline 0.005 -22"><span class='ocrx_word' id='word_1_220' title='bbox 2306 1315 2435 1368; x_wconf 77' lang='lat' dir='ltr'><strong>ergo</strong></span> <span class='ocrx_word' id='word_1_221' title='bbox 2464 1301 2709 1365; x_wconf 86' lang='lat' dir='ltr'><strong>mittens,</strong></span> <span class='ocrx_word' id='word_1_222' title='bbox 2740 1303 2912 1369; x_wconf 85' lang='lat' dir='ltr'><strong>ipsum</strong></span> <span class='ocrx_word' id='word_1_223' title='bbox 2943 1305 3245 1374; x_wconf 87' lang='lat' dir='ltr'><strong>prehendit,</strong></span> <span class='ocrx_word' id='word_1_224' title='bbox 3278 1306 3436 1373; x_wconf 89' lang='lat' dir='ltr'><strong>idque</strong></span> <span class='ocrx_word' id='word_1_225' title='bbox 3464 1322 3643 1361; x_wconf 88' lang='lat' dir='ltr'><strong>mense</strong></span> <span class='ocrx_word' id='word_1_226' title='bbox 3664 1304 3803 1375; x_wconf 76' lang='lat' dir='ltr'><strong>Rajeb</strong></span> 
     </span>
    </p>
   </div>
   <div class='ocr_carea' id='block_1_34' title="bbox 2298 1394 3805 1466">
    <p class='ocr_par' dir='ltr' id='par_1_34' title="bbox 2298 1394 3805 1466">
     <span class='ocr_line' id='line_1_34' title="bbox 2298 1394 3805 1466; baseline 0.004 -21"><span class='ocrx_word' id='word_1_227' title='bbox 2298 1406 2443 1445; x_wconf 85' lang='lat' dir='ltr'><strong>anno</strong></span> <span class='ocrx_word' id='word_1_228' title='bbox 2471 1394 2842 1447; x_wconf 85' lang='lat' dir='ltr'><strong>ducentesimo</strong></span> <span class='ocrx_word' id='word_1_229' title='bbox 2873 1396 3219 1465; x_wconf 75' lang='lat' dir='ltr'><strong>nonagesimo</strong></span> <span class='ocrx_word' id='word_1_230' title='bbox 3260 1398 3439 1461; x_wconf 88' lang='lat' dir='ltr'><strong>tertio,</strong></span> <span class='ocrx_word' id='word_1_231' title='bbox 3485 1408 3689 1466; x_wconf 86' lang='lat' dir='ltr'><strong>unaque</strong></span> <span class='ocrx_word' id='word_1_232' title='bbox 3713 1412 3805 1451; x_wconf 82' lang='lat' dir='ltr'><strong>cum</strong></span> 
     </span>
    </p>
   </div>
   <div class='ocr_carea' id='block_1_35' title="bbox 2299 1470 3807 1555">
    <p class='ocr_par' dir='ltr' id='par_1_35' title="bbox 2299 1470 3807 1555">
     <span class='ocr_line' id='line_1_35' title="bbox 2299 1470 3807 1555; baseline 0.004 -20"><span class='ocrx_word' id='word_1_233' title='bbox 2299 1481 2612 1543; x_wconf 87' lang='lat' dir='ltr'><strong>comitibus.</strong></span> <span class='ocrx_word' id='word_1_234' title='bbox 2644 1481 2912 1545; x_wconf 84' lang='lat' dir='ltr'><strong>aillnibus,</strong></span> <span class='ocrx_word' id='word_1_235' title='bbox 2941 1470 3278 1555; x_wconf 87' lang='lat' dir='ltr'><strong>ducibusque</strong></span> <span class='ocrx_word' id='word_1_236' title='bbox 3305 1502 3369 1541; x_wconf 84' lang='lat' dir='ltr'><strong>ac</strong></span> <span class='ocrx_word' id='word_1_237' title='bbox 3395 1487 3595 1541; x_wconf 82' lang='lat' dir='ltr'><strong>scribis</strong></span> <span class='ocrx_word' id='word_1_238' title='bbox 3619 1489 3744 1549; x_wconf 87' lang='lat' dir='ltr'><strong>suis.</strong></span> <span class='ocrx_word' id='word_1_239' title='bbox 3768 1496 3807 1541; x_wconf 84' lang='lat' dir='ltr'><strong>et</strong></span> 
     </span>
    </p>
   </div>
   <div class='ocr_carea' id='block_1_36' title="bbox 2297 1569 3809 1638">
    <p class='ocr_par' dir='ltr' id='par_1_36' title="bbox 2297 1569 3809 1638">
     <span class='ocr_line' id='line_1_36' title="bbox 2297 1569 3809 1638; baseline 0.005 -17"><span class='ocrx_word' id='word_1_240' title='bbox 2297 1569 2391 1638; x_wconf 86' lang='lat' dir='ltr'><strong>qui</strong></span> <span class='ocrx_word' id='word_1_241' title='bbox 2423 1570 2525 1638; x_wconf 85' lang='lat' dir='ltr'><strong>ipsi</strong></span> <span class='ocrx_word' id='word_1_242' title='bbox 2552 1571 2809 1635; x_wconf 82' lang='lat' dir='ltr'><strong>auxilium</strong></span> <span class='ocrx_word' id='word_1_243' title='bbox 2838 1573 3111 1634; x_wconf 88' lang='lat' dir='ltr'><strong>tulerant,</strong></span> <span class='ocrx_word' id='word_1_244' title='bbox 3144 1574 3374 1628; x_wconf 81' lang='lat' dir='ltr'><strong>Eracum</strong></span> <span class='ocrx_word' id='word_1_245' title='bbox 3404 1575 3649 1629; x_wconf 81' lang='lat' dir='ltr'><strong>abduxit.</strong></span> <span class='ocrx_word' id='word_1_246' title='bbox 3679 1576 3809 1630; x_wconf 79' lang='lat' dir='ltr'><strong>Porro</strong></span> 
     </span>
    </p>
   </div>
   <div class='ocr_carea' id='block_1_37' title="bbox 2299 1656 3808 1717">
    <p class='ocr_par' dir='ltr' id='par_1_37' title="bbox 2299 1656 3808 1717">
     <span class='ocr_line' id='line_1_37' title="bbox 2299 1656 3808 1717; baseline 0.004 -5"><span class='ocrx_word' id='word_1_247' title='bbox 2299 1659 2435 1712; x_wconf 91' lang='lat' dir='ltr'><strong>obiit</strong></span> <span class='ocrx_word' id='word_1_248' title='bbox 2461 1659 2523 1711; x_wconf 83' lang='lat' dir='ltr'><strong>Al</strong></span> <span class='ocrx_word' id='word_1_249' title='bbox 2544 1656 2756 1713; x_wconf 72' lang='lat' dir='ltr'><strong>Muclali</strong></span> <span class='ocrx_word' id='word_1_250' title='bbox 2782 1659 2868 1712; x_wconf 81' lang='lat' dir='ltr'><strong>die</strong></span> <span class='ocrx_word' id='word_1_251' title='bbox 2900 1658 3177 1715; x_wconf 88' lang='lat' dir='ltr'><strong>Dominico</strong></span> <span class='ocrx_word' id='word_1_252' title='bbox 3205 1662 3403 1717; x_wconf 88' lang='lat' dir='ltr'><strong>mensis</strong></span> <span class='ocrx_word' id='word_1_253' title='bbox 3433 1663 3511 1715; x_wconf 87' lang='lat' dir='ltr'><strong>Dii</strong></span> <span class='ocrx_word' id='word_1_254' title='bbox 3538 1662 3721 1717; x_wconf 70' lang='lat' dir='ltr'><strong>Kaade</strong></span> <span class='ocrx_word' id='word_1_255' title='bbox 3744 1664 3808 1717; x_wconf 68' lang='lat' dir='ltr'><strong>de</strong></span> 
     </span>
    </p>
   </div>
   <div class='ocr_carea' id='block_1_38' title="bbox 2302 1749 3810 1823">
    <p class='ocr_par' dir='ltr' id='par_1_38' title="bbox 2302 1749 3810 1823">
     <span class='ocr_line' id='line_1_38' title="bbox 2302 1749 3810 1823; baseline 0.003 -20"><span class='ocrx_word' id='word_1_256' title='bbox 2302 1749 2444 1803; x_wconf 90' lang='lat' dir='ltr'><strong>cimo</strong></span> <span class='ocrx_word' id='word_1_257' title='bbox 2479 1749 2660 1811; x_wconf 82' lang='lat' dir='ltr'><strong>tertio.</strong></span> <span class='ocrx_word' id='word_1_258' title='bbox 2687 1762 2831 1803; x_wconf 88' lang='lat' dir='ltr'><strong>anno</strong></span> <span class='ocrx_word' id='word_1_259' title='bbox 2861 1750 3231 1805; x_wconf 82' lang='lat' dir='ltr'><strong>ducentesimo</strong></span> <span class='ocrx_word' id='word_1_260' title='bbox 3259 1753 3609 1818; x_wconf 72' lang='lat' dir='ltr'><strong>nonagesimo</strong></span> <span class='ocrx_word' id='word_1_261' title='bbox 3638 1755 3810 1823; x_wconf 81' lang='lat' dir='ltr'><strong>quinto.</strong></span> 
     </span>
    </p>
   </div>
   <div class='ocr_carea' id='block_1_39' title="bbox 2302 1836 3811 1910">
    <p class='ocr_par' dir='ltr' id='par_1_39' title="bbox 2302 1836 3811 1910">
     <span class='ocr_line' id='line_1_39' title="bbox 2302 1836 3811 1910; baseline 0.003 -20"><span class='ocrx_word' id='word_1_262' title='bbox 2302 1836 2424 1891; x_wconf 83' lang='lat' dir='ltr'><strong>Fuit</strong></span> <span class='ocrx_word' id='word_1_263' title='bbox 2461 1838 2751 1893; x_wconf 85' lang='lat' dir='ltr'><strong>cbalifatus</strong></span> <span class='ocrx_word' id='word_1_264' title='bbox 2783 1840 2954 1910; x_wconf 83' lang='lat' dir='ltr'><strong>ipsius</strong></span> <span class='ocrx_word' id='word_1_265' title='bbox 2984 1855 3249 1894; x_wconf 89' lang='lat' dir='ltr'><strong>annorum</strong></span> <span class='ocrx_word' id='word_1_266' title='bbox 3282 1856 3371 1896; x_wconf 87' lang='lat' dir='ltr'><strong>sex</strong></span> <span class='ocrx_word' id='word_1_267' title='bbox 3398 1880 3414 1905; x_wconf 90' lang='lat'><strong>,</strong></span> <span class='ocrx_word' id='word_1_268' title='bbox 3461 1856 3651 1895; x_wconf 89' lang='lat' dir='ltr'><strong>novem</strong></span> <span class='ocrx_word' id='word_1_269' title='bbox 3696 1857 3811 1895; x_wconf 74' lang='lat' dir='ltr'><strong>nien-</strong></span> 
     </span>
    </p>
   </div>
   <div class='ocr_carea' id='block_1_40' title="bbox 2294 1930 3812 2002">
    <p class='ocr_par' dir='ltr' id='par_1_40' title="bbox 2294 1930 3812 2002">
     <span class='ocr_line' id='line_1_40' title="bbox 2294 1930 3812 2002; baseline 0.002 -18"><span class='ocrx_word' id='word_1_270' title='bbox 2294 1931 2435 1984; x_wconf 85' lang='lat' dir='ltr'><strong>sium</strong></span> <span class='ocrx_word' id='word_1_271' title='bbox 2460 1939 2510 1984; x_wconf 90' lang='lat' dir='ltr'><strong>et</strong></span> <span class='ocrx_word' id='word_1_272' title='bbox 2540 1930 2714 1984; x_wconf 90' lang='lat' dir='ltr'><strong>bidui.</strong></span> <span class='ocrx_word' id='word_1_273' title='bbox 2754 1930 2979 1985; x_wconf 72' lang='lat' dir='ltr'><strong>Maxima</strong></span> <span class='ocrx_word' id='word_1_274' title='bbox 3028 1932 3170 2000; x_wconf 86' lang='lat' dir='ltr'><strong>apud</strong></span> <span class='ocrx_word' id='word_1_275' title='bbox 3216 1933 3388 2002; x_wconf 87' lang='lat' dir='ltr'><strong>ipsum</strong></span> <span class='ocrx_word' id='word_1_276' title='bbox 3426 1934 3479 1987; x_wconf 91' lang='lat' dir='ltr'><strong>in</strong></span> <span class='ocrx_word' id='word_1_277' title='bbox 3524 1934 3689 2000; x_wconf 73' lang='lat' dir='ltr'><strong>gratia</strong></span> <span class='ocrx_word' id='word_1_278' title='bbox 3727 1933 3812 1987; x_wconf 74' lang='lat' dir='ltr'><strong>lite-</strong></span> 
     </span>
    </p>
   </div>
   <div class='ocr_carea' id='block_1_41' title="bbox 2293 2022 3812 2091">
    <p class='ocr_par' dir='ltr' id='par_1_41' title="bbox 2293 2022 3812 2091">
     <span class='ocr_line' id='line_1_41' title="bbox 2293 2022 3812 2091; baseline 0.003 -17"><span class='ocrx_word' id='word_1_279' title='bbox 2293 2030 2441 2082; x_wconf 86' lang='lat' dir='ltr'><strong>runt.</strong></span> <span class='ocrx_word' id='word_1_280' title='bbox 2479 2038 2672 2090; x_wconf 81' lang='lat' dir='ltr'><strong>resque</strong></span> <span class='ocrx_word' id='word_1_281' title='bbox 2701 2022 2819 2091; x_wconf 85' lang='lat' dir='ltr'><strong>ejus</strong></span> <span class='ocrx_word' id='word_1_282' title='bbox 2844 2024 3135 2086; x_wconf 87' lang='lat' dir='ltr'><strong>curabant,</strong></span> <span class='ocrx_word' id='word_1_283' title='bbox 3158 2024 3218 2076; x_wconf 78' lang='lat' dir='ltr'><strong>Al</strong></span> <span class='ocrx_word' id='word_1_284' title='bbox 3244 2024 3427 2077; x_wconf 84' lang='lat' dir='ltr'><strong>Abbas</strong></span> <span class='ocrx_word' id='word_1_285' title='bbox 3453 2025 3625 2079; x_wconf 83' lang='lat' dir='ltr'><strong>Ebnol</strong></span> <span class='ocrx_word' id='word_1_286' title='bbox 3651 2023 3812 2079; x_wconf 84' lang='lat' dir='ltr'><strong>llasais</strong></span> 
     </span>
    </p>
   </div>
   <div class='ocr_carea' id='block_1_42' title="bbox 2294 2112 3473 2183">
    <p class='ocr_par' dir='ltr' id='par_1_42' title="bbox 2294 2112 3473 2183">
     <span class='ocr_line' id='line_1_42' title="bbox 2294 2112 3473 2183; baseline 0.001 -16"><span class='ocrx_word' id='word_1_287' title='bbox 2294 2112 2668 2175; x_wconf 85' lang='lat' dir='ltr'><strong>consiliarius,</strong></span> <span class='ocrx_word' id='word_1_288' title='bbox 2706 2122 2761 2167; x_wconf 88' lang='lat' dir='ltr'><strong>et</strong></span> <span class='ocrx_word' id='word_1_289' title='bbox 2790 2112 2991 2167; x_wconf 80' lang='lat' dir='ltr'><strong>Pbatcc</strong></span> <span class='ocrx_word' id='word_1_290' title='bbox 3028 2115 3249 2169; x_wconf 85' lang='lat' dir='ltr'><strong>libertus</strong></span> <span class='ocrx_word' id='word_1_291' title='bbox 3283 2114 3473 2183; x_wconf 90' lang='lat' dir='ltr'><strong>ipsius.</strong></span> 
     </span>
    </p>
   </div>
   <div class='ocr_carea' id='block_1_43' title="bbox 2499 2202 3635 2277">
    <p class='ocr_par' dir='ltr' id='par_1_43' title="bbox 2499 2202 3635 2277">
     <span class='ocr_line' id='line_1_43' title="bbox 2499 2202 3635 2277; baseline 0.001 -21"><span class='ocrx_word' id='word_1_292' title='bbox 2499 2202 2659 2271; x_wconf 76' lang='lat'><strong>500</strong></span> <span class='ocrx_word' id='word_1_293' title='bbox 2695 2202 2988 2272; x_wconf 72' lang='lat' dir='ltr'><strong>Chalifatus</strong></span> <span class='ocrx_word' id='word_1_294' title='bbox 3024 2203 3387 2277; x_wconf 66' lang='lat' dir='ltr'><strong>AlMoktqleri</strong></span> <span class='ocrx_word' id='word_1_295' title='bbox 3427 2203 3635 2259; x_wconf 76' lang='lat' dir='ltr'><strong>billeln&#39;.</strong></span> 
     </span>
    </p>
   </div>
   <div class='ocr_carea' id='block_1_44' title="bbox 2364 2290 3816 2360">
    <p class='ocr_par' dir='ltr' id='par_1_44' title="bbox 2364 2290 3816 2360">
     <span class='ocr_line' id='line_1_44' title="bbox 2364 2290 3816 2360; baseline 0.003 -17"><span class='ocrx_word' id='word_1_296' title='bbox 2364 2290 2722 2360; x_wconf 68' lang='lat' dir='ltr'><strong>luauguratus</strong></span> <span class='ocrx_word' id='word_1_297' title='bbox 2773 2302 2854 2344; x_wconf 87' lang='lat' dir='ltr'><strong>est</strong></span> <span class='ocrx_word' id='word_1_298' title='bbox 2894 2290 3238 2357; x_wconf 72' lang='lat' dir='ltr'><strong>Albloktader</strong></span> <span class='ocrx_word' id='word_1_299' title='bbox 3276 2292 3458 2346; x_wconf 86' lang='lat' dir='ltr'><strong>billabi</strong></span> <span class='ocrx_word' id='word_1_300' title='bbox 3512 2291 3684 2345; x_wconf 82' lang='lat' dir='ltr'><strong>laafar</strong></span> <span class='ocrx_word' id='word_1_301' title='bbox 3726 2292 3816 2347; x_wconf 74' lang='lat' dir='ltr'><strong>Ehe</strong></span> 
     </span>
    </p>
   </div>
   <div class='ocr_carea' id='block_1_45' title="bbox 643 2368 3817 2450">
    <p class='ocr_par' dir='ltr' id='par_1_45' title="bbox 643 2368 3817 2450">
     <span class='ocr_line' id='line_1_45' title="bbox 643 2368 3817 2450; baseline 0.003 -26"><span class='ocrx_word' id='word_1_302' title='bbox 643 2368 815 2442; x_wconf 76' lang='lat' dir='ltr'><strong>Riyab</strong></span> <span class='ocrx_word' id='word_1_303' title='bbox 843 2372 1062 2434; x_wconf 89' lang='lat' dir='ltr'><strong>dicitur.</strong></span> <span class='ocrx_word' id='word_1_304' title='bbox 1087 2374 1243 2443; x_wconf 85' lang='lat' dir='ltr'><strong>juxta</strong></span> <span class='ocrx_word' id='word_1_305' title='bbox 1276 2376 1423 2431; x_wconf 87' lang='lat' dir='ltr'><strong>urbis</strong></span> <span class='ocrx_word' id='word_1_306' title='bbox 1453 2375 1888 2447; x_wconf 79' lang='lat' dir='ltr'><strong>Mesriportam.</strong></span> <span class='ocrx_word' id='word_1_307' title='bbox 1925 2381 2198 2447; x_wconf 80' lang='lat' dir='ltr'><strong>petierunt</strong></span> <span class='ocrx_word' id='word_1_308' title='bbox 2294 2380 2497 2433; x_wconf 77' lang='lat' dir='ltr'><strong>Alimed</strong></span> <span class='ocrx_word' id='word_1_309' title='bbox 2549 2378 2859 2433; x_wconf 74' lang='lat' dir='ltr'><strong>Albiotadcd</strong></span> <span class='ocrx_word' id='word_1_310' title='bbox 2917 2380 3123 2442; x_wconf 85' lang='lat' dir='ltr'><strong>bitlabi,</strong></span> <span class='ocrx_word' id='word_1_311' title='bbox 3179 2382 3363 2434; x_wconf 87' lang='lat' dir='ltr'><strong>eodem</strong></span> <span class='ocrx_word' id='word_1_312' title='bbox 3414 2381 3502 2435; x_wconf 89' lang='lat' dir='ltr'><strong>die</strong></span> <span class='ocrx_word' id='word_1_313' title='bbox 3552 2397 3663 2450; x_wconf 84' lang='lat' dir='ltr'><strong>quo</strong></span> <span class='ocrx_word' id='word_1_314' title='bbox 3715 2382 3817 2435; x_wconf 80' lang='lat' dir='ltr'><strong>obiit</strong></span> 
     </span>
    </p>
   </div>
   <div class='ocr_carea' id='block_1_46' title="bbox 646 2462 3817 2541">
    <p class='ocr_par' dir='ltr' id='par_1_46' title="bbox 646 2462 3817 2541">
     <span class='ocr_line' id='line_1_46' title="bbox 646 2462 3817 2541; baseline 0.003 -25"><span class='ocrx_word' id='word_1_315' title='bbox 646 2473 696 2517; x_wconf 87' lang='lat' dir='ltr'><strong>et</strong></span> <span class='ocrx_word' id='word_1_316' title='bbox 725 2462 829 2533; x_wconf 85' lang='lat' dir='ltr'><strong>ipsi</strong></span> <span class='ocrx_word' id='word_1_317' title='bbox 855 2464 1249 2520; x_wconf 89' lang='lat' dir='ltr'><strong>immunitatem</strong></span> <span class='ocrx_word' id='word_1_318' title='bbox 1282 2467 1384 2521; x_wconf 88' lang='lat' dir='ltr'><strong>sibi</strong></span> <span class='ocrx_word' id='word_1_319' title='bbox 1416 2478 1465 2523; x_wconf 91' lang='lat' dir='ltr'><strong>ct</strong></span> <span class='ocrx_word' id='word_1_320' title='bbox 1504 2469 2033 2541; x_wconf 66' lang='lat' dir='ltr'><strong>facultatibusm</strong></span> <span class='ocrx_word' id='word_1_321' title='bbox 2062 2472 2198 2537; x_wconf 85' lang='lat' dir='ltr'><strong>suis;</strong></span> <span class='ocrx_word' id='word_1_322' title='bbox 2301 2467 2469 2522; x_wconf 80' lang='lat' dir='ltr'><strong>frater</strong></span> <span class='ocrx_word' id='word_1_323' title='bbox 2522 2468 2694 2536; x_wconf 78' lang='lat' dir='ltr'><strong>ipsius</strong></span> <span class='ocrx_word' id='word_1_324' title='bbox 2757 2469 3058 2532; x_wconf 82' lang='lat' dir='ltr'><strong>Almoctaii,</strong></span> <span class='ocrx_word' id='word_1_325' title='bbox 3110 2471 3360 2525; x_wconf 78' lang='lat' dir='ltr'><strong>videlicet</strong></span> <span class='ocrx_word' id='word_1_326' title='bbox 3406 2470 3497 2525; x_wconf 90' lang='lat' dir='ltr'><strong>die</strong></span> <span class='ocrx_word' id='word_1_327' title='bbox 3548 2471 3817 2532; x_wconf 78' lang='lat' dir='ltr'><strong>Dominico.</strong></span> 
     </span>
    </p>
   </div>
   <div class='ocr_carea' id='block_1_47' title="bbox 646 2553 3819 2627">
    <p class='ocr_par' dir='ltr' id='par_1_47' title="bbox 646 2553 3819 2627">
     <span class='ocr_line' id='line_1_47' title="bbox 646 2553 3819 2627; baseline 0.001 -19"><span class='ocrx_word' id='word_1_328' title='bbox 646 2553 700 2608; x_wconf 90' lang='lat' dir='ltr'><strong>in</strong></span> <span class='ocrx_word' id='word_1_329' title='bbox 729 2569 836 2622; x_wconf 85' lang='lat' dir='ltr'><strong>qua</strong></span> <span class='ocrx_word' id='word_1_330' title='bbox 872 2569 993 2609; x_wconf 89' lang='lat' dir='ltr'><strong>cum</strong></span> <span class='ocrx_word' id='word_1_331' title='bbox 1024 2556 1158 2623; x_wconf 90' lang='lat' dir='ltr'><strong>ipsis</strong></span> <span class='ocrx_word' id='word_1_332' title='bbox 1189 2558 1487 2622; x_wconf 87' lang='lat' dir='ltr'><strong>annuisset,</strong></span> <span class='ocrx_word' id='word_1_333' title='bbox 1518 2560 1780 2627; x_wconf 83' lang='lat' dir='ltr'><strong>dispersae</strong></span> <span class='ocrx_word' id='word_1_334' title='bbox 1808 2570 1936 2613; x_wconf 87' lang='lat' dir='ltr'><strong>sunt</strong></span> <span class='ocrx_word' id='word_1_335' title='bbox 1962 2562 2188 2615; x_wconf 78' lang='lat' dir='ltr'><strong>Shibaui</strong></span> <span class='ocrx_word' id='word_1_336' title='bbox 2299 2558 2515 2610; x_wconf 87' lang='lat' dir='ltr'><strong>decimo</strong></span> <span class='ocrx_word' id='word_1_337' title='bbox 2546 2556 2707 2610; x_wconf 85' lang='lat' dir='ltr'><strong>tertio</strong></span> <span class='ocrx_word' id='word_1_338' title='bbox 2760 2557 2963 2611; x_wconf 87' lang='lat' dir='ltr'><strong>mensis</strong></span> <span class='ocrx_word' id='word_1_339' title='bbox 2998 2556 3256 2619; x_wconf 69' lang='lat' dir='ltr'><strong>Dilltadse,</strong></span> <span class='ocrx_word' id='word_1_340' title='bbox 3306 2572 3449 2611; x_wconf 87' lang='lat' dir='ltr'><strong>anno</strong></span> <span class='ocrx_word' id='word_1_341' title='bbox 3479 2558 3819 2612; x_wconf 86' lang='lat' dir='ltr'><strong>ducentesimo</strong></span> 
     </span>
    </p>
   </div>
   <div class='ocr_carea' id='block_1_48' title="bbox 646 2644 3819 2720">
    <p class='ocr_par' dir='ltr' id='par_1_48' title="bbox 646 2644 3819 2720">
     <span class='ocr_line' id='line_1_48' title="bbox 646 2644 3819 2720; baseline 0.002 -22"><span class='ocrx_word' id='word_1_342' title='bbox 646 2645 839 2713; x_wconf 70' lang='lat' dir='ltr'><strong>copiae.</strong></span> <span class='ocrx_word' id='word_1_343' title='bbox 866 2644 1041 2701; x_wconf 81' lang='lat' dir='ltr'><strong>Jussit</strong></span> <span class='ocrx_word' id='word_1_344' title='bbox 1070 2657 1250 2701; x_wconf 85' lang='lat' dir='ltr'><strong>autem</strong></span> <span class='ocrx_word' id='word_1_345' title='bbox 1282 2649 1617 2703; x_wconf 77' lang='lat' dir='ltr'><strong>Mobammed</strong></span> <span class='ocrx_word' id='word_1_346' title='bbox 1648 2649 1761 2703; x_wconf 78' lang='lat' dir='ltr'><strong>Ebn</strong></span> <span class='ocrx_word' id='word_1_347' title='bbox 1799 2650 2053 2720; x_wconf 83' lang='lat' dir='ltr'><strong>Sulyman</strong></span> <span class='ocrx_word' id='word_1_348' title='bbox 2084 2667 2201 2705; x_wconf 91' lang='lat' dir='ltr'><strong>om-</strong></span> <span class='ocrx_word' id='word_1_349' title='bbox 2301 2650 2654 2717; x_wconf 71' lang='lat' dir='ltr'><strong>nonagesimo</strong></span> <span class='ocrx_word' id='word_1_350' title='bbox 2679 2648 2891 2717; x_wconf 91' lang='lat' dir='ltr'><strong>quinto.</strong></span> <span class='ocrx_word' id='word_1_351' title='bbox 2946 2648 3115 2703; x_wconf 71' lang='lat' dir='ltr'><strong>Mater</strong></span> <span class='ocrx_word' id='word_1_352' title='bbox 3164 2651 3331 2719; x_wconf 89' lang='lat' dir='ltr'><strong>ipsius</strong></span> <span class='ocrx_word' id='word_1_353' title='bbox 3361 2652 3669 2703; x_wconf 74' lang='lat' dir='ltr'><strong>concubium</strong></span> <span class='ocrx_word' id='word_1_354' title='bbox 3722 2651 3819 2714; x_wconf 86' lang='lat' dir='ltr'><strong>luit,</strong></span> 
     </span>
    </p>
   </div>
   <div class='ocr_carea' id='block_1_49' title="bbox 644 2736 3822 2807">
    <p class='ocr_par' dir='ltr' id='par_1_49' title="bbox 644 2736 3822 2807">
     <span class='ocr_line' id='line_1_49' title="bbox 644 2736 3822 2807; baseline 0.002 -19"><span class='ocrx_word' id='word_1_355' title='bbox 644 2749 744 2790; x_wconf 88' lang='lat' dir='ltr'><strong>nes</strong></span> <span class='ocrx_word' id='word_1_356' title='bbox 785 2744 1055 2807; x_wconf 85' lang='lat' dir='ltr'><strong>quotquot</strong></span> <span class='ocrx_word' id='word_1_357' title='bbox 1099 2740 1200 2806; x_wconf 89' lang='lat' dir='ltr'><strong>ipsi</strong></span> <span class='ocrx_word' id='word_1_358' title='bbox 1244 2739 1471 2795; x_wconf 89' lang='lat' dir='ltr'><strong>aderant</strong></span> <span class='ocrx_word' id='word_1_359' title='bbox 1512 2756 1581 2795; x_wconf 90' lang='lat' dir='ltr'><strong>ex</strong></span> <span class='ocrx_word' id='word_1_360' title='bbox 1632 2742 1866 2796; x_wconf 78' lang='lat' dir='ltr'><strong>llarunis</strong></span> <span class='ocrx_word' id='word_1_361' title='bbox 1908 2743 2203 2799; x_wconf 85' lang='lat' dir='ltr'><strong>comitibus</strong></span> <span class='ocrx_word' id='word_1_362' title='bbox 2298 2738 2522 2793; x_wconf 87' lang='lat' dir='ltr'><strong>nomine</strong></span> <span class='ocrx_word' id='word_1_363' title='bbox 2570 2738 2770 2792; x_wconf 88' lang='lat' dir='ltr'><strong>Sbaab.</strong></span> <span class='ocrx_word' id='word_1_364' title='bbox 2816 2736 2912 2791; x_wconf 84' lang='lat' dir='ltr'><strong>liic</strong></span> <span class='ocrx_word' id='word_1_365' title='bbox 2939 2738 3304 2803; x_wconf 80' lang='lat' dir='ltr'><strong>AlAbbasum.</strong></span> <span class='ocrx_word' id='word_1_366' title='bbox 3341 2738 3530 2793; x_wconf 82' lang='lat' dir='ltr'><strong>fratris</strong></span> <span class='ocrx_word' id='word_1_367' title='bbox 3561 2741 3644 2793; x_wconf 89' lang='lat' dir='ltr'><strong>sui</strong></span> <span class='ocrx_word' id='word_1_368' title='bbox 3675 2738 3822 2793; x_wconf 83' lang='lat' dir='ltr'><strong>consi-</strong></span> 
     </span>
    </p>
   </div>
   <div class='ocr_carea' id='block_1_50' title="bbox 644 2823 3822 2901">
    <p class='ocr_par' dir='ltr' id='par_1_50' title="bbox 644 2823 3822 2901">
     <span class='ocr_line' id='line_1_50' title="bbox 644 2823 3822 2901; baseline 0.001 -22"><span class='ocrx_word' id='word_1_369' title='bbox 644 2823 818 2881; x_wconf 82' lang='lat' dir='ltr'><strong>duces</strong></span> <span class='ocrx_word' id='word_1_370' title='bbox 862 2834 917 2881; x_wconf 86' lang='lat' dir='ltr'><strong>et</strong></span> <span class='ocrx_word' id='word_1_371' title='bbox 960 2830 1169 2883; x_wconf 84' lang='lat' dir='ltr'><strong>scribas</strong></span> <span class='ocrx_word' id='word_1_372' title='bbox 1198 2828 1507 2899; x_wconf 74' lang='lat' dir='ltr'><strong>Bagdadum</strong></span> <span class='ocrx_word' id='word_1_373' title='bbox 1538 2846 1596 2885; x_wconf 88' lang='lat' dir='ltr'><strong>se</strong></span> <span class='ocrx_word' id='word_1_374' title='bbox 1633 2830 1905 2894; x_wconf 80' lang='lat' dir='ltr'><strong>conferre,</strong></span> <span class='ocrx_word' id='word_1_375' title='bbox 1932 2847 2039 2899; x_wconf 87' lang='lat' dir='ltr'><strong>quo</strong></span> <span class='ocrx_word' id='word_1_376' title='bbox 2075 2847 2203 2901; x_wconf 72' lang='lat' dir='ltr'><strong>ergo</strong></span> <span class='ocrx_word' id='word_1_377' title='bbox 2297 2828 2535 2893; x_wconf 87' lang='lat' dir='ltr'><strong>liarium,</strong></span> <span class='ocrx_word' id='word_1_378' title='bbox 2568 2842 2634 2882; x_wconf 88' lang='lat' dir='ltr'><strong>eo</strong></span> <span class='ocrx_word' id='word_1_379' title='bbox 2658 2843 2766 2898; x_wconf 91' lang='lat' dir='ltr'><strong>quo</strong></span> <span class='ocrx_word' id='word_1_380' title='bbox 2795 2827 2895 2883; x_wconf 92' lang='lat' dir='ltr'><strong>fuit</strong></span> <span class='ocrx_word' id='word_1_381' title='bbox 2927 2830 3047 2885; x_wconf 91' lang='lat' dir='ltr'><strong>loco</strong></span> <span class='ocrx_word' id='word_1_382' title='bbox 3078 2844 3141 2884; x_wconf 89' lang='lat' dir='ltr'><strong>ac</strong></span> <span class='ocrx_word' id='word_1_383' title='bbox 3175 2830 3441 2901; x_wconf 76' lang='lat' dir='ltr'><strong>dignitate</strong></span> <span class='ocrx_word' id='word_1_384' title='bbox 3490 2830 3822 2892; x_wconf 81' lang='lat' dir='ltr'><strong>cuuiirmavit,</strong></span> 
     </span>
    </p>
   </div>
   <div class='ocr_carea' id='block_1_51' title="bbox 644 2904 3820 2991">
    <p class='ocr_par' dir='ltr' id='par_1_51' title="bbox 644 2904 3820 2991">
     <span class='ocr_line' id='line_1_51' title="bbox 644 2904 3820 2991; baseline 0.002 -22"><span class='ocrx_word' id='word_1_385' title='bbox 644 2904 867 2983; x_wconf 81' lang='lat' dir='ltr'><strong>profecti</strong></span> <span class='ocrx_word' id='word_1_386' title='bbox 898 2929 1060 2982; x_wconf 85' lang='lat' dir='ltr'><strong>sunt;</strong></span> <span class='ocrx_word' id='word_1_387' title='bbox 1091 2919 1205 2987; x_wconf 88' lang='lat' dir='ltr'><strong>ipse</strong></span> <span class='ocrx_word' id='word_1_388' title='bbox 1232 2920 1284 2972; x_wconf 92' lang='lat' dir='ltr'><strong>in</strong></span> <span class='ocrx_word' id='word_1_389' title='bbox 1316 2914 1551 2991; x_wconf 62' lang='lat' dir='ltr'><strong>Egypto</strong></span> <span class='ocrx_word' id='word_1_390' title='bbox 1578 2937 1676 2978; x_wconf 87' lang='lat' dir='ltr'><strong>sex</strong></span> <span class='ocrx_word' id='word_1_391' title='bbox 1702 2936 1922 2976; x_wconf 86' lang='lat' dir='ltr'><strong>menses</strong></span> <span class='ocrx_word' id='word_1_392' title='bbox 1953 2931 2200 2977; x_wconf 89' lang='lat' dir='ltr'><strong>moratus</strong></span> <span class='ocrx_word' id='word_1_393' title='bbox 2298 2918 2605 2987; x_wconf 74' lang='lat' dir='ltr'><strong>ipsumque,</strong></span> <span class='ocrx_word' id='word_1_394' title='bbox 2654 2919 2817 2975; x_wconf 87' lang='lat' dir='ltr'><strong>rebus</strong></span> <span class='ocrx_word' id='word_1_395' title='bbox 2851 2920 2967 2975; x_wconf 90' lang='lat' dir='ltr'><strong>suis</strong></span> <span class='ocrx_word' id='word_1_396' title='bbox 3006 2922 3321 2990; x_wconf 69' lang='lat' dir='ltr'><strong>praeposuit.</strong></span> <span class='ocrx_word' id='word_1_397' title='bbox 3371 2920 3636 2975; x_wconf 89' lang='lat' dir='ltr'><strong>Coierunt</strong></span> <span class='ocrx_word' id='word_1_398' title='bbox 3670 2930 3820 2975; x_wconf 85' lang='lat' dir='ltr'><strong>autem</strong></span> 
     </span>
    </p>
   </div>
   <div class='ocr_carea' id='block_1_52' title="bbox 644 2998 3824 3079">
    <p class='ocr_par' dir='ltr' id='par_1_52' title="bbox 644 2998 3824 3079">
     <span class='ocr_line' id='line_1_52' title="bbox 644 2998 3824 3079; baseline 0.001 -18"><span class='ocrx_word' id='word_1_399' title='bbox 644 3016 726 3061; x_wconf 84' lang='lat' dir='ltr'><strong>est</strong></span> <span class='ocrx_word' id='word_1_400' title='bbox 766 2998 1133 3079; x_wconf 66' lang='lat' dir='ltr'><strong>:collegitque</strong></span> <span class='ocrx_word' id='word_1_401' title='bbox 1169 3026 1199 3064; x_wconf 92' lang='lat' dir='ltr'><strong>a</strong></span> <span class='ocrx_word' id='word_1_402' title='bbox 1246 3012 1441 3066; x_wconf 81' lang='lat' dir='ltr'><strong>scribis</strong></span> <span class='ocrx_word' id='word_1_403' title='bbox 1480 3022 1535 3067; x_wconf 94' lang='lat' dir='ltr'><strong>et</strong></span> <span class='ocrx_word' id='word_1_404' title='bbox 1573 3013 1803 3068; x_wconf 88' lang='lat' dir='ltr'><strong>ducibus</strong></span> <span class='ocrx_word' id='word_1_405' title='bbox 1849 3028 2196 3066; x_wconf 89' lang='lat' dir='ltr'><strong>nummorum</strong></span> <span class='ocrx_word' id='word_1_406' title='bbox 2304 3008 2475 3062; x_wconf 85' lang='lat' dir='ltr'><strong>duces</strong></span> <span class='ocrx_word' id='word_1_407' title='bbox 2505 3009 2674 3078; x_wconf 91' lang='lat' dir='ltr'><strong>aliqui</strong></span> <span class='ocrx_word' id='word_1_408' title='bbox 2722 3025 2832 3079; x_wconf 91' lang='lat' dir='ltr'><strong>quo</strong></span> <span class='ocrx_word' id='word_1_409' title='bbox 2880 3010 3237 3065; x_wconf 79' lang='lat' dir='ltr'><strong>Abrlollahum</strong></span> <span class='ocrx_word' id='word_1_410' title='bbox 3296 3012 3465 3065; x_wconf 84' lang='lat' dir='ltr'><strong>Ebnol</strong></span> <span class='ocrx_word' id='word_1_411' title='bbox 3520 3011 3738 3066; x_wconf 78' lang='grc' dir='ltr'><strong>Μοιιηί</strong></span> <span class='ocrx_word' id='word_1_412' title='bbox 3780 3011 3824 3065; x_wconf 83' lang='lat' dir='ltr'><strong>in</strong></span> 
     </span>
    </p>
   </div>
   <div class='ocr_carea' id='block_1_53' title="bbox 641 3097 3824 3179">
    <p class='ocr_par' dir='ltr' id='par_1_53' title="bbox 641 3097 3824 3179">
     <span class='ocr_line' id='line_1_53' title="bbox 641 3097 3824 3179; baseline 0.002 -27"><span class='ocrx_word' id='word_1_413' title='bbox 641 3097 863 3154; x_wconf 88' lang='lat' dir='ltr'><strong>circiter</strong></span> <span class='ocrx_word' id='word_1_414' title='bbox 889 3102 1089 3155; x_wconf 85' lang='lat' dir='ltr'><strong>millies</strong></span> <span class='ocrx_word' id='word_1_415' title='bbox 1119 3102 1267 3157; x_wconf 87' lang='lat' dir='ltr'><strong>mille</strong></span> <span class='ocrx_word' id='word_1_416' title='bbox 1306 3117 1501 3158; x_wconf 88' lang='lat' dir='ltr'><strong>aureos</strong></span> <span class='ocrx_word' id='word_1_417' title='bbox 1538 3119 1554 3156; x_wconf 92' lang='lat'><strong>:</strong></span> <span class='ocrx_word' id='word_1_418' title='bbox 1590 3111 1703 3158; x_wconf 90' lang='lat' dir='ltr'><strong>tum</strong></span> <span class='ocrx_word' id='word_1_419' title='bbox 1749 3103 1983 3159; x_wconf 79' lang='lat' dir='ltr'><strong>Eracum</strong></span> <span class='ocrx_word' id='word_1_420' title='bbox 2017 3105 2193 3169; x_wconf 92' lang='lat' dir='ltr'><strong>abiit,</strong></span> <span class='ocrx_word' id='word_1_421' title='bbox 2226 3116 2273 3179; x_wconf 74' lang='grc' dir='ltr'>ο</span> <span class='ocrx_word' id='word_1_422' title='bbox 2305 3098 2530 3167; x_wconf 87' lang='lat' dir='ltr'><strong>imperio</strong></span> <span class='ocrx_word' id='word_1_423' title='bbox 2578 3100 2947 3167; x_wconf 87' lang='lat' dir='ltr'><strong>collocarent;</strong></span> <span class='ocrx_word' id='word_1_424' title='bbox 3008 3102 3151 3157; x_wconf 88' lang='lat' dir='ltr'><strong>unde</strong></span> <span class='ocrx_word' id='word_1_425' title='bbox 3200 3101 3431 3171; x_wconf 75' lang='lat' dir='ltr'><strong>Bagdadi</strong></span> <span class='ocrx_word' id='word_1_426' title='bbox 3482 3102 3604 3158; x_wconf 89' lang='lat' dir='ltr'><strong>dies</strong></span> <span class='ocrx_word' id='word_1_427' title='bbox 3653 3104 3824 3170; x_wconf 84' lang='lat' dir='ltr'><strong>aliquot</strong></span> 
     </span>
    </p>
   </div>
   <div class='ocr_carea' id='block_1_54' title="bbox 644 3188 3823 3262">
    <p class='ocr_par' dir='ltr' id='par_1_54' title="bbox 644 3188 3823 3262">
     <span class='ocr_line' id='line_1_54' title="bbox 644 3188 3823 3262; baseline -0.005 -2"><span class='ocrx_word' id='word_1_428' title='bbox 644 3190 835 3247; x_wconf 63' lang='grc' dir='ltr'><strong>ηῗίείο</strong></span> <span class='ocrx_word' id='word_1_429' title='bbox 863 3190 920 3245; x_wconf 54' lang='lat' dir='ltr'><strong>in</strong></span> <span class='ocrx_word' id='word_1_430' title='bbox 957 3188 1218 3260; x_wconf 63' lang='grc' dir='ltr'><strong>Ᾱεϊριο.</strong></span> <span class='ocrx_word' id='word_1_431' title='bbox 1252 3202 1539 3262; x_wconf 75' lang='lat' dir='ltr'><strong>postquam</strong></span> <span class='ocrx_word' id='word_1_432' title='bbox 1574 3194 1689 3262; x_wconf 84' lang='lat' dir='ltr'><strong>ipse</strong></span> <span class='ocrx_word' id='word_1_433' title='bbox 1735 3194 1808 3248; x_wconf 85' lang='lat' dir='ltr'><strong>ibi</strong></span> <span class='ocrx_word' id='word_1_434' title='bbox 1854 3210 1949 3249; x_wconf 86' lang='lat' dir='ltr'><strong>sex</strong></span> <span class='ocrx_word' id='word_1_435' title='bbox 1990 3210 2207 3252; x_wconf 70' lang='lat' dir='ltr'><strong>meum</strong></span> <span class='ocrx_word' id='word_1_436' title='bbox 2304 3198 2483 3243; x_wconf 87' lang='lat' dir='ltr'><strong>ortum</strong></span> <span class='ocrx_word' id='word_1_437' title='bbox 2532 3198 2616 3243; x_wconf 84' lang='lat' dir='ltr'><strong>est</strong></span> <span class='ocrx_word' id='word_1_438' title='bbox 2667 3189 2907 3247; x_wconf 87' lang='lat' dir='ltr'><strong>bellum:</strong></span> <span class='ocrx_word' id='word_1_439' title='bbox 2958 3207 3038 3247; x_wconf 70' lang='lat' dir='ltr'><strong>ea:</strong></span> <span class='ocrx_word' id='word_1_440' title='bbox 3072 3193 3195 3261; x_wconf 88' lang='lat' dir='ltr'><strong>ique</strong></span> <span class='ocrx_word' id='word_1_441' title='bbox 3260 3203 3385 3247; x_wconf 89' lang='lat' dir='ltr'><strong>sunt</strong></span> <span class='ocrx_word' id='word_1_442' title='bbox 3436 3193 3685 3248; x_wconf 74' lang='lat' dir='ltr'><strong>AlAbLas</strong></span> <span class='ocrx_word' id='word_1_443' title='bbox 3734 3192 3823 3246; x_wconf 72' lang='lat' dir='ltr'><strong>liba</strong></span> 
     </span>
    </p>
   </div>
   <div class='ocr_carea' id='block_1_55' title="bbox 646 3274 2201 3354">
    <p class='ocr_par' dir='ltr' id='par_1_55' title="bbox 646 3274 2201 3354">
     <span class='ocr_line' id='line_1_55' title="bbox 646 3274 2201 3354; baseline 0.002 -19"><span class='ocrx_word' id='word_1_444' title='bbox 646 3274 1046 3351; x_wconf 64' lang='lat' dir='ltr'><strong>insumpsisset.</strong></span> <span class='ocrx_word' id='word_1_445' title='bbox 1068 3282 1149 3338; x_wconf 83' lang='lat' dir='ltr'><strong>lsa</strong></span> <span class='ocrx_word' id='word_1_446' title='bbox 1184 3281 1515 3337; x_wconf 80' lang='lat' dir='ltr'><strong>Nushcrensi</strong></span> <span class='ocrx_word' id='word_1_447' title='bbox 1540 3300 1558 3349; x_wconf 88' lang='lat'><strong>;</strong></span> <span class='ocrx_word' id='word_1_448' title='bbox 1586 3284 1804 3353; x_wconf 64' lang='lat' dir='ltr'><strong>collegit</strong></span> <span class='ocrx_word' id='word_1_449' title='bbox 1835 3284 1999 3337; x_wconf 86' lang='lat' dir='ltr'><strong>etiam</strong></span> <span class='ocrx_word' id='word_1_450' title='bbox 2029 3285 2201 3354; x_wconf 58' lang='lat' dir='ltr'><strong>impec</strong></span> 
     </span>
    </p>
   </div>
   <div class='ocr_carea' id='block_1_56' title="bbox 646 3372 2202 3440">
    <p class='ocr_par' dir='ltr' id='par_1_56' title="bbox 646 3372 2202 3440">
     <span class='ocr_line' id='line_1_56' title="bbox 646 3372 2202 3440; baseline 0.002 -13"><span class='ocrx_word' id='word_1_451' title='bbox 646 3372 815 3427; x_wconf 75' lang='lat' dir='ltr'><strong>ratcri</strong></span> <span class='ocrx_word' id='word_1_452' title='bbox 838 3386 1187 3425; x_wconf 79' lang='lat' dir='ltr'><strong>nttmmorum</strong></span> <span class='ocrx_word' id='word_1_453' title='bbox 1212 3388 1243 3425; x_wconf 90' lang='lat' dir='ltr'><strong>e</strong></span> <span class='ocrx_word' id='word_1_454' title='bbox 1275 3374 1567 3440; x_wconf 89' lang='lat' dir='ltr'><strong>provinciis</strong></span> <span class='ocrx_word' id='word_1_455' title='bbox 1596 3374 1789 3428; x_wconf 89' lang='lat' dir='ltr'><strong>millies</strong></span> <span class='ocrx_word' id='word_1_456' title='bbox 1814 3375 1960 3428; x_wconf 90' lang='lat' dir='ltr'><strong>mille</strong></span> <span class='ocrx_word' id='word_1_457' title='bbox 1985 3390 2202 3432; x_wconf 84' lang='lat' dir='ltr'><strong>aureos.</strong></span> 
     </span>
    </p>
   </div>
   <div class='ocr_carea' id='block_1_57' title="bbox 647 3461 2204 3536">
    <p class='ocr_par' dir='ltr' id='par_1_57' title="bbox 647 3461 2204 3536">
     <span class='ocr_line' id='line_1_57' title="bbox 647 3461 2204 3536; baseline 0.004 -21"><span class='ocrx_word' id='word_1_458' title='bbox 647 3461 935 3516; x_wconf 79' lang='lat' dir='ltr'><strong>Almoctali</strong></span> <span class='ocrx_word' id='word_1_459' title='bbox 992 3474 1172 3516; x_wconf 88' lang='lat' dir='ltr'><strong>autem</strong></span> <span class='ocrx_word' id='word_1_460' title='bbox 1206 3461 1628 3525; x_wconf 70' lang='lat' dir='ltr'><strong>Multarnmedem</strong></span> <span class='ocrx_word' id='word_1_461' title='bbox 1666 3464 1783 3518; x_wconf 85' lang='lat' dir='ltr'><strong>Ebn</strong></span> <span class='ocrx_word' id='word_1_462' title='bbox 1818 3464 2055 3520; x_wconf 87' lang='lat' dir='ltr'><strong>Soliman</strong></span> <span class='ocrx_word' id='word_1_463' title='bbox 2079 3482 2204 3536; x_wconf 80' lang='lat' dir='ltr'><strong>pre-</strong></span> 
     </span>
    </p>
   </div>
   <div class='ocr_carea' id='block_1_58' title="bbox 643 3553 2203 3629">
    <p class='ocr_par' dir='ltr' id='par_1_58' title="bbox 643 3553 2203 3629">
     <span class='ocr_line' id='line_1_58' title="bbox 643 3553 2203 3629; baseline 0.003 -22"><span class='ocrx_word' id='word_1_464' title='bbox 643 3553 875 3608; x_wconf 77' lang='lat' dir='ltr'><strong>hensum</strong></span> <span class='ocrx_word' id='word_1_465' title='bbox 917 3553 969 3606; x_wconf 91' lang='lat' dir='ltr'><strong>in</strong></span> <span class='ocrx_word' id='word_1_466' title='bbox 998 3554 1211 3609; x_wconf 86' lang='lat' dir='ltr'><strong>vincula</strong></span> <span class='ocrx_word' id='word_1_467' title='bbox 1244 3556 1501 3624; x_wconf 76' lang='lat' dir='ltr'><strong>coniecit.</strong></span> <span class='ocrx_word' id='word_1_468' title='bbox 1532 3558 1602 3610; x_wconf 93' lang='lat' dir='ltr'><strong>ob</strong></span> <span class='ocrx_word' id='word_1_469' title='bbox 1630 3570 1759 3623; x_wconf 79' lang='lat' dir='ltr'><strong>apes</strong></span> <span class='ocrx_word' id='word_1_470' title='bbox 1786 3571 1923 3625; x_wconf 89' lang='lat' dir='ltr'><strong>quas</strong></span> <span class='ocrx_word' id='word_1_471' title='bbox 1952 3557 2003 3610; x_wconf 92' lang='lat' dir='ltr'><strong>in</strong></span> <span class='ocrx_word' id='word_1_472' title='bbox 2031 3556 2203 3629; x_wconf 64' lang='lat' dir='ltr'><strong>Egy-</strong></span> 
     </span>
    </p>
   </div>
   <div class='ocr_carea' id='block_1_59' title="bbox 646 3644 2203 3714">
    <p class='ocr_par' dir='ltr' id='par_1_59' title="bbox 646 3644 2203 3714">
     <span class='ocr_line' id='line_1_59' title="bbox 646 3644 2203 3714; baseline 0.003 -16"><span class='ocrx_word' id='word_1_473' title='bbox 646 3652 736 3714; x_wconf 77' lang='lat' dir='ltr'><strong>pto</strong></span> <span class='ocrx_word' id='word_1_474' title='bbox 771 3644 1059 3712; x_wconf 75' lang='lat' dir='ltr'><strong>collegerat</strong></span> <span class='ocrx_word' id='word_1_475' title='bbox 1104 3649 1157 3699; x_wconf 92' lang='lat' dir='ltr'><strong>in</strong></span> <span class='ocrx_word' id='word_1_476' title='bbox 1207 3648 1469 3699; x_wconf 87' lang='lat' dir='ltr'><strong>rationem</strong></span> <span class='ocrx_word' id='word_1_477' title='bbox 1496 3660 1619 3701; x_wconf 89' lang='lat' dir='ltr'><strong>eum</strong></span> <span class='ocrx_word' id='word_1_478' title='bbox 1671 3662 1897 3701; x_wconf 86' lang='lat' dir='ltr'><strong>vocans.</strong></span> <span class='ocrx_word' id='word_1_479' title='bbox 1935 3647 2203 3703; x_wconf 80' lang='lat' dir='ltr'><strong>Prodicus</strong></span> 
     </span>
    </p>
   </div>
   <div class='ocr_carea' id='block_1_60' title="bbox 643 3734 2200 3816">
    <p class='ocr_par' dir='ltr' id='par_1_60' title="bbox 643 3734 2200 3816">
     <span class='ocr_line' id='line_1_60' title="bbox 643 3734 2200 3816; baseline 0.001 -26"><span class='ocrx_word' id='word_1_480' title='bbox 643 3742 827 3790; x_wconf 74' lang='lat' dir='ltr'><strong>autem</strong></span> <span class='ocrx_word' id='word_1_481' title='bbox 854 3734 909 3787; x_wconf 87' lang='lat' dir='ltr'><strong>in</strong></span> <span class='ocrx_word' id='word_1_482' title='bbox 936 3734 1091 3797; x_wconf 79' lang='lat' dir='ltr'><strong>Syria</strong></span> <span class='ocrx_word' id='word_1_483' title='bbox 1117 3736 1335 3805; x_wconf 86' lang='lat' dir='ltr'><strong>quidam</strong></span> <span class='ocrx_word' id='word_1_484' title='bbox 1363 3752 1391 3790; x_wconf 92' lang='lat' dir='ltr'><strong>e</strong></span> <span class='ocrx_word' id='word_1_485' title='bbox 1418 3735 1931 3801; x_wconf 81' lang='lat' dir='ltr'><strong>ducibus&#39;Harunis,</strong></span> <span class='ocrx_word' id='word_1_486' title='bbox 1958 3737 2200 3816; x_wconf 60' lang='lat' dir='ltr'><strong>MolLam-</strong></span> 
     </span>
    </p>
   </div>
   <div class='ocr_carea' id='block_1_61' title="bbox 644 3822 2205 3899">
    <p class='ocr_par' dir='ltr' id='par_1_61' title="bbox 644 3822 2205 3899">
     <span class='ocr_line' id='line_1_61' title="bbox 644 3822 2205 3899; baseline 0.001 -20"><span class='ocrx_word' id='word_1_487' title='bbox 644 3825 767 3879; x_wconf 85' lang='lat' dir='ltr'><strong>med</strong></span> <span class='ocrx_word' id='word_1_488' title='bbox 801 3825 918 3880; x_wconf 83' lang='lat' dir='ltr'><strong>Ebn</strong></span> <span class='ocrx_word' id='word_1_489' title='bbox 947 3826 1033 3879; x_wconf 84' lang='lat' dir='ltr'><strong>Ali</strong></span> <span class='ocrx_word' id='word_1_490' title='bbox 1063 3828 1127 3880; x_wconf 81' lang='lat' dir='ltr'><strong>Al</strong></span> <span class='ocrx_word' id='word_1_491' title='bbox 1152 3827 1330 3897; x_wconf 83' lang='lat' dir='ltr'><strong>Cbalij</strong></span> <span class='ocrx_word' id='word_1_492' title='bbox 1362 3829 1684 3897; x_wconf 85' lang='lat' dir='ltr'><strong>appellatus,</strong></span> <span class='ocrx_word' id='word_1_493' title='bbox 1712 3842 1777 3883; x_wconf 88' lang='lat' dir='ltr'><strong>ex</strong></span> <span class='ocrx_word' id='word_1_494' title='bbox 1807 3828 1874 3883; x_wconf 88' lang='lat' dir='ltr'><strong>iis</strong></span> <span class='ocrx_word' id='word_1_495' title='bbox 1897 3829 1990 3898; x_wconf 87' lang='lat' dir='ltr'><strong>qui</strong></span> <span class='ocrx_word' id='word_1_496' title='bbox 2021 3822 2205 3899; x_wconf 64' lang='lat' dir='ltr'><strong>insv-</strong></span> 
     </span>
    </p>
   </div>
   <div class='ocr_carea' id='block_1_62' title="bbox 649 3917 2206 3983">
    <p class='ocr_par' dir='ltr' id='par_1_62' title="bbox 649 3917 2206 3983">
     <span class='ocr_line' id='line_1_62' title="bbox 649 3917 2206 3983; baseline 0.002 -13"><span class='ocrx_word' id='word_1_497' title='bbox 649 3917 725 3970; x_wconf 91' lang='lat' dir='ltr'><strong>ria</strong></span> <span class='ocrx_word' id='word_1_498' title='bbox 756 3932 877 3972; x_wconf 93' lang='lat' dir='ltr'><strong>cum</strong></span> <span class='ocrx_word' id='word_1_499' title='bbox 908 3917 1282 3973; x_wconf 83' lang='lat' dir='ltr'><strong>Ifobammede</strong></span> <span class='ocrx_word' id='word_1_500' title='bbox 1311 3920 1423 3972; x_wconf 87' lang='lat' dir='ltr'><strong>Ebn</strong></span> <span class='ocrx_word' id='word_1_501' title='bbox 1449 3918 1690 3974; x_wconf 91' lang='lat' dir='ltr'><strong>Soliman</strong></span> <span class='ocrx_word' id='word_1_502' title='bbox 1724 3930 2057 3983; x_wconf 84' lang='lat' dir='ltr'><strong>manserunt,</strong></span> <span class='ocrx_word' id='word_1_503' title='bbox 2091 3920 2206 3974; x_wconf 85' lang='lat' dir='ltr'><strong>col-</strong></span> 
     </span>
    </p>
   </div>
   <div class='ocr_carea' id='block_1_63' title="bbox 645 4008 2204 4075">
    <p class='ocr_par' dir='ltr' id='par_1_63' title="bbox 645 4008 2204 4075">
     <span class='ocr_line' id='line_1_63' title="bbox 645 4008 2204 4075; baseline -0.001 -12"><span class='ocrx_word' id='word_1_504' title='bbox 645 4010 783 4063; x_wconf 85' lang='lat' dir='ltr'><strong>lecta</strong></span> <span class='ocrx_word' id='word_1_505' title='bbox 815 4008 919 4062; x_wconf 88' lang='lat' dir='ltr'><strong>sibi</strong></span> <span class='ocrx_word' id='word_1_506' title='bbox 951 4010 1110 4063; x_wconf 87' lang='lat' dir='ltr'><strong>turba</strong></span> <span class='ocrx_word' id='word_1_507' title='bbox 1156 4010 1433 4063; x_wconf 86' lang='lat' dir='ltr'><strong>hominum</strong></span> <span class='ocrx_word' id='word_1_508' title='bbox 1482 4010 1638 4065; x_wconf 87' lang='lat' dir='ltr'><strong>mista</strong></span> <span class='ocrx_word' id='word_1_509' title='bbox 1659 4050 1675 4075; x_wconf 92' lang='lat'><strong>,</strong></span> <span class='ocrx_word' id='word_1_510' title='bbox 1707 4010 1762 4064; x_wconf 86' lang='lat' dir='ltr'><strong>in</strong></span> <span class='ocrx_word' id='word_1_511' title='bbox 1806 4009 1939 4065; x_wconf 87' lang='lat' dir='ltr'><strong>urbe</strong></span> <span class='ocrx_word' id='word_1_512' title='bbox 1974 4008 2204 4063; x_wconf 77' lang='lat' dir='ltr'><strong>Bamlalt</strong></span> 
     </span>
    </p>
   </div>
   <div class='ocr_carea' id='block_1_64' title="bbox 648 4100 2205 4165">
    <p class='ocr_par' dir='ltr' id='par_1_64' title="bbox 648 4100 2205 4165">
     <span class='ocr_line' id='line_1_64' title="bbox 648 4100 2205 4165; baseline 0 -11"><span class='ocrx_word' id='word_1_513' title='bbox 648 4101 830 4155; x_wconf 84' lang='lat' dir='ltr'><strong>sedem</strong></span> <span class='ocrx_word' id='word_1_514' title='bbox 872 4100 1009 4153; x_wconf 75' lang='lat' dir='ltr'><strong>ﬁxit.</strong></span> <span class='ocrx_word' id='word_1_515' title='bbox 1042 4100 1196 4165; x_wconf 87' lang='lat' dir='ltr'><strong>Quod</strong></span> <span class='ocrx_word' id='word_1_516' title='bbox 1243 4117 1363 4154; x_wconf 90' lang='lat' dir='ltr'><strong>cum</strong></span> <span class='ocrx_word' id='word_1_517' title='bbox 1400 4101 1497 4156; x_wconf 75' lang='lat' dir='ltr'><strong>lsa:</strong></span> <span class='ocrx_word' id='word_1_518' title='bbox 1525 4101 1858 4155; x_wconf 87' lang='lat' dir='ltr'><strong>Nusbercnsi</strong></span> <span class='ocrx_word' id='word_1_519' title='bbox 1895 4102 2205 4155; x_wconf 87' lang='lat' dir='ltr'><strong>nuntiatum</strong></span> 
     </span>
    </p>
   </div>
   <div class='ocr_carea' id='block_1_65' title="bbox 649 4192 2206 4263">
    <p class='ocr_par' dir='ltr' id='par_1_65' title="bbox 649 4192 2206 4263">
     <span class='ocr_line' id='line_1_65' title="bbox 649 4192 2206 4263; baseline -0.001 -16"><span class='ocrx_word' id='word_1_520' title='bbox 649 4199 808 4252; x_wconf 82' lang='lat' dir='ltr'><strong>esset.</strong></span> <span class='ocrx_word' id='word_1_521' title='bbox 836 4192 952 4260; x_wconf 81' lang='lat' dir='ltr'><strong>ipse</strong></span> <span class='ocrx_word' id='word_1_522' title='bbox 995 4206 1116 4245; x_wconf 89' lang='lat' dir='ltr'><strong>cum</strong></span> <span class='ocrx_word' id='word_1_523' title='bbox 1170 4194 1231 4245; x_wconf 81' lang='lat' dir='ltr'><strong>Al</strong></span> <span class='ocrx_word' id='word_1_524' title='bbox 1277 4192 1516 4263; x_wconf 78' lang='lat' dir='ltr'><strong>llosaino</strong></span> <span class='ocrx_word' id='word_1_525' title='bbox 1551 4192 1664 4247; x_wconf 87' lang='lat' dir='ltr'><strong>Ebn</strong></span> <span class='ocrx_word' id='word_1_526' title='bbox 1700 4192 1905 4247; x_wconf 81' lang='lat' dir='ltr'><strong>Abmed</strong></span> <span class='ocrx_word' id='word_1_527' title='bbox 1960 4192 2206 4245; x_wconf 80' lang='lat' dir='ltr'><strong>bladera-</strong></span> 
     </span>
    </p>
   </div>
   <div class='ocr_carea' id='block_1_66' title="bbox 649 4281 2207 4353">
    <p class='ocr_par' dir='ltr' id='par_1_66' title="bbox 649 4281 2207 4353">
     <span class='ocr_line' id='line_1_66' title="bbox 649 4281 2207 4353; baseline -0.002 -15"><span class='ocrx_word' id='word_1_528' title='bbox 649 4284 831 4353; x_wconf 72' lang='lat' dir='ltr'><strong>nensi,</strong></span> <span class='ocrx_word' id='word_1_529' title='bbox 852 4283 941 4336; x_wconf 92' lang='lat' dir='ltr'><strong>cui</strong></span> <span class='ocrx_word' id='word_1_530' title='bbox 975 4298 1275 4351; x_wconf 74' lang='lat' dir='ltr'><strong>cognomeu</strong></span> <span class='ocrx_word' id='word_1_531' title='bbox 1306 4285 1423 4337; x_wconf 80' lang='lat' dir='ltr'><strong>Abu</strong></span> <span class='ocrx_word' id='word_1_532' title='bbox 1449 4283 1645 4344; x_wconf 84' lang='lat' dir='ltr'><strong>Zinua.</strong></span> <span class='ocrx_word' id='word_1_533' title='bbox 1665 4292 1719 4337; x_wconf 89' lang='lat' dir='ltr'><strong>et</strong></span> <span class='ocrx_word' id='word_1_534' title='bbox 1744 4297 1865 4351; x_wconf 65' lang='lat' dir='ltr'><strong>qua</strong></span> <span class='ocrx_word' id='word_1_535' title='bbox 1892 4283 1944 4335; x_wconf 90' lang='lat' dir='ltr'><strong>in</strong></span> <span class='ocrx_word' id='word_1_536' title='bbox 1972 4281 2207 4350; x_wconf 72' lang='lat' dir='ltr'><strong>Egypto</strong></span> 
     </span>
    </p>
   </div>
   <div class='ocr_carea' id='block_1_67' title="bbox 2303 3274 3824 3350">
    <p class='ocr_par' dir='ltr' id='par_1_67' title="bbox 2303 3274 3824 3350">
     <span class='ocr_line' id='line_1_67' title="bbox 2303 3274 3824 3350; baseline 0.003 -21"><span class='ocrx_word' id='word_1_537' title='bbox 2303 3274 2510 3332; x_wconf 83' lang='lat' dir='ltr'><strong>ﬂosain</strong></span> <span class='ocrx_word' id='word_1_538' title='bbox 2542 3278 2887 3334; x_wconf 85' lang='lat' dir='ltr'><strong>consiliarius</strong></span> <span class='ocrx_word' id='word_1_539' title='bbox 2913 3290 2968 3334; x_wconf 91' lang='lat' dir='ltr'><strong>et</strong></span> <span class='ocrx_word' id='word_1_540' title='bbox 3001 3280 3221 3345; x_wconf 86' lang='lat' dir='ltr'><strong>Pbatec,</strong></span> <span class='ocrx_word' id='word_1_541' title='bbox 3248 3295 3434 3334; x_wconf 84' lang='lat' dir='ltr'><strong>mense</strong></span> <span class='ocrx_word' id='word_1_542' title='bbox 3464 3280 3637 3334; x_wconf 73' lang='lat' dir='ltr'><strong>Rabia</strong></span> <span class='ocrx_word' id='word_1_543' title='bbox 3673 3290 3824 3350; x_wconf 85' lang='lat' dir='ltr'><strong>poste-</strong></span> 
     </span>
    </p>
   </div>
   <div class='ocr_carea' id='block_1_68' title="bbox 2306 3366 3824 3437">
    <p class='ocr_par' dir='ltr' id='par_1_68' title="bbox 2306 3366 3824 3437">
     <span class='ocr_line' id='line_1_68' title="bbox 2306 3366 3824 3437; baseline 0.001 -16"><span class='ocrx_word' id='word_1_544' title='bbox 2306 3366 2471 3432; x_wconf 88' lang='lat' dir='ltr'><strong>riore,</strong></span> <span class='ocrx_word' id='word_1_545' title='bbox 2527 3382 2673 3422; x_wconf 91' lang='lat' dir='ltr'><strong>anno</strong></span> <span class='ocrx_word' id='word_1_546' title='bbox 2704 3369 3081 3423; x_wconf 86' lang='lat' dir='ltr'><strong>ducentesimo</strong></span> <span class='ocrx_word' id='word_1_547' title='bbox 3116 3371 3469 3437; x_wconf 81' lang='lat' dir='ltr'><strong>nonagesimo</strong></span> <span class='ocrx_word' id='word_1_548' title='bbox 3517 3384 3683 3424; x_wconf 88' lang='lat' dir='ltr'><strong>nono.</strong></span> <span class='ocrx_word' id='word_1_549' title='bbox 3718 3369 3824 3423; x_wconf 80' lang='lat' dir='ltr'><strong>Pre-</strong></span> 
     </span>
    </p>
   </div>
   <div class='ocr_carea' id='block_1_69' title="bbox 2304 3452 3824 3511">
    <p class='ocr_par' dir='ltr' id='par_1_69' title="bbox 2304 3452 3824 3511">
     <span class='ocr_line' id='line_1_69' title="bbox 2304 3452 3824 3511; baseline 0 -4"><span class='ocrx_word' id='word_1_550' title='bbox 2304 3454 2505 3510; x_wconf 78' lang='lat' dir='ltr'><strong>bensus</strong></span> <span class='ocrx_word' id='word_1_551' title='bbox 2547 3458 2707 3509; x_wconf 88' lang='lat' dir='ltr'><strong>etiam</strong></span> <span class='ocrx_word' id='word_1_552' title='bbox 2756 3452 2839 3511; x_wconf 82' lang='lat' dir='ltr'><strong>est</strong></span> <span class='ocrx_word' id='word_1_553' title='bbox 2891 3456 3151 3511; x_wconf 74' lang='lat' dir='ltr'><strong>Abdollah</strong></span> <span class='ocrx_word' id='word_1_554' title='bbox 3208 3458 3376 3511; x_wconf 85' lang='lat' dir='ltr'><strong>Ebnol</strong></span> <span class='ocrx_word' id='word_1_555' title='bbox 3430 3456 3663 3511; x_wconf 67' lang='lat' dir='ltr'><strong>notaui</strong></span> <span class='ocrx_word' id='word_1_556' title='bbox 3710 3466 3756 3511; x_wconf 90' lang='lat' dir='ltr'><strong>et</strong></span> <span class='ocrx_word' id='word_1_557' title='bbox 3785 3458 3824 3509; x_wconf 83' lang='lat' dir='ltr'><strong>in</strong></span> 
     </span>
    </p>
   </div>
   <div class='ocr_carea' id='block_1_70' title="bbox 2300 3546 3822 3615">
    <p class='ocr_par' dir='ltr' id='par_1_70' title="bbox 2300 3546 3822 3615">
     <span class='ocr_line' id='line_1_70' title="bbox 2300 3546 3822 3615; baseline -0.003 -15"><span class='ocrx_word' id='word_1_558' title='bbox 2300 3548 2511 3600; x_wconf 82' lang='lat' dir='ltr'><strong>vincula</strong></span> <span class='ocrx_word' id='word_1_559' title='bbox 2563 3546 2865 3615; x_wconf 84' lang='lat' dir='ltr'><strong>conjectus.</strong></span> <span class='ocrx_word' id='word_1_560' title='bbox 2906 3549 3289 3602; x_wconf 84' lang='lat' dir='ltr'><strong>Consiliarium</strong></span> <span class='ocrx_word' id='word_1_561' title='bbox 3343 3560 3524 3603; x_wconf 85' lang='lat' dir='ltr'><strong>autem</strong></span> <span class='ocrx_word' id='word_1_562' title='bbox 3573 3548 3822 3603; x_wconf 86' lang='lat' dir='ltr'><strong>constituit</strong></span> 
     </span>
    </p>
   </div>
   <div class='ocr_carea' id='block_1_71' title="bbox 2299 3639 3824 3701">
    <p class='ocr_par' dir='ltr' id='par_1_71' title="bbox 2299 3639 3824 3701">
     <span class='ocr_line' id='line_1_71' title="bbox 2299 3639 3824 3701; baseline -0.001 -9"><span class='ocrx_word' id='word_1_563' title='bbox 2299 3639 2665 3701; x_wconf 71' lang='lat' dir='ltr'><strong>Albloktadar,</strong></span> <span class='ocrx_word' id='word_1_564' title='bbox 2728 3639 2869 3691; x_wconf 83' lang='lat' dir='ltr'><strong>Alim</strong></span> <span class='ocrx_word' id='word_1_565' title='bbox 2933 3639 3048 3693; x_wconf 81' lang='lat' dir='ltr'><strong>Ebn</strong></span> <span class='ocrx_word' id='word_1_566' title='bbox 3114 3640 3473 3701; x_wconf 72' lang='lat' dir='ltr'><strong>Moluammed.</strong></span> <span class='ocrx_word' id='word_1_567' title='bbox 3524 3640 3656 3694; x_wconf 40' lang='lat' dir='ltr'><strong>.Ebn</strong></span> <span class='ocrx_word' id='word_1_568' title='bbox 3703 3639 3824 3693; x_wconf 76' lang='lat' dir='ltr'><strong>lusa</strong></span> 
     </span>
    </p>
   </div>
   <div class='ocr_carea' id='block_1_72' title="bbox 2264 3728 3821 3799">
    <p class='ocr_par' dir='ltr' id='par_1_72' title="bbox 2264 3728 3821 3799">
     <span class='ocr_line' id='line_1_72' title="bbox 2264 3728 3821 3799; baseline -0.003 -16"><span class='ocrx_word' id='word_1_569' title='bbox 2264 3783 2278 3793; x_wconf 75' lang='grc'><em>,</em></span> <span class='ocrx_word' id='word_1_570' title='bbox 2300 3730 2471 3783; x_wconf 83' lang='lat' dir='ltr'><strong>Ebnol</strong></span> <span class='ocrx_word' id='word_1_571' title='bbox 2504 3728 2722 3782; x_wconf 79' lang='lat' dir='ltr'><strong>Pliorat.</strong></span> <span class='ocrx_word' id='word_1_572' title='bbox 2758 3731 2928 3783; x_wconf 88' lang='lat' dir='ltr'><strong>Porro</strong></span> <span class='ocrx_word' id='word_1_573' title='bbox 2961 3730 3161 3799; x_wconf 86' lang='lat' dir='ltr'><strong>prodiit</strong></span> <span class='ocrx_word' id='word_1_574' title='bbox 3217 3730 3270 3783; x_wconf 92' lang='lat' dir='ltr'><strong>in</strong></span> <span class='ocrx_word' id='word_1_575' title='bbox 3306 3730 3594 3784; x_wconf 90' lang='lat' dir='ltr'><strong>occidente</strong></span> <span class='ocrx_word' id='word_1_576' title='bbox 3623 3732 3701 3782; x_wconf 83' lang='lat' dir='ltr'><strong>vir</strong></span> <span class='ocrx_word' id='word_1_577' title='bbox 3722 3728 3821 3797; x_wconf 87' lang='lat' dir='ltr'><strong>qui-</strong></span> 
     </span>
    </p>
   </div>
   <div class='ocr_carea' id='block_1_73' title="bbox 2299 3816 3823 3887">
    <p class='ocr_par' dir='ltr' id='par_1_73' title="bbox 2299 3816 3823 3887">
     <span class='ocr_line' id='line_1_73' title="bbox 2299 3816 3823 3887; baseline 0.003 -16"><span class='ocrx_word' id='word_1_578' title='bbox 2299 3818 2423 3872; x_wconf 83' lang='lat' dir='ltr'><strong>dam</strong></span> <span class='ocrx_word' id='word_1_579' title='bbox 2477 3823 2692 3873; x_wconf 87' lang='lat' dir='ltr'><strong>nomine</strong></span> <span class='ocrx_word' id='word_1_580' title='bbox 2758 3820 3024 3873; x_wconf 81' lang='lat' dir='ltr'><strong>Abtlollab</strong></span> <span class='ocrx_word' id='word_1_581' title='bbox 3076 3819 3423 3874; x_wconf 72' lang='lat' dir='ltr'><strong>Alblolitaseb</strong></span> <span class='ocrx_word' id='word_1_582' title='bbox 3472 3820 3683 3883; x_wconf 86' lang='lat' dir='ltr'><strong>billahi,</strong></span> <span class='ocrx_word' id='word_1_583' title='bbox 3730 3816 3823 3887; x_wconf 68' lang='lat' dir='ltr'><strong>qui.</strong></span> 
     </span>
    </p>
   </div>
   <div class='ocr_carea' id='block_1_74' title="bbox 2304 3906 3822 3977">
    <p class='ocr_par' dir='ltr' id='par_1_74' title="bbox 2304 3906 3822 3977">
     <span class='ocr_line' id='line_1_74' title="bbox 2304 3906 3822 3977; baseline -0.001 -18"><span class='ocrx_word' id='word_1_584' title='bbox 2304 3906 2441 3961; x_wconf 84' lang='lat' dir='ltr'><strong>fusis</strong></span> <span class='ocrx_word' id='word_1_585' title='bbox 2471 3908 2626 3961; x_wconf 75' lang='lat' dir='ltr'><strong>Ebnil</strong></span> <span class='ocrx_word' id='word_1_586' title='bbox 2660 3909 2847 3977; x_wconf 79' lang='lat' dir='ltr'><strong>Aglabi</strong></span> <span class='ocrx_word' id='word_1_587' title='bbox 2897 3910 3093 3977; x_wconf 79' lang='lat' dir='ltr'><strong>capiis,</strong></span> <span class='ocrx_word' id='word_1_588' title='bbox 3148 3910 3408 3977; x_wconf 70' lang='lat' dir='ltr'><strong>caesisque</strong></span> <span class='ocrx_word' id='word_1_589' title='bbox 3436 3910 3610 3977; x_wconf 84' lang='lat' dir='ltr'><strong>ipsius</strong></span> <span class='ocrx_word' id='word_1_590' title='bbox 3643 3908 3822 3963; x_wconf 74' lang='lat' dir='ltr'><strong>coniti-</strong></span> 
     </span>
    </p>
   </div>
   <div class='ocr_carea' id='block_1_75' title="bbox 2304 3995 3823 4068">
    <p class='ocr_par' dir='ltr' id='par_1_75' title="bbox 2304 3995 3823 4068">
     <span class='ocr_line' id='line_1_75' title="bbox 2304 3995 3823 4068; baseline -0.001 -19"><span class='ocrx_word' id='word_1_591' title='bbox 2304 3996 2429 4061; x_wconf 87' lang='lat' dir='ltr'><strong>bus,</strong></span> <span class='ocrx_word' id='word_1_592' title='bbox 2462 3995 2807 4051; x_wconf 86' lang='lat' dir='ltr'><strong>Occidentem</strong></span> <span class='ocrx_word' id='word_1_593' title='bbox 2843 3999 3149 4066; x_wconf 83' lang='lat' dir='ltr'><strong>occupavit.</strong></span> <span class='ocrx_word' id='word_1_594' title='bbox 3190 4000 3235 4051; x_wconf 81' lang='grc' dir='ltr'><strong>Δ</strong></span> <span class='ocrx_word' id='word_1_595' title='bbox 3264 4015 3373 4068; x_wconf 89' lang='lat' dir='ltr'><strong>quo</strong></span> <span class='ocrx_word' id='word_1_596' title='bbox 3428 3998 3643 4068; x_wconf 70' lang='lat' dir='ltr'><strong>fugiens</strong></span> <span class='ocrx_word' id='word_1_597' title='bbox 3685 3998 3823 4066; x_wconf 76' lang='lat' dir='ltr'><strong>lays-</strong></span> 
     </span>
    </p>
   </div>
   <div class='ocr_carea' id='block_1_76' title="bbox 2303 4086 3821 4147">
    <p class='ocr_par' dir='ltr' id='par_1_76' title="bbox 2303 4086 3821 4147">
     <span class='ocr_line' id='line_1_76' title="bbox 2303 4086 3821 4147; baseline -0.001 -10"><span class='ocrx_word' id='word_1_598' title='bbox 2303 4086 2563 4139; x_wconf 88' lang='lat' dir='ltr'><strong>datollahi</strong></span> <span class='ocrx_word' id='word_1_599' title='bbox 2616 4087 2730 4140; x_wconf 68' lang='lat' dir='ltr'><strong>libn</strong></span> <span class='ocrx_word' id='word_1_600' title='bbox 2785 4086 3121 4142; x_wconf 74' lang='lat' dir='ltr'><strong>Molrammed</strong></span> <span class='ocrx_word' id='word_1_601' title='bbox 3168 4088 3281 4141; x_wconf 81' lang='lat' dir='ltr'><strong>Ebn</strong></span> <span class='ocrx_word' id='word_1_602' title='bbox 3335 4088 3623 4147; x_wconf 81' lang='lat' dir='ltr'><strong>Abrabim,</strong></span> <span class='ocrx_word' id='word_1_603' title='bbox 3686 4087 3821 4139; x_wconf 82' lang='lat' dir='ltr'><strong>Ebnol</strong></span> 
     </span>
    </p>
   </div>
   <div class='ocr_carea' id='block_1_77' title="bbox 2301 4175 3822 4245">
    <p class='ocr_par' dir='ltr' id='par_1_77' title="bbox 2301 4175 3822 4245">
     <span class='ocr_line' id='line_1_77' title="bbox 2301 4175 3822 4245; baseline 0 -16"><span class='ocrx_word' id='word_1_604' title='bbox 2301 4175 2489 4244; x_wconf 71' lang='lat' dir='ltr'><strong>Aglab,</strong></span> <span class='ocrx_word' id='word_1_605' title='bbox 2554 4180 2849 4245; x_wconf 87' lang='lat' dir='ltr'><strong>assumptis</strong></span> <span class='ocrx_word' id='word_1_606' title='bbox 2894 4178 2994 4231; x_wconf 88' lang='lat' dir='ltr'><strong>sibi</strong></span> <span class='ocrx_word' id='word_1_607' title='bbox 3046 4179 3362 4234; x_wconf 82' lang='lat' dir='ltr'><strong>domesticis</strong></span> <span class='ocrx_word' id='word_1_608' title='bbox 3421 4194 3506 4241; x_wconf 59' lang='lat' dir='ltr'><strong>ac,</strong></span> <span class='ocrx_word' id='word_1_609' title='bbox 3537 4179 3822 4234; x_wconf 80' lang='lat' dir='ltr'><strong>necessariis</strong></span> 
     </span>
    </p>
   </div>
   <div class='ocr_carea' id='block_1_78' title="bbox 2301 4256 3821 4338">
    <p class='ocr_par' dir='ltr' id='par_1_78' title="bbox 2301 4256 3821 4338">
     <span class='ocr_line' id='line_1_78' title="bbox 2301 4256 3821 4338; baseline -0.003 -15"><span class='ocrx_word' id='word_1_610' title='bbox 2301 4269 2443 4333; x_wconf 87' lang='lat' dir='ltr'><strong>suis,</strong></span> <span class='ocrx_word' id='word_1_611' title='bbox 2491 4269 2543 4321; x_wconf 93' lang='lat' dir='ltr'><strong>in</strong></span> <span class='ocrx_word' id='word_1_612' title='bbox 2575 4266 2864 4338; x_wconf 71' lang='lat' dir='ltr'><strong>Egyptum</strong></span> <span class='ocrx_word' id='word_1_613' title='bbox 2896 4284 2955 4323; x_wconf 89' lang='lat' dir='ltr'><strong>se</strong></span> <span class='ocrx_word' id='word_1_614' title='bbox 2988 4270 3234 4334; x_wconf 85' lang='lat' dir='ltr'><strong>contulit,</strong></span> <span class='ocrx_word' id='word_1_615' title='bbox 3270 4284 3431 4337; x_wconf 86' lang='lat' dir='ltr'><strong>quam</strong></span> <span class='ocrx_word' id='word_1_616' title='bbox 3460 4256 3736 4337; x_wconf 76' lang='lat' dir='ltr'><strong>ingressus</strong></span> <span class='ocrx_word' id='word_1_617' title='bbox 3760 4275 3821 4319; x_wconf 76' lang='lat' dir='ltr'><strong>est</strong></span> 
     </span>
    </p>
   </div>
   <div class='ocr_carea' id='block_1_79' title="bbox 649 4359 3821 4440">
    <p class='ocr_par' dir='ltr' id='par_1_79' title="bbox 649 4359 3821 4440">
     <span class='ocr_line' id='line_1_79' title="bbox 649 4359 3821 4440; baseline 0 -12"><span class='ocrx_word' id='word_1_618' title='bbox 649 4382 828 4428; x_wconf 85' lang='lat' dir='ltr'><strong>essent</strong></span> <span class='ocrx_word' id='word_1_619' title='bbox 856 4372 1029 4440; x_wconf 86' lang='lat' dir='ltr'><strong>copiis</strong></span> <span class='ocrx_word' id='word_1_620' title='bbox 1059 4384 1250 4427; x_wconf 90' lang='lat' dir='ltr'><strong>contra</strong></span> <span class='ocrx_word' id='word_1_621' title='bbox 1287 4373 1717 4429; x_wconf 78' lang='lat' dir='ltr'><strong>Mobammedcm</strong></span> <span class='ocrx_word' id='word_1_622' title='bbox 1752 4373 1865 4427; x_wconf 82' lang='lat' dir='ltr'><strong>Ebn</strong></span> <span class='ocrx_word' id='word_1_623' title='bbox 1897 4374 1982 4427; x_wconf 77' lang='lat' dir='ltr'><strong>Ali</strong></span> <span class='ocrx_word' id='word_1_624' title='bbox 2016 4372 2189 4440; x_wconf 81' lang='lat' dir='ltr'><strong>Cbalij</strong></span> <span class='ocrx_word' id='word_1_625' title='bbox 2231 4370 2281 4428; x_wconf 88' lang='lat' dir='ltr'>D</span> <span class='ocrx_word' id='word_1_626' title='bbox 2309 4375 2493 4414; x_wconf 78' lang='lat' dir='ltr'><strong>mense</strong></span> <span class='ocrx_word' id='word_1_627' title='bbox 2544 4359 2842 4425; x_wconf 75' lang='lat' dir='ltr'><strong>Ramadan.</strong></span> <span class='ocrx_word' id='word_1_628' title='bbox 2895 4375 3038 4414; x_wconf 79' lang='lat' dir='ltr'><strong>anno</strong></span> <span class='ocrx_word' id='word_1_629' title='bbox 3084 4360 3458 4414; x_wconf 68' lang='lat' dir='ltr'><strong>ducentesimo</strong></span> <span class='ocrx_word' id='word_1_630' title='bbox 3502 4361 3821 4428; x_wconf 70' lang='grc' dir='ltr'><strong>ιοηιςειίωο</strong></span> 
     </span>
    </p>
   </div>
   <div class='ocr_carea' id='block_1_80' title="bbox 650 4460 2203 4531">
    <p class='ocr_par' dir='ltr' id='par_1_80' title="bbox 650 4460 2203 4531">
     <span class='ocr_line' id='line_1_80' title="bbox 650 4460 2203 4531; baseline -0.001 -18"><span class='ocrx_word' id='word_1_631' title='bbox 650 4477 823 4531; x_wconf 77' lang='lat' dir='ltr'><strong>Ipsum</strong></span> <span class='ocrx_word' id='word_1_632' title='bbox 854 4471 1221 4531; x_wconf 75' lang='lat' dir='ltr'><strong>oppugnatum</strong></span> <span class='ocrx_word' id='word_1_633' title='bbox 1254 4462 1484 4531; x_wconf 85' lang='lat' dir='ltr'><strong>prodiit;</strong></span> <span class='ocrx_word' id='word_1_634' title='bbox 1505 4471 1559 4515; x_wconf 87' lang='lat' dir='ltr'><strong>at</strong></span> <span class='ocrx_word' id='word_1_635' title='bbox 1580 4478 1701 4516; x_wconf 91' lang='lat' dir='ltr'><strong>cum</strong></span> <span class='ocrx_word' id='word_1_636' title='bbox 1726 4460 2031 4515; x_wconf 81' lang='lat' dir='ltr'><strong>nuntiatum</strong></span> <span class='ocrx_word' id='word_1_637' title='bbox 2058 4468 2203 4515; x_wconf 79' lang='lat' dir='ltr'><strong>esset</strong></span> 
     </span>
    </p>
   </div>
   <div class='ocr_carea' id='block_1_81' title="bbox 650 4550 2202 4622">
    <p class='ocr_par' dir='ltr' id='par_1_81' title="bbox 650 4550 2202 4622">
     <span class='ocr_line' id='line_1_81' title="bbox 650 4550 2202 4622; baseline -0.003 -15"><span class='ocrx_word' id='word_1_638' title='bbox 650 4553 777 4616; x_wconf 84' lang='lat' dir='ltr'><strong>illis,</strong></span> <span class='ocrx_word' id='word_1_639' title='bbox 812 4567 1005 4622; x_wconf 73' lang='lat' dir='ltr'><strong>magna</strong></span> <span class='ocrx_word' id='word_1_640' title='bbox 1050 4554 1223 4620; x_wconf 89' lang='lat' dir='ltr'><strong>ipsum</strong></span> <span class='ocrx_word' id='word_1_641' title='bbox 1262 4553 1609 4606; x_wconf 89' lang='lat' dir='ltr'><strong>multitudine</strong></span> <span class='ocrx_word' id='word_1_642' title='bbox 1639 4552 1963 4605; x_wconf 88' lang='lat' dir='ltr'><strong>instructum</strong></span> <span class='ocrx_word' id='word_1_643' title='bbox 2009 4550 2202 4617; x_wconf 87' lang='lat' dir='ltr'><strong>fuisse,</strong></span> 
     </span>
    </p>
   </div>
   <div class='ocr_carea' id='block_1_82' title="bbox 648 4640 2200 4707">
    <p class='ocr_par' dir='ltr' id='par_1_82' title="bbox 648 4640 2200 4707">
     <span class='ocr_line' id='line_1_82' title="bbox 648 4640 2200 4707; baseline -0.002 -10"><span class='ocrx_word' id='word_1_644' title='bbox 648 4642 849 4697; x_wconf 81' lang='lat' dir='ltr'><strong>reversi</strong></span> <span class='ocrx_word' id='word_1_645' title='bbox 886 4650 1049 4706; x_wconf 88' lang='lat' dir='ltr'><strong>sunt,</strong></span> <span class='ocrx_word' id='word_1_646' title='bbox 1081 4658 1188 4694; x_wconf 88' lang='lat' dir='ltr'><strong>una</strong></span> <span class='ocrx_word' id='word_1_647' title='bbox 1215 4657 1339 4696; x_wconf 88' lang='lat' dir='ltr'><strong>cum</strong></span> <span class='ocrx_word' id='word_1_648' title='bbox 1390 4641 1589 4696; x_wconf 88' lang='lat' dir='ltr'><strong>ducum</strong></span> <span class='ocrx_word' id='word_1_649' title='bbox 1637 4651 1799 4707; x_wconf 70' lang='lat' dir='ltr'><strong>cmtu,</strong></span> <span class='ocrx_word' id='word_1_650' title='bbox 1847 4640 2200 4704; x_wconf 87' lang='lat' dir='ltr'><strong>Phostatum;</strong></span> 
     </span>
    </p>
   </div>
   <div class='ocr_carea' id='block_1_83' title="bbox 651 4732 2201 4800">
    <p class='ocr_par' dir='ltr' id='par_1_83' title="bbox 651 4732 2201 4800">
     <span class='ocr_line' id='line_1_83' title="bbox 651 4732 2201 4800; baseline -0.001 -13"><span class='ocrx_word' id='word_1_651' title='bbox 651 4732 843 4787; x_wconf 74' lang='lat' dir='ltr'><strong>intlcin</strong></span> <span class='ocrx_word' id='word_1_652' title='bbox 875 4733 1098 4786; x_wconf 49' lang='lat' dir='ltr'><strong>Allizam</strong></span> <span class='ocrx_word' id='word_1_653' title='bbox 1130 4748 1185 4785; x_wconf 86' lang='lat' dir='ltr'><strong>se</strong></span> <span class='ocrx_word' id='word_1_654' title='bbox 1211 4732 1553 4799; x_wconf 82' lang='lat' dir='ltr'><strong>recipientes.</strong></span> <span class='ocrx_word' id='word_1_655' title='bbox 1580 4741 1772 4800; x_wconf 88' lang='lat' dir='ltr'><strong>pontes</strong></span> <span class='ocrx_word' id='word_1_656' title='bbox 1795 4732 1931 4785; x_wconf 89' lang='lat' dir='ltr'><strong>duos</strong></span> <span class='ocrx_word' id='word_1_657' title='bbox 1958 4733 2201 4786; x_wconf 88' lang='lat' dir='ltr'><strong>succisos</strong></span> 
     </span>
    </p>
   </div>
   <div class='ocr_carea' id='block_1_84' title="bbox 648 4822 2200 4890">
    <p class='ocr_par' dir='ltr' id='par_1_84' title="bbox 648 4822 2200 4890">
     <span class='ocr_line' id='line_1_84' title="bbox 648 4822 2200 4890; baseline -0.001 -12"><span class='ocrx_word' id='word_1_658' title='bbox 648 4825 1087 4884; x_wconf 75' lang='lat' dir='ltr'><strong>combusserunt,</strong></span> <span class='ocrx_word' id='word_1_659' title='bbox 1123 4838 1189 4875; x_wconf 90' lang='lat' dir='ltr'><strong>ne</strong></span> <span class='ocrx_word' id='word_1_660' title='bbox 1243 4824 1388 4890; x_wconf 88' lang='lat' dir='ltr'><strong>ipsos</strong></span> <span class='ocrx_word' id='word_1_661' title='bbox 1439 4828 1815 4889; x_wconf 85' lang='lat' dir='ltr'><strong>assequeretur</strong></span> <span class='ocrx_word' id='word_1_662' title='bbox 1866 4822 2200 4879; x_wconf 78' lang='lat' dir='ltr'><strong>loliammed</strong></span> 
     </span>
    </p>
   </div>
   <div class='ocr_carea' id='block_1_85' title="bbox 651 4912 2204 4985">
    <p class='ocr_par' dir='ltr' id='par_1_85' title="bbox 651 4912 2204 4985">
     <span class='ocr_line' id='line_1_85' title="bbox 651 4912 2204 4985; baseline 0 -18"><span class='ocrx_word' id='word_1_663' title='bbox 651 4912 765 4985; x_wconf 64' lang='lat' dir='ltr'><strong>Elin</strong></span> <span class='ocrx_word' id='word_1_664' title='bbox 814 4914 895 4965; x_wconf 82' lang='lat' dir='ltr'><strong>Alt</strong></span> <span class='ocrx_word' id='word_1_665' title='bbox 958 4912 1020 4965; x_wconf 83' lang='lat' dir='ltr'><strong>Al</strong></span> <span class='ocrx_word' id='word_1_666' title='bbox 1072 4912 1270 4980; x_wconf 81' lang='lat' dir='ltr'><strong>Chalij.</strong></span> <span class='ocrx_word' id='word_1_667' title='bbox 1325 4913 1569 4980; x_wconf 81' lang='lat' dir='ltr'><strong>Cumque</strong></span> <span class='ocrx_word' id='word_1_668' title='bbox 1622 4912 1757 4967; x_wconf 84' lang='lat' dir='ltr'><strong>alias</strong></span> <span class='ocrx_word' id='word_1_669' title='bbox 1816 4913 2041 4967; x_wconf 83' lang='lat' dir='ltr'><strong>subinde</strong></span> <span class='ocrx_word' id='word_1_670' title='bbox 2097 4914 2204 4967; x_wconf 85' lang='lat' dir='ltr'><strong>alio</strong></span> 
     </span>
    </p>
   </div>
   <div class='ocr_carea' id='block_1_86' title="bbox 650 5001 2202 5074">
    <p class='ocr_par' dir='ltr' id='par_1_86' title="bbox 650 5001 2202 5074">
     <span class='ocr_line' id='line_1_86' title="bbox 650 5001 2202 5074; baseline -0.004 -14"><span class='ocrx_word' id='word_1_671' title='bbox 650 5001 1009 5074; x_wconf 56' lang='lat'><strong>597—599</strong></span> <span class='ocrx_word' id='word_1_672' title='bbox 1039 5006 1527 5069; x_wconf 76' lang='lat' dir='ltr'><strong>proﬁciscerentur,</strong></span> <span class='ocrx_word' id='word_1_673' title='bbox 1554 5020 1696 5056; x_wconf 81' lang='lat' dir='ltr'><strong>nunc</strong></span> <span class='ocrx_word' id='word_1_674' title='bbox 1724 5003 1778 5056; x_wconf 92' lang='lat' dir='ltr'><strong>in</strong></span> <span class='ocrx_word' id='word_1_675' title='bbox 1799 5003 2202 5067; x_wconf 83' lang='lat' dir='ltr'><strong>Alexandriam,</strong></span> 
     </span>
    </p>
   </div>
   <div class='ocr_carea' id='block_1_87' title="bbox 652 5092 2197 5155">
    <p class='ocr_par' dir='ltr' id='par_1_87' title="bbox 652 5092 2197 5155">
     <span class='ocr_line' id='line_1_87' title="bbox 652 5092 2197 5155; baseline 0 -9"><span class='ocrx_word' id='word_1_676' title='bbox 652 5104 781 5146; x_wconf 88' lang='lat' dir='ltr'><strong>tunc</strong></span> <span class='ocrx_word' id='word_1_677' title='bbox 813 5093 867 5145; x_wconf 89' lang='lat' dir='ltr'><strong>in</strong></span> <span class='ocrx_word' id='word_1_678' title='bbox 904 5092 969 5144; x_wconf 80' lang='lat' dir='ltr'><strong>Al</strong></span> <span class='ocrx_word' id='word_1_679' title='bbox 1005 5092 1225 5145; x_wconf 77' lang='lat' dir='ltr'><strong>Saidum</strong></span> <span class='ocrx_word' id='word_1_680' title='bbox 1250 5132 1265 5155; x_wconf 89' lang='lat'><strong>,</strong></span> <span class='ocrx_word' id='word_1_681' title='bbox 1296 5093 1481 5145; x_wconf 87' lang='lat' dir='ltr'><strong>relicta</strong></span> <span class='ocrx_word' id='word_1_682' title='bbox 1509 5092 1610 5146; x_wconf 89' lang='lat' dir='ltr'><strong>fuit</strong></span> <span class='ocrx_word' id='word_1_683' title='bbox 1644 5096 1774 5147; x_wconf 85' lang='lat' dir='ltr'><strong>urbs</strong></span> <span class='ocrx_word' id='word_1_684' title='bbox 1812 5093 2035 5148; x_wconf 87' lang='lat' dir='ltr'><strong>Phostat</strong></span> <span class='ocrx_word' id='word_1_685' title='bbox 2077 5094 2197 5146; x_wconf 88' lang='lat' dir='ltr'><strong>sine</strong></span> 
     </span>
    </p>
   </div>
   <div class='ocr_carea' id='block_1_88' title="bbox 653 5182 2204 5253">
    <p class='ocr_par' dir='ltr' id='par_1_88' title="bbox 653 5182 2204 5253">
     <span class='ocr_line' id='line_1_88' title="bbox 653 5182 2204 5253; baseline 0.003 -19"><span class='ocrx_word' id='word_1_686' title='bbox 653 5182 981 5251; x_wconf 84' lang='lat' dir='ltr'><strong>imperatore</strong></span> <span class='ocrx_word' id='word_1_687' title='bbox 1006 5223 1022 5246; x_wconf 93' lang='lat'><strong>,</strong></span> <span class='ocrx_word' id='word_1_688' title='bbox 1054 5184 1223 5236; x_wconf 89' lang='lat' dir='ltr'><strong>aliove</strong></span> <span class='ocrx_word' id='word_1_689' title='bbox 1254 5182 1507 5251; x_wconf 77' lang='lat' dir='ltr'><strong>quodam,</strong></span> <span class='ocrx_word' id='word_1_690' title='bbox 1533 5185 2013 5251; x_wconf 85' lang='lat' dir='ltr'><strong>custodiebantque</strong></span> <span class='ocrx_word' id='word_1_691' title='bbox 2046 5199 2075 5237; x_wconf 88' lang='lat' dir='ltr'><strong>e</strong></span> <span class='ocrx_word' id='word_1_692' title='bbox 2108 5198 2204 5253; x_wconf 89' lang='lat' dir='ltr'><strong>po-</strong></span> 
     </span>
    </p>
   </div>
   <div class='ocr_carea' id='block_1_89' title="bbox 654 5272 2205 5347">
    <p class='ocr_par' dir='ltr' id='par_1_89' title="bbox 654 5272 2205 5347">
     <span class='ocr_line' id='line_1_89' title="bbox 654 5272 2205 5347; baseline 0.002 -24"><span class='ocrx_word' id='word_1_693' title='bbox 654 5273 783 5339; x_wconf 81' lang='lat' dir='ltr'><strong>pulo</strong></span> <span class='ocrx_word' id='word_1_694' title='bbox 812 5272 896 5323; x_wconf 88' lang='lat' dir='ltr'><strong>alii</strong></span> <span class='ocrx_word' id='word_1_695' title='bbox 924 5273 1059 5325; x_wconf 74' lang='lat' dir='ltr'><strong>alios</strong></span> <span class='ocrx_word' id='word_1_696' title='bbox 1090 5288 1182 5338; x_wconf 88' lang='lat' dir='ltr'><strong>per</strong></span> <span class='ocrx_word' id='word_1_697' title='bbox 1212 5275 1452 5341; x_wconf 85' lang='lat' dir='ltr'><strong>quinque</strong></span> <span class='ocrx_word' id='word_1_698' title='bbox 1483 5273 1617 5325; x_wconf 80' lang='lat' dir='ltr'><strong>dies.</strong></span> <span class='ocrx_word' id='word_1_699' title='bbox 1649 5272 1785 5324; x_wconf 85' lang='lat' dir='ltr'><strong>Tum</strong></span> <span class='ocrx_word' id='word_1_700' title='bbox 1832 5274 2019 5347; x_wconf 75' lang='lat' dir='ltr'><strong>urbem</strong></span> <span class='ocrx_word' id='word_1_701' title='bbox 2047 5272 2205 5326; x_wconf 74' lang='lat' dir='ltr'><strong>blesri</strong></span> 
     </span>
    </p>
   </div>
   <div class='ocr_carea' id='block_1_90' title="bbox 656 5360 2207 5430">
    <p class='ocr_par' dir='ltr' id='par_1_90' title="bbox 656 5360 2207 5430">
     <span class='ocr_line' id='line_1_90' title="bbox 656 5360 2207 5430; baseline 0.003 -16"><span class='ocrx_word' id='word_1_702' title='bbox 656 5360 941 5427; x_wconf 78' lang='lat' dir='ltr'><strong>ingressus</strong></span> <span class='ocrx_word' id='word_1_703' title='bbox 979 5372 1062 5415; x_wconf 86' lang='lat' dir='ltr'><strong>est</strong></span> <span class='ocrx_word' id='word_1_704' title='bbox 1091 5362 1424 5417; x_wconf 75' lang='lat' dir='ltr'><strong>Multamtned</strong></span> <span class='ocrx_word' id='word_1_705' title='bbox 1472 5363 1586 5418; x_wconf 84' lang='lat' dir='ltr'><strong>Ebn</strong></span> <span class='ocrx_word' id='word_1_706' title='bbox 1621 5363 1699 5415; x_wconf 78' lang='lat' dir='ltr'><strong>Ali</strong></span> <span class='ocrx_word' id='word_1_707' title='bbox 1733 5362 1907 5430; x_wconf 82' lang='lat' dir='ltr'><strong>Chahj</strong></span> <span class='ocrx_word' id='word_1_708' title='bbox 1939 5364 2026 5415; x_wconf 83' lang='lat' dir='ltr'><strong>die</strong></span> <span class='ocrx_word' id='word_1_709' title='bbox 2059 5362 2207 5418; x_wconf 68' lang='lat' dir='ltr'><strong>lovis</strong></span> 
     </span>
    </p>
   </div>
   <div class='ocr_carea' id='block_1_91' title="bbox 656 5437 2205 5520">
    <p class='ocr_par' dir='ltr' id='par_1_91' title="bbox 656 5437 2205 5520">
     <span class='ocr_line' id='line_1_91' title="bbox 656 5437 2205 5520; baseline 0 -15"><span class='ocrx_word' id='word_1_710' title='bbox 656 5451 869 5505; x_wconf 55' lang='lat' dir='ltr'><strong>decimo</strong></span> <span class='ocrx_word' id='word_1_711' title='bbox 927 5462 1121 5520; x_wconf 85' lang='lat' dir='ltr'><strong>quarto</strong></span> <span class='ocrx_word' id='word_1_712' title='bbox 1160 5466 1285 5507; x_wconf 85' lang='lat' dir='ltr'><strong>ante</strong></span> <span class='ocrx_word' id='word_1_713' title='bbox 1338 5455 1543 5507; x_wconf 75' lang='lat' dir='ltr'><strong>tinnitum</strong></span> <span class='ocrx_word' id='word_1_714' title='bbox 1593 5470 1827 5508; x_wconf 87' lang='lat' dir='ltr'><strong>mensem</strong></span> <span class='ocrx_word' id='word_1_715' title='bbox 1880 5453 1959 5505; x_wconf 72' lang='grc' dir='ltr'><strong>[Μ</strong></span> <span class='ocrx_word' id='word_1_716' title='bbox 1989 5437 2205 5515; x_wconf 67' lang='lat' dir='ltr'><strong>Kaadze,</strong></span> 
     </span>
    </p>
   </div>
   <div class='ocr_carea' id='block_1_92' title="bbox 660 5544 2210 5614">
    <p class='ocr_par' dir='ltr' id='par_1_92' title="bbox 660 5544 2210 5614">
     <span class='ocr_line' id='line_1_92' title="bbox 660 5544 2210 5614; baseline 0.001 -17"><span class='ocrx_word' id='word_1_717' title='bbox 660 5558 803 5599; x_wconf 84' lang='lat' dir='ltr'><strong>anno</strong></span> <span class='ocrx_word' id='word_1_718' title='bbox 826 5544 1200 5599; x_wconf 74' lang='lat' dir='ltr'><strong>ducentesimo</strong></span> <span class='ocrx_word' id='word_1_719' title='bbox 1225 5548 1572 5614; x_wconf 76' lang='lat' dir='ltr'><strong>nonagesimo</strong></span> <span class='ocrx_word' id='word_1_720' title='bbox 1592 5548 1852 5608; x_wconf 84' lang='lat' dir='ltr'><strong>secundo,</strong></span> <span class='ocrx_word' id='word_1_721' title='bbox 1880 5546 2059 5613; x_wconf 82' lang='lat' dir='ltr'><strong>ibique</strong></span> <span class='ocrx_word' id='word_1_722' title='bbox 2086 5553 2210 5598; x_wconf 89' lang='lat' dir='ltr'><strong>octo</strong></span> 
     </span>
    </p>
   </div>
   <div class='ocr_carea' id='block_1_93' title="bbox 665 5638 2200 5706">
    <p class='ocr_par' dir='ltr' id='par_1_93' title="bbox 665 5638 2200 5706">
     <span class='ocr_line' id='line_1_93' title="bbox 665 5638 2200 5706; baseline 0.001 -17"><span class='ocrx_word' id='word_1_723' title='bbox 665 5650 880 5691; x_wconf 83' lang='lat' dir='ltr'><strong>menses</strong></span> <span class='ocrx_word' id='word_1_724' title='bbox 910 5638 1172 5701; x_wconf 84' lang='lat' dir='ltr'><strong>substitit,</strong></span> <span class='ocrx_word' id='word_1_725' title='bbox 1214 5654 1345 5705; x_wconf 88' lang='lat' dir='ltr'><strong>opes</strong></span> <span class='ocrx_word' id='word_1_726' title='bbox 1381 5639 1673 5706; x_wconf 77' lang='lat' dir='ltr'><strong>colligens;</strong></span> <span class='ocrx_word' id='word_1_727' title='bbox 1704 5643 1976 5706; x_wconf 77' lang='lat' dir='ltr'><strong>crevitque</strong></span> <span class='ocrx_word' id='word_1_728' title='bbox 2009 5653 2200 5705; x_wconf 69' lang='lat' dir='ltr'><strong>porcu-</strong></span> 
     </span>
    </p>
   </div>
   <div class='ocr_carea' id='block_1_94' title="bbox 666 5725 2193 5797">
    <p class='ocr_par' dir='ltr' id='par_1_94' title="bbox 666 5725 2193 5797">
     <span class='ocr_line' id='line_1_94' title="bbox 666 5725 2193 5797; baseline 0.001 -18"><span class='ocrx_word' id='word_1_729' title='bbox 666 5725 737 5780; x_wconf 84' lang='lat' dir='ltr'><strong>tia</strong></span> <span class='ocrx_word' id='word_1_730' title='bbox 764 5727 948 5797; x_wconf 79' lang='lat' dir='ltr'><strong>ipsius.</strong></span> <span class='ocrx_word' id='word_1_731' title='bbox 969 5727 1104 5782; x_wconf 83' lang='lat' dir='ltr'><strong>Tum</strong></span> <span class='ocrx_word' id='word_1_732' title='bbox 1137 5731 1548 5783; x_wconf 69' lang='lat' dir='ltr'><strong>adventantibus</strong></span> <span class='ocrx_word' id='word_1_733' title='bbox 1575 5729 1844 5783; x_wconf 72' lang='lat' dir='ltr'><strong>Allluctnli</strong></span> <span class='ocrx_word' id='word_1_734' title='bbox 1875 5731 2041 5797; x_wconf 72' lang='lat' dir='ltr'><strong>copiis</strong></span> <span class='ocrx_word' id='word_1_735' title='bbox 2069 5744 2193 5781; x_wconf 85' lang='lat' dir='ltr'><strong>cum</strong></span> 
     </span>
    </p>
   </div>
   <div class='ocr_carea' id='block_1_95' title="bbox 2300 4447 3821 4520">
    <p class='ocr_par' dir='ltr' id='par_1_95' title="bbox 2300 4447 3821 4520">
     <span class='ocr_line' id='line_1_95' title="bbox 2300 4447 3821 4520; baseline -0.003 -17"><span class='ocrx_word' id='word_1_736' title='bbox 2300 4462 2486 4514; x_wconf 85' lang='lat' dir='ltr'><strong>sexto;</strong></span> <span class='ocrx_word' id='word_1_737' title='bbox 2522 4460 2633 4503; x_wconf 93' lang='lat' dir='ltr'><strong>tum</strong></span> <span class='ocrx_word' id='word_1_738' title='bbox 2667 4450 2733 4504; x_wconf 86' lang='lat' dir='ltr'><strong>ad</strong></span> <span class='ocrx_word' id='word_1_739' title='bbox 2768 4450 3011 4504; x_wconf 82' lang='lat' dir='ltr'><strong>Ramlam</strong></span> <span class='ocrx_word' id='word_1_740' title='bbox 3066 4449 3360 4518; x_wconf 85' lang='lat' dir='ltr'><strong>profectus,</strong></span> <span class='ocrx_word' id='word_1_741' title='bbox 3401 4449 3744 4520; x_wconf 76' lang='lat'><strong>501-503</strong></span> <span class='ocrx_word' id='word_1_742' title='bbox 3768 4447 3821 4499; x_wconf 82' lang='lat' dir='ltr'><strong>ibi</strong></span> 
     </span>
    </p>
   </div>
   <div class='ocr_carea' id='block_1_96' title="bbox 2302 4538 3820 4596">
    <p class='ocr_par' dir='ltr' id='par_1_96' title="bbox 2302 4538 3820 4596">
     <span class='ocr_line' id='line_1_96' title="bbox 2302 4538 3820 4596; baseline -0.004 -1"><span class='ocrx_word' id='word_1_743' title='bbox 2302 4544 2474 4596; x_wconf 85' lang='lat' dir='ltr'><strong>donec</strong></span> <span class='ocrx_word' id='word_1_744' title='bbox 2524 4543 2664 4596; x_wconf 79' lang='lat' dir='ltr'><strong>diem</strong></span> <span class='ocrx_word' id='word_1_745' title='bbox 2722 4542 2899 4596; x_wconf 88' lang='lat' dir='ltr'><strong>obiret</strong></span> <span class='ocrx_word' id='word_1_746' title='bbox 2947 4556 3008 4596; x_wconf 82' lang='lat' dir='ltr'><strong>se</strong></span> <span class='ocrx_word' id='word_1_747' title='bbox 3059 4542 3346 4596; x_wconf 88' lang='lat' dir='ltr'><strong>continuit.</strong></span> <span class='ocrx_word' id='word_1_748' title='bbox 3415 4543 3536 4596; x_wconf 74' lang='lat' dir='ltr'><strong>Abu</strong></span> <span class='ocrx_word' id='word_1_749' title='bbox 3596 4538 3820 4595; x_wconf 81' lang='lat' dir='ltr'><strong>Abdollah</strong></span> 
     </span>
    </p>
   </div>
   <div class='ocr_carea' id='block_1_97' title="bbox 2299 4631 3820 4701">
    <p class='ocr_par' dir='ltr' id='par_1_97' title="bbox 2299 4631 3820 4701">
     <span class='ocr_line' id='line_1_97' title="bbox 2299 4631 3820 4701; baseline -0.001 -14"><span class='ocrx_word' id='word_1_750' title='bbox 2299 4634 2650 4689; x_wconf 76' lang='lat' dir='ltr'><strong>Almobtaseb</strong></span> <span class='ocrx_word' id='word_1_751' title='bbox 2718 4648 2866 4699; x_wconf 82' lang='lat' dir='ltr'><strong>vero,</strong></span> <span class='ocrx_word' id='word_1_752' title='bbox 2926 4634 3015 4701; x_wconf 91' lang='lat' dir='ltr'><strong>qui</strong></span> <span class='ocrx_word' id='word_1_753' title='bbox 3086 4633 3139 4686; x_wconf 87' lang='lat' dir='ltr'><strong>iu</strong></span> <span class='ocrx_word' id='word_1_754' title='bbox 3206 4632 3491 4686; x_wconf 85' lang='lat' dir='ltr'><strong>occidente</strong></span> <span class='ocrx_word' id='word_1_755' title='bbox 3554 4631 3820 4687; x_wconf 82' lang='lat' dir='ltr'><strong>rebellavit.</strong></span> 
     </span>
    </p>
   </div>
   <div class='ocr_carea' id='block_1_98' title="bbox 2298 4722 3819 4794">
    <p class='ocr_par' dir='ltr' id='par_1_98' title="bbox 2298 4722 3819 4794">
     <span class='ocr_line' id='line_1_98' title="bbox 2298 4722 3819 4794; baseline -0.006 -14"><span class='ocrx_word' id='word_1_756' title='bbox 2298 4726 2585 4793; x_wconf 87' lang='lat' dir='ltr'><strong>quemdam</strong></span> <span class='ocrx_word' id='word_1_757' title='bbox 2636 4725 2727 4794; x_wconf 89' lang='lat' dir='ltr'><strong>qui</strong></span> <span class='ocrx_word' id='word_1_758' title='bbox 2788 4740 2848 4779; x_wconf 90' lang='lat' dir='ltr'><strong>se</strong></span> <span class='ocrx_word' id='word_1_759' title='bbox 2915 4724 3186 4778; x_wconf 82' lang='lat' dir='ltr'><strong>Aliensem</strong></span> <span class='ocrx_word' id='word_1_760' title='bbox 3246 4722 3584 4791; x_wconf 68' lang='lat' dir='ltr'><strong>praedicavit,</strong></span> <span class='ocrx_word' id='word_1_761' title='bbox 3642 4722 3819 4777; x_wconf 77' lang='lat' dir='ltr'><strong>nomine</strong></span> 
     </span>
    </p>
   </div>
   <div class='ocr_carea' id='block_1_99' title="bbox 2301 4812 3819 4882">
    <p class='ocr_par' dir='ltr' id='par_1_99' title="bbox 2301 4812 3819 4882">
     <span class='ocr_line' id='line_1_99' title="bbox 2301 4812 3819 4882; baseline -0.007 -11"><span class='ocrx_word' id='word_1_762' title='bbox 2301 4816 2615 4871; x_wconf 87' lang='lat' dir='ltr'><strong>Obaidallab</strong></span> <span class='ocrx_word' id='word_1_763' title='bbox 2664 4822 2999 4882; x_wconf 87' lang='lat' dir='ltr'><strong>assumptum</strong></span> <span class='ocrx_word' id='word_1_764' title='bbox 3029 4814 3081 4867; x_wconf 91' lang='lat' dir='ltr'><strong>in</strong></span> <span class='ocrx_word' id='word_1_765' title='bbox 3114 4812 3251 4866; x_wconf 88' lang='lat' dir='ltr'><strong>solio</strong></span> <span class='ocrx_word' id='word_1_766' title='bbox 3296 4814 3604 4877; x_wconf 83' lang='lat' dir='ltr'><strong>collocavit,</strong></span> <span class='ocrx_word' id='word_1_767' title='bbox 3651 4813 3819 4877; x_wconf 71' lang='lat' dir='ltr'><strong>ﬁdeque</strong></span> 
     </span>
    </p>
   </div>
   <div class='ocr_carea' id='block_1_100' title="bbox 2302 4901 3816 4977">
    <p class='ocr_par' dir='ltr' id='par_1_100' title="bbox 2302 4901 3816 4977">
     <span class='ocr_line' id='line_1_100' title="bbox 2302 4901 3816 4977; baseline -0.008 -16"><span class='ocrx_word' id='word_1_768' title='bbox 2302 4908 2376 4961; x_wconf 93' lang='lat' dir='ltr'><strong>illi</strong></span> <span class='ocrx_word' id='word_1_769' title='bbox 2405 4909 2529 4960; x_wconf 88' lang='lat' dir='ltr'><strong>data</strong></span> <span class='ocrx_word' id='word_1_770' title='bbox 2572 4904 2866 4977; x_wconf 72' lang='lat' dir='ltr'><strong>[homines]</strong></span> <span class='ocrx_word' id='word_1_771' title='bbox 2924 4903 2991 4957; x_wconf 86' lang='lat' dir='ltr'><strong>ad</strong></span> <span class='ocrx_word' id='word_1_772' title='bbox 3030 4904 3200 4973; x_wconf 88' lang='lat' dir='ltr'><strong>ipsius</strong></span> <span class='ocrx_word' id='word_1_773' title='bbox 3234 4905 3555 4972; x_wconf 83' lang='lat' dir='ltr'><strong>obsequium</strong></span> <span class='ocrx_word' id='word_1_774' title='bbox 3592 4901 3816 4957; x_wconf 81' lang='lat' dir='ltr'><strong>invitavit.</strong></span> 
     </span>
    </p>
   </div>
   <div class='ocr_carea' id='block_1_101' title="bbox 2302 4991 3816 5054">
    <p class='ocr_par' dir='ltr' id='par_1_101' title="bbox 2302 4991 3816 5054">
     <span class='ocr_line' id='line_1_101' title="bbox 2302 4991 3816 5054; baseline -0.006 -2"><span class='ocrx_word' id='word_1_775' title='bbox 2302 5000 2386 5053; x_wconf 80' lang='lat' dir='ltr'><strong>Ali</strong></span> <span class='ocrx_word' id='word_1_776' title='bbox 2416 4999 2730 5054; x_wconf 88' lang='lat' dir='ltr'><strong>Obaidallah</strong></span> <span class='ocrx_word' id='word_1_777' title='bbox 2788 5012 2914 5050; x_wconf 86' lang='lat' dir='ltr'><strong>vero</strong></span> <span class='ocrx_word' id='word_1_778' title='bbox 2946 4996 3064 5050; x_wconf 77' lang='lat' dir='ltr'><strong>Abu</strong></span> <span class='ocrx_word' id='word_1_779' title='bbox 3119 4996 3479 5050; x_wconf 78' lang='lat' dir='ltr'><strong>Abdollabum</strong></span> <span class='ocrx_word' id='word_1_780' title='bbox 3514 4991 3816 5049; x_wconf 68' lang='lat' dir='ltr'><strong>Albiobtaselt</strong></span> 
     </span>
    </p>
   </div>
   <div class='ocr_carea' id='block_1_102' title="bbox 2304 5085 3813 5161">
    <p class='ocr_par' dir='ltr' id='par_1_102' title="bbox 2304 5085 3813 5161">
     <span class='ocr_line' id='line_1_102' title="bbox 2304 5085 3813 5161; baseline -0.009 -14"><span class='ocrx_word' id='word_1_781' title='bbox 2304 5094 2530 5147; x_wconf 87' lang='lat' dir='ltr'><strong>adortus</strong></span> <span class='ocrx_word' id='word_1_782' title='bbox 2586 5092 2761 5161; x_wconf 88' lang='lat' dir='ltr'><strong>ipsum</strong></span> <span class='ocrx_word' id='word_1_783' title='bbox 2813 5088 3107 5153; x_wconf 86' lang='lat' dir='ltr'><strong>interfecit,</strong></span> <span class='ocrx_word' id='word_1_784' title='bbox 3171 5097 3332 5157; x_wconf 86' lang='lat' dir='ltr'><strong>atque</strong></span> <span class='ocrx_word' id='word_1_785' title='bbox 3366 5088 3481 5157; x_wconf 90' lang='lat' dir='ltr'><strong>ipse</strong></span> <span class='ocrx_word' id='word_1_786' title='bbox 3514 5085 3813 5139; x_wconf 80' lang='lat' dir='ltr'><strong>occidentem</strong></span> 
     </span>
    </p>
   </div>
   <div class='ocr_carea' id='block_1_103' title="bbox 2303 5174 3814 5249">
    <p class='ocr_par' dir='ltr' id='par_1_103' title="bbox 2303 5174 3814 5249">
     <span class='ocr_line' id='line_1_103' title="bbox 2303 5174 3814 5249; baseline -0.012 -14"><span class='ocrx_word' id='word_1_787' title='bbox 2303 5181 2610 5249; x_wconf 86' lang='lat' dir='ltr'><strong>occupavit.</strong></span> <span class='ocrx_word' id='word_1_788' title='bbox 2650 5194 2794 5232; x_wconf 84' lang='lat' dir='ltr'><strong>anno</strong></span> <span class='ocrx_word' id='word_1_789' title='bbox 2848 5177 3221 5233; x_wconf 89' lang='lat' dir='ltr'><strong>ducentesimo</strong></span> <span class='ocrx_word' id='word_1_790' title='bbox 3258 5174 3612 5244; x_wconf 81' lang='lat' dir='ltr'><strong>nonagesimo</strong></span> <span class='ocrx_word' id='word_1_791' title='bbox 3640 5181 3814 5226; x_wconf 82' lang='lat' dir='ltr'><strong>octavo.</strong></span> 
     </span>
    </p>
   </div>
   <div class='ocr_carea' id='block_1_104' title="bbox 2304 5258 3813 5335">
    <p class='ocr_par' dir='ltr' id='par_1_104' title="bbox 2304 5258 3813 5335">
     <span class='ocr_line' id='line_1_104' title="bbox 2304 5258 3813 5335; baseline -0.006 -10"><span class='ocrx_word' id='word_1_792' title='bbox 2304 5274 2472 5326; x_wconf 78' lang='lat' dir='ltr'><strong>l’orro</strong></span> <span class='ocrx_word' id='word_1_793' title='bbox 2529 5268 2910 5335; x_wconf 72' lang='lat' dir='ltr'><strong>Albloktader,</strong></span> <span class='ocrx_word' id='word_1_794' title='bbox 2972 5270 3056 5322; x_wconf 80' lang='lat' dir='ltr'><strong>Ali</strong></span> <span class='ocrx_word' id='word_1_795' title='bbox 3116 5270 3225 5322; x_wconf 87' lang='lat' dir='ltr'><strong>Ebn</strong></span> <span class='ocrx_word' id='word_1_796' title='bbox 3284 5263 3626 5319; x_wconf 77' lang='lat' dir='ltr'><strong>Ilobammed</strong></span> <span class='ocrx_word' id='word_1_797' title='bbox 3681 5258 3813 5316; x_wconf 72' lang='grc' dir='ltr'><strong>ειωοι</strong></span> 
     </span>
    </p>
   </div>
   <div class='ocr_carea' id='block_1_105' title="bbox 2305 5351 3811 5427">
    <p class='ocr_par' dir='ltr' id='par_1_105' title="bbox 2305 5351 3811 5427">
     <span class='ocr_line' id='line_1_105' title="bbox 2305 5351 3811 5427; baseline -0.009 -12"><span class='ocrx_word' id='word_1_798' title='bbox 2305 5364 2539 5415; x_wconf 75' lang='lat' dir='ltr'><strong>Pliorato</strong></span> <span class='ocrx_word' id='word_1_799' title='bbox 2570 5360 2762 5426; x_wconf 87' lang='lat' dir='ltr'><strong>iratus,</strong></span> <span class='ocrx_word' id='word_1_800' title='bbox 2795 5376 2983 5416; x_wconf 88' lang='lat' dir='ltr'><strong>mense</strong></span> <span class='ocrx_word' id='word_1_801' title='bbox 3015 5358 3287 5427; x_wconf 66' lang='lat' dir='ltr'><strong>Dilllajjaz,</strong></span> <span class='ocrx_word' id='word_1_802' title='bbox 3311 5369 3456 5408; x_wconf 91' lang='lat' dir='ltr'><strong>anno</strong></span> <span class='ocrx_word' id='word_1_803' title='bbox 3477 5351 3811 5408; x_wconf 68' lang='lat' dir='ltr'><strong>ducentesima</strong></span> 
     </span>
    </p>
   </div>
   <div class='ocr_carea' id='block_1_106' title="bbox 2307 5439 3809 5522">
    <p class='ocr_par' dir='ltr' id='par_1_106' title="bbox 2307 5439 3809 5522">
     <span class='ocr_line' id='line_1_106' title="bbox 2307 5439 3809 5522; baseline -0.007 -17"><span class='ocrx_word' id='word_1_804' title='bbox 2307 5455 2654 5522; x_wconf 71' lang='lat' dir='ltr'><strong>noxiagesimo</strong></span> <span class='ocrx_word' id='word_1_805' title='bbox 2706 5468 2873 5519; x_wconf 89' lang='lat' dir='ltr'><strong>nono,</strong></span> <span class='ocrx_word' id='word_1_806' title='bbox 2926 5453 3099 5522; x_wconf 85' lang='lat' dir='ltr'><strong>ipsum</strong></span> <span class='ocrx_word' id='word_1_807' title='bbox 3168 5450 3221 5502; x_wconf 91' lang='lat' dir='ltr'><strong>in</strong></span> <span class='ocrx_word' id='word_1_808' title='bbox 3271 5460 3547 5501; x_wconf 80' lang='lat' dir='ltr'><strong>carcerem</strong></span> <span class='ocrx_word' id='word_1_809' title='bbox 3604 5439 3809 5509; x_wconf 67' lang='lat' dir='ltr'><strong>coniecit.</strong></span> 
     </span>
    </p>
   </div>
   <div class='ocr_carea' id='block_1_107' title="bbox 2308 5532 3807 5618">
    <p class='ocr_par' dir='ltr' id='par_1_107' title="bbox 2308 5532 3807 5618">
     <span class='ocr_line' id='line_1_107' title="bbox 2308 5532 3807 5618; baseline -0.009 -20"><span class='ocrx_word' id='word_1_810' title='bbox 2308 5546 2621 5618; x_wconf 78' lang='lat' dir='ltr'><strong>consiliario</strong></span> <span class='ocrx_word' id='word_1_811' title='bbox 2648 5546 2752 5599; x_wconf 89' lang='lat' dir='ltr'><strong>sibi</strong></span> <span class='ocrx_word' id='word_1_812' title='bbox 2783 5547 3080 5600; x_wconf 89' lang='lat' dir='ltr'><strong>constituto</strong></span> <span class='ocrx_word' id='word_1_813' title='bbox 3110 5539 3485 5593; x_wconf 79' lang='lat' dir='ltr'><strong>Mobammede</strong></span> <span class='ocrx_word' id='word_1_814' title='bbox 3520 5539 3633 5592; x_wconf 83' lang='lat' dir='ltr'><strong>Ebn</strong></span> <span class='ocrx_word' id='word_1_815' title='bbox 3660 5532 3807 5587; x_wconf 65' lang='lat' dir='ltr'><strong>AW</strong></span> 
     </span>
    </p>
   </div>
   <div class='ocr_carea' id='block_1_108' title="bbox 2318 5618 3805 5708">
    <p class='ocr_par' dir='ltr' id='par_1_108' title="bbox 2318 5618 3805 5708">
     <span class='ocr_line' id='line_1_108' title="bbox 2318 5618 3805 5708; baseline -0.009 -18"><span class='ocrx_word' id='word_1_816' title='bbox 2318 5636 2447 5702; x_wconf 74' lang='lat' dir='ltr'><strong>iani,</strong></span> <span class='ocrx_word' id='word_1_817' title='bbox 2481 5638 2595 5691; x_wconf 76' lang='grc' dir='ltr'><strong>Εὶηι</strong></span> <span class='ocrx_word' id='word_1_818' title='bbox 2624 5636 2836 5708; x_wconf 69' lang='lat' dir='ltr'><strong>Yaliyzc,</strong></span> <span class='ocrx_word' id='word_1_819' title='bbox 2871 5638 2982 5689; x_wconf 84' lang='lat' dir='ltr'><strong>Ebn</strong></span> <span class='ocrx_word' id='word_1_820' title='bbox 3012 5618 3287 5698; x_wconf 56' lang='lat' dir='ltr'><strong>Chttkann,</strong></span> <span class='ocrx_word' id='word_1_821' title='bbox 3318 5633 3407 5701; x_wconf 83' lang='lat' dir='ltr'><strong>qui</strong></span> <span class='ocrx_word' id='word_1_822' title='bbox 3442 5632 3805 5699; x_wconf 52' lang='lat' dir='ltr'><strong>cognomenti!!!”</strong></span> 
     </span>
    </p>
   </div>
   <div class='ocr_carea' id='block_1_109' title="bbox 2312 5720 3807 5789">
    <p class='ocr_par' dir='ltr' id='par_1_109' title="bbox 2312 5720 3807 5789">
     <span class='ocr_line' id='line_1_109' title="bbox 2312 5720 3807 5789; baseline -0.008 -8"><span class='ocrx_word' id='word_1_823' title='bbox 2312 5730 2498 5783; x_wconf 75' lang='lat' dir='ltr'><strong>habuit</strong></span> <span class='ocrx_word' id='word_1_824' title='bbox 2553 5728 2731 5782; x_wconf 72' lang='lat' dir='ltr'><strong>Daltlta</strong></span> <span class='ocrx_word' id='word_1_825' title='bbox 2784 5728 3023 5783; x_wconf 84' lang='lat' dir='ltr'><strong>Sedrabo</strong></span> <span class='ocrx_word' id='word_1_826' title='bbox 3062 5723 3309 5789; x_wconf 75' lang='lat' dir='ltr'><strong>{pulsans</strong></span> <span class='ocrx_word' id='word_1_827' title='bbox 3374 5732 3596 5786; x_wconf 63' lang='lat' dir='ltr'><strong>per-tus.</strong></span> <span class='ocrx_word' id='word_1_828' title='bbox 3665 5720 3807 5778; x_wconf 51' lang='lat' dir='ltr'><strong>news!</strong></span> 
     </span>
    </p>
   </div>
  </div>
