3962 6344
142 413 258 477 1119

1515 405 1871 472 ANNALES.

3088 457 3097 464 -
3161 414 3293 481 1l50

138 524 262 588 «μιοά
295 536 410 575 cum
448 521 568 589 quis
600 522 667 575 ab
696 537 760 575 eo
811 522 1009 590 aliquid
1049 530 1251 591 peteret
1298 529 1486 591 pectus
1538 522 1641 577 sibi
1674 523 1719 582 Α
1750 522 2075 579 instructum
2114 522 2378 577 exercitu.
2410 504 2599 576 Castra
2626 521 2789 592 igitur
2817 531 3115 591 posuerunt
3137 513 3291 577 exer-

137 617 329 682 pulsare
356 612 553 663 soleret
607 625 670 664 ac
694 611 905 665 dicere:
966 609 1096 673 lino,
1151 610 1391 665 exhibito
1420 612 1511 666 tibi
1552 613 1650 666 ho-

134 713 272 754 nore.
301 697 451 750 Anno
479 697 766 754 chalifatus
799 698 1159 752 Aanktaderi
1193 700 1350 755 tertio
1382 690 1651 754 constitu-

132 799 211 842 :us
235 796 315 843 est
346 786 451 841 Leo
488 788 792 856 patriarcha
823 786 1360 857 Hierosolymitanus,
1410 789 1501 856 qui
1554 803 1650 841 an-

132 891 223 931 nos
250 876 622 941 septemdecim
651 870 810 936 se'dit,
856 873 981 928 dein
1019 882 1261 929 mortuus
1291 881 1394 927 est.
1425 873 1564 938 Quin
1596 881 1649 927 et

128 963 460 1030 conﬂagravit
494 961 833 1017 Alexandria:
881 964 1108 1018 ecclesia
1142 978 1335 1033 magna
1384 977 1503 1032 qua:
1557 963 1649 1013 Al-

128 1054 356 1109 Kaisaria
416 1050 700 1123 [Caesaris]
742 1054 1003 1120 appellata
1034 1044 1138 1118 est,
1171 1053 1537 1122 templumque
1568 1052 1654 1105 fu-

124 1149 231 1197 erat
267 1139 409 1208 quod
459 1140 743 1208 Cleopatra
794 1141 978 1208 regina
1026 1140 1259 1195 Saturno
1298 1154 1511 1194 sacrum
1562 1154 1655 1191 ex-

124 1240 401 1293 struxerat,
453 1230 537 1283 die
571 1230 729 1294 luna,
760 1231 922 1284 tertio
962 1231 1162 1285 mensis
1202 1225 1458 1292 Shawali,
1492 1242 1635 1281 anno

126 1320 513 1375 trecentesimo.
614 1322 631 1383 ξ
1386 1369 1397 1378 ε
1492 1358 1493 1361 η

184 1410 255 1463 Εο
294 1425 436 1465 anno
472 1394 657 1465 mense
702 1408 869 1463 Rabia
916 1409 1213 1477 posteriore
1265 1410 1417 1464 misit
1454 1394 1650 1466 Obaid-

124 1500 254 1556 allab
297 1500 584 1569 quemdam
617 1514 648 1553 e
688 1498 919 1553 ducibus
952 1498 1085 1561 suis,
1133 1500 1350 1553 nomine
1380 1486 1647 1561 Habhasa,

124 1588 292 1643 multis
320 1590 644 1641 instructum
679 1588 869 1656 copiis,
905 1590 995 1659 qui
1026 1589 1249 1644 Barkam
1286 1593 1465 1660 cepit;
1499 1599 1645 1659 terga

122 1680 185 1733 illi
234 1678 490 1731 dantibus
526 1677 585 1733 Al
633 1676 945 1740 Moktaderi,
991 1680 1085 1747 qui
1117 1681 1188 1735 ibi
1232 1688 1389 1736 erant
1451 1681 1642 1749 copiis.

120 1770 264 1839 505
285 1769 423 1823 Tum
448 1771 825 1827 Alexandriam
858 1774 1151 1844 profectum
1182 1787 1356 1842 pugna
1385 1774 1455 1828 ibi
1483 1788 1638 1830 exce-

118 1866 299 1928 perunt
314 1860 378 1912 Al
401 1859 687 1916 Mokatderi
709 1840 1001 1928 exercitus,
1027 1840 1223 1933 quibus
1248 1840 1298 1917 in
1328 1863 1504 1933 fugam
1534 1879 1652 1918 ver-
1680 1840 1720 1896 Β

118 1949 188 2002 sis
213 1948 597 2004 Alexandriam
626 1954 786 2018 cepit.
814 1952 955 2007 Misit
978 1956 1138 2008 etiam
1164 1972 1193 2009 e
1219 1954 1330 2009 suis
1353 1954 1646 2010 exercitum

113 2040 386 2109 quemdam
435 2042 499 2094 Al
544 2040 878 2112 Phayumum
911 2053 981 2117 et.
1009 2045 1071 2097 Al
1106 2044 1405 2099 Babnasam
1449 2053 1651 2114 easque

113 2130 265 2199 cepit.
321 2129 494 2194 Cujus
548 2131 622 2184 rei
674 2146 793 2185 cum
844 2148 942 2201 per
984 2133 1193 2190 litteras
1236 2132 1645 2189 Ohaidallabum

112 2216 391 2271 certiorem
439 2217 681 2281 fecessit,
728 2220 873 2273 misit
902 2220 1014 2288 ipse
1044 2220 1110 2274 ad
1141 2237 1262 2274 eum
1293 2222 1457 2275 ﬁlium
1488 2238 1644 2276 suum

107 2306 522 2361 Abulkasemum
569 2309 657 2375 (in
708 2309 814 2361 alio
855 2311 1144 2378 exemplari
1202 2312 1396 2365 dicitur
1434 2312 1644 2367 Abdor-

114 2397 454 2459 rabmanum,
484 2412 609 2451 cum
635 2398 877 2453 exercitu
905 2401 1172 2470 magnoin
1204 2402 1476 2471 suppetias
1502 2404 1645 2457 Hab-

112 2484 301 2553 basm).
343 2484 463 2539 Fuit
496 2494 677 2539 autem
724 2489 1005 2555 praefectus
1033 2487 1247 2559 Ευριί
1280 2490 1481 2558 Taccin
1511 2491 1649 2546 Cha-

109 2576 360 2639 seleusis,
407 2576 473 2628 ad
524 2574 680 2642 quem
741 2578 888 2632 misit
914 2579 977 2631 Al
1030 2577 1304 2635 Moktader
1347 2582 1409 2635 Al
1451 2582 1645 2637 Kasem

106 2664 237 2719 Ebn.
263 2666 451 2729 Satna,
485 2681 591 2719 una
617 2682 739 2719 cum
772 2668 1001 2723 ducibus
1030 2670 1265 2739 aliquam
1302 2654 1508 2737 multis,
1543 2687 1645 2727 nec

104 2772 205 2811 non
240 2756 530 2811 llunasum
575 2758 907 2823 eunuchum,
938 2767 992 2813 et
1034 2758 1315 2826 ﬂavvaum,
1359 2776 1514 2831 opem
1571 2764 1645 2819 illi

105 2848 338 2901 laturos.
384 2845 450 2901 lli
485 2848 539 2901 in
576 2847 785 2901 Allizab
826 2848 1051 2917 profecti
1088 2851 1343 2920 populum
1384 2854 1449 2905 ad
1492 2855 1646 2908 auxi-

101 2935 226 2988 lium
272 2946 669 3001 convocaruut,
718 2953 949 3006 quorum
980 2938 1045 2991 ad
1077 2939 1225 3006 ipsos
1254 2941 1418 2995 armis
1447 2941 1647 2997 instru-

99 3026 167 3078 cti
196 3038 575 3081 convenerunt
602 3028 821 3082 circiter
847 3031 1054 3085 eenties
1083 3030 1247 3083 mille.
1276 3030 1636 3096 Quibuscum

1746 616 1884 671 citus
1918 616 1972 669 in
1997 615 2058 668 Al
2086 614 2267 679 Iizab;
2304 620 2433 667 tunc
2471 621 2650 666 autem
2684 618 2752 667 ab
2783 612 3139 668 Obaidallabn
3163 628 3293 666 cen-

1747 713 1856 756 tum
1898 718 2061 756 naves
2094 700 2305 756 bellicis
2354 701 2547 756 usibus
2594 709 2827 769 parata;
2870 718 3099 769 quarum
3138 714 3290 756 octo.

1746 795 1893 864 ginta
1946 808 2130 851 earum
2184 808 2323 858 quas
2361 793 2423 846 AI
2470 790 2664 845 Homul
2713 790 3033 863 [onerarias]
3073 801 3289 853 vocant.

1744 885 1941 954 viginti
1996 899 2179 937 earum
2235 900 2370 952 quas
2417 881 2684 937 Ashareni
2718 898 2731 934 :
2761 884 2882 953 quae
2931 881 2994 933 ad
3053 882 3289 935 R'asbid'r

1753 979 1956 1034 moenia
1995 978 2333 1046 appulerunt.
2368 974 2535 1043 Cujus
2570 972 2645 1026 rei
2682 986 2805 1025 cum
2839 970 3055 1038 scriptis
3102 971 3292 1026 litteris

1750 1070 1813 1123 Al
1869 1067 2234 1123 Hoktaderum
2288 1067 2567 1120 certiorem
2623 1062 2841 1118 fecisset
2889 1062 3098 1123 Muues,
3147 1062 3293 1123 misit

1752 1159 1842 1211 ille
1892 1159 2210 1211 Thamalum
2263 1155 2575 1209 eunuchum
2628 1168 2751 1207 cum
2808 1153 3039 1206 navibus
3089 1151 3295 1206 bellicis

1754 1248 2173 1317 quinquaginta.
2243 1245 2549 1300 Occurrens
2616 1257 2745 1321 ergo
2795 1230 2942 1311 ipsis
3000 1243 3296 1297 Thamalus

1755 1323 2128 1406 sosanaves
2160 1350 2346 1390 eorum
2386 1336 2692 1391 confractas
2728 1334 3004 1395 incendit,
3048 1334 3296 1401 plurimis

1746 1426 1983 1495 ipsorum
2013 1427 2166 1481 cassis
2191 1437 2243 1481 et
2271 1427 2596 1490 submersis,
2630 1426 2811 1480 multis
2845 1427 3005 1479 etiam
3035 1425 3087 1476 in
3126 1425 3287 1477 [idem

1746 1516 1915 1583 recipi
1972 1500 2031 1572 se
2078 1516 2404 1584 petentibus,
2449 1530 2544 1569 eos
2574 1524 2752 1591 autem
2784 1516 2876 1584 qui
2923 1516 2976 1568 in
3018 1514 3172 1568 ﬁdem
3210 1527 3296 1567 re-

1741 1605 1883 1673 cepti
1940 1604 2177 1669 fuerant,
2243 1606 2296 1657 in
2339 1604 2625 1675 Egyptum
2684 1605 2876 1659 misit:
2925 1604 3124 1672 quibus
3162 1603 3299 1657 dixit

1740 1694 1969 1764 populus
2008 1710 2025 1749 :
2064 1694 2318 1763 Quisquis
2380 1694 2541 1749 fuerit
2592 1710 2622 1749 e
2665 1696 2814 1748 vobis
2876 1694 3285 1755 Cethamensis,

1740 1778 1797 1837 se
1822 1799 1852 1837 a
1887 1782 2167 1847 Siciliotis,
2216 1783 2486 1841 Africanis
2534 1793 2599 1838 et
2635 1783 2979 1852 Tripolitanis
3028 1788 3294 1851 segreget.

1749 1872 1881 1926 Cum
1912 1872 2264 1927 secessissent
2293 1887 2421 1940 ergo
2448 1870 2511 1925 Al
2542 1872 2909 1933 Cetamenses,
2943 1872 3033 1941 qui
3068 1885 3295 1924 numero

1750 1960 1887 2015 ultra
1942 1960 2263 2031 quingentos
2311 1969 2487 2024 erant,
2522 1962 2735 2015 irruens
2782 1962 2835 2014 in
2869 1962 3016 2028 ipsns
3046 1960 3299 2028 populus,

1742 2051 1865 2106 illos
1894 2040 2012 2105 loco
2056 2053 2146 2121 qui
2177 2042 2664 2116 Amakasnicitur,
2700 2052 2844 2106 caede
2896 2050 3202 2116 turpissima
3235 2064 3300 2103 ac

1744 2140 2042 2197 fmdissima
2083 2142 2244 2197 simul
2290 2147 2333 2198 e‘
2369 2137 2545 2197 medio
2592 2142 2829 2197 sustulit.
2886 2141 3079 2195 Mansit
3120 2149 3298 2195 autem

1748 2230 1938 2305 Hunes
1982 2233 2267 2287 eunuclms
2298 2248 2419 2286 cum
2452 2232 2622 2299 copiis
2653 2233 2766 2286 suis
2797 2234 2848 2285 in
2883 2231 2940 2284 Al
2974 2231 3118 2285 lizah
3149 2230 3301 2283 hicn-
3337 2259 3341 2262 ν

1739 2322 1851 2383 nio,
1879 2321 2017 2375 vallo
2043 2321 2338 2375 exercitum
2369 2321 2631 2373 inunitum
2704 2320 2924 2373 habens.
2966 2317 3297 2373 AhulKasem

1741 2416 1919 2463 autem
1945 2408 2533 2469 Alexandriaemansit,
2562 2414 2719 2474 atque
2748 2406 2873 2461 inde
2900 2407 2962 2460 Al
2990 2405 3295 2473 Pbaymum

1744 2497 2023 2569 profectus
2076 2507 2179 2552 est.
2232 2496 2464 2565 Scripsit
2513 2511 2643 2564 ergo
2676 2496 2863 2548 Munus
2908 2495 3194 2549 eunuchus
3223 2493 3294 2547 ad

1751 2590 2070 2645 Tbamalum
2114 2589 2447 2653 eunuchum,
2482 2594 2542 2641 ut
2589 2602 2709 2638 cum
2750 2584 3142 2654 navibussuis
3174 2585 3298 2637 Aie-

1749 2679 2031 2733 xandriam
2068 2678 2257 2732 adiens
2285 2680 2497 2747 (neque
2526 2677 2668 2730 enim
2700 2676 3039 2730 Alexandria:
3086 2682 3239 2728 erant
3265 2688 3298 2727 e
3358 2666 3361 2667 ⁷

1744 2770 1917 2838 copiis
1942 2767 2322 2833 AbulKasemi,
2348 2775 2543 2836 pmtcr
2566 2766 2830 2820 trecentds
2860 2765 3083 2819 circiter
3106 2763 3297 2831 viros),

1745 2859 1865 2927 ejus
1909 2858 2114 2912 incolas
2156 2866 2485 2927 asportaret,
2527 2872 2626 2911 nec
2667 2862 2989 2924 quemquam
3036 2854 3107 2907 ibi
3143 2853 3300 2906 babi-

1747 2956 1868 3001 tare
1900 2948 2118 3002 sineret.
2166 2947 2546 3003 Alexandriam
2595 2962 2724 3021 ergo
2768 2961 2933 3000 naves
2966 2960 3099 2999 snas
3134 2943 3303 2997 addu-

1743 3050 1873 3089 cens
1901 3034 2216 3092 ‘l'bamalus.
2249 3049 2346 3103 per
2388 3050 2688 3105 pulmonem
2731 3036 2959 3091 monuit.
2986 3036 3028 3088 si
3062 3041 3301 3099 maneret

99 3096 432 3187 [ﬂabbasah]
464 3134 583 3171 cum
616 3120 791 3187 copiis
827 3120 943 3174 suis
968 3118 1022 3173 in
1064 3108 1349 3174 oceursum
1380 3121 1644 3182 venisset.
1676 3130 1719 3201 ε
1754 3124 2095 3177 Alexandria:
2132 3096 2533 3193 post'trid-uunt
2574 3124 2865 3194 quispiam,
2911 3138 2970 3179 se
3016 3123 3091 3177 illi
3138 3096 3302 3191 caput

103 3209 225 3273 ipsi,
258 3210 378 3263 acie
408 3204 891 3279 iustructa,'pugna
922 3211 1096 3277 ipsum
1125 3221 1637 3281 exceperunt,com-

100 3299 448 3367 missumque
476 3309 562 3353 est
600 3301 740 3353 inter
780 3303 928 3367 ipsos
972 3302 1215 3370 praelium
1263 3300 1383 3354 loco
1406 3303 1638 3369 quodam

100 3391 289 3446 insul:
314 3407 437 3459 qua:
457 3392 639 3445 Ardol‘
659 3391 909 3446 Cbamsiu
934 3391 1097 3462 [terra
1119 3387 1638 3460 quinquagenorum]

94 3480 268 3533 audit.
302 3482 363 3533 In
400 3481 605 3549 fugam‘
627 3491 807 3533 autem
854 3496 1043 3534 versus
1072 3488 1156 3536 est
1178 3472 1443 3543 'Habbasa
1487 3479 1639 3533 rasis

97 3571 392 3625 “mitibus
429 3570 601 3635 ipsius
628 3570 922 3637 peditibus,
952 3584 1091 3639 quos
1120 3571 1395 3625 insecutus
1427 3577 1511 3623 est
1542 3583 1640 3638 po-

92 3663 257 3729 pulus
289 3678 307 3715 :
338 3672 388 3712 at
421 3661 496 3713 illi
525 3662 577 3713 in
609 3661 864 3728 populum
898 3661 1075 3715 denuo
1096 3661 1339 3714 conversi
1366 3675 1639 3728 quoscun-

93 3766 201 3818 que
230 3752 430 3806 obvios
458 3753 761 3805 habuerunt
790 3752 1131 3807 interfecere.
1156 3753 1309 3817 Quod
1341 3767 1464 3805 eum
1505 3759 1642 3803 tem-

92 3856 229 3911 pore
269 3842 585 3907 vespertino
621 3842 960 3909 contigisset,
989 3843 1203 3894 diremit
1232 3857 1327 3895 eos
1352 3857 1479 3894 nox.
1503 3840 1639 3898 ακεὶ

1764 3221 2189 3280 amputaturum.
2245 3210 2503 3268 Homines
2538 3229 2667 3281 ergo
2724 3213 2908 3268 relicta
2963 3212 3303 3282 supellectile

1749 3318 1872 3365 sua,
1904 3312 1955 3357 et
1983 3317 2102 3370 qua:
2130 3302 2489 3371 possederunt
2510 3302 2780 3367 omnibus,
2806 3302 3116 3375 clausisque
3141 3302 3302 3358 ostiis

1755 3394 1891 3457 suis,
1922 3392 2126 3460 egressi
2157 3401 2286 3445 sunt
2336 3391 2662 3445 Alexandria
2695 3392 3081 3446 instar'eorum
3112 3395 3204 3462 qui
3238 3409 3300 3446 se

1745 3480 2043 3535 oblectandi
2066 3481 2234 3549 gratia
2254 3481 2635 3549 egrediuntur:
2660 3481 2986 3549 abduxitque
3004 3482 3303 3547 ip~osTba~

1748 3573 1922 3624 malus
1953 3570 2183 3623 navibus
2211 3570 2265 3623 in
2294 3570 2544 3632 insulam,
2574 3586 2693 3638 qua:
2722 3571 2899 3623 insula
2928 3571 3167 3632 Abukair
3196 3586 3298 3639 ap-

1746 3660 1977 3726 pellatur
2000 3674 2015 3710 :
2044 3658 2305 3711 submersi
2325 3669 2501 3711 autem
2522 3668 2650 3713 sunt
2671 3674 2737 3712 ex
2759 3653 2889 3721 ips's
2912 3659 2963 3713 in
2985 3659 3105 3712 Nilo
3121 3659 3297 3713 multi.

1745 3746 2093 3819 m5]!
2153 3746 2436 3801 Perierttnt
2485 3749 2648 3801 etiam
2688 3763 2875 3803 eorum
2932 3747 3071 3802 fame
3096 3758 3149 3801 et
3186 3750 3299 3815 siti,

1749 3836 1806 3889 in
1860 3835 2010 3905 pagis
2037 3845 2093 3890 et
2121 3835 2383 3899 Phostati.
2413 3820 2811 3891 ultraducenla
2843 3841 3076 3889 virorum
3105 3852 3208 3906 pue
3236 3853 3303 3891 o-

94 3938 278 3983 antem
312 3939 444 3983 sunt
468 3945 500 3999 e
534 3930 731 3997 popqu
755 3932 974 3983 circiter
1006 3932 1171 3983 vicies
1199 3931 1343 3983 mille
1367 3947 1383 3992 ;
1410 3947 1474 3984 ex
1502 3931 1643 3984 Hab-
1754 3942 1872 3980 rum
1902 3936 1954 3981 et
1978 3928 2261 3982 mulierum
2290 3928 2479 3984 milli».
2502 3927 2807 3996 Mansitque
2836 3930 2986 3982 locus
3006 3929 3299 3992 desolatus,

92 4017 241 4072 base
272 4019 537 4072 militibus
563 4019 745 4082 decies
773 4019 958 4072 mille:
994 4020 1301 4085 reversique
1325 4029 1451 4073 sunt
1481 4020 1643 4074 Obai-
1756 4016 1970 4069 nemine
2030 4017 2083 4070 in
2133 4018 2250 4085 ipso
2295 4030 2563 4071 manente.
2589 4016 2737 4071 Fecit
2789 4026 2964 4071 autem
3014 4018 3115 4089 hoc
3161 4016 3302 4071 Tha-

92 4109 447 4161 dallahisocii
496 4118 690 4173 noctu;
721 4109 972 4177 p0pulum
1002 4108 1343 4177 505-507
1370 4124 1495 4163 vero
1514 4094 1644 4163 (έθη-
1755 4104 1953 4165 malus,
1984 4119 2053 4158 ne
2087 4106 2151 4157 Al
2188 4103 2466 4175 Phayumo
2507 4104 2720 4160 rediens
2756 4105 3095 4161 AbulKasem
3126 4107 3302 4160 locum

98 4206 373 4250 vocarunt
414 4192 709 4263 prcc‘ones.
738 4196 917 4251 Rediit
941 4212 1068 4267 ergo
1111 4198 1250 4251 Atul
1278 4198 1469 4252 Kasem
1517 4214 1641 4253 cum
1760 4194 2030 4248 inveniret
2063 4196 2153 4248 ubi
2191 4196 2427 4264 hospitio
2470 4198 2828 4266 exciperetur.
2884 4196 3085 4252 Deinde
3115 4196 3302 4251 Ilunea

90 4287 397 4340 comitibus
426 4296 480 4339 et
512 4288 683 4355 copiis
724 4288 841 4347 suis
868 4289 925 4341 in
966 4287 1329 4341 occidentem.
1362 4289 1531 4343 Porro
1577 4288 1644 4343 Al
1749 4286 2032 4339 eunuchus
2064 4286 2311 4341 collectis
2360 4286 2552 4355 copiis,
2604 4298 2792 4341 contra
2841 4288 2993 4340 illum
3043 4286 3295 4353 AiPha-

92 4374 381 4428 luttader
404 4375 488 4427 Ali
509 4377 631 4428 Ebn
659 4374 993 4430 Nobammed
1020 4377 1135 4430 Ebn
1161 4377 1499 4437 Obaidallah,
1527 4379 1642 4431 Ebn
1673 4357 1681 4365 ’
1751 4375 1899 4441 yumi
1932 4382 2232 4428 manentem
2282 4376 2562 4444 prodieus,
2594 4376 2770 4444 ipsum
2806 4376 2859 4429 in
2897 4377 3075 4443 fugam
3114 4376 3296 4438 vertit,

92 4465 359 4536 Yabyyz,
406 4465 522 4519 Ebn
552 4467 810 4521 Chakano
839 4470 1032 4531 iratus,
1058 4469 1147 4524 die
1191 4468 1517 4523 lloharrami
1546 4459 1644 4523 de;
1678 4480 1724 4534 D
1752 4464 1909 4519 caesis
1953 4464 2127 4534 ipsius
2160 4464 2474 4526 comitibus.
2511 4474 2566 4520 et
2602 4465 2825 4534 direptis
2878 4480 3063 4519 eorum
3102 4465 3301 4534 opibus

92 4557 267 4633 cinno,
300 4570 446 4607 anno
500 4558 903 4628 trecentesimo,
939 4560 1115 4621 primo
1175 4556 1487 4629 [viaierum]
1540 4559 1643 4611 sibi
1739 4555 2057 4623 ceterisque
2099 4568 2221 4623 qua
2252 4554 2519 4609 habebant
2546 4556 2818 4610 omnibus.

94 4632 332 4699 adscivit
361 4646 500 4697 Alim
540 4632 707 4699 Ebuol
740 4644 964 4708 larrabi,
996 4661 1121 4715 squo
1151 4663 1342 4701 rursus
1370 4647 1645 4712 abdicato,
1821 4644 2056 4713 Fugiens
2083 4644 2212 4711 ergo
2258 4643 2595 4717 AbulKasem
2626 4661 2747 4700 cum
2773 4646 2961 4700 amicis
2994 4645 3109 4700 suis
3144 4644 3299 4698 Eira-

102 4727 298 4790 mense
324 4738 424 4789 Dill
459 4736 622 4805 Hajja:
657 4752 800 4791 anno
851 4739 1227 4793 trecentesimo
1276 4734 1459 4801 tertio,
1504 4738 1644 4792 Alim
1748 4746 1965 4790 Vanum
1998 4752 2058 4791 se
2082 4735 2348 4801 contulit;
2390 4736 2553 4806 idque
2584 4752 2770 4791 mense
2802 4736 2883 4789 Dil
2920 4735 3108 4805 Hajjz,
3156 4750 3298 4788 anno

93 4822 217 4876 Ebn
255 4822 621 4888 Nobammed,
661 4824 833 4879 Ebnol
873 4824 1097 4891 llosani,
1145 4826 1315 4880 Ebnol
1353 4826 1575 4891 Pborat,
1618 4841 1648 4881 e
1748 4826 2126 4880 trecentesimo
2158 4836 2383 4889 octavo,
2421 4835 2542 4895 post
2574 4828 2716 4894 quod
2744 4842 2867 4880 cum
2908 4826 3045 4879 duos
3077 4839 3291 4879 menses

90 4927 325 4966 carcere
354 4914 608 4974 eductum
643 4915 899 4968 viaierum
939 4919 1244 4982 constituit;
1275 4917 1468 4971 deinde
1497 4918 1651 4989 abdi-
1745 4915 2076 4970 substitisset
2104 4912 2287 4971 Ilunes
2322 4917 2628 4976 eunuchus.
2668 4916 2974 4985 Bagdadum
3015 4915 3181 4984 petiit.
3210 4928 3297 4965 re-

91 5015 284 5056 catum
314 5020 533 5059 rursum
560 5005 614 5057 in
644 5019 915 5060 carcerem
944 5009 1195 5075 conjecit,
1225 5007 1645 5062 mensclomada
1748 5006 1879 5059 llctu
1934 5009 2001 5089 in
2039 5005 2275 5077 Egypto
2326 5007 2514 5062 Heian
2567 5007 2679 5060 Ebu
2734 5006 2925 5061 Badar.
2972 5004 3293 5058 Alexandria

95 5093 299 5160 priori.
345 5109 489 5146 anno
523 5090 897 5150 trecentesimo
930 5105 1143 5164 quarto,
1173 5098 1228 5150 in
1273 5112 1468 5150 munus
1515 5096 1646 5149 illud

106 5185 348 5240 sull'ecto
388 5186 591 5239 Hamed
627 5187 797 5239 Ebnol
830 5187 1049 5241 Abbasi.
1087 5191 1245 5243 Anno
1276 5187 1653 5241 trecentesimo

88 5278 358 5345 septimo,
378 5278 597 5331 veniens
613 5293 677 5329 ex
693 5278 967 5331 occidente
983 5277 1651 5349 Abulkasemebaidallabi

88 5367 245 5421 filius
290 5384 413 5420 cum
459 5371 662 5435 centies
706 5367 851 5419 mille
896 5368 1026 5422 viris
1056 5370 1435 5424 Alexandriam
1490 5376 1650 5434 cepit,

94 5458 248 5511 unde
283 5466 426 5510 metu
459 5458 793 5511 consternati
836 5466 963 5511 sunt
996 5457 1211 5527 Egypti
1247 5459 1457 5512 incolae.
1498 5458 1651 5523 Cepit

86 5550 263 5601 etiam
297 5546 358 5602 ΔΙ
382 5550 713 5619 Phayumum
735 5560 788 5602 et
809 5550 869 5601 Al
908 5551 1298 5609 Babnasam,et
1327 5550 1553 5602 insulam
1585 5548 1650 5601 Al

90 5637 420 5690 Ahsuaarin.
446 5639 615 5706 Cujus
651 5640 728 5690 rei
758 5638 899 5691 fama
929 5652 1052 5691 cum
1084 5641 1148 5690 ad
1182 5639 1244 5691 Al
1276 5637 1644 5693 Iloktadcrum

94 5725 468 5793 tenuisset,
498 5730 645 5783 misit
682 5728 769 5782 ille
800 5727 1077 5783 Nunesum
1109 5730 1413 5782 cuuurbum
1450 5742 1642 5796 magno

1751 5107 1954 5165 autem,
1994 5113 2116 5153 cum
2165 5099 2368 5154 reversi
2405 5110 2589 5164 essent
2620 5108 2879 5169 quotquot
2916 5094 3299 5165 superfuerunt

1749 5204 1814 5243 ex
1856 5176 2283 5269 ipsiusjneolis,
2323 5205 2388 5245 ea
2448 5192 2643 5245 iterum
2679 5191 2818 5243 culta
2859 5196 2959 5243 est.
2994 5188 3164 5240 Porro
3192 5185 3299 5240 Leo

1756 5280 2059 5346 imperator
2085 5281 2279 5334 morbo
2303 5282 2451 5351 gravi
2486 5290 2785 5349 correptus.
2819 5294 2941 5332 cum
2978 5279 3295 5333 moriturum

1759 5384 1820 5422 se
1859 5364 2095 5433 timeret,
2132 5370 2374 5435 mittens,
2405 5370 2680 5425 Nicolaum
2721 5368 3106 5437 patriarcbam,
3136 5378 3293 5432 quem

1746 5458 1866 5511 loco
1896 5466 2159 5523 moverat,
2187 5461 2491 5523 accersivit,
2559 5460 2729 5527 ipsius
2774 5460 2998 5529 gratiam
3028 5456 3293 5517 ambiens,

1748 5564 1811 5601 ac
1840 5550 2018 5618 ipsum
2098 5551 2366 5604 cathedra
2426 5552 2686 5615 restituit,
2760 5558 2964 5605 semoto
3032 5546 3291 5597 Antbiruo

1748 5638 2076 5705 Ρθίτίποιη,
2110 5655 2269 5706 quem
2316 5640 2382 5692 ad
2427 5642 2811 5695 monasterium
2841 5638 3105 5706 quoddam
3139 5635 3287 5687 Cun-

1749 5730 2286 5799 stantiuopolitanum
2328 5747 2386 5787 se
2428 5734 2667 5799 recipere
2694 5732 2888 5797 jussit;
2925 5744 2974 5782 ιιι
3023 5744 3130 5794 quo
3161 5741 3282 5780 cum
