3962 6344
627 231 761 299 1151

628 440 703 493 illi
732 441 840 495 Leo
870 442 1187 512 imperator,
1233 448 1444 514 morbo,
1473 446 1582 521 quo
1617 452 1842 511 affectus
1864 470 2000 524 erat,

626 620 803 688 ipsum
862 622 1121 680 Romanis
1168 627 1335 683 frater
1383 631 1557 699 ipsius
1606 635 1918 692 Alexander
1971 620 2179 710 septem

621 724 820 773 annos,
873 712 994 767 dein
1050 712 1208 786 512
1266 732 1513 777 mortuus
1540 735 1642 789 est,
1686 732 2011 787 succedente
2071 735 2176 804 ipsi

621 798 986 881 Constantino
1014 807 1208 864 Leonis
1238 810 1366 873 lilio,
1397 816 1487 882 qui
1522 832 1695 871 annos
1726 830 1851 874 tunc
1880 833 2040 877 natus
2067 798 2186 880 erat

620 887 811 957 viginti
862 899 973 947 tres
1006 893 1119 962 (vel
1166 900 1469 955 secundum
1511 898 1654 959 aliud
1696 911 1972 979 exemplar
2012 915 2186 970 trede-

626 981 994 1075 cimCujus
1050 998 1246 1055 mater,
1303 996 1521 1050 nomine
1579 1000 1848 1070 Augusta,
1897 1006 2181 1076 imperium

632 1066 1068 1131 administrabat.
1131 1079 1275 1152 Misit
1324 1094 1501 1140 autem
1563 1066 2051 1163 revaulgarorum
2110 1100 2174 1154 ad

582 1158 583 1161 “
620 1159 1035 1226 Constantinum
1084 1166 1450 1249 Romanorum
1495 1176 1899 1249 imperatorem,
1932 1203 2176 1244 sororem

619 1250 794 1319 ipsius
822 1254 929 1307 filio
953 1270 1052 1309 suo
1099 1258 1150 1311 in
1195 1276 1414 1315 uxorem
1464 1281 1722 1336 poscens;
1779 1274 1830 1327 in
1859 1293 1988 1343 quo,
2034 1295 2177 1346 cum,

621 1357 731 1397 non
809 1359 1074 1402 annueret
1136 1353 1240 1421 ipsi
1306 1354 1726 1428 Constantinus,
1794 1369 1959 1420 multa
2035 1369 2179 1426 inter

621 1434 769 1503 ipsos
813 1442 1106 1495 commissa
1152 1454 1277 1498 sunt
1302 1449 1508 1516 praelia.
1545 1452 1677 1505 Cum
1713 1471 1841 1526 ergo
1867 1460 2001 1514 bella
2041 1474 2180 1519 Inter

620 1524 771 1593 ipsos
814 1531 1121 1585 continuari
1168 1535 1377 1589 videret
1412 1536 1667 1597 Nicoians
1707 1524 2036 1617 patriarcha,
2066 1569 2180 1607 me-

623 1626 793 1673 tuens
812 1634 879 1673 ne
907 1635 964 1674 se
990 1633 1180 1679 mutuo
1207 1628 1513 1695 perderent,
1538 1632 1729 1688 ducem
1758 1642 2048 1705 quemdam
2078 1658 2178 1698 no-

619 1708 765 1763 mine
810 1708 1129 1777 Domitium,
1176 1717 1445 1772 adscitum
1472 1721 1832 1780 Constantino
1856 1729 1908 1783 in
1950 1731 2175 1799 imperio

620 1798 1050 1863 administrando
1099 1806 1382 1874 adjunxit;
1435 1810 1706 1881 filiamque
1751 1816 1966 1872 Domitii
2019 1798 2177 1878 περ-

617 1897 787 1955 ptam,
834 1891 1192 1948 Constantino
1243 1898 1294 1949 in
1335 1915 1570 1970 ,uxorem
1623 1904 1769 1958 dedit
1812 1927 1825 1961 :
1868 1909 2177 1982 factumque

618 1990 704 2034 est
758 1991 815 2035 ut
863 1993 1002 2043 tres,
1045 1987 1249 2041 scilicet
1296 1989 1722 2061 Constantinus,
1773 1997 2074 2065 Domitius,
2121 2014 2175 2060 et

618 2070 1042 2140 Christopliorus
1086 2076 1303 2132 Domitii
1350 2082 1514 2147 filius,
1544 2083 1908 2144 Romanorum
1947 2094 2176 2163 impera-

618 2171 769 2217 tores
810 2166 1203 2234 salntarentur,
1232 2186 1292 2221 ac
1317 2174 1789 2243 simul.imperium
1828 2185 2176 2239 moderaren-

619 2260 726 2306 Inr.
779 2254 1115 2325 Domitioque
1147 2260 1307 2314 tiliam
1356 2279 1510 2317 suam
1560 2265 1908 2336 Bulgarorutn
1953 2276 2064 2345 regi
2116 2279 2172 2332 in

615 2356 837 2396 uxorem
869 2344 1054 2411 dante.
1103 2362 1386 2406 cessarunt
1430 2355 1575 2408 inter
1605 2359 1753 2427 ipsos
1792 2363 1951 2420 bella.
2004 2344 2174 2424 Porro

612 2431 958 2489 Almoctadcr
984 2433 1184 2491 viziero
1206 2439 1572 2518 [consiliario]
1614 2449 1975 2518 suollamedo
2002 2455 2173 2512 Ebnol

614 2525 804 2591 Abasi,
845 2528 1034 2593 iratus,
1076 2532 1255 2599 ipsum
1303 2546 1474 2590 morte
1502 2539 1748 2594 multavit
1791 2560 1976 2600 mense
2005 2543 2173 2604 [labia

616 2617 819 2685 priore,
896 2635 1042 2674 anno
1111 2627 1499 2682 trecentesimo
1569 2630 1782 2688 decimo
1837 2637 2044 2704 primo,
2121 2651 2176 2696 et

614 2707 754 2760 Alim
831 2708 947 2763 Ebn
1024 2710 1232 2768 Ahmed
1290 2715 1481 2771 Ebnol
1563 2720 1763 2776 Pborat
1820 2741 1871 2795 ep
1930 2743 2150 2786 carcere

614 2797 893 2860 eductum.
953 2800 1211 2856 vizierum
1279 2809 1587 2873 constituit,
1653 2829 1798 2869 nono
1862 2828 1989 2873 ante
2052 2821 2175 2877 lini-

612 2888 729 2940 ‘tum
764 2887 989 2943 Rabiam
1030 2894 1412 2960 posteriorem,
1476 2914 1622 2955 anno
1659 2909 2050 2964 trecentesimo
2077 2926 2175 2966 un-

614 2976 848 3045 decimo,
866 2982 1023 3035 tertia
1046 2982 1158 3051 jam
1185 2987 1323 3043 vice.
1343 2988 1646 3047 Moslemini
1672 3006 1850 3051 autem
1868 2999 2071 3057 Ramlie
2094 3011 2177 3058 tu-

617 3070 894 3135 tnultuati,
920 3073 1057 3126 duas
1079 3073 1453 3133 Melchitarum
1483 3083 1743 3140 ecclesias
1765 3088 2066 3158 diruerunt,
2098 3095 2173 3146 vi-

615 3158 811 3214 delicet
853 3161 1033 3217 Sancti
1061 3164 1298 3231 Kozmaz,
1332 3179 1386 3222 et
1410 3169 1594 3226 Sancti
1623 3173 1830 3245 Cyriaci
1850 3195 2068 3236 necnon
2093 3197 2191 3241 ec-.

618 3250 837 3305 ciesiam
872 3252 1219 3326 513-515
1250 3258 1669 3319 Askclanensem
1694 3276 1747 3320 et
1770 3268 2173 3339 Ca‘sariensein,

617 3339 778 3409 idque
811 3357 989 3397 mense
1018 3347 1233 3402 lomada
1268 3353 1589 3419 posteriore,
1632 3372 1770 3412 anno
1805 3363 2177 3418 trecentesimo

616 3433 923 3488 undecimo.
961 3436 1070 3501 Qua
1119 3441 1183 3494 de
1220 3456 1275 3495 re
1300 3458 1422 3496 cum
1480 3444 1770 3500 Christiani
1803 3451 2074 3517 querelam
2108 3452 2176 3508 ad

615 3520 1053 3606 Almoctaderum
1112 3530 1471 3600 detulissent,
1518 3535 1680 3606 jussit
1733 3553 1824 3592 eos
1874 3541 2179 3600 instaurare

616 3613 759 3681 quod
801 3600 928 3683 ips'is
961 3619 1192 3675 dirutum
1234 3621 1431 3678 fuerat.
1481 3600 1747 3681 concitati
1777 3631 1940 3685 etiam
1973 3631 2178 3690 Mosle-

616 3704 745 3758 mini
779 3705 993 3763 Tennisi
1030 3711 1312 3767 ecclesiam
1344 3714 1738 3786 Melchitarum,
1789 3736 1906 3788 quin
1947 3722 2046 3778 fuit
2078 3739 2177 3779 ex-

621 3808 699 3851 tra
731 3806 910 3855 arcem
934 3801 1176 3870 Tennisi,
1195 3808 1311 3875 qua!
1338 3809 1635 3877 appellatur
1657 3814 1889 3869 ecclesia
1913 3813 2175 3881 Buthaur,

620 3891 944 3957 diruerunt,
1015 3912 1200 3954 mense
1268 3898 1437 3966 Rajeb
1508 3919 1523 3956 :
1592 3899 1716 3958 dein
1780 3908 2179 3971 exstruentibus

617 3981 937 4038 Christianis
965 3986 1159 4041 ibidem
1181 3989 1484 4056 ecclesiam,
1510 4006 1632 4048 cum
1660 3980 1776 4049 eam
1804 4011 1969 4066 prope
2000 4000 2180 4053 absol-

618 4073 845 4137 vissent,
874 4075 1047 4129 denuo
1074 4079 1322 4133 concitati
1356 4079 1629 4136 Mosemini
1668 4083 1793 4138 illud
1831 4085 1971 4151 quod
2002 4087 2172 4141 fabri-

617 4175 877 4219 caverant
927 4166 1158 4220 dirutum
1194 4168 1565 4238 incenderunt,
1616 4182 1670 4225 at
1716 4189 1807 4229 rex
1849 4164 2171 4234 Christianis

620 4266 774 4320 opem
830 4252 949 4308 tulit
1001 4256 1135 4311 adeo
1182 4266 1240 4310 ut
1270 4259 1553 4314 ecclesiam
1598 4275 1749 4315 suam
1811 4275 2173 4321 exstruerem.

619 4316 791 4398 Porro
835 4345 1004 4399 iratus
1048 4346 1480 4404 Al—Moctaderns
1529 4351 1730 4406 viziero
2202 4348 2256 4408 D
2280 4316 2486 4412 gregali
2524 4316 2764 4412 ,Ψέόῇθῆ

622 4434 959 4501 Al-Phorat,
1008 4436 1184 4504 ipsum
1244 4448 1415 4494 morte
1472 4442 1738 4507 multavit,
1794 4454 1853 4498 ut
1901 4453 1956 4500 et
2013 4446 2176 4502 lilium

623 4527 791 4594 ipsius
818 4526 1153 4591 Molisenum,
1184 4544 1367 4586 mense
1390 4528 1558 4586 Rahia
1584 4534 1776 4601 priori.
1800 4550 1942 4592 anno
1969 4546 2181 4593 trecen-

623 4619 814 4673 tesimo
861 4619 1199 4688 duodecimo,
1243 4623 1294 4676 in
1339 4638 1536 4679 munus
1569 4625 1695 4679 illud
1743 4627 1970 4684 suffecto
1999 4630 2183 4697 Abdil-

623 4712 747 4766 laho
766 4751 783 4777 ,
813 4727 997 4767 mense
1024 4712 1239 4767 lomada
1276 4716 1595 4784 posteriore,
1629 4732 1770 4772 anno
1801 4723 2178 4778 trecentesimo

624 4804 833 4860 decimo
878 4815 1092 4874 quarto.
1115 4806 1383 4861 Concitati
1424 4806 1585 4860 etiam
1609 4807 1906 4865 Mosletnini
1940 4812 2182 4869 Damasci

626 4896 909 4951 ecclesiam
945 4896 1155 4952 Sancta:
1186 4895 1365 4951 “aria;
1393 4897 1711 4951 catholicam
1741 4901 2021 4956 diruerant
2043 4903 2185 4972 (quin

629 4989 803 5055 ampla
844 4988 1149 5051 admodum,
1198 5002 1387 5056 magna
1430 5004 1495 5043 ac
1524 4989 1741 5058 pulchra
1764 4986 1897 5056 “fuit;
1936 4993 1986 5045 in
2022 5007 2182 5061 quam

628 5086 846 5146 erogata
896 5076 1104 5132 fuerant
1135 5078 1361 5135 ducenta
1395 5095 1681 5135 aureorum
1713 5080 1924 5150 millia),
1961 5082 2184 5151 direptis

629 5183 747 5238 qua:
773 5167 825 5221 in
865 5183 925 5220 ea
979 5180 1135 5222 erant
1180 5171 1325 5225 vasis
1370 5174 1687 5240 exterisque
1742 5176 2071 5230 ornamentis
2122 5190 2185 5230 ac

631 5258 782 5313 velis.
823 5258 1060 5327 Spoliata
1094 5271 1219 5315 sunt
1248 5262 1411 5316 etiam
1449 5263 1791 5329 monasteria,
1824 5280 1887 5319 ac
1920 5265 2186 5334 praecipue

633 5350 1014 5404 monasterium
1049 5348 1367 5405 feminarum
1405 5367 1522 5418 qum
1546 5352 1699 5419 juxta
1733 5355 2014 5410 ecclesiam
2064 5354 2182 5410 fuit.

637 5438 1059 5509 Di-jeceruntque
1092 5442 1348 5507 ecclesias
1400 5441 1767 5498 Melchitarum
1818 5445 2011 5499 multas
2045 5461 2059 5498 :
2100 5446 2184 5500 di-

635 5538 863 5583 ruerunt-
888 5530 1063 5586 etiam
1079 5528 1515 5585 Nestorianorum
1539 5533 1820 5587 ecclesiam
1845 5550 1859 5598 ;
1894 5533 2056 5606 idque
2079 5549 2186 5588 me-

638 5620 724 5671 diu
747 5635 921 5673 tncnsc
946 5619 1109 5689 Rajeb
1123 5637 1261 5676 anno
1282 5623 1655 5678 trecentesimo
1668 5622 1829 5694 516
1840 5622 2179 5680 duodecimo.

1294 328 1301 335 _
1400 250 1405 257 '
1648 214 2877 334 EUI‘YClIllALEXANDRINIPATR..
2953 237 2998 282 θ

623 350 845 406 biennio
896 355 1209 423 mansisset,
1239 366 1486 416 mortuus
1508 352 1612 423 est.
1660 362 1941 433 Superfuit
1989 379 2166 423 autem
2197 371 2241 426 Δ
2273 370 2435 426 Porro
2472 374 2569 429 fuit
2613 378 2694 431 Ali

3687 279 3784 346 1152’

2749 380 2858 436 Ebn
2913 380 3010 437 [sae
3051 384 3281 442 Meecbie
3303 393 3369 444 ad
3414 407 3573 461 quem
3616 403 3781 469 scripsit

2046 459 2190 514 labo—
2290 463 2548 519 Abdollab
2585 468 2812 541 vizierus
2843 481 2899 527 ut
2940 474 2992 528 in
3019 475 3303 548 IEgyptum
3335 459 3606 544 pro—fectus
3635 488 3677 540 in
3707 459 3781 542 sta-

625 546 753 585 rans
809 550 1022 589 menses
1054 538 1280 606 aliquot,
1314 539 1435 595 dein
1464 542 1616 597 obiit.
1645 544 2043 619 lmperavitque
2068 562 2188 621 post
2291 565 2399 609 tum
2445 573 2558 621 ejus
2609 548 2672 612 ini

2291 565 2399 609 tum
2445 573 2558 626 ejus
2609 562 2927 629 inquireret.
2978 567 3059 620 Ali
3094 583 3222 638 ergo
3257 570 3366 625 Ebu
3413 572 3507 630 lsze
3553 576 3783 648 Egyptum

2290 646 2567 713 ingressus
2615 661 2696 704 est
2746 653 2898 707 initio
2944 658 3144 712 mensis
3190 658 3358 728 Rajeh
3398 681 3413 716 :
3450 666 3536 717 ubi
3568 646 3786 733 prehensis

2290 740 2571 792 monachis
2611 746 2664 792 et
2702 743 2980 811 episcopis,
3030 749 3285 804 tributum
3316 737 3399 803 ab.
3435 754 3563 819 ipsis
3609 761 3787 827 exegit:

2287 845 2494 897 nempe,
2523 830 2591 884 ab
2622 834 2867 887 omnibus
2900 845 3007 889 tam
3047 842 3321 896 monachis
3356 858 3512 918 quam
3543 845 3737 901 inﬁrmis
3754 860 3791 903 ct

2286 923 2633 989 pauperibus,
2670 940 2769 978 nec
2806 941 2909 979 non
2960 934 3298 987 monasteriis
3344 937 3589 989 omnibus
3625 954 3723 1005 qua:
3754 944 3791 994 in

2287 1013 2526 1066 inferiori
2560 1027 2707 1083 parte
2737 1020 2969 1085 regionis
2996 1019 3122 1073 Said
3150 1036 3322 1087 erant,
3347 1037 3508 1094 atque
3540 1028 3605 1080 ab
3630 1031 3794 1097 episce-

2283 1107 2365 1171 pis
2394 1115 2445 1159 et
2482 1111 2758 1166 monachis
2792 1112 2957 1178 quiin
2989 1116 3317 1169 monasterio
3356 1117 3515 1170 Milia.
3554 1099 3794 1173 Monachu-

2283 1211 2401 1249 rum
2422 1210 2549 1266 ergo
2576 1200 2793 1268 quidam
2824 1200 3052 1256 Erakum
3080 1204 3306 1271 profecti
3338 1206 3404 1257 ab
3429 1208 3491 1257 Al
3536 1208 3796 1269 Moltladeru

2282 1299 2435 1350 opem
2482 1289 2767 1354 petierunt.
2810 1284 2900 1359 qui
2937 1294 3153 1362 scripsit
3184 1296 3311 1364 ipsis
3360 1296 3564 1350 litteras
3598 1297 3795 1369 [jubcasl

2283 1391 2348 1427 ne
2394 1378 2462 1431 ab
2515 1379 2641 1446 ipsis
2670 1382 2970 1451 exigeretur
3011 1386 3288 1452 tributum,
3320 1398 3480 1452 atque
3513 1391 3689 1443 eodem
3713 1406 3795 1458 quo

2283 1466 2518 1521 solerent
2550 1471 2756 1538 pridem
2784 1488 2946 1527 cursu
2979 1474 3201 1528 fluerent
3240 1493 3325 1532 res
3353 1493 3562 1532 eorum.
3596 1478 3799 1533 Semoto-

2280 1572 2381 1624 que
2411 1572 2438 1609 a
2473 1560 2654 1614 vizieri
2705 1576 2924 1618 munere
2974 1565 3268 1621 Abdollaho
3310 1569 3422 1622 Ebn
3470 1570 3792 1629 Mobammcd.

2212 1692 2254 1747 Β
2282 1646 2391 1700 Ehn
2438 1648 2677 1713 Cliakan,
2734 1652 2873 1708 idem
2923 1654 3185 1727 delegavit
3223 1658 3322 1711 Abi
3356 1658 3569 1745 Abbaso
3614 1659 3801 1712 Altmrdi

2281 1740 2395 1793 Ebn
2426 1742 2704 1797 Abdollahi
2736 1743 2852 1799 Ebn
2878 1745 3085 1801 Ahmed
3119 1747 3434 1815 Al—Chasib,
3465 1738 3611 1815 anno
3636 1760 3807 1805 trecen-

2284 1829 2475 1884 tesimo
2505 1832 2712 1888 decimo
2742 1834 2925 1889 tertio.

2351 1967 2519 2022 Porro
2550 1978 2796 2025 mortuus
2830 1980 2916 2026 est
2941 1970 3539 2043 Nicolaus‘patriarcha
3568 1975 3803 2030 Constan-

2280 2058 2698 2125 tinOpolitanus,
2748 2075 2872 2114 cum
2922 2062 3236 2119 cathedram
3278 2072 3601 2130 occupasset
3664 2080 3803 2118 annos

2280 2150 2499 2218 triginta
2534 2158 2666 2216 tres,
2695 2152 2989 2207 constituto
3021 2162 3144 2223 post
3195 2154 3372 2222 ipsum
3421 2153 3698 2224 Stephano
3729 2158 3801 2225 qui

2277 2240 2559 2294 eunuchus
2595 2240 2718 2307 fuit,
2759 2242 2852 2312 qui
2882 2258 3009 2297 cum
3054 2253 3169 2303 tres
3217 2259 3385 2298 annos
3422 2245 3652 2300 sedisset
3694 2262 3808 2300 mor-

2280 2339 2404 2385 tuus
2428 2337 2529 2385 est.
2574 2332 2838 2400 Apparuit
2871 2342 3050 2387 autem
3083 2334 3135 2387 in
3179 2333 3415 2404 Egypto
3451 2336 3605 2389 stella
3639 2351 3831 2404 magna.

2276 2421 2445 2475 radiis
2484 2420 2721 2486 diﬂusis,
2768 2437 2937 2477 cursu
2995 2423 3192 2489 veloci,
3250 2432 3304 2477 et
3359 2424 3618 2477 scintillis
3668 2424 3810 2493 ipsam

2279 2510 2656 2578 sequentibus,
2692 2526 2792 2566 nec
2824 2527 2929 2566 non
2961 2511 3177 2565 ﬂamma
3203 2511 3451 2573 terribili,
3491 2528 3688 2581 magno
3713 2529 3812 2565 coro

2281 2584 2443 2667 pore,
2490 2602 2674 2655 colore
2716 2600 3011 2656 admodum
3058 2600 3324 2666 rubente,
3385 2613 3415 2653 a
3470 2604 3814 2672 septentrione

2278 2691 2537 2745 orientem
2589 2705 2785 2747 versus
2837 2672 3101 2756 tendens,
3162 2692 3353 2747 haStas
3409 2707 3552 2760 pene
3619 2695 3814 2762 triginta

2282 2784 2464 2853 longa,
2528 2781 2689 2837 binas
2737 2782 2873 2846 lata,
2929 2782 3108 2837 instar
3135 2783 3442 2852 serpentis;
3489 2783 3656 2852 idque
3691 2786 3814 2839 occi-

2285 2872 2446 2926 dente
2476 2871 2588 2925 sole
2626 2870 2715 2927 die
2749 2870 3000 2926 Hercurii
3030 2871 3391 2942 517-519
3435 2864 3627 2927 Rabies
3654 2883 3815 2943 poste-

2282 2957 2443 3012 rioris
2481 2957 2705 3027 quinto,
2752 2973 2897 3015 anno
2950 2961 3335 3023 trecentesimo
3384 2960 3602 3016 decimo
3644 2964 3813 3025 tertio;

2203 3026 2249 3088 ο
2279 3062 2399 3101 cum
2435 3026 2547 3101 tres
2587 3047 2749 3103 horas
2776 3045 3032 3104 durasset
3056 3050 3327 3104 exstincta
3358 3061 3463 3106 est.
3492 3049 3693 3105 Vizieri
3720 3067 3817 3104 mu-

2278 3153 2406 3193 nere
2437 3138 2687 3194 abdicato
2720 3138 2854 3194 Abul
2892 3139 3110 3195 Abbaso
3141 3141 3309 3199 Ebuol
3332 3140 3563 3205 Cltasib,
3602 3143 3654 3195 in
3698 3142 3814 3195 idem

2275 3226 2538 3282 suffectus
2590 3235 2675 3282 est
2720 3225 2806 3282 Ali
2865 3227 2981 3281 Ebn
3038 3225 3174 3292 lsz,
3231 3227 3401 3282 Ebnol
3463 3229 3679 3294 la‘rahi;
3729 3244 3818 3298 quo

2276 3318 2470 3373 deinde
2529 3329 2737 3372 semoto
2787 3300 3048 3372 vizierutn
3102 3318 3206 3373 sibi
3250 3318 3544 3375 constituit
3597 3316 3817 3389 [chalifa]

2276 3409 2394 3465 Abu
2426 3410 2508 3465 Ali
2538 3408 2654 3464 Ebn
2685 3407 3046 3474 Mobammed,
3080 3409 3197 3473 Ebn
3230 3410 3341 3474 Ali,
3380 3410 3470 3465 die
3494 3410 3649 3466 Jovis
3667 3410 3818 3464 medio

2279 3498 2432 3553 Rahii
2460 3499 2777 3569 posterioris
2806 3514 2951 3553 anno
2980 3502 3368 3556 trecentesimo
3400 3500 3624 3556 decimo
3666 3513 3813 3555 sexto.

2275 3590 2541 3645 Commoti
2576 3600 2752 3663 autem
2796 3598 2925 3645 sunt
2959 3590 3126 3647 duces
3153 3591 3409 3661 -Bagdadi
3455 3594 3511 3646 in
3556 3593 3818 3647 Alltlokta-

2275 3680 2487 3743 derum,
2521 3688 2580 3733 ut
2615 3680 2788 3748 ipsum
2820 3693 2851 3734 c
2882 3679 3058 3734 medio
3092 3681 3370 3741 tollerent.
3425 3697 3456 3735 e
3486 3683 3696 3750 quibus
3725 3683 3815 3736 fue-

2276 3778 2403 3824 runt
2426 3771 2564 3823 Ahul
2603 3768 2779 3838 Hijah,
2802 3767 3010 3833 Naznk,
3035 3770 3258 3841 aliique.
3291 3771 3357 3824 Al
3378 3771 3667 3828 Moktader
3689 3788 3813 3841 ergo,

2279 3843 2522 3916 metuens
2555 3875 2622 3915 ne
2650 3860 3073 3927 interficeretur,
3113 3862 3356 3930 seipsum
3388 3863 3658 3918 cbatifatu
3688 3864 3815 3917 abdi

2278 3950 2441 4013 cavit,
2472 3951 2557 4005 die
2590 3948 2808 4005 Sabhati
2846 3950 3027 4005 medio
3054 3951 3117 4005 AI
3162 3952 3497 4017 Mobarram,
3554 3968 3701 4007 anno
3729 3961 3815 4003 tre-

2280 4028 2574 4097 centesimo
2601 4042 2815 4097 decimo
2855 4042 3088 4112 septimo
3120 4042 3338 4110 Leuius
3375 4044 3497 4097 loco
3531 4051 3815 4101 statuerunt

2282 4139 2501 4193 fratrem
2530 4133 2699 4203 ipsius
2731 4113 3069 4188 Mohammed
3100 4132 3213 4187 Ebn
3243 4134 3477 4198 Abmch,
3528 4135 3624 4203 qui
3655 4135 3813 4189 diebus

2280 4223 2500 4280 Sabbati
2552 4235 2607 4279 et
2648 4224 2929 4280 Dominico
2962 4223 3120 4278 sedit.
3171 4225 3265 4279 Die
3294 4226 3437 4279 lunae
3472 4227 3675 4295 {autem
3708 4240 3815 4279 cono

2814 4313 3164 4383 AlMosaphii
3214 4316 3510 4384 appellati,
3566 4314 3810 4369 Nai-utrm

2281 4424 2332 4466 et
2353 4410 2492 4464 Abul
2522 4408 2641 4479 llija
2665 4408 3038 4463 interimentcs
3066 4407 3128 4461 Al
3152 4406 3525 4462 Moktaderum
3555 4404 3812 4464 chalifatui

2280 4499 2655 4561 restituerunt,
2707 4496 2957 4565 deposito
3004 4496 3377 4551 Mohammede
3430 4495 3552 4551 Ebn
3607 4494 3807 4555 Alimed.

2282 4602 2443 4657 quem
2474 4588 2798 4641 honoratum
2829 4586 3050 4640 domum
3096 4599 3250 4651 suam
3285 4586 3647 4669 remiserunt.
3673 4582 3815 4639 Porro

2278 4681 2595 4737 acciderunt
2631 4679 2686 4734 in
2731 4678 2967 4751 Αἴθη)ιο
2999 4678 3219 4734 locusta:
3252 4679 3583 4745 innumera,
3612 4682 3742 4733 adeo
3769 4684 3813 4727 ιιι

2283 4790 2391 4844 pra:
2422 4773 2771 4829 multitudine
2816 4771 3143 4842 impedirent
3187 4770 3369 4826 radios
3420 4771 3637 4826 solares
3681 4783 3739 4825 ne
3761 4770 3811 4821 ait

2284 4873 2479 4920 terram
2527 4864 2928 4935 pertingerent,
2964 4862 3154 4930 quales
3203 4861 3345 4915 haud
3402 4862 3546 4917 alias
3606 4873 3807 4931 unquam

2285 4955 2534 5009 viderunt
2568 4940 2785 5023 λεπριί
2841 4952 3070 5006 incolae:
3106 4964 3227 5020 qua:
3278 4958 3333 5003 et
3380 4948 3629 5020 ipserutn
3680 4950 3807 5008 vita.

2282 5044 2516 5107 fructus,
2547 5045 2757 5113 palmas
2788 5050 2843 5096 et
2868 5056 3027 5110 porra
3056 5041 3405 5103 devorarunt,
3438 5040 3582 5096 adeo
3614 5049 3671 5096 ut
3706 5053 3803 5108 per-

2280 5134 2540 5187 derentur
2571 5129 2711 5183 horti
2739 5136 2791 5183 et
2820 5127 3009 5188 vineae,
3043 5126 3205 5194 idque
3227 5141 3413 5182 mense
3438 5127 3617 5182 [labia
3648 5125 3805 5197 priori.

2281 5237 2425 5276 anno
2463 5220 2845 5275 trecentesimo
2893 5217 3148 5271 vicesimo
3185 5217 3439 5284 septimo,
3480 5219 3570 5273 vel
3627 5222 3805 5287 (secun-

2280 5313 2408 5366 dum
2458 5310 2601 5363 aliud
2640 5306 2937 5376 exemplar)
2972 5305 3355 5359 trecentesimo
3406 5304 3577 5375 520
3624 5304 3801 5360 decimo

2282 5396 2557 5467 septimo).

2352 5530 2521 5585 Porro
2550 5531 2603 5583 in
2635 5529 2698 5582 Al
2717 5526 3036 5593 Yamamah,
3062 5533 3117 5580 et
3143 5525 3205 5579 Al
3236 5524 3473 5579 Bahrain
3510 5515 3711 5595 prodiit

2292 5622 2447 5679 bellis
2492 5619 2709 5690 quidam
2742 5619 2961 5674 nomine
2996 5618 3233 5682 Solimau
3280 5615 3454 5673 Ehnol
3506 5615 3799 5689 ﬂammei
