3962 6344
55 4140 85 4169 κ.)

155 300 270 364 1153

1547 304 1900 363 ANNALES.

2463 182 2878 196 “om

3199 313 3324 374 1134

149 419 297 472 ctAbi
330 415 446 470 Said
496 417 798 468 Al’lannaiii
845 418 1001 486 vulgo
1055 417 1226 480 audit,
1275 419 1364 485 qui
1403 417 1658 471 [iasoram
1693 425 1740 482 Α
1769 430 1942 472 matre
1974 436 2093 480 sua,
2143 421 2227 473 cui
2272 434 2474 473 nomen
2513 419 2613 472 fuit
2649 421 3048 488 Chaizaranah,
3089 427 3327 481 denomi-

149 508 461 576 perveuiens,
516 521 632 558 cum
684 519 891 574 captam
942 508 1262 568 devastavit,
1318 519 1370 562 ct
1420 526 1666 579 magnam

146 599 398 650 hominum
436 605 666 664 stragem
703 597 757 649 in
785 613 846 650 ea
881 597 1048 649 edidit
1080 638 1094 660 ,
1130 607 1289 664 atque
1318 598 1440 651 inde
1469 599 1664 653 Cusam

145 686 418 754 proiectus,
443 701 502 739 ea
532 687 693 738 etiam
733 695 910 754 capta,
949 687 1152 740 iu‘colas
1185 687 1403 748 occidit,
1443 691 1668 742 multos-

143 791 234 842 que
255 775 372 828 inde
400 776 638 843 captivos
671 775 912 836 abduxit,
940 786 991 829 et
1034 777 1228 830 multas
1282 781 1459 831 avexit
1511 795 1665 848 opes.

104 922 105 925 η
145 865 260 919 θείη
295 881 510 934 pergens
550 881 716 934 prope
768 866 1074 934 Bagdadum
1113 879 1288 922 castra
1325 871 1505 936 posuit
1551 871 1670 925 loco

139 959 218 1022 qui
245 954 554 1038 TelArkuph
591 957 778 1023 audit;
813 959 1084 1027 multaque
1119 961 1257 1012 inter
1289 963 1464 1030 ipsum
1497 971 1549 1015 et
1573 964 1670 1014 Al-

140 1045 417 1098 Molttaderi
480 1045 666 1114 copias
711 1050 998 1102 commissa
1035 1060 1159 1103 sunt
1201 1054 1379 1118 przelia
1423 1062 1518 1104 :at
1551 1067 1672 1104 cum

140 1150 233 1186 non
273 1143 648 1202 assequeretur
676 1152 792 1202 qnae
824 1140 1013 1202 voluit,
1066 1141 1259 1192 Cusam
1294 1142 1471 1204 rediit,
1509 1125 1672 1210 idque

1723 505 1726 508 ’
1769 521 1929 562 natus
1953 519 2052 562 est.
2086 509 2237 574 Quod
2271 513 2335 563 ad
2369 509 2664 573 Romanus,
2705 524 2916 567 mortuo
2942 515 3328 585 Christophoro

1775 596 1985 650 Domnii
2019 601 2147 662 tilio,
2192 601 2580 654 monachatum
2610 601 2886 666 amplexus
2917 615 2999 658 est
3037 607 3319 673 Domitius,

1773 691 2030 757 solusque
2061 692 2259 744 mansit
2291 690 2686 745 Constantinus
2717 691 2768 742 in
2804 691 3011 759 imperii
3041 697 3322 765 regimine.

1784 779 2026 832 Mortuus
2054 789 2137 834 est
2165 781 2324 834 etiam
2347 780 2654 851 Stephanus
2672 782 2975 849 patriarcha
3004 784 3287 840 Constanti
3307 813 3321 828 -

1773 870 2139 938 nopolitauus',
2157 880 2436 938 postquam
2458 859 2765 925 cathedram
2790 872 3022 925 triennio
3042 885 3331 941 occupave-

1781 969 1864 1012 rat
1893 976 1906 1012 :
1935 962 2370 1028 constitutusque
2391 969 2474 1014 est
2495 960 2691 1013 ibidem
2717 961 3022 1040 patriarcha
3042 963 3331 1030 Atranphi-

1782 1066 1906 1103 nus.
1933 1048 2074 1102 Obiit
2095 1051 2255 1102 ctiam
2282 1049 2658 1103 Christodulus
2690 1051 2988 1116 patriarcha
3023 1051 3338 1104 Alexandri-

1784 1123 1886 1194 nus
1912 1139 2001 1193 die
2032 1139 2302 1205 Mercurii,
2327 1140 2613 1193 undecimo
2635 1149 2759 1198 ante
2791 1140 2995 1192 [initum
3033 1117 3335 1201 DilKaada.

138 1220 269 1278 anno
306 1227 683 1280 trecentesimo
733 1228 944 1281 decimo
995 1232 1200 1300 tertio:
1247 1232 1381 1298 quin
1431 1238 1484 1284 et
1523 1239 1724 1300 aquze‘.
1779 1245 1921 1283 anno
1970 1231 2354 1284 trecentesimo
2410 1231 2691 1293 vicesimo,
2735 1231 2828 1298 qui
2866 1239 2952 1284 est
3001 1229 3218 1283 Tishrin
3253 1245 3340 1284 se-

138 1326 330 1384 puteos,
361 1318 412 1370 in
455 1317 540 1369 via
570 1333 690 1385 qua:
722 1316 989 1371 Mecchum
1025 1319 1202 1384 ducit,
1259 1320 1566 1376 obstructos
1593 1331 1676 1376 at-

137 1423 230 1475 que
274 1409 521 1476 impletos
567 1409 883 1471 exsiccavit,
937 1410 1070 1463 adeo
1118 1411 1174 1464 ut
1230 1420 1375 1466 mettt
1423 1413 1590 1480 ipsius
1647 1428 1676 1466 a

117 1493 648 1565 peregrinationibus
675 1499 1008 1554 abstinerent
1037 1500 1270 1569 Bagdadi
1301 1511 1354 1556 et
1378 1501 1677 1557 Chorasani

136 1590 326 1652 incola),
359 1587 576 1657 Egypti
629 1590 840 1642 interim
875 1599 927 1644 et
958 1589 1127 1659 Syria:
1159 1593 1351 1646 incolis
1383 1606 1474 1647 eas
1500 1594 1679 1648 -insti-

137 1677 415 1731 tuentibus.
439 1676 682 1745 Cumque
720 1689 861 1730 anno
911 1677 1283 1733 tricentesimo
1327 1681 1539 1735 decimo
1591 1697 1679 1734 se-
1713 1682 1718 1745 ξ

1779 1322 1941 1374 cuudi
1977 1323 2268 1376 vicesimus
2297 1323 2546 1390 quintus,
2581 1323 2705 1376 anni
2740 1322 3057 1376 Diocletiani
3105 1335 3334 1374 sexcen—

1781 1410 1958 1463 tesimi
2006 1412 2409 1478 quadragesimi
2449 1413 2590 1465 noni.
2629 1429 2644 1468 :
2698 1413 3050 1480 sepultusque
3095 1409 3338 1462 Phostati

1780 1499 2132 1569 Egyptiacw,
2163 1516 2286 1554 cum
2319 1501 2371 1553 iu
2403 1501 2659 1554 cathedra
2692 1502 2926 1556 sedisset
2949 1515 3122 1554 annos
3149 1499 3336 1569 viginti

1782 1606 1896 1652 sex,
1937 1599 1992 1643 et
2023 1605 2114 1643 sex
2148 1605 2378 1644 menses.
2409 1590 2661 1659 Sepultus
2691 1600 2870 1644 autem
2901 1601 2984 1644 est
3028 1591 3080 1642 iu
3103 1589 3336 1642 ecclesia

1782 1679 2278 1734 Michaelis.'Porro
2311 1682 2476 1735 duces
2523 1697 2624 1734 una
2653 1696 2773 1735 cum
2824 1680 3050 1734 Munaso
3089 1678 3340 1735 eunucho

136 1769 291 1834 ptimo
321 1770 566 1822 homines
599 1768 652 1820 in
680 1769 1128 1836 peregrinationis
1169 1769 1458 1840 [religiosae
1489 1773 1679 1826 ritibus
1713 1741 1754 1795 Β
1783 1768 2526 1835 BagdadiinAlMoktaderum
2553 1771 3342 1840 iusurgeutes,ipsumaggres-

134 1856 498 1929 observandis]
531 1867 731 1922 essent,
769 1858 858 1912 die
901 1856 1105 1922 Martis,
1139 1857 1391 1928 DilHajjae
1423 1863 1677 1931 septimo,

135 1949 393 2003 Meecham
432 1949 752 2018 perveniens
800 1949 1086 2003 Allanuubi
1147 1965 1270 2026 cum
1314 1951 1486 2020 copiis
1535 1934 1677 2016 suis,

134 2039 478 2108 eamdemque
521 2040 819 2106 ingressus,
856 2040 1097 2092 homines
1130 2049 1241 2093 tum
1294 2041 1439 2095 circa
1488 2045 1678 2108 autem,

134 2139 240 2182 tum
272 2131 412 2184 intra
457 2129 760 2182 oratorium
797 2144 1012 2182 sacrum
1057 2137 1111 2184 et
1151 2133 1204 2183 in
1255 2132 1466 2200 plateis,
1507 2135 1670 2186 innu-

135 2238 299 2276 meros
340 2221 582 2284 occidit,
632 2220 767 2274 adeo
811 2230 870 2274 ut
915 2222 1070 2274 caesis
1126 2223 1440 2291 impleretur
1485 2235 1680 2292 puteus

134 2311 400 2375 Zammm,
441 2326 543 2363 nec
582 2323 688 2362 nou
722 2309 914 2369 valles,
937 2309 1055 2374 viae,
1085 2310 1302 2377 domus,
1335 2321 1389 2366 et
1416 2311 1631 2366 deserta
1663 2331 1680 2370 :

133 2402 266 2469 quod
301 2403 342 2456 si
379 2401 474 2470 qui
509 2400 634 2469 fuga
665 2417 722 2455 se
753 2394 897 2455 caede
921 2403 1210 2470 eriperent,
1247 2413 1300 2458 et
1339 2405 1485 2472 ipsos
1512 2405 1682 2460 inter-

134 2490 366 2545 fecerunt
397 2493 625 2555 Arabes,
677 2505 806 2558 opes
855 2490 1098 2560 ipsorum
1143 2475 1685 2560 diripientes..Erant

133 2591 298 2634 autem
335 2592 387 2636 et
421 2583 513 2650 qui
557 2580 773 2635 loddum
805 2581 1066 2650 fugientes
1096 2582 1230 2636 mari
1251 2581 1594 2652 521-523
1626 2597 1684 2639 se

139 2674 556 2726 committerent.
609 2671 763 2740 Cepit
829 2686 955 2740 ergo
1013 2671 1366 2728 Allannabius
1417 2689 1576 2740 opum
1630 2683 1684 2728 et

135 2765 480 2832 supellectilis
523 2766 783 2829 majorem
833 2779 994 2832 quam
1039 2781 1159 2833 quae
1206 2765 1684 2835 recenseri-possit

133 2858 360 2924 copiam.
395 2857 670 2925 Quidquid
701 2860 865 2913 etiam
905 2859 1045 2913 intra
1080 2859 1249 2914 aedem
1295 2872 1506 2913 sacram
1541 2865 1687 2912 esset

134 2949 244 2999 auri
276 2957 437 3016 atque
464 2949 671 3016 argenti
707 2949 954 3003 abstulit.
1001 2937 1258 3004 Laminas
1286 2949 1450 3001 etiam
1496 2963 1686 3016 argen-

135 3046 241 3092 teas
271 3055 389 3106 qtne
437 3040 685 3107 iujanua
731 3040 916 3110 templi
965 3050 1121 3094 erant
1169 3040 1385 3094 avulsas
1432 3023 1679 3096 abstulit.
1708 3051 1751 3108 ο

135 3122 360 3196 Fuitque
393 3128 447 3181 in
482 3129 681 3198 angulo
715 3126 847 3182 tedis
873 3127 1127 3183 exteriori
1153 3127 1288 3196 lapis
1317 3130 1488 3196 niger,
1522 3141 1684 3196 quem

134 3231 456 3286 magnopere
521 3218 761 3291 venerati
834 3217 1080 3272 homines
1141 3225 1194 3271 et
1251 3216 1685 3272 benedictionem

135 3305 256 3360 inde
301 3315 582 3374 captantes
634 3305 942 3362 deosculari
995 3305 1263 3369 solebant,
1299 3321 1462 3376 quem
1516 3305 1684 3359 etiam

136 3394 246 3446 loco
307 3407 517 3449 motum
572 3405 766 3451 secum'
814 3395 1077 3460 abduxit;
1127 3405 1444 3466 septemque
1493 3396 1702 3455 diebus,

137 3481 390 3545 Meet-Ine,
442 3483 861 3553 eidiripiendte,
912 3483 1246 3552 insumpsit:
1283 3483 1406 3539 dein
1457 3485 1685 3554 patriam

134 3586 281 3625 suam
321 3588 570 3627 reversus
597 3581 680 3627 est
704 3573 1232 3642 peregrinationibus
1263 3574 1498 3630 abolitis.
1519 3573 1686 3628 Porro

139 3662 270 3716 obiit
320 3663 466 3716 Eiias
523 3662 831 3730 patriarcha
891 3662 1260 3718 Autiocheuus
1318 3663 1406 3718 die
1461 3661 1685 3718 Sabbati

138 3753 361 3808 lomad.e
395 3753 718 3823 posterioris
770 3753 982 3808 decimo
1023 3753 1204 3815 tertio,
1243 3767 1385 3807 anno
1416 3762 1684 3810 trecente-

134 3845 268 3896 simo
293 3843 505 3897 decimo
554 3843 1167 3916 septimo~[postquam]
1211 3845 1278 3922 in.
1301 3845 1564 3900 cathedra
1599 3861 1685 3900 se-

153 3933 320 3988 disset
368 3950 542 3988 annos
594 3936 777 4004 viginti
806 3946 962 3993 octo.
1013 3935 1202 3990 Vizieri
1243 3938 1405 3991 etiam
1462 3953 1688 3992 munere

137 4025 375 4090 privatus
407 4034 490 4078 est
523 4024 859 4079 Mohammed
893 4015 1015 4081 'Ebn
1050 4027 1158 4085 Ali.
1193 4024 1307 4080 Ebu
1344 4025 1555 4080 Moklah
1598 4025 1686 4084 die

135 4113 343 4176 Martis,
399 4123 524 4167 ante
577 4115 788 4168 ﬁnitum
837 4113 1330 4184 lomada,priorem
1373 4116 1684 4181 undecimo,

58 4224 64 4231 -
133 4217 254 4256 cum
295 4205 348 4256 in
389 4191 517 4257 illud
565 4205 804 4258 adscitus
835 4213 979 4257 esset
1015 4201 1258 4258 Solimau
1304 4204 1480 4258 Ebuol
1509 4203 1688 4258 Hasau

135 4293 245 4346 Ebn
271 4293 569 4348 .‘llochalled
601 4293 686 4346 die
715 4291 884 4354 Iovis.
929 4292 1140 4347 decimo
1185 4291 1345 4368 tertio
1392 4299 1518 4346 ante
1567 4291 1688 4345 ﬁui-

1781 1859 1824 1914 si
1863 1869 2019 1920 sunt,
2081 1861 2144 1911 ad
2190 1874 2325 1928 quos
2350 1873 2525 1929 pugna
2543 1859 2888 1928 excipiendos
2941 1873 3062 1911 cum
3087 1861 3339 1927 egressus

1782 1957 1946 2012 esset,
1983 1949 2160 2017 ipsum
2206 1947 2618 2010 interfecerunt,
2651 1959 2916 2018 caputque
2947 1947 3114 1999 hastae
3163 1947 3340 2015 impo-

1781 2039 1943 2093 situm
1993 2040 2134 2093 circa
2181 2039 2367 2092 urbem
2411 2039 2762 2108 525-527
2807 2046 3125 2109 gestaruut;
3175 2037 3337 2104 idque

1780 2127 1867 2182 die
1890 2129 2159 2192 Mercurii,
2182 2138 2306 2186 ante
2332 2129 2542 2182 (initum
2568 2145 2807 2182 mensem
2851 2128 3044 2182 ShaWa
3073 2129 3337 2190 secundo,

1789 2233 1931 2276 anno
1957 2219 2338 2272 trecentesimo
2373 2218 2648 2272 vicesimo.
2678 2215 2800 2271 Fuit
2827 2217 3114 2272 chaliiatus
3167 2218 3338 2288 ipsius

1785 2322 2049 2360 annorum
2103 2307 2287 2376 viginti
2343 2317 2598 2376 quatuor,
2651 2309 2914 2360 mensium
2969 2308 3235 2367 undecim.
3286 2313 3341 2359 et

1746 2391 1750 2394 ’
1783 2397 1993 2451 dierum
2028 2399 2340 2465 quindecim
2373 2415 2388 2451 :
2421 2397 2522 2450 fuit
2563 2397 2798 2450 vizierus
2829 2397 3002 2465 ipsius
3043 2395 3340 2462 Alphadlus

1787 2485 1912 2547 Ebn,
1950 2485 2150 2549 laafar,
2193 2487 2363 2540 Ebuol
2412 2484 2634 2557 Phorat.
2670 2484 2913 2540 Mortuus
2959 2495 3052 2540 est
3088 2485 3344 2539 Trikonis

1784 2579 2091 2645 patriarcha
2159 2575 2792 2645 Coiistantiuopolitauus
2842 2590 2965 2630 cum
3027 2577 3340 2630 cathedram

1782 2667 2154 2735 quinquennio
2203 2671 2563 2735 occupasset,
2617 2665 3012 2734 constituitque
3083 2663 3340 2716 Domitius

1784 2757 1951 2810 tilium
1983 2758 2139 2810 suum
2168 2756 2383 2810 nomine
2415 2753 2903 2824 TheOphylactum,
2935 2753 3025 2821 qui
3057 2739 3340 2805 euu'uchus

1787 2849 1910 2910 fuit,
1947 2849 2310 2915 patriarcham
2340 2860 2488 2910 cum,
2526 2846 2744 2914 juvenis
2779 2852 2920 2899 esset
2950 2856 3214 2899 annorum
3247 2841 3331 2893 vi-

1787 2938 1916 3007 ginti
1943 2940 2194 2992 duorum.
3344 2950 3347 2951 ν

2253 3025 2550 3092 Chalifutua
2588 3023 2877 3078 AlKaltert'.

1856 3120 2219 3194 luauguratus
2248 3127 2329 3172 est
2358 3115 2606 3171 AlKaher
2639 3099 2824 3171 billahi
2853 3118 3190 3174 Mohammed
3221 3120 3340 3177 Ebn

1787 3211 1993 3264 Ahmed
2026 3193 2394 3270 AlMotadedi,
2426 3207 2515 3261 die
2539 3207 2708 3272 .lovis,
2743 3209 2944 3263 mensis
2979 3207 3216 3264 Shawaii
3247 3193 3351 3273 pc."

1787 3298 2035 3362 nultimo,
2062 3311 2204 3351 anno
2233 3298 2617 3355 trecentesimo
2655 3298 2928 3351 vicesimo.
2958 3297 3057 3353 Hic
3083 3300 3343 3358 vizierutn

1788 3389 1892 3442 sibi
1935 3387 2170 3441 adscivit
2220 3384 2651 3440 Mohammedem
2709 3386 2825 3441 Ebn
2874 3388 3106 3443 Moklah.
3159 3391 3343 3448 Primo

1785 3477 2074 3532 chalitatus
2134 3478 2315 3545 ipsius
2357 3489 2499 3530 anno
2551 3465 2886 3532 constitutus
2927 3488 3008 3532 est
3057 3481 3182 3534 Said
3228 3481 3345 3539 Ebn

1789 3568 1991 3631 Batrik,
2027 3567 2270 3620 medicus
2297 3580 2326 3618 e
2365 3560 2973 3636 Phostati'tﬁgyptiaeae
2995 3552 3217 3627 incolis.
3251 3585 3350 3638 pa-

1799 3657 2036 3711 triarcha
2077 3655 2497 3721 Alexandrinus,
2543 3657 2952 3726 appellatusque
2991 3657 3143 3712 Auka
3176 3659 3347 3728 Euty-

1788 3746 1942 3798 chius
1976 3761 1990 3797 :
2041 3745 2206 3812 idque
2245 3745 2332 3797 die
2356 3741 2530 3808 Jovls,
2572 3745 2776 3798 mensis
2813 3744 3068 3810 Amshir,
3121 3748 3215 3814 qui
3262 3757 3347 3802 est

1730 3839 1735 3843 '
1789 3832 1990 3888 Shebat
2027 3872 2043 3896 ,
2081 3835 2224 3913 anui
2270 3824 2592 3889 Diocletiani
2634 3837 3016 3890 sexcentesimi
3057 3838 3349 3906 quadrage-

1789 3925 1910 3977 simi
1939 3925 2090 3987 uoni,
2113 3934 2307 3984 octavo
2334 3923 2539 3978 mensis
2569 3923 2801 3995 Saphar,
2829 3941 2974 3982 anno
3001 3925 3226 3998 [Πελίᾳ-ω]
3250 3929 3346 3981 lu-

1775 4015 1909 4098 ‘nari
1934 4015 2318 4087 trecentesimo
2347 4015 2609 4070 vicesimo
2643 4017 2843 4084 primo.

2170 4102 2332 4172 528
2359 4103 2658 4172 Cltalifatus
2689 4106 2758 4158 ΑΙ
2788 4105 2960 4160 Radit.

1855 4190 2218 4262 lnauguratus
2239 4194 2410 4281 est‘Al
2431 4193 2584 4258 Radi,
2607 4191 2701 4281 qui
2729 4185 2870 4265 idem
2892 4205 2971 4250 est
2995 4189 3136 4250 Abul
3166 4196 3346 4252 Abbas

1787 4280 2122 4339 Mobammed
2155 4279 2672 4351 Ebuol'Moktaderi,
2706 4285 2792 4340 die
2811 4285 3084 4353 Mercurii,
3117 4287 3348 4344 lomada:

142 4396 252 4434 tum
299 4383 548 4436 eumdem
595 4396 853 4444 mensem,
886 4397 1027 4438 anno
1059 4380 1440 4436 trecentesimo
1470 4381 1683 4438 decimo

1797 4372 1990 4444 prioris
2019 4381 2196 4440 serito,
2227 4389 2370 4430 anno
2397 4376 2778 4432 trecentesimo
2799 4379 3060 4432 vicesimo
3086 4382 3342 4436 secundo.

134 4484 358 4536 Octavo;
387 4473 477 4539 qui
505 4479 560 4524 et
592 4486 806 4526 rursum
830 4469 1017 4526 eodem
1044 4480 1285 4526 semotus
1312 4481 1395 4526 est
1426 4471 1515 4527 die
1543 4472 1694 4529 Jovis
1781 4462 2056 4526 .Viliifl'um
2087 4463 2191 4518 sibi
2233 4463 2933 4534 adscivitMohammedem
2965 4469 3076 4522 Ebu
3113 4469 3346 4526 Moklah.

135 4561 259 4617 ante
289 4562 496 4616 [Initum
540 4558 729 4629 Rajeb,
755 4575 896 4614 anno
925 4561 1311 4620 trecentesimo
1357 4561 1571 4619 decimo
1601 4554 1692 4622 εό.
1773 4551 1942 4608 .Anno
1990 4554 2277 4610 chalifatus
2311 4557 2429 4628 ejus
2478 4559 2652 4628 primo
2703 4561 3032 4614 constitutus
3073 4570 3157 4614 est
3194 4562 3344 4614 Anba

135 4653 322 4720 ptimo,
349 4653 550 4705 viziero
584 4651 884 4704 constituto
917 4649 1235 4706 Obaidallah
1283 4651 1399 4708 Ebu
1445 4652 1692 4732 Moham-
1786 4644 2150 4711 Theodosius,
2199 4650 2292 4717 qui
2341 4647 2482 4702 idem
2515 4658 2598 4703 cst
2647 4651 2986 4719 Stephanus,
3021 4653 3220 4717 scriba.
3253 4657 3344 4723 qui

137 4743 254 4796 med
304 4741 632 4803 Cadanensl,
669 4741 758 4795 die
801 4741 1048 4807 Sabbati,
1080 4753 1236 4798 sexto
1271 4753 1396 4799 ante
1438 4746 1688 4801 eumdem
1783 4737 2017 4806 Bagdadi
2052 4737 2229 4792 fuerat
2252 4753 2374 4792 cum
2413 4737 2603 4794 Muues
2633 4744 2882 4796 eunucho
2913 4743 3209 4795 Antiochia:
3248 4745 3343 4812 Sy-

50 4825 52 4828 ’
136 4849 376 4888 mensem
411 4834 614 4884 tinnitum
659 4846 800 4886 anno
831 4834 1213 4888 trecentesimo
1243 4835 1452 4889 decimo
1491 4851 1640 4894 ,uono
1672 4854 1688 4893 :
1751 4830 1884 4882 τίω
1918 4819 2250 4896 Ρθιΐίπσίηο
2295 4844 2483 4886 mense
2536 4830 2837 4896 “aliud”.
2879 4846 3020 4884 ³⁸·ηο
3079 4842 3342 4886 ιτεοηιιϐ·

137 4940 242 4993 quo
291 4923 488 4977 deinde
531 4931 739 4977 semoto
791 4922 1048 4978 suﬂectus
1093 4933 1178 4978 est
1227 4923 1473 4980 Alﬂasan
1504 4923 1690 4982 Ebuol‘

138 5011 333 5068 Kasem
359 4998 518 5082 524
552 5011 673 5072 Ebn
711 5010 890 5067 Ohaid
917 5013 1081 5070 oddin
1127 5013 1393 5078 Soliman,
1423 5016 1532 5070 Ebu
1564 5016 1691 5072 Wao'

139 5102 278 5162 had.
331 5105 418 5156 die
479 5101 699 5156 Sabbati
731 5142 746 5166 ,
797 5103 955 5156 tertio
1004 5115 1128 5158 ante
1186 5102 1396 5158 ﬁnitum
1451 5089 1685 5161 mensem

141 5191 376 5254 Shawal,
431 5205 572 5245 anno
615 5179 992 5248 trecentesimo
1022 5194 1231 5247 decimo
1279 5208 1442 5257 nono,
1486 5210 1688 5265 cogno-

141 5281 482 5347 minatusque
528 5291 611 5334 est
653 5279 1106 5345 Omaidol’dulab,
1146 5280 1260 5334 Ebu
1292 5280 1684 5358 Waliifldulabi

141 5385 170 5423 a
197 5384 302 5440 quo
339 5369 536 5425 deinde
580 5372 790 5424 sublata
825 5371 1082 5440 dignitate
1129 5373 1254 5437 ista,
1297 5363 1689 5428 eam’bbtiuuit

143 5460 278 5514 Abul
310 5457 438 5512 Fadl
472 5459 588 5513 Ebn
611 5445 809 5522 laafar,
859 5459 1048 5514 Ebnol'
1092 5461 1274 5524 Forat,
1321 5462 1432 5515 Ebn
1459 5460 1580 5533 Cha
1601 5477 1690 5516 za-

143 5550 311 5609 ranah
347 5551 776 5620 dieDominico,
813 5553 971 5607 tertio
1001 5562 1126 5607 ante
1183 5553 1400 5607 ilnitum
1457 5554 1685 5608 ltab'ram

1793 4918 1931 4971 sima
1956 4909 2214 4972 vicesimo
2237 4921 2415 4992 tertio.
2443 4918 2569 4987 Fuit
2594 4928 2773 4975 autem
2805 4922 2860 4973 in
2895 4916 3126 4988 AEgypto
3187 4931 3344 4981 terra:

1793 5016 1973 5064 motus
1993 5008 2211 5078 ingens,
2244 5011 2402 5066 tertio
2429 5010 2709 5066 DilKaadae
2733 5012 2974 5080 ejusdem
3007 5010 3344 5068 auni.Valde

1758 5101 1954 5154 ‘etiam
1993 5100 2208 5169 agitata
2238 5103 2562 5156 sunt'stella:
2589 5101 2863 5157 cadentes.
2911 5101 3075 5154 Porro
3109 5101 3334 5162 Monam-

1794 5189 1913 5242 med
1943 5187 2056 5248 Ebn
2074 5187 2244 5260 Tuguj
2269 5193 2535 5246 etducum
2559 5193 2858 5260 vulgarium
2882 5191 3088 5261 aliquot
3115 5192 3338 5247 Barkam

1791 5277 2075 5347 fugientes,
2104 5295 2228 5345 cum
2268 5282 2339 5335 ibi
2364 5283 2548 5352 cupias
2576 5281 2915 5351 collegissent
2959 5283 3335 5335 Alexandriam

1789 5372 1992 5424 reversi
2020 5383 2164 5436 sunt,
2189 5375 2327 5427 unde
2353 5372 2445 5442 qui
2471 5373 2542 5427 ibi
2567 5373 2780 5426 fuerant
2813 5376 2877 5426 ad
2902 5375 3073 5426 rivum
3113 5371 3335 5424 Rasltidi

1785 5460 2040 5530 fugerunt
2071 5479 2084 5515 :
2114 5464 2188 5516 ‘ad
2237 5479 2373 5530 quos
2412 5462 2527 5517 Ebn
2567 5462 2736 5533 Toguj
2774 5479 2894 5529 cum
2943 5461 3335 5514 AbitThhal‘arn

1787 5551 1953 5607 fratre
1997 5567 2096 5607 suo
2126 5555 2426 5607 exercitum
2481 5554 2700 5608 mittens
2731 5553 2874 5622 ipsos
2906 5553 2957 5604 in
2991 5553 3166 5619 fugam
3207 5567 3330 5604 ver-

146 5640 523 5710 posteriorcm,
567 5656 708 5697 anno
754 5645 1132 5700 trecentesimo
1179 5642 1472 5712 vicesimo,
1522 5646 1686 5714 qui-a
1778 5643 1872 5709 tit,
1906 5641 2059 5700 cassis
2114 5643 2256 5714 aliis,
2305 5644 2427 5699 aliis
2455 5645 2649 5711 captis,
2687 5643 2846 5712 idque
2886 5655 3025 5694 anno
3075 5651 3329 5694 trecente-
