4086 6344
416 370 525 437 283

1430 370 1495 432 S.
1537 365 1955 430 NICEPHORI
1998 361 2503 423 PATRIARCH.E
2542 361 2649 421 (ΞΡ.

3572 356 3676 421 284

416 496 584 537 unum
613 480 955 550 reputantur)
993 497 1013 531 ι
1045 481 1114 535 ab
1149 480 1301 534 unito
1328 480 1509 533 divino
1539 477 1717 533 Verbo
1749 485 1983 543 separet,

2103 474 2304 539 ἰιλόγως
2334 472 2687 540 λελόγισται)
2754 489 2770 519 ι
2836 468 2930 521 τοῦ
2979 467 3260 537 ἡνωμένου
3296 466 3444 520 θείου
3498 468 3675 537 Λόγου

421 589 486 627 ac
535 573 912 627 tantummodo
944 581 1251 626 creaturam
1289 570 1451 625 faciat
1481 569 1782 633 Christum,
1828 570 1905 624 ita
1932 580 1992 623 ut

419 663 600 717 divina
633 673 823 717 natura
843 662 895 717 iu
916 677 981 716 eo
1016 677 1122 716 non
1152 663 1250 727 sit;
1289 680 1308 713 ι
1355 676 1483 715 num
1542 672 1725 715 latente
1778 671 1990 713 tantum

419 767 483 805 ac
515 753 840 806 verbotenus
880 762 1115 819 separat,
1152 768 1219 805 an
1256 752 1592 807 sensibiliter
1625 752 1787 804 etiam
1842 751 1990 819 ipso-

424 857 525 905 que
557 843 765 911 opere?
793 844 999 897 Etenim
1044 844 1097 898 in
1146 844 1237 899 his
1276 845 1501 908 grandis
1530 842 1830 896 dill‘erentia
1871 859 1994 912 spe-

423 944 620 991 utatur.
660 932 794 993 Nam
836 951 967 990 an
1014 935 1383 1005 eeparationis
1420 940 1748 989 mentionem
1805 936 1991 999 iaciat,

370 1076 373 1081 ,
422 1026 639 1083 Ind-
666 1042 782 1095 quo
802 1026 920 1080 haec
949 1026 1193 1095 separari
1216 1026 1447 1092 iudicat,
1485 1027 1707 1080 minime
1732 1026 1991 1082 ostendit.

412 1117 488 1173 Et
518 1117 783 1186 siquidem
821 1132 1001 1174 mente
1047 1127 1257 1171 tantum
1314 1118 1430 1172 ﬁeri
1470 1120 1871 1185 separationem
1906 1119 1990 1171 di-

418 1218 583 1273 ceret,
616 1223 714 1263 nos
751 1223 965 1278 quoque
996 1211 1418 1275 assentirentur;
1459 1210 1509 1264 id
1540 1210 1683 1262 cnim
1717 1211 1768 1263 in
1803 1217 1988 1262 nostra

417 1313 632 1368 quoque
675 1300 924 1353 doctrina
978 1309 1096 1362 est,
1162 1310 1386 1369 excepta
1462 1301 1994 1370 circumscriptione.

424 1408 444 1441 ι
476 1388 611 1444 Nam
636 1406 761 1445 cum
790 1402 997 1445 natura:
1030 1393 1213 1445 animo
1237 1403 1294 1446 et
1311 1392 1637 1462 cogitatione
1655 1393 1995 1457 distinguun-

421 1493 529 1547 tur,
565 1483 784 1536 nomina
835 1497 1055 1552 queque
1100 1484 1260 1537 simul
1313 1484 1652 1548 dividuntur,
1683 1487 1759 1537 ait
1792 1485 1999 1538 theolo-

420 1589 518 1640 gus
545 1571 680 1639 (42).
713 1572 851 1626 Audi
879 1573 1101 1627 Paulum
1140 1574 1412 1630 dicentem
1449 1593 1461 1629 :
1494 1572 1560 1628 Ut
1597 1574 1737 1629 Deus
1782 1575 1994 1630 Domini

420 1664 590 1715 nostri
614 1661 743 1717 Iesu
779 1662 1000 1727 Christi,
1038 1665 1199 1718 Pater
1228 1665 1410 1735 gloria:
1436 1667 1513 1732 ";
1554 1666 1751 1722 Christi
1778 1670 1993 1737 quidem

421 1754 588 1817 Dens,
618 1753 783 1808 Pater
841 1766 1022 1809 autem
1060 1757 1266 1826 gloriae.
1311 1758 1565 1821 Quamvis
1599 1761 1741 1812 enim
1785 1771 1996 1812 utrum-

2094 567 2352 635 διίστησι,
2391 565 2483 617 καὶ
2513 563 2721 632 κτίσμα
2775 563 2935 631 μόνον
2969 562 3113 612 ποιεῖ
3170 560 3259 610 τὸν
3291 558 3552 628 Χριστὸν,
3580 559 3675 631 καὶ

2094 662 2195 725 τὴν
2249 659 2401 710 θείαν
2446 657 2605 724 φύσιν
2662 656 2737 726 μὴ
2783 653 2924 707 εἶναι
2969 656 3048 714 εἰς
3093 652 3289 717 αὐτόν,
3346 670 3376 702 »ο
3430 650 3675 723 Ἐπινοίᾳ

2094 750 2252 801 τοῦτο
2282 750 2375 799 καὶ
2402 746 2545 816 λόγῳ
2581 746 2739 814 μόνον
2769 745 2991 815 διαιρεῖ,
3037 744 3068 814 ἢ
3119 743 3366 812 αἰσθήσει
3400 744 3493 795 καὶ
3522 745 3676 813 ἐνερ-

2094 843 2254 913 γείας
2300 842 2391 893 Ἑν
2416 835 2497 903 οἷς
2525 839 2659 892 πολὺ
2692 839 2752 890 τὸ
2797 838 3054 905 διάφορον
3097 836 3396 888 δείκνυται.
3430 836 3533 907 Τὸν
3567 837 3675 906 γὰρ
3769 862 3773 866 -

2093 935 2192 1004 τῆς
2241 934 2563 997 διαιρέσεως
2602 933 2756 998 λόγον
2796 926 3130 996 εἰσαγαγὼν,
3167 928 3257 979 τὸν
3291 927 3490 997 τρόπον
3551 930 3672 981 καθ’

2095 1025 2154 1078 ὃν
2183 1024 2511 1095 διαιρεῖσθαι
2544 1022 2712 1081 ταῦτα
2750 1020 3054 1091 διωρίζετο,
3092 1020 3296 1089 ἥκιστα
3328 1021 3677 1089 παρεστήσαο

2096 1134 2176 1169 το.
2220 1116 2280 1167 El
2328 1116 2423 1185 μὲν
2476 1110 2570 1167 οὖν
2619 1112 2833 1183 ἐπινοίᾳ
2889 1111 3050 1180 μόνον
3108 1109 3288 1177 ἔλεγε,
3358 1111 3453 1162 καὶ¹
3514 1112 3674 1192 αρτοὶ

2099 1208 2495 1277 συμφήσομεν,
2547 1205 2705 1257 τοῦτο
2765 1205 2873 1272 γὰρ
2920 1205 3016 1254 καὶ
3064 1203 3093 1254 6
3141 1203 3263 1254 καθ’
3322 1203 3473 1271 ἡμᾶς
3520 1200 3673 1268 λόγος

2098 1295 2230 1365 ἔχει,
2284 1296 2425 1365 πλήν
2482 1312 2541 1363 γε
2598 1294 2693 1346 τοῦ
2752 1291 3226 1362 περιγράφεσθαι·
3269 1310 3288 1342 ι
3337 1292 3535 1346 Ἠνίκα
3560 1294 3671 1363 γαρ

2096 1389 2153 1439 αἱ
2212 1386 2401 1455 φύσεις
2448 1387 2751 1438 διίστανται
2807 1387 2957 1455 ταῖς,
2995 1382 3282 1445 ἐπινοίαις,
3324 1386 3351 1435 6
3405 1383 3670 1454 Θεολόγος

2096 1478 2252 1547 φησὶ,
2289 1477 2676 1547 σννδιαιρείται
2723 1475 2791 1529 τὲ
2835 1475 3098 1543 ὀνόματα.
3153 1455 3370 1528 Παύλου
3425 1477 3677 1544 λέγοντος

2098 1566 2328 1619 ἄκουσον
2361 1581 2373 1594 ·
2411 1565 2535 1618 Ἵνα
2564 1567 2596 1618 ὀ
2650 1564 2796 1629 Θεὸς
2829 1563 2933 1623 τοῦ
2982 1564 3205 1630 Κυρίου
3256 1562 3427 1630 ἡμῶν
3468 1562 3675 1630 Ἰησοῦ

2099 1658 2377 1726 Χριστοῦ.
2410 1660 2442 1711 ὀ
2474 1656 2675 1724 Πατὴρ
2710 1655 2821 1722 τῆς
2859 1655 3064 1721 δόξης,
3102 1655 3342 1724 Χριστοῦ
3372 1657 3479 1724 μὲν
3516 1658 3672 1722 Θεὸς,

2097 1751 2194 1819 τῆς
2226 1750 2282 1801 δὲ
2315 1748 2471 1820 δόξης
2509 1749 2716 1817 Πατήρ.
2757 1747 2817 1800 Εἰ
2873 1747 2984 1816 γὰρ
3015 1746 3109 1798 καὶ
3139 1748 3198 1799 τὸ
3252 1749 3667 1819 συναμφότερον

421 1859 527 1910 que
549 1860 713 1898 unum
740 1858 842 1913 est,
868 1863 973 1902 non
997 1859 1174 1903 tamen
1200 1860 1412 1914 natura,
1432 1851 1523 1904 sed
1539 1851 1936 1920 conjunctione.
1970 1872 1987 1903 ι

2103 1842 2178 1908 ἓν,
2213 1843 2329 1896 ἀλλ’
2352 1843 2413 1896 οὐ
2437 1845 2502 1912 τῇ
2535 1841 2715 1909 φύσει,
2765 1844 2828 1911 τῇ
2862 1840 2918 1892 δὲ
2966 1841 3190 1911 συνόδῳ.
3256 1860 3274 1892 ι
3316 1841 3519 1895 Πολλοῦ
3566 1844 3674 1914 γὰρ

429 1934 593 1990 Valde
633 1938 816 2007 utique
866 1940 1165 1995 laudandus
1188 1941 1464 1995 Mamouas
1524 1954 1660 2008 erat,
1711 1944 1755 1997 si
1810 1944 1993 1999 hacin

425 2038 575 2091 parte
600 2030 952 2097 substitisset,
986 2033 1188 2086 etenim
1222 2034 1365 2087 nulla
1394 2035 1551 2089 nobis
1581 2037 1680 2089 hac
1730 2051 1895 2105 super
1939 2052 1996 2090 re

419 2119 528 2186 jam
579 2120 739 2174 Verba
777 2123 1090 2190 eﬂluerent;
1150 2142 1322 2193 neque
1377 2128 1494 2195 ipse
1527 2128 1759 2196 linguam
1805 2139 1993 2181 contra

423 2226 522 2265 nos
546 2213 830 2275 vibrasset,
864 2230 984 2267 cum
1028 2216 1139 2284 pari
1174 2219 1380 2271 honore
1411 2234 1475 2272 ac
1537 2217 1768 2272 Verbum
1815 2222 1992 2289 pit-tu-

424 2321 536 2358 tam
571 2305 684 2361 fore
710 2306 941 2363 diceret.
983 2307 1088 2362 Sed
1125 2310 1180 2362 in
1229 2310 1482 2377 prasenti
1544 2312 1647 2365 hoc
1683 2326 1789 2365 non
1833 2314 1994 2374 dicit;

423 2413 697 2468 nunquam
756 2400 899 2453 enim
959 2400 1335 2469 theologorum
1398 2402 1743 2471 dogmatibus
1807 2418 1997 2457 aurem

420 2490 671 2557 pra'bult,
696 2492 818 2558 Quia
846 2492 988 2546 inter
1019 2494 1209 2546 lterum
1237 2494 1786 2562 tttagisteria.versat'i
1818 2496 1867 2548 ei
1890 2510 1996 2548 non

420 2582 647 2648 placuit,
678 2594 961 2650 propterea
1020 2585 1162 2652 quod
1199 2589 1384 2639 carnis
1411 2596 1622 2639 tantum
1663 2586 1899 2640 stimulis
1945 2595 2002 2640 et

421 2672 816 2741 cupiditatibus
845 2675 1045 2728 victum
1094 2690 1153 2729 se
1192 2676 1435 2729 tradidit.

495 2764 575 2816 Ad
610 2762 836 2817 alterum
881 2766 1061 2833 itaque
1111 2766 1367 2821 dictionis
1425 2765 1789 2836 signiﬁcatum
1836 2770 2001 2826 stulte

428 2857 704 2926 impieque
727 2858 970 2913 converti
1013 2873 1136 2912 eum
1172 2874 1397 2914 necesse
1432 2870 1538 2926 est,
1588 2870 1749 2930 atque
1780 2862 1879 2915 hoc
1906 2877 2002 2931 pro

427 2949 678 3017 dogmate
714 2948 939 3013 habere,
980 2950 1120 3018 quod
1152 2964 1345 3018 nempe
1399 2952 1729 3005 sensibiliter
1779 2954 2025 3023 ipsoque'

434 3040 603 3105 facto,
637 3054 698 3095 ea
728 3056 850 3109 qua:
876 3042 1313 3109 inseparabiliter
1343 3052 1469 3095 sunt
1491 3044 1633 3098 unita
1661 3055 2001 3113 separentur.

2101 1935 2166 1988 ἂν
2206 1934 2356 1998 ἄξιος
2392 1934 2584 2003 ἐφάνη,
2614 1933 2774 2001 εἴπερ
2817 1932 2912 1985 ἐπὶ
2945 1931 3097 1984 τοῦδε
3145 1931 3237 1984 τοῦ
3270 1934 3475 2002 μέρους
3504 1933 3674 2004 ἕστη-

2102 2044 2186 2089 κε,
2215 2029 2308 2079 καὶ
2340 2026 2514 2087 οὐδεὶς
2541 2020 2608 2094 ἦν
2640 2027 2773 2093 ἡμῖν
2803 2025 2832 2076 6
2886 2026 3013 2093 περὶ
3076 2023 3269 2077 τούτου
3316 2023 3475 2092 λόγος
3504 2040 3517 2054 ⁸
3547 2025 3671 2079 οὐδὲ

2096 2121 2262 2182 αὐτὸς
2298 2118 2394 2189 τὴν
2420 2118 2671 2186 γλῶσσαν
2697 2117 2819 2171 καθῖ
2842 2117 3000 2187 ἡμῶν
3023 2118 3192 2185 ἠφίει,
3210 2117 3374 2170 ὁπότε
3397 2117 3675 2187 ὁμοτίμως

2098 2212 2178 2283 τῷ
2209 2210 2379 2281 Λόγῳ*
2400 2212 2495 2264 καὶ
2529 2210 2597 2263 τὰ
2628 2209 2725 2278 τῆς
2769 2208 2987 2281 γραφῆς
3016 2208 3147 2271 ἕξει.
3198 2207 3358 2260 Ἀλλά
3390 2206 3549 2260 τοῦτο
3581 2207 3676 2261 νῦν

2101 2306 2199 2357 οὐκ
2230 2305 2332 2373 ἔφη
2368 2323 2381 2335 ’
2416 2300 2652 2371 οὐδαμοῦ
2688 2300 2797 2371 γὰρ
2840 2303 2952 2363 τοῖς
2979 2299 3087 2351 τῶν
3122 2299 3392 2362 θεολόγων
3435 2300 3674 2368 δόγμασι

2100 2400 2162 2450 τὸ
2194 2393 2283 2460 οὖς
2326 2395 2743 2464 παρατέθεικεν,
2776 2393 3111 2463 ἐντραφῆναι
3142 2396 3255 2457 τοῖς
3281 2392 3462 2447 αὐτῶν
3489 2392 3676 2461 διδάγ-

2106 2510 2269 2564 μασιν
2314 2493 2414 2545 οὐκ
2454 2492 2850 2559 ἀνασχόμενος,
2878 2493 2988 2551 τοῖς
3032 2489 3090 2542 δὲ
3136 2490 3238 2557 τῆς
3270 2490 3474 2554 σαρκὸς
3514 2489 3675 2557 μόνον

2102 2586 2387 2657 όρμήμασι
2420 2586 2513 2636 καὶ
2546 2582 2850 2651 θελήμασιν
2878 2578 3490 2651 ἐξανδραποδιζόμενος.

2186 2774 2308 2826 Ἐπὶ
2332 2773 2392 2825 τὸ
2415 2773 2502 2824 ἓτε
2511 2787 2604 2841 ρον
2623 2765 2715 2823 οὖν
2741 2768 2833 2821 τοῦ
2861 2766 3019 2832 λόγου
3038 2766 3436 2835 σημαινόμενον
3457 2766 3672 2837 ἀνάγκη

2107 2864 2315 2930 ἀλόγως
2366 2862 2461 2914 καὶ
2517 2858 2795 2921 δυσσεϐῶς
2846 2858 3009 2910 αὑτὸν
3049 2856 3508 2925 ἀποκομίζεσθαι.
3576 2858 3674 2911 καὶ

2104 2956 2264 3010 τοῦτο
2292 2952 2663 3024 δογματίζειν,
2697 2955 2779 3006 ὅτι
2810 2953 2875 3022 δὴ
2909 2952 3161 3023 ἐνεργείᾳ
3188 2953 3283 3006 καὶ
3316 2954 3570 3023 αἰσθήσει
3602 2954 3671 3008 τά

2109 3050 2428 3120 ἀχωρίστως
2456 3047 2712 3116 ἡνωμένα
2760 3046 3074 3116 διαιρεῖται.
3114 3047 3411 3113 Διασαφεῐν
3456 3045 3514 3099 δὲ
3547 3048 3678 3117 ήμῐν

426 3129 665 3187 Narrare
698 3141 875 3186 autem
906 3133 1061 3186 nobis
1094 3132 1377 3187 debuisset
1425 3135 1511 3188 hic
1544 3135 1999 3203 sapientissimus,

2108 3140 2219 3193 ἔδει
2252 3142 2344 3191 τὸν
2376 3138 2710 3208 σοφώτατον,
2744 3138 2875 3207 ποια
2904 3138 3133 3208 δυνάμει
3176 3138 3553 3209 καὶ¹ὲνεργειᾳ
3580 3141 3678 3208 τήν

428 3223 573 3292 quali
628 3224 677 3278 vi
706 3235 872 3294 atque
924 3223 1163 3280 el'liracia
1200 3227 1673 3294 supernaturalem
1719 3227 1862 3280 illam
1897 3228 2000 3281 mi-

430 3329 656 3384 tamque
690 3317 964 3381 unionem,
1002 3331 1121 3386 qua:
1152 3333 1367 3371 omnem
1418 3318 1684 3385 loquelam
1738 3330 2004 3373 mentem-

430 3422 536 3474 que
560 3417 804 3475 superat,
829 3423 946 3462 eam
984 3410 1196 3465 scilicet
1224 3425 1326 3479 qua
1366 3410 1597 3465 Verbum
1633 3411 2006 3466 substantiali-

433 3509 515 3549 tcr
562 3498 817 3551 habitans
846 3498 899 3552 in
930 3499 1279 3555 sanctissima
1318 3499 1543 3568 Deipara
1579 3498 1799 3571 Virgine
1827 3508 2001 3555 totum

432 3590 704 3645 hominem
752 3593 850 3646 toti
908 3593 1011 3647 sibi
1057 3593 1394 3663 hypostatica
1458 3593 1659 3648 unione
1707 3594 2000 3663 copulavit,

428 3698 590 3751 quam
640 3683 787 3739 solus
815 3682 956 3739 Deus
1013 3684 1224 3740 eﬂicere
1287 3695 1537 3753 poterat;
1594 3685 2005 3754 qnomodo,in-

430 3791 614 3842 quam,
641 3777 1092 3832 circumscribcns
1125 3787 1221 3832 aut
1242 3776 1484 3847 eﬂigians
1534 3787 1773 3845 separet,
1804 3775 2004 3832 Deum-

428 3882 535 3935 que
569 3881 836 3932 seorsum,
860 3869 1102 3939 itemque
1130 3870 1408 3923 homlnem
1446 3883 1690 3923 seorsum
1718 3877 2003 3935 secernat;

430 3972 481 4013 rt
518 3974 642 4015 num
692 3959 807 4013 ﬁeri
841 3960 1030 4029 possit,
1072 3969 1129 4014 ut
1168 3974 1287 4014 eam
1324 3975 1435 4013 rem
1468 3957 1704 4013 Verbum
1741 3960 2003 4030 patiatur,

428 4062 590 4121 atque
618 4066 646 4104 a
683 4053 851 4106 semel
895 4053 1045 4106 unita
1090 4053 1194 4108 sibi
1248 4067 1413 4107 carne
1467 4065 1771 4119 separetur,
1804 4067 1871 4106 an
1905 4053 2008 4108 hoc

426 4146 608 4215 potius
644 4161 917 4215 nunquam
951 4147 1243 4200 usuvenire
1297 4154 1477 4213 queat.
1511 4145 1645 4198 Nam
1679 4146 1722 4199 si
1771 4144 2007 4214 primum

429 4238 773 4300 concedatur,
789 4239 968 4306 passio
983 4238 1167 4306 utique
1189 4236 1360 4291 Verbo
1379 4240 1603 4291 accidet.
1622 4237 1772 4303 Quod
1791 4236 1833 4290 si
1853 4237 2011 4305 patia-

427 4337 541 4393 tur,
574 4329 736 4382 etiam
767 4328 1270 4383 circumscribetur.
1299 4326 1437 4381 Num
1464 4343 1592 4381 vero
1624 4329 1672 4381 id
1701 4339 1826 4381 ante
1855 4328 2008 4383 unio-

426 4437 551 4475 nem
578 4438 794 4491 passum
816 4423 934 4479 est?
964 4422 1126 4493 Atqui
1154 4424 1257 4477 hoc
1309 4423 1647 4491 impossibile
1674 4439 1688 4488 ;
1727 4438 1830 4476 non
1861 4425 2005 4477 enim

2105 3233 2359 3304 ὑπερφυᾶ
2390 3233 2485 3285 καὶ
2518 3229 2829 3300 θαυμασίαν
2863 3230 3080 3299 ἐκείνην
3128 3231 3342 3295 ἕνωσιν,
3375 3233 3469 3284 καὶ
3497 3232 3660 3299 λόγου

2103 3320 2305 3383 παντὸς
2331 3321 2427 3375 καὶ
2453 3321 2547 3375 νοῦ
2580 3320 2929 3391 ὑπερέκεινα,
2972 3320 3094 3374 καθ’
3122 3323 3187 3392 ἡν
3214 3324 3242 3375 6
3280 3322 3455 3389 Λόγος
3475 3323 3677 3376 οὐσιω-

2104 3414 2211 3478 δῶς
2235 3416 2524 3486 ἕνοικήσας
2546 3417 2604 3469 ὲν
2632 3418 2698 3486 τῇ
2731 3415 2993 3486 πανάγνῳ
3020 3416 3112 3468 καὶ
3139 3415 3391 3485 Θεοτόκῳ
3413 3414 3677 3486 Παρθένῳ

2105 3507 2226 3561 ὅλον
2253 3507 2537 3577 ἄνθρωπον
2585 3508 2692 3578 ὅλῳ
2724 3506 2903 3577 ἑαυτῷ
2939 3506 3180 3575 συνῆψεν
3228 3506 3421 3560 ἑνῶσει
3457 3511 3523 3575 τῇ
3547 3507 3672 3561 καθ’

2106 3598 2425 3657 ὑπόστασιν,
2461 3598 2528 3669 ἢν
2556 3597 2692 3651 Θεοῦ
2725 3598 2890 3668 μόνου
2918 3593 2988 3667 ἦν
3020 3597 3386 3668 ἐργάσασθαι,
3420 3597 3623 3667 διαιρεῖ
3650 3600 3678 3651 6

2107 3688 2468 3765 περιγράφων
2496 3688 2591 3739 καὶ
2616 3687 2922 3751 εἰκονίξων,
2939 3688 3034 3740 καὶ
3055 3687 3291 3756 διίστησι
3313 3686 3446 3739 Θεὸν
3472 3687 3673 3752 ἰδικῶς,

2108 3783 2202 3835 καὶ
2226 3779 2515 3849 ἄνθρωπον
2546 3778 2731 3841 ἱδικῶς
2753 3796 2767 3810 ο
2791 3779 2868 3843 ῶς
2897 3777 3203 3848 πεφυκότος
3233 3772 3344 3849 ἆρα
3369 3775 3463 3830 τοῦ
3499 3778 3677 3845 Λόγου

2082 3872 2267 3927 ’τοῦτο
2295 3874 2545 3940 πάσχειν,
2599 3872 2693 3924 καὶ
2727 3870 3030 3923 διίστασθαι
3063 3870 3161 3939 τῆς
3196 3867 3342 3933 ἅπαξ
3386 3868 3680 3938 ἑνωθείσης

2109 3965 2257 4035 αὐτῷ
2290 3964 2512 4033 σαρκός,
2549 3963 2580 4033 ἣ
2630 3961 2881 4031 οὐδαμῶς
2911 3960 3219 4030 πεφυκότος
3245 3959 3421 4013 ταῦτα
3446 3976 3461 4023 ;
3489 3960 3549 4011 Et
3581 3959 3679 4029 μὲν

2109 4060 2218 4128 γὰρ
2247 4060 2306 4110 τὸ
2336 4056 2551 4127 πρῶτον
2572 4055 2775 4125 δοθείη,
2816 4056 2911 4108 καὶ
2941 4055 3111 4117 πάθος
3137 4054 3201 4108 ἂν
3233 4054 3567 4124 προσριφείη
3599 4053 3675 4123 τῷ

2110 4151 2288 4220 Λόγῳ.
2349 4150 2409 4201 Εἰ
2462 4148 2518 4201 δὲ
2573 4146 2755 4208 πάθοι,
2800 4147 2892 4199 καὶ
2939 4147 3417 4216 περιγραφήσεται
3477 4146 3675 4214 δήπου,

2110 4244 2343 4297 πέπονθε
2372 4243 2415 4294 δ’
2444 4241 2510 4294 ἂν
2540 4239 2698 4293 τοῦτο
2742 4240 2837 4291 xui.
2878 4238 2985 4310 πρὸ
3047 4240 3144 4308 τῆς
3192 4239 3456 4301 ἑνὼσεως.
3515 4237 3679 4291 Ἀλλά

2114 4337 2218 4406 μὴν
2246 4335 2405 4388 τοῦτό
2455 4351 2519 4402 γε
2552 4332 2807 4386 ἀδύνατον
2835 4347 2851 4364 ο
2884 4331 2946 4383 οὺ
2982 4329 3091 4400 γὰρ
3124 4329 3190 4383 ἂν
3217 4330 3401 4392 πάθοι,
3447 4328 3666 4397 ἀπαθής

2109 4444 2171 4494 γε
2206 4426 2281 4478 ὢν
2315 4425 2476 4493 φύσει
2505 4440 2518 4454 ⁸
2561 4422 2758 4475 οὐκοῦν
2811 4421 2933 4474 οὐδὲ
2985 4419 3377 4488 διαστήσεσθαι
3416 4419 3514 4486 τῆς
3559 4435 3682 4471 συν-

427 4515 654 4581 patitur,
682 4531 805 4570 cum
840 4516 912 4569 sit
950 4514 1271 4568 naturaliter
1305 4514 1658 4583 impassibilc.
1705 4513 1817 4586 48
1861 4514 1999 4585 Ergo

2104 4518 2394 4588 ηνωμένης
2423 4513 2573 4583 αὐτῷ
2607 4514 2831 4575 σαρκὸς,
2865 4509 3026 4578 φύσιν
3061 4509 3193 4573 ἕξει.
3228 4510 3291 4561 Ei
3321 4508 3376 4561 δὲ
3406 4508 3466 4560 τὸ
3494 4507 3679 4560 δεύτε-

431 4624 498 4663 ne
525 4609 592 4663 ab
634 4612 782 4663 unita
824 4610 1042 4680 quidem
1087 4609 1190 4662 sibi
1219 4624 1382 4662 carne
1412 4609 1652 4678 separari
1683 4611 2004 4664 naturaliter

430 4701 646 4768 poterit.
680 4700 834 4767 Quod
864 4701 907 4754 si
943 4710 1126 4768 postea
1167 4700 1219 4754 id
1251 4709 1336 4755 est
1365 4700 1642 4766 eﬂ'ectum,
1691 4702 1911 4755 ubinam
1952 4701 2005 4755 id

432 4791 723 4845 usurenit?
754 4791 1012 4857 Quaenam
1043 4793 1237 4858 oratio,
1282 4809 1393 4846 rem
1432 4809 1551 4862 qua:
1584 4809 1743 4864 supra
1789 4807 2004 4847 omnem

431 4882 732 4937 orationem
770 4892 853 4947 est
886 4883 1174 4952 attingens,
1211 4895 1263 4937 et
1319 4885 1387 4940 de
1444 4886 2007 4952 incomprehensibili-

430 4976 533 5030 bus
565 4985 745 5030 mente
784 4990 849 5030 ac
890 4974 1070 5045 lingua
1124 4976 1484 5034 ineﬂ‘abilibus
1523 4980 1819 5039 disserens,
1864 4984 2005 5034 inse-

429 5068 726 5138 parabilem
761 5069 907 5123 illam
935 5071 1512 5144 inconvertibilemque
1534 5074 1841 5127 naturalem
1877 5088 2007 5127 con-

426 5160 763 5233 iunctionem
802 5160 994 5217 liedcre
1030 5165 1269 5233 poterit?

512 5269 532 5300 ι
568 5249 673 5307 Sed
698 5255 909 5309 etiamsi
946 5271 1049 5309 non
1104 5269 1406 5326 separetur,
1462 5265 1611 5310 certe
1650 5256 2002 5310 circumscri-

436 5344 627 5411 l-etur;
663 5364 681 5398 ι
718 5347 943 5417 ideoque
971 5350 1163 5404 metuit
1191 5348 1663 5415 circumscriptam
1688 5348 1869 5400 dicere
1888 5361 2007 5399 car-

434 5446 578 5501 nem,
626 5439 781 5507 quasi
854 5456 1041 5510 reapse
1111 5440 1640 5510 circumscriptionis
1684 5439 2005 5507 passionem

508 5625 552 5655 ³⁷
594 5625 792 5695 Epltes.
836 5644 871 5690 l,
910 5629 994 5680 l7.

2114 4629 2228 4684 ρον,
2263 4612 2354 4664 καὶ
2386 4605 2446 4664 οὗ
2481 4608 2690 4675 πέψυκε
2722 4604 2912 4668 τεῦτος
2946 4604 3043 4666 Τίς
3084 4605 3111 4655 6
3137 4603 3294 4668 λόγος
3330 4603 3356 4653 6
3386 4599 3496 4651 τῶν
3535 4598 3677 4667 ὑπὲρ

2114 4706 2271 4771 λόγον
2302 4702 2624 4769 ἁπτόμενος,
2660 4700 2753 4751 καὶ
2787 4696 2821 4751 ἂ
2860 4698 2994 4766 μήτε
3025 4695 3100 4765 νῷ
3127 4692 3504 4763 ληπτὰ,·μήτε
3536 4691 3679 4759 λόγῳ

2117 4798 2254 4865 ρητα
2290 4792 2477 4853 ἐπιὼν,
2513 4791 2570 4853 ὃς
2600 4791 2698 4858 τὴν
2729 4789 3095 4841 ἀδιάσπαστον
3143 4784 3359 4851 ἐκείνην
3391 4783 3485 4836 καὶ
3513 4783 3674 4850 ἄτρεο

2116 4903 2247 4938 πτον
2318 4884 2413 4937 καὶ
2469 4881 2701 4951 φυσικὴν
2758 4880 3053 4949 συνάφειαν
3118 4874 3462 4947 λυμήνασθαι
3519 4874 3681 4945 δυνή-

2115 4996 2265 5030 σεται
2299 4996 2313 5039 ;

2192 5274 2211 5306 ι
2276 5255 2410 5307 ’Λλλ’
2468 5255 2515 5306 εἰ
2575 5253 2641 5306 οὺς
2704 5249 3029 5321 χωρίζεται,
3088 5236 3680 5313 συμπεριγραφήσεται

2116 5347 2353 5409 πάντως.
2396 5367 2414 5398 ι
2451 5346 2559 5419 Καὶ
2585 5344 2674 5399 διὰ
2714 5342 2873 5397 τοῦτο
2913 5340 3117 5394 δέδοικε
3165 5333 3547 5406 περιγραπτὴν
3592 5327 3681 5381 λέ-

2116 5456 2237 5507 γειν
2260 5439 2356 5509 τὴν
2388 5439 2584 5508 σάρκα,
2612 5435 2821 5504 ἀγνοῶν
2842 5436 2921 5487 ὅτι
2954 5432 3031 5502 τῷ
3060 5429 3173 5484 δντι
3209 5426 3381 5487 πάθος
3411 5435 3679 5494 περιγρα-

507 5784 620 5847 (ι-ὶ)
672 5788 728 5839 S.
770 5787 1065 5856 Gregorius
1120 5784 1300 5839 Naziu
1326 5799 1490 5839 zcnus
1542 5794 1703 5837 oratu
1729 5781 1817 5850 50,
1859 5799 1909 5836 ιι.
1946 5782 1999 5846 8,
2046 5783 2095 5836 in
2131 5782 2364 5837 editione
2400 5780 2506 5835 PP.
2536 5777 2926 5833 Maurinorum.

2160 5994 2185 6013 /
