4086 6344
410 455 528 519 ιεὸθ

1043 492 1049 498 -
1132 451 1763 513 ANTIRRHETICUS
1804 450 1829 508 I
1896 450 2064 510 ADV.
2108 447 2699 511 CONSTANTINUM
2738 448 2951 511 COPB.

3574 449 3685 513 209

414 563 837 636 ἀπηχθημένων
861 606 874 627 ,
925 561 1101 630 πειρον
1152 562 1289 633 πρὶς
1328 563 1417 614 τὸν
1454 562 1753 632 γεννήτορά
1795 557 2001 612 τούτων

2124 557 2353 611 tioribus
2416 556 2697 627 persequi,
2751 572 2874 612 cum
2926 557 3062 611 satis
3114 557 3185 612 sit
3232 559 3442 630 parenti
3487 562 3676 615 borunt

423 660 625 720 είπεῖν,
666 656 749 708 ὅτι
774 654 838 706 Σε
872 652 1152 716 τοιαύταις
1183 654 1370 726 χάρισι
1393 653 1462 706 τά
1492 655 1559 706 σὰ
1592 652 1848 719 στεφανοί
1874 650 2000 719 νοή⁴

427 764 577 819 ματα
601 764 617 778 ο
645 745 930 808 τοιαύταις
963 745 1221 815 ἀμοιϐαῖς
1271 760 1330 796 σε
1372 742 1771 814 κατακροτοῦσι
1796 740 1864 793 τὰ
1893 740 2002 794 τῶν

426 839 540 892 σῶν
575 837 751 906 λόγων
777 835 887 889 τῶν
925 835 1107 903 σοφῶν
1139 836 1235 889 καὶ
1280 835 1547 903 ἐντέχνων
1591 833 1957 905 προϐλήματα
1986 848 1998 861 ·

425 929 600 992 οὕτως
640 946 723 982 σοι
760 926 875 980 τῶν
905 926 1015 980 σῶν
1066 926 1355 995 δογμάτων
1388 926 1450 978 τὸ
1481 928 1538 979 ὲν
1587 925 1791 995 θεωρίᾳ
1830 927 2003 994 strep-

429 1024 593 1095 μένον
627 1023 722 1077 καὶ
754 1020 976 1092 suum,
1019 1022 1100 1083 είς
1154 1022 1466 1091 φιλοτιμίαν
1507 1020 1806 1090 μέγιστον;
1857 1013 2006 1090 ’Δρα

426 1115 490 1166 οὐ
527 1112 839 1184 μεθυόντων
894 1111 1302 1183 ὲκερρονέστερα
1358 1112 1522 1165 ταυτὶ¹
1552 1110 1621 1163 τὰ
1668 1111 2002 1180 ληρήματα;

427 1201 541 1276 ἄρα
574 1205 681 1259 τῶν
711 1202 1194 1274 μελαγχολούντων
1218 1203 1252 1274 ἢ
1284 1203 1664 1274 βακχευόντων
1688 1203 1790 1256 οὐκ
1809 1199 2009 1269 ἀλογώο

427 1313 599 1368 τιρας
632 1295 869 1349 Τοιαῦτα
900 1294 1010 1348 τῶν
1029 1295 1172 1347 κατὰ
1199 1296 1291 1347 τὸν
1312 1295 1504 1365 λαιμὸν
1522 1295 1617 1347 καὶ
1643 1294 1744 1365 τὴν
1765 1293 2007 1363 γαστέρα

432 1387 845 1459 μαργαινόντων
908 1387 976 1439 τά
1014 1387 1383 1455 ἀπηχὴματα·
1421 1384 1647 1438 τοιαῦτα
1700 1384 1802 1453 τῆς
1846 1383 2008 1452 φίλης

432 1481 525 1533 καὶ
546 1480 768 1550 ἡδίστης
802 1480 1042 1549 κοπρίας
1065 1476 1213 1548 αὑτῷ
1239 1479 1306 1531 τά
1332 1475 1608 1548 γεώργια’
1642 1477 1869 1530 τοιαῦτα
1900 1475 2009 1529 τῶν

431 1574 688 1644 ἀμέτρων
710 1571 923 1641 ὲμέτων
950 1575 1045 1625 καὶ
1070 1572 1170 1642 τῆς
1214 1570 1484 1634 κυνώδους
1514 1570 1729 1641 ἐκείνης
1765 1570 1859 1621 καὶ
1893 1586 2004 1639 χοι.

435 1666 587 1735 ρείας
612 1663 762 1733 ζωῆς
801 1664 897 1717 καὶ
927 1663 1023 1717 τοῦ
1052 1661 1351 1733 θηριώδους
1382 1661 1609 1734 τρόπου,
1636 1664 1704 1715 τὰ
1734 1661 2006 1730 δόγματα·

430 1755 661 1811 τοιαῦτα
692 1756 802 1808 τῶν
851 1755 1063 1823 ἀλόγων
1097 1754 1254 1819 ζώων
1312 1753 1750 1825 ίχνηλατούντων
1791 1753 1890 1817 τὰς
1933 1753 2010 1807 δι-

2107 648 2312 711 diccre,
2352 651 2498 719 quod
2543 646 2619 703 Te
2652 648 2812 704 donis
2867 650 3177 719 hujusmodi
3250 661 3337 704 tua
3376 664 3678 708 commenta

2106 751 2410 806 coronant;
2470 738 2562 793 tali
2605 749 2655 793 te
2700 740 3061 795 retributione
3124 751 3325 796 ornant
3365 758 3676 797 sermonum

2110 839 2325 883 tuorum
2368 840 2477 882 lant
2506 830 2832 899 sapientium
2862 841 2917 885 ct
2949 831 3351 888 elaboratorum
3389 850 3682 904 argumen-

2110 930 2196 986 ta;
2233 922 2365 976 adeo
2396 922 2491 975 tibi
2536 924 2844 993 dogmatum
2900 932 3114 976 tuorum
3152 926 3482 993 speettlativa
3511 927 3684 981 subli-

2110 1015 2269 1066 milas
2303 1022 2357 1067 el.
2402 1012 2591 1076 elatio,
2647 1015 2867 1068 maximi
2904 1017 2970 1068 ad
3025 1017 3367 1084 gloriandum
3418 1020 3685 1074 momenti

2109 1105 2227 1159 esti
2264 1104 2454 1159 Nonne
2483 1106 2597 1160 haec
2640 1109 2817 1176 potius
2850 1108 3187 1162 dcmentiora
3218 1110 3450 1164 ebriosis
3480 1110 3686 1165 delira-

2111 1207 2292 1251 menta
2327 1199 2493 1253 sunt?
2537 1214 2716 1254 nonne
2749 1201 2967 1254 furiosis
3002 1212 3057 1256 et
3109 1206 3506 1258 bacchantibus
3539 1207 3685 1261 insa-

2111 1287 2304 1342 niora?
2339 1284 2403 1341 lli
2433 1299 2560 1342 sunt
2586 1288 2838 1343 videlicet
2862 1290 3096 1359 ingluvie
3119 1303 3173 1347 ct
3199 1304 3388 1349 ventre
3419 1296 3686 1365 intempe-

2113 1379 2345 1430 rantinnt
2386 1379 2664 1431 baxninnln
2696 1382 2937 1448 crepitus
2970 1403 2985 1451 ;
3017 1382 3099 1435 lite
3139 1393 3266 1435 sunt
3294 1385 3445 1438 citari
3481 1385 3608 1441 huic
3630 1394 3690 1447 et

2110 1469 2404 1537 gratissimi
2450 1469 2560 1524 limi
2612 1472 3074 1539 stercorationes;
3111 1476 3162 1529 bi
3211 1478 3463 1531 immensi
3524 1482 3691 1533 vomi-

2114 1569 2221 1622 tus.
2252 1562 2572 1631 cauinaeque
2610 1563 2752 1618 illius
2792 1580 2857 1618 ac
2887 1567 3066 1621 soilla:
3089 1568 3212 1619 vita:
3245 1580 3299 1620 ct
3324 1568 3483 1622 lerini
3520 1570 3692 1624 moris

2114 1652 2367 1721 dogmata
2397 1670 2412 1708 :
2454 1656 2568 1709 haec
2599 1664 2724 1710 sunt
2769 1655 3011 1711 facinora
3062 1665 3377 1713 venatorum
3408 1659 3689 1715 hominum

2112 1747 2203 1813 qui
2258 1745 2540 1801 hrntorum
2590 1750 2910 1803 animalium
2971 1751 3235 1819 indagant
3289 1754 3517 1823 vestigia
3577 1771 3591 1809 :
3634 1755 3686 1807 bi

432 1845 679 1914 ιξόδουςο
705 1845 936 1899 τοιαῦτα
981 1844 1089 1899 τῶν
1140 1847 1257 1909 τοῖς
1291 1844 1490 1916 αἵμασι
1523 1843 1633 1898 τῶν
1664 1842 2010 1916 Χριστιανῶν

2124 1852 2295 1892 mores
2320 1846 2721 1894 suutcrncntas
2748 1841 3186 1898 Christianorum
3210 1847 3478 1914 sanguine
3500 1859 3692 1898 tuauus

436 1907 807 2009 βαπτιξόντων
864 1936 964 2000 τὰς
1010 1907 1247 2007 χεῖρας,
1284 1907 1381 1990 καὶ
1435 1936 1542 1989 τῶν
1586 1907 1731 1989 κατά
1770 1933 2008 2006 Χριστοῦ

2124 1929 2417 1997 gerentimn
2451 1930 2608 1985 :btcc
2657 1933 2891 2000 denique
2946 1935 3212 1988 humanas
3244 1949 3442 1990 carnes
3481 1935 3690 1990 lanian-

432 2027 615 2092 δεξιάν
646 2025 985 2086 όπλισάντων
1008 2042 1019 2056 ·
1044 2024 1275 2079 τοιαῦτα
1302 2024 1412 2077 τῶν
1438 2024 1882 2090 καταξαινόντων
1913 2025 2011 2088 τὰς

435 2118 781 2192 ἀνθρωπείας
811 2119 1024 2191 σάρκας
1054 2119 1123 2172 τά
1159 2118 1473 2189 εὑρήματα.
1514 2118 1653 2171 Ἀλλ’
1678 2119 1909 2189 ἁρμόσει
1949 2136 2012 2187 γε

433 2215 547 2276 τοῖς
578 2211 723 2266 οὕτω
760 2213 977 2282 φρονεῖν
1007 2209 1288 2280 ἑλομόνοις
1308 2208 1368 2263 τὺ
1400 2209 1545 2278 ἱερὸν
1576 2211 1753 2262 ἐκεῖνο
1791 2209 1971 2278 λόγιον
1992 2248 2009 2273 ,

432 2304 520 2356 δτι
554 2303 619 2356 '0
643 2302 843 2373 μωρὸς
860 2299 1025 2371 μωρὰ
1052 2298 1336 2366 λαλήσει,
1378 2299 1475 2352 καὶ
1516 2298 1555 2366 ὴ
1585 2299 1801 2367 καρδία
1826 2298 2012 2352 αὐτοῦ

431 2394 652 2464 μάταια
687 2396 924 2463 νοήσει,
954 2391 1061 2446 τοῦ
1091 2390 1307 2446 λαλεῖν
1339 2390 1490 2457 πρὸς
1535 2390 1755 2457 Κύριον
1782 2389 2015 2457 πλάνη-

437 2502 560 2541 σιν.
600 2485 674 2538 T6
707 2485 815 2555 γάρ
853 2484 998 2538 οὕτω
1050 2485 1193 2538 νοεῖν
1233 2481 1394 2545 ποίας
1422 2480 1541 2544 νοὸς
1582 2481 2010 2551 άκεραιότητος;

437 2578 547 2631 οὐδ’
596 2575 662 2631 ἄν
723 2579 774 2630 oi
818 2576 911 2629 τὸν
973 2573 1100 2628 νοῦν
1167 2573 1642 2647 παρενηνεγμέναι
1688 2572 1831 2627 οὕτω
1881 2574 2013 2628 ποτὲ

440 2670 749 2739 ἑννοήσειαν
777 2668 809 2740 ἢ
852 2667 1090 2733 λέξειαν.
1542 2702 1549 2707 -

509 2757 604 2814 λε’.
642 2758 702 2813 ὐ
733 2757 928 2828 Σωτὴρ
961 2752 1297 2827 ὑπερδλῦσει
1337 2752 1753 2826 φιλανθρωπίας
1809 2755 2012 2826 φέρων,

442 2844 1221 2918 ὑδριζόμενος,λιθαζόμενος,
1252 2842 1363 2896 τῶν
1398 2841 1588 2896 κακῶν
1613 2842 1713 2913 τὴν
1743 2840 2015 2911 κορωνίδα

441 2941 533 2993 τὸν
578 2940 808 2995 θάνατον
856 2938 1128 3001 ἀνατλὰς,
1183 2936 1245 2991 οὐ
1301 2935 1540 2989 πέπονθε
1596 2933 1771 2989 ταῦτα
1803 2950 1815 2962 ·
1866 2935 2013 2987 εἰκο-

443 3028 724 3101 νιζόμενος
767 3028 932 3082 πάθοι
980 3026 1046 3081 ἀν
1082 3042 1250 3086 mea;
1294 3024 1384 3090 Ὠς
1425 3025 1534 3096 γάρ
1564 3027 1682 3093 ἐκεῖ
1711 3023 1865 3078 οὐδὲν
1919 3023 2020 3078 1:6-

446 3122 660 3188 stoviiev,
686 3122 809 3175 ὅσον
826 3120 919 3173 ἐπὶ
949 3119 1047 3189 τὴν
1073 3118 1284 3172 οἰκείαν
1309 3110 1471 3186 φύσιν
1502 3120 1532 3171 6
1560 3118 1735 3187 Λόγος
1761 3118 1821 3170 οὗ
1846 3133 2020 3187 κεχω-

2115 2019 2248 2073 tium
2280 2033 2588 2077 commenta
2627 2034 2776 2079 sunt.
2808 2024 2975 2093 Atqui
3015 2027 3100 2080 bis
3144 2028 3214 2079 ita
3256 2027 3466 2092 opinari
3509 2027 3691 2083 volen-

2116 2110 2259 2166 tibus
2303 2128 2519 2167 sacrum
2584 2114 2714 2168 illud
2775 2118 3067 2185 qnadrabit
3114 2120 3430 2172 ararulum:
3484 2118 3691 2174 Stultus

2115 2203 2279 2256 stulta
2309 2204 2573 2272 loquetur,
2615 2216 2664 2259 et
2696 2222 2788 2259 cor
2835 2208 2949 2275 ejus
2999 2208 3153 2276 fatua
3178 2206 3288 2278 50
3318 2209 3594 2278 cogitabit,
3635 2223 3692 2265 ut

2116 2296 2369 2349 adversus
2391 2294 2675 2350 Dominum
2698 2297 3080 2367 fraudulenter
3103 2300 3352 2367 loquatur
3381 2300 3448 2354 “.
3480 2302 3693 2372 lieapso

2116 2399 2359 2455 quasnam
2385 2401 2516 2440 sana
2550 2403 2704 2443 tuens
2744 2389 2819 2442 ita
2860 2389 3061 2458 coxith
3084 2390 3108 2444 ?
3135 2390 3387 2446 Profecto
3415 2408 3484 2448 tte
3526 2395 3694 2448 ratio-

2117 2478 2202 2531 nis
2231 2477 2449 2549 quidem
2474 2493 2573 2535 usu
2599 2479 2820 2551 deiecti,
2857 2483 2938 2537 sic
2968 2497 3211 2552 unquam
3258 2484 3341 2539 vel
3369 2482 3695 2554 cegitabunt

2118 2570 2204 2625 vel
2234 2570 2548 2641 loquentur.

2187 2761 2278 2816 35.
2324 2759 2586 2817 Servatur
2634 2758 2913 2829 equidem,
2962 2756 3034 2815 ob
3102 2759 3326 2815 nimiam
3379 2775 3535 2816 suam
3566 2776 3695 2833 erga

2122 2850 2371 2908 homines
2408 2852 2823 2921 benignitatem,
2864 2853 3061 2908 acerba
3104 2867 3318 2922 passus,
3348 2856 3697 2909 continueliis

2120 2941 2375 3007 allectus,
2414 2942 2692 3013 lapidibus
2717 2943 3013 3013 appetitus,
3047 2943 3427 3012 malorumque
3451 2946 3698 2999 coronidi

2123 3035 2242 3090 neci
2281 3036 2535 3100 traditus,
2568 3035 2693 3090 talia
2731 3044 2917 3090 tamen
2951 3050 3056 3088 non
3091 3044 3171 3089 est
3205 3034 3333 3089 olim
3365 3050 3698 3105 perpessus;

2127 3143 2257 3182 num
2291 3142 2424 3198 ergo
2460 3144 2602 3183 nunc
2642 3128 2906 3198 ﬁguratus
2941 3127 3055 3182 bzec
3099 3127 3374 3197 patietur?
3403 3129 3517 3184 lmo
3546 3143 3694 3186 vero.

448 3214 704 3286 ρισμένος
732 3213 831 3284 τῆς
860 3212 1084 3281 σαρκὸς,
1125 3212 1423 3282 ἡνωμένως
1450 3210 1507 3264 δὲ
1538 3211 1632 3263 καὶ
1679 3209 2019 3272 ἀδιαστάτως

2126 3220 2268 3275 sicut
2296 3220 2409 3274 illic
2446 3218 2582 3274 nihil
2611 3232 2695 3274 est
2727 3234 2945 3287 passum
3000 3218 3236 3273 Verbum
3266 3222 3315 3274 in
3349 3225 3565 3291 propria
3605 3236 3703 3276 na—

448 3307 810 3375 συνυπάρχων
838 3306 976 3374 αὐτῇ
1031 3304 1128 3356 καὶ
1176 3301 1489 3375 πασχούσῃ,
1526 3300 1649 3354 οὐδὲ
1684 3299 1923 3354 ἐνταῦθα
1956 3300 2019 3370 δή

2129 3321 2272 3377 tura,
2308 3326 2482 3382 neque
2516 3326 2547 3365 a
2589 3325 2755 3366 carne
2783 3319 3094 3379 separatum
3127 3312 3251 3377 luit,
3288 3314 3382 3367 sed
3417 3314 3489 3366 illi
3519 3314 3702 3368 adha-

448 3414 551 3451 που
577 3398 784 3451 τούτων
822 3396 986 3451 πάθοι
1024 3411 1078 3449 τι
1113 3394 1537 3463 εἰκονιςόμενος.
1575 3392 1863 3463 Πανταχοῦ
1913 3394 2023 3465 γάρ

449 3492 646 3561 ἐπίσης
673 3491 804 3561 ἡμῖν
824 3490 853 3541 6
875 3486 1036 3549 αὐτὸς
1085 3487 1259 3556 Λόγος
1299 3486 1362 3540 τὸ
1408 3485 1611 3555 ἀληθὲς
1636 3485 1776 3556 ἔχων
1814 3502 2027 3555 συμφυ-

449 3583 782 3657 λαχθήσεται
804 3599 819 3614 ·
852 3585 997 3638 dum
1040 3583 1085 3637 δ’
1115 3583 1181 3636 ἂν
1231 3584 1369 3653 πρὸς
1419 3582 1582 3635 αὑτὸν
1613 3584 1709 3636 καὶ
1736 3584 1764 3635 6
1790 3581 2028 3654 φορέσας

449 3677 550 3748 τὴν
583 3678 766 3731 είκόνα
790 3675 884 3730 τοῦ
920 3675 1127 3747 χοϊκοῦ,
1178 3678 1273 3731 καὶ
1306 3676 1490 3746 χοῖκὸν
1523 3674 1776 3748 φύραμα,
1808 3676 1883 3740 ὡς
1913 3677 2027 3730 Οὔκ

451 3767 571 3838 εἰμὶ
599 3767 720 3822 κατ’
749 3769 885 3823 αὐτὸ
911 3769 1070 3822 τοῦτο
1113 3768 1556 3838 ἀπερίγραπτος,
1588 3768 1725 3822 ἀλλά
1754 3785 2029 3840 περιγρα-

453 3860 609 3923 κτός.
658 3858 746 3924 Ὠς
793 3856 888 3915 οῦν
910 3860 1134 3925 ἐδέξατο
1183 3861 1245 3914 τὸ
1291 3859 1503 3931 κτίσμα
1552 3859 1654 3920 τὰς
1707 3859 1896 3932 ὕϐρεις
1934 3861 2039 3916 καὶ·

451 3951 553 4016 τὰς
578 3953 786 4017 αἰκίας,
816 3951 991 4017 οὕτως
1007 3953 1208 4019 δέξαιτ’
1237 3952 1304 4006 ἂν
1335 3955 1431 4006 καὶ
1473 3952 1574 4024 τὴν
1613 3954 1673 4007 ἄν
1695 3954 1848 4024 τόπῳ
1876 3970 2029 4026 περιε-

453 4046 696 4116 γραφὴν.
724 4045 823 4099 καὶ
846 4045 947 4115 τὴν
981 4045 1226 4116 γραφὴν,
1276 4046 1372 4098 καὶ
1401 4044 1465 4098 τὸ
1495 4044 1882 4112 είκονίζεσθαι,
1920 4064 2029 4118 μη-

454 4137 642 4208 δαμῶς
677 4136 774 4191 τοῦ
804 4137 1190 4208 συνηνωμένον
1234 4136 1331 4191 καὶ
1379 4136 1822 4208 συνυπάρχοντος
1854 4139 2030 4207 Λόγου

456 4230 845 4301 χωριζόμενον.

525 4439 637 4503 λς’.
687 4436 828 4493 Ἀλλ’
851 4439 901 4491 εί
925 4438 1132 4493 τούτων
1154 4439 1183 4492 6
1205 4437 1410 4508 τρόπος
1426 4439 1520 4493 καὶ
1547 4440 1576 4491 6
1597 4438 1692 4494 τοῦ
1723 4438 2030 4511 μυστηρίου

2118 3406 2222 3470 sit,
2252 3420 2375 3459 cum
2412 3405 2656 3473 patiente
2693 3404 2970 3458 exsistens
3023 3404 3501 3473 inseparabiliter,
3535 3407 3606 3459 ita
3638 3422 3706 3461 tto

2130 3510 2273 3552 nunc
2327 3496 2547 3567 quidem
2590 3495 2899 3561 bujnsntodi
2943 3497 3148 3565 aliquid
3209 3506 3433 3566 prop:er
3473 3498 3705 3567 ligurum

2132 3590 2463 3658 evperietur.
2528 3587 2739 3658 Ubique
2769 3589 2911 3642 enim
2952 3590 3110 3645 nobis
3142 3589 3532 3657 aequaliterque
3565 3591 3704 3645 idem

2132 3676 2372 3734 Verbum
2399 3677 2513 3751 (45)
2541 3693 2727 3733 veram
2778 3688 2951 3734 status
2982 3679 3064 3732 sui
3115 3682 3384 3734 ratiouent
3416 3696 3708 3735 conserva-

2133 3769 2247 3836 bit;
2281 3771 2537 3840 dicetque
2590 3769 2855 3827 Mamoua:
2894 3770 3146 3826 Christus
3200 3771 3253 3825 itt
3305 3783 3520 3827 terrena
3546 3775 3711 3827 etiam

2138 3863 2297 3918 icone
2316 3879 2379 3917 ac
2395 3863 2663 3934 plasmate
2685 3882 2699 3919 :
2720 3864 2833 3919 Non
2856 3878 2976 3918 sum
2999 3864 3049 3917 in
3070 3864 3155 3918 his
3178 3863 3709 3936 incircumscriptus,

2140 3954 2252 4009 imo
2304 3954 2487 4026 potius
2540 3955 3008 4025 circumscriptus.
3061 3957 3215 4011 bicut
3270 3971 3401 4028 ergo
3460 3970 3706 4012 creatum

2135 4059 2335 4116 corpus
2377 4044 2605 4115 injurias
2651 4047 2865 4116 etcepit
2894 4056 3058 4116 atque
3095 4048 3395 4114 cruciatus,
3424 4050 3497 4102 ita
3544 4048 3711 4103 etiam

2135 4154 2196 4194 se
2224 4142 2462 4209 patietur
2491 4140 2610 4196 loco
2640 4139 3018 4195 circumscribi
3064 4150 3119 4195 et
3152 4140 3299 4210 pingi
3350 4157 3415 4194 ac
3465 4142 3711 4209 ﬁgurari,

2133 4235 2265 4303 quin
2302 4244 2484 4289 tamen
2538 4232 2609 4288 ab
2656 4233 2809 4288 unito
2857 4242 2913 4288 et
2949 4233 3315 4289 coexsistente
3365 4231 3539 4287 Verbo
3598 4232 3711 4287 dis-

2137 4328 2321 4383 cedat.

2208 4435 2300 4491 56.
2350 4431 2458 4489 Sed
2490 4432 2536 4488 si
2565 4445 2665 4488 nec
2695 4433 2886 4486 harum
2914 4445 3094 4485 rerum
3124 4432 3286 4496 ratio,
3332 4446 3432 4486 nec
3467 4432 3714 4500 mysterii

461 4530 662 4594 σκοπὸς
709 4530 811 4584 οὐκ
839 4529 1113 4599 ἔγνωσται
1146 4529 1333 4601 αὐτῷ,
1361 4529 1482 4596 ὲξδν
1523 4527 1592 4602 ἦν
1626 4530 1893 4586 πυθέσθαι
1933 4532 2019 4586 soi.

2141 4542 2337 4583 sensus
2370 4525 2495 4580 huic
2520 4525 2730 4580 homini
2776 4525 3092 4594 exploratus
3126 4533 3230 4589 est,
3266 4534 3480 4593 poterat
3522 4527 3714 4580 saltem

458 4622 787 4693 γράφοντος,
827 4593 922 4678 καὶ
963 4624 1199 4694 ἤκουσεν
1230 4593 1297 4678 ἂν
1327 4593 1457 4693 παρ’
1485 4593 1673 4691 αὐτοῦ,
1701 4627 1766 4681 ἄν
1806 4643 1913 4697 περ
1942 4625 2019 4680 16'.

2142 4621 2483 4690 interrogare
2555 4620 2843 4683 pictorem,
2914 4633 2942 4670 ιι
2989 4632 3097 4687 quo
3140 4612 3414 4683 audisset,
3465 4616 3511 4672 si
3568 4632 3718 4675 certe

459 4718 585 4771 νοῦν
614 4718 932 4789 ἐρρωμένον
962 4717 1090 4786 εσχε
1121 4718 1219 4770 καὶ
1251 4717 1321 4770 τά
1354 4718 1691 4789 αἰσθητήρια
1716 4718 1815 4788 τῆς
1857 4718 2019 4790 ψυχῆς

2139 4721 2381 4767 mentem
2422 4712 2636 4765 lirmam
2681 4712 2932 4776 haberet,
2976 4712 3281 4782 aninmquc
3332 4712 3582 4767 sensibus
3611 4727 3720 4767 non

465 4808 539 4880 μὴ
569 4809 967 4879 παρενήνεκτο,
995 4807 1091 4862 καὶ
1113 4807 1279 4878 ἔμαθε
1301 4807 1553 4878 λέγοντος
1573 4825 1588 4840 ’
1618 4809 1700 4863 δτι
1717 4808 1863 4880 άπερ
1887 4810 2038 4878 παρὰ

461 4898 571 4952 τῶν
614 4898 779 4971 ιερῶν
829 4898 1257 4970 παρειλήφαμεν
1295 4899 1685 4968 Εὑαγγελίων,
1717 4903 1788 4971 τῇ
1829 4901 2039 4973 ἀρχαίᾳ

461 4993 556 5043 καὶ
611 4993 856 5062 πατρικῇ
915 4991 1215 5060 παραδόσει
1284 4992 1545 5061 ἑπόμενοι
1574 5032 1590 5058 ,
1644 4993 1833 5056 παῖδες
1882 4993 2038 5064 παρά

467 5081 725 5151 πατέρων
761 5080 1140 5152 διαδεξάμενοι
1163 5121 1179 5146 ,
1233 5081 1410 5135 ταῦτα
1464 5082 1560 5136 καὶ
1609 5082 1899 5153 γράφομεν
1947 5082 2045 5136 καὶ

468 5173 815 5246 ἱστοροῦμεν,
851 5175 948 5228 καὶ
974 5174 1131 5228 οὐδὲν
1164 5174 1327 5227 πλέον
1370 5174 1478 5227 τῶν
1510 5173 1814 5227 θεολέκτων
1846 5173 2044 5243 λογίων

466 5266 688 5338 ἔχομεν.
719 5266 830 5319 Καὶ
858 5267 908 5321 εί
941 5269 1128 5320 ἐκεῖνα
1162 5267 1346 5337 τίμια,
1382 5265 1479 5320 καὶ
1512 5266 1653 5321 αὐτά
1691 5267 1807 5339 ἧτω
1834 5267 1869 5338 ἢ
1904 5285 2045 5338 συμ-

469 5357 886 5430 φυλαττόμενα,
912 5360 949 5432 ἢ
978 5359 1516 5431 συγκαθαιρούμενα,
1548 5360 1624 5424 ὡς
1655 5360 1775 5424 ἑνὸς
1817 5361 1910 5414 καὶ
1946 5358 2043 5413 τοῦ

470 5449 638 5504 αὐτοῦ
667 5450 828 5519 λόγου
849 5451 1106 5522 ἐχόμενα.
1140 5451 1400 5522 Ἐπείπερ
1431 5452 1560 5522 παρ’
1590 5452 1770 5507 αὐτῶν
1797 5451 2045 5523 ἐμυήθη-

552 5628 599 5660 ³⁹
625 5628 726 5685 iss.
755 5642 928 5693 usu,
955 5627 1007 5683 δ.

2138 4814 2285 4860 esset
2308 4804 2601 4869 alienatus,
2644 4818 2822 4873 eoque
2853 4805 3068 4858 dicente
3107 4804 3423 4860 didicisset:
3458 4807 3562 4862 Nos
3601 4819 3721 4874 qum

2140 4914 2170 4954 a
2216 4899 2390 4955 sacris
2444 4897 2753 4968 Evangeliis
2819 4897 3129 4961 didicimus,
3180 4900 3457 4966 antiquam
3499 4896 3718 4952 Patrum

2144 4993 2494 5047 traditionem
2528 4990 2729 5055 secuti,
2768 5005 2929 5058 quam
2968 4989 3061 5043 lilii
3085 5006 3114 5045 a
3154 4987 3410 5045 Patribus
3439 5005 3504 5043 ex
3531 4992 3722 5043 ordine

2145 5087 2477 5156 accepimus,
2511 5100 2630 5149 nos,
2669 5086 2912 5154 inquam,
2950 5085 3063 5139 haec
3089 5084 3363 5154 pingimus
3393 5094 3448 5138 et
3479 5082 3722 5138 delinea-

2148 5193 2290 5245 mus,
2326 5178 2572 5247 nihilque
2622 5185 2818 5246 prteter
2852 5176 3163 5245 divinorum
3193 5176 3415 5231 oracula
3458 5175 3721 5229 librorum

2149 5268 2403 5325 facimus.
2457 5270 2613 5336 Quod
2641 5270 2685 5325 si
2723 5270 2799 5324 illi
2844 5268 3147 5324 honorandi
3185 5277 3331 5332 sunt,
3384 5268 3567 5323 nostra
3591 5283 3726 5336 quo-

2148 5376 2254 5430 que
2283 5362 2366 5416 vel
2397 5364 2559 5417 simul
2589 5372 2989 5418 conserventur
3021 5358 3100 5411 vel
3128 5358 3507 5426 destruantur,
3538 5369 3725 5428 utpote

2148 5471 2268 5525 quae
2317 5457 2430 5524 pari
2458 5456 2581 5526 jure
2625 5472 2688 5511 ac
2725 5456 2934 5510 ratione
2985 5461 3131 5507 sunt.
3194 5448 3409 5505 Etenim
3466 5466 3496 5506 a
3549 5451 3724 5522 sacris

547 5806 661 5877 με)
692 5804 958 5861 Velidem
1008 5822 1177 5860 sermo
1223 5821 1373 5860 serus
1421 5804 1566 5857 nobis
1612 5806 1887 5862 constabit.
1946 5807 2036 5862 Est
2103 5809 2244 5863 enim
2317 5807 2639 5876 ambiguitas
2669 5806 2722 5861 in
2759 5806 3021 5861 vocabulo
3087 5804 3269 5876 λόγος,
3292 5805 3435 5875 quod
3466 5802 3625 5861 modo
3653 5808 3732 5859 esi

484 5872 716 5932 verbum
744 5877 1004 5940 divinum,
1040 5877 1196 5931 modo
1228 5877 1496 5930 humanus
1524 5890 1724 5930 sermo.
