4086 6344
275 325 381 387 2’37

1014 321 1637 383 ANTIRRHETICUS
1674 323 1700 380 Ι
1738 322 1907 384 ADV.
1944 322 2535 384 CONSTANTINUM
2574 323 2790 383 COPR.

3438 320 3547 388 298

281 436 582 512 προσώπου
614 436 733 500 ἑνξς
772 435 953 500 όντος,
987 434 1189 505 ἔφησεν
1240 434 1503 489 ἀδύνατον
1550 431 1692 489 εἶναι
1724 437 1868 488 size-

1977 449 2227 492 .strrmus.
2262 438 2558 492 Dicendum
2583 448 2666 491 cst
2689 439 2868 506 igtur,
2894 442 3036 505 quod
3069 437 3503 506 quandoquidettt
3529 483 3544 505 ,

281 529 533 593 νίζεσθαι
569 527 659 580 τὸν
688 526 944 593 Χριστὸν,
973 526 1113 578 κατὰ
1141 525 1239 596 τὴν
1264 525 1461 596 ἑτέραν
1491 526 1601 579 τῶν
1627 526 1863 594 φύσεων⁹

280 622 378 674 καὶ
423 619 636 691 β;6αιοί
683 616 844 670 τοῦτο
871 617 1096 685 φάσκων
1132 616 1273 686 μετὰ
1326 614 1565 686 βραχέα’
1616 634 1636 667 ι
1676 617 1798 670 Ὅτι
1835 617 1868 686 ἡ

282 711 473 776 εἰκὼν,
515 710 809 782 προσώπου
844 709 993 762 ἐστὶν
1020 708 1207 771 εἰκὼν,
1247 710 1342 762 καὶ
1370 707 1548 779 ταύτῃ
1591 710 1690 778 τὴν
1716 708 1868 762 θείαν

284 804 451 874 φύσιν
498 801 831 873 ἀπρόσωπον
887 799 963 861 ὡς
1020 800 1435 869 άπερίγραπτον
1484 799 1800 868 τυγχάνειν,
1841 817 1861 849 t

284 898 505 952 πάντως
529 894 668 964 ἵναὴ
696 890 992 953 ἀκόλουθος
1016 890 1094 960 τῷ
1124 890 1268 960 λόγῳ
1296 890 1569 953 ἀντίθεσις
1594 888 1866 960 φυλαχθῇ,

277 988 380 1041 καὶ
409 988 473 1039 ἐκ
497 984 590 1037 τοῦ
613 981 982 1037 άνεικόνισ-τον
994 980 1239 1047 δοξάζειν
1253 981 1343 1032 τὸν
1365 980 1621 1050 Χριστὸν,
1649 980 1867 1052 ἀπρόσ-

276 1095 438 1132 ωπον
477 1075 746 1138 ὡσαύτως
808 1075 905 1127 ἐπὶ
937 1079 1037 1145 της
1077 1073 1271 1143 ἐτέρας
1302 1072 1415 1125 τῶν
1450 1072 1668 1139 φύσεων
1707 1073 1868 1125 αὑτὸν

278 1171 598 1239 είσαγάγοι.
635 1168 747 1225 Καὶ
785 1165 943 1220 τοῦτό
989 1168 1107 1218 ἐστι
1147 1165 1310 1218 πάλιν
1354 1163 1637 1218 ἀδύνατον.
1677 1162 1869 1229 Ἔλεξε

279 1266 394 1335 γάρ
422 1264 486 1317 ἂν
514 1260 760 1333 βιασθεὶς
782 1258 1083 1322 κάνταῦθα,
1104 1258 1186 1311 ὅτι
1216 1256 1277 1309 οὐ
1302 1255 1528 1309 δυνατὸν
1560 1256 1651 1309 ἐπὶ
1678 1254 1773 1309 τοῦ
1804 1259 1869 1309 ὲκ

276 1354 377 1410 δύο
412 1356 631 1425 φύσεων
664 1354 722 1406 ὲν
769 1352 850 1403 ἑνὶ
900 1347 1183 1420 προσώπῳ
1236 1348 1390 1410 ὄντος
1419 1388 1433 1413 ,
1487 1348 1580 1401 ἐπὶ
1608 1347 1707 1418 τῆς
1738 1348 1868 1418 μιᾶς

281 1449 508 1517 φύσεως
542 1446 835 1518 πρόσωπον
875 1442 1247 1497 ἀνεικόνιστον
1292 1436 1434 1494 εἶναι
1455 1482 1470 1505 ,
1518 1440 1614 1494 καὶ
1644 1440 1738 1492 ἐπὶ
1770 1440 1868 1509 τῆς

284 1543 423 1612 μιᾶς
446 1540 781 1611 άπρόσωπον
819 1536 1136 1606 τυγχάνειν,
1192 1533 1287 1586 καὶ⁵
1328 1532 1485 1603 ψιλὸν
1529 1531 1693 1603 μόνον
1733 1530 1869 1584 Θεὸν

283 1632 531 1687 νοεῖσθαι
578 1631 672 1684 τὸν
701 1627 940 1699 Χριστὸν
960 1667 974 1690 ,
1010 1625 1105 1678 καὶ
1134 1625 1229 1678 ἐπὶ
1258 1625 1359 1694 τῆς
1404 1624 1659 1692 θεότητος
1702 1621 1868 1676 αὐτοῦ

286 1726 462 1795 μόνης
493 1721 789 1791 πρόσωπον
816 1715 1038 1781 δίδόναι,
1074 1716 1168 1768 καὶ⁵
1216 1714 1292 1786 μὴ
1323 1714 1612 1779 είκονίζειν
1658 1711 1823 1765 αὐτόν
1852 1724 1866 1740 '

286 1814 428 1868 καθὸ
460 1812 525 1866 τὸ
552 1810 942 1874 άνεικόνιστον,
972 1805 1268 1877 προσώπου
1300 1806 1449 1859 ἐστὶν
1479 1804 1866 1859 άνεικόνιστον’
1904 1784 1945 1839 Β

286 1906 386 1958 καὶ
418 1906 451 1975 ὴ
508 1900 649 1973 σάρξ
692 1903 811 1953 ἐστι
846 1897 1221 1969 περιγραπτή.
1255 1895 1443 1960 Οὕτως
1487 1892 1582 1949 οὖν
1618 1896 1711 1948 ἐπὶ
1757 1898 1870 1958 τοῖς

286 1994 714 2067 προειρημένοις
747 1988 898 2059 αὐτῷ
951 1989 1198 2051 ἀτόποις,
1253 1986 1455 2057 ὁμοίως
1512 1986 1606 2039 καὶ
1660 1984 1729 2037 τὰ
1777 1983 1872 2036 νῦν

285 2086 704 2156 ἁναφαινόμενα
746 2083 947 2136 ἄτοπα.
977 2081 1086 2133 Καὶ
1121 2079 1231 2148 γάρ
1260 2078 1322 2131 τὸ
1349 2077 1743 2146 ἀμφίκρημνον
1770 2074 1872 2127 οὐκ

283 2176 558 2241 ἐξέκλινε,
589 2176 709 2235 ταῖς
732 2171 841 2224 τῶν
862 2168 1079 2223 οἰκείων
1107 2168 1282 2235 λόγων
1311 2164 1499 2219 συνδού
1509 2181 1670 2234 μενος
1701 2163 1875 2234 ἄρκυο

283 2286 375 2326 σιν
399 2287 416 2303 ο
448 2268 573 2321 ἐπεὶ
600 2263 789 2335 ἐδέησέ
820 2280 883 2332 γε
925 2264 1019 2315 καὶ
1071 2260 1147 2331 μὴ
1178 2258 1491 2330 βουλομένῳ
1547 2256 1714 2326 αὐτῷ,
1750 2254 1872 2308 καί-

284 2376 370 2412 τοι
401 2358 569 2411 πολλὰ
609 2356 738 2425 περὶ
770 2351 864 2406 τοῦ
899 2350 1321 2420 άπεριγράπτου
1354 2346 1608 2415 καμόντι,
1651 2345 1743 2396 καὶ
1780 2359 1873 2395 κε·

286 2449 653 2517 νο).ογήσαντι
711 2444 956 2509 πλείονα,
993 2439 1369 2512 περιγραπτὺν
1415 2436 1751 2506 ὁμολογῆσαι
1780 2435 1872 2487 τὸν

287 2539 489 2604 Λόγον,
534 2536 623 2589 ἵνα
660 2536 736 2605 μὴ
782 2533 1071 2603 πρόσωπον
1116 2529 1297 2592 ίδικῶς
1328 2528 1422 2580 ἐπὶ
1470 2526 1572 2595 τῆς
1620 2525 1871 2595 θεότητος

289 2628 463 2682 αὐτοῦ
494 2628 707 2692 εἰσάγοι
742 2625 934 2695 μόνης,
963 2623 1058 2675 καὶ
1082 2623 1114 2691 ἡ
1145 2616 1633 2692 σὰρξκαταλειφθῇ
1662 2618 1872 2687 ἀπρόσ-

285 2735 462 2781 ωπος.
517 2717 588 2769 Ἦ
650 2716 871 2776 πάντως
957 2730 1020 2782 γε
1073 2712 1380 2781 λελείψεται
1426 2712 1659 2781 ἀόρατον
1710 2709 1872 2762 αὑτὸν

290 2813 504 2867 οἴεσθαι
537 2814 632 2865 καὶ
654 2812 840 2881 ἁναφῆ
855 2811 947 2864 καὶ
970 2808 1178 2878 ἀπαθῆ,
1202 2807 1377 2861 καὶτὸ
1404 2807 1526 2860 ὅλον
1551 2807 1727 2859 εἰπεῖν
1760 2821 1873 2876 μη-

290 2906 351 2958 δὲ
381 2906 565 2975 σάρκα
591 2903 965 2973 ἀνειληφέναι.
1001 2902 1109 2956 Καὶ
1139 2900 1258 2964 πῶς
1310 2898 1634 2970 ἐκφεύξεται
1682 2899 1744 2951 τὸ
1770 2898 1874 2970 τῆς

291 2997 571 3067 δοκήσεως
622 2995 718 3048 καὶ
750 2993 1054 3063 φαντασίας
1088 2990 1448 3063 βλάσφημονς
1497 2989 1668 3044 Τοῦτο
1700 2989 1765 3064 δὴ
1809 2989 1873 3045 τὸ

293 3089 591 3160 πρόσωπον
641 3087 737 3141 καὶ
788 3087 888 3158 τὴν
941 3086 1241 3139 ὑπόστασιν
1284 3084 1461 3155 ἁπλῆν
1496 3084 1596 3155 μὲν
1637 3083 1777 3147 τέως
1809 3083 1870 3137 οὐ
1901 3125 1946 3187 c

294 3181 452 3249 λέγει
479 3177 623 3233 εἶναι
647 3194 662 3211 ⁸
698 3179 733 3250 ἧ
765 3180 876 3249 γάρ
908 3177 978 3233 ἂν
1006 3178 1068 3230 τὸ
1100 3178 1210 3231 πᾶν
1239 3178 1338 3248 τῆς
1370 3176 1686 3247 οἰκονομίας
1721 3178 1872 3230 ἀνεῖ-

296 3274 413 3337 λεν,
446 3273 586 3343 ὅπερ
617 3270 711 3325 νῦν
743 3271 1006 3343 ἄντικρυς
1033 3271 1209 3324 εἰπεῖν
1230 3269 1488 3333 δέδοικεν,
1515 3267 1589 3331 ὡς
1612 3267 1678 3321 ἂν
1705 3270 1875 3336 ἐκφα-

296 3366 418 3438 νείη
450 3367 628 3420 πάντα
658 3365 841 3419 κυκῶν
880 3365 971 3418 καὶ
999 3362 1305 3418 κατασείων
1336 3361 1405 3416 τὰ
1436 3361 1560 3415 καθ’
1590 3362 1737 3433 ἡμᾶς
1770 3378 1874 3432 μυ.

296 3460 522 3528 στήρια.
560 3457 634 3509 Τὸ
682 3457 791 3527 γὰρ
825 3455 987 3526 φύσει
1028 3454 1274 3518 ἁπλοῦν,
1305 3454 1431 3507 οὔτε
1463 3452 1714 3525 ὁρᾶσθαι,
1751 3449 1876 3504 οὔτε

291 3548 722 3615 είδοποιείσθαι,
758 3547 882 3601 οὔτε
920 3548 1150 3618 πάσχειν
1184 3564 1237 3600 τι
1279 3545 1404 3600 καθ’
1446 3543 1728 3599 ὁντιναοῦν
1753 3543 1879 3614 τρό-

296 3658 402 3695 πον
432 3641 677 3710 πέφυκεν
700 3656 717 3673 ε
750 3639 962 3702 ἀπαθὲς
993 3641 1101 3712 γὰρ
1130 3640 1225 3692 καὶ
1253 3639 1534 3709 ἄφθαρτον
1566 3638 1661 3690 καὶ
1703 3635 1878 3706 πάντη

297 3733 552 3803 ἄληπτον
586 3732 681 3785 καὶ
709 3732 1088 3803 ἀπερινόητον.
1115 3730 1286 3783 Τοῦτο
1318 3731 1375 3784 δὲ
1396 3731 1449 3781 τί
1480 3727 1545 3782 ἂν
1572 3727 1655 3797 εἴη
1685 3727 1815 3782 ἄλλο
1843 3726 1877 3796 ἢ

294 3825 467 3891 Θεόςς
517 3824 690 3879 Τοῦτο
720 3820 815 3878 οὖν
849 3825 909 3877 οὐ
962 3823 1135 3892 λέγει,
1192 3823 1448 3876 σύνθετον
1492 3820 1550 3873 δὲ
1583 3820 1676 3873 καὶ
1718 3818 1881 3882 αὐτὸς

296 3916 476 3984 αὑτῆς
521 3914 896 3987 ὡμολόγησεν,
946 3913 1116 3968 εἰπὼν
1164 3916 1229 3968 ἐκ
1262 3912 1357 3967 δύο
1390 3912 1607 3981 φῦσεων
1653 3909 1881 3978 γεγενῆ-

300 4008 465 4076 σθαι,
506 4009 612 4063 κᾶν
642 4009 977 4079 ταμιεύηται
1013 4006 1108 4062 νῦν
1137 4007 1197 4060 δν
1245 4008 1397 4061 δοκεῖ
1440 4004 1640 4076 τρόπον
1688 4001 1880 4056 συνθέ-

1973 543 2077 578 nua
2127 527 2426 581 essistcnte
2483 525 2690 580 Christi
2754 539 3010 593 persona,
3088 524 3421 594 impossibile
3472 529 3549 581 ait

1972 619 2252 672 Christum
2300 618 2536 688 ﬁgurare
2577 618 2630 670 in
2675 616 2843 670 altera
2875 632 2940 669 ex
2974 615 3092 683 ejus
3116 619 3349 684 naturis,
3387 618 3547 688 idque

1970 708 2131 773 paulo
2164 718 2283 777 post
2327 706 2612 762 cunllrmat
2645 706 2833 761 dicens
2863 728 2873 760 :
2914 709 2947 758 ι’
2972 705 3110 773 Quia
3155 707 3273 762 icon
3310 716 3393 763 est
3422 723 3547 778 per-

1972 813 2119 853 sonze
2176 799 2319 863 icon,
2365 799 2597 868 ideoque
2639 813 2929 867 personam
2976 800 3160 854 divina
3200 809 3391 854 natura
3437 816 3545 854 non

1974 889 2158 953 habet,
2212 890 2338 958 quia
2398 889 2864 960 ineircumscripta
2895 900 2998 957 est,
3040 909 3059 943 t
3104 892 3392 945 dicendum
3438 900 3547 954 est,

1974 978 2217 1047 inquam,
2243 987 2302 1033 ut
2334 988 2700 1033 consentanea
2750 978 2993 1033 sermoni
3027 990 3276 1034 servetur
3308 979 3546 1032 antithe-

1969 1070 2069 1132 sis,
2106 1070 2175 1123 ob
2203 1071 2253 1124 id
2296 1071 2460 1124 etiam
2498 1071 2642 1140 quod
2672 1069 2928 1125 Christus
2977 1070 3201 1139 ﬁgurari
3250 1085 3413 1141 posse
3439 1085 3546 1125 non

1973 1160 2256 1226 credatur,
2288 1176 2413 1217 eunt
2448 1159 2565 1216 lore
2622 1161 2874 1216 similiter
2917 1162 2967 1215 itt
3020 1162 3192 1217 altera
3222 1173 3543 1216 naturarum

1972 1268 2195 1307 suarum
2254 1253 2464 1323 absque
2515 1268 2766 1324 persona.
2821 1253 2991 1309 Porro
3036 1255 3138 1309 hoc
3184 1254 3424 1309 vicissim
3462 1264 3548 1308 est

1972 1343 2333 1415 impossibile.
2364 1342 2497 1400 Nam
2525 1355 2581 1400 et
2607 1346 2711 1402 hoc
2751 1345 2868 1401 loco
2912 1355 3133 1402 coactus
3166 1346 3378 1401 diceret
3445 1348 3547 1399 im-

1973 1437 2233 1507 possibile
2264 1451 2383 1492 esse
2421 1453 2569 1504 eum,
2621 1439 2711 1507 qui
2767 1453 2831 1492 ex
2862 1437 3073 1492 duabus
3109 1438 3322 1491 naturis
3352 1437 3406 1490 in
3441 1452 3545 1490 una

1975 1545 2205 1599 persona
2231 1532 2480 1596 exsistat,
2513 1547 2617 1584 una
2655 1532 2873 1601 quidem
2905 1532 2957 1585 in
2984 1540 3177 1584 natura
3203 1546 3327 1584 esse
3351 1530 3549 1600 inligu-

1974 1618 2219 1687 rabilem,
2256 1622 2307 1673 in
2356 1619 2527 1675 altera
2561 1628 2743 1675 auteut
2774 1636 2898 1675 esse
2951 1620 3396 1691 impersonalem,
3425 1621 3552 1674 sim-

1975 1710 2277 1780 plicemque
2300 1722 2362 1767 et
2392 1714 2767 1768 tantummodo
2796 1712 2962 1768 Deum
2990 1713 3218 1782 intelligi
3244 1712 3548 1776 Christum;

1974 1814 2137 1875 atque
2171 1805 2285 1875 ejus
2311 1806 2411 1861 soli
2440 1807 2630 1861 deitati
2667 1823 2955 1877 personam
2985 1807 3411 1872 concedendam,
3443 1824 3550 1861 nun

1977 1906 2156 1951 tamen
2202 1898 2452 1954 eumdem
2497 1899 2874 1968 ﬁgurandum;
2928 1908 3200 1969 quatenus
3251 1900 3394 1966 quod
3428 1899 3551 1952 inli-

1974 1989 2219 2057 gurabile
2251 1997 2357 2053 est,
2416 1989 2579 2057 hujus
2607 2004 2841 2059 persona
2870 1997 2955 2044 est
3003 1990 3396 2059 inligurabilis;
3423 2006 3551 2042 caro

1975 2089 2155 2134 autem
2186 2080 2607 2148 circumscripta
2640 2089 2743 2133 est.
2776 2080 2868 2135 Sic
2913 2093 3044 2148 ergo
3090 2090 3290 2148 praeter
3346 2096 3507 2148 supra
3532 2109 3544 2118 ς

1975 2172 2117 2226 dicta
2149 2172 2266 2242 ejus
2292 2173 2553 2235 absurda,
2586 2173 2876 2241 przcsentia
2901 2188 3121 2243 quoque
3163 2172 3305 2227 haud
3336 2174 3549 2226 tninure

1975 2260 2315 2316 absurditate
2349 2261 2621 2315 laborant.
2654 2260 2788 2315 Nam
2814 2262 3009 2330 duplex
3048 2261 3407 2331 prmeipitium
3441 2279 3547 2316 non

1976 2352 2189 2418 vitavit,
2267 2367 2490 2407 suorum
2564 2352 2863 2421 implicitus
2940 2353 3228 2408 verborum
3289 2354 3547 2409 retibus:

1975 2443 2230 2512 quoniam
2266 2443 2340 2496 illi
2379 2458 2604 2498 necesse
2629 2442 2734 2498 l‘nit
2763 2443 2928 2498 etiam
2954 2443 3148 2508 invito,
3186 2443 3288 2498 etsi
3322 2444 3548 2499 multum

1976 2549 2072 2603 pro
2121 2532 2598 2604 incircumscripto
2650 2533 3017 2600 laboraverat,
3076 2534 3354 2603 multaque
3411 2549 3549 2588 vana

1974 2624 2209 2688 dixerat.
2251 2626 2729 2696 circumscriptum
2764 2626 2998 2680 Verbum
3022 2626 3297 2692 conllteri,
3323 2642 3391 2682 ne
3426 2642 3551 2696 per-

1974 2733 2163 2773 sonant
2192 2732 2441 2773 seorsum
2485 2719 2538 2773 iit
2596 2720 2719 2789 ejus
2777 2730 2985 2774 tantum
3030 2720 3232 2775 deitate
3257 2730 3549 2784 statueret,

1974 2826 2104 2867 caro
2126 2820 2305 2867 autem
2336 2812 2712 2881 impcrsonalis
2746 2822 3010 2867 maneret.
3038 2811 3133 2867 Vel
3165 2829 3323 2869 secus
3353 2829 3551 2882 super-

1973 2903 2078 2958 erit
2112 2903 2183 2968 ei,
2218 2913 2276 2958 ut
2304 2904 2578 2959 existimet
2610 2903 2841 2960 Verbum
2890 2920 3011 2961 esse
3046 2906 3335 2971 invisibile,
3368 2907 3555 2962 inlan-

1975 2996 2160 3065 gibilc,
2223 2997 2580 3066 impassihile,
2635 2999 2688 3052 in
2725 3013 2935 3052 summa
2966 3015 3035 3052 tte
3076 3014 3298 3054 carnem
3325 2999 3546 3070 quidem

1977 3088 2358 3156 assumpsisse.
2393 3089 2679 3157 Quomodo
2713 3100 2891 3144 autem
2916 3092 3109 3145 vitabit
3141 3090 3467 3147 Docetarum
3495 3104 3552 3145 et

1977 3175 2483 3234 Phantasiastarum
2530 3180 2968 3250 blasphemiam?
3007 3183 3159 3238 lianc
3197 3197 3326 3238 vero
3356 3198 3548 3253 perso-

1977 3284 2102 3323 nam
2139 3280 2191 3324 et
2229 3269 2564 3342 hypostasim
2598 3287 2941 3342 nequaquam
2995 3275 3299 3344 simplicem
3331 3275 3547 3331 interim

1977 3360 2135 3426 dicit;
2165 3361 2395 3431 alioqui‘
2425 3372 2594 3419 totum
2628 3364 2947 3418 oeconomia:
2975 3367 3250 3436 negotium
3292 3369 3540 3423 sustulis-

1978 3459 2079 3516 set,
2111 3454 2253 3521 quod
2283 3467 2427 3505 nunc
2454 3452 2664 3522 liquido
2728 3451 2999 3509 allii-mare
3054 3467 3314 3523 veretur;
3373 3458 3446 3512 ita
3492 3467 3551 3511 ut

1979 3552 2174 3597 cuncta
2213 3541 2543 3613 permiscere
2583 3551 2640 3598 et
2693 3543 3045 3613 pessumdare
3078 3548 3337 3617 mysteria
3366 3557 3548 3603 nostra

1982 3634 2247 3688 videatur.
2284 3631 2418 3688 Nam
2456 3634 2602 3703 quod
2628 3635 2950 3690 naturaliter
2976 3636 3209 3707 simplex
3241 3650 3345 3705 est,
3377 3654 3553 3710 neque

1980 3722 2151 3787 cerni,
2188 3738 2363 3791 neque
2395 3726 2799 3791 repratsentari,
2841 3740 3017 3795 neque
3044 3727 3249 3796 aliquid
3293 3730 3405 3799 pall
3442 3731 3555 3783 ullo

1981 3813 2141 3868 modo
2168 3824 2380 3884 potest:
2409 3822 2495 3870 est
2527 3816 2671 3869 enim
2723 3817 3081 3883 impassibile,
3115 3819 3551 3890 incorruptibile,

1980 3920 2203 3975 prorsus
2228 3905 2785 3976 incomprehensibile
2806 3918 2860 3962 et
2904 3924 3011 3963 non
3042 3909 3405 3980 intelligibile.
3445 3912 3556 3964 Ηιιιε

1986 4012 2112 4053 vero
2135 3997 2264 4067 quid
2291 4006 2374 4053 est
2409 3997 2574 4063 aliud,
2619 3998 2721 4053 nisi
2755 3998 2939 4055 Deus?
2960 3998 3329 4071 Compositam
3373 4015 3552 4058 autem

298 4116 460 4166 σεως.
497 4101 831 4171 Τεχνάζεται
860 4101 969 4170 γάρ
1013 4100 1102 4154 διὰ
1129 4102 1230 4170 τῆς
1270 4101 1401 4170 μιᾶς
1436 4097 1532 4152 τοῦ
1580 4094 1875 4167 άπεριγρά-

1983 4091 2100 4159 ipse
2132 4104 2349 4159 quoque
2369 4090 2614 4146 eamdem
2649 4090 2987 4163 (personam)
3014 4094 3296 4150 confessus
3324 4105 3408 4151 est
3431 4113 3553 4150 cum

298 4208 437 4247 πτου
463 4194 673 4264 φωνῆς,
702 4194 798 4247 καὶ
817 4193 986 4247 τᾶλλα
1013 4193 1191 4247 πάντα
1217 4191 1427 4246 ἀνελεῖν
1453 4189 1739 4261 ίδιώματα.

1986 4182 2121 4237 dixit
2147 4196 2264 4236 eam
2301 4196 2369 4237 ex
2396 4182 2607 4237 duabus
2638 4184 2853 4238 naturis
2872 4185 3095 4240 conlleri
3123 4204 3138 4252 ;
3168 4187 3387 4243 etiamsi
3415 4189 3556 4243 celat

298 4303 445 4343 nunc
493 4302 651 4357 quem
701 4287 847 4339 dicat
891 4287 1107 4341 modum
1161 4284 1593 4354 compositionis.
1650 4281 1870 4336 Molitur
1937 4277 2081 4333 enim
2118 4288 2224 4329 uno
2278 4273 2740 4346 ineircumscripti
2803 4279 3067 4336 vocabulo
3115 4292 3340 4339 caeteras
3365 4300 3561 4343 omnes

298 4381 517 4439 abolere
543 4380 924 4447 proprietates.

373 4472 639 4528 Σύνθετον
663 4472 720 4525 δὲ
753 4474 817 4525 ὲκ
843 4470 955 4524 τῶν
978 4471 1239 4524 ἐναντίων
1272 4470 1443 4542 αὑτήν
1478 4487 1659 4540 φαμεν
1691 4470 1874 4540 ἡμεῖς,

2048 4468 2161 4537 Age
2195 4484 2327 4523 vero
2373 4472 2571 4526 Christi
2605 4488 2892 4543 personam
2926 4490 2990 4528 ex
3027 4474 3236 4531 duobus
3266 4480 3559 4534 contrariis

299 4562 447 4617 καθὰ
473 4562 537 4633 δὴ
563 4563 611 4615 οἱ
636 4561 890 4633 θεηγόροι
919 4562 1235 4615 διδάσκουσι
1270 4562 1570 4629 φάσκοντες
1590 4578 1603 4591 ·
1630 4581 1647 4612 ι
1675 4560 1879 4631 ῐιροελ-

296 4656 410 4709 θὼν
456 4655 515 4707 δὲ
557 4653 690 4717 Θεὸς
725 4655 865 4722 μετὰ
895 4654 995 4720 τῆς
1032 4652 1416 4723 προσλήψεως,
1451 4652 1509 4705 ἓν
1543 4654 1608 4705 ἐκ
1637 4651 1732 4706 δύο
1771 4651 1882 4704 τῶν

300 4748 586 4808 ἐναντίων,
605 4745 806 4814 σαρκός
825 4745 885 4799 τὲ
902 4761 1044 4815 φημι
1074 4744 1167 4798 καὶ
1194 4742 1527 4813 πνεύματος.
1545 4764 1563 4796 t
1584 4743 1876 4797 Ἀδύνατον

298 4839 411 4908 γὰρ
440 4837 536 4891 δύο
560 4837 752 4905 φύσεις
775 4838 857 4898 είς
885 4836 1003 4898 ἑνός
1027 4852 1171 4897 τινος
1192 4833 1431 4906 ὓπαρξιν
1455 4836 1876 4905 συνερχομένας,

303 4929 382 5000 μὴ
414 4925 558 4982 εἶναι
608 4925 859 4989 ἐναντίας
910 4926 1006 4978 καὶ
1031 4924 1324 4998 διαφόρους
1345 4965 1360 4989 ,
1392 4919 1467 4979 ὧν
1504 4926 1567 4978 τὸ
1594 4925 1872 4995 διάφορον,

300 5019 398 5071 καὶ
438 5020 469 5070 ὀ
501 5015 732 5087 ἀριθμὸς
782 5015 1112 5084 παρίστησιν
1137 5029 1150 5043 ·
1203 5010 1284 5076 οἷς
1323 5014 1430 5083 γὰρ
1477 5013 1809 5066 συντεθεῖσίν
1848 5014 1877 5065 ό

301 5103 537 5175 ἀριθμὸς
567 5102 989 5171 ὲπιφημισθείη,
1019 5103 1078 5153 τὸ
1112 5102 1405 5171 ἑτεροφυὲς
1427 5101 1536 5154 τῶν
1560 5100 1877 5173 ἠριθμημέ-

303 5215 410 5249 νων
433 5198 750 5264 είσήγαγεν.
779 5194 843 5248 El
889 5194 997 5264 γὰρ
1030 5193 1229 5247 ταύτὸν
1256 5189 1389 5260 εἷεν,
1419 5196 1480 5247 οὐ
1520 5194 1613 5249 δύο
1646 5194 1712 5247 ἃν
1742 5190 1875 5257 εἷεν,

302 5286 441 5343 ἀλλὰ
490 5286 608 5356 μία.
667 5286 789 5348 Πῶς
830 5285 938 5356 γὰρ
982 5285 1075 5337 ἐπὶ
1125 5285 1227 5354 τῆς
1273 5286 1403 5354 μιᾶς
1444 5286 1540 5338 καὶ
1571 5287 1673 5355 τῆς
1706 5286 1879 5356 αὐτῆς

305 5378 560 5434 σύνθεσιν
613 5376 869 5444 γενέσθαι
917 5375 1180 5442 δυνατόν;
1233 5377 1297 5430 Ἦ
1338 5378 1446 5447 γὰρ
1496 5377 1784 5442 σύνθεσις,
1816 5381 1876 5433 τὸ

300 5472 562 5539 διάφορον
616 5466 724 5521 τῶν
762 5467 1189 5537 συντρεχόντων,
1224 5467 1260 5522 ἃ
1309 5468 1381 5539 δὴ
1404 5469 1497 5521 καὶ
1555 5468 1875 5539 ἑτεροούσια

302 5551 448 5611 εἶναι
483 5556 655 5627 δηλοῖ.
686 5556 798 5609 Καὶ
815 5556 1052 5608 πειθέτω
1077 5555 1248 5609 ταῦτα
1269 5558 1297 5609 ό
1322 5557 1497 5624 λέγων
1515 5572 1529 5587 ο
1564 5575 1582 5608 ι
1614 5556 1689 5610 Οὔ
1700 5575 1784 5611 πω
1802 5554 1871 5629 ἦν

1984 4562 2338 4629 compositam
2376 4563 2610 4618 dicimus
2651 4580 2771 4629 nos,
2799 4574 2957 4633 prout
2999 4567 3230 4638 theologi
3263 4569 3560 4627 hisverbis

1983 4652 2179 4707 docent
2207 4653 2321 4724 (52}
2357 4671 2370 4707 :
2409 4673 2428 4706 ι
2464 4653 2778 4731 Procedens
2808 4655 2952 4712 Deus
2983 4664 3107 4713 cum
3139 4673 3417 4733 assumpta
3462 4667 3558 4720 htt-

1985 4745 2264 4813 manitate,
2326 4762 2491 4802 unum
2540 4762 2607 4803 ex
2644 4749 2854 4804 duobus
2908 4752 3320 4821 dissidentibus,
3371 4771 3556 4822 carne,

1983 4835 2229 4907 inquam,
2277 4846 2329 4892 et
2379 4839 2594 4906 spiritu.
2625 4858 2641 4891 t
2688 4841 3021 4907 lmpossibile
3043 4852 3129 4898 est
3153 4845 3300 4900 enim
3334 4857 3557 4903 naturas

1984 4927 2121 4981 duas
2149 4928 2201 4981 in
2228 4945 2389 4984 unam
2424 4931 2833 4987 subsistentiam
2851 4946 3241 4991 concurrentes
3266 4937 3411 4993 haud
3437 4953 3557 4993 esse

1984 5020 2264 5087 oppositas
2296 5036 2360 5075 ac
2395 5019 2747 5089 dill‘erenles;
2782 5040 3012 5093 quarum
3050 5029 3425 5086 diversitatem
3474 5032 3552 5085 vel

1988 5110 2103 5178 ipse
2146 5127 2407 5166 numerus
2458 5113 2661 5170 iudicat
2692 5133 2705 5169 :
2739 5116 2806 5171 de
2840 5118 3039 5186 quibus
3074 5121 3217 5174 enim
3242 5120 3558 5189 compositis

1989 5216 2246 5257 numerus
2279 5207 2623 5272 prmdicatur,
2658 5224 2846 5264 eorum
2871 5225 3088 5282 quoque
3113 5211 3328 5267 diversa
3361 5223 3553 5266 natum

1986 5305 2229 5365 apparet.
2264 5294 2400 5350 Nam
2432 5298 2476 5352 si
2511 5300 2649 5353 idem
2684 5313 2890 5366 essent,
2918 5302 3031 5372 jam
3059 5319 3166 5357 non
3198 5304 3317 5358 dua:
3351 5313 3561 5357 naturat

1984 5394 2192 5448 essent,
2229 5386 2325 5441 sed
2368 5404 2498 5443 una.
2527 5390 2664 5445 Nam
2706 5408 2827 5462 qua:
2865 5393 2981 5447 lieri
3026 5403 3203 5464 potest
3235 5393 3557 5462 compasitio

1984 5473 2148 5529 unius
2174 5473 2527 5549 ejusdemque
2553 5482 2798 5537 naturai?
2825 5480 3033 5554 Quippe
3057 5482 3381 5552 compositio
3405 5481 3558 5537 diﬂ‘e—

1986 5565 2216 5620 reutiam
2246 5574 2689 5627 concurrentium
2732 5576 2977 5640 denotat,
3014 5589 3135 5642 qua:
3178 5575 3294 5630 haec
3338 5572 3560 5642 ineupur

377 5726 493 5800 (δε)
528 5727 619 5782 Sic
650 5726 763 5784 fere
807 5729 949 5799 loqui
991 5729 1128 5784 solet
1176 5730 1316 5787 haud
1366 5732 1533 5788 semel
1572 5732 1866 5806 Gregorius
1906 5735 2234 5813 Theologus.

673 5823 937 5887 Ριιτιιοι..
975 5827 1090 5889 Gn.
1124 5827 1193 5887 C.

3104 5847 3180 5918 1.0
