4086 6344
524 332 634 397 299

1562 334 1621 391 S.
1662 332 2083 390 NICEPHURI
2123 334 2628 391 l’.~\'l‘ltl-‘.ltCll.E
2667 334 2774 390 (ΣΡ.

3690 337 3796 400 3θο

528 448 891 515 heterogenea
937 458 1059 498 csse
1102 444 1392 512 signiﬁcat.
1450 442 1593 498 Satis
1639 444 1739 497 hoc
1771 442 1931 497 nobis
1976 458 2099 512 per-

2218 446 2400 513 κρᾶμα
2434 443 2493 507 ἐξ
2519 445 2871 513 ἀμφοτέρων,
2924 445 3043 497 οὐδὲ
3076 465 3157 509 τις
3187 445 3330 517 μίξις
3366 449 3474 501 τῶν
3507 449 3790 508 ἐναντίων.

528 538 757 591 suadeat
794 537 840 590 is
887 536 979 603 qui
1035 536 1169 590 dicit
1212 552 1226 588 :
1287 556 1303 586 ι
1343 536 1584 588 Nondum
1635 544 1755 589 erat
1803 536 2102 600 concretio,

529 645 706 698 neque
756 629 946 683 mistio
978 629 1377 697 oppositurum,
1415 648 1431 677 ι
1470 628 1539 680 de
1597 629 1836 681 humano
1884 643 2106 697 compo-

528 724 632 776 sito
663 722 788 791 (557'
812 721 1087 774 disserens
1128 731 1183 774 et
1231 720 1466 773 hominis
1512 719 1813 784 creatione,
1850 734 2009 786 quem
2039 734 2102 773 ex

528 815 794 869 invisibili
846 812 1160 879 visibilique
1211 821 1398 863 natura
1457 809 1777 874 formatum,
1811 809 2107 863 contrariis

523 909 680 974 juxta
741 905 1058 964 collocatis,
1121 903 1347 957 scimus.
1404 902 1517 957 Cur
1592 918 1723 970 ergo
1778 916 1898 955 cum
1962 902 2106 954 dicat

528 998 885 1067 compositam
920 993 1254 1066 hypostasim
1278 1037 1291 1059 ,
1339 995 1730 1047 convenientes
1765 1009 1977 1062 quoque
2008 1007 2106 1045 na-

531 1088 663 1140 turis
698 1087 895 1155 agnitis
946 1084 1243 1152 qualitates
1270 1082 1502 1136 libenter
1546 1096 1777 1151 apzeque
1814 1098 1918 1134 non
1946 1081 2106 1133 attri-

526 1179 691 1233 buit?
720 1178 859 1231 Nam
890 1179 935 1231 si
1099 1176 1317 1229 visilille
1341 1176 1676 1228 cmrtrarium
1708 1184 1790 1227 est
1824 1173 2105 1240 invisibili,

527 1282 582 1325 et
615 1270 874 1339 tangihile
926 1268 1257 1337 intaugihili,
1294 1278 1349 1322 et
1382 1267 1739 1336 corruptibite
1782 1266 2110 1335 incorrupti-

528 1365 648 1431 bili,
691 1376 743 1418 ct
781 1365 936 1432 siqua
980 1364 1087 1415 alia
1123 1362 1331 1430 pariter
1384 1362 1617 1414 invicem
1664 1369 1791 1413 sunt
1836 1359 2107 1428 opposita,

524 1475 702 1527 eaque
724 1458 775 1510 in
814 1473 919 1510 una
944 1456 1252 1522 eademque
1273 1454 1477 1507 Christi
1512 1469 1746 1523 persona
1770 1460 2107 1522 spectantur,

526 1550 717 1621 quidni
755 1551 925 1604 altera
989 1564 1207 1618 quoque
1256 1548 1544 1601 antithesis
1569 1548 1620 1600 iu
1659 1546 1849 1600 eodem
1891 1544 2112 1599 Christo

526 1642 889 1710 spectabitur,
916 1641 1396 1711 circumscriptmn
1432 1640 1554 1694 dico
1604 1651 1659 1693 et
1704 1640 2109 1693 incircumscri-

526 1735 720 1808 ptum?
780 1734 914 1789 Nam
959 1737 1051 1802 qui
1114 1749 1333 1788 carnem
1409 1732 1936 1800 incircumscriptam
1991 1745 2111 1784 esse

527 1833 712 1895 docet,
769 1826 903 1882 nihil
940 1827 1086 1879 aliud
1128 1826 1228 1885 ait.
1261 1824 1363 1878 nisi
1401 1824 1529 1877 nihil
1582 1824 1821 1878 divinam
1860 1836 2107 1875 naturam

2218 1837 2298 1872 σει
2335 1821 2367 1890 ἡ
2419 1821 2538 1873 θεία
2571 1819 2732 1897 φύσις
2784 1822 2883 1890 τῆς
2918 1822 3269 1891 ἀνθρωπίνης
3298 1862 3311 1884 ,

528 1923 598 1974 ab
632 1922 871 1974 humana
914 1915 1161 1979 diﬂ'erre,
1194 1918 1308 1969 sire
1345 1931 1454 1967 rem
1490 1916 1789 1969 increatam
1823 1932 1851 1967 a
1883 1923 2063 1967 creata
2094 1931 2107 1966 :

526 2011 632 2062 huc
662 2007 805 2062 enim
837 2015 1129 2072 utrumque
1175 2004 1405 2068 recidit;
1434 2002 1745 2072 frustraque
1776 2003 1888 2071 jam
1940 2003 2027 2056 ille
2058 2012 2113 2056 et

527 2099 913 2169 intempestive
941 2097 1173 2151 duarum
1211 2105 1527 2149 naturarum
1579 2098 1911 2150 mentionem
1952 2094 2106 2149 facit.

526 2191 639 2245 Nisi
682 2190 829 2244 enim
885 2189 1103 2254 utrique
1142 2198 1350 2241 natura:
1393 2187 1687 2255 qualitates
1736 2188 1990 2257 prepriae,
2044 2203 2109 2241 ex

526 2283 726 2351 quibus
747 2291 1005 2335 coastant
1042 2280 1434 2344 attribuantur,
1475 2280 1546 2333 ita
1573 2289 1632 2333 ut
1657 2281 1707 2332 in
1740 2283 1854 2333 suis
1883 2294 2111 2347 quaeque

527 2374 959 2445 proprietatibus
985 2384 1339 2441 agnoscatur,
1388 2373 1658 2425 undeuam
1695 2371 1982 2438 nohisjam
2017 2386 2111 2440 ap-

528 2468 799 2537 parebunt
855 2466 1135 2518 naturales
1176 2465 1442 2533 Opposita:
1492 2463 1837 2526 ditterentim,
1877 2473 1931 2516 et
1980 2463 2108 2515 sul»

528 2559 815 2615 stanti-ales
865 2556 1199 2626 qualitates?
1236 2556 1652 2623 Comperientur
1708 2556 1887 2623 itaque
1947 2570 2109 2605 unum

529 2653 657 2719 quid
688 2665 811 2703 esse
836 2665 955 2719 qua:
988 2648 1416 2717 suntopposita;
1456 2648 1600 2716 quod
1629 2657 1713 2700 est
1748 2645 2107 2715 impossibile.

602 2764 692 2817 40.
739 2763 1065 2814 Arianorum
1099 2768 1228 2813 sunt
1259 2759 1374 2813 lucc
1406 2776 1503 2812 nec
1542 2775 1647 2811 non
1693 2757 2024 2827 Apollinaris
2061 2768 2114 2813 et

532 2854 875 2925 Eutychetis,
903 2864 957 2906 ct
983 2850 1443 2907 eoril‘nsanearum
1474 2850 1966 2919 acephalarumque
1994 2866 2115 2917 par-

536 2950 672 3002 timn
703 2955 919 3017 speetra
950 2956 1003 2999 et
1053 2944 1411 3013 sophismata,
1446 2958 1678 3011 quorum
1726 2942 1937 3010 aliquot
1966 2958 2116 2996 com-

536 3053 751 3111 parata,
805 3050 986 3094 utrmn
1042 3038 1111 3091 ab
1163 3037 1269 3093 illis
1305 3038 1573 3091 Mamurrae
1622 3036 1890 3102 ditIerant,
1941 3037 2113 3107 palam

2209 536 2340 606 περὶ
2381 534 2473 586 ταῦ
2508 536 2854 604 ανθρωπείου
2902 536 3211 605 φιλοσοφῶν
3265 539 3663 609 συγκρίματος,
3702 543 3795 591 καὶ

2205 625 2307 691 τῆς
2332 625 2473 677 κατά
2500 625 2590 677 τὸν
2616 625 2903 695 ἄνθρωπον
2930 626 3312 697 δημιουργίας,
3349 629 3406 695 ἐξ
3434 631 3668 699 ἀοράτου
3700 631 3797 683 καὶ

2207 717 2408 785 ὁρατῆς
2444 715 2659 783 φύσεως
2706 716 3129 782 διαπλασθέντα,
3183 719 3289 771 τάν
3332 722 3592 773 ἐναντίων
3633 722 3796 790 ἀλλή-

2208 809 2322 871 λοις
2357 809 2627 877 κειμένων
2661 809 2969 880 προδήλως.
3008 811 3073 862 Τί
3110 811 3175 880 δὴ
3204 808 3298 864 οὖν
3334 813 3590 883 σύνθετον
3620 814 3797 882 λέγων

2207 902 2306 970 τὴν
2340 901 2666 963 ὑπόστασιν,
2719 901 2793 971 μὴ
2829 901 2925 955 καὶ
2972 903 3041 956 τὰ
3094 906 3381 974 πρόσφορα
3420 905 3528 956 τῶν
3574 907 3629 957 ὲν
3658 906 3795 976 αὐτῇ

2211 992 2626 1063 θεωρουμένων,
2661 993 3022 1063 εὐγνωμόνως
3056 997 3150 1047 καὶ
3176 996 3392 1055 οἰκείως
3423 996 3794 1060 άποδέδωκεν;

2211 1086 2274 1137 EE
2309 1086 2421 1154 γὰρ
2447 1085 2692 1138 ἐναντίον
2717 1086 2778 1137 τὸ
2806 1087 3003 1155 ὁρατὸν
3032 1086 3110 1156 τῷ
3142 1089 3380 1157 ἀοράτῳ,
3413 1088 3508 1140 καὶ
3536 1088 3595 1141 τὸ
3624 1089 3798 1141 ἁπτον

2209 1179 2286 1249 τῷ
2315 1180 2531 1248 ἀναφεῖ,
2568 1180 2660 1232 καὶ
2689 1179 2750 1231 τὸ
2790 1179 3029 1250 φθαρτὸν
3057 1179 3133 1248 τῷ
3164 1179 3446 1250 ἀφθάρτῳ,
3483 1180 3573 1232 καὶ
3606 1180 3665 1232 τὸ
3695 1195 3800 1232 πα-

2211 1271 2371 1341 θητὸν
2406 1272 2484 1341 τῷ
2516 1271 2720 1324 ἀπαθεῖ
2741 1312 2754 1335 ,
2780 1272 2877 1323 καὶ
2907 1270 2960 1323 εἴ
2992 1290 3044 1325 τι
3078 1272 3285 1334 τούτοις
3318 1273 3518 1342 ὁμοίως
3549 1272 3801 1344 ἀλλήλοις

2212 1363 2555 1426 ἀντίκειται,
2591 1364 2685 1415 καὶ
2718 1364 2843 1432 περὶ
2881 1363 2938 1415 ἓν
2973 1364 3069 1417 καὶ
3109 1365 3170 1417 τὸ
3205 1365 3336 1417 αὐτὸ
3365 1365 3660 1434 πρόσωπον
3704 1364 3797 1417 τοῦ

2211 1453 2452 1523 Χριστοῦ
2488 1454 2859 1524 θεωροῦνται,
2889 1457 3013 1507 ὅτου
3051 1456 3115 1525 δὴ
3158 1457 3319 1526 χάριν
3348 1456 3421 1525 μὴ
3453 1456 3545 1508 καὶ
3574 1458 3605 1525 ἡ
3637 1455 3801 1523 ἑτέρα

2212 1543 2494 1605 ἁ.τίθεσι;
2544 1545 2631 1597 ἐπ’
2660 1545 2806 1614 αύτῴ
2848 1545 3263 1615 θεωρηθήσεται
3284 1563 3297 1575 ·
3332 1546 3393 1598 τὸ
3423 1547 3801 1616 περιγραπτδν

2212 1635 2356 1704 λέγω
2385 1637 2477 1688 καὶ
2507 1637 2928 1708 άπερίγραπτον
2953 1654 2965 1702 ;
3005 1638 3449 1709 Ἀπερίγραπτον
3472 1638 3580 1708 γάρ
3612 1636 3800 1705 εἰσφέ-

2220 1744 2327 1797 ρων
2356 1729 2455 1798 τὴν
2486 1729 2665 1799 σάρκα
2686 1769 2701 1793 ,
2731 1729 2895 1781 οὐδὲν·
2917 1729 3105 1799 ἕτερον
3132 1730 3279 1796 λέγει
3309 1730 3342 1799 ἢ
3372 1730 3452 1781 ὅτι
3478 1729 3631 1781 οὐδὲν
3664 1729 3799 1781 διοί-

3367 1821 3400 1891 il
3448 1821 3510 1873 τὸ
3543 1822 3801 1875 ἀκτιστον

2211 1912 2307 1964 τοῦ
2354 1912 2609 1965 κτιστού·
2646 1914 2723 1975 εἰς
2772 1914 2971 1964 ταύτὸν
3018 1915 3126 1982 γὰρ
3163 1915 3661 1985 φέρει’ἀμφότερα,
3707 1916 3801 1966 καὶ

2214 2004 2474 2075 περισσὸν
2506 2004 2658 2072 αὐτῷ
2689 2006 2783 2057 καὶ
2819 2006 3049 2075 ἄκαιρον
3085 2007 3192 2058 τῶν
3218 2006 3310 2058 δύο
3338 2006 3553 2075 φύσεων
3584 2007 3675 2058 τὸν
3708 2007 3797 2059 λό-

2212 2113 2308 2165 γον
2342 2095 2813 2167 προχειρίζεσθαι.
2843 2096 2904 2147 Εί
2938 2095 3013 2165 μὴ
3051 2096 3159 2165 γὰρ
3182 2097 3421 2167 ἑκατέρα
3450 2097 3555 2149 τῶν
3582 2095 3799 2166 φύσεων

2211 2188 2281 2240 τὰ
2311 2189 2489 2241 οἰκεία
2521 2186 2613 2239 καὶ
2654 2187 2682 2239 δ
2718 2187 2961 2253 πέφυκεν
2995 2186 3132 2255 αὑτὴ
3157 2226 3171 2248 ,
3215 2186 3500 2256 ἀποδοθείη
3532 2185 3800 2255 γνωριζο-

2216 2278 2353 2348 μένῃ
2383 2280 2502 2340 ταῖς
2538 2277 2784 2345 ἰδιότησι,
2814 2276 2915 2328 πού
2947 2278 3076 2345 ἡμῖν
3103 2277 3435 2347 φανήσονται
3468 2278 3522 2331 αἱ
3554 2276 3799 2331 ἐναντίαι

2213 2372 2308 2423 καὶ
2340 2370 2563 2439 φυσικαὶ
2593 2369 2852 2438 διαφοραὶ
2888 2369 2983 2421 καὶ
3018 2367 3300 2431 ούσιὼδεις
3329 2370 3654 2440 ποιότητες;
3689 2371 3798 2422 Καὶ

2214 2461 2575 2532 εὑρεθήσεται
2618 2459 2676 2514 ἓν
2713 2460 2811 2514 καὶ
2857 2460 3055 2513 ταύτὸν
3093 2459 3161 2512 τὰ
3194 2460 3445 2527 ἐναντία,
3492 2465 3628 2533 ὅπερ
3678 2461 3800 2514 ἁδύ-

2212 2569 2394 2607 νατον.

2289 2780 2363 2852 μ’.
2413 2780 2710 2851 ’Δρειανῶν
2741 2781 2914 2834 ταῦτα
2950 2781 3045 2835 καὶ
3086 2782 3464 2854 Ἀπολιναρίου
3496 2786 3591 2838 καὶ
3619 2786 3797 2839 Εὐτυ-

2213 2873 2365 2942 χοῧς,
2405 2872 2502 2926 καὶ
2535 2874 2634 2943 τῆς
2684 2874 3019 2943 συγχυτικῆς
3052 2875 3146 2926 καὶ
3189 2875 3465 2943 ἀκεφάλου
3500 2876 3697 2945 μοίρας
3729 2876 3799 2928 τὰ

2217 2964 2482 3034 φάσματα
2532 2964 2626 3016 καὶ
2679 2963 3027 3033 σοφίσματα,
3081 2957 3156 3016 ὦν
3201 2981 3325 3017 τινα
3391 2964 3796 3035 παρατεθέντα,

2216 3055 2339 3108 ὅσον
2369 3054 2559 3108 διοίσει
2602 3054 2711 3107 τῶν
2755 3057 2967 3109 ἐκείνου
2989 3094 3003 3119 ,
3035 3057 3313 3125 ἐμφανιεῖ.
3350 3052 3476 3111 Ὧδε
3509 3058 3615 3126 γάρ
3652 3059 3798 3126 ἔχει·

538 3133 762 3186 tacient.
790 3131 883 3184 Sic
915 3130 1058 3183 enim
1091 3128 1178 3182 hic
1227 3137 1414 3182 noster
1444 3143 1457 3179 :
1500 3146 1519 3177 ι
1558 3124 1634 3181 Ita
1662 3139 1720 3181 ut
1758 3141 1980 3181 carnem
2033 3127 2112 3181 di-

2228 3164 2247 3196 ι
2288 3146 2450 3198 Ὥστε
2508 3144 2690 3213 σάρκα
2747 3145 3028 3213 λέγοντες,
3091 3146 3150 3198 ού
3202 3146 3262 3199 τὸ
3319 3148 3518 3201 οἰκεῖον
3570 3149 3800 3217 ἔχουσαν

536 3235 750 3289 centes,
780 3239 901 3294 quae
934 3238 1040 3275 non
1075 3223 1350 3291 propriam
1371 3220 1466 3275 sed
1501 3218 1593 3274 Dei
1619 3221 1781 3275 habet
1805 3235 2115 3289 personam,

540 3322 711 3371 [leum
738 3318 793 3369 in
818 3315 1003 3369 divina
1036 3313 1321 3381 majestate
1344 3314 1721 3381 pra-dicemus.
1756 3331 1773 3363 ι
1799 3311 1864 3364 Ει
1889 3328 2115 3365 rursus:

544 3428 562 3459 ι
609 3410 668 3463 Si
707 3407 850 3461 enim
902 3406 1107 3474 quiest
1148 3420 1213 3457 ex
1257 3403 1500 3474 Virgine,
1538 3420 1676 3457 unus
1718 3405 1975 3459 Dominus
2020 3420 2116 3471 ap-

539 3501 776 3571 pellatus
807 3509 914 3563 est,
948 3509 999 3551 et
1032 3499 1148 3567 ipse
1184 3506 1263 3549 est
1290 3512 1383 3566 per
1411 3511 1568 3564 quem
1600 3480 1784 3549 omnia
1818 3495 1957 3548 tacta
1972 3504 2116 3559 sunt,

540 3607 645 3647 una
684 3594 890 3660 .utique
923 3602 1115 3644 natura
1147 3596 1254 3655 est,
1283 3590 1541 3658 quoniam
1585 3605 1689 3641 una
1741 3604 1970 3656 persona
2012 3604 2117 3641 non

539 3688 744 3754 patitur
776 3686 827 3738 in
884 3683 992 3738 duo
1033 3682 1358 3737 divisionem
1404 3700 1417 3735 :
1455 3682 1893 3751 quandoquidem
1944 3697 2120 3750 neque

539 3780 761 3848 propria
818 3787 1013 3830 natura
1052 3776 1323 3845 corporis,
1361 3786 1414 3828 et
1449 3775 1666 3844 propria
1717 3786 1911 3827 natura
1946 3774 2119 3829 deitas

539 3868 841 3923 secundum
898 3884 1117 3921 carnem
1162 3858 1299 3922 :se’d
1355 3876 1410 3919 ut
1448 3867 1608 3921 homo
1656 3882 1760 3919 una
1793 3877 2008 3931 natura,
2042 3865 2119 3919 sic

541 3963 704 4015 ctiam
740 3961 795 4013 in
831 3959 1244 4014 similitudinem
1270 3959 1550 4012 hominum
1582 3961 1760 4013 tactus
1789 3958 2061 4012 Christus.
2096 3976 2113 4006 ι

546 4052 817 4120 Quoniam
851 4054 941 4107 hic
969 4052 1131 4123 igitur
1167 4066 1321 4120 aeque
1349 4066 1410 4105 ac
1435 4051 1510 4104 illi
1541 4050 1800 4120 loquitur,
1834 4058 2122 4105 consenta-

545 4160 706 4198 neum
740 4144 789 4197 ei
823 4155 966 4208 crat,
996 4152 1053 4196 ut
1085 4152 1135 4197 et
1166 4159 1327 4196 uuam
1360 4152 1609 4195 naturam
1645 4142 1696 4195 in
1728 4141 1947 4195 Christo
1969 4142 2115 4193 dice-

546 4247 629 4288 ret
660 4251 724 4287 ex
762 4236 1028 4288 ambabus
1072 4236 1451 4303 compositam,
1496 4251 1562 4288 ne
1612 4238 1791 4288 minus
1829 4250 1990 4302 quam
2045 4233 2119 4286 illi

539 4341 771 4395 peccare
804 4328 1087 4381 videretur
1144 4345 1157 4379 :
1214 4342 1444 4395 quorum
1483 4328 1569 4380 hic
1599 4342 1789 4396 reapse
1848 4329 2122 4396 impietate

549 4437 615 4473 ac
654 4419 991 4487 blasphemia
1016 4419 1299 4481 laborans,
1330 4433 1579 4485 magnam
1605 4418 1747 4470 illam
1776 4428 1829 4471 et
1864 4433 2121 4472 nurnero-

2222 3236 2515 3306 πρόσωπον
2554 3236 2691 3289 ἀλλὰ
2739 3240 2797 3288 τό
2822 3235 2916 3288 τοῦ
2947 3238 3111 3303 Θεοῦ,
3144 3238 3278 3289 Θεὸν
3310 3240 3368 3291 ὲν
3394 3242 3460 3309 τῇ
3496 3238 3796 3309 θεῖκῇ

2218 3328 2593 3398 κηρύσσομεν.
2635 3348 2653 3380 ι
2691 3329 2802 3380 Καὶ
2830 3324 3021 3392 αὖθις·
3065 3347 3083 3379 ι
3121 3331 3182 3383 El
3216 3331 3323 3399 γὰρ
3356 3333 3385 3383 ό
3413 3334 3477 3384 ἐκ
3506 3333 3607 3400 τῆς
3654 3332 3800 3403 Παρ-

2220 3420 2375 3473 θένου
2408 3415 2489 3482 εἷς
2515 3419 2719 3488 Κύριος
2760 3420 3113 3489 ὠνόμασται,
3157 3423 3252 3473 καὶ
3280 3424 3443 3483 αὑτός
3492 3425 3609 3475 ὲστι
3647 3424 3714 3477 δι’
3738 3416 3798 3475 οὒ

2219 3512 2286 3564 τά
2313 3514 2490 3564 πάντα
2516 3512 2730 3578 γέγονε,
2761 3511 2860 3581 μία
2883 3512 3047 3580 φύσις
3073 3514 3242 3579 ἐστὶν,
3276 3514 3468 3583 ἐπειδὴ
3509 3514 3801 3584 πρόσωπον

2219 3603 2276 3654 ἓν
2309 3602 2409 3655 οὐκ
2436 3601 2561 3671 ἕχον
2589 3603 2668 3663 εἰς
2693 3602 2786 3654 δύο
2827 3603 3094 3672 διαίρεσιν
3114 3620 3126 3632 ·
3154 3605 3278 3655 ἐπεὶ
3308 3603 3383 3673 μὴ
3417 3603 3472 3656 δὲ
3511 3605 3615 3657 ἰδία
3641 3605 3801 3674 φύσις

2221 3692 2497 3762 σώματος.
2530 3692 2623 3745 καὶ
2657 3692 2764 3744 ἰδία
2797 3695 2960 3760 φύσις
2998 3694 3030 3762 ἠ
3064 3692 3254 3763 θεότης
3284 3695 3426 3746 κατὰ
3457 3695 3555 3764 τὴν
3586 3696 3797 3765 σάρκα·

2216 3784 2333 3838 ἀλλ’
2362 3785 2437 3844 ὡς
2465 3784 2752 3854 ἄνθρωπος
2784 3784 2881 3854 μία
2917 3785 3101 3853 φύσις,
3125 3783 3295 3847 οὕτως
3330 3788 3424 3838 καὶ
3465 3790 3493 3839 ὁ
3515 3790 3571 3839 ἐν
3602 3786 3801 3858 ὁμοιὼ-

2223 3893 2354 3946 ματι
2400 3874 2710 3945 ἀνθρώπων
2767 3877 3064 3945 γενόμενος
3113 3875 3373 3944 Χριστός.
3429 3896 3447 3927 ι
3508 3878 3661 3929 Ἐπεὶ
3709 3875 3801 3930 οὖν

2220 3968 2431 4030 τούτοις
2461 3966 2899 4036 συμφθέγγεται,
2931 3970 3227 4024 ἀκόλουθον
3250 3966 3317 4040 ἦν
3354 3969 3501 4038 αύτῷ
3536 3971 3633 4023 καὶ
3675 3971 3803 4040 μίαν

2222 4058 2385 4128 φύσιν
2422 4059 2603 4127 λέγειν
2650 4062 3025 4133 συγκειμένην
3074 4062 3137 4127 ἐξ
3167 4064 3370 4132 ἀμφοῖν
3415 4064 3508 4116 ἐπὶ
3537 4062 3632 4115 τοῦ
3664 4064 3803 4134 Χρι-

2224 4151 2375 4215 στοῦ,
2415 4153 2504 4204 ἵνα
2557 4152 3051 4224 συνεξαμαρτάνων
3101 4157 3286 4219 αὐτοῖς
3337 4159 3403 4226 τῇ
3456 4156 3684 4226 ἀσεϐείᾳ
3726 4156 3803 4227 μὴ

2222 4242 2477 4313 καθυφῇ·
2528 4243 2737 4295 τούτων
2784 4243 2891 4313 γάρ
2923 4246 2985 4297 τὸ
3028 4246 3191 4299 ἄθεον
3232 4245 3402 4309 ὅντως
3434 4248 3531 4300 καὶ
3564 4246 3805 4315 βλάσφη-

2226 4351 2325 4403 μον
2354 4333 2548 4397 νοσῶν,
2579 4334 2679 4404 τὴν
2724 4335 2970 4405 μεγάλην
2998 4336 3217 4405 ἐκείνην
3242 4339 3336 4391 καὶ
3376 4338 3804 4408 πολυάνθρωπον

2228 4425 2382 4495 ἱεράν
2412 4424 2631 4478 σύνοδον
2666 4424 2933 4496 ἀθετῆσαι
2978 4429 3334 4493 ἐσπούδασεν,
3377 4429 3501 4499 ἥτις
3557 4429 3648 4481 τὸν
3677 4431 3806 4500 περὶ

539 4512 818 4565 sissimam
846 4511 1065 4564 abolere
1089 4511 1284 4579 sategit
1308 4526 1520 4564 sacram
1544 4515 1806 4581 synodum
1840 4513 1976 4583 (54),
2000 4528 2112 4582 qua:

2223 4515 2324 4584 τῆς
2360 4516 2502 4569 κατὰ
2534 4515 2771 4585 Χριστὸν
2802 4517 3156 4582 ὑποστάσεως
3201 4518 3297 4572 καὶ
3336 4519 3444 4572 τῶν
3490 4518 3611 4572 κατ’
3642 4518 3805 4573 αύιὺν

548 4602 864 4656 doctrinam
896 4602 962 4655 de
991 4600 1193 4656 Christi
1223 4602 1523 4673 hypostasi,
1543 4606 1714 4672 deque
1734 4605 1850 4672 ejus
1888 4606 2119 4669 naturis,

542 4695 732 4748 divino
765 4691 977 4764 Spiritu
1031 4706 1274 4764 permeta
1308 4697 1621 4760 edisseruit,
1656 4696 1853 4751 divina:
1896 4713 2121 4753 tecono-

545 4786 669 4838 mia:
711 4786 1031 4855 mysterium
1068 4787 1409 4842 manifestius
1461 4789 1616 4842 nobis
1660 4798 1710 4841 ct
1753 4788 1955 4843 clarius
1986 4804 2125 4858 pra:-

543 4875 750 4930 dicans.

616 4967 828 5022 Etenim
886 4967 1061 5036 primo
1098 4967 1637 5022 animadvertendum
1697 4980 1779 5024 est
1817 4970 2121 5024 Mamonam

547 5059 635 5114 hic
680 5075 745 5115 ex
814 5060 1022 5114 duabus
1075 5075 1195 5114 esse
1252 5059 1535 5115 Christum
1596 5063 1807 5114 naturis
1860 5056 2120 5125 delinire;

542 5154 730 5208 nescio
782 5155 965 5209 hercle
995 5169 1103 5223 quo
1149 5153 1294 5221 jure,
1351 5154 1440 5222 qui
1493 5169 1560 5207 ne
1611 5167 1771 5205 unam
1824 5154 2037 5222 quidem
2075 5153 2124 5206 ei

542 5245 780 5299 formam
812 5245 972 5315 paulo
997 5258 1123 5300 ante
1155 5246 1517 5301 cencedebat.
1544 5246 1795 5298 Attamen
1835 5244 1889 5298 in
1914 5243 2124 5299 duabus

544 5352 666 5392 esse
690 5340 900 5393 naturis
924 5341 1165 5393 nondum
1190 5336 1473 5392 Christum
1501 5338 1605 5390 dici
1631 5337 1698 5389 ab
1720 5349 1784 5390 eo
1805 5346 1955 5406 patet
1984 5337 2099 5406 (55)

619 5540 732 5610 (53)
773 5541 828 5593 In
856 5542 1042 5594 codice
1072 5549 1157 5592 est
1204 5536 1602 5608 συγκρίματος.
1646 5535 1748 5590 Sed
1796 5553 1893 5605 ego
1946 5538 2124 5591 malim

548 5624 685 5680 συγκ
693 5612 764 5682 ρά
772 5627 959 5679 ματος.

618 5675 730 5751 (54)
754 5675 995 5752 Intellige
1016 5680 1287 5752 synodum
1316 5677 1836 5734 Chalcedoncusem.
1858 5675 1952 5733 Vel
1977 5690 2125 5735 certe

546 5750 727 5812 reeole
765 5766 888 5821 ευρ.
924 5750 982 5821 6,
1009 5767 1060 5820 p.
1098 5750 1184 5801 t7.

2224 4609 2443 4678 φύσεων
2492 4608 2670 4677 λόγον,
2712 4606 2843 4679 θείῳ
2877 4609 3156 4681 Πνεύματι
3212 4610 3548 4681 κεκινημένη
3592 4610 3806 4680 διετρά-

2224 4709 2400 4765 νὼσε,
2448 4701 2784 4771 σαφέστερον
2834 4703 2928 4755 καὶ
2977 4703 3333 4774 ἐκδηλότερον
3384 4705 3446 4757 τὸ
3492 4704 3592 4773 τῆς
3653 4703 3807 4767 θείας

2199 4791 2537 4861 ὀἰκονομίας
2565 4793 2863 4863 μυστήριον
2892 4796 3026 4863 ἡμῖν
3052 4794 3452 4865 διακηρύξασα.

2301 4971 2636 5042 Προσεκτέον
2662 4972 2771 5044 γὰρ
2809 4974 3099 5044 πρότερον,
3134 4974 3217 5026 ὅτι
3248 4977 3314 5027 ἐκ
3335 4974 3431 5027 δύο
3468 4974 3569 5045 μὲν
3594 4974 3808 5043 φύσεων

2230 5062 2468 5117 ἐνταῦθα
2502 5063 2824 5134 δογματίζει
2863 5065 2957 5119 τὸν
2997 5067 3270 5137 Χριστόν
3315 5067 3417 5119 οὐκ
3454 5062 3552 5119 οἷδ’
3582 5068 3753 5132 ὅπως,
3782 5070 3812 5122 ὁ

2234 5155 2511 5226 μηδεμίαν
2553 5156 2704 5228 αὐτῷ
2760 5157 2978 5228 μορφὴν
3025 5157 3132 5227 πρὸ
3215 5158 3416 5229 μικροῦ
3488 5155 3809 5228 συγχωρῶν.

2244 5246 2333 5302 Ἐν
2380 5245 2504 5300 δυσὶ
2546 5246 2602 5300 δὲ
2644 5248 2807 5301 αὑτὸν
2863 5248 3112 5317 φύσεσιν,
3160 5248 3413 5317 οὐδαμῶς
3455 5249 3594 5311 τέως
3642 5245 3814 5302 εἰπὼν

2234 5340 2506 5409 φαίνεται.
2541 5342 2632 5412 Μή
2664 5343 2789 5419 ποτξ
2815 5338 2904 5396 οὖν
2937 5340 3216 5395 κάνταῦθα
3243 5341 3385 5394 κατὰ
3408 5341 3533 5403 τοὺς
3561 5339 3821 5395 διδασκά-

2308 5538 2420 5611 (55)
2456 5542 2809 5596 Notissiumm
2840 5550 2925 5595 est
2952 5541 3357 5612 Monophysitas
3384 5540 3815 5595 orthodoxoru‘m

2235 5614 2574 5681 argumentis
2604 5626 2908 5673 conm-tos,
2938 5615 3112 5666 adhuc
3148 5614 3414 5682 refugium
3444 5612 3574 5663 illud
3612 5613 3814 5678 quaesi-

2232 5685 2377 5736 visse
2404 5695 2461 5734 ut
2485 5684 2729 5737 dicerent
2757 5684 3033 5736 Christum
3062 5698 3225 5736 unum
3253 5698 3321 5737 ex
3340 5682 3547 5735 duabus
3578 5684 3813 5747 naturis,

2229 5767 2338 5807 non
2392 5764 2570 5807 tamen
2632 5753 2684 5806 in
2716 5754 2944 5807 duabus.
2989 5750 3044 5806 id
3080 5761 3260 5807 autem
3319 5763 3429 5806 tum
3481 5765 3622 5819 saepe
3660 5750 3812 5819 alibi,
