4086 6344
254 329 347 398 301

964 328 1589 389 ΑΝΤΙΒΒΠΕΤὶΟΗΞ
1642 328 1668 385 Ι
1708 328 1874 388 Αῡν.
1919 325 2509 388 CONSTANTINUM
2549 326 2762 386 COPR.

3388 326 3495 397 3'32

258 444 373 507 λους
396 441 582 508 αὐτοῦ,
627 441 715 495 διὰ
746 441 841 511 τὴν
877 442 1007 510 μίαν
1038 441 1357 505 ὑπόστασιν,
1383 440 1477 492 καὶ
1506 438 1603 502 τὰς
1634 438 1823 507 φύσεις

1948 438 2072 491 \‘um
2132 455 2262 507 ergo
2319 437 2405 491 hic
2463 452 2702 505 quoque,
2778 435 2931 504 juxta
2989 437 3279 506 magistros
3339 454 3496 507 suos,

259 535 480 605 συγχεῖ;
531 532 591 585 τὸ
636 532 743 603 γάρ
789 530 1164 602 περιγραπτὸν
1210 530 1515 602 περιελὼν,
1555 529 1810 608 δηλοῦται

258 624 345 678 καὶ
368 623 466 686 τὰς
496 622 690 685 λοιπὰς
719 621 818 690 τῆς
844 620 1046 692 σαρκὸς
1070 620 1506 689 άπαναινόμενος
1536 618 1821 689 διαφοράς.

269 713 322 765 '0
347 712 404 764 δὲ
437 710 596 764 τοῦτο
633 711 830 777 λέγων,
876 709 997 762 οὐδὲ
1040 708 1137 773 τὰς
1164 710 1259 776 τῆς
1284 708 1436 771 Θείας
1473 708 1689 776 φύσεως
1726 725 1825 776 φυο

257 803 400 867 λάξει
434 804 727 873 ἰδιότητας,
759 803 853 854 καὶ
885 799 1012 853 οὔτε
1060 799 1443 872 περιγραπτὴν
1475 798 1598 852 οὔτε
1626 798 1827 868 ἀπερί-

258 911 499 965 γραπτον
548 894 646 963 τὴν
695 890 789 945 τοῦ
832 893 1039 964 Κυρίου
1086 892 1385 944 ὑπόστασιν
1437 891 1681 958 δέξεται·
1718 908 1829 943 τοι-

257 985 409 1048 οὗτος
436 986 548 1056 γάρ
569 985 599 1037 ὁ
622 984 723 1055 τῆς
751 983 1067 1054 συγχύσεως
1096 984 1297 1055 τρόπος
1317 1001 1330 1014 ·
1356 982 1467 1035 οὐδ’
1491 983 1750 1052 ὁπότερόν
1779 1000 1829 1034 τι

257 1077 363 1131 τῶν
396 1076 694 1146 ἡνωμένων
722 1075 994 1128 δείκνυσιν
1021 1074 1330 1146 εἰλικρινῶς
1355 1073 1434 1139 ὂκ,
1474 1073 1662 1145 ἕτερον
1690 1072 1746 1124 δέ
1777 1091 1830 1125 τι

259 1173 538 1230 ἀποτελῶν
581 1172 657 1236 ὼς
706 1173 775 1226 τά
814 1172 1275 1242 συνεφθαρμένα’
1335 1171 1478 1225 καθὰ
1513 1171 1672 1224 τοῦτο
1730 1172 1830 1225 ἴδοι

254 1278 339 1329 ’τις
358 1266 455 1318 καὶ
477 1265 570 1317 ἐπὶ
595 1266 695 1334 τῆς
741 1265 848 1317 τῶν
882 1264 1100 1333 τηκτῶν
1135 1264 1446 1334 λεγομένων
1484 1263 1798 1334 συγχύσεως
1816 1303 1830 1326 ,

259 1359 352 1412 καὶ
381 1361 481 1428 τῆς
513 1358 622 1410 τῶν
659 1356 1001 1427 μεταλλικῶν
1026 1355 1275 1417 ὲνῶσεως
1295 1370 1307 1383 °
1340 1356 1438 1424 οὐχ
1465 1349 1624 1426 ἦττον
1651 1354 1706 1406 δὲ
1740 1356 1835 1406 καὶ

261 1452 348 1504 ἐπὶ
368 1450 477 1504 τῶν
498 1449 641 1504 κατὰ
668 1449 768 1520 τὴν
793 1448 1046 1521 ἰατρικὴν
1072 1446 1472 1516 συντιθεμένων
1505 1444 1832 1515 φαρμάκων,

260 1542 337 1596 ἔτι
367 1543 463 1595 καὶ
488 1542 580 1594 ἐπὶ
605 1541 703 1612 τῆς
730 1540 838 1594 τῶν
875 1541 1156 1609 στοιχείων
1186 1538 1329 1591 κατά
1356 1537 1423 1590 τά
1452 1535 1682 1607 σώματα
1713 1554 1837 1588 συν-

260 1632 501 1703 δρομῆς’
538 1633 614 1695 ὡς
650 1631 805 1684 οὐδὲν
841 1628 1100 1700 καθαρῶς
1149 1631 1320 1692 ἐστιν,
1367 1626 1491 1680 οὔτε
1535 1628 1642 1697 γάρ
1675 1627 1835 1697 μόνον

261 1711 370 1794 πῦρ
401 1725 574 1785 ἐστιν,
606 1719 730 1775 οὔτε
759 1721 854 1790 γῆ,
892 1718 1016 1772 οὗτε
1045 1736 1100 1770 τι
1141 1718 1251 1771 τῶν
1286 1717 1485 1771 ἄλλων.
1541 1717 1620 1769 Τά
1655 1732 1834 1784 παρα-

1930 540 2150 598 propter
2178 547 2338 583 unam
2378 530 2715 601 hypostasitn
2750 540 2974 582 naturas
3016 529 3224 597 pariter
3265 530 3495 583 conluu-

1930 621 2048 676 dit?
2079 623 2214 676 Dum
2250 622 2393 676 enim
2448 623 3013 691 circumscriptionem
3062 621 3258 685 aufert,
3291 635 3500 677 (‘Htlstnt

1929 728 2052 767 eum
2098 725 2324 768 cazteras
2360 729 2579 783 quoque
2630 714 2813 768 carnis
2869 712 3206 769 dill'erentias
3278 731 3496 784 negare.

1933 801 2101 857 Porro
2129 804 2220 872 qui
2246 806 2325 858 sie
2348 804 2609 873 loquitur,
2644 805 2692 859 is
2724 820 2791 858 ne
2823 805 3016 859 divina:
3050 805 3265 873 quidem
3296 819 3502 859 natura:

1932 896 2293 963 praprietates
2344 898 2621 959 servabit,
2675 907 2724 949 et
2778 912 2953 964 neque
3005 897 3499 967 circumscriptam,

1934 1000 2109 1055 neque
2139 985 2673 1056 incircumscriptatn
2701 988 2913 1042 Domini
2946 989 3279 1059 hypostasim
3306 992 3502 1045 admit-

1938 1087 2053 1142 tet;
2088 1078 2157 1130 ita
2184 1081 2328 1130 enim
2365 1077 2470 1132 fert
2498 1079 2835 1135 confusionis
2868 1082 3041 1145 ratio;
3075 1098 3249 1151 neque
3291 1096 3505 1136 utrum-

1935 1168 2067 1222 libet
2093 1170 2365 1223 unitorotn
2396 1170 2642 1224 absolute
2665 1188 2758 1238 per
2776 1190 2831 1225 se
2855 1173 3119 1227 exsistens
3143 1175 3502 1237 demonstrat;

1938 1262 2032 1313 sed
2070 1261 2217 1314 aliud
2255 1264 2439 1316 nescio
2472 1264 2597 1329 quid
2634 1265 2872 1329 exhibet,
2924 1276 2977 1318 ut
3015 1268 3070 1317 tit
3114 1266 3164 1319 itt
3199 1268 3506 1335 corruptio-

1939 1350 2133 1415 nibns;
2190 1352 2352 1406 veluti
2400 1370 2626 1407 cernere
2673 1355 2796 1408 licet
2826 1358 2876 1408 in
2933 1358 3255 1424 liquidorum
3315 1359 3509 1413 contn-

1938 1440 2108 1502 sione,
2144 1455 2207 1494 ac
2240 1442 2581 1496 metallorum
2629 1460 2911 1514 compage,
2963 1447 3203 1513 itemque
3246 1448 3296 1500 in
3342 1449 3511 1500 Iltcdi-

1940 1529 2197 1583 cinaliutn
2231 1534 2649 1600 compositione,
2684 1543 2737 1588 ct
2764 1536 2998 1603 denique
3028 1538 3078 1590 itt
3116 1538 3508 1593 elementorum

1942 1620 2006 1671 ad
2059 1635 2293 1689 corpora
2346 1624 2683 1677 coniicit-uda
2739 1641 3045 1692 concursu;
3101 1628 3384 1696 inquibus
3438 1630 3512 1682 nil

1944 1724 2140 1775 purum
2178 1721 2282 1777 est,
2321 1728 2425 1767 non
2457 1714 2614 1783 ignis,
2651 1732 2754 1769 non
2800 1725 2966 1779 terra,
3023 1734 3126 1771 non
3160 1722 3305 1773 aliud
3340 1725 3513 1789 quod-

262 1815 467 1885 πλήσια
495 1813 553 1866 δὲ
587 1813 681 1866 καὶ
709 1812 839 1882 περὶ
867 1809 977 1862 τῶν
1009 1807 1211 1862 διπλῶν
1243 1807 1538 1878 ἐνεργειῶν
1568 1806 1675 1860 τῶν
1699 1806 1838 1859 κατὰ

1948 1798 2093 1852 libet.
2128 1798 2285 1853 Paria
2319 1780 2542 1855 omnino
2585 1805 2673 1858 hic
2714 1816 2901 1859 noster
2936 1809 2999 1861 de
3029 1808 3240 1864 duabus
3299 1780 3515 1880 quoque

259 1903 498 1974 Χριστὸν
534 1901 929 1970 θεωρουμένων
971 1897 1285 1969 πεφρόνηκέ
1319 1914 1422 1949 που
1456 1897 1693 1958 πάντως.
1741 1895 1840 1948 Διά

258 1995 356 2065 τὴν
391 1995 523 2063 μίαν
553 1995 660 2064 γάρ
690 1991 1011 2053 ὑπόστασιν,
1049 1990 1143 2041 καὶ
1182 1987 1311 2059 μίαν
1341 1987 1624 2058 ἐνέργειαν
1666 1985 1839 2039 ἐδίδου

257 2086 356 2140 ἄν’
391 2083 636 2153 δειχθείη
691 2082 746 2135 δὲ
775 2081 867 2135 καὶ
893 2078 1067 2143 οὕτως
1096 2082 1208 2141 τοῖς
1244 2079 1343 2147 τῆς
1380 2077 1695 2147 συγχύσεως
1748 2078 1842 2130 καὶ

257 2177 538 2247 δοκήσεως
553 2174 1026 2244 καθηγησαμένοις
1046 2172 1305 2241 ἑπόμενος
1320 2170 1676 2231 διδασκάλοις.
1694 2168 1843 2223 Καθ-

254 2269 404 2339 άπερ
440 2270 550 2338 γάρ
597 2268 798 2318 ἐκεῖνοι
824 2264 926 2334 τῆς
974 2262 1067 2317 τοῦ
1096 2262 1332 2335 ἀριθμοῦ
1354 2260 1542 2323 δυάδος
1569 2258 1841 2322 δυσσεϐῶς

255 2358 349 2410 καὶ
396 2354 695 2426 κακοήθως
733 2352 1192 2425 ὲπιδραξάμενοι,
1242 2351 1300 2404 ὃν
1330 2351 1379 2403 οἱ
1419 2350 1518 2418 τῆς
1561 2349 1843 2411 εὐσεϐείας

254 2450 349 2502 καὶ
370 2447 476 2501 τοῦ
503 2446 667 2517 ὀρθοὖ
700 2445 1105 2515 προεστηκότες
1138 2442 1320 2510 λόγου,
1356 2442 1448 2494 ἐπὶ
1476 2439 1586 2493 τῶν
1616 2438 1708 2492 δύο
1741 2438 1842 2507 φύ-

254 2558 402 2595 σεων
442 2539 687 2602 εὐσεϐῶς
731 2539 1089 2609 ἐπρέσϐευον,
1135 2535 1231 2589 καὶ
1256 2529 1375 2587 εἶτα
1409 2533 1484 2595 ὡς
1510 2530 1682 2586 αἴτιον
1705 2531 1844 2584 διαι-

253 2633 475 2704 ρέσεως
506 2631 606 2700 τῆς
640 2631 785 2684 κατὰ
813 2628 1049 2699 Χριστὸν
1096 2627 1447 2690 ὑποστάσεως
1484 2624 1843 2695 προάγοντες,

250 2726 327 2789 ὡς
355 2724 391 2795 ῆ
423 2724 531 2777 δύο
564 2723 833 2793 πρόσωπα
852 2719 941 2773 διὰ
964 2719 1061 2782 τάς
1095 2717 1288 2787 φύσεις
1313 2714 1657 2783 εἰσάγεσθαι,
1699 2715 1733 2785 ἦ
1758 2715 1843 2767 διὰ

248 2815 309 2869 τὸ
338 2814 403 2868 ἓν
452 2814 770 2883 πρόσωπον,
814 2811 944 2881 μίαν
979 2810 1036 2875 ἐξ
1081 2808 1330 2878 ἀνάγκης
1373 2806 1537 2875 φύσιν
1567 2804 1842 2867 δίδοσθαι,

246 2905 399 2963 οὕτω
426 2907 538 2959 καὶ
575 2897 732 2968 οὗτος
775 2906 841 2975 τῇ
882 2903 978 2956 τοῦ
1035 2904 1452 2972 ὰπεριγράπτου
1500 2901 1846 2972 προσπλεκό-

250 3015 419 3069 μενος
458 2995 793 3061 λέξει,δοκεί
823 2993 1034 3065 βαθέως
1078 2993 1174 3046 καὶ
1206 2994 1346 3062 ἄγαν
1392 2993 1845 3058 κατασκευάζειν,

1943 1891 2381 1956 operationibus,
2404 1909 2523 1960 qua:
2550 1894 2603 1946 itt
2640 1893 2857 1947 Christo
2896 1908 3230 1964 spectantur,
3251 1904 3515 1970 opinaba-

1945 1986 2051 2033 tur.
2089 1978 2301 2033 Etenim
2331 1996 2450 2034 cotn
2479 1999 2583 2036 una
2624 1985 2927 2055 hypostasi,
2955 2002 3118 2040 unam
3147 1993 3352 2057 pariter
3383 2010 3513 2062 ope~

1946 2069 2209 2123 rationem
2244 2070 2348 2142 55
2379 2073 2708 2127 attribucbot
2735 2085 2933 2145 :atque
2957 2079 3029 2130 ita
3056 2080 3513 2136 confusaneormn

1944 2173 1997 2214 et
2045 2162 2358 2218 docetarnm
2413 2168 2705 2231 tramitem,
2747 2171 3122 2240 magistrorum
3157 2191 3402 2245 suorum,
3434 2194 3518 2233 se-

1945 2252 2083 2305 ctari
2115 2268 2237 2307 eum
2273 2268 2517 2325 apparet.
2557 2258 2711 2312 Sicut
2752 2261 2894 2313 enim
2944 2262 3023 2315 illi
3062 2265 3373 2322 dnalitatcm
3414 2287 3515 2323 nu-

1949 2344 2079 2397 meri
2111 2345 2415 2415 irreligiosc
2445 2348 2823 2417 malitioscqtte
2854 2352 3146 2420 arripiunt,
3186 2372 3348 2423 quam
3374 2372 3516 2411 verm

1949 2436 2232 2504 religionis
2269 2450 2538 2509 recteque
2580 2441 2841 2496 doctrinae
2873 2445 3187 2500 defensores
3213 2449 3276 2501 de
3309 2449 3518 2505 duabus

1948 2527 2156 2581 naturis
2178 2529 2266 2597 pie
2293 2530 2591 2595 atlirmant;
2621 2540 2782 2602 atque
2814 2536 2953 2589 hanc
2988 2537 3179 2591 deinde
3204 2540 3516 2595 dualitatem

1948 2634 2045 2673 ceu
2081 2621 2382 2681 dividendae
2414 2622 2619 2677 Christi
2657 2625 3014 2694 liyposlaseos
3045 2645 3265 2685 Causam
3316 2636 3521 2700 produ-

1947 2722 2097 2777 cunt,
2138 2704 2193 2765 ut
2234 2714 2319 2769 vel
2354 2716 2487 2770 duas
2536 2732 2797 2784 personas
2846 2719 2915 2773 ob
2962 2730 3182 2776 naturas
3234 2723 3516 2795 invehunt,

1950 2806 2031 2859 vel
2064 2808 2131 2861 ob
2175 2824 2336 2861 unam
2371 2824 2656 2878 personam
2689 2812 2900 2865 unicam
2931 2817 3241 2870 necessario
3270 2829 3518 2872 naturam

1949 2908 2226 2964 statuant;
2277 2902 2345 2953 ita
2410 2902 2573 2955 etiam
2657 2902 2742 2955 hie
2820 2919 3002 2958 neSter
3059 2907 3519 2979 incitcutnscripti

1952 2991 2235 3045 adlnerens
2265 2992 2550 3058 vocabulo,
2577 2994 2788 3045 videtur
2808 2996 3045 3063 graviter
3065 2996 3521 3068 vehementerque

249 3089 328 3153 ὡς
364 3089 403 3163 ἢ
436 3085 779 3158 διαιρεῖσθαι
813 3086 904 3140 διὰ
947 3084 1153 3154 ταύτην
1180 3086 1273 3138 καὶ
1311 3084 1411 3155 τὴν
1458 3083 1555 3137 τοῦ
1608 3083 1841 3156 Χριστοῦ

1955 3083 2164 3140 conari.
2197 3093 2255 3135 ut
2282 3085 2364 3137 vel
2419 3099 2516 3152 per
2554 3085 2651 3137 hoc
2679 3086 2884 3139 Christi
2927 3088 3257 3156 hypostasim
3293 3091 3518 3155 dividat,

251 3178 597 3242 ὑπόστασιν,
638 3178 672 3247 ἢ
703 3176 801 3230 καὶ
831 3175 923 3228 τὸν
956 3175 1115 3242 λόγον
1143 3178 1211 3245 τῇ
1257 3177 1424 3245 σαρκὶ
1458 3175 1843 3247 συμπεριγρά-

249 3271 483 3338 φεσθαι.
508 3269 666 3339 Ἔχει
695 3269 805 3338 γάρ
829 3267 897 3320 τά
927 3267 1250 3337 ὲπαγόμενα
1280 3266 1453 3330 οὕτως
1478 3287 1489 3299 ·

323 3432 449 3497 μα’.
498 3406 531 3476 «δ
575 3424 716 3476 Ἀλλ’
764 3423 923 3493 ἢκαὶ
985 3421 1046 3475 τὸ
1090 3421 1233 3474 θεῖον
1284 3420 1844 3492 συμπεριγράφεσθαι

245 3515 367 3589 εχει
399 3519 466 3571 ὲν
511 3518 583 3587 τῇ
614 3515 785 3568 εἰκόνι
828 3514 1035 3583 ἐκείνῃ,
1071 3512 1251 3575 καθώς
1281 3514 1430 3565 ἐστιν
1462 3514 1489 3566 ὁ
1517 3512 1751 3582 Χριστὸς
1784 3513 1849 3563 ἐκ

240 3608 623 3678 διπλότητος,
673 3604 707 3676 ἢ
749 3604 905 3673 ψιλὸν
945 3603 1105 3673 μόνον
1149 3602 1437 3672 ἄνθρωπον
1473 3602 1713 3654 νοεῖσθαι
1760 3603 1849 3654 τὸν

242 3699 526 3769 Χριστὸν,
579 3698 673 3749 καὶ
704 3695 993 3761 εἰκονίζειν
1026 3695 1188 3747 αὑτὸν
1216 3695 1412 3759 οὕτως,
1456 3695 1593 3747 καθὸ
1622 3697 1655 3763 ἡ
1685 3694 1849 3747 εἰκὼν

240 3789 573 3860 προσώπου
622 3787 770 3839 ἐστὶν
817 3784 1001 3849 εἰκὼν,
1049 3786 1143 3839 καὶ
1172 3785 1232 3837 τὸ
1272 3783 1415 3836 θεῖόν
1465 3784 1612 3836 ἐστιν
1660 3785 1852 3853 ἀπερί-

240 3897 501 3955 γραφον.
547 3898 567 3931 ι
610 3879 735 3940 Πῶς
785 3876 947 3930 τοῦτο
982 3876 1153 3944 λέγει,
1193 3875 1294 3930 κᾶν
1328 3874 1427 3948 ἔχῃ
1460 3874 1674 3944 φύσεως
1710 3875 1852 3927 οὕτω

237 3977 298 4027 τὸ
331 3975 619 4046 πρᾶγμα,
647 3970 752 4023 κᾶν
784 3971 892 4040 μή;
948 3967 1111 4021 Ἀλλά
1153 3966 1323 4022 ταῦτα
1359 3966 1479 4037 μὲν,
1507 3966 1583 4029 ὡς
1609 3965 1754 4019 δοκεῖ
1785 3969 1850 4037 τῇ

240 4067 646 4136 ματαιότητι,
682 4062 1023 4132 τυραννικῶς
1053 4057 1447 4127 ἀποφαίνεται,
1493 4059 1671 4112 οὐδενὶ
1709 4058 1852 4128 λόγῳ

234 4160 342 4230 τῆς
397 4155 686 4227 ἀληθείας
737 4153 1025 4224 συνηγόρῳ
1080 4151 1383 4222 χρώμενος.
1447 4151 1610 4221 Ἡμῖν
1651 4151 1707 4203 δὲ
1760 4152 1854 4202 καὶ

240 4248 448 4321 μικρῷ
511 4246 758 4317 πρόσθεν
803 4246 933 4313 περὶ
974 4243 1164 4296 τούτου
1207 4242 1305 4294 σὺν
1359 4241 1588 4312 ἀληθείᾳ
1634 4242 1853 4310 εἴρηται

232 4340 365 4409 ἤδη,
397 4339 486 4401 ὡς
522 4339 555 4390 ὁ
594 4335 736 4396 θεῖος
765 4333 940 4402 Λόγος
975 4332 1144 4404 μηδὲν
1173 4329 1431 4399 πεφυκὼς
1479 4333 1726 4402 πάσχειν,
1759 4333 1851 4384 καὶ

232 4433 292 4481 ἐν
335 4430 588 4500 σώματι
621 4426 949 4495 γενόμενος,
1004 4423 1220 4492 ἀπαθής
1262 4439 1322 4491 γε
1352 4422 1527 4475 ὀὐδὲν
1560 4419 1722 4493 ἧττον
1755 4440 1851 4491 με·
1886 4458 1928 4511 D

233 4525 501 4595 μένηκε,
569 4522 665 4574 καὶ
707 4519 815 4571 τῶν
867 4518 992 4586 εἰκῆ
1019 4515 1493 4586 πεφλυαρημένων
1533 4513 1851 4591 ,ὁλοτρόπως

232 4617 603 4690 ἀπείρατος.
659 4611 770 4665 Καὶ
822 4609 928 4690 νῦν
970 4609 1028 4662 δὲ
1088 4608 1179 4660 διὰ
1236 4606 1490 4677 βραχέων,
1548 4607 1847 4678 εἰρήσεται.

1953 3172 2036 3224 vel
2073 3172 2237 3226 etiam
2292 3173 2524 3226 Verbum
2572 3191 2694 3227 cum
2732 3191 2894 3230 carne
2923 3178 3354 3235 circumscribat.
3386 3179 3519 3235 Nam

1949 3281 2069 3333 quae
2096 3266 2265 3330 addit,
2301 3267 2370 3319 ita
2395 3281 2452 3319 se
2479 3266 2712 3320 habent:
3338 3262 3341 3263 ν

2024 3422 2112 3474 LI.
2153 3440 2171 3472 ι
2216 3421 2321 3475 Sed
2356 3421 2436 3476 rel
2470 3421 2724 3475 deitatem
2760 3424 2961 3491 patitel'
2994 3426 3364 3478 cireumsvrilii
3391 3444 3521 3481 nsu-

1954 3514 2169 3567 venitin
2196 3515 2284 3567 illa
2320 3515 2494 3577 icoue,
2533 3526 2801 3582 quatenus
2838 3516 3087 3570 Christus
3121 3532 3184 3571 ex
3213 3522 3334 3588 dnpl
3360 3523 3405 3574 ci
3437 3535 3524 3576 ate

1951 3606 2204 3673 exsistit;
2281 3606 2364 3661 vel
2421 3607 2721 3675 simplicem
2814 3612 3188 3662 tantummodo
3251 3613 3525 3668 hominem

1954 3696 2231 3748 Christum
2260 3697 2510 3764 intelligi,
2535 3705 2699 3766 atque
2728 3698 2800 3749 ita
2828 3713 2948 3751 eum
2979 3697 3228 3767 (igurari;
3257 3713 3524 3768 quatenus;

1957 3785 2076 3836 icon
2119 3795 2200 3836 est
2252 3798 2497 3852 persona:
2558 3785 2709 3850 icon;
2767 3796 2822 3839 et
2867 3786 3040 3841 deitas
3085 3798 3169 3842 est
3229 3789 3524 3845 incircuin-o

1956 3876 2179 3944 scripta.
2218 3894 2237 3921 ι
2284 3876 2562 3942 Quomodo
2616 3879 2715 3930 hoc
2770 3878 2941 3932 dicit!
2990 3880 3215 3934 εἰναι-ξι]
3249 3884 3522 3952 negotium

1956 3967 2276 4022 naturaliter
2329 3969 2400 4021 ita
2439 3982 2497 4023 se
2551 3970 2768 4033 habeat,
2829 3970 2943 4024 sive
2978 3985 3157 4029 secus.
3219 3973 3325 4027 Sed
3378 3977 3523 4028 enim

1957 4061 2089 4125 Inec,
2136 4068 2292 4128 prout
2320 4074 2430 4113 suae
2460 4058 2591 4114 libet
2643 4058 2912 4126 stultitiae,
2968 4063 3246 4130 tyrannice
3284 4081 3525 4133 promtu-

1958 4153 2076 4213 liat,
2138 4150 2283 4204 nullo
2345 4163 2665 4219 argumento
2716 4151 2930 4206 veritati
2992 4153 3210 4209 favente
3278 4160 3523 4213 utens.A

1957 4242 2110 4295 nobis
2161 4253 2339 4294 autem
2402 4241 2559 4310 [tanto
2610 4243 2773 4296 etiam
2827 4254 2973 4299 retro
3031 4245 3098 4299 de
3150 4245 3254 4299 hac
3302 4263 3357 4300 re
3400 4264 3526 4299 vere

1957 4333 2158 4385 dictum
2206 4333 2325 4397 fuit,
2379 4348 2572 4401 nempe
2604 4334 2746 4401 quod
2788 4334 3017 4388 Verbum
3054 4335 3291 4389 divinum
3332 4351 3525 4391 natura

1958 4439 2052 4477 sua
2107 4423 2459 4492 impossibile.
2510 4427 2678 4478 etiam
2719 4440 2949 4496 corpore
2981 4436 3280 4497 assmnpto,
3335 4430 3529 4483 nihilo-

1964 4515 2140 4583 minus
2176 4515 2511 4584 impassibile
2567 4517 2786 4580 mansit,
2823 4529 2875 4570 et
2930 4519 3119 4572 horum
3151 4534 3273 4587 qua:
3325 4520 3527 4575 frustra

1960 4609 2299 4669 dictitautur,
2365 4624 2588 4676 prorsus
2640 4625 2857 4678 expers.
2916 4611 3067 4678 Quod
3119 4628 3262 4666 nunc
3311 4628 3528 4683 quoque

134 5196 143 5203 ι
221 5161 660 5233 γελισαμένοις
695 5160 827 5229 ἡμῖν
861 5159 928 5211 τά
959 5159 1051 5210 ἐπὶ
1079 5160 1145 5228 τῇ
1186 5157 1305 5228 θείᾳ
1328 5156 1692 5226 πεπραγμένα
1717 5170 1883 5221 συγγο

1960 4697 2200 4752 breviter
2238 4708 2562 4767 repetemus.
2596 4700 2891 4753 Dicendum
2925 4710 3007 4755 est
3052 4702 3196 4756 enim
3232 4719 3336 4757 non
3370 4709 3529 4759 modo

1957 4805 2077 4841 cum
2155 4790 2569 4857 circumscripto
2622 4805 2851 4859 corpore
2911 4790 3146 4846 Verbum
3210 4795 3353 4848 haud
3417 4796 3528 4848 cir-

1959 4880 2277 4943 cumscribi,
2314 4881 2407 4934 sed
2448 4896 2624 4949 neque
2647 4883 2697 4934 in
2726 4882 2842 4950 ipso
2861 4897 3087 4949 corpore
3110 4885 3379 4938 essistens
3408 4902 3529 4939 esse

1958 4970 2454 5039 circumscriptum,
2493 4972 2704 5025 etiamsi
2760 4989 2957 5040 corpus
3009 4978 3441 5030 substantialiter
3475 4988 3528 5031 et

1958 5062 2397 5129 inseparabiliter
2447 5065 2623 5118 eidem
2682 5065 2988 5132 copulatum
3035 5076 3141 5122 est.
3203 5070 3378 5134 Atque
3428 5069 3528 5121 hoc

1962 5155 2431 5224 neminiignotmn
2479 5158 2735 5221 arbitror,
2786 5160 2831 5211 si
2866 5168 3017 5212 certe
3065 5159 3395 5212 credendum
3446 5172 3529 5212 est

1961 5246 2028 5298 iis
2057 5246 2150 5314 qui
2186 5248 2464 5316 negotium
2499 5263 2601 5300 nos
2631 5249 2932 5302 docuerunt
2980 5249 3174 5301 diviute
3197 5251 3535 5304 condescen-

1960 5338 2149 5392 sionis.
2184 5336 2465 5403 Quomodo
2501 5340 2645 5393 enim
2704 5355 2866 5394 verax
2899 5340 3087 5393 fuisset
3118 5354 3342 5408 magnus
3367 5339 3531 5395 Joan-

1962 5447 2078 5495 nes,
2136 5432 2226 5499 qui
2283 5433 2500 5485 veritati
2581 5433 2952 5486 teStitnouinm
3009 5430 3237 5500 praebuit
3292 5429 3525 5485 dicens:

228 4688 498 4762 Λεκτέον
518 4705 662 4774 γὰρ,
684 4702 849 4756 ὅτιού
875 4688 1034 4771 μόνον
1056 4698 1519 4769 περιγραφομένῳ
1538 4697 1615 4762 τῷ
1639 4696 1850 4766 σώματι

226 4801 255 4850 ό
283 4799 479 4866 Λόγος
538 4794 612 4847 οὐ
640 4791 1236 4863 συμπεριγραφήσεται
1259 4830 1273 4855 ,
1311 4788 1425 4842 ἀλλ’
1460 4788 1581 4841 οὐδὲ
1609 4790 1668 4840 ἐν
1698 4788 1847 4858 αὑτῷ

222 4891 304 4959 τῷ
340 4892 607 4960 σώματι
664 4884 904 4954 γεγονὼς
936 4884 1415 4954 περιγέγραπται,
1449 4880 1627 4934 καίτοι
1661 4882 1855 4934 οὑσιω-

222 4981 357 5047 δῶς,
402 4982 520 5034 καὶ
580 4977 927 5038 ἁδιαστάτως
961 4974 1110 5046 αὐτῷ
1155 4973 1510 5043 συνημμένῳ.
1557 4974 1668 5025 Καὶ
1697 4970 1854 5023 τοῦτο

220 5068 388 5142 οἶμαι
430 5070 661 5143 μηδενὶ
687 5068 1009 5137 ἠγνοῆσθαι,
1041 5067 1095 5121 εῐ
1118 5083 1171 5119 τι
1216 5067 1469 5118 πειστέον
1534 5068 1648 5127 τοῖς
1681 5064 1850 5130 εὐαγ-

220 5257 603 5313 καταϐάσει.
663 5252 787 5314 Πῶς
834 5251 943 5323 γὰρ
985 5250 1282 5323 ἀληθεύσει
1311 5252 1340 5303 ό
1385 5250 1557 5319 μέγας
1596 5247 1847 5316 Ἰωάννης

218 5353 286 5420 τῇ
343 5342 632 5419 ἀληθείᾳ
686 5343 982 5415 μαρτυρῶν
1026 5342 1118 5397 καὶ
1172 5344 1383 5411 λέγων·
1440 5340 1642 5406 Μέσος
1686 5339 1852 5407 ὑμῶν

216 5443 516 5514 ἔστηκεν
553 5437 645 5490 ὃν
674 5436 841 5505 ὑμεῖς
870 5439 980 5490 οὐκ
1024 5436 1255 5501 οἴδατε,
1290 5436 1380 5488 τὸν
1414 5433 1568 5487 οὔπω
1605 5433 1851 5503 παρόντα

223 5661 339 5703 tum
393 5651 457 5702 in
504 5642 695 5699 editis
728 5656 755 5691 a
804 5657 888 5694 me
922 5641 1186 5694 adversus
1226 5635 1629 5706 Monophysitas
1685 5633 1848 5690 variis
1891 5643 2132 5686 veterum
2199 5644 2481 5686 auctorum
2519 5632 2739 5699 scriptis
2810 5630 3129 5685 ventilatnnt
3164 5633 3296 5688 satis
3327 5632 3530 5687 rem.“

228 5730 474 5789 tumque
513 5726 862 5778 compertos.
