4086 6344
226 493 306 558 305

875 489 1498 554 ANTIRRIIETICUS
1540 495 1564 555 Ι
1613 496 1782 557 ADV.
1837 496 2433 561 CONSTANTINUM
2470 500 2683 562 COPR.

3318 472 3427 567 aea

227 618 353 672 μενος
378 598 640 670 πρόνοιαν.
677 597 818 652 Ἀλλ’
846 599 896 653 εί
919 599 1012 652 καὶ
1036 598 1178 668 μετὰ
1209 599 1512 670 ἀνθρώπων
1545 619 1747 673 κεχρη-

1849 618 2031 660 curam
2055 608 2294 662 omnium
2319 609 2481 678 gerit.
2505 607 2706 663 Verum
2719 608 2935 665 etiamsi
2964 623 3083 665 cum
3108 610 3423 668 hominibus

222 695 414 765 μάτικεν
458 692 530 755 ὡς
569 690 785 762 ἀληθῶς
829 691 1136 761 ἅνθρωπος,
1175 691 1285 744 τῶν
1329 694 1616 764 πατρικῶν
1647 694 1748 747 οὐκ

220 786 500 839 ἀπελείπετο
543 783 781 847 κόλπων,
829 783 925 837 καὶ
955 783 985 835 ό
1015 781 1206 853 Πατὴρ
1245 778 1313 854 ἦν
1355 785 1414 837 ὲν
1450 786 1619 856 αὐτῷ,
1653 788 1748 841 καὶ⁵

219 878 347 941 αὐτός
371 879 426 930 ὲν
455 875 530 947 τῷ
559 876 754 947 Πατρί.

269 972 318 1023 Ei
342 970 529 1032 τοίνυν,
564 968 816 1038 καθάπερ
836 970 865 1023 ό
892 972 992 1041 τῆς
1019 972 1279 1042 ἀληθείας
1302 972 1578 1042 ἐφοδεύων
1609 989 1749 1043 συμ-

219 1062 422 1133 πραίνει
467 1062 645 1130 λόγος,
679 1062 739 1114 ὲν
781 1061 861 1133 τῷ
900 1051 1124 1134 ίδίῳόὐ
1161 1065 1605 1135 περιγέγραπται
1638 1064 1748 1117 crdi-

218 1171 337 1224 ματι.
370 1152 527 1215 ποίας
557 1153 746 1217 ἀνοίας
787 1154 881 1206 καὶ
909 1154 1136 1223 ἀλογίας
1166 1156 1249 1209 ιτι
1287 1157 1385 1210 καὶ
1424 1156 1748 1222 δυσσεϐείας

216 1249 288 1316 οὐχ
310 1246 575 1315 ὐπεροίσει
621 1246 841 1316 μέτρον,
881 1245 943 1299 τὸ
974 1247 1156 1315 λέγειν
1191 1249 1746 1320 συμπεριγράφεσθαι

215 1336 640 1407 περιγραφομένῳ
681 1338 777 1391 τδν
823 1338 998 1407 Λόγον
1030 1339 1110 1410 τῷ
1145 1339 1363 1410 σώματι
1385 1352 1405 1406 ,·
1434 1341 1745 1412 ἀπεριγράο

215 1444 320 1480 mou
344 1428 396 1481 δὲ
431 1426 526 1481 τοῦ
561 1428 710 1483 θείου
743 1428 898 1494 ϐντος
926 1431 1101 1498 Λόγου
1129 1448 1146 1498 ;
1191 1431 1747 1504 Συμπαραληφθῆναι

214 1520 295 1589 γὰρ
318 1519 391 1572 δεῖ
426 1519 524 1573 καὶ
563 1520 674 1573 τῶν
710 1521 1063 1591 ζητουμένων
1104 1521 1166 1575 τὸ
1208 1521 1510 1593 σύστοιχον·
1550 1524 1646 1576 καὶ
1688 1525 1747 1577 έν

215 1611 348 1664 ἅπασι
371 1611 660 1681 παρόντος,
681 1612 782 1681 τῆς
819 1613 1065 1682 μείζονος
1089 1612 1156 1667 ἂν
1185 1614 1268 1684 εἴη
1301 1616 1502 1685 μανίας
1523 1616 1617 1668 καὶ
1646 1615 1747 1686 τῆς

214 1703 408 1772 ἐσχάτης
446 1702 881 1774 παραφροσύνης
912 1704 974 1757 τὸ
1012 1704 1267 1774 φράζειν,
1299 1704 1628 1776 χωρίζεσθαι
1654 1706 1747 1760 τὸν

212 1794 349 1862 Λόγον
366 1793 454 1848 τοῦ
484 1794 766 1863 σώματος,
787 1796 951 1866 ἡνίκα
980 1796 1356 1867 περιγραπτδν
1374 1796 1742 1867 ὡμολόγηται.

212 1887 372 1956 Εἱγέιρ
396 1887 613 1951 οὐδενὸς
652 1886 852 1941 ἄπεστι
869 1928 884 1949 ,
919 1890 1014 1941 καὶ
1041 1887 1344 1957 οὐδαμόθεν
1370 1888 1748 1959 ἀπολιμπάνε-

212 1993 311 2040 aut,
324 1978 464 2049 πόσῳ
490 1978 676 2046 λέγειν
704 1978 967 2048 ἁληθέστε
978 1996 1091 2049 ρον,
1122 1980 1205 2034 ὅτι
1230 1981 1288 2034 ὲν
1323 1979 1403 2051 τῷ
1427 1981 1640 2052 σώματι
1666 1981 1746 2052 τῷ

210 2068 360 2132 οἰκείῳ
384 2069 474 2121 καὶ
503 2066 634 2122 καθ’
676 2069 976 2122 ὑπόστασιν
1004 2068 1154 2140 αὑτῷ
1188 2071 1456 2142 ἡνωμένῳ
1475 2109 1490 2134 ,
1524 2071 1618 2125 καὶ
1650 2088 1751 2125 πε-

213 2156 456 2227 ριγραπτῷ
488 2175 556 2224 γε
589 2157 727 2229 ὄντι²
759 2159 846 2212 ἀεὶ
894 2160 1183 2230 πάρεστιν,
1216 2161 1283 2213 ἶν’
1326 2161 1441 2233 ἅμα
1475 2162 1570 2215 καὶ
1605 2163 1748 2217 κατὰ

209 2249 367 2301 ταύτὸν
396 2250 426 2317 ὴ
463 2251 553 2301 ἐπ’
591 2250 792 2320 ἀμφοῖν
821 2250 931 2303 τῶν
970 2250 1182 2305 ἀσεϐῶν
1214 2252 1416 2317 ἄτοπος
1446 2255 1542 2309 καὶ
1572 2256 1750 2326 παρά-

209 2337 333 2404 λογος
354 2338 701 2410 διελέ·,’ίηται
746 2341 1087 2407 φιλονεικία;
1129 2342 1190 2395 Εἰ
1227 2343 1328 2413 μὲν
1356 2344 1533 2415 γὰρὴ
1572 2346 1750 2409 κτίσις

209 2432 233 2496 ἡ
258 2430 496 2500 σύμπασα
608 2431 871 2502 πάρεστιν
900 2432 977 2497 ὡς
1013 2434 1149 2497 Θεὸς
1177 2435 1646 2507 ἁπεριγράπτως,
1680 2434 1751 2510 ἦν

211 2524 629 2596 ἀπερίγραπτος,
660 2526 890 2596 ἐξήνυεν
915 2526 982 2581 ἄν
1022 2544 1076 2581 τι
1117 2528 1248 2592 ἴσως
1289 2530 1318 2582 ό
1362 2528 1523 2599 λόγος
1575 2532 1748 2602 αὐτῷ.

211 2614 259 2666 Et
285 2616 336 2669 δὲ
364 2616 540 2671 πάντα
577 2619 935 2689 περιγραπτά
962 2620 1101 2686 ἐστι,
1133 2621 1279 2685 τίνος
1310 2620 1499 2676 ἕνεκεν
1525 2625 1556 2693 ἡ
1592 2625 1751 2678 ἀνού-

213 2723 369 2771 στατος
393 2709 532 2780 αὕτη
571 2710 670 2763 καὶ
697 2710 885 2781 ψυχρὰ
913 2710 1318 2779 ἔνστασις,τοῦ
1356 2714 1557 2768 οἰκείου
1591 2716 1751 2785 μόνον

212 2798 537 2872 ὑπερορίσθαι
591 2803 686 2855 τὸν
742 2803 916 2871 Λόγον
982 2802 1281 2871 σῶματοςς
1338 2806 1546 2868 Ὄντως
1605 2807 1751 2861 ίστδν

212 2892 416 2962 ἀράχνης
460 2894 791 2965 ὑφαίνουσιν
839 2896 893 2949 οἱ
937 2894 1110 2949 ταῦτα
1155 2895 1484 2966 φρονοῦντες
1528 2898 1619 2952 καὶ
1660 2899 1751 2952 λέ-

213 3000 381 3050 ῖοντες.
401 3024 409 3031 -

264 3075 355 3144 μβ.
393 3078 621 3132 Τούτων
657 3078 713 3132 δὲ
755 3078 927 3142 οὕτως
975 3080 1306 3152 είρημένων,
1349 3080 1442 3135 ἐπὶ
1473 3086 1541 3138 τὰ
1587 3081 1753 3137 λοιπὰ

212 3164 280 3217 τοῦ
301 3166 448 3234 λόγου
494 3169 854 3240 τρεῲώμεθα.
897 3172 957 3224 Εἰ
992 3174 1058 3225 ὲκ
1092 3171 1412 3244 διπλότητος
1454 3176 1750 3246 πρεσϐεύει

1849 710 1946 749 ceu
1977 710 2138 750 verus
2166 697 2325 752 homo
2355 696 2697 761 versabatur,
2726 708 3010 767 paternum
3063 714 3170 754 non
3196 699 3421 757 desere-

1849 789 1942 843 bat
1960 788 2136 844 sinum
2159 806 2175 855 ;
2196 788 2468 862 Paterque
2487 792 2679 848 eratin
2710 791 2851 862 ipso,
2872 800 2928 847 et
2960 792 3076 864 ipse
3100 794 3152 848 in
3173 792 3334 849 Patre
3350 795 3422 850 ⁸³.

1923 966 1980 1022 Si
2016 983 2169 1039 ergo,
2199 977 2257 1023 ut
2286 968 2534 1027 veritatis
2567 972 2875 1027 decurrens
2908 987 3088 1027 sermo
3126 973 3423 1035 concludit.

1851 1060 1904 1116 in
1955 1060 2176 1131 proprio
2222 1076 2326 1115 non
2381 1062 2851 1117 circumscribitur
2895 1078 3123 1134 corpore
3159 1104 3175 1129 ,
3228 1065 3417 1134 quidni

1848 1167 2064 1207 omnem
2079 1152 2343 1220 stultitiae,
2363 1152 2651 1209 dementiae
2679 1155 3084 1226 impietatisque
3105 1171 3422 1213 mensuram

1850 1242 2099 1307 excedet,
2142 1242 2185 1296 si
2222 1241 2348 1311 quis
2394 1242 2542 1296 dicat
2593 1243 2962 1299 circumscribi
3005 1259 3130 1300 cum
3180 1248 3423 1301 circum-

1849 1334 2057 1403 scripto
2103 1348 2333 1402 corpore
2387 1333 2645 1399 Verbum,
2697 1349 2822 1390 cum
2873 1350 3066 1405 reapse
3123 1337 3427 1393 incircum-

1850 1424 2115 1494 scriptum
2164 1423 2399 1479 Verbum
2431 1423 2541 1479 sit?
2585 1423 2717 1477 Nam
2773 1423 2937 1478 simul
2987 1434 3204 1493 sumpta
3255 1422 3426 1480 fuisse

1848 1523 2065 1585 oportet
2090 1515 2255 1571 etiam
2307 1516 2590 1586 conjugata
2632 1531 2820 1570 eorum
2857 1531 2977 1585 qua:
2998 1528 3126 1571 sunt
3172 1516 3224 1571 in
3270 1532 3425 1587 qum-

1848 1608 2047 1663 stioue.
2071 1607 2316 1677 Cumque
2340 1608 2595 1662 omnibus
2621 1608 2782 1663 rebus
2807 1609 2875 1663 sit
2906 1622 3170 1677 praesens,
3190 1610 3415 1680 majoris

1850 1697 2143 1754 dementia:
2172 1697 2338 1753 fuerit
2363 1701 2709 1769 extremique
2737 1702 2912 1758 delirii
2938 1705 3142 1769 dicere,
3181 1703 3425 1774 separari

1848 1804 1878 1843 a
1912 1804 2140 1860 corpore
2167 1788 2429 1856 Verbum,
2457 1792 2502 1847 si
2529 1794 3002 1865 circumscriptum
3028 1794 3269 1867 (corpus)
3294 1811 3421 1852 esse

1850 1877 2168 1934 amr‘metur.
2219 1878 2352 1934 Nam
2397 1881 2443 1936 si
2477 1895 2510 1936 ι
2564 1882 2708 1936 nulla
2758 1900 2816 1938 re
2844 1888 3019 1950 abest,
3046 1894 3103 1941 et
3155 1901 3423 1957 nusquam

1850 1971 2027 2037 deest,
2057 1972 2250 2043 quidni
2303 1972 2486 2029 verius
2518 1974 2755 2037 dicatur,
2786 1975 2912 2030 illud
2943 1977 2997 2032 in
3033 1992 3263 2046 corpore
3294 1992 3425 2049 pro-

1850 2062 1971 2133 prio
1999 2062 2339 2133 bypostatice
2364 2062 2468 2117 sibi
2493 2063 2646 2117 unito
2671 2071 2728 2118 et
2749 2063 3168 2134 circumscripto
3198 2078 3419 2135 semper

1850 2151 2082 2207 adesse?
2129 2160 2187 2205 ut
2220 2151 2401 2216 simul,
2451 2161 2504 2206 ct
2554 2152 2852 2206 secundum
2906 2154 3071 2218 idem,
3126 2152 3417 2223 impiorum

1851 2244 2143 2312 utrubique
2168 2243 2407 2298 absurda
2438 2252 2493 2298 et
2520 2243 2709 2301 insana
2735 2254 3065 2315 coarguatur
3088 2244 3417 2314 pertinacia.

1850 2332 1983 2387 Nam
2033 2334 2081 2389 si
2132 2334 2388 2389 universa
2422 2345 2698 2401 creatura,
2730 2339 2815 2389 cui
2849 2349 3091 2405 praesens
3134 2345 3218 2391 est
3255 2336 3423 2390 incir-

1848 2428 2182 2497 cumscripte
2216 2425 2385 2493 Deus,
2426 2427 2897 2495 ineireumscripta
2930 2437 3102 2493 esset,
3136 2427 3344 2483 valeret
3369 2427 3420 2482 ei

1849 2520 2079 2575 fortasse
2102 2518 2305 2588 aliquid
2330 2519 2731 2589 argumentatio
2753 2533 2873 2576 sua.
2895 2518 2992 2573 Sin
3016 2529 3205 2574 contra
3233 2518 3418 2573 omnia

1849 2614 2264 2682 circumscripta
2292 2622 2441 2679 sunt,
2477 2628 2574 2667 cur
2607 2614 2721 2667 haec
2745 2612 3107 2668 iusulsissima
3133 2623 3189 2669 et
3222 2612 3416 2683 frigida

1849 2704 2129 2760 contentio
2163 2704 2241 2768 iit,
2274 2718 2395 2773 qum
2425 2718 2454 2757 a
2489 2702 2714 2773 proprio
2751 2711 2965 2757 tantum
2998 2718 3233 2774 corpore
3283 2702 3419 2757 Ver-

1850 2797 1976 2851 bum
2004 2797 2370 2851 exterminat?
2403 2794 2537 2850 Vere
2572 2794 2730 2851 telam
2765 2796 2952 2850 aranei
2994 2803 3297 2851 contexunt
3325 2795 3418 2866 qui

1853 2890 1954 2945 ista
1986 2891 2205 2960 sapiunt
2230 2898 2285 2944 et
2310 2888 2531 2944 dicunt!

1921 3077 2012 3132 42.
2066 3076 2163 3133 His
2196 3077 2269 3132 ita
2317 3076 2628 3148 disputatis,
2657 3077 2896 3147 reliquas
2927 3073 3206 3132 'sermonis
3241 3078 3412 3133 nostri

1851 3176 2032 3236 partes
2058 3182 2470 3237 persequamur.
2525 3167 2791 3233 Quoniam
2842 3181 2907 3219 cx
2941 3164 3257 3235 duplicitate
3287 3181 3421 3223 con-

212 3252 319 3312 εἷναι
365 3261 457 3315 τὸν
495 3261 763 3333 Χριστὸν,
810 3264 858 3316 εἰ
906 3263 1158 3317 ἐϐούλετο
1214 3266 1666 3339 σεσῶσθαιαύτῷ
1718 3268 1747 3322 ὃ

1853 3257 2036 3311 ﬂatum
2075 3257 2349 3314 Mamonas
2376 3257 2654 3313 Christum
2678 3255 2931 3323 atlirmat,
2962 3259 3006 3311 si
3037 3266 3185 3313 certe
3212 3257 3260 3311 ei
3287 3271 3419 3313 con-

213 3350 516 3423 περιθρυλλεῖ
541 3351 798 3423 εὔφημον
853 3355 949 3407 καὶ
1002 3354 1216 3425 κομψὸν
1272 3356 1374 3425 τῆς
1429 3357 1751 3429 διπλότητος

212 3437 346 3509 ὄνομα
366 3480 382 3505 ,
431 3442 822 3515 περιγραπτὸν
851 3444 993 3497 κατὰ
1032 3444 1132 3515 τὴν
1160 3445 1356 3515 ἑτέραν
1396 3448 1504 3500 τῶν
1534 3448 1751 3518 φύσεων

212 3530 449 3601 ὁμολογεῖν
493 3535 599 3589 τδν
634 3534 868 3605 Χριστὸν
916 3534 1051 3590 εδει.
1113 3537 1332 3609 Ἐπειδὴ
1382 3538 1440 3591 δὲ
1488 3539 1648 3593 τοῦτο
1686 3541 1747 3594 ού

211 3617 399 3690 δίδωσιν,
422 3623 739 3696 ἑξήπλωται
767 3625 919 3695 αύτῷ
947 3626 1006 3679 τὸ
1030 3628 1468 3696 συνεπτυγμένον
1495 3631 1588 3684 καὶ
1618 3631 1751 3685 θαυ-

214 3715 377 3777 μαστὸν
400 3715 887 3787 τῆςδοπλότητος·
922 3717 1018 3770 κει)⁸
1050 3719 1404 3788 γεγύμνωται
1430 3721 1532 3791 τῆς
1565 3723 1749 3777 διπλό-

211 3817 335 3869 meo;
366 3808 457 3861 τοῦ
476 3808 701 3879 τρόπου
747 3809 844 3862 καί
882 3809 992 3862 τῶν
1024 3811 1354 3884 πανούργων
1388 3813 1555 3866 αὐτοῦ
1586 3831 1746 3882 σοφι-

214 3898 413 3961 opima.
460 3899 703 3977 Τοιαύτη
748 3900 807 3953 δὲ
855 3902 888 3972 ἡ
917 3901 1210 3967 ἀλαζονεία
1234 3905 1328 3957 καὶ
1354 3904 1646 3974 φιλαυτία·⁹
1680 3907 1748 3962 τὰ

210 3989 321 4057 πέρα
347 3993 434 4048 τοῦ
466 3997 676 4067 μέτρου
726 3996 1146 4067 κενεμϐατοῦσα
1180 4001 1525 4071 περιαθρεϊν*
1572 3993 1647 4053 ὧν
1685 4001 1743 4055 δὲ

212 4076 380 4145 ἐφεῖται
403 4086 895 4159 διατεκμαίρεσθαι
929 4089 1024 4141 καὶ
1054 4088 1489 4154 διασκοπεῖσθαι,
1522 4091 1750 4163 διαμαρο

211 4174 352 4229 τὰνειν
384 4181 720 4252 περιφανῶς-
760 4181 960 4253 Ἐχρῆν
987 4182 1096 4254 γὰρ
1126 4183 1187 4247 ἐξ
1209 4177 1287 4239 ὧν
1326 4184 1489 4248 αὐτὸς
1525 4185 1742 4257 προῆγε

213 4259 371 4335 λόγων,
391 4273 785 4338 προαισθέσθαι
811 4291 874 4342 γε
896 4274 989 4327 καὶ
1013 4275 1278 4342 συνιέναι,
1310 4276 1393 4329 ὄτι
1425 4276 1574 4347 αὐτῷ
1603 4280 1748 4331 ἐκεῖ·

212 4350 280 4403 θεν
300 4359 609 4431 ἐκϐήσεται.
645 4362 743 4416 Ἐκ
766 4364 1084 4435 διπλότητος
1110 4365 1325 4432 δοξάζει
1350 4368 1444 4419 τὸν
1468 4369 1705 4439 Χριστόν
1728 4387 1743 4432 ;

215 4441 358 4521 Ταῦτῃ
388 4454 518 4521 γοῦν
558 4457 656 4508 καὶ
689 4455 943 4521 σύνθετος
978 4458 1133 4510 ἔσται
1172 4459 1412 4521 πάντως.
1447 4461 1510 4513 Ei
1541 4460 1651 4532 γὰρ
1684 4462 1745 4514 τὸ

214 4535 379 4595 ἁπλοῦν
414 4546 731 4610 ἀσύνθετον,
778 4548 841 4601 τὸ
884 4550 948 4601 ἐκ
984 4549 1306 4617 διπλότητος
1356 4549 1633 4605 σύνθετον.
1675 4552 1741 4605 Τί

1851 3362 2072 3402 servare
2117 3348 2228 3401 vult
2273 3363 2435 3417 quam
2483 3348 2735 3401 buccinat
2773 3347 3025 3419 inclytam
3054 3357 3111 3403 et
3136 3349 3412 3419 egregiam

1850 3438 2188 3507 duplicitatis
2276 3437 2731 3508 appellationem',
2814 3439 3287 3509 circumscriptum
3366 3439 3421 3494 in

1849 3530 2113 3585 alterutra
2138 3545 2202 3585 ex
2236 3531 2321 3585 his
2355 3529 2566 3584 naturis
2587 3530 2831 3584 conﬁteri
2859 3530 3142 3585 Christum
3175 3530 3420 3585 deberet.

1850 3623 1988 3690 Quia
2025 3638 2152 3677 vero
2187 3623 2237 3678 id
2293 3638 2399 3676 non
2429 3623 2702 3686 concedit.
2745 3621 3061 3677 dissolvitur
3100 3621 3151 3676 ei
3198 3637 3422 3692 compa-

1848 3726 1994 3769 ctum
2048 3715 2149 3770 hoc
2202 3723 2259 3769 et
2336 3714 2627 3769 miriﬁcum
2676 3714 3011 3785 duplicitatis
3066 3714 3420 3779 vocabulum,

1848 3803 2073 3873 ipsoque
2134 3803 2464 3872 duplicitatis
2518 3803 2752 3860 artiﬁcio
2800 3803 3121 3873 callidisque
3152 3804 3266 3858 suis
3331 3818 3422 3858 so-

1848 3895 2209 3965 pbismatibus
2236 3898 2562 3951 denudatur.
2594 3897 2687 3951 Est
2711 3906 2903 3959 autem.
2920 3896 3137 3967 superbi
3173 3896 3411 3951 hominis

1848 3987 2063 4059 sibique
2094 3988 2256 4043 nimis
2305 3988 2570 4059 placentis
2619 3988 2883 4057 oﬂicium,
2933 4004 3021 4045 res
3048 3990 3190 4045 ultra
3240 3997 3426 4060 aequos

1851 4077 1989 4133 lines
2027 4078 2231 4147 positas
2269 4092 2436 4133 aereo
2477 4078 2643 4132 veluti
2681 4094 2845 4134 cursu
2900 4079 3313 4150 pervestigare;
3351 4079 3420 4134 ab

1849 4169 1915 4223 iis
1965 4178 2144 4225 autem
2176 4183 2311 4238 quas
2348 4168 2395 4223 ei
2447 4169 2716 4239 dispicere
2767 4184 2831 4224 ac
2874 4171 3141 4240 speculari
3207 4170 3415 4231 liceret.

1848 4260 2133 4316 manifeste
2188 4262 2465 4316 aberrare.
2519 4260 2817 4331 Oportebat
2864 4264 3011 4317 enim
3061 4278 3127 4317 ex
3185 4264 3249 4319 iis
3301 4278 3423 4334 qum

1848 4363 2007 4408 antea
2039 4353 2193 4417 dixit,
2230 4355 2546 4422 praesentire
2581 4362 2742 4423 atque
2782 4354 3105 4425 intelligere,
3137 4356 3267 4425 quid
3310 4357 3416 4411 sibi

1847 4444 2089 4499 indidem
2122 4444 2261 4499 foret
2287 4445 2673 4500 obventurum.
2706 4444 2787 4498 Ex
2818 4446 3133 4515 duplicitate
3162 4457 3417 4501 constare

1847 4536 2123 4591 Christum
2153 4534 2382 4592 censet?
2416 4535 2710 4606 Propterea
2759 4538 2926 4606 igitur
2979 4548 3032 4593 et
3087 4542 3418 4609 compositus

214 4620 282 4677 οὖν
308 4630 361 4683 τὸ
399 4636 860 4705 περιιστάμενον;
902 4639 963 4691 Εἰ
999 4640 1418 4708 ἀπερίγραπτον
1456 4642 1516 4693 τὸ
1562 4641 1739 4708 θεῖον,

1849 4631 2073 4686 omnino
2107 4630 2231 4684 erit.
2261 4630 2394 4683 Nam
2432 4629 2479 4684 si
2506 4646 2591 4684 res
2620 4629 2855 4699 simplex
2906 4640 2988 4685 est
3022 4632 3379 4702 incomposita
3409 4652 3423 4697 ;

215 4711 311 4773 διότι
342 4725 542 4781 ἁπλοῦν
579 4730 671 4781 καὶ
709 4728 1027 4794 ἀσύνθετον,
1074 4731 1137 4783 τὸ
1184 4732 1249 4784 ὲκ
1280 4730 1600 4801 διπλότητος
1645 4735 1742 4787 καὶ
1780 4738 1785 4743 ’

218 4808 443 4897 ῗᾶνθετον,
476 4821 533 4874 τί
565 4820 751 4888 Eatur;
786 4823 1029 4893 Ἔφησεν
1056 4823 1122 4877 ἂν
1152 4825 1371 4888 πάντως
1394 4827 1489 4879 καὶ
1521 4826 1596 4897 μὴ
1620 4826 1745 4897 βου·

216 4896 394 4989 ξάμενος
424 4913 804 4984 περιγραπτόν
829 4930 845 4947 ·
876 4914 1052 4977 ἄλλως
1082 4932 1142 4968 τε
1167 4915 1223 4968 δὲ
1252 4916 1393 4988 αὐτὴ
1424 4918 1456 4987 ἡ
1488 4896 1593 4989 τῆς
1616 4896 1743 4973 συν-

219 4986 371 5058 θέσεως
394 5000 594 5067 ἔννοια,
620 5003 718 5075 τὴν
746 5006 1098 5077 περιγραφὴν
1121 5009 1255 5078 ἡμῖν
1278 5009 1341 5061 ὲκ
1372 4986 1574 5073 παντὸς
1605 5012 1741 5065 ὐπο-

216 5079 400 5167 τίθεται.
448 5089 637 5155 Οὕτως
685 5094 961 5164 πανταχοῦ
1004 5095 1100 5147 καὶ
1146 5094 1225 5165 τῷ
1277 5095 1424 5166 ὀρθῷ
1472 5094 1614 5167 λόγῳ
1649 5099 1743 5151 καὶ

218 5165 351 5245 ἐαυτῷ
373 5178 792 5252 ἀπομαχόμενος
819 5186 1117 5239 δείκνυται.
1146 5185 1257 5238 Καὶ
1280 5165 1452 5240 ταῦτα
1482 5165 1742 5258 μὲν-πρὸς

216 5257 309 5349 τοὺς
341 5267 544 5323 ἐκείνου
591 5262 797 5341 λόγουξ
818 5276 1076 5346 λελέχθω.
1134 5278 1293 5330 Δοκεί
1339 5277 1444 5349 γὰρ
1485 5257 1740 5348 κατειλη-

220 5347 340 5410 Vivat
370 5359 428 5411 τὸ
478 5363 716 5433 Χριστοῦ
780 5369 1108 5437 μυστήριον,
1158 5367 1296 5438 μηδὲ
1345 5347 1423 5420 τὰ*
1464 5370 1523 5422 ἐν
1575 5347 1737 5423 ποσίν
1784 5374 1799 5379 “

419 5450 651 5521 βλέπων.
687 5459 956 5526 Καθάπαξ
994 5461 1104 5531 γὰρ
1139 5462 1238 5530 τῆς
1265 5461 1482 5526 εὐθείας
1507 5464 1599 5516 καὶ
1640 5464 1740 5533 βα-

219 5532 392 5609 σιλικῆς
417 5547 787 5616 ἀπονενευκὼς
832 5554 1024 5623 τρίϐου
1048 5594 1062 5616 ,
1094 5555 1187 5606 ἐπὶ
1230 5556 1357 5618 τοὺς
1388 5555 1472 5624 ἐφ’
1502 5557 1740 5631 ἑκάτεροὶ

219 5635 306 5690 πως
327 5634 745 5707 ἁποκεκλικότας
772 5646 1056 5717 κρημνοὺς
1087 5647 1247 5701 ἵεται.

276 5762 315 5795 ⁸⁸
343 5765 485 5827 Joan.
518 5791 575 5840 χ,
623 5777 713 5834 '58.

1848 4726 1989 4797 quod
2045 4742 2108 4779 ex
2175 4725 2493 4794 duplicitate
2546 4726 2849 4795 consurgit,
2900 4726 3261 4796 compositum
3314 4739 3418 4783 est.

1848 4819 1986 4885 Quid
2006 4832 2136 4888 ergo
2164 4817 2450 4886 sequitur?
2497 4817 2552 4870 Si
2592 4817 3059 4887 iucircumscripta
3102 4830 3185 4872 est
3220 4820 3418 4885 deitas,

1848 4910 1973 4981 quia
2017 4910 2249 4980 simplex
2280 4920 2337 4964 et
2373 4910 2761 4978 incomposita;
2790 4911 2933 4980 quod
2981 4924 3046 4963 es
3105 4911 3420 4977 duplicitate

1848 5002 2207 5071 compositum
2255 5013 2374 5067 est,
2424 5000 2552 5070 quid
2620 5001 2850 5056 demum.
2899 5001 3006 5074 57
3066 5004 3217 5060 erit?
3264 5003 3420 5059 Dicet

1849 5095 2069 5150 omnino
2090 5094 2174 5150 vel
2203 5094 2430 5160 invitus,
2465 5094 2518 5149 id
2568 5109 2690 5150 esse
2728 5094 3226 5165 circumscriptum.
3280 5095 3423 5149 Alio-

1850 5189 1981 5258 quin
2015 5188 2129 5257 ipsa
2186 5188 2351 5242 etiam
2403 5188 2819 5257 compositionis
2868 5189 3020 5242 notio
3067 5186 3419 5241 circumscri-

1847 5282 2083 5351 ptionem
2126 5280 2281 5334 nobis
2311 5294 2533 5347 prorsus
2573 5289 2949 5348 repraesentat.
2991 5281 3080 5333 Sic
3103 5292 3412 5347 usquequa-

1850 5390 1955 5444 que
1981 5384 2035 5429 et
2062 5383 2223 5429 recta:
2244 5374 2504 5428 doctrinae
2526 5382 2577 5427 et
2602 5373 2701 5442 ipsi
2741 5373 2845 5427 sibi
2877 5386 3175 5443 repugnare
3208 5384 3406 5437 cogno-

1850 5466 2040 5519 scitur.
2084 5464 2262 5533 Atque
2291 5464 2405 5517 bzec
2431 5464 2690 5516 adversus
2740 5462 2909 5531 ipsius
2960 5476 3239 5516 sermones
3276 5460 3418 5515 dicta

1849 5567 2009 5613 sunto
2038 5556 2189 5627 \(57).
2234 5553 2458 5610 Videtur
2507 5555 2651 5607 enim
2723 5555 2769 5609 is
2813 5554 3017 5609 Christi
3099 5553 3418 5622 mysterium

1847 5652 2063 5722 assequi
2102 5656 2284 5704 mente
2329 5663 2605 5720 sperasse,
2644 5646 2736 5717 qui
2788 5660 2852 5700 ne
2902 5645 2988 5698 illa
3032 5645 3250 5714 quidem
3297 5660 3420 5715 quan

279 5874 369 5950 (δῖ)
395 5881 464 5939 De
486 5887 892 5964 circumscripto
919 5904 972 5950 et
1054 5896 1519 5970 incircumscripto
1559 5900 1644 5955 diu
1686 5902 1920 5973 loquitur
1953 5904 2112 5958 etiam
2145 5903 2461 5957 Theodorus
2531 5900 2740 5955 Szudita
2800 5901 2851 5955 in
2909 5901 3022 5969 pati
3051 5917 3215 5971 opere
3267 5902 3415 5958 edito
