4086 6344
539 474 643 538 907

1569 484 1628 544 S.
1667 484 2083 546 NICEPHOBI
2122 486 2628 553 PATRIARCHAS
2667 486 2773 543 ΟΡ.

3697 482 3801 545 308

540 596 667 640 ante
702 586 864 654 pedes
909 595 1036 643 sunt
1090 587 1240 643 novit
1284 595 1378 643 aut
1412 584 1589 645 videt;
1625 591 1802 648 Semel
1852 595 2052 664 quippe
2121 609 2148 645 a
2194 603 2339 649 recta
2395 593 2647 662 regiaque
2695 594 2778 645 via
2843 591 3055 657 devius,
3126 593 3189 644 ad
3243 592 3469 648 declivia
3524 591 3798 660 utrimque

541 678 841 747 praecipitia
880 678 1143 736 defertur.

615 769 741 821 Vult
771 784 898 841 ergo
926 770 1201 824 auditores
1234 785 1367 825 suos
1396 773 1660 828 orationis
1692 776 1741 829 vi
1783 776 2111 845 compulsos,

2292 775 2553 829 Βούλεται
2589 772 2682 830 οῦν
2715 778 2841 840 τοῦς
2874 775 3259 847 ἀκροωμένους
3284 774 3393 827 ὑπὸ
3423 773 3523 843 τῆς
3550 774 3802 845 ἀνάγκης

543 875 606 912 οι
639 859 850 915 duabus
884 876 1044 915 unam
1078 869 1378 930 praeoptare
1426 865 1776 918 sententiam.
1821 866 1929 918 Aut
1972 867 2115 917 en‘m

543 950 822 1005 Christum
851 954 1157 1021 pingentes,
1190 952 1242 1006 in
1273 952 1468 1022 duplex
1504 963 1560 1008 ut
1594 956 1807 1011 videtur
1838 965 2117 1025 peccatum

545 1044 858 1097 necessario
894 1044 1213 1113 incurrent;
1261 1060 1451 1115 nempe
1485 1046 1567 1100 vel
1627 1046 1783 1101 simul
1817 1062 1941 1102 eum
1984 1047 2121 1100 ima-

544 1135 669 1197 gine
698 1134 953 1189 deitatem
984 1135 1459 1199 circumscribent.
1496 1147 1715 1207 propter
1746 1139 1958 1193 unicam
1994 1155 2117 1208 per-

546 1242 733 1278 sonam
761 1241 881 1296 qua:
904 1242 967 1282 ex
998 1227 1314 1296 duplicitate
1350 1229 1429 1296 fit,
1455 1238 1514 1283 ut
1545 1231 1619 1283 ait
1665 1250 1677 1283 :
1717 1230 1799 1284 vel
1826 1231 2119 1299 simplicem

548 1316 923 1370 tantummodo
960 1317 1542 1372 hominem-Christum
1579 1321 1898 1387 reputabunt
1921 1361 1936 1387 ,
1962 1331 2011 1375 et
2046 1322 2122 1374 sic

546 1406 781 1467 Nestorii
811 1409 1049 1463 vesania:
1076 1411 1440 1477 consentient.
1469 1411 1575 1465 Ant
1606 1412 1649 1465 si
1675 1411 1786 1467 lucc
1814 1412 1984 1466 vitare
2008 1421 2124 1465 stu—

548 1500 700 1561 dent,
736 1500 958 1554 omnino
993 1501 1272 1556 Christum
1305 1502 1531 1571 pingere
1564 1511 1819 1566 caveant;
1862 1512 2023 1571 atque
2051 1506 2123 1556 ita

550 1592 603 1643 iu
648 1605 872 1660 pravum
923 1591 1190 1647 Mamunte
1237 1594 1433 1667 dogma
1476 1593 1787 1658 incurrent,
1830 1594 1881 1647 id
1932 1604 2015 1647 est
2069 1594 2121 1646 in

551 1684 884 1747 tuntrariam
920 1685 1419 1753 phantasiastarnm
1464 1696 1670 1740 sectam
1695 1725 1711 1751 ,
1745 1687 1857 1756 qui-
1884 1685 2125 1740 funditus

550 1773 787 1828 veritate
813 1775 1167 1840 exciderunt;
1198 1776 1285 1830 cui
1320 1785 1498 1831 tamen
1538 1778 1653 1845 ipse
1684 1789 1844 1831 secta:
1874 1793 1978 1849 non
2007 1779 2125 1831 sine

550 1866 779 1917 nrdente
831 1866 1012 1919 studio
1058 1865 1325 1931 adhaeret;
1374 1867 1642 1935 siquidem
1693 1882 1760 1921 ex
1814 1864 2126 1936 duplicita'e

550 1954 767 2021 quidem
798 1953 1052 2023 afﬁrmat,
1080 1956 1130 2008 iu
1151 1954 1469 2025 duplicitate
1497 1965 1699 2018 tamen,
1729 1955 1779 2008 id
1806 1965 1886 2010 est
1912 1955 1962 2009 in
1995 1957 2127 2008 dua-

552 2045 654 2099 lsus
681 2044 916 2109 naturis,
941 2044 1218 2099 Christum
1243 2045 1514 2100 exsistere
1542 2060 1766 2112 prorsus
1800 2056 1959 2114 negat
1987 2046 2119 2116 (38).

2220 865 2327 918 τῶν
2358 866 2532 933 λόγων
2572 868 2870 937 ἠγμένους,
2914 868 3061 920 δυοῖν
3094 866 3313 920 ἑλέσθαι
3359 867 3419 919 τὸ
3464 867 3678 938 ἓτερον.
3728 869 3800 922 ’Π

2219 958 2327 1028 γὰρ
2365 958 2680 1028 γράφοντας
2726 959 2817 1012 τὸν
2856 959 3113 1029 Χριστὸν.
3162 959 3582 1029 ἀναγκασθῆναι
3626 961 3801 1032 διπλῷ

2218 1049 2296 1119 τῷ
2334 1050 2575 1103 δοκοῦντι
2607 1053 2925 1121 περιπεσεῖν
2951 1052 3330 1122 ἁμαρτήματιο
3360 1052 3481 1121 ἦτοι
3528 1069 3799 1122 συμπερι·

2221 1142 2453 1211 γράφειν
2481 1142 2541 1193 τὸ
2580 1140 2734 1193 Θεῖον
2780 1144 2846 1212 τῇ
2892 1132 3097 1201 εἰκόνι,
3131 1140 3221 1193 διὰ
3270 1140 3331 1192 τὸ
3377 1139 3436 1192 ἓν
3484 1141 3797 1211 πρόσωπον,

2220 1232 2355 1301 ὅπερ
2403 1233 2467 1284 ἐκ
2501 1232 2853 1300 ὁιπλότητος,
2904 1233 2980 1297 ὥς
3027 1250 3211 1302 φησιν,
3261 1232 3429 1285 ἐστίν·
3485 1231 3605 1303 ἦτοι
3648 1227 3802 1301 datle

2225 1321 2384 1390 μόνον
2414 1321 2702 1387 ἄνθρωπον
2725 1322 2963 1374 νοεῖσθαι
2986 1322 3076 1374 τὸν
3103 1321 3359 1391 Χριστὸν,
3391 1320 3484 1375 καὶ
3511 1324 3577 1392 τῇ
3600 1321 3803 1375 Νεστο-

2227 1410 2340 1478 ρίου
2368 1410 2743 1481 συμφέρεσθαι
2771 1411 3191 1482 φρενοϐλαϐείᾳ.
3228 1413 3298 1465 Ἢ
3321 1411 3496 1464 ταῦτα
3518 1411 3803 1480 διαφυγεῖν

2224 1499 2604 1570 αἱρουμένους,
2640 1502 2714 1571 μὴ
2751 1505 2986 1573 γράφειν
3024 1503 3209 1565 αὐτὸν,
3242 1502 3328 1556 ἵνα
3358 1505 3423 1571 τῇ
3458 1501 3670 1556 ἐκείνου
3705 1520 3803 1556 καο

2224 1594 2442 1664 κοδοξίᾳ
2469 1594 2842 1665 περιπέσοιεν·
2876 1595 3073 1647 ταύτὸν
3097 1594 3153 1647 δὲ
3174 1596 3368 1656 εἰπεῖν,
3392 1597 3457 1664 τῇ
3491 1593 3803 1663 φαντασιώσ

2223 1686 2300 1739 δει
2333 1687 2425 1738 κει)⁸
2459 1686 2737 1752 ἀντιπάλῳ
2767 1687 2951 1758 μοίρᾳ,
2986 1686 3095 1738 τῶν
3116 1689 3178 1738 ὲκ
3205 1686 3498 1756 διαμέτρου
3529 1686 3671 1752 λέγω
3700 1685 3801 1754 τῆς

2226 1777 2485 1845 ἀληθείας
2516 1778 2967 1847 ἁποσφαλέντων,
3105 1778 3226 1841 ὅλος
3275 1776 3496 1849 θερμῶς
3547 1778 3801 1845 περιεχό-

2230 1886 2389 1935 μενος
2425 1869 2655 1937 γίνεται,
2688 1869 2749 1921 τὸ
2783 1869 2881 1937 μὲν
2903 1871 2966 1922 ἐκ
2994 1869 3315 1937 διπλὸτητος
3342 1868 3540 1935 λέγων,
3570 1867 3631 1920 τὸ
3653 1867 3709 1920 δὲ
3744 1870 3804 1920 ὲν

2227 1959 2525 2028 summa.
2568 1961 2739 2030 ἤγουν
2766 1961 2825 2012 ἐν
2856 1960 2980 2012 δυσὶ
3008 1960 3202 2027 φύσεσι
3243 1961 3333 2013 τὶν
3362 1959 3598 2029 Χριστὸν
3625 1953 3765 2011 εἶναι
3787 2001 3802 2019 ,

2230 2052 2506 2119 πανταχοῦ
2541 2038 2992 2121 παραιτούμενος.
3029 2052 3137 2103 Καὶ
3176 2050 3348 2113 οῦτως
3379 2049 3437 2115 ἐξ
3467 2048 3583 2111 ἑνός
3619 2065 3680 2115 γε
3709 2046 3803 2099 τοῦ

550 2135 731 2202 Atque
770 2134 844 2189 ita
903 2151 1011 2190 uno
1045 2136 1236 2189 saltem
1292 2137 1450 2191 modo
1488 2137 1685 2191 divina:
1736 2137 2129 2190 incarnationis

2237 2142 2428 2209 τρόπου
2452 2143 2479 2193 ὁ
2500 2144 2597 2209 τῆς
2622 2141 2773 2204 θείας
2801 2142 3129 2210 σαρκώσεως
3156 2140 3604 2210 παραϐλάπτοιτο
3624 2137 3803 2205 λόγος.

553 2226 797 2279 doctrina
848 2228 1238 2295 corrumpitur.
1286 2228 1525 2294 Quorum
1581 2229 1861 2282 hominum
1917 2228 2127 2298 fugiens

553 2315 916 2383 absurditates
939 2315 1207 2386 Ecclesia,
1237 2329 1292 2372 et
1317 2318 1369 2371 in
1398 2318 1709 2372 alterutram
1747 2327 1953 2387 partem
1981 2320 2129 2371 clau-

554 2409 737 2461 dicare
777 2409 1037 2464 divinitus
1067 2410 1261 2473 vitans,
1297 2409 1636 2478 mediamque
1668 2420 1722 2465 et
1753 2421 1954 2465 rectam
1987 2412 2127 2464 viam

557 2514 784 2564 tenens,
814 2503 903 2555 ttni
935 2502 1179 2557 adhaeret
1212 2503 1460 2567 veritati,
1502 2502 1804 2557 orthodoxe
1846 2502 2128 2572 religiose-

554 2607 661 2653 que
690 2591 892 2645 Christi
922 2593 1282 2647 oeconomiam
1305 2595 1570 2647 confitens
1595 2603 1755 2662 atque
1776 2594 2126 2662 amplectens.

556 2679 675 2735 Jam
711 2698 842 2737 vero
872 2684 963 2751 qui
990 2683 1081 2735 illa
1114 2684 1466 2754 dogmatizat,
1504 2684 1642 2738 idem
1670 2686 1950 2739 evidenter
1978 2685 2129 2748 facit,

562 2788 627 2826 ac
662 2772 705 2827 si
740 2774 860 2841 quis
893 2789 960 2827 ex
995 2788 1182 2838 aureo,
1219 2774 1369 2826 verbi
1406 2774 1575 2839 gratia
1599 2814 1613 2835 ,
1652 2774 1833 2842 sigillo
1866 2774 2046 2840 plures
2078 2775 2130 2827 itt

562 2881 683 2921 erro
717 2866 1103 2933 impressiones
1124 2868 1345 2922 effectus
1376 2867 1584 2927 videns,
1608 2882 1728 2920 mox
1758 2867 2130 2929 contenderet,

469 2962 474 2966 '
559 2958 643 3011 vel
694 2972 887 3010 aurum
937 2973 1075 3012 certe
1122 2969 1438 3012 concretum
1487 2973 1606 3011 esse
1649 2967 1704 3011 et
1742 2960 2088 3011 commistum
2117 3001 2131 3022 ,

562 3051 690 3104 dum
733 3050 1082 3117 eharagmata
1113 3051 1483 3117 exprimeret;
1517 3050 1598 3102 vel
1632 3050 1853 3103 omnino
1888 3050 2130 3105 incusant

559 3141 616 3195 in
659 3142 836 3211 sigillo
875 3142 1200 3213 scripturam
1255 3143 1323 3196 ab
1364 3141 1455 3195 illo
1507 3142 1671 3197 dividi
1734 3158 1796 3197 ac
1831 3143 2133 3212 dispertiri.

562 3230 659 3288 Vel
694 3236 736 3288 si
781 3234 903 3303 quis
941 3235 1116 3303 ignem
1164 3233 1452 3306 figuratum
1491 3234 1760 3303 aspiciens
1784 3276 1799 3301 ,
1834 3234 2135 3301 cujusmudi

562 3341 705 3394 saepe
756 3326 1003 3380 videmus
1039 3335 1184 3378 rotas
1228 3326 1490 3396 quasdam
1544 3328 1732 3395 igneas
1771 3327 2136 3394 ardentesque

2230 2224 2441 2299 ’Ὣνπερ
2487 2233 2519 2300 ἠ
2560 2232 2855 2299 Ἐκκλησία
2882 2232 3220 2301 διαφυγοῦσα
3248 2231 3316 2284 τὰ
3345 2232 3521 2285 ἄτοπα
3544 2270 3560 2294 ,
3590 2228 3685 2283 καὶ
3708 2229 3808 2298 τὴν

2230 2322 2321 2373 ἐπὶ
2347 2322 2548 2391 θάτερα
2590 2320 2913 2393 θεοπρεπῶς
2942 2322 3306 2393 παρατροπὴν
3338 2320 3635 2374 ὲκκλίνασα
3658 2360 3672 2385 ,
3710 2318 3808 2372 καὶ

2230 2415 2328 2482 τὴν
2362 2417 2532 2484 μέσην
2561 2413 2752 2485 ῶσπερ
2795 2416 2887 2467 καὶ
2933 2416 3052 2467 κατ’
3086 2414 3216 2466 εὐθὺ
3262 2413 3417 2466 ἰοῦσα
3455 2413 3593 2475 ὁδὸν,
3640 2413 3808 2483 μόνης

2231 2504 2414 2575 ἔχεται
2444 2505 2544 2574 τῆς
2593 2505 2886 2575 ἀληθείας,
2935 2505 3231 2576 ὀρθοδόξως
3281 2504 3377 2557 καὶ
3421 2502 3664 2567 εὐσεϐῶς
3708 2502 3809 2572 τὴν

2234 2595 2375 2649 κατὰ
2424 2596 2658 2666 Χριστὸν
2713 2596 3031 2665 οἰκονομίαν
3061 2597 3402 2666 ὁμολογοῦσα
3431 2613 3489 2650 τε
3525 2596 3620 2650 καὶ
3651 2611 3808 2665 περιρ

2236 2692 2462 2741 ἐπουσα.
2483 2688 2649 2742 Ἀλλὰ,
2683 2689 2854 2742 ταῦτα
2885 2690 3232 2757 δογματίζων
3260 2689 3418 2757 δῆλός
3446 2690 3594 2741 ἐστιν
3621 2688 3811 2756 ὅμοιόν

2235 2800 2286 2834 τι
2314 2781 2500 2844 ποιῶν,
2530 2780 2603 2843 ὡς
2637 2782 2690 2834 εἴ
2720 2799 2803 2845 τις
2855 2781 2977 2835 ἰδὼν
3004 2781 3274 2851 δακτυλίῳ
3303 2780 3491 2850 χρυσῷ
3512 2820 3528 2844 ,
3564 2779 3698 2851 φέρε
3728 2780 3807 2833 ει-

2238 2876 2382 2935 πεῖν,
2433 2874 2893 2944 ὲκσςρραγίσματα
2939 2871 3160 2924 πλείονα
3197 2874 3255 2924 ὲν
3299 2871 3455 2941 κηρῷ
3498 2868 3807 2923 ἀποτυποῦ-

2241 2983 2379 3035 μενα
2410 3006 2425 3030 ,
2460 2967 2708 3019 ἐνίστατο
2741 2964 2937 3030 λέγων,
2973 2964 3004 3032 ἦ
3041 2964 3131 3016 τὸν
3163 2964 3365 3033 χρυσον
3394 2963 3472 3032 τῷ
3497 2961 3651 3033 κηρῷ
3678 2977 3811 3017 συν-

2237 3054 2647 3124 ανακεκρᾶσθαι
2675 3056 2768 3106 καὶ
2790 3054 3262 3125 συναναμεμίχθαι
3303 3052 3815 3123 ὲναποματτόμενον

2238 3148 2306 3199 τὰ
2354 3148 2706 3216 χαράγματα,
2754 3146 2785 3216 ἣ
2834 3148 3050 3210 πάντως
3080 3164 3140 3216 γε
3185 3146 3281 3217 τὴν
3324 3143 3812 3216 ἐγκεχαραγμένην

2239 3240 2297 3291 ἐν
2335 3238 2413 3308 τῷ
2454 3238 2724 3308 δακτυλίῳ
2772 3238 2986 3309 γραφὴν
3029 3237 3335 3290 διίστασθαι
3387 3237 3483 3291 ἀπ’
3522 3237 3688 3290 αὐτοῦ
3716 3237 3811 3289 καὶ

2243 3329 2583 3400 μερίζεσθαι.
2621 3330 2690 3382 Ἦ
2722 3330 2796 3392 ὡς
2823 3329 2887 3383 ἄν
2914 3346 2995 3393 τις
3024 3330 3085 3381 τὺ
3119 3328 3230 3397 πῦρ
3254 3328 3652 3399 εἰκονιζόμενον
3684 3328 3812 3381 θεά-

561 3414 812 3470 flammas
862 3432 963 3470 una
1012 3432 1135 3470 cum
1190 3416 1502 3470 cheruhiuis
1557 3417 1764 3484 pictas,
1803 3431 1905 3485 qua
1962 3416 2134 3469 forma

2243 3438 2415 3484 σοιτο,
2450 3420 2591 3473 καθὰ
2636 3421 2896 3484 πολλάκις
2926 3421 3146 3491 ὁρῶμεν
3177 3420 3405 3489 τροχούς
3427 3436 3581 3483 τινας
3624 3418 3812 3490 πυρώ-

565 3508 802 3574 theologi
841 3508 1157 3577 angelorum
1205 3507 1574 3574 apparitiones
1606 3508 1897 3573 viderunt;
1946 3508 2013 3567 is.
2052 3508 2138 3561 in—

564 3613 751 3665 quam,
781 3597 997 3668 igneum
1023 3611 1238 3667 quoque
1261 3598 1492 3650 calorem
1523 3597 1595 3650 ibi
1623 3612 1851 3666 prorsus
1880 3614 2002 3650 cum
2031 3612 2139 3648 tua-

566 3690 703 3743 teria
764 3690 1235 3758 circumscriptum
1307 3688 1686 3751 existimaret,
1738 3699 1834 3743 aut
1900 3689 2137 3756 separari

568 3785 746 3852 ignem
778 3798 809 3837 a
833 3798 928 3837 sua
957 3781 1175 3849 propria
1205 3780 1665 3845 substantiaiique
1691 3780 1951 3848 qualitate
1980 3797 2141 3851 prop-

568 3886 650 3925 ter
680 3873 1083 3941 figurationem.
1119 3871 1274 3926 Sicut
1302 3887 1432 3942 ergo
1466 3873 1538 3925 ita
1583 3872 1797 3941 opinari
1833 3886 1896 3925 ac
1930 3871 2137 3935 dicere,

566 3965 791 4017 stultum
824 3971 910 4017 est
948 3973 1110 4031 atque
1150 3962 1507 4031 impossibile,
1543 3963 1614 4015 ita
1667 3962 1798 4016 illud
1834 3960 2054 4016 stultius
2089 3970 2142 4014 et

568 4056 981 4127 impossibilius.
1024 4056 1165 4108 Sunt
1197 4054 1340 4108 enim
1376 4054 1457 4107 hae
1494 4052 1625 4107 fatui
1674 4054 2004 4122 attonitique
2055 4055 2142 4107 in-

567 4149 710 4215 ponii
740 4148 1202 4218 despumationes.
1242 4145 1377 4199 Nam
1416 4146 1460 4199 si
1496 4146 1749 4214 prmdicta
1791 4146 1928 4199 nihil
1965 4147 2017 4199 in
2047 4162 2141 4197 sua

570 4252 764 4295 natura
808 4242 1120 4311 patiuntur,
1167 4237 1437 4307 quomodo
1484 4237 1901 4304 supernaturale
1934 4250 1987 4291 et
2041 4240 2144 4293 im-

570 4333 828 4401 passibile
858 4332 1090 4386 Verbum
1155 4341 1251 4384 aut.
1275 4329 1756 4383 circumscribctur
1779 4345 1898 4382 cum
1929 4330 2142 4396 propria

570 4440 758 4485 carne,
786 4432 878 4478 aut
907 4423 953 4476 si
984 4425 1095 4476 haec
1125 4422 1399 4490 piugatur,
1437 4420 1613 4488 ipsum
1653 4420 1720 4472 ab
1749 4435 1810 4472 ea
1845 4420 2142 4482 dividetur,

572 4528 661 4570 aut
690 4516 835 4569 aliud
870 4511 1177 4581 ltujusmodi
1215 4510 1580 4580 perpetietur?
1614 4510 2045 4589 quandoquidem
2082 4528 2147 4567 ue

575 4610 628 4660 iu
663 4606 1011 4661 sanctissima
1029 4603 1245 4673 quidem
1270 4618 1434 4656 carne
1462 4618 1579 4665 sua,
1605 4602 1689 4657 cui
1716 4603 2148 4657 substantialitcr

575 4698 790 4752 unitum
824 4704 930 4760 est,
970 4694 1443 4761 circumscriptum
1482 4692 1580 4746 fuit
1625 4693 1760 4764 (59).
1795 4693 1971 4762 Atqui
2006 4695 2147 4748 hunc

576 4790 876 4860 sapientem
918 4787 1058 4841 scire
1092 4785 1375 4858 oportebat
1413 4794 1467 4838 et
1519 4784 1766 4849 credere,
1808 4782 2147 4839 Chrisuauo-

578 4895 697 4931 rmu
758 4876 1099 4945 dogmatibus
1145 4876 1569 4940 obsequentem,
1626 4872 1869 4925 divinum
1912 4870 2145 4925 Verbum

575 4985 699 5025 cum
735 4984 908 5037 genus
932 4976 1173 5021 nostrum
1207 4965 1478 5020 redimere
1516 4957 1613 5033 pér
1658 4980 1813 5017 suum
1856 4963 2147 5018 salutarem

576 5063 870 5113 adventum
903 5058 1095 5121 voluit,
1130 5072 1251 5111 cum
1279 5055 1560 5127 hypostasi
1591 5070 1685 5107 sua
1711 5070 1905 5109 arcane
1927 5063 1980 5107 et
2012 5055 2153 5109 incf-

576 5152 814 5206 lahiliter
845 5158 1012 5205 totam
1049 5149 1142 5202 toti
1177 5148 1280 5202 sibi
1315 5148 1456 5201 hanc
1481 5147 1945 5214 circumscriptam
1978 5147 2151 5199 linea-

580 5244 794 5313 iemque
829 5252 1070 5296 nostram
1101 5254 1166 5293 ac
1203 5239 1485 5309 figuratam
1521 5248 1781 5301 naturain
1800 5238 2148 5299 adttnavisse,

581 5347 700 5402 qua:
729 5334 894 5388 etiam
930 5338 1052 5401 post
1088 5330 1516 5400 assumptiouem
1552 5329 1967 5395 circumscripta
2006 5338 2059 5381 et
2088 5329 2149 5379 li-

586 5427 752 5480 .zealis
787 5434 1044 5495 perpetuo
1076 5433 1450 5478 conservatur.
1482 5422 1618 5474 Nam
1651 5422 1749 5476 nisi
1788 5423 1886 5475 hoc
1917 5422 2154 5495 Cit‘Ctlttl—

594 5518 843 5588 'eriptutn
877 5532 1078 5585 corpus
1117 5524 1453 5586 assumptum
1489 5513 1700 5578 fuisset,
1733 5528 1835 5564 non
1868 5521 2009 5565 esset
2040 5488 2147 5565 sar-

584 5672 850 5722 adversus
919 5666 1323 5720 lconomachos.
1366 5661 1476 5718 Nos
1523 5678 1649 5718 vero
1701 5664 1966 5729 laetamur,
2012 5669 2153 5733 quod

590 5738 750 5806 hujus
785 5753 1001 5805 quoque
1051 5736 1441 5804 sapientissimi
1483 5735 1661 5806 piiqne
1722 5737 1966 5788 auctoris
1996 5753 2150 5806 Διιονιι

586 5804 1026 5874 ειιίιμιοιίδοιιψιο
1058 5808 1109 5859 in
1142 5806 1224 5877 his
1255 5806 1454 5858 nostris
1484 5804 1850 5858 volutuinilms
1889 5804 2151 5873 prolatnri

588 5889 796 5940 sumus.

2241 3515 2374 3578 δεις,
2404 3514 2496 3566 καὶ
2542 3512 2745 3582 φλόγας
2777 3513 2946 3583 πυρὸς
2992 3512 3377 3582 ἁναπτομένας
3397 3551 3413 3572 ,
3446 3513 3541 3565 καὶ
3578 3512 3691 3573 τοῖς
3721 3525 3812 3580 χε-

2244 3604 2443 3675 ρουϐὶμ
2470 3604 3033 3675 συνδιαγραφομένα;’
3059 3605 3179 3659 καθ’
3211 3604 3277 3666 ἃς
3300 3607 3348 3657 οἱ
3378 3604 3621 3671 θεολόγοι
3647 3605 3812 3671 ἅγγε-

2242 3694 2527 3764 λοφανείας
2568 3690 2727 3759 εἶδον,
2769 3696 2986 3759 πάντως
3019 3697 3113 3748 καὶ
3142 3697 3242 3766 τὴν
3284 3696 3550 3766 ἐμπόριον
3599 3709 3812 3764 συμπε-

2247 3788 2611 3860 ριγεγράφθαι
2644 3790 2708 3858 τῇ
2739 3787 2842 3862 ὕλῃ
2864 3788 3003 3853 δόξει
3034 3788 3345 3858 θερμότητα
3371 3828 3385 3849 ,
3418 3787 3449 3857 ἢ
3480 3768 3829 3857 κεχωρίσθαι

2242 3879 2302 3931 τὸ
2336 3878 2446 3949 πῦρ
2474 3878 2573 3947 τῆς
2602 3878 2808 3941 οἰκείας
2838 3878 2932 3931 καὶ
2968 3878 3259 3940 οὖσιώδους
3290 3877 3575 3944 ποιότητος
3618 3877 3816 3927 εἰκονι-

2244 3969 2491 4037 ζόμειον.
2538 3969 2624 4031 Ὠς
2656 3963 2749 4021 οὖν
2780 3966 2954 4021 ταῦτα
3002 3971 3216 4038 φρονεῖν
3245 3967 3339 4021 καὶ
3377 3966 3554 4033 λέγειν
3588 3965 3817 4035 ἀνόητον

2244 4057 2337 4109 καὶ
2365 4055 2647 4119 ἀδύνατον,
2675 4054 3028 4125 ἀνοητότερον
3057 4056 3235 4108 ἐκεῖνο
3261 4055 3354 4108 καὶ
3383 4052 3817 4123 ἀδυνατώτερον·

2245 4147 2505 4201 ἀσυνέτου
2548 4147 2655 4216 γὰρ
2706 4147 2862 4200 ταυτὶ
2911 4148 3003 4200 καὶ
3055 4146 3415 4216 ἐξεστηκυίας
3445 4146 3638 4216 φρενὸς
3676 4146 3817 4198 ἀπο-

2246 4236 2555 4306 δρὰσματα.
2584 4236 2645 4286 Et
2674 4234 2780 4304 γὰρ
2803 4236 2954 4288 οὐδὲν
2979 4235 3046 4288 τὰ
3079 4236 3345 4306 εἰρημένα
3375 4236 3455 4297 εἰς
3480 4232 3576 4304 τὴν
3598 4232 3813 4286 ἑαυτῶν

2246 4326 2406 4394 φύσιν
2435 4325 2681 4391 πάθοιεν,
2710 4325 2826 4389 πῶς
2855 4326 2882 4378 ὃ
2911 4343 2974 4393 γε
3019 4326 3308 4396 ὑπερφυὴς
3339 4326 3434 4379 καὶ
3466 4324 3686 4392 ἀπαθὴς
3720 4323 3821 4376 Λό-

2247 4434 2360 4486 γος,
2388 4417 2421 4489 ἢ
2455 4418 3043 4489 συμπεριγραφήσεται
3072 4420 3137 4488 τῇ
3171 4417 3277 4488 ἰδίᾳ
3313 4406 3498 4485 σαρκὶ,
3541 4415 3572 4486 ἢ
3612 4432 3822 4485 γραφο-

2250 4511 2418 4580 μένης
2446 4510 2792 4581 διαστήσεται
2820 4549 2835 4574 ,
2867 4508 2900 4578 ἢ
2943 4509 3130 4578 ἕτερον
3160 4527 3212 4562 τι
3244 4508 3486 4561 τοιοῦτον
3529 4507 3780 4561 πείσεται
3802 4546 3819 4572 ,

2248 4604 2405 4674 εἴπερ
2437 4602 2557 4655 οὐδὲ
2595 4604 2654 4655 ἐν
2682 4605 2747 4674 τῇ
2781 4603 3026 4673 παναγίᾳ
3068 4601 3233 4655 αὐτοῦ
3268 4601 3434 4672 σαρκὶ
3461 4598 3516 4673 ᾗ,
3546 4600 3822 4663 οὐσιωδῶς

2247 4695 2490 4763 ἥνωται,
2538 4695 3023 4765 περιγέγραπται;
3087 4693 3287 4764 Ἐχρῆν
3340 4692 3395 4745 δὲ
3447 4690 3679 4744 συνιδεῖν
3729 4693 3823 4744 καὶ

2181 4781 2221 4834 Ι)
2252 4786 2542 4839 πεπεῖσθαι
2574 4787 2664 4839 τὸν
2720 4786 2882 4856 σοφὸν
2918 4788 3028 4849 τοῖς
3056 4784 3400 4856 Χριστιανῶν
3444 4784 3707 4852 ἑπόμενον
3740 4782 3824 4836 δό-

2254 4897 2364 4948 γμα
2378 4896 2481 4939 σιν,
2511 4879 2593 4930 ὅτι
2621 4896 2727 4949 περ
2772 4879 2799 4930 ὁ
2847 4878 2988 4941 θεῖος
3027 4877 3197 4943 Λόγος
3226 4873 3402 4927 σῶσαι
3434 4872 3495 4925 τὸ
3524 4871 3645 4925 καθ’
3675 4872 3824 4939 ἡμᾶς

2253 4972 2409 5039 γένος
2434 4971 2522 5023 διὰ
2551 4972 2651 5040 τῆς
2694 4970 2963 5041 σωτηρίου
3007 4967 3174 5021 αὑτοῦ
3210 4967 3534 5035 ἐπιφανείας
3566 4964 3827 5035 βουλόμε-

2257 5079 2364 5127 νος,
2396 5064 2452 5114 ὲν
2480 5065 2544 5133 τῇ
2577 5062 2774 5116 ἑαυτοῦ
2804 5062 3098 5116 ὑποστάσει
3124 5061 3383 5132 ἀρρήτως
3419 5059 3514 5111 καὶ
3549 5058 3690 5127 ὑπὲρ
3735 5057 3825 5109 λόο

2259 5164 2375 5215 γον,
2404 5148 2530 5219 ὅλην
2573 5150 2679 5220 ὂλῳ
2706 5150 2884 5221 ἐαυτῷ
2930 5151 3029 5218 τὴν
3084 5148 3469 5219 περιγραπτὴν
3513 5146 3577 5215 δὴ
3622 5146 3827 5218 ταύτην

2259 5241 2352 5291 καὶ
2380 5241 2630 5311 γραπτὴν
2660 5242 2816 5312 ἡμῶν
2846 5242 3007 5311 φύσιν
3037 5242 3129 5294 καὶ
3169 5238 3575 5308 είκονιξομένην
3605 5252 3828 5307 προσει-

2257 5330 2443 5398 ληφῶς
2480 5332 2708 5401 ἥνωσεν,
2743 5334 2864 5403 ἥτις
2898 5335 2991 5384 καὶ
3021 5333 3158 5400 μετὰ
3209 5330 3305 5403 τὴν
3337 5328 3642 5400 πρόσληψιν
3673 5345 3831 5397 περι-

2260 5424 2575 5492 γραφομένη
2624 5425 2720 5476 καὶ
2762 5425 3083 5495 γραφομὲνη
3127 5427 3206 5488 είς
3248 5423 3334 5475 ἀεὶ
3377 5420 3726 5485 διασώζεται.
3767 5421 3827 5473 Εἰ

2255 5516 2361 5586 γὰρ
2397 5515 2458 5569 τὸ
2487 5516 2859 5589 περιγραπτὺν
2900 5516 3060 5569 τοῦτο
3096 5515 3251 5584 σῶμα
3283 5515 3342 5566 οὐ
3395 5511 3792 5584 προσείληπται
3814 5550 3828 5572 ς

2331 5669 2444 5739 (58)
2475 5669 2667 5724 Recole
2696 5671 2836 5723 dii-ta
2869 5688 2895 5722 τι
2927 5672 3080 5726 nobis
3110 5686 3160 5736 p.
3201 5669 3292 5734 54,
3326 5668 3450 5722 adu.
3491 5668 3581 5723 53.

2334 5740 2445 5810 (59)
2474 5741 2675 5793 Confer
2705 5742 2990 5793 Eusebium
3017 5742 3405 5810 Caesariensem
3448 5740 3498 5791 in
3525 5752 3689 5805 Opere
3725 5750 3827 5789 nu-

2266 5826 2358 5875 pt‘t'
2388 5812 2598 5864 detecto
2629 5810 2705 5864 De
2735 5811 3065 5876 Iltcopltania,
3095 5811 3186 5865 lib.
3222 5825 3304 5878 Ill,
3346 5809 3435 5863 59.
