4086 6344
312 509 418 572 339

1027 507 1650 569 ANTIRRHETICUS
1704 508 1729 565 Ι
1769 508 1935 566 ADV.
1977 503 2567 566 CileSTAN'l‘lXUM
2624 501 2836 562 COPR.

3478 493 3584 559 310

312 623 435 675 οὒὸὲ
464 622 755 673 σέσωσται.
804 620 877 673 Τὸ
913 620 1023 691 γὰρ
1056 619 1464 690 ἀπρόσληπτον,
1491 620 1888 693 ἀθεράπευτον,

2004 628 2199 671 ratum.
2233 614 2513 683 Siquidem
2552 613 2693 683 qnol
2739 609 2930 677 nequit
2980 607 3187 662 assumi
3216 648 3230 671 ,
3267 606 3576 661 insanabile

316 710 480 778 φασὶν
502 711 550 764 οἱ
587 710 846 779 θεολόγοι.
883 707 1013 764 Εἶτα
1052 711 1305 781 ἐπιφέρει
1334 711 1579 762 τοιαῦτα.

395 920 504 982 μγ’.
544 934 562 965 ι
595 913 758 981 Λέγει
780 913 839 967 δὲ
866 916 893 966 ὁ
934 916 1167 983 ποιήσας
1201 914 1300 985 τὴν
1331 915 1515 967 είκόνα
1541 916 1782 984 ἐκείνην,
1819 916 1898 969 ὅτι

316 1004 487 1057 εἰκὼν
537 1004 634 1057 τοῦ
687 1004 925 1075 Χριστοῦ
977 1007 1112 1059 ἐστι.
1165 1007 1277 1058 Καὶ
1336 1007 1396 1058 τὸ
1436 1007 1689 1074 Χριστός
1720 1005 1898 1074 ὄνομα

317 1096 691 1164 γινώσκεται,
735 1097 816 1149 ὅτι
867 1097 929 1148 οὐ
973 1096 1136 1165 μόνον
1186 1096 1480 1168 ἄνθρωπον
1530 1097 1714 1168 δηλοῖ,
1762 1097 1903 1151 ἀλλά

316 1188 413 1240 καὶ
470 1186 625 1242 Θεόν.
688 1207 704 1238 ι
764 1188 910 1241 Ἔδει
963 1189 1128 1242 af»sz
1175 1188 1279 1242 κᾶν
1315 1188 1445 1254 γοῦν
1490 1190 1618 1252 τοὺς
1663 1189 1901 1251 οἰκείους

313 1278 719 1347 δυσωπηθέντα
774 1279 999 1348 λόγους,
1072 1279 1463 1334 συναισθέσθαι
1512 1280 1613 1349 τῆς
1665 1281 1901 1343 ἀτοπίας

314 1371 427 1423 τῶν
457 1371 590 1442 παρ’
622 1372 791 1425 αὑτοῦ
824 1372 1244 1443 προαγομένων.
1286 1372 1429 1425 Ἀλλ’
1456 1371 1690 1444 ἔοικενή
1723 1373 1901 1442 πλάνη

316 1464 417 1516 καὶ
464 1464 523 1516 τὸ
553 1464 750 1532 ψεῦδος
796 1465 893 1517 καὶ
926 1464 1104 1534 ἑαυτῷ
1144 1466 1238 1518 καὶ
1276 1466 1343 1535 τῇ
1382 1464 1614 1534 ἀληθεία⁸
1646 1465 1903 1517 ἀνθίστα-

316 1553 466 1609 σθαι.
518 1555 581 1607 Et
616 1556 714 1624 μὲν
746 1558 855 1627 γὰρ
886 1554 945 1608 ἒν
978 1551 1046 1627 ἦν
1077 1556 1140 1608 τὸ
1184 1557 1248 1609 ὲκ
1277 1554 1372 1608 τοῦ
1410 1555 1675 1627 ὀνόματος
1705 1556 1902 1627 δηλού-

319 1661 508 1713 μενον,
546 1647 647 1710 τὰς
688 1647 815 1717 περὶ
840 1647 903 1700 τὸ
941 1647 999 1701 ἓν
1041 1645 1471 1718 ζυγομαχούσας
1501 1647 1609 1701 τῶν
1640 1648 1903 1702 ἐναντίων

315 1734 510 1802 δόξας,
563 1738 591 1789 ὁ
632 1736 919 1808 βραϐεύων
959 1739 1019 1791 τιὸ
1062 1738 1305 1806 ἀσφαλὲς
1349 1737 1520 1793 ἐπιὼν
1559 1739 1751 1809 λόγος,
1808 1741 1903 1793 καὶ

316 1829 556 1898 γνωμῶν
596 1830 941 1885 ταλαντεύων
998 1832 1060 1885 τὸ
1108 1833 1494 1904 ἀμφίρροπον,
1550 1832 1785 1886 δέδωκεν
1836 1834 1904 1887 ἂν

313 1920 419 1990 τὴν
465 1922 705 1975 νικῶσαν
735 1923 814 1993 τῷ
848 1924 1123 1995 κρείττονι
1150 1940 1163 1953 ⁸
1206 1925 1239 1995 ἢ
1288 1924 1473 1977 τέλεον
1519 1925 1899 1996 περιγραπτὺν

312 2012 643 2078 ἀποφαίνων
687 2012 749 2065 τὸ
800 2013 895 2078 ἓν,
943 2014 976 2084 ἢ
1016 2013 1200 2073 τέλεον
1241 2014 1680 2086 ἁπερίγραπτον.
1746 2017 1901 2069 Ἐπεὶ

308 2102 373 2155 δὲ
405 2103 519 2156 τῶν
570 2104 663 2157 δύο
711 2106 930 2174 φύσεων
981 2107 1218 2177 ὑπάρχει
1259 2108 1705 2178 παραστατικὸν,
1756 2109 1899 2163 καθά

309 2195 412 2246 καὶ
452 2195 617 2259 αὐτὸς
662 2195 866 2265 ἔφησε,
909 2197 993 2260 τίς
1041 2199 1070 2249 ἐ
1106 2197 1368 2251 κωλύσων
1403 2198 1600 2266 λόγος,
1638 2198 1713 2271 μὴ
1764 2201 1898 2252 ἑκα-

308 2281 451 2353 τέρᾳ
470 2283 677 2336 τούτων
696 2284 765 2335 τὰ
793 2287 969 2337 οἰκεῖα
996 2287 1092 2338 καὶ
1120 2287 1476 2357 προσήκοντα.
1503 2287 1894 2356 ἀποδίδοσθαι;

306 2370 457 2424 ὥστε
487 2372 584 2425 καὶ
612 2372 858 2441 ἡνῶσθαι
892 2374 1175 2446 ἀλλήλαις,
1209 2378 1307 2429 καὶ
1340 2378 1647 2447 μηδετέραν
1677 2379 1900 2450 ἐξεστη-

309 2461 472 2515 κὲναι
507 2463 618 2517 τῶν
652 2464 928 2528 οὗσιωδῶς
975 2467 1036 2520 ὲν
1079 2468 1274 2531 αὑταῖς
1321 2468 1750 2539 θεωρουμένων,
1804 2473 1899 2525 καὶ

305 2557 598 2625 ἀτρέπτως
632 2559 1064 2629 ἐνυπαρχουσῶν
1109 2561 1359 2630 φυσικῶν
1404 2562 1729 2633 ίδιοτήτων,
1773 2565 1898 2634 μηδ’

307 2642 379 2699 αὖ
425 2647 750 2717 διαιρεῖσθαι
783 2648 862 2719 τῷ
892 2650 974 2710 είς
1015 2649 1257 2720 ἀλλήλας
1287 2650 1616 2720 ἀσυγχύτως
1657 2668 1899 2722 περιχω-

311 2741 449 2808 ρεῖν.
497 2739 561 2792 Εἰ
613 2740 722 2809 γάρ
775 2742 905 2812 περὶ
954 2742 1154 2795 ταυτὸν
1198 2742 1397 2813 ἄμφω,
1450 2743 1566 2796 ἀλλ’
1602 2744 1702 2796 οὐκ
1731 2744 1899 2814 ἄμφω

307 2827 511 2895 ταῦτα,
542 2829 730 2901 ὥσπερ
767 2831 891 2885 οὐδὲ
916 2832 1066 2903 ψυχὴ
1102 2834 1197 2886 καὶ
1237 2833 1417 2904 σῶμα.
1462 2835 1540 2887 Οὐ
1587 2835 1697 2907 γὰρ
1728 2836 1781 2887 εἴ
1814 2853 1899 2899 τις

306 2917 430 2990 δοίη
473 2920 565 2972 τὸν
608 2922 772 2977 αὑτὸν
812 2926 1112 2995 χρυσοχόον
1154 2921 1294 2980 εἶναι
1348 2928 1443 2981 καὶ
1470 2928 1720 3001 ¹λιθοξόον
1745 2967 1761 2994 ,
1796 2929 1897 3000 ήδη

285 3007 414 3080 ’τὴν
471 3014 837 3085 χρυσοχοϊκὴν
880 3017 963 3079 είς
1008 3016 1106 3087 τὴν
1175 3018 1483 3089 λιθοξοῖκὴν
1542 3021 1896 3092 περιαγάγοι.

326 3102 489 3156 Ἀλλά
527 3104 619 3157 τὸν
678 3105 914 3175 ἀριθμὸν
970 3110 1071 3176 τῆς
1125 3108 1348 3173 δυάδος.
1406 3111 1489 3175 εις
1525 3112 1750 3182 μέθοδον
1798 3113 1899 3184 τῆς

313 3194 508 3247 ἑαυτοῦ
569 3194 910 3268 δυστροπίας
973 3200 1426 3272 προχειρίζεται,
1494 3204 1589 3256 καὶ
1658 3221 1900 3275 κακουρ-

314 3291 403 3356 γεῖ
447 3289 577 3359 περὶ
629 3289 732 3353 τὰς
779 3289 1013 3358 φύσειςο
1061 3291 1152 3345 ἴνα
1193 3295 1291 3348 καὶ¹
1324 3294 1385 3348 τὸ
1425 3294 1523 3349 ἀπ’
1555 3296 1736 3350 αὐτῶν
1769 3314 1896 3350 συν-

315 3379 469 3433 τεθὲν
520 3380 851 3449 πρόσωπον,
912 3383 1097 3437 τέλεον
1156 3387 1628 3458 παραγράψηται,
1686 3390 1781 3442 καὶ
1830 3389 1898 3460 ἢν

315 3470 448 3542 περὶ
480 3474 615 3527 αὐτὸ
660 3474 822 3541 δόξαν
866 3474 1026 3545 ἔσχεν
1073 3476 1373 3551 ἀποπλήσῃ
1425 3480 1645 3551 ῥᾳδίως,
1700 3480 1759 3535 '0
1804 3476 1899 3534 οὖν

315 3558 488 3617 ποιῶν
524 3564 623 3635 τὴν
667 3567 854 3620 είκόνα
884 3568 1141 3638 ἐκείνην,
1187 3570 1281 3622 καὶ¹
1323 3569 1497 3638 λέγων
1527 3572 1610 3624 ὅτι
1655 3572 1896 3642 Χριστοῦ

316 3653 496 3719 ἐστιν,
529 3650 641 3708 οἶδε
697 3657 796 3725 μὲν
834 3658 930 3710 καὶ
976 3659 1049 3711 τὰ
1096 3661 1207 3714 ἀπὸ
1256 3661 1355 3714 τοῦ
1396 3663 1663 3733 ὀνόματος
1698 3664 1897 3735 δηλού-

319 3758 492 3811 μενα·
531 3739 640 3798 οἶδε
670 3744 726 3799 δὲ
760 3747 858 3800 καὶ
900 3748 969 3802 τὰ
1002 3749 1110 3802 ἀπὸ
1152 3749 1246 3803 τοῦ
1283 3755 1580 3822 προσώπου
1631 3756 1899 3825 γνωριζό-

319 3851 459 3903 μενα
485 3851 499 3865 °
541 3836 642 3891 οὐκ
686 3839 877 3906 ἁγνοεί
914 3839 1000 3903 δὲ,
1034 3842 1115 3894 ὅτι
1151 3843 1245 3895 καὶ
1275 3844 1496 3896 ἐναντία
1540 3845 1788 3915 ἀλλήλοις
1829 3846 1900 3900 τὰ

318 3927 682 3993 συνελθόντα,
736 3924 812 3983 ὧν
868 3932 966 4002 μία
1018 3934 1053 4001 ή
1101 3934 1416 4004 ἐπιστήμη,
1469 3934 1615 3989 καθά
1655 3935 1897 4004 λέγεται.

316 4014 487 4080 Εἰδὼς
517 4017 696 4071 τοίνυν
734 4019 816 4072 ὅτι
849 4020 911 4072 τὸ
958 4021 1058 4092 μὲν
1084 4021 1293 4074 τούτων
1326 4022 1558 4094 ἀόρατον
1588 4024 1683 4078 καὶ
1719 4025 1898 4096 πάντη

316 4107 598 4178 ἀληπτον,
647 4110 743 4164 καὶ
784 4110 874 4165 διὰ
906 4112 1068 4165 τοῦτο
1112 4113 1404 4183 ’ἄγραπτον
1453 4115 1550 4168 καὶ
1586 4116 1899 4188 ἀπερίγρα-

317 4215 488 4267 mw,
534 4203 739 4256 εἵσεται
774 4204 868 4258 καὶ
902 4203 1131 4276 θάτερον
1169 4206 1253 4259 ὅτι
1297 4206 1494 4277 ὁρατὸν
1537 4208 1632 4260 καὶ
1661 4210 1900 4283 καταλη-

317 4293 482 4346 πτόνο
515 4293 658 4347 ὥστε
685 4297 781 4348 καὶ
813 4296 1191 4367 περιγραπτὸν
1225 4298 1284 4361 ἐξ
1330 4298 1578 4369 ἀνάγκης
1627 4302 1721 4353 καὶ
1757 4319 1900 4373 γρα-

315 4382 451 4436 πτὸν
472 4422 487 4446 ,
518 4384 611 4439 διά
639 4386 740 4457 τὴν
769 4387 879 4440 τῶν
913 4388 1176 4441 ἐναντίων
1209 4388 1505 4443 ἀντίθεσιν.
1554 4392 1629 4443 Οὐ
1674 4393 1811 4463 πρὸς
1839 4395 1899 4447 τὸ

313 4474 437 4529 ὅλον
465 4472 557 4530 οὗν
590 4476 649 4530 ἒν
683 4478 759 4542 ὡς
795 4480 919 4533 ὅλον
947 4481 1314 4545 ἀποϐλέπων,
1348 4483 1409 4536 τὸ
1448 4483 1506 4547 ἐξ
1537 4486 1741 4555 ἀμφοῖν
1786 4490 1898 4540 τοῖν

317 4571 504 4640 μεροῖν
532 4571 898 4641 συγκείμενον
918 4589 931 4601 ·
968 4572 1002 4643 ἢ
1035 4573 1145 4642 γὰρ
1181 4575 1246 4627 ἂν
1277 4573 1407 4638 ἴσως
1437 4576 1531 4628 καί
1572 4594 1694 4630 τινα
1724 4577 1896 4649 ἀφορ-

317 4664 425 4730 μξν
455 4657 601 4732 εἶχεν
622 4664 651 4714 ὁ
678 4662 837 4731 λόγος
854 4705 869 4726 ,
903 4663 1039 4718 ἀλλά
1063 4664 1123 4718 τὸ
1146 4664 1425 4736 ὁρώμενον
1456 4667 1619 4736 μόνον
1652 4670 1896 4724 ἀναθεω-

315 4754 462 4825 ρῶν,
492 4754 668 4827 ταύτῃ
714 4759 881 4809 ποιεῖ.
943 4757 1265 4811 Ἐπίσταται
1296 4759 1354 4812 δὲ
1393 4761 1476 4812 ὅτι
1516 4762 1579 4813 ἐκ
1612 4763 1708 4816 τοῦ
1758 4765 1894 4835 γρά-

312 4860 459 4913 φειν,
491 4845 616 4899 οὔτε
642 4848 1241 4918 συμπεριγραφήσεται
1270 4850 1365 4902 καὶ
1389 4850 1616 4921 θάτερον
1640 4852 1699 4916 ἐξ
1726 4856 1896 4923 ἀνάγ-

312 4955 452 5008 κης,
496 4938 621 4993 οὔτε
671 4936 737 4994 αὖ
773 4941 832 4991 τὸ
868 4940 926 4993 ἓν
952 4940 1074 4994 ὅλον
1111 4942 1528 5012 μερισθήσεται.
1567 4946 1758 5009 Οὐδεὶς
1789 4947 1897 5017 γὰρ

310 5029 468 5098 λόγος
493 5029 744 5102 όδρᾶσαι
791 5030 953 5084 τοῦτο
998 5032 1318 5101 δυνάμενος.
1373 5032 1460 5097 Ὠς
1502 5035 1611 5106 γάρ
1645 5038 1705 5089 οὐ
1748 5038 1898 5106 παρὰ

312 5121 373 5173 τὸ
398 5121 599 5175 εἰδέναι
628 5122 720 5175 τὸν
746 5122 1053 5193 γράφοντα,
1082 5122 1150 5175 τὰ
1175 5123 1486 5196 δηλούμενα
1519 5117 1900 5199 διαστήσεται,

294 5212 487 5278 οὕτως
509 5214 631 5268 οὐδὲ
666 5215 818 5286 παρά
846 5216 907 5268 τὸ
940 5215 1178 5287 γράφειν
1204 5216 1265 5268 τὸ
1300 5218 1509 5285 ἕτερον,
1543 5219 1640 5272 καὶ
1670 5220 1896 5292 θάτερον

314 5306 778 5378 ωγγεγράψεται.
833 5307 971 5379 Ἤδη
1011 5308 1172 5361 τοῦτο
1230 5310 1325 5363 καλ⁴
1356 5310 1451 5362 ἐπὶ
1480 5310 1574 5363 τοῦ
1624 5314 1767 5378 κατὰ,
1807 5315 1895 5364 τὸν

312 5395 603 5469 ἄνθρωπον
632 5397 1081 5470 παραδείγματος
1123 5400 1345 5472 εἴρηται
1371 5417 1383 5432 ·
1416 5400 1477 5452 τὸ
1514 5402 1728 5457 τοιοῦτο
1758 5405 1804 5457 δ’
1830 5405 1895 5458 ἂν

312 5489 411 5543 καὶ
450 5490 511 5542 ἐν
542 5488 724 5553 ἄλλοις
777 5490 978 5560 ῥᾳδίως
1008 5491 1157 5562 εὖροι
1195 5510 1280 5556 τις
1316 5494 1402 5547 ἄν.
1436 5494 1499 5548 Ei
1536 5495 1646 5565 γάρ
1669 5514 1753 5560 τις
1783 5494 1892 5551 οἵδε

315 5578 640 5651 πράγματός
683 5596 828 5640 τινος
859 5582 1093 5653 διάφορα
1134 5586 1204 5638 τὰ
1251 5586 1578 5656 δηλούμενα,
1625 5588 1798 5642 ἕλοιτο
1836 5592 1892 5643 δὲ

386 5782 497 5855 (60)
532 5782 606 5835 De
634 5783 910 5855 vocabulis
967 5789 1295 5855 περιχωρεῖν
1341 5794 1395 5838 et
1425 5782 1799 5855 nsptxtbpqsr;
1838 5786 1888 5838 in

317 5868 415 5906 usu
454 5852 1063 5923 loquemlitheoIOgico',
1098 5852 1191 5906 iliu’
1220 5871 1283 5907 ac
1308 5857 1581 5923 sapienter
1631 5852 1891 5911 Petavius

318 5921 554 5988 disserit,
590 5921 664 5977 De
690 5921 881 5999 Triuit.
916 5924 1007 5977 lib.
1044 5940 1116 5989 iv,
1151 5924 1237 5987 16,
1275 5921 1432 5993 quem
1474 5926 1515 5978 si
1554 5925 1727 5979 Graeci
1758 5928 1889 5980 lesi-

1927 3357 1971 3413 C

1934 4716 1978 4770 D

2001 720 2083 763 cst
2108 750 2121 773 ,
2156 717 2214 761 ιιι
2248 708 2401 760 aiunt
2450 704 2706 774 theologi.
2750 702 2955 758 Deinde
2987 698 3268 755 Mamonas
3298 700 3415 754 lucc
3458 698 3586 753 sub—

1996 800 2136 868 jicit.

2075 914 2184 984 58
2222 914 2311 966 45.
2353 932 2370 962 ι
2410 910 2508 976 Qui
2565 909 2691 963 fecit
2725 908 2935 961 iconem
2972 907 3147 967 illam,
3184 905 3318 960 dicit
3369 905 3584 958 irencm

2003 1021 2123 1060 csse
2167 1003 2395 1058 Christi.
2442 1001 2602 1069 Atqui
2637 1014 2832 1053 nomen
2863 999 3071 1055 Christi
3105 999 3312 1054 scimus
3340 1013 3446 1050 non
3488 997 3589 1048 ho-

2005 1098 2206 1151 minem
2235 1103 2444 1149 tantunt
2478 1096 2755 1155 denotare,
2789 1093 2883 1146 sed
2923 1092 3089 1145 etiam
3123 1090 3318 1145 Deum.
3359 1109 3375 1140 ι
3411 1087 3587 1156 Opor-

2008 1196 2185 1241 tnerat
2224 1187 2386 1248 hunc,
2418 1185 2461 1238 si
2495 1200 2716 1239 suorum
2741 1192 2894 1238 certe
2921 1198 3230 1238 sermomun
3275 1189 3583 1250 respectum

2004 1279 2238 1349 aliquem
2264 1277 2564 1339 habuisset,
2588 1276 3019 1330 animadvertere
3036 1276 3250 1329 illorum
3282 1287 3400 1341 qum
3423 1281 3582 1324 antea

2004 1372 2218 1427 dixerat
2254 1372 2669 1427 ahsurditatcm.
2727 1368 2834 1424 Sed
2883 1382 2999 1422 mos
3040 1376 3126 1422 est
3178 1364 3383 1419 erroris
3420 1371 3586 1431 atque

2005 1463 2305 1530 mendacii,
2357 1474 2414 1517 ut
2458 1463 2559 1517 sibi
2607 1460 2813 1532 pariter
2852 1476 2915 1514 ac
2958 1458 3172 1513 veritati
3223 1454 3584 1511 contradicat.

2003 1551 2139 1607 Nam
2171 1554 2215 1607 si
2252 1570 2414 1607 unum
2459 1553 2509 1607 id
2544 1562 2688 1607 esset
2718 1550 2860 1622 quod
2897 1565 2962 1603 ex
3015 1549 3234 1603 nomine
3267 1547 3578 1607 denotatur,

2004 1655 2354 1702 contumaces
2388 1647 2608 1717 quidem
2641 1647 3076 1702 adversariorum
3113 1645 3181 1699 de
3218 1657 3327 1696 uno
3362 1640 3582 1711 opinio-

2005 1753 2125 1801 nes,
2176 1738 2421 1793 veritatis
2466 1747 2708 1793 assertor
2745 1753 2928 1794 sermo
2974 1745 3159 1792 nOster
3206 1736 3479 1796 lustrans,
3533 1740 3588 1786 et

2004 1829 2395 1883 sententiarum
2450 1830 2857 1901 ambiguitatem
2894 1830 3134 1894 librans,
3170 1827 3452 1903 victoriam
3489 1840 3591 1894 po-

2008 1919 2131 1974 tiori
2162 1921 2510 1986 decerneret;
2536 1935 2733 1989 nempe
2760 1921 2842 1974 vel
2864 1920 3086 1975 omnino
3110 1917 3582 1985 circumscriptum

2003 2027 2166 2065 unum
2211 2012 2455 2077 diceret,
2490 2011 2572 2066 vel
2605 2013 2735 2066 item
2768 2013 2991 2066 omnino
3027 2008 3584 2077 incircumscriptnm.

2007 2103 2112 2158 Sed
2145 2105 2270 2173 quia
2300 2104 2547 2159 Christus
2590 2103 2723 2157 duas
2762 2118 2873 2172 pra:
2907 2117 2964 2156 se
2999 2101 3104 2154 fert
3132 2109 3394 2163 naturas,
3446 2098 3590 2152 sicut

2002 2197 2163 2251 etiam
2196 2195 2472 2250 Mamonas
2501 2195 2598 2261 ait,
2628 2196 2748 2265 quis
2780 2195 3028 2265 prohibet
3060 2192 3356 2264 quominus
3390 2191 3582 2245 harum

2001 2292 2219 2358 utrique
2247 2289 2465 2358 propria
2498 2297 2553 2343 et
2587 2288 2962 2342 convenientia
2998 2286 3257 2340 attributa
3294 2283 3588 2353 assignen-

2002 2377 2129 2431 tur?
2162 2386 2219 2431 ut
2267 2386 2320 2431 et
2370 2387 2556 2433 mutuo
2589 2377 2841 2430 adunatae
2871 2377 3010 2441 sint,
3057 2383 3111 2429 et
3157 2383 3335 2428 tamen
3395 2381 3587 2427 neutra

2002 2467 2317 2522 discesserit
2357 2484 2385 2521 a
2422 2467 2874 2523 substantialihns
2923 2467 3035 2522 suis
3068 2463 3483 2535 praerogativis;
3528 2472 3586 2515 ut

2003 2557 2492 2613 inconvertibiliter
2510 2557 2851 2613 manentibus
2871 2557 3110 2627 physicis
3131 2553 3597 2623 proprietatilnts,.

2003 2664 2108 2703 non
2145 2656 2324 2703 tamen
2363 2656 2570 2703 natura:
2602 2656 2945 2716 separentur,
2982 2648 3235 2716 quoniam
3282 2644 3581 2700 ineonl‘usze

2002 2741 2232 2795 invicem
2287 2741 2739 2796 circnminsident
2786 2739 2925 2809 (60).
2970 2740 3293 2809 Quanquam
3343 2738 3489 2793 enim
3534 2737 3585 2790 in

2002 2847 2110 2887 uno
2130 2831 2351 2888 Christo
2382 2834 2499 2888 dua!
2529 2848 2616 2888 res
2638 2843 2785 2899 sunt,
2821 2834 2962 2888 haud
2991 2833 3118 2887 hinc
3146 2840 3326 2886 tamen
3364 2829 3588 2901 subjecti

2003 2923 2234 2977 dualitas
2273 2923 2461 2986 confit,
2497 2925 2640 2979 sicut
2682 2941 2748 2978 ne
2791 2924 2989 2978 anima:
3017 2923 3237 2994 quidem
3277 2931 3331 2977 et
3375 2921 3586 2990 corpori

2006 3012 2276 3065 usuvenit.
2312 3009 2497 3080 Neque
2529 3012 2572 3065 si
2609 3013 2729 3082 quis
2770 3021 2979 3067 annuat
3023 3012 3275 3067 eumdem
3313 3012 3587 3066 hominem

2000 3100 2162 3157 simul
2193 3115 2315 3157 esse
2344 3103 2624 3158 auriﬁcem
2657 3112 2711 3158 et
2746 3106 3071 3158 statuarium
3094 3145 3109 3167 ,
3148 3102 3355 3159 idcirco
3389 3118 3455 3156 ex
3486 3116 3587 3156 au-

2002 3196 2147 3249 raria
2177 3204 2232 3249 et
2254 3196 2524 3250 statuaria
2550 3211 2713 3249 unam
2745 3206 2916 3252 artem
2947 3195 3161 3252 emt-iet.
3194 3195 3474 3250 Mamouas
3508 3205 3589 3247 ta-

2005 3303 2129 3343 men
2165 3289 2443 3344 dualitatis
2478 3306 2762 3344 ntnnernnt
2814 3304 2911 3343 ceu
2964 3288 3185 3344 malitiae
3235 3302 3346 3342 sua!
3388 3287 3591 3341 instru-

2007 3390 2249 3435 mentum
2274 3380 2532 3450 objectat,
2558 3381 2685 3434 etin
2716 3380 2922 3434 naturis
2956 3394 3242 3450 perperam
3275 3377 3581 3441 cavillator,

2008 3480 2066 3525 ut
2116 3472 2476 3541 compositam
2522 3487 2738 3541 quoque
2790 3488 2859 3527 ett
2911 3472 2996 3526 his
3049 3485 3337 3540 personam
3375 3469 3590 3524 demum

2007 3563 2283 3629 destruat,
2321 3580 2587 3634 suamque
2633 3564 2699 3619 de
2733 3565 2837 3618 hac
2890 3579 2946 3618 re
2994 3564 3320 3619 sententiam
3379 3561 3592 3616 facilius

2007 3665 2373 3710 consummet.
2400 3657 2542 3726 Ergo
2566 3659 2656 3725 qtti
2691 3656 2837 3710 illam
2871 3655 3002 3709 facit
3029 3656 3342 3725 imaginem,
3366 3654 3595 3709 Christi-

2007 3763 2112 3817 que
2139 3763 2260 3803 esse
2291 3750 2447 3816 dicit,
2488 3751 2657 3818 probe
2679 3751 2779 3804 scit
2803 3764 2866 3803 ea
2900 3748 3064 3801 etiam
3089 3764 3211 3817 qua:
3235 3748 3342 3801 hoc
3370 3747 3589 3801 nomine

2008 3843 2408 3913 signiﬁcantur,
2447 3860 2679 3913 quicque
2711 3844 2839 3899 item
2871 3860 2900 3898 a
2937 3857 3167 3913 persona
3211 3843 3542 3897 denotamur
3573 3861 3586 3895 :

2008 3948 2185 4003 neque
2229 3934 2351 3987 item
2384 3935 2557 3987 nescit
2608 3936 2721 3987 lucc
2757 3934 2988 3987 invicem
3022 3946 3142 3987 esse
3186 3930 3436 4002 opposita
3467 3945 3587 3999 qua:

2008 4025 2406 4089 eoadunantnr,
2456 4039 2687 4094 quorum
2717 4033 2800 4078 est
2833 4040 2939 4077 una
2968 4024 3060 4093 (id
3092 4033 3178 4078 est
3228 4022 3592 4091 simultanea)

2010 4115 2280 4184 cognitio,
2334 4126 2390 4169 nt
2425 4115 2719 4185 loquimur.
2763 4112 2955 4168 Sciens
2992 4113 3158 4184 igitur
3197 4114 3392 4166 horum
3425 4127 3591 4165 tinum

2009 4221 2129 4262 esse
2159 4206 2435 4263 invisibile
2467 4218 2523 4262 et
2556 4205 3138 4274 incomprehensibile,
3170 4205 3400 4274 ideoque
3436 4204 3589 4257 inde-

1975 4298 2265 4353 ‘lineabil'e
2317 4308 2373 4352 et
2420 4298 2988 4368 incircumscriptum,
3046 4305 3342 4368 cognoscet
3389 4294 3593 4366 pariter

2007 4392 2167 4445 etiam
2200 4390 2464 4457 alterum,
2511 4405 2706 4460 nempe
2738 4392 2878 4460 quod
2913 4391 2983 4445 sit
3014 4388 3226 4444 visibile
3256 4400 3311 4442 et
3346 4401 3592 4455 compre-

2008 4482 2309 4551 hensibile;
2362 4484 2434 4537 ita
2477 4492 2533 4537 nt
2579 4483 2887 4538 necessario
2919 4492 2976 4537 et
3008 4481 3483 4550 circumscriptum
3516 4479 3587 4533 sit

2007 4585 2063 4629 et
2118 4575 2465 4643 delineahile,
2518 4588 2743 4646 propter
2791 4576 3193 4632 contrariorum
3244 4574 3585 4629 antithesim.

2006 4666 2123 4722 Non
2155 4683 2283 4738 ergo
2318 4670 2385 4723 ad
2420 4680 2593 4724 totum
2626 4685 2826 4734 nmnn,
2862 4680 3118 4740 tanquam
3167 4678 3339 4723 totum
3365 4708 3378 4731 ,
3417 4668 3589 4737 respi-

2007 4760 2160 4815 ciens
2191 4763 2333 4832 quod
2359 4777 2424 4816 ex
2456 4761 2665 4817 duabus
2696 4763 2942 4831 partibus
2973 4763 3352 4831 compenitur;
3385 4761 3585 4831 alioqui

2008 4852 2236 4907 fortasse
2272 4854 2378 4907 vim
2414 4854 2647 4924 aliquam
2679 4865 3062 4922 argumentum
3095 4853 3354 4921 haberet;
3382 4853 3476 4908 sed
3512 4853 3595 4906 vi-

2006 4945 2161 5000 sibile
2198 4956 2408 4999 tantum
2459 4956 2748 5016 spectans,
2800 4947 2873 5001 ita
2918 4961 2978 5002 se
3021 4947 3184 5017 gerit.
3240 4945 3357 4999 Scit
3406 4956 3586 4999 autem

2004 5039 2145 5105 quod
2182 5039 2408 5107 picturae
2438 5054 2623 5105 causa,
2656 5040 2797 5093 haud
2828 5040 3140 5095 necessario
3165 5039 3395 5095 alterum
3428 5038 3587 5091 simul

2004 5128 2507 5195 circumscribetnr,
2550 5146 2726 5201 neque
2765 5132 2894 5187 item
2927 5148 3091 5186 unum
3131 5140 3299 5186 totum
3336 5127 3466 5183 illud
3508 5129 3588 5183 di-

2005 5220 2239 5274 videtur.
2280 5219 2602 5276 Nullatenus
2629 5222 2773 5276 enim
2800 5222 2851 5276 id
2877 5220 2996 5277 ﬁeri
3028 5230 3228 5291 potest.
3260 5218 3395 5272 Nam
3420 5217 3582 5279 sicut,

2008 5312 2130 5380 quia
2166 5322 2217 5364 tu
2249 5314 2558 5382 pingentem
2595 5313 2810 5382 videas,
2846 5314 2989 5368 haud
3026 5322 3315 5383 propterea
3350 5324 3437 5364 res
3474 5310 3581 5363 visa

2006 5404 2058 5456 in
2093 5413 2275 5472 partes
2306 5405 2438 5471 ibit;
2472 5403 2546 5458 ita
2578 5419 2645 5458 ne
2678 5405 2750 5460 ob
2782 5405 3111 5459 delineatum
3143 5401 3363 5471 quidem
3393 5415 3580 5462 unum,

2003 5495 2231 5551 alterum
2263 5496 2427 5552 simul
2457 5497 2963 5553 circumscribetur.
2990 5494 3221 5563 Jamque
3252 5493 3355 5546 hoc
3382 5493 3450 5544 ab
3483 5496 3576 5545 ho-

2002 5590 2166 5644 minis
2190 5592 2352 5645 etiam
2390 5594 2636 5660 exemplo
2664 5589 3155 5645 demonstravimus
3222 5597 3273 5643 et
3303 5586 3425 5639 aliis
3448 5601 3579 5655 quo-

2005 5791 2258 5857 rographi
2317 5791 2740 5854 consuluissent,
2798 5787 3017 5842 meliora
3084 5796 3136 5840 et
3182 5783 3576 5841 alitntdautiorz‘.

2004 5861 2212 5913 tradere
2247 5872 2520 5927 poterant.
