4086 6344
460 457 561 523 311

1486 461 1546 522 S.
1583 461 2002 524 NICEPHORI
2042 460 2546 524 PATRIARCHE
2585 459 2693 520 ΟΡ.

3602 449 3705 516 312

457 583 566 635 que
603 571 653 620 iu
688 564 847 620 rebus
878 564 1022 620 idem
1051 563 1207 620 facile
1231 564 1611 634 compcrietur.
1641 564 1775 620 Nam
1824 566 1869 621 si
1910 568 2031 636 quis

2142 568 2341 621 τούτων
2368 568 2429 619 τὸ
2457 567 2642 637 ἓτερον
2666 607 2681 631 ,
2714 561 2824 636 ἆρα
2859 564 2953 618 καὶ
2987 562 3062 632 τῷ
3089 559 3263 631 λοιπῷ
3305 559 3707 631 συγχρήσοιτος

457 658 671 712 duabus
699 654 1075 711 diﬂ'erentibus
1108 655 1423 710 monstratis
1449 655 1635 720 rebus,
1675 656 1899 709 alteram
1934 656 2033 709 ha-

459 764 580 802 rum
613 747 814 817 eligat,
847 762 976 802 num
1021 756 1075 801 et
1114 746 1283 800 altera
1323 746 1484 800 simul
1532 748 1749 801 utetur?
1789 747 2032 817 Exempli

459 852 625 891 causa
671 856 686 893 :
724 838 899 908 ignem
933 836 1139 892 scimus
1170 836 1436 907 duplicem
1480 836 1682 892 habere
1720 852 1785 892 ex
1815 851 1873 891 se
1906 852 2035 906 pro-

461 934 712 983 deuntem
741 930 847 983 vim
868 968 884 995 ,
910 928 1136 983 alteram
1162 928 1535 992 illuminandi,
1564 929 1754 983 urendi
1785 928 2032 983 alteram.

463 1020 519 1073 Si
553 1021 676 1090 quis
717 1036 848 1089 ergo
878 1020 998 1077 luce
1027 1034 1094 1074 ex
1143 1023 1268 1091 igne
1297 1021 1570 1090 indigeat,
1621 1037 1747 1075 num
1779 1021 1920 1075 idem
1954 1021 2039 1074 vel

462 1112 662 1167 invitus
687 1121 908 1181 cogetur
940 1100 1380 1169 combustionem
1411 1128 1625 1183 quoque
1664 1113 1901 1167 indidem
1942 1127 2037 1166 ex-

459 1204 659 1273 periri?
687 1202 785 1259 Vel
820 1204 865 1259 si
916 1206 1044 1277 quis
1078 1205 1145 1260 ad
1189 1206 1431 1260 sordium
1479 1205 1856 1275 purgationem
1898 1218 2039 1271 aqua

461 1295 635 1351 calida
670 1305 879 1361 utatur,
923 1312 1053 1351 num
1084 1297 1211 1352 inde
1239 1298 1405 1351 ctiam
1440 1295 1871 1364 refrigerabitur,
1903 1309 2038 1363 quo-

463 1387 607 1439 niam
645 1401 783 1456 aqua
832 1388 999 1443 simul
1044 1388 1212 1442 habet
1257 1388 1525 1458 purgandi
1573 1403 1636 1441 ac
1677 1386 2041 1456 refrigerandi

464 1476 818 1532 facultatem?
852 1477 1021 1533 Nemo
1052 1491 1198 1535 certe
1229 1495 1396 1535 sanus
1434 1479 1517 1534 his
1554 1479 1909 1534 assentietur.
1946 1475 2039 1532 Sic

463 1566 649 1634 itaque
679 1565 960 1621 Mamonus
989 1568 1157 1624 veluti
1189 1585 1353 1623 unum
1402 1570 1531 1640 quid
1556 1609 1570 1633 ,
1607 1578 1778 1625 totum
1826 1569 1950 1633 hoc,
1986 1566 2045 1621 id

466 1665 550 1710 est
578 1655 860 1713 Christum
882 1700 899 1727 ,
930 1661 1301 1730 contemplans
1322 1701 1338 1726 ,
1369 1662 1528 1716 vellet
1564 1661 1651 1715 illa
1686 1661 1852 1717 etiam
1897 1661 2040 1714 unde

467 1745 609 1800 idem
654 1758 906 1814 constat,
956 1760 1211 1821 tanquam
1262 1753 1313 1806 iu
1361 1752 1528 1808 totius
1564 1753 1835 1807 mentione
1877 1751 2045 1806 simul

466 1837 727 1908 adunare,
746 1841 994 1913 nihilque
1015 1843 1208 1898 borum
1237 1858 1331 1913 per
1359 1858 1419 1899 se
1444 1845 1617 1913 ipsum
1650 1852 1899 1913 spectare
1924 1860 1938 1896 :
1965 1842 2036 1895 ita

2138 658 2261 713 υἷον
2299 658 2353 711 τί
2379 658 2553 725 λέγω·
2587 658 2745 727 ἴσμεν
2774 655 2849 720 ὡς
2881 655 2943 708 τὸ
2974 655 3085 721 πῦρ
3115 652 3299 723 διττὴν
3337 652 3453 722 ἔχει
3486 653 3587 722 τὴν
3613 653 3710 705 ἀπ’

2136 750 2303 805 αὑτοῦ
2335 750 2637 820 προϊοῦσαν
2683 748 2972 819 ἐνέργειαν
2995 788 3009 810 ,
3048 745 3147 816 τὴν
3186 744 3285 814 μὲν
3336 742 3711 814 φωτιστικὴν,

2134 843 2235 913 τὴν
2265 843 2322 896 δὲ
2357 842 2681 912 καυστικήν.
2713 842 2886 909 Εἴπερ
2915 835 3009 892 οὖν
3046 856 3130 901 τις
3166 836 3263 889 τοῦ
3296 834 3578 905 φωτισμοῦ
3616 836 3711 888 τοῦ

2136 931 2245 985 ἀπὸ
2285 932 2379 984 τοῦ
2415 932 2587 1003 πυρὸς
2632 930 2986 1000 προσδέοιτο,
3043 928 3399 999 βιασθήσεται
3440 928 3577 996 ἄρα,
3617 928 3714 979 καὶ

2136 1023 2236 1092 οὐχ
2284 1022 2426 1076 ἑκὼν
2449 1064 2463 1085 ,
2517 1023 2612 1076 καὶ
2648 1021 2749 1090 τῆς
2795 1020 3007 1073 ἐκεῖθεν
3041 1017 3367 1088 φλογώσεως
3408 1019 3488 1081 είς
3517 1018 3713 1087 πεῖραν

2141 1115 2297 1169 ἰέναι.
2354 1115 2425 1168 ’Ἠ
2485 1115 2579 1167 ἐὰν
2636 1131 2718 1176 τις
2775 1113 2911 1183 πρὸς
2969 1111 3237 1182 κάθαρσιν
3284 1112 3498 1181 ῥύπου,
3553 1110 3708 1161 ὕδατι

2138 1206 2327 1279 θερμῷ
2362 1208 2763 1278 προσχρήσοιτο
2786 1246 2800 1270 ,
2838 1204 2931 1257 καὶ
2960 1203 3294 1274 ψυχθήσεται
3344 1203 3564 1265 πάντως
3615 1202 3710 1254 ἀπ’

2137 1300 2335 1363 αὑτοῦ,
2376 1298 2511 1352 διότι
2559 1296 2830 1369 ρυπτικὴν
2874 1294 2969 1348 καὶ
3005 1293 3277 1364 ψυκτικὴν
3312 1294 3574 1361 κέκτηται
3611 1289 3713 1361 τὴν

2140 1391 2441 1463 ἐνέργειαν.
2488 1388 2628 1442 Ἀλλ’
2663 1388 2836 1451 οὐδεὶς
2869 1386 2935 1440 ἂν
2973 1385 3083 1439 τῶν
3115 1385 3237 1438 νοῦν
3268 1385 3500 1454 ἑχόντων
3538 1381 3713 1437 ταῦτα

2141 1485 2498 1555 συμφήσειεν.
2539 1482 2689 1536 Ἐπεὶ
2713 1477 2803 1535 οὖν
2832 1480 2965 1550 πρ’›ς
2995 1478 3052 1531 ἒν
3082 1479 3286 1538 ἐκεῖνος
3313 1477 3373 1529 τὸ
3408 1475 3530 1530 ὅλον
3555 1477 3714 1528 τοῦτο

2138 1575 2230 1628 τὸν
2282 1574 2517 1644 Χριστὸν
2574 1571 2923 1635 διασκοπῶν,
2978 1567 3229 1622 ἐϐούλετο
3286 1567 3378 1619 καὶ
3427 1566 3497 1619 τὰ
3529 1564 3589 1631 ἐξ
3637 1559 3713 1619 ὧν

2139 1665 2331 1729 αὐτὸς,
2376 1664 2453 1728 ὡς
2493 1665 2553 1716 ὲν
2602 1666 2669 1735 τῇ
2719 1662 2813 1716 τοῦ
2844 1662 2965 1715 ὅλου
3017 1660 3242 1730 μνήμῃ,
3287 1656 3715 1725 συνεισάγεσθαι

2139 1757 2275 1827 ὁμοῦ
2294 1797 2310 1822 ,
2343 1756 2437 1816 καί
2473 1754 2639 1826 μηδὲν
2665 1753 2871 1807 τούτων
2898 1752 3021 1805 καθ’
3048 1750 3213 1803 ἑαυτὸ
3245 1748 3603 1820 θεωρεῖσθαι·
3637 1748 3713 1809 ὡς

2140 1848 2210 1901 τὰ
2234 1848 2407 1918 ἑτέρῳ
2437 1846 2822 1918 συμϐαίνοντα,
2858 1845 3073 1905 πάντως
3095 1841 3190 1895 καὶ
3219 1840 3435 1911 θατέρῳ
3466 1839 3525 1903 ἐξ
3552 1838 3717 1907 ἀνάγ-

467 1939 524 1984 ut
558 1946 678 2001 qua:
708 1933 797 1986 uni
822 1934 1099 2000 accidunt,
1126 1949 1352 2004 prorsus
1382 1946 1435 1990 ct
1457 1935 1547 1990 alii
1569 1934 1789 1990 evenire
1815 1947 2039 1989 necesse

2142 1956 2244 2008 κης
2276 1936 2538 2009 ὑπάρξαι.

465 2021 558 2075 sit.

536 2132 645 2205 59
667 2134 755 2190 44.
802 2134 915 2208 Age
947 2151 1075 2192 vero
1120 2138 1168 2193 si
1200 2137 1419 2207 quando
1456 2153 1487 2191 a
1534 2136 1697 2193 Paulo
1744 2137 1978 2193 audierit
2022 2157 2041 2192 ι

466 2219 581 2277 Nos
612 2234 785 2279 autem
807 2226 1163 2295 praedicamus
1188 2227 1457 2283 Christum
1480 2232 1794 2299 cruciﬁxum
1813 2234 1882 2301 l";
1910 2235 2039 2305 quid

463 2322 513 2375 ei
539 2330 665 2374 tunc
693 2319 861 2373 menti
894 2319 1170 2374 occurrit?
1197 2318 1463 2387 Quoniam
1488 2336 1776 2379 commune
1808 2335 1891 2380 est
1921 2342 2038 2381 am—

466 2412 640 2467 babus
671 2411 993 2466 ceuduuatis
1036 2412 1253 2467 naturis
1296 2428 1493 2468 nomen
1529 2412 1758 2477 Christi.
1794 2432 1925 2473 sane
1956 2420 2040 2474 vel

464 2504 667 2557 invitus
693 2512 918 2558 coactus
948 2501 1114 2557 fuerit
1139 2503 1439 2559 secundum
1464 2519 1593 2560 suas
1618 2507 2039 2576 propositiones,

466 2594 726 2665 quoniam
776 2590 921 2649 Deus
967 2609 1187 2663 quoque
1220 2596 1323 2659 hoc
1369 2598 1587 2651 nomine
1631 2598 1943 2664 denotatur,
1974 2615 2042 2655 ne

466 2683 610 2756 quod
641 2692 727 2738 est
761 2698 925 2738 unum
967 2683 1198 2746 dividat.
1230 2683 1405 2752 ipsum
1442 2685 1677 2741 Verbum
1728 2687 1782 2741 in
1818 2690 2039 2759 prepria

467 2792 595 2833 vere
618 2785 809 2831 natura
833 2772 1153 2831 crucifixum
1179 2776 1382 2840 dicere,
1408 2777 1754 2847 divinumque
1782 2794 2040 2836 arcanam

466 2869 829 2926 substantiam
860 2883 982 2925 cum
1026 2869 1258 2923 lmmana
1307 2885 1430 2926 esse
1478 2885 1841 2937 eompassam.
1887 2871 1954 2926 Et
1996 2874 2040 2929 si

468 2962 591 3029 quis
619 2961 667 3017 ei
698 2964 1065 3017 venerandum
1103 2975 1317 3031 quoque
1349 2971 1404 3017 et
1436 2961 1705 3017 vivificum
1733 2963 2039 3033 sepulcrum

468 3050 770 3105 ostenderit
808 3050 1011 3120 (utjam
1039 3050 1506 3105 circumcisiOuem
1534 3060 1588 3103 et
1609 3051 1887 3119 passiones
1908 3051 2043 3105 alias

458 3143 845 3211 ,nmittamus),
891 3139 1139 3211 profecto
1184 3140 1383 3194 dixerit
1429 3149 1696 3193 mortuum
1746 3155 1866 3195 esse
1904 3139 2038 3196 Ver-

468 3234 620 3297 bum,
659 3232 1005 3301 divinamque
1033 3240 1087 3285 et
1117 3231 1478 3286 immortalem
1511 3241 1758 3286 naturam
1785 3246 1908 3286 cum
1940 3234 2042 3286 hu-

470 3339 628 3378 mana
661 3339 726 3378 ac
760 3323 973 3379 mortali
998 3323 1390 3392 consepultam.
1420 3321 1543 3377 llazc
1571 3325 1712 3377 enim
1747 3328 1883 3394 apud
1916 3339 2038 3378 eum

470 3419 628 3481 tiunt,
661 3425 718 3469 ut
746 3416 1036 3485 quominus
1058 3416 1364 3471 dividantur
1392 3427 1616 3479 naturas,
1647 3416 1691 3471 si
1718 3415 1847 3486 quid
1877 3416 2043 3471 alter-

470 3521 593 3560 utra
633 3509 891 3577 patiatur,
945 3508 998 3560 in
1029 3506 1168 3561 idem
1197 3506 1401 3576 pariter
1435 3508 1835 3561 incommodum
1872 3508 2040 3562 etiam

470 3600 695 3654 alterum
720 3600 1016 3668 pertrahat.
1037 3597 1175 3665 Quid
1202 3614 1363 3668 porro
1379 3598 1427 3652 ri
1448 3599 1818 3653 demonstrant
1842 3597 2001 3652 verba
2025 3615 2039 3651 :

476 3688 642 3744 Nobis
681 3690 884 3761 quidem
917 3705 1052 3742 unus
1085 3688 1222 3742 Deus
1250 3697 1299 3741 et
1328 3687 1509 3751 Pater,
1540 3704 1603 3742 ea:
1629 3704 1730 3755 quo
1762 3688 1963 3754 omnia,
1993 3696 2042 3741 et

471 3799 563 3834 nos
594 3782 646 3835 in
682 3782 831 3849 ipso:
862 3791 911 3835 et
949 3779 1206 3835 Dominus
1240 3780 1399 3835 Jesus
1451 3780 1692 3835 Christus
1713 3821 1728 3847 ,
1760 3797 1852 3850 per
1891 3796 2039 3850 quem

470 3874 667 3938 umuia,
698 3882 745 3927 et
777 3890 867 3927 nos
891 3889 984 3943 per
1011 3873 1184 3941 ipsum
1215 3871 1299 3924 “7
1331 3871 1491 3926 Certe
1520 3888 1549 3925 e
1585 3873 1863 3927 contrario
1890 3870 2039 3940 paria

442 3964 548 4018 'illi
572 3963 858 4020 ubvenieut
880 3964 1136 4019 absurda.
1165 3962 1299 4018 Nam
1328 3962 1454 4032 quia
1480 3963 1533 4015 in
1563 3978 1727 4017 unum
1750 3961 2043 4017 conferuu-

468 4069 561 4112 tur
586 4056 791 4122 omnia,
818 4056 1093 4111 videbitur
1121 4056 1466 4111 concreatrix
1494 4070 1615 4108 cum
1647 4052 1827 4108 Verbo
1858 4061 2039 4107 nostra

466 4160 684 4215 quoque
710 4156 901 4201 natura
934 4147 985 4200 in
1023 4161 1201 4202 rerum
1233 4145 1475 4199 omnium
1501 4143 1879 4212 productione,
1908 4143 2042 4198 erit-

466 4253 571 4304 que
604 4239 767 4292 homo
798 4239 879 4291 sui
911 4238 1081 4304 ipsius
1113 4247 1351 4291 creator.
1386 4234 1631 4303 Itemque
1664 4234 1880 4288 dicente
1916 4233 2042 4286 divo

465 4330 628 4385 Petro
660 4347 674 4383 :
712 4331 784 4382 Tu
820 4346 872 4383 es
896 4327 1133 4383 Christus
1167 4324 1262 4381 Dei
1294 4325 1469 4379 Filius
1488 4327 1555 4389 ⁸⁵,
1585 4326 1879 4379 secundum
1897 4324 2043 4393 ejus-

467 4424 611 4479 modi
647 4424 1071 4493 propositionem
1094 4461 1109 4486 ,
1137 4437 1268 4476 caro
1294 4420 1459 4473 etiam
1490 4418 1874 4486 comperietur,
1915 4431 2042 4486 pro-

467 4526 589 4585 pter
636 4515 757 4571 Filii
801 4514 1155 4577 relationem,
1198 4510 1435 4564 Deitatis
1481 4508 1803 4564 naturaliter
1838 4509 2042 4563 habere

2215 2145 2319 2220 p.6'.
2353 2146 2419 2199 Εῐ
2441 2160 2572 2198 ποτε
2609 2140 2819 2196 Παύλου
2850 2138 3090 2211 ἀκήκοεν
3109 2152 3122 2166 ·
3162 2133 3360 2204 Ἡμεῖς
3386 2132 3455 2187 δὲ
3483 2131 3749 2201 κηρύσοκ

2139 2258 2332 2312 σομεν
2364 2237 2623 2308 Χριστὸν
2655 2231 3147 2303 ἐσταυρωμένον,
3190 2228 3245 2282 τί
3282 2225 3433 2297 αὐτῷ
3466 2223 3715 2279 ἐντεῦθεν

2140 2336 2397 2405 art-quea;
2445 2330 2665 2401 Ἐπειδὴ
2701 2328 2879 2382 κοινὸν
2918 2325 3122 2395 ἀμφοῖν
3149 2322 3258 2375 τῶν
3289 2316 3713 2389 συνδραμουσῶν

2142 2426 2358 2497 φύσεων
2396 2423 2571 2492 ὄνομα
2603 2419 2840 2490 Χριστός
2860 2434 2875 2447 ·
2907 2415 3135 2485 ἐϐιάσθη
3163 2412 3231 2466 ἂν
3259 2410 3354 2465 καὶ
3381 2410 3483 2463 οὐκ
3512 2407 3713 2461 ἐθέλων
3762 2452 3773 2457 -

2141 2516 2284 2571 κατὰ
2332 2514 2405 2567 τὰ
2455 2513 2565 2568 ῑδια
2611 2510 3014 2583 προϐλήματα,
3056 2504 3245 2575 ἐπειδὴ
3297 2502 3393 2556 καὶ
3439 2499 3572 2562 Θεὸς
3620 2498 3713 2567 δη-

2142 2607 2332 2660 λοῦται
2364 2604 2457 2657 διὰ
2485 2602 2581 2655 τοῦ
2601 2601 2868 2669 ὀνόματος
2888 2637 2903 2663 ,
2933 2597 3009 2660 ὡς
3037 2594 3103 2649 ἂν
3138 2594 3215 2664 μὴ
3253 2591 3482 2645 διέλοιτο
3505 2588 3585 2650 ἰν,
3617 2586 3721 2641 καὶ

2141 2697 2235 2750 τδν
2271 2695 2445 2764 Λόγον
2487 2691 2651 2746 αὐτὸν
2703 2689 2864 2758 φύσει
2912 2681 3395 2755 ωνεσταυρῶσθαι
3417 2681 3537 2742 ταῖς
3582 2677 3714 2747 alr,—

2145 2787 2319 2849 θείαις
2351 2785 2562 2853 λέγειν,
2603 2782 2696 2835 καὶ
2725 2780 2824 2850 τὴν
2869 2777 3021 2830 θείαν
3054 2776 3150 2828 καὶ
3175 2772 3491 2843 ἀπόρρητον
3527 2767 3715 2823 οὐσίαν

2143 2881 2215 2948 τῇ
2239 2875 2556 2947 ἀνθρωπίνῃ
2590 2868 3047 2943 ωμπεπονθέναι.
3093 2866 3200 2919 Kal
3241 2864 3295 2917 εί
3325 2879 3410 2925 τις
3439 2858 3590 2929 αὐτῷ
3618 2858 3716 2912 καὶ

2143 2969 2234 3020 τὸν
2284 2966 2425 3020 θεῖον
2482 2965 2575 3018 καὶ
2619 2962 2880 3028 ζωοποιὸν
2935 2960 3106 3028 τάφον
3140 2954 3452 3019 ὑπέδειξεν,
3498 2952 3584 3005 ἵνα
3614 2949 3714 3020 τὴν

2144 3056 2445 3130 περιτομὴν
2475 3056 2566 3108 καὶ
2596 3055 2664 3107 τὰ
2691 3052 2826 3109 ἄλλα
2858 3050 3007 3122 πάθη
3041 3048 3138 3101 νῦν
3170 3046 3526 3117 παρήσωμεν,
3561 3036 3716 3096 εἶπεν

2146 3149 2212 3203 ἂν
2241 3147 2562 3217 τεθνηκέναι
2601 3146 2694 3199 τὸν
2731 3144 2937 3213 Λόγον,
2981 3141 3230 3209 καὶίτὴν
3265 3136 3415 3190 θείαν
3452 3134 3546 3188 καὶ
3575 3130 3713 3186 ἀθά-

2145 3256 2303 3292 νατον
2334 3236 2497 3307 φύσιν
2541 3238 2608 3307 τῇ
2648 3232 2969 3305 ἀνθρωπίνῃ
2996 3230 3092 3283 καὶ
3118 3229 3286 3298 θνητῇ
3322 3226 3539 3287 πάντως
3578 3237 3717 3289 συγ-

2143 3328 2582 3399 κατορωρύχθαι.
2626 3326 2811 3380 Ταῦτα
2856 3323 2965 3394 γὰρ
3017 3319 3164 3390 αὑτῷ
3209 3317 3491 3389 βούλεται,
3534 3314 3609 3377 ὼς
3647 3314 3717 3367 ἂν

2146 3422 2226 3492 μὴ
2255 3420 2573 3490 διαιρεθεῖεν
2602 3419 2660 3471 αἱ
2691 3415 2880 3484 φύσεις
2899 3455 2915 3479 ,
2948 3412 3025 3483 τῷ
3064 3412 3165 3483 τὴν
3204 3410 3332 3480 μίαν
3362 3406 3601 3469 τούτων,
3635 3403 3715 3466 εἰς

2142 3514 2212 3569 τὰ
2240 3516 2299 3568 ὲν
2332 3506 2411 3576 οἷς
2462 3510 2662 3574 πάθοι,
2712 3508 2807 3561 xal
2840 3507 2940 3577 τὴν
2991 3503 3188 3575 ἑτέραν
3242 3500 3448 3571 δηλαδὴ
3499 3513 3703 3551 συνεπο

2145 3604 2376 3674 ἄγεσθαι
2408 3603 2743 3672 πάσχουσαν.
2772 3598 2837 3651 Τί
2867 3597 2922 3650 δὲ
2952 3594 3104 3665 αὑτῷ
3144 3594 3335 3663 ἐδήλου
3367 3592 3448 3643 τόο
3467 3588 3633 3659 Ἡμῖν
3646 3585 3716 3640 δὲ

2142 3693 2231 3765 εἷς
2267 3697 2446 3762 Θεὸς,
2480 3698 2513 3748 ὀ
2555 3692 2782 3760 Πατὴρ.
2821 3690 2891 3753 ἐξ
2924 3685 2996 3744 οὗ
3030 3688 3102 3741 τὰ
3130 3685 3354 3748 πάντα,
3399 3682 3499 3735 καί
3544 3677 3717 3749 ἡμεῖς

2142 3794 2230 3857 εις
2249 3788 2467 3843 αὐτόν’
2508 3785 2604 3840 καὶ
2637 3787 2670 3838 ό
2711 3783 2928 3850 Κύριος
2965 3777 3203 3847 Ἰησοῦς
3246 3772 3607 3844 Χριστὸς,δι’
3641 3765 3715 3827 οὕ

2143 3883 2217 3937 τὰ
2240 3880 2456 3944 πάντα,
2489 3878 2588 3932 καὶ
2624 3874 2795 3945 ἡμεῖς
2822 3873 2896 3927 δι’
2929 3872 3153 3935 αὑτοῦ;
3194 3868 3289 3922 Ἐκ
3312 3866 3419 3937 γὰρ
3440 3864 3534 3919 τοῦ
3564 3865 3719 3917 ὲνανυ

2142 3973 2261 4025 τίου
2311 3970 2381 4024 τὰ
2410 3969 2573 4040 ὅμοια
2623 3965 2775 4035 αὐτῷ
2821 3963 3194 4032 ἀπαντήσεται
3241 3959 3437 4013 ἄτοπα.
3497 3948 3720 4023 Ἐπειδὴ

2144 4061 2283 4132 πρὸς
2309 4061 2387 4132 τῷ
2418 4059 2499 4113 ἑνί
2526 4061 2642 4112 ἐστι
2674 4057 2744 4109 τὰ
2763 4054 3073 4126 δηλούμενα
3092 4093 3108 4118 ,
3138 4050 3393 4121 ἐφαίνετο
3423 4044 3572 4115 αὐτῴ
3607 4043 3718 4114 ἄρα

2145 4150 2573 4223 συνδημιουργδς
2619 4148 2699 4219 τῷ
2749 4148 2940 4217 Λόγῳ,
3003 4143 3100 4198 καὶ
3129 4145 3164 4214 ή
3210 4140 3333 4196 καθ’
3367 4139 3514 4209 ἡμᾶς
3554 4133 3719 4204 φύσις

2142 4242 2239 4295 ἐπὶ
2268 4243 2334 4312 τῇ
2366 4239 2476 4292 τῶν
2511 4238 2649 4291 ὅλων
2684 4237 2991 4308 παραγωγῇ
3017 4275 3031 4298 ,
3066 4232 3162 4287 καὶ
3199 4231 3354 4285 ἔσται
3377 4229 3406 4281 ὁ
3431 4226 3716 4296 ἄνθρωπος

2143 4331 2309 4393 αὐτὸς
2338 4326 2535 4382 ἑαυτοῦ
2570 4324 2921 4397 δημιουργός.
2950 4323 3065 4377 Kal
3093 4321 3254 4375 πάλιν
3289 4318 3385 4373 τοῦ
3434 4316 3578 4369 θείου
3606 4313 3717 4367 Πέ-

2143 4436 2272 4492 τρου
2306 4419 2575 4488 λέγοντοςο
2606 4417 2689 4471 Σὺ
2729 4414 2789 4471 εἶ
2811 4419 2843 4471 d
2874 4413 3124 4482 Χριστὸς
3158 4415 3190 4467 ὀ
3237 4411 3369 4475 Υἱὸς
3405 4407 3513 4462 τοῦ
3544 4403 3717 4470 Θεοῦ,

2142 4513 2232 4567 διὰ
2277 4510 2339 4565 τὸ
2365 4509 2499 4565 αὐτὸ
2529 4509 2824 4582 πρόσλημα
2875 4505 3234 4578 εὑρεθήσεται
3265 4502 3359 4556 καὶ
3396 4502 3432 4571 ή
3475 4498 3612 4569 σὰρξ
3654 4498 3719 4550 τὸ

466 4608 805 4676 dignitatem.
842 4604 973 4659 llzec
1004 4612 1060 4658 et
1090 4604 1240 4674 plura
1275 4601 1497 4669 similia,
1539 4600 1785 4656 delibans
1814 4601 2042 4672 quilibet

2142 4609 2240 4678 τῆς
2267 4605 2517 4675 θεότητος
2546 4602 2633 4656 διὰ
2674 4601 2774 4673 τῆς
2807 4599 2992 4668 υἱικῆς
3034 4596 3309 4667 σχέσεως,
3353 4590 3514 4661 φύσει
3534 4606 3717 4678 ,φερο-

459 4700 678 4754 divinas
696 4698 1029 4766 Scripturas,
1058 4695 1297 4749 inveniet
1322 4710 1442 4765 quae
1467 4694 1622 4750 istius
1643 4692 2031 4765 blasphemiam

466 4789 969 4857 absurditatemque
997 4784 1381 4855 objttrgabuut.
1413 4784 1561 4841 Talia
1598 4784 1800 4855 quippe
1829 4783 2033 4840 Mama-

466 4898 592 4938 nam
625 4881 870 4951 cogitare
905 4890 958 4935 et
988 4878 1223 4950 opinari,
1253 4894 1563 4936 sermonum
1596 4878 1716 4950 ejus
1745 4878 2031 4949 prommia,

463 4989 619 5030 vanae
653 4973 983 5043 fallacesque
1024 4972 1386 5040 quaestiones,
1437 4971 1593 5025 nobis
1636 4970 2030 5025 demonstrant.

2143 4675 2282 4770 p.qu
2322 4695 2562 4765 ἀξίωμα.
2600 4684 2696 4755 Οἷς
2746 4686 3109 4760 παραπλήσια
3148 4684 3244 4737 καὶ
3286 4680 3452 4750 ἕτερα
3489 4675 3721 4770 πλείονα

2140 4769 2538 4861 αναλεγόμενός
2563 4804 2647 4849 τις
2677 4784 2830 4857 παρὰ
2850 4782 2958 4836 τῶν
2984 4779 3145 4834 θείων
3172 4774 3409 4848 Γραφῶν
3435 4771 3587 4841 εῦροι
3625 4769 3715 4833 ὃν,

2138 4886 2176 4941 ἃ
2215 4885 2315 4955 τὴν
2350 4878 2699 4953 βλασφημίαν
2731 4876 2828 4947 τήν
2871 4874 3084 4928 ἐκείνου
3124 4867 3396 4937 ἐξελέγξει
3446 4865 3540 4919 καὶ
3591 4863 3718 4955 ἀτοέ

2139 4954 2290 5032 πίανξ
2339 4972 2577 5028 Τοιαῦτα
2622 4969 2680 5023 δὲ
2721 4968 2817 5022 καὶ
2847 4967 2988 5019 νοεῖν
3032 4961 3195 5017 αὑτὸν
3241 4959 3338 5014 καὶ
3385 4958 3625 5030 φρονεῖν,
3658 4954 3715 5007 ai

463 5067 532 5121 Et
576 5068 691 5121 haec
733 5066 950 5137 quidem
1002 5044 1094 5120 ille
1140 5062 1560 5119 inartiﬁcialiter
1607 5062 2036 5133 simpliciterque

2142 5067 2246 5120 τῶν
2282 5063 2499 5120 οἰκείων
2541 5060 2716 5129 λόγων
2747 5056 2946 5128 ἀρχαὶ,
2980 5054 3075 5108 καὶ
3111 5050 3395 5123 περίεργοι
3448 5047 3541 5101 καὶ
3580 5061 3717 5113 σφα-

464 5161 712 5227 dogmata
766 5158 963 5222 tradit,
1018 5172 1123 5212 non
1153 5167 1331 5211 autem
1384 5156 1543 5210 modo
1604 5155 1786 5225 aliquo
1838 5170 2037 5225 appro-

463 5250 750 5319 priati0nis
798 5261 889 5304 aut
937 5249 1346 5322 permutationis
1398 5248 1547 5319 (61).
1590 5257 1751 5318 prout
1798 5264 1914 5302 mos
1957 5257 2041 5302 est

448 5343 763 5414 ‘ntagisterii
814 5344 1103 5408 catholici;
1163 5360 1270 5411 qua
1326 5345 1391 5397 de
1461 5358 1517 5395 rc
1565 5342 1723 5412 paulo
1781 5351 1898 5410 post
1958 5341 2039 5394 di-

465 5442 583 5490 retu
594 5451 638 5489 r.
1618 5424 1623 5443 '

2139 5159 2297 5230 λεραὶ
2335 5156 2593 5227 ζητήσεις
2612 5195 2627 5219 ,
2658 5154 2790 5223 ἡμῖν
2842 5146 3211 5203 ὑποτίθενται.
3245 5144 3357 5198 Kal
3385 5140 3561 5194 ταῦτα
3586 5137 3719 5192 ἀτέ-

2139 5266 2281 5321 χνως
2320 5250 2414 5303 καὶ
2450 5246 2657 5308 ἁπλῶς,
2688 5245 2750 5298 οὐ
2772 5242 2958 5314 τρόπῳ
2995 5240 3104 5293 τινὶ
3127 5235 3452 5298 οίκειώσεως
3482 5232 3515 5302 ἦ
3567 5232 3718 5321 ἀντι-

2140 5342 2341 5404 δόσεως
2389 5335 2828 5409 δογματὶζοντα,
2866 5331 3013 5386 κατὰ
3060 5330 3150 5383 τὸν
3188 5322 3575 5381 διδασκαλικὸν
3615 5320 3718 5390 τῆς

2144 5431 2444 5501 καθολικῆς
2489 5425 2812 5500 Ἐκκλησίας
2845 5425 3026 5494 λόγον,
3063 5420 3191 5494 περὶ
3220 5414 3296 5474 ὢν
3339 5416 3481 5490 μετὰ
3519 5409 3716 5486 μικρὸν

2142 5525 2439 5596 είρήσεται.

535 5716 583 5751 ³⁸
613 5714 633 5771 l
663 5719 789 5774 Cor.
841 5737 883 5784 ι,
922 5719 1014 5774 25.
1091 5717 1140 5749 ⁸³
1176 5715 1351 5772 lCor.
1383 5730 1502 5781 vm,
1542 5714 1597 5772 6.
1674 5715 1718 5748 ⁵⁸
1752 5713 1938 5769 Matth.
1972 5729 2086 5777 xw,
2120 5713 2207 5768 l6.

541 5874 658 5951 (Gl)
679 5873 830 5933 Hauc
862 5874 1088 5947 theologi
1126 5876 1297 5933 nostri
1322 5874 1507 5933 dicunt
1537 5874 1851 5930 idiomatum
1881 5871 2448 5931 communicationem.
