4086 6344
214 482 302 549 3l3

888 493 1514 557 ANTIRRHETICUS
1550 497 1577 556 Ι
1615 500 1786 563 ADV.
1824 500 2418 563 CONSTANTINUM
2474 501 2688 568 COPR.

3322 496 3441 566 31$-

270 606 362 668 μι’.
432 597 579 652 Ἐπεὶ
633 599 693 652 δὲ
742 600 1123 675 ἁδολεσχοῦντι
1177 608 1272 661 καὶ
1319 609 1742 679 ταυτοεποῦντι,

1918 616 2009 669 45.
2044 614 2152 671 Sed
2198 616 2324 685 quia
2368 615 2471 670 hoc
2513 620 2753 684 nugante
2794 625 2849 670 et
2878 614 3176 684 tautologo,
3227 617 3426 686 nugari

214 688 589 758 συναδολεσχείν
617 691 967 761 προύθέμεθα
992 699 1106 760 τοῖς
1131 698 1551 769 ἐπιφερομένοις
1577 701 1750 773 αὐτῷ,

212 780 284 829 καὶ
306 778 366 829 τὰ
394 777 535 831 αὐτὰ
562 782 692 851 περὶ
733 780 842 835 τῶν
869 784 1050 838 αὐτῶν
1062 787 1365 853 διεξιόντι,
1406 790 1550 844 οὕτω
1587 791 1752 848 πάλιν

216 871 754 939 προσαπαντήσωμενσ
806 873 922 943 ἔχει
970 877 1080 948 γάρ
1115 872 1241 932 ὧδε·
1292 900 1309 932 ι
1364 882 1476 936 Καὶ
1503 884 1622 949 πῶς
1656 886 1752 940 τοῦ

208 959 317 1012 θεοῦ
339 960 429 1013 καὶ
456 960 744 1033 ἀνθρώπου
776 964 969 1037 ὄνομα,
1001 969 1101 1039 τὴν
1122 971 1273 1027 θείαν
1295 973 1456 1043 φύσιν
1489 979 1751 1047 σημαῖνον

208 1051 283 1102 καὶ
322 1051 704 1125 ἀνθρωπίνην.
757 1058 849 1111 ἐπὶ
887 1062 953 1131 τῇ
1001 1062 1171 1117 εἰκόνι
1194 1064 1381 1140 ὶκείνῃ
1413 1066 1612 1138 ἔχομεν
1652 1087 1752 1124 κα-

207 1141 364 1207 λέσαι,
404 1146 473 1215 τῇ
505 1144 747 1211 δυνατῶς
798 1150 997 1223 ἐχούσῃ
1048 1152 1336 1224 ἀνθρώπου
1376 1157 1540 1227 μόνου
1587 1159 1750 1228 φύσιν

206 1236 638 1305 χαρακτηρίζειν,
698 1240 794 1293 καί
855 1242 954 1313 τὴν
1007 1243 1161 1299 οείαν
1218 1247 1311 1301 καὶ
1360 1248 1751 1319 ἀκατάληπτον

206 1325 341 1390 ςύσιν
364 1328 473 1396 pi];
524 1347 544 1380 ι
589 1329 664 1382 Τὸ
693 1330 842 1398 πῶς,
875 1334 961 1387 ἵνα
991 1334 1069 1397 ὡς
1102 1337 1333 1407 παρόντι
1361 1340 1629 1410 διαλεχθῶ
1650 1381 1665 1407 ,
1700 1342 1756 1396 εῐ

208 1430 272 1465 σοι
296 1415 361 1468 τὰ
384 1417 483 1486 τῆς
507 1417 689 1489 ψυχῆς
711 1414 827 1473 ὦτα
849 1426 925 1494 μὴ
952 1425 1271 1493 κεκώφωτο,
1305 1428 1359 1480 εί
1381 1446 1466 1482 σοι
1491 1429 1558 1484 τὰ
1581 1431 1751 1501 νοητά

205 1503 396 1572 δμματα
424 1505 501 1576 μὴ
544 1508 911 1581 ἐπεπήρωτο,
948 1513 1003 1566 εἰ
1035 1531 1117 1568 σοι
1159 1516 1229 1570 τὰ
1263 1517 1374 1570 τῶν
1407 1520 1621 1587 φρενῶν
1672 1520 1748 1591 μὴ

203 1595 456 1660 ἠλλοίωτο,
489 1599 589 1650 καὶ
619 1600 690 1653 τὰ
723 1601 832 1653 τῶν
866 1603 1142 1674 λογισμῶν
1181 1606 1256 1675 μὴ
1291 1607 1744 1680 παρετέτραπτο,

203 1684 241 1735 εί
254 1701 324 1737 σοι
346 1684 440 1754 τῆς
463 1684 784 1752 θεοσεϐείας
812 1690 863 1743 οἱ
885 1692 1003 1761 ὅροι
1028 1691 1265 1763 ἄτρωτοι
1293 1694 1743 1763 διεφυλάσσοντο,

203 1775 401 1844 καὶτῆς
448 1776 755 1850 καθολικῆς
812 1779 1141 1851 Ἐκκλησίας
1188 1785 1222 1853 ἡ
1277 1785 1578 1856 παράδοσις
1620 1803 1749 1840 συνο

201 1866 460 1937 ετετήρητο
487 1867 799 1937 nissum,
828 1874 879 1925 εί
906 1874 1177 1944 σπινθῆρα
1198 1876 1329 1944 γοῦν
1360 1895 1483 1931 τινα
1510 1879 1750 1943 πίστεως

1853 707 2012 760 simul
2048 706 2432 762 constituimus
2475 720 2597 760 cum
2633 704 2791 760 dictis
2839 705 2994 774 ejus;
3034 705 3158 760 huic
3184 747 3200 773 ,
3234 710 3427 762 eadem

1853 798 1978 853 licet
2011 797 2211 854 dicenti
2242 798 2307 852 de
2338 796 2532 851 iisdem
2578 796 2740 851 rebus
2764 838 2780 861 ,
2827 810 3017 851 rursus
3047 812 3426 853 occurramus.

1850 889 1926 943 Ita
1959 904 2085 944 vero
2117 889 2162 943 is
2186 888 2393 943 habet:
2426 907 2444 939 ι
2477 888 2542 942 Et
2570 887 2841 958 quomodo
2866 887 2959 943 Dei
2988 898 3040 943 et
3064 889 3298 944 hominis
3325 905 3425 945 no-

1851 996 1973 1035 men
2024 977 2321 1051 (Christus)
2368 978 2607 1032 divinam
2666 989 2914 1032 naturam
2963 979 3227 1034 denotans
3264 988 3426 1049 atque

1851 1072 2167 1133 humanam,
2193 1072 2257 1123 de
2286 1068 2377 1123 illa
2410 1070 2569 1124 icone
2601 1070 2946 1139 pronuntiari
2976 1085 3005 1123 a
3041 1069 3194 1125 nobis
3222 1082 3421 1141 potest,

1851 1178 1972 1233 qua:
2010 1162 2259 1216 humana:
2293 1161 2666 1214 tantummodo
2713 1171 2922 1215 natura
2967 1162 3420 1229 reprtrsentandac

1851 1258 1955 1308 vim
2003 1254 2184 1313 habet.
2218 1254 2414 1308 divina:
2458 1268 2587 1307 vero
2629 1254 3191 1321 incomprehensibilis
3240 1255 3418 1309 haud-

1849 1349 2161 1418 quaquam?
2192 1367 2212 1400 ι
2242 1347 2353 1401 Hoc
2374 1347 2595 1401 verbum
2621 1349 2900 1417 quomodo,
2934 1355 2991 1400 ιιι
3011 1348 3161 1413 quasi
3189 1362 3423 1417 praesen-

1851 1450 1956 1495 tem
2001 1449 2054 1495 te
2093 1440 2359 1508 alloquar,
2403 1439 2446 1492 si
2483 1438 2578 1492 tibi
2616 1439 2810 1493 animas
2859 1454 3020 1492 aures
3073 1454 3179 1493 non
3224 1440 3421 1494 obsur-

1848 1532 2129 1596 tluissent,
2162 1533 2205 1585 si
2241 1530 2333 1585 tibi
2368 1530 2671 1584 intellectus
2703 1530 2841 1582 oeuli
2872 1546 2975 1583 non
3025 1540 3204 1584 essent
3244 1544 3421 1584 excie-

1846 1624 1980 1685 cati,
2020 1624 2062 1677 si
2097 1623 2191 1676 tibi
2242 1636 2391 1676 mens
2443 1635 2547 1675 non
2581 1631 2727 1675 esset
2776 1619 3006 1674 alienata
3057 1629 3104 1676 et
3146 1618 3414 1674 ratiocinii

1849 1731 1977 1771 usus
2024 1715 2339 1777 subversus,
2384 1713 2428 1767 si
2484 1711 2579 1765 tibi
2631 1710 2909 1781 religionis
2955 1711 3171 1765 termini
3208 1709 3419 1764 immoti

1849 1814 2154 1869 manerent,
2178 1815 2227 1859 et
2250 1803 2530 1859 catholicae
2558 1801 2814 1856 Ecclesia!
2846 1802 3067 1857 traditio
3090 1813 3412 1857 conservata

1848 1905 1995 1952 esset
2035 1893 2341 1958 incolumis,
2375 1893 2418 1948 si
2452 1893 2686 1960 aliquam
2720 1892 2913 1947 saltem
2960 1891 3083 1945 lidei
3125 1890 3416 1945 scintillam

200 1955 244 2004 ἐν
273 1957 331 2052 τῇ
369 1956 604 2052 σεαυτοῦ
651 1959 909 2030 συνέσχες
950 1963 1175 2033 καρδία,
1209 1965 1345 2020 ἀλλά
1392 1967 1469 2038 μὴ
1513 1967 1741 2031 ἑλύττας

1850 1989 2004 2044 corde
2046 1999 2138 2042 tuo
2191 1985 2489 2049 retineres,
2535 1998 2709 2052 neque
2757 1983 2919 2037 furiis
2965 1983 3229 2037 adversus
3269 1982 3412 2035 irre-

200 2046 314 2097 γατὲ
337 2045 430 2116 τῆς
463 2047 778 2119 ἀμωμήτου
812 2052 905 2105 καὶ
935 2052 1211 2120 ἀπλανοῦς
1237 2056 1395 2127 ἡμῶν
1425 2058 1737 2129 ὁμολογίας,

199 2138 287 2199 τοῖς
326 2137 514 2206 ἄγουσί
569 2157 633 2193 σε
668 2141 763 2195 ἐπὶ
793 2144 887 2197 τὸν
934 2146 1182 2216 κρημνὸν
1215 2151 1316 2220 τῆς
1346 2149 1607 2216 ἀπιστίας
1647 2154 1744 2206 καὶ

198 2227 437 2295 ἀπωλείας
482 2232 846 2303 πειθόμενος,
898 2236 1116 2308 ἐδείχθη
1152 2239 1217 2294 ἄν
1263 2257 1347 2296 σοι
1380 2244 1477 2297 καὶ
1520 2243 1745 2315 ἔκδηλό-

199 2336 308 2374 522:
345 2323 401 2374 τὸ
443 2322 788 2395 ζητούμενον
822 2366 837 2390 ,
878 2327 1039 2399 εἴπερ
1084 2328 1418 2404 ζητούμενον
1463 2329 1564 2405 ἦν,
1610 2334 1747 2389 ἀλλά

203 2410 261 2481 μὴ
286 2411 461 2485 ὥσπερ
489 2415 692 2488 ἐνέδρα
720 2434 803 2481 τις
827 2417 867 2490 ﬂ
897 2422 1224 2492 πανουργία,
1252 2424 1673 2495 ταμιευόμενον.

257 2734 356 2789 Καὶ
394 2737 481 2791 ἵνα
528 2737 606 2792 τά
639 2739 781 2794 αὐτά
830 2740 961 2811 περὶ
1006 2740 1117 2795 τῶν
1162 2742 1345 2796 αὐτῶν
1388 2744 1750 2811 ἀναλαϐόντες

205 2827 430 2898 εἴπωμεν,
459 2830 659 2903 ὥσπερ
688 2833 731 2902 ἡ,
756 2831 1060 2903 σταύρωσις
1094 2836 1187 2887 καὶ
1222 2833 1291 2888 τὰ
1315 2836 1484 2907 πάθη,
1512 2838 1747 2908 Χριστοῦ

204 2916 418 2987 λέγεται,
463 2925 548 2986 ὠς
590 2923 620 2975 6
662 2924 868 2991 τάφος,
923 2926 1017 2979 καὶ
1061 2927 1132 2979 τὰ
1172 2926 1370 2992 λοιπὰ,
1424 2929 1510 2982 ἵνα
1548 2930 1623 3001 μὴ
1656 2931 1750 2982 ἐπὶ

207 3010 356 3063 πλεῖον
383 3014 469 3066 ἀεὶ
497 3013 786 3083 λέγωμεν,
817 3015 879 3067 τὸ
911 3016 1131 3087 μέτριον
1162 3020 1592 3090 ὐπερτρέχοντες
1612 3063 1626 3088 ,
1655 3022 1750 3076 καὶ

205 3099 289 3151 τῶν
328 3104 714 3173 προσεχόντων
753 3104 852 3168 τὰς
878 3107 1044 3170 ἀκοὰς
1090 3109 1511 3179 ἀποκναίωμεν,
1562 3112 1656 3165 καὶ
1688 3114 1749 3165 οὐ

205 3188 251 3258 δή
276 3193 366 3246 πού
398 3212 591 3265 φαμεν
615 3196 757 3249 κατά
784 3197 866 3261 σὲ,
906 3197 992 3250 διὰ
1018 3199 1114 3268 τὴν
1144 3200 1209 3252 ἐκ
1245 3200 1339 3253 τοῦ
1368 3201 1632 3272 ὀνόματος
1656 3204 1748 3257 τοῦ

1844 2077 2260 2150 prehensibilem
2317 2073 2765 2143 iul'allibilemque
2835 2073 3232 2128 confessionem
3314 2088 3418 2127 uo-

1843 2177 2011 2222 stram
2045 2166 2332 2237 agitarere,
2358 2164 2589 2217 ducibus
2621 2164 2713 2232 qui
2750 2172 2800 2216 te
2826 2162 2892 2215 ad
2926 2161 3259 2218 inﬁdelitatis
3286 2178 3417 2231 pcr-

1843 2257 2172 2331 ditiqnlsque
2196 2255 2548 2327 praecipitium
2576 2255 2828 2317 trahttnt;
2865 2254 2985 2319 hoc,
3019 2252 3261 2322 inquam,
3284 2267 3420 2319 quo-

1844 2350 1998 2405 modo
2031 2364 2061 2405 a
2098 2358 2148 2403 te
2188 2347 2497 2417 quaesitum,
2528 2346 2933 2401 evidentissime
2970 2355 3158 2414 patens
3190 2344 3413 2413 luisset;

1845 2443 1890 2498 si
1948 2455 2134 2511 reapse
2179 2440 2501 2509 quaesitum,
2539 2444 2593 2491 et
2637 2452 2743 2491 non
2793 2438 2976 2505 potius
3013 2452 3111 2491 ceu
3165 2436 3411 2504 decipula

1847 2533 2093 2600 quaedam
2129 2542 2183 2585 et
2210 2529 2400 2584 callida
2434 2528 2786 2599 improbitas,
2829 2529 2967 2598 apud
3020 2538 3073 2582 te
3118 2531 3413 2597 repositum

1847 2634 1984 2680 ctal.

1917 2768 2096 2832 Atque
2137 2768 2194 2814 ut
2225 2761 2410 2815 eadem
2442 2758 2509 2812 de
2537 2756 2727 2811 iisdem
2762 2754 2924 2809 rebus
2955 2758 3295 2807 resumentes
3330 2750 3433 2804 dl-'

1849 2868 2054 2915 camus,
2099 2851 2242 2905 sicut
2279 2847 2559 2902 cruciﬁxio
2596 2853 2651 2901 et
2691 2845 2872 2915 passio
2919 2842 3124 2898 Christi
3189 2841 3415 2903 dicitur,
3524 2914 3532 2920 υ

1851 2942 2087 3010 itemque
2124 2937 2400 3006 sepultura
2434 2947 2489 2991 et
2527 2936 2764 3004 reliqua,
2817 2948 2885 2988 ne
2939 2933 3201 3003 prolixius
3252 2932 3415 2987 verba

1853 3032 2134 3094 faciamus,
2172 3029 2446 3084 modulum
2480 3028 2827 3090 excetlentes,
2860 3033 2915 3078 et
2950 3024 3283 3078 audientium
3322 3038 3420 3075 au-

1854 3124 2001 3177 ribus
2035 3121 2337 3175 molestiam
2372 3130 2644 3182 creantes,
2693 3130 2870 3184 neque
2898 3114 3008 3182 jam
3043 3114 3243 3168 diutius
3264 3128 3418 3183 teque

1851 3232 1914 3270 ac
1956 3224 2008 3268 tu
2049 3212 2383 3277 fabulemur;
2418 3212 2543 3280 quia
2594 3192 2800 3264 Christi
2847 3221 3045 3262 nomen
3098 3214 3418 3259 naturarum

207 3282 407 3352 Χριστοῦ
453 3289 565 3356 τῆς
614 3287 805 3350 δυάδος
847 3290 956 3342 τῶν
992 3290 1209 3357 φύσεων
1261 3290 1524 3363 δήλωσιν,
1572 3295 1642 3348 τά
1682 3299 1747 3367 τῇ

1852 3307 2166 3361 dualitatem
2216 3303 2623 3373 complectitur.
2674 3315 2735 3354 ea
2777 3299 2897 3369 qua:
2946 3299 3035 3351 uni
3080 3297 3418 3359 tribuuntur,

208 3377 287 3446 μιᾷ
324 3378 770 3450 προσνεμόμενα,
807 3381 901 3432 καὶ
931 3384 996 3450 τῇ
1050 3383 1211 3453 ἑτέρᾳ
1246 3384 1465 3446 πάντως
1510 3386 1753 3456 ἀπαντή-

207 3467 381 3524 σεσθαι.
432 3474 493 3527 '0
528 3473 769 3542 σταυρὸς
793 3472 900 3544 γὰρ
926 3473 1162 3537 δυνατῶς
1192 3474 1305 3545 ἔχει
1331 3475 1429 3546 τὴν
1461 3476 1751 3549 ἀνθρώπου

208 3559 336 3620 φύσιν
369 3562 543 3633 μόνην
581 3561 849 3626 κολάζειν,
886 3563 1025 3616 ἀλλὰ
1057 3564 1295 3635 Χριστοῦ
1332 3567 1563 3636 σταυρὸς
1598 3569 1749 3636 λέγε-

206 3664 290 3702 ται.
317 3652 417 3704 Καὶ
442 3652 690 3707 πειθέτω
716 3670 773 3706 σε
807 3656 833 3707 6
862 3654 1059 3722 λέγων’
1109 3655 1264 3722 Ἐμοὶ
1300 3655 1368 3709 δὲ
1396 3657 1482 3726 μὴ
1521 3657 1751 3727 γένοιτο

206 3741 550 3811 καυχᾶσθαι,
611 3745 665 3797 εί
717 3743 803 3813 μὴ
853 3744 925 3797 ἐν
964 3742 1043 3809 τῷ
1097 3744 1337 3814 σταυρῷ
1378 3745 1485 3799 τοῦ
1528 3748 1750 3815 Κυρίου

207 3830 345 3898 ἡμῶν
376 3835 590 3904 ἰησοῦ
623 3836 903 3902 Χριστοῦ.
944 3837 1011 3889 Ἦ
1042 3836 1311 3909 περιτομὴ
1336 3838 1432 3908 τὴν
1462 3837 1749 3909 ἀνθρώπου

209 3917 354 3989 σάρκα
384 3924 622 3995 διαιρεῖν
654 3924 911 3979 δύναται·
945 3927 1040 3979 καὶ
1072 3928 1101 3979 6
1130 3927 1299 3996 τάφος
1338 3927 1544 3998 ταύτην
1572 3931 1748 3998 ἐμπε-

210 4016 462 4083 ριγράφειν
494 4018 599 4072 καὶ
656 4019 991 4090 περικλείειν
1022 4021 1118 4074 καὶ
1156 4022 1537 4094 ἀποκρύπτειν
1585 4020 1746 4080 οἶδεν.

217 4099 351 4158 Ἀλλὰ
381 4107 561 4161 ταῦτα
601 4107 810 4171 πάντα,
843 4109 1081 4179 Χριστοῦ
1124 4108 1222 4179 μὲν
1250 4110 1470 4179 λέγεται
1495 4127 1510 4142 ο
1544 4112 1604 4165 οὺ
1642 4112 1751 4181 μὴν

210 4190 253 4243 δὲ
278 4198 464 4251 τούτων
495 4215 559 4251 τι
602 4199 697 4251 καὶ
742 4199 886 4253 κατὰ
918 4200 1017 4270 τῆς
1052 4199 1200 4264 θείας
1235 4202 1329 4255 καὶ
1369 4203 1748 4275 ἁνεκφράστου

210 4283 409 4353 φύσεως,
448 4288 663 4361 κυρίως
696 4291 791 4343 καὶ
833 4289 1106 4369 οὐσιωδῶς
1131 4294 1436 4363 εἰρήσεται,
1467 4273 1748 4364 ἀκηράτου

211 4387 260 4437 τε
284 4376 437 4448 οὔσης
474 4379 576 4432 καὶ
605 4378 871 4447 ἀπαθοῦς,
907 4381 999 4433 καὶ
1027 4383 1129 4450 τῆς
1155 4383 1299 4436 κατά
1329 4400 1383 4436 τι
1408 4382 1539 4451 γοῦν
1564 4385 1750 4437 τοιαῦ-

212 4477 290 4534 της
330 4469 567 4535 ἑννοίας,
617 4471 1047 4543 ἀπηλλαγμένης
1100 4474 1467 4529 παντάπασιν.
1529 4477 1591 4529 Ei
1642 4478 1750 4547 γάρ

214 4566 294 4607 που
323 4561 560 4615 τοιοῦτόν
609 4579 662 4614 τι
709 4562 900 4631 ὀφθείη
937 4564 1266 4635 λεγόμενον,
1299 4565 1376 4637 τῷ
1406 4568 1506 4638 τῆς
1544 4568 1752 4621 ἀντιδό-

215 4659 321 4710 σεως
367 4652 765 4723 ἢοίκειὼσεως
808 4656 997 4726 τρόπῳ
1048 4656 1295 4726 λέγεται,
1340 4659 1480 4728 ὅπερ
1527 4675 1609 4711 σοι
1652 4659 1747 4713 νῦν

1852 3398 2008 3453 alteri
2034 3410 2252 3466 quoque
2284 3394 2563 3450 accedent.
2594 3391 2753 3445 Certe
2781 3405 2910 3444 crux
2947 3388 3160 3443 nonnisi
3184 3387 3422 3441 hominis

1854 3500 2101 3543 naturam
2149 3486 2260 3557 60
2295 3485 2542 3538 cruciare
2586 3490 2783 3551 potest,
2822 3481 3171 3537 nihilominus
3215 3479 3417 3532 Christi

1852 3594 1983 3631 crux
2016 3579 2237 3631 dicitur.
2272 3573 2457 3628 Fidem
2492 3575 2584 3627 tibi
2622 3572 2780 3627 faciat
2813 3572 2902 3639 qui
2928 3572 3003 3624 ait
3036 3586 3051 3625 :
3086 3567 3219 3623 Mt/ti
3245 3579 3420 3621 autem

1851 3670 1984 3726 absit
2030 3669 2286 3740 gloriari,
2341 3667 2443 3721 nisi
2498 3668 2551 3720 in
2606 3682 2757 3720 cruce
2810 3663 3018 3717 Domini
3067 3662 3231 3715 nostri
3290 3659 3420 3714 lem

1852 3763 2052 3818 Christi
2083 3763 2150 3815 ⁸⁷.
2183 3759 2539 3814 Circumcisio
2572 3757 2810 3811 hominis
2844 3769 3061 3809 carnem
3095 3750 3419 3806 abscindere

1851 3865 2047 3924 potest,
2086 3862 2140 3906 et
2169 3850 2475 3920 sepulcrum
2508 3850 2649 3903 hanc
2679 3849 2818 3901 intra
2857 3860 2916 3900 se
2943 3841 3414 3905 circumscribere,

1850 3943 2174 3999 concludere
2227 3955 2294 3995 ac
2346 3940 2524 3995 celare
2577 3938 2742 3992 valet.
2813 3936 2938 3990 Haec
2997 3942 3176 3987 tamen
3234 3930 3416 3984 omnia

1851 4032 2049 4087 Christi
2077 4032 2330 4086 dicuntur
2361 4046 2375 4083 :
2411 4043 2722 4099 quanquam
2751 4026 2884 4080 nihil
2914 4025 3107 4079 borum
3136 4025 3204 4075 de
3232 4022 3414 4075 divina

1852 4121 2109 4176 inell'abili
2144 4129 2339 4174 natura
2375 4120 2591 4187 proprie
2618 4132 2682 4171 ac
2722 4113 3154 4172 substantialiter
3178 4111 3418 4172 dicetur,

1849 4212 1975 4282 quia
2001 4220 2087 4283 est
2112 4212 2227 4265 haec
2257 4207 2581 4264 inviolabilis
2606 4217 2662 4263 et
2692 4204 3064 4275 impassihilis,
3089 4211 3144 4258 et
3171 4202 3239 4255 ah
3266 4200 3415 4254 omni

1850 4304 1967 4374 ejus
1992 4302 2208 4374 generis
2233 4287 2311 4367 re,
2340 4315 2460 4371 qua:
2491 4298 2716 4370 cogitari
2746 4296 2936 4367 possit,
2969 4309 3191 4363 prorsus
3217 4292 3417 4345 aliena.

1851 4391 1983 4446 Nam
2011 4392 2056 4445 si
2093 4391 2220 4461 quid
2245 4390 2552 4459 huiusmodi
2580 4388 2782 4442 dictum
2816 4386 3083 4446 videatur,
3114 4383 3164 4436 id
3195 4395 3417 4449 permu-

1850 4481 2074 4536 tationis
2103 4489 2160 4535 et
2189 4478 2650 4549 appropriationis
2679 4478 2836 4529 modo
2858 4475 3076 4537 dicitur,
3106 4470 3249 4540 quod
3279 4480 3332 4522 tu
3367 4468 3419 4522 in

1851 4573 2102 4642 prtesenti
2129 4588 2234 4626 non
2262 4571 2420 4635 l‘acis,
2449 4570 2576 4640 quia
2605 4570 2847 4623 funditus
2872 4568 2921 4629 id
2952 4566 3192 4637 ignoras.
3221 4564 3423 4619 Passus

1851 4676 2030 4719 autem
2048 4663 2298 4720 Christus
2320 4662 2519 4716 dicitur
2540 4675 2643 4714 non
2668 4675 2772 4729 qua
2800 4660 2959 4722 Deus,
2987 4658 3080 4713 sed
3107 4673 3208 4723 qua
3237 4659 3420 4720 homo,

213 4738 257 4789 οὐ
298 4741 526 4810 δέδοται,
557 4745 868 4818 ὁλοτρόπως
909 4749 1267 4819 ἠγνοημένον.
1312 4750 1651 4805 Πεπονθέναι
1691 4750 1748 4804 δὲ

1850 4754 1945 4809 etsi
1988 4769 2128 4808 unus
2172 4752 2422 4821 idemque
2453 4760 2537 4805 est
2574 4750 2912 4820 hypostatice
2952 4747 3249 4802 adunatus.
3278 4745 3418 4813 Quia

214 4825 409 4898 Χριστὸς
440 4837 698 4905 λέγεται,
750 4839 848 4908 οὐχ
976 4838 1138 4903 Θεὸς,
1175 4838 1290 4893 ἀλλ’
1424 4840 1747 4913 ἄνθρωπος’

217 4920 363 4976 καίτοι
397 4920 476 4989 εἷς
525 4928 621 4981 καὶ
674 4931 704 4981 6
748 4928 910 4992 αὐτὸς
950 4929 1241 5001 ὑπάρχων,
1303 4931 1583 5001 ἡνωμένος
1621 4931 1750 4985 καθ’

218 5005 494 5071 ὑπόστασιν.
558 5017 713 5070 Ἐπεὶ
763 5014 856 5072 οῦν
892 5019 987 5072 καὶ
1027 5019 1089 5072 τὸ
1119 5020 1298 5090 σῶμα,
1334 5021 1471 5093 ὅπερ
1500 5020 1559 5086 ἐξ
1595 5023 1751 5093 ἡμῶν

217 5100 467 5177 ἀνείληφε,
509 5110 747 5182 Χριστοῦ
799 5112 960 5183 σῶμα
992 5113 1239 5181 λέγεται.
1274 5117 1331 5167 ἐν
1365 5108 1410 5182 ᾧ
1441 5115 1536 5168 καὶ
1570 5116 1745 5170 πάντα

219 5199 506 5254 πεπονθέναι
540 5202 889 5264 πιστεύεται,
943 5203 1102 5257 τοῦτο
1142 5205 1197 5257 δὲ
1252 5205 1314 5257 τὸ
1367 5205 1526 5276 σῶμα
1565 5206 1746 5277 πάντη

221 5286 292 5337 καὶ
314 5292 515 5358 πάντως
541 5297 870 5367 χαρακτῆρα
899 5291 1043 5367 εἶχεν
1060 5338 1075 5362 ,
1111 5298 1171 5349 οὑ
1199 5295 1306 5369 γὰρ
1331 5292 1399 5368 ἦν
1431 5298 1746 5368 ἀχαρακτή·

224 5389 370 5439 Ριστον
387 5424 401 5446 ,
429 5385 549 5438 ἐπεὶ
577 5387 703 5439 οὐδὲ
732 5385 912 5455 σῶμα,
948 5388 1158 5457 ἀνάγκη
1187 5389 1281 5441 καὶ
1313 5387 1405 5440 τὸν
1429 5388 1523 5441 τοῦ
1561 5386 1747 5458 σώμα-

223 5478 294 5529 τος
326 5477 635 5549 χαρακτῆρα
687 5478 782 5531 καὶ
820 5477 918 5548 τὴν
963 5478 1251 5543 ὁμοίωσιν,
1307 5479 1547 5550 Χριστοῦ
1593 5479 1746 5548 λέγε-

227 5553 343 5615 σθαι.
383 5562 465 5628 Ὦς
512 5567 619 5637 γὰρ
648 5570 825 5622 ἐκεῖνο
854 5570 1055 5623 οἰκεῖον
1103 5572 1377 5639 Χριστοῦ,
1428 5571 1603 5635 οὕτως
1651 5573 1745 5626 καὶ

229 5644 355 5703 τοῦτο
374 5655 429 5706 οὐ
454 5658 585 5728 πρὸς
619 5660 718 5729 τὴν
744 5659 838 5714 τοῦ
866 5662 1039 5731 Λόγου
1073 5662 1235 5731 φύσιν
1264 5662 1360 5735 τὴν
1386 5664 1572 5734 σχέσιν
1595 5664 1740 5734 ἔχον,

288 5864 325 5896 δ’
348 5867 506 5928 Galat.
536 5892 607 5942 Vl,
642 5877 721 5931 Η.

1847 4846 2008 4914 igitur
2037 4854 2092 4897 et
2118 4858 2314 4911 corpus
2336 4842 2476 4911 quod
2512 4856 2541 4894 a
2583 4840 2741 4894 nobis
2777 4839 3029 4908 sumpsit,
3060 4839 3262 4892 Christi
3298 4855 3422 4892 cor—

1847 4950 1945 5005 pus
1977 4934 2195 4998 dicitur,
2234 4934 2286 4987 iu
2318 4947 2426 5002 quo
2472 4932 2638 4987 etiam
2687 4929 2867 4984 omnia
2902 4944 3102 4997 passus
3154 4931 3417 4994 creditur,

1848 5028 1951 5081 hoc
1982 5036 2164 5081 autem
2200 5039 2395 5092 corpus
2434 5024 2658 5077 omnino
2697 5022 3067 5075 characterem
3115 5021 3341 5085 habuit;
3373 5022 3449 5073 si'

1853 5118 1997 5172 enim
2023 5117 2123 5170 hoc
2151 5115 2439 5176 caruisset,
2471 5128 2538 5166 ne
2572 5127 2771 5182 corpus
2803 5111 3019 5180 quidem
3063 5109 3294 5171 fuisset;
3330 5126 3423 5164 nec

1852 5221 2008 5262 cesse
2046 5215 2131 5261 est
2161 5206 2324 5261 etiam
2365 5203 2611 5273 corporis
2648 5203 3023 5258 characterem
3059 5218 3121 5256 ac
3153 5202 3421 5268 speciem,

1853 5295 2054 5353 Christi
2080 5296 2206 5351 dici.
2230 5293 2364 5347 Nam
2387 5295 2531 5349 sicut
2554 5308 2754 5363 corpus
2785 5292 3058 5363 proprium
3083 5290 3286 5347 Christi
3315 5299 3416 5352 est,

1854 5390 1935 5444 sic
1960 5398 2013 5443 et
2044 5390 2327 5443 character
2355 5387 2494 5440 haud
2532 5385 2844 5440 referendus
2875 5388 2939 5439 ad
2977 5393 3224 5438 naturain
3261 5380 3421 5436 Verbi

1854 5494 1937 5537 est
1974 5482 2115 5552 quod
2145 5480 2314 5536 lomta
2358 5490 2530 5542 caret,
2558 5490 2613 5534 et
2643 5478 2980 5532 indetinitutn
3011 5486 3090 5531 est
3115 5517 3129 5540 ,
3168 5472 3424 5544 nullaque

1856 5575 2022 5645 ﬁgura
2055 5574 2374 5643 praeditum;
2402 5573 2495 5626 sed
2520 5572 2586 5624 ad
2615 5569 2772 5625 Verbi
2797 5584 2995 5639 corpus
3019 5569 3424 5633 humanamque

1851 5675 2098 5719 naturam
2130 5665 2366 5735 pertinet
2390 5663 2615 5735 ejusque
2653 5662 2904 5726 fortnam,
2942 5672 3006 5716 ex
3040 5660 3235 5731 quibus
3264 5658 3428 5714 Chri-
