4086 6344
535 468 661 535 315

1555 470 1615 529 S.
1658 468 2075 528 NlCEPlIORI
2114 467 2621 528 PATRIARCHE
2664 466 2772 526 ΕΡ.

3677 462 3781 525 316

535 594 651 645 eius
691 577 1017 633 coniicitur:
1058 575 1284 642 ideoque
1317 582 1370 625 ct
1408 573 1805 643 homonymiatn
1839 591 1959 629 cum
2012 574 2102 629 illo

2223 574 2365 644 ’σμεν
2406 574 2514 645 γὰρ
2549 575 2713 627 αὐτὸν
2758 576 2997 627 ἀνείδεον
3054 576 3147 627 καὶ
3202 573 3431 645 ἄσχετον
3479 576 3571 628 καὶ
3612 577 3783 648 ἀσχη-

538 672 730 733 ίιιὼνι,
766 670 890 738 quia
923 668 1158 735 speciem
1188 666 1306 733 ejus
1335 679 1443 732 pm
1469 679 1526 717 se
1550 663 1654 717 fert
1685 664 1923 736 (ϐα-65).

2211 667 2503 738 μάτιστον,
2546 665 2681 718 ἀλλά
2723 664 2857 735 πρὸς
2891 665 2950 716 τὸ
2991 663 3083 715 τοῦ
3131 664 3321 731 Λόγου,
3346 663 3505 734 σῶμα
3558 665 3653 718 καὶ
3683 666 3786 735 τὴν

537 763 880 834 ἀνθρωπείαν
912 758 1072 828 φύσιν
1114 759 1208 808 καὶ
1236 756 1298 808 τὸ
1325 752 1467 819 εἶδος
1504 756 1665 822 αὐτὸ,
1695 756 1755 823 ἐξ
1797 749 1871 809 ὧν
1902 759 1930 808 ὁ
1963 757 2196 825 Χριστός
2218 773 2233 787 ⁸
2262 758 2342 810 διὸ
2395 759 2488 810 καὶ
2546 756 2854 827 ὁμωνύμως
2910 753 3059 825 αὐτῷ
3126 755 3617 825 προσαγορεύεται,
3646 757 3787 811 κατὰ

539 857 638 928 τὴν
668 854 926 925 ὁμοίωσιν
956 852 1119 905 αὐτοῦ
1147 850 1572 919 ἐμφαινόμενον.

610 948 715 1001 Sed
755 954 805 999 te
835 944 1048 1013 quidem
1089 951 1420 1010 assumptum
1454 942 1654 996 Christi
1699 957 1919 1003 nomen,
1962 942 2104 1011 quod

540 1044 765 1093 duarum
801 1046 1116 1090 naturarum
1158 1034 1641 1089 demonstrativum
1675 1044 1789 1096 est,
1841 1034 2108 1103 dogmati-

540 1129 639 1181 bus
667 1126 773 1179 tuis
800 1125 1018 1195 gloriari
1050 1137 1375 1192 magnopere
1395 1132 1452 1176 et
1475 1122 1649 1175 inﬂari
1680 1122 1912 1189 impulil,
1947 1131 2109 1189 atque

538 1218 853 1272 existimare
885 1225 1135 1270 neutrum
1179 1215 1368 1268 horum
1413 1214 1518 1266 isto
1560 1213 1779 1267 nomine
1822 1214 2106 1268 denotato-

541 1324 656 1362 rum
680 1346 696 1371 ,
731 1307 849 1360 sine
883 1306 1090 1369 altero,
1133 1303 1371 1371 quolibet
1407 1303 1458 1354 in
1496 1302 1706 1369 negotio
1738 1308 1828 1354 aut
1857 1302 2108 1367 dogmate

542 1397 809 1452 nominari
844 1397 1041 1459 solere,
1079 1410 1181 1451 nec
1212 1392 1614 1463 quomodolibet
1644 1391 1929 1458 usurpari,
1975 1392 2105 1458 quin

543 1490 585 1539 si
624 1486 692 1540 ab
722 1487 893 1540 altero
916 1485 1263 1550 dissocictur,
1293 1481 1478 1549 procul
1503 1481 1724 1534 omnino
1748 1481 2103 1534 distrahatur.

545 1578 655 1632 Nos
686 1592 812 1631 vero
841 1577 968 1645 quid
1000 1577 1064 1629 ad
1091 1575 1203 1628 lucc
1234 1573 1498 1628 dicimus?
1523 1573 1664 1627 Sane
1693 1572 1787 1625 tibi
1817 1572 2109 1640 aliquando

544 1678 817 1730 occurret,
842 1666 1113 1720 Imminem
1138 1665 1509 1717 tantummodo
1525 1661 1799 1717 Christum
1820 1671 1909 1715 aut
1938 1662 2103 1715 lilium

548 1760 785 1814 hominis
816 1757 942 1821 dici,
972 1764 1131 1825 atque
1159 1755 1227 1807 ita
1261 1754 1401 1807 nuda
1433 1754 1799 1808 nominatione
1824 1753 2105 1821 appellari.

2295 942 2459 995 Ἀλλὰ
2494 943 2552 995 σὲ
2597 941 2697 1012 μὲν
2739 940 2801 992 τὸ
2839 938 3194 1010 παραληφθὲν
3224 939 3428 1005 ὄνομα,
3471 939 3565 991 δύο
3614 941 3791 1013 ὑπάρ-

2211 1052 2305 1105 χον
2349 1034 2647 1099 δηλωτικὸν
2682 1032 2925 1101 φύσεων,
2988 1032 3078 1083 ἐπὶ
3136 1033 3247 1093 τοῖς
3293 1033 3403 1091 σοῖς
3457 1029 3787 1102 παρώτρυνε

2210 1126 2441 1194 δόγμασι
2486 1125 2626 1195 μέγα
2669 1124 2886 1193 φρονεῖν
2919 1123 3011 1175 καὶ
3050 1120 3440 1192 βρενθύεσθαι,
3481 1121 3692 1174 οἴεσθαί
3731 1139 3791 1174 τε

2214 1218 2336 1289 μηδ’
2362 1218 2546 1287 ἕτερον
2569 1216 2679 1268 τῶν
2712 1216 2854 1269 κατά
2888 1214 3127 1282 τοῦνομα
3160 1214 3557 1284 θεωρουμένων
3581 1255 3595 1279 ,
3632 1213 3793 1266 θατέ-

2213 1327 2307 1382 ρου
2338 1310 2465 1363 ἄνευ
2496 1308 3029 1379 προσαγορεύεσθαι,
3063 1305 3119 1358 ἐν
3151 1323 3259 1358 τινι
3292 1306 3579 1377 πράγματι
3602 1305 3636 1375 ἣ
3667 1306 3790 1373 διγ-

2216 1416 2365 1469 ματι,
2409 1400 2441 1470 ἢ
2482 1397 2728 1451 ὁπωσοῦν
2780 1396 3322 1467 παραλαμϐάνεσθαι,
3362 1394 3393 1464 ἢ
3455 1394 3673 1457 πάντως
3726 1411 3790 1461 γε

2217 1490 2547 1560 μονούμενον
2567 1489 2659 1543 τοῦ
2682 1489 2890 1560 ἐτέρου,
2920 1489 3312 1558 διαστήσεσθαι
3342 1485 3559 1557 μακρῷ,
3595 1486 3792 1555 Ἱῐμεῖς

2213 1584 2270 1636 δὲ
2298 1583 2350 1635 τί
2385 1581 2522 1652 πρὸς
2562 1581 2731 1634 ταῦτὰ
2760 1596 2975 1650 φαμενς
3025 1579 3296 1647 Ὀπηνίκα
3350 1578 3415 1631 ἄν
3456 1595 3538 1631 σοι
3582 1594 3791 1646 προτα-

2213 1675 2364 1746 θείη,
2403 1674 2687 1743 ἄνθρωπον
2730 1674 2891 1743 μόνον
2922 1674 3014 1724 τὸν
3057 1671 3321 1741 Χριστὸν,
3362 1669 3395 1739 ἢ
3428 1669 3545 1722 υἱὸν
3586 1667 3797 1740 ἀνθρώ-

2213 1779 2317 1816 που
2347 1762 2633 1829 λέγεσθαι,
2669 1762 2763 1814 καὶ
2809 1759 2967 1812 τοῦτο
2992 1758 3120 1827 ψιλῇ
3161 1760 3248 1828 τῇ
3271 1756 3463 1826 κλήσει
3514 1773 3796 1826 προσαγο-

550 1852 616 1904 Et
650 1850 694 1902 si
740 1849 829 1901 alii
866 1848 1090 1908 nemini,
1124 1845 1340 1901 Christo
1380 1855 1528 1901 certe
1560 1845 1781 1899 credere
1810 1844 1956 1898 voles
1995 1855 2109 1898 tur-

2223 1857 2525 1925 ρευῧμενον.
2555 1855 2665 1907 Καὶ
2699 1854 2747 1905 εί
2782 1854 2854 1922 μή
2900 1867 3005 1903 τινι
3042 1849 3189 1919 ἄλλῳ
3210 1887 3225 1912 ,
3258 1847 3410 1917 αὑτῷ
3438 1864 3501 1915 γε
3539 1846 3618 1918 τῷ
3653 1849 3794 1918 Χρι-

549 1939 630 1990 his
659 1935 970 1991 Iudaeorum
997 1934 1194 1988 dicenti
1230 1951 1243 1986 :
1286 1931 1395 1986 Cur
1420 1948 1499 1985 me
1532 1933 1823 2001 interﬁcere
1848 1934 2107 2002 qua’ritis,

546 2027 806 2079 hominem
832 2027 920 2092 qui
944 2026 1204 2077 ueritatem
1229 2022 1367 2075 vobis
1394 2023 1593 2076 locutus
1620 2039 1734 2075 sum
1753 2023 1797 2054 ⁸⁸
1820 2023 1922 2076 ?Et
1949 2042 1961 2076 :
1989 2022 2112 2077 Nisi

546 2117 987 2170 mandumveritis
1018 2132 1228 2168 carnem
1254 2113 1381 2166 Filii
1420 2115 1649 2167 hominis
1674 2114 1741 2166 ⁵⁸.
1778 2114 1844 2167 ΕΙ.
1888 2133 1901 2167 :
1938 2113 2112 2168 Clari-

546 2209 733 2277 ﬁcatus
760 2217 834 2260 est
858 2206 1033 2261 Filius
1060 2207 1283 2259 hominis
1310 2205 1375 2258 ⁶⁰.
1408 2204 1475 2257 Ει
1500 2222 1513 2258 :
1540 2203 1716 2258 Filius
1747 2204 1972 2259 hominis
2003 2214 2116 2257 tra-

546 2300 745 2352 dendus
769 2308 841 2351 est
865 2298 930 2352 ⁶¹.
956 2298 1024 2350 Et
1048 2315 1061 2349 ε
1097 2295 1246 2348 Venit
1273 2294 1444 2348 Filius
1468 2296 1694 2348 hominis
1715 2296 1783 2347 ad
1805 2295 2113 2349 saluandam

546 2392 684 2460 quod
720 2392 943 2458 perierat
976 2389 1043 2442 “.
1072 2389 1135 2442 Et
1161 2405 1173 2440 :
1214 2388 1426 2442 Davidis
1458 2386 1654 2440 Filium
1684 2389 2021 2441 nominabant
2041 2388 2109 2440 °'.

552 2481 825 2550 Multaque
866 2482 946 2535 his
992 2481 1189 2534 similia
1224 2482 1276 2532 in
1330 2479 1633 2548 Evangeliis
1682 2481 2107 2547 comperieutur,

2214 1946 2343 2016 στῷ,
2381 1947 2540 2016 εἴπερ
2582 1943 2813 2013 βούλοιο,
2845 1941 3148 2010 πεισθήσῃ,
3186 1939 3324 2008 πρὶς
3354 1938 3444 1990 τὸν
3487 1938 3657 2008 δῆμον
3684 1938 3795 1991 τῶν

2225 2037 2489 2092 Ἰουδαίων
2533 2036 2743 2103 λέγοντι
2768 2049 2782 2063 ·
2817 2034 2879 2086 Τί
2919 2049 2996 2101 με
3022 2029 3248 2097 ζητεῖτε
3290 2029 3639 2082 ἀποκτεῖναι
3685 2027 3795 2080 ἇν-

2212 2134 2448 2198 θρωπον
2494 2127 2562 2192 ὃς
2616 2126 2725 2194 τὴν
2768 2124 3059 2192 ἀλήθειαν
3091 2118 3602 2189 ῠμῖν.1ελά.ῑηκα;
3653 2115 3745 2171 καί
3778 2134 3793 2147 ·

2213 2220 2351 2273 Ἐὰν
2367 2219 2452 2287 μὴ
2480 2218 2705 2287 φάγητε
2742 2216 2854 2283 τὴν
2879 2213 3079 2281 σάρκα
3113 2210 3219 2263 τοῦ
3258 2208 3396 2262 Υῑοῦ
3432 2209 3537 2261 τοῦ
3570 2208 3798 2275 ἀνθρώ-

2214 2325 2332 2366 που
2356 2329 2371 2342 ·
2415 2311 2506 2363 καί
2532 2325 2544 2339 ⁸
2568 2308 2697 2362 Νῦν
2723 2304 3026 2370 ἐδοξάσθη
3062 2306 3094 2356 ό
3138 2301 3270 2365 Υἱὸς
3298 2300 3405 2353 τοῦ
3438 2298 3756 2365 ἀνθρώπου
3779 2313 3792 2328 ο

2214 2405 2327 2458 καίο
2357 2403 2579 2457 Μέλλει
2605 2405 2636 2455 ό
2672 2399 2803 2465 Υἱὸς
2824 2398 2931 2452 τοῦ
2963 2393 3280 2462 ἀνθρώπου
3309 2392 3744 2459 παραδίδοσθαι
3774 2406 3790 2421 ’
3818 2409 3826 2415 π

2215 2495 2337 2547 καίο
2386 2488 2616 2546 ’Ἦλθεν
2670 2494 2703 2544 ό
2767 2489 2903 2553 Υἱὸς
2952 2487 3060 2541 τοῦ
3120 2485 3435 2552 ἀνθρώπου
3489 2482 3685 2535 σῶσαι
3730 2484 3796 2535 τὸ

552 2576 655 2627 nisi
690 2573 827 2627 forte
858 2574 1006 2626 lusus
1038 2586 1297 2639 nugaaque
1333 2572 1639 2640 evangelica
1673 2587 1701 2625 a
1733 2580 1787 2625 tc
1818 2572 2117 2626 creduntur

2223 2584 2532 2648 ἀπολωλός
2556 2598 2568 2610 ⁸
2598 2582 2724 2634 καί·
2768 2581 2900 2633 Flor
2931 2578 3108 2632 Δαόὶδ
3138 2574 3458 2646 ὠνόμαζον.
3490 2576 3599 2628 Καὶ
3624 2574 3799 2627 πολλὰ

552 2664 793 2716 oracula.
823 2662 1086 2728 Quoniam
1120 2663 1300 2729 itaque
1328 2665 1469 2730 quod
1500 2662 1638 2716 nuda
1666 2662 1900 2716 hominis
1930 2663 2116 2732 appel-

554 2754 754 2809 latione
801 2754 1156 2823 sipnillcatur,
1204 2770 1368 2808 unum
1406 2761 1511 2816 est,
1549 2770 1653 2806 non
1711 2755 1839 2819 duo,
1878 2755 2016 2807 sicut
2065 2754 2116 2807 iu

554 2845 761 2901 Christi
797 2845 1016 2898 nomine
1051 2845 1298 2899 usuvenit
1323 2861 1337 2907 ;
1365 2858 1594 2914 namque
1637 2859 1797 2898 unam
1831 2845 1985 2898 nobis
2013 2843 2116 2897 hu-

557 2951 772 2989 manam
838 2945 1084 2989 naturam
1146 2935 1462 2989 vocabulum
1516 2935 1767 2999 denotat;
1825 2934 1953 3004 quid
2024 2934 2117 2987 tibi

557 3027 787 3087 eveniet,
827 3034 883 3080 et
914 3027 1042 3095 quid
1081 3026 1176 3079 tibi
1206 3024 1509 3093 adiicietur,
1548 3026 1712 3080 veluti
1759 3041 1954 3080 novum
1991 3026 2118 3095 quid

2214 2675 2425 2737 τούτοις
2478 2672 2833 2744 εὑρεθήσεται
2885 2672 2943 2723 ὲν
2994 2672 3105 2733 τοῖς
3155 2668 3509 2737 Εύαγγελίοις
3567 2667 3636 2719 τὰ
3689 2683 3797 2717 πα-

2218 2762 2526 2834 ραπλήσια,
2586 2759 2746 2830 εἴπερ
2799 2775 2881 2812 σοι
2944 2758 3020 2829 μὴ
3088 2756 3277 2809 παιδιά
3347 2754 3439 2809 καὶ
3506 2754 3670 2823 λῆρος
3727 2753 3796 2805 τὰ

2216 2852 2547 2921 εὐαγγελικά
2584 2850 2896 2919 νενόμισται
2942 2849 3120 2917 λόγια.
3165 2849 3319 2900 Ἐπεὶ
3360 2846 3454 2899 οὖν
3496 2846 3558 2899 τὸ
3610 2845 3798 2912 δηλού-

2220 2963 2379 3016 μενον
2412 2946 2477 2997 ἐκ
2507 2944 2602 3011 τῆς
2636 2942 2802 3011 ψιλῆς
2842 2941 2937 2994 τοῦ
2981 2939 3276 3011 ἀνθρώπου
3305 2938 3701 3011 προσηγορίας,
3736 2937 3797 2989 ἓν

2225 3037 2393 3097 ἐστιν,
2424 3034 2485 3086 ού
2515 3032 2640 3097 δύο,
2677 3032 2930 3102 καθάπερ
2946 3032 3038 3084 ἐπὶ
3076 3029 3168 3083 τοῦ
3204 3029 3460 3097 Χριστός
3496 3027 3760 3097 ὀνόματος
3782 3067 3800 3092 ,

557 3128 615 3173 et
659 3132 911 3185 magnum
961 3126 1014 3171 et
1043 3117 1199 3184 plane
1249 3116 1571 3170 miritlcum?
1607 3116 1757 3171 Licet
1807 3118 1951 3170 enim
1999 3117 2119 3183 tibi,

2227 3126 2356 3194 μίαν
2391 3126 2497 3195 γὰρ
2537 3125 2673 3193 ἡμῖν
2708 3124 2872 3192 φύσιν
2911 3124 2943 3192 ἡ
2981 3122 3132 3192 φωνὴ
3170 3120 3267 3191 τὴν
3301 3120 3657 3192 ἀνθρωπίνην
3703 3137 3802 3188 χα·

558 3210 649 3279 qui
683 3208 897 3263 Christo
944 3209 1121 3278 potius
1154 3224 1314 3277 quam
1361 3209 1561 3261 nomini
1616 3207 1731 3276 ejus
1779 3208 2118 3275 adversaris,

563 3316 767 3354 merum
802 3300 1072 3353 hominem
1115 3309 1170 3353 et
1199 3301 1265 3354 de
1300 3307 1487 3353 nostro
1520 3313 1746 3352 numero
1776 3314 1941 3351 unum
1991 3315 2119 3367 prm-

561 3392 747 3447 dicare
779 3391 1083 3456 Dominum,
1113 3390 1167 3444 id
1194 3390 1336 3460 quod
1370 3399 1423 3443 tu
1454 3399 1509 3443 et
1541 3390 1669 3443 olim
1707 3400 1761 3445 et
1786 3404 1929 3443 nunc
1957 3390 2122 3444 etiam

563 3482 807 3551 improbe
843 3482 1130 3549 studuisti;
1161 3492 1321 3550 atque
1348 3483 1489 3535 hunc
1525 3496 1695 3545 reum,
1726 3490 1779 3534 et
1806 3495 1977 3549 pronae
2001 3480 2127 3535 sub-

564 3575 757 3636 ditum,
797 3583 851 3628 et
891 3574 1050 3644 digna
1106 3573 1365 3627 malelicis
1410 3572 1738 3640 patientem,
1773 3572 2126 3641 violentiaque

566 3666 685 3720 neci
725 3666 1016 3720 addictum.
1040 3664 1156 3725 Alia
1189 3664 1439 3718 consulto
1462 3671 1754 3732 praetereo,
1783 3664 2128 3733 blasphemia:

567 3765 730 3811 metu.
762 3755 1013 3813 Fortasse
1041 3756 1208 3816 dices,
1249 3754 1521 3807 hominem
1551 3753 1689 3807 hunc
1722 3754 1886 3809 Deum
1914 3770 2128 3824 quoque

563 3862 701 3902 esse.
744 3848 1107 3913 Quaestioaem
1154 3844 1390 3906 solvisti;
1423 3859 1543 3897 nam
1579 3853 1633 3908 et
1676 3845 1815 3899 Deus
1850 3846 1935 3899 hic
1971 3848 2130 3899 homo

562 3947 663 3993 cst.
705 3939 810 3993 Sed
843 3955 873 3992 e
900 3937 1196 4000 contrario,
1226 3951 1347 3989 cum
1397 3934 1563 3988 Deum
1616 3936 1988 3989 tantummodo
2036 3949 2134 3990 no-

566 4028 754 4081 minari
781 4029 935 4081 audis
963 4045 975 4081 :
1006 4025 1073 4078 In
1095 4025 1353 4093 principio
1378 4033 1488 4077 erat
1526 4022 1751 4077 Verbum
1773 4061 1788 4085 ,
1818 4034 1863 4075 et
1912 4022 2133 4076 Verbum

562 4129 676 4174 erat
707 4121 843 4188 apud
876 4119 1036 4171 Deum
1059 4159 1073 4184 ,
1102 4128 1147 4169 et
1183 4117 1318 4170 Deus
1357 4125 1471 4170 erat
1515 4113 1743 4168 Verbum
1770 4116 1836 4167 “.
1881 4113 1948 4167 Et
1994 4115 2127 4168 vidi~

565 4228 679 4265 mus
696 4212 920 4280 gloriam
950 4211 1086 4279 ejus,
1113 4210 1332 4277 gloriam
1364 4205 1798 4277 quasiUuigeniti
1834 4192 1862 4256 ο
1892 4204 2131 4257 Patre“.

554 4304 630 4375 Et
661 4323 674 4358 :
707 4303 857 4357 Sicut
896 4301 1055 4355 Pater
1089 4303 1307 4354 suscitat
1345 4309 1585 4351 mortuos
1619 4309 1665 4350 et
1695 4297 1951 4365 vivificat,
1984 4299 2058 4350 sic
2085 4306 2134 4350 et

563 4393 732 4449 Filius
758 4409 885 4463 quos
904 4393 1012 4446 rnlt
1033 4391 1250 4459 riviﬁont
1274 4389 1412 4442 “.Et
1434 4407 1449 4442 :
1473 4385 1655 4451 Pater,
1678 4387 1912 4453 clari/ica
1936 4384 2149 4439 Filium

566 4499 732 4548 mum,
767 4499 819 4538 ut
850 4493 899 4538 et
944 4480 1115 4536 Filius
1147 4481 1400 4547 clariﬁcet
1438 4488 1485 4531 te
1515 4478 1581 4530 ⁸⁷.
1618 4478 1677 4531 Et
1725 4496 1739 4533 :

568 4573 730 4627 Pater
755 4591 916 4627 unum
946 4589 1125 4625 sumus
1150 4570 1216 4624 “.
1246 4571 1309 4623 Et
1338 4584 1484 4624 cmco
1516 4577 1640 4621 nato
1668 4569 1865 4622 dicitur
1889 4587 1901 4622 :
1929 4568 2004 4622 Tu
2029 4586 2134 4623 cre-

567 4666 651 4717 dis
695 4668 751 4717 in
806 4663 1019 4716 Filium
1076 4662 1176 4715 Dei
1197 4662 1279 4714 ‘9?
1316 4672 1370 4716 et
1422 4676 1756 4729 qua-cunque
1790 4662 1873 4715 his
1902 4661 2131 4726 similia;

569 4772 717 4819 num,
768 4756 1004 4823 inquam,
1037 4770 1156 4808 cum
1192 4757 1304 4809 haec
1348 4754 1525 4817 audis,
1566 4753 1735 4807 Deum
1766 4754 2135 4807 tantummodo

566 4848 869 4913 existimas,
900 4847 1201 4900 suhSIantia
1236 4856 1416 4901 nostra
1448 4845 1769 4911 spoliatum?
1798 4843 1874 4898 Ita
1904 4859 2132 4913 prorsus

567 4956 691 4995 eum
738 4953 963 5008 corpore
998 4953 1262 5002 exuores,
1305 4947 1359 4993 ct
1405 4936 1661 5006 quidquid
1708 4937 2002 4989 humanum
2050 4944 2136 4988 est

569 5030 913 5097 detraherrs;
948 5031 1078 5083 advo
1109 5040 1165 5083 ut
1204 5031 1314 5099 jam
1349 5029 1543 5083 deinde
1576 5043 1764 5099 posses
1812 5028 2125 5081 universam

567 5123 923 5177 (nconomiam
953 5134 1137 5190 aperte
1160 5124 1461 5175 destruere.

2225 3213 2579 3289 ρακτηρίζει,
2621 3216 2674 3266 τί
2710 3231 2793 3268 σοι
2833 3213 3175 3283 συμϐήσεται
3210 3213 3305 3266 καὶ
3337 3212 3798 3285 τίῆπροστεθήσε-

2222 3324 2350 3369 ται,
2399 3305 2475 3367 ὡς
2519 3304 2704 3357 καινόν
2744 3322 2797 3356 τι
2849 3304 2944 3357 καὶ
2989 3304 3132 3373 μέγα
3174 3304 3267 3356 καὶ
3310 3296 3613 3371 θαυμάσιον
3652 3296 3817 3368 οἷονζ

2228 3393 2444 3458 Ἔξεστι
2473 3394 2581 3462 γάρ
2624 3409 2706 3445 σοι
2738 3392 3194 3462 χριστομαχοῦντι
3232 3390 3431 3460 μᾶλλον
3467 3391 3500 3461 ἢ
3535 3391 3795 3460 ὀνοματοο

2230 3483 2494 3555 μαχοῦντι
2517 3523 2531 3547 ,
2570 3483 2724 3552 ψιλὸν
2760 3482 3048 3554 ἄνθρωπον
3100 3484 3193 3535 καὶ
3237 3483 3345 3535 τῶν
3376 3483 3495 3535 καθ’
3527 3484 3674 3552 ἡμᾶς
3704 3481 3803 3535 ἓνα

2226 3574 2524 3645 κηρύσσειν
2582 3574 2670 3625 τὶν
2719 3571 2947 3642 Κύριον,
3003 3573 3031 3623 ὅ
3088 3588 3173 3623 σοι
3221 3570 3313 3623 καὶ
3372 3569 3537 3623 πάλαι
3579 3569 3671 3622 καὶ
3708 3567 3804 3620 νῦν

2227 3664 2412 3726 κακῶς
2453 3661 2906 3728 διεσπούδασται,
2942 3666 3038 3714 καὶ
3076 3661 3265 3714 τοῦτον
3305 3662 3662 3732 κατάκριτον,
3712 3659 3806 3713 καὶ

2230 3757 2335 3809 ὑπὸ
2363 3756 2521 3825 δίκην
2550 3754 2838 3823 ἀγόμενον,
2865 3752 2961 3805 καὶ
2988 3752 3054 3804 τά
3074 3753 3181 3804 τῶν
3211 3752 3537 3822 κακούργων
3566 3753 3802 3817 οἴσοντα,

2230 3850 2323 3902 καὶ
2349 3848 2505 3917 βιαίῳ
2532 3846 2745 3912 θανάτῳ
2766 3843 3287 3913 καταδικαζόμενον.
3330 3844 3443 3896 Καὶ
3463 3825 3635 3897 τᾶλλα
3665 3842 3809 3896 ἑκὼν

2232 3938 2569 4011 παραλείψαι
2615 3937 2681 4006 μὲ
2716 3936 2821 3989 δέει
2858 3939 2960 4005 τῆς
3012 3934 3388 4006 βλασφημίας.
3436 3924 3599 3997 Ἴσως
3632 3935 3811 3997 εἴποις

2230 4031 2312 4083 ὅτι
2349 4032 2377 4083 ὁ
2412 4029 2699 4099 ἅνθρωπος
2740 4021 2894 4090 οὗτος
2953 4027 3048 4079 καὶ
3093 4026 3224 4088 Θεὸς
3255 4027 3426 4079 ἐστιν.
3479 4026 3718 4088 Ἔλυσας
3746 4024 3809 4078 τὸ

2233 4118 2597 4190 ζητούμενον,
2638 4118 2731 4171 καὶ
2771 4120 2799 4170 ὁ
2834 4117 2966 4181 Θεὸς
2999 4118 3104 4189 γὰρ
3135 4134 3287 4180 ουτος
3319 4116 3606 4186 ἅνθρωπός
3635 4118 3807 4170 ἐστιν.

2232 4211 2295 4263 Εἰ
2334 4210 2389 4262 δὲ
2442 4212 2504 4261 ἐκ
2544 4208 2638 4261 τοῦ
2679 4208 2951 4271 ἐναντίον,
3000 4210 3129 4261 ὅταν
3163 4209 3294 4261 Θεὸν
3350 4209 3508 4278 μόνον
3551 4208 3807 4270 ἀκούοις·

2232 4298 2408 4355 -Ἐν
2435 4298 2591 4369 ἀρχῇ
2618 4296 2691 4369 ἦν
2719 4302 2751 4354 ὁ
2791 4301 3003 4369 Λόγος,
3031 4299 3127 4352 καὶ
3161 4301 3396 4367 ὀΛόγος
3419 4300 3499 4366 ἦν
3524 4300 3674 4367 πρὸς
3700 4300 3810 4352 τὸν

2237 4392 2406 4455 Θεύν,
2447 4391 2547 4444 καὶ
2594 4392 2738 4457 Θεὸς
2803 4386 2881 4460 ἦν
2923 4393 2955 4443 ό
2995 4391 3218 4459 Λόγος·
3263 4392 3363 4443 καὶ
3428 4389 3806 4457 ἐθεασάμεθα

1791 4478 1899 4547 Ego
1936 4479 2040 4549 61
2085 4489 2130 4532 et
2166 4482 2207 4535 D
2238 4483 2351 4551 τὴν
2390 4482 2581 4547 δόξαν
2619 4481 2834 4545 αὑτοῦ,
2870 4480 3060 4545 δόξαν
3089 4481 3170 4547 ὠς
3218 4480 3600 4549 Μονογενοῦς
3652 4480 3815 4548 παρὰ

2239 4577 2471 4644 Πατρός
2492 4594 2507 4609 ο
2552 4577 2646 4628 καί
2670 4592 2683 4606 ·
2713 4577 2937 4644 Ὥσπερ
2974 4579 3006 4629 ό
3053 4573 3257 4641 Πατὴρ
3298 4574 3509 4642 ἐγείρει
3539 4573 3681 4639 τοὺς
3712 4590 3811 4626 νε-

2239 4668 2423 4736 κροὺς
2454 4667 2551 4721 καὶ
2590 4666 2872 4729 ζωοποιεῖ,
2911 4666 3101 4732 οὕτως
3136 4665 3233 4719 καὶ
3273 4669 3305 4719 ὁ
3350 4664 3483 4731 Υἱὸς
3520 4664 3627 4731 οὓς
3652 4663 3815 4718 θέλει

2240 4760 2506 4820 ζωοποιεῖ
2524 4775 2535 4788 ’
2561 4759 2653 4813 καί
2681 4776 2694 4788 ο
2720 4757 2931 4825 Πάτερ,
2950 4756 3218 4821 δόξασόν
3243 4771 3359 4808 σου
3384 4755 3490 4808 τὸν
3532 4757 3689 4817 Υἱὸν,
3714 4756 3817 4808 ἵνα

2237 4851 2336 4905 καὶ
2403 4853 2435 4904 ὀ
2490 4849 2619 4916 Υἱός
2676 4865 2793 4904 σου
2838 4849 3069 4916 δοξάσῃ
3117 4862 3226 4900 σε·
3266 4847 3395 4899 καί⁴
3444 4847 3593 4915 Ἐγὼ
3651 4846 3749 4900 καὶ
3785 4850 3817 4901 ὁ

2240 4938 2442 5006 Πατὴρ
2472 4938 2542 4992 ἓν
2563 4938 2771 5007 ἐσμεν.
2807 4940 2914 4990 Καὶ
2958 4939 3092 5008 πρὸς
3122 4938 3213 4989 τὸν
3252 4938 3314 4988 ὲκ
3351 4938 3586 5005 γενητῆς
3615 4935 3816 5003 τυφλὸν

2239 5028 2479 5096 λέγεται⁹
2526 5027 2608 5080 Σὺ
2659 5027 2964 5092 πιστεύεις
3007 5029 3094 5091 εἰς
3147 5027 3253 5077 τὸν
3300 5024 3434 5077 Tib?
3484 5024 3591 5077 τοῦ
3632 5023 3815 5088 Θεοῦ;

2241 5119 2334 5170 καὶ
2364 5119 2462 5170 ὅσα
2485 5118 2694 5179 τούτοις
2724 5118 2885 5186 ὅμοια
2908 5135 2919 5146 ·
2954 5146 3022 5156 --
3056 5116 3186 5168 Θεὸν
3218 5115 3378 5185 μόνον
3412 5113 3818 5184 ὑπολαμϐάνεις

570 5218 663 5273 καὶ
710 5218 809 5286 τῆς
836 5217 959 5269 καθ’
1002 5217 1147 5286 ἡμᾶς
1215 5214 1641 5285 γεγυμνωμὲνον
1704 5212 1928 5277 οὐσίας,
1977 5210 2194 5271 πάντως
2232 5226 2334 5261 που
2376 5210 2469 5261 καὶ
2514 5207 2767 5277 σώματος
2810 5208 2972 5261 αὐτὸν
3022 5205 3433 5269 ἀπαλλάξειας,
3492 5205 3589 5257 καὶ
3632 5205 3814 5258 πάντα

569 5309 786 5381 ἁφέλοιο
814 5308 907 5362 ’τὰ
953 5308 1271 5379 ἀνθρώπου·
1321 5307 1395 5371 ὡς
1434 5306 1635 5372 ἐξεῖναί
1660 5322 1742 5358 σοι
1794 5302 1979 5357 λοιπὸν
2030 5301 2125 5353 καὶ
2168 5302 2349 5356 πᾶσαν
2382 5303 2479 5371 τὴν
2514 5301 2823 5370 οἰκονομίαν
2858 5300 3040 5367 σαφῶς
3071 5297 3562 5362 ἀποσκευάζεσθαι.

640 5466 686 5499 ⁵⁸
710 5465 866 5519 Joau.
898 5481 1014 5523 vut.
1040 5464 1129 5517 40.
1205 5464 1250 5496 θ’
1274 5462 1441 5517 Joan.‘
1461 5477 1532 5516 vt.
1564 5461 1652 5513 liti.
1731 5460 1775 5492 ⁶⁰
1804 5458 1961 5513 Joan.
1995 5474 2114 5516 χιιι,
2142 5457 2231 5509 51.

1994 5530 2037 5559 ⁸³
2078 5529 2232 5581 Joan.
2269 5543 2319 5589 ν,
2343 5526 2433 5580 21.

572 5553 648 5601 tt,
682 5536 770 5601 97,
813 5546 867 5589 cl
902 5537 1049 5589 althi.
1127 5535 1169 5565 °"
1205 5533 1360 5587 JOaII.
1405 5549 1447 5591 ι,
1478 5533 1523 5583 l.
1602 5533 1794 5582 C3ibid.
1834 5531 1916 5581 Η.

570 5622 645 5670 ιι,
695 5608 784 5661 55.

2309 5457 2350 5489 ⁶¹
2396 5456 2583 5508 Matth.
2614 5471 2745 5521 XVII,
2763 5456 2854 5508 21.

2512 5528 2553 5557 ⁸⁷
2582 5524 2738 5579 Joau.
2772 5525 2985 5588 xvn,.l.

2931 5454 2975 5484 “
2999 5452 3188 5507 Matth.
3222 5468 3373 5515 xvnt,
3396 5453 3481 5505 Η.
3559 5451 3605 5482 ⁸³
3626 5451 3818 5508 Matth.

3061 5523 3106 5554 ⁸⁸
3134 5521 3292 5576 λοειιι.
3324 5540 3377 5587 x,
3412 5525 3502 5576 50.
3584 5523 3627 5555 ⁶⁹
3653 5522 3814 5577 Juan.

644 5760 859 5829 (θεὲ-65)
912 5759 1006 5811 llir
1043 5768 1099 5810 et
1152 5755 1405 5829 deinceps
1466 5752 1799 5806 athuirentur
1850 5751 2076 5822 theologi
2126 5752 2476 5819 persubtilcm
2545 5766 2694 5819 :cquc
2752 5760 2913 5817 atque
2975 5749 3333 5803 rei-tissimam
3400 5746 3691 5814 Nicephori
3753 5747 3821 5800 de

571 5826 767 5886 (.htisti
801 5826 1147 5883 ltlitttltttlibus
1170 5826 1491 5879 doctrinam.
