4086 6344
493 501 609 572 319

1521 498 1580 562 S.
1623 493 2042 560 NICEPHORI
2082 491 2593 557 PATRIARCIL’E
2633 494 2741 557 (ΣΡ.

3657 495 3761 562 3Ξύ

496 613 962 687 summatcs'wii),
984 615 1219 670 numinis
1237 614 1552 685 dignitatem
1587 617 1766 685 magni
1797 614 2073 676 facientes1

2184 613 2401 683 Γραφὴ,
2440 611 2535 665 καὶ
2572 611 2681 664 τῶν
2726 607 2987 679 Πατέρων
3034 609 3084 661 οἱ
3114 605 3381 679 ἔκκριτοι,
3413 606 3482 662 τὰ
3537 609 3630 665 ἐπὶ
3683 613 3764 684 τῷ

498 707 833 762 multimodis
863 707 1285 776 signiﬁcationes
1315 705 1431 772 ejus
1462 715 1786 773 acceperunt
1811 745 1825 766 ,
1859 716 1912 759 et
1957 721 2080 775 per-

498 797 823 853 mutationis
851 808 1021 866 atque
1050 796 1509 866 appropriationis
1546 799 1706 851 modo
1754 798 1806 850 in
1836 796 2076 865 ejusdem

496 889 869 943 exercitio-usi
919 898 1066 942 sunt.
1102 888 1235 943 Cum
1276 888 1675 942 enim-Christi
1725 897 1949 942 naturas
1983 904 2081 959 per

495 980 611 1049 62
637 994 697 1034 se
728 993 967 1033 seorsum
998 988 1275 1046 spectant,
1326 979 1381 1031 id
1405 988 1487 1031 est
1517 980 1769 1032 deitatem
1796 988 1851 1034 et
1891 981 2078 1034 Imma-

501 1071 724 1141 nitatem
769 1070 888 1139 (ine
936 1082 1064 1123 sunt
1097 1069 1240 1123 enim
1295 1069 1721 1141 substatttiarum
1762 1071 2081 1126 denomiuao

501 1138 896 1230 tiones),-tunc
923 1175 1045 1228 quae
1064 1169 1190 1214 sum
1220 1160 1437 1230 propria
1469 1170 1522 1213 et
1569 1138 1900 1215 naturaliter
1921 1162 2083 1218 inlue-

500 1248 711 1313 rentia,
751 1249 969 1317 utrique
1015 1251 1290 1319 sigillatim
1327 1259 1533 1304 natura:
1580 1251 1864 1317 tribuunt;
1906 1270 2081 1322 neque

500 1337 653 1390 dicta
680 1338 745 1392 de
777 1353 879 1390 una
912 1354 975 1392 ex
1024 1339 1110 1393 iris
1142 1346 1369 1405 natura,
1404 1341 1473 1395 de
1498 1340 1910 1412 alteraquoque
1943 1360 2079 1412 prae-

498 1427 723 1481 dicant:
763 1444 885 1482 nam
919 1446 1091 1500 neque
1121 1432 1381 1486 deitatem
1412 1443 1653 1489 creatam
1694 1434 2080 1502 passibilemve

499 1518 784 1588 dicerent;
827 1536 1005 1591 neque
1049 1523 1284 1577 vicissim
1332 1524 1727 1580 immanitatem
1780 1527 2076 1581 increatam

501 1618 596 1661 aut
640 1609 1100 1680 incorruptibilem
1135 1622 1228 1668 aut
1261 1616 1651 1685 impassibilem
1706 1616 2034 1686 appellarent
2058 1656 2075 1682 ,

505 1700 781 1772 multoque
819 1705 998 1759 minus
1028 1721 1119 1761 eas
1150 1708 1379 1763 invicem
1408 1712 1641 1779 compati
1670 1710 1934 1772 dicerent,
1966 1712 2076 1765 sic~

502 1799 561 1843 nt
606 1791 854 1848 hodierni
901 1795 1245 1865 dogmatistze
1295 1800 1632 1854 existimant.
1702 1799 1834 1854 Cum
1888 1812 2072 1855 autem

2180 702 2410 772 ὀνόματι
2440 699 2807 771 μεγαλοφυῶς
2853 698 3210 769 Θεωροῦντες,
3254 698 3528 769 διαφόρως
3568 702 3636 755 τὰ
3666 703 3765 773 δη.

2179 792 2415 861 λούομενα
2474 792 2809 860 ἑξειλήφασι,
2846 791 2921 860 τῷ
2950 807 3011 842 τε
3061 790 3162 859 τῆις
3197 789 3523 854 ἀντιδόσεως
3574 794 3764 866 τρόπῳ

2180 885 2277 937 καὶ
2300 882 2653 948 οἰκειώσεως,
2689 885 2768 946 εἰς
2801 884 2869 937 τὰ
2903 882 3034 952 περί
3073 881 3242 936 αὑτοῦ
3286 885 3762 955 συγχρησάμενοι.

2182 976 2312 1028 Ὅτε
2347 975 2445 1045 μὲν
2476 974 2586 1046 γὰρ
2608 976 2708 1038 τὰς
2738 975 2878 1027 κατὰ
2908 975 3142 1045 Χριστὸν
3167 974 3360 1043 φύσεις
3393 976 3513 1028 καθ’
3555 976 3759 1040 ἑαυτὰς

2182 1066 2503 1138 θεωροῦσιν,
2537 1068 2655 1139 ἦτοι
2707 1067 2937 1135 θεότητα
2984 1066 3080 1119 καὶ
3114 1066 3535 1137 ἀνθρωπότητα,
3587 1069 3763 1122 ταῦτα

2181 1157 2292 1226 γὰρ
2313 1155 2422 1208 τῶν
2449 1156 2651 1209 οὐσιῶν
2680 1156 2798 1208 ἐστι
2830 1154 3125 1225 δηλωτικὰ,
3157 1153 3227 1206 τὰ
3257 1155 3435 1207 οἰκεῖα
3455 1155 3551 1207 καὶ
3590 1171 3761 1224 προσ⁴

2181 1246 2313 1298 όντα
2375 1245 2619 1314 φυσικῶς
2671 1246 2933 1315 ἑκατέρᾳ,
2970 1244 3453 1314 κυριολεκτοῦντες
3495 1245 3761 1315 ὲκνέμου-

2183 1348 2268 1389 σιν
2302 1351 2315 1366 °
2344 1337 2404 1389 οὑ
2443 1336 2548 1407 μὴν
2576 1336 2719 1408 ειπερ
2756 1336 2880 1388 καθ’
2912 1337 3108 1407 ἑτέρας
3137 1337 3360 1406 λέγεται
3395 1336 3632 1405 φύσεως,
3666 1337 3762 1389 καὶ

2181 1428 2309 1481 θατέ
2320 1446 2415 1498 ρας
2444 1427 2987 1499 ἀντικατηγοροῦσιν.
3005 1425 3144 1480 Οὔτε
3159 1428 3267 1497 γὰρ
3284 1427 3516 1497 θεότητα
3533 1427 3761 1497 κτιστὴν

2179 1520 2213 1590 ἢ
2264 1519 2514 1590 παθητὴν
2564 1518 2805 1571 εἴποιενο
2854 1518 2965 1571 οὐδ’
3004 1516 3077 1571 αὖ
3135 1519 3298 1572 πάλιν
3364 1518 3760 1589 ἀνθρωπότητα

2179 1610 2454 1675 ἄκτιστον,
2505 1609 2538 1679 ἢ
2587 1608 2885 1679 ἄφθαρτον.
2921 1610 2954 1680 ἦ
2992 1610 3175 1679 ἀπαθῆ
3232 1610 3489 1679 φήσαιεν,
3531 1610 3759 1678 συμπά-

2180 1720 2329 1773 σχειν
2351 1718 2409 1753 τε
2449 1701 2709 1773 ἀλλήλαις
2736 1701 2811 1763 ὡς
2833 1701 3056 1771 ἥκιστα,
3080 1700 3270 1771 ῶσπερ
3291 1703 3403 1763 τοίς
3433 1700 3529 1753 νῦν
3555 1701 3759 1771 δογμα-

2178 1797 2389 1857 τισταῖς
2419 1777 2772 1864 ὑπείληπται.
2803 1794 2975 1846 Ὅταν
3015 1790 3074 1845 δὲ
3120 1791 3221 1863 τὴν
3244 1794 3309 1845 ὲκ
3337 1792 3544 1846 τούτων
3571 1809 3760 1845 συντε-

500 1883 857 1951 compositam
894 1901 959 1940 ex
1012 1888 1097 1942 his
1142 1888 1533 1960 hypostasim,
1571 1905 1670 1945 ceu
1725 1907 1888 1945 unum
1945 1893 2073 1961 quid

2179 1882 2437 1952 θειμένην
2488 1882 2787 1934 ὑπόστασιν
2824 1881 2899 1944 ὡς
2944 1880 3003 1933 ἓν
3049 1898 3101 1933 τι
3142 1880 3487 1951 λαμϐάνωσι,
3524 1881 3761 1951 Χριστὸν

503 1973 780 2039 accipiunt
799 1976 1121 2042 ,Cbristum
1155 1952 1370 2048 quidem
1398 1995 1476 2035 ει·
1499 1952 1734 2049 utraque
1762 1952 2072 2051 appellant;

2183 1972 2281 2043 μὲν
2310 1973 2374 2025 ἐκ
2406 1971 2500 2025 τοῦ
2533 1970 2946 2040 συναμφοτέρου
2977 1970 3449 2042 προσαγορεύουσι
3476 1989 3489 2003 ο
3515 1972 3585 2025 τὰ
3621 1972 3759 2043 παρ’

501 2067 938 2121 concurrentium
958 2078 1136 2124 autem
1167 2079 1480 2126 naturarum
1510 2073 1786 2139 idiomata,
1817 2090 1921 2128 uua
1950 2090 2072 2130 cum

502 2152 615 2221 ipsa
654 2154 928 2226 hypostasi
965 2161 1295 2227 pradicant;
1340 2165 1593 2231 quoaiam
1628 2174 1681 2217 et
1733 2164 1872 2219 Deus
1914 2165 2073 2220 simul

498 2252 552 2295 et
582 2243 743 2299 homo
764 2247 1014 2303 Christus
1040 2260 1153 2315 est,
1180 2262 1236 2307 et
1264 2252 1407 2308 Deus
1435 2253 1751 2309 incarnatus
1776 2294 1791 2318 ,
1822 2263 1874 2310 et
1907 2255 2070 2309 Chri-

496 2342 616 2389 stus
641 2348 856 2391 creatus
874 2340 1080 2407 pariter
1099 2350 1154 2396 et
1182 2342 1473 2408 increatus,
1499 2345 1847 2412 impassibilis
1872 2354 1923 2401 et
1953 2361 2081 2417 pas-

500 2421 674 2478 sibilis
715 2426 876 2480 idem.
914 2430 1188 2482 interdum
1220 2446 1347 2485 vero
1392 2447 1458 2485 ex
1491 2435 1689 2490 divinis
1726 2434 1859 2490 solis
1891 2436 2076 2491 excel-

498 2513 685 2593 εἰδηυο
726 2519 1005 2574 attributis
1055 2520 1221 2575 Deum
1265 2532 1320 2577 et
1372 2522 1465 2577 Dei
1530 2524 1726 2579 Filium
1766 2528 2073 2582 nominant.

497 2605 777 2661 interdum
810 2610 1040 2678 denique
1068 2626 1132 2665 ex
1164 2615 1418 2668 immanis
1447 2624 1654 2669 tantum
1698 2624 1864 2685 atque
1898 2618 2085 2672 humi-v

498 2696 977 2763 i’ibtts,~hominem
1004 2703 1349 2775 hmninisque
1380 2705 1547 2760 ﬁlium
1583 2716 1796 2763 vocant.

570 2898 875 2967 Aliquando
901 2901 1065 2957 etiam
1104 2919 1165 2959 ea
1201 2918 1321 2974 qua:
1359 2907 1427 2962 de
1454 2915 1678 2978 utraque
1704 2919 1856 2980 parte
1884 2912 2076 2968 dicun-

500 2998 589 3042 tur
640 2990 932 3056 idiomata,
982 2994 1050 3048 de
1098 2995 1362 3050 alterutro
1409 2997 1569 3052 simul
1628 3002 1963 3058 subsistente
2021 3012 2076 3059 et

499 3080 865 3137 coexsistente
897 3084 1137 3139 vicissim
1178 3087 1472 3156 prazdicant
1497 3129 1512 3153 ,
1568 3101 1786 3160 propter
1824 3104 2071 3149 mutuam

500 3171 734 3237 partium
810 3173 1377 3233 circuminsessionem
1448 3180 1582 3251 (66).
1658 3182 1750 3238 Sic
1823 3184 2075 3241 videlicet

2180 2059 2361 2113 αὑτῶν
2400 2059 2458 2113 δὲ
2499 2059 2608 2113 τῶν
2652 2061 3071 2132 συνδραμόντων
3117 2061 3406 2130 ἰδιώματα,
3440 2064 3557 2131 ἅμα
3584 2063 3761 2134 αὑτῆς

2179 2151 2578 2222 κατηγοροῦσιν
2606 2167 2622 2181 ·
2670 2152 2858 2223 ἐπειδὴ
2899 2154 2993 2204 καὶ
3016 2152 3148 2215 Θεὸς
3183 2152 3320 2222 ὁμοῦ
3346 2153 3442 2207 καῖ
3468 2153 3759 2224 ἄνθρωπος

2178 2241 2206 2293 ὁ
2232 2240 2484 2310 Χριστὸς,
2504 2240 2600 2292 καὶ
2620 2240 2752 2302 Θεὸς
2778 2241 3225 2310 σεσαρκωμὲνος,
3247 2242 3467 2303 κτιστὸς
3484 2259 3541 2295 τε
3573 2242 3759 2297 ὡσαύ-

2175 2347 2286 2394 τως
2312 2331 2404 2383 καὶ
2435 2331 2711 2394 ἄκτιστος.
2742 2331 2836 2383 καί
2856 2331 3076 2401 ἀπαθὴς
3105 2331 3202 2385 καὶ
3250 2332 3493 2402 παθητὸς
3514 2335 3542 2385 ὁ
3572 2332 3757 2396 αὑτός.

2188 2422 2424 2475 Ὀπόταν
2443 2421 2498 2474 δὲ
2526 2423 2589 2475 ὲκ
2646 2421 2753 2474 τῶν
2793 2421 3320 2494 συνελθόντωναὺτῇ
3380 2423 3565 2493 μερῶν
3628 2424 3757 2477 ἑπι-

2178 2512 2540 2576 σκὲπτωνται,
2574 2512 2689 2565 ἔσθ’
2714 2515 2800 2565 ὅτε
2832 2513 2930 2581 μὲν
2990 2514 3055 2566 ὲκ
3091 2514 3271 2583 μόνων
3315 2514 3426 2568 τῶν
3455 2514 3617 2568 θείων
3661 2514 3757 2568 καὶ

2177 2605 2419 2673 ὑψηλῶν,
2455 2604 2699 2657 Θεὸνκαὶ
2726 2604 2869 2657 Θεοῦ
2905 2605 3034 2657 Υίὸν
3072 2604 3453 2673 ὀνομάζουσιν.
3504 2608 3664 2659 Ἐστι
3704 2607 3752 2659 δ’

2176 2693 2264 2746 ὅτε
2293 2695 2357 2746 ἐκ
2385 2696 2495 2747 τῶν
2513 2694 2869 2763 ἀνθρωπίνων
2890 2693 3072 2761 μόνων
3097 2696 3190 2748 καὶ
3215 2696 3508 2762 ταπεινῶν,
3537 2696 3763 2766 ᾶνθρων

2178 2801 2277 2837 πον
2306 2784 2402 2838 καὶ
2439 2785 2553 2838 υἱὸν
2585 2784 2875 2855 ἀνθρώπου
2899 2784 3147 2839 καλοῦσι.

2252 2896 2565 2966 Τηνικαῦτα
2590 2897 2646 2949 δὲ
2670 2897 2763 2949 καὶ
2792 2897 2859 2951 τὰ
2898 2898 2983 2967 ἐφ’
3018 2898 3284 2969 ἐκατέρου
3315 2899 3423 2952 τῶν
3456 2902 3640 2972 μερῶν
3663 2903 3754 2957 λε-

2176 2988 2379 3055 γόμενα
2431 2987 2720 3058 ἰδιώματα,
2776 2991 2869 3043 καὶ
2901 2990 3129 3062 θατέρου
3180 2991 3274 3045 τοῦ
3339 2996 3754 3062 συνυφεστῶτος

2176 3078 2271 3132 καὶ
2314 3083 2755 3150 συνυπάρχοντος
2808 3082 3326 3154 ἀντικατηγοροῦσι,
3373 3083 3462 3137 διὰ
3528 3084 3629 3155 τὴν
3670 3088 3753 3147 εἰς

2176 3167 2381 3240 ἄλληλα
2432 3171 2540 3223 τῶν
2591 3172 2771 3244 μερῶν
2831 3173 3225 3245 περιχώρησιν.
3265 3174 3422 3229 Οὕτω
3452 3175 3560 3246 γὰρ
3614 3177 3781 3241 Θεὸς

498 3261 644 3316 Dcus
684 3264 959 3332 passibilis
1004 3267 1222 3335 dicitur,
1268 3278 1323 3324 et
1364 3270 1550 3340 gloriae
1591 3272 1850 3329 Dominus
1894 3277 2073 3331 cruci-

2179 3262 2421 3333 παθητὸς
2451 3263 2689 3331 λέγεται,
2724 3266 2818 3319 καὶ
2849 3265 3054 3337 Κύριος
3085 3269 3183 3336 τῆς
3207 3267 3367 3334 δόξης
3399 3267 3757 3339 ἐσταυρωμέ-

502 3353 661 3420 liXus,
702 3370 807 3410 non
838 3372 940 3425 qua
970 3357 1138 3425 Deus,
1174 3361 1267 3415 sed
1293 3376 1396 3431 qua
1428 3364 1612 3418 homo.
1638 3364 1703 3419 Et
1730 3366 1845 3420 vice
1872 3380 2028 3421 versa
2056 3406 2075 3434 ,

495 3448 661 3503 homo
693 3449 898 3521 absque
942 3451 1134 3520 initio,
1184 3455 1533 3525 impassibilis
1559 3496 1576 3523 ,
1612 3456 1922 3522 increatus,
1962 3472 2076 3513 caa-

496 3537 681 3603 lestis,
720 3554 853 3610 puer
894 3555 1022 3597 ante
1053 3543 1272 3610 saacula,
1323 3558 1430 3600 non
1465 3560 1569 3615 qua
1613 3548 1801 3613 homo,
1835 3548 1932 3603 sed
1966 3563 2074 3618 qua

496 3628 660 3686 Deus.
695 3631 830 3687 Nam
852 3644 1073 3704 propter
1102 3650 1369 3692 summam
1406 3647 1721 3693 naturarum
1769 3641 2024 3697 unionem
2051 3683 2075 3709 ,

495 3728 550 3776 et
616 3720 969 3793 hypestaseos
1025 3728 1327 3793 unitatem,
1389 3738 1444 3784 et
1508 3729 1636 3801 quia
1695 3732 1884 3787 eadem
1943 3746 2072 3802 per-

495 3824 626 3865 sona
671 3824 793 3880 est,
849 3832 986 3873 unus
1037 3827 1161 3887 est,
1214 3828 1270 3875 et
1305 3820 1449 3876 idem
1496 3823 1704 3890 pariter
1746 3823 1905 3879 ambo
1953 3831 2074 3890 est,

494 3905 690 3971 partim
718 3908 936 3976 quidem
996 3910 1113 3966 sine
1156 3912 1313 3967 initio
1360 3928 1392 3967 a
1446 3910 1638 3975 Patre,
1694 3916 1891 3984 partim
1943 3930 2073 3971 vero

493 3992 567 4047 ita
613 3993 789 4052 factus
828 3999 897 4054 ob
943 4015 1098 4055 suam
1150 4015 1278 4073 erga
1334 4001 1586 4058 homines
1650 4004 2067 4075 benignitatem.

491 4087 668 4155 Atque
716 4089 819 4145 hac
868 4092 1079 4148 ratione
1126 4103 1356 4165 utraque
1413 4105 1606 4151 natura
1659 4096 1918 4152 idiomata
1974 4112 2071 4152 sua

493 4176 651 4231 alteri
702 4182 1108 4249 communicat,
1156 4192 1378 4254 propter
1423 4185 1669 4254 ejusdem
1722 4187 2071 4257 bypostaseos

494 4268 751 4323 unitatem
774 4271 938 4339 ;quin
971 4281 1148 4327 tamen
1170 4290 1296 4343 pars
1322 4274 1578 4330 alterutra
1604 4274 1818 4330 deserat
1843 4275 2069 4330 alterum

494 4357 548 4410 in
595 4360 781 4413 eodem
830 4362 1073 4431 subjecto
1122 4365 1444 4419 attributqu
1496 4383 1510 4420 :
1553 4365 1715 4421 sicuti
1758 4368 1921 4423 etiam
1966 4368 2069 4422 sibi

457 4509 463 4515 ,
492 4449 739 4518 proprias
774 4451 968 4507 fecisse
1004 4455 1204 4509 dicitur
1232 4454 1470 4511 Verbum
1506 4460 1691 4513 carnis
1721 4474 1832 4515 sua:
1865 4475 2068 4515 secun-

490 4536 616 4589 dum
648 4543 1007 4595 mconomiam
1042 4544 1343 4611 passiones.
1385 4545 1517 4600 Nam
1550 4547 1651 4603 etsi
1685 4548 1820 4604 nihil
1851 4550 1903 4605 in
1938 4567 2069 4621 pro-

488 4628 606 4696 pria
647 4639 839 4684 natura
884 4648 1077 4704 reapse
1132 4636 1202 4690 sit
1241 4651 1502 4706 passum,
1547 4640 1901 4699 nihilominus
1941 4660 2063 4712 per-

489 4733 706 4789 pessum
752 4722 969 4789 dicitur,
1004 4735 1061 4779 ut
1103 4742 1240 4782 unus
1277 4728 1516 4782 omnium
1567 4728 1824 4787 Servator
1873 4735 2065 4789 creda-

491 4819 577 4864 tur
607 4830 623 4866 :
651 4822 812 4882 atque
848 4825 905 4869 ut
932 4826 1132 4873 nostrae
1158 4818 1488 4876 exsistentiae
1518 4825 2063 4895 conservationisque

484 4917 647 4957 causa
686 4907 966 4975 asseritur,
1010 4910 1087 4965 sic
1136 4911 1301 4968 etiam
1334 4924 1516 4968 nostra
1560 4915 1790 4973 felicitas
1839 4930 2060 4989 accepta

483 4994 660 5049 eidem
692 4995 979 5054 referatur.

559 5112 731 5183 Atque
763 5113 863 5169 hoc
895 5131 993 5171 nos
1026 5118 1180 5173 docet
1212 5120 1580 5192 theologorum
1611 5140 1743 5193 apex
1778 5126 1934 5181 divus
1960 5124 2063 5179 Pe-

486 5210 603 5258 trus
645 5203 759 5275 (67)
810 5208 1036 5262 dicens:
1087 5204 1326 5266 Christus
1373 5215 1530 5268 semel
1587 5226 1797 5283 propter
1848 5230 2063 5286 peccata

558 5451 674 5534 (ςξὸ)
694 5452 936 5534 iuteliige
954 5461 1248 5527 praesertim
1268 5462 1556 5534 Gregorios
1577 5464 1731 5527 duos,
1756 5463 2060 5534 Nyssenum

486 5533 544 5604 et
575 5523 1007 5604 Naziathetﬁttn,_
1035 5546 1154 5604 necg
1180 5549 1286 5604 non
1310 5603 1314 5604 ν
1336 5523 1620 5604 Οῇτὶιιιιιη,
1655 5523 1729 5588 δι’
1752 5523 1821 5587 οἱ
1855 5533 2065 5586 Latinis

489 5590 725 5716 {.eanlem
762 5595 892 5663 PP.,
918 5590 1008 5671 qui
1037 5590 1413 5672 copiosissime
1443 5620 1505 5658 ac
1543 5590 1977 5671 splendidissime
2003 5606 2068 5657 de

512 5678 577 5715 tts
615 5684 626 5712 t
654 5677 904 5716 tsserunt-

512 5678 577 5715 tts
615 5677 904 5723 iusserunt.

706 5734 826 5814 Dixi
843 5738 910 5814 de
929 5740 1187 5814 vocabulo
1204 5740 1597 5814 περιχώρησις,
1617 5758 1668 5811 p.
1700 5744 1792 5807 58,
1818 5745 1943 5799 adn.
1969 5744 2061 5799 60.

567 5804 679 5882 (Q7)
713 5804 824 5861 Cur
863 5809 1241 5882 theologorum
1278 5804 1639 5882 spasmos
1667 5804 1844 5881 potius
1901 5831 2061 5882 quam

494 5870 697 5929 Paulus
731 5887 824 5931 aut
858 5870 1140 5934 Joannes?
1190 5870 1392 5951 Nem'pe
1445 5884 1512 5937 ad
1540 5870 1683 5939 Petri
1718 5870 2071 5954 apostolicum

2178 3370 2289 3420 νος,
2322 3356 2418 3424 οὐχ
2510 3356 2662 3419 Θεὸς,
2684 3356 2801 3409 ἀλλ’
2894 3359 3201 3428 ἄνθρωπος.
3238 3361 3348 3413 Καὶ
3382 3361 3445 3413 ὲκ
3476 3360 3567 3414 τοῦ
3598 3361 3787 3416 ὲναν-σ

2175 3446 2318 3510 τίου,
2368 3447 2656 3517 ἄνθρωπος
2682 3447 2920 3520 ἄναρχος
2954 3451 3050 3502 καί.
3097 3444 3316 3521 ἀπαθὴς
3370 3452 3465 3507 καί.
3500 3454 3755 3518 ᾶκτιστος

2177 3537 2272 3590 καὶ
2304 3538 2554 3607 οὐράνιος
2587 3538 2678 3592 καὶ
2707 3539 2918 3593 παιδίον
2965 3539 3314 3610 προαιώνιον.
3353 3541 3450 3613 οὑχ
3484 3537 3756 3617 ᾔᾶνθρω-

2177 3642 2298 3695 πος,
2332 3629 2447 3683 ἀλλ’
2543 3629 2699 3703 Θεός.
2756 3631 2854 3684 Διὰ
2882 3632 2992 3703 γὰρ
3046 3633 3145 3702 τὴν
3170 3633 3346 3704 ἄκραν
3396 3635 3501 3688 τῶν
3536 3634 3754 3705 φύσεων

2174 3718 2390 3785 ἕνωσιν,
2451 3724 2546 3777 καὶ
2589 3723 2649 3776 τὸ
2696 3723 2898 3777 ἑνιαῖον
2953 3724 3051 3793 τῆς
3110 3724 3478 3791 ὑποστάσεως,
3529 3728 3621 3780 καὶ
3657 3726 3753 3781 τοῦ

2173 3813 2467 3885 προσώπου
2497 3813 2596 3884 τὴν
2621 3815 2947 3884 ταυτότητα,
2982 3810 3063 3879 εἷς
3099 3815 3355 3885 ὑπάρχει,
3395 3817 3489 3869 καὶ
3522 3819 3550 3870 ὁ
3584 3816 3751 3882 αὑτὸς

2174 3905 2377 3974 ὁμοίως
2408 3904 2555 3957 ἐστὶν
2581 3904 2891 3976 ἀμφότερα,
2919 3905 2978 3958 τὸ
3009 3907 3129 3976 μὲν,
3164 3906 3238 3959 ῶν
3263 3906 3526 3970 ἀναιτίως
3560 3909 3625 3962 ὲκ
3652 3907 3755 3962 τοῦ

2174 3996 2388 4067 Πατρός
2413 4013 2427 4026 ·
2460 3996 2520 4050 τὸ
2539 3997 2617 4058 δὲ,
2640 3996 2865 4067 ὕστερον
2890 3996 2977 4049 διὰ
3000 3997 3417 4068 φιλανθρωπίαν
3438 3998 3749 4069 γενόμενος.

2172 4088 2282 4140 Καὶ
2312 4087 2486 4158 τούτῳ
2514 4087 2592 4157 τῷ
2639 4087 2783 4157 λόγῳ
2808 4088 3045 4158 ἑκατέρα
3079 4089 3188 4142 τῶν
3233 4088 3474 4159 φύσεων,
3509 4090 3579 4144 τὰ
3615 4090 3748 4161 παρ’

2172 4178 2371 4249 ἑαυτῆς
2406 4178 2673 4250 ἰδιώματα
2701 4182 2766 4250 τῇ
2798 4180 2965 4251 ἑτέρᾳ
2988 4180 3316 4246 ἀντιδίδωσι,
3354 4180 3441 4234 διὰ
3477 4181 3536 4234 τὸ
3577 4198 3748 4251 μονα-

2172 4269 2321 4323 δικὸν
2344 4271 2438 4324 καὶ
2465 4270 2663 4324 ταὺτὸν
2694 4271 2793 4340 τῆς
2834 4270 3209 4334 ὑποστάσεως,
3240 4272 3341 4324 οὑκ
3393 4271 3752 4340 ἐξισταμένου

2171 4359 2267 4413 τοῦ
2296 4362 2499 4414 οἰκείου
2530 4362 2690 4432 λόγου
2720 4362 2820 4432 τῆς
2852 4362 2981 4434 περὶ⁸
3036 4363 3234 4416 ταὺτὸν
3267 4362 3502 4432 θατέροις
3543 4361 3747 4431 ,ἰδιότη-

2171 4468 2290 4516 τος·
2324 4452 2462 4506 καθὸ
2500 4454 2594 4506 καὶ
2616 4453 2950 4507 οἰκειοῦσθαι
2979 4453 3197 4522 λέγεται
3226 4454 3318 4507 τὸν
3341 4454 3514 4521 Λόγον
3549 4452 3618 4505 τὰ
3649 4453 3749 4522 τῆς

2173 4540 2310 4607 ἰδίας
2347 4543 2550 4614 σαρκὸς
2577 4545 2936 4614 οἰκονομικῶς
2966 4545 3137 4616 πάθη.
3192 4545 3386 4599 Καίτοι
3425 4544 3534 4615 γὰρ
3582 4544 3737 4597 οὐδὲν

2169 4634 2394 4705 πάσχων
2428 4635 2551 4688 ὅσον
2581 4628 2715 4706 ἧκεν
2747 4636 2828 4699 εἰς
2869 4635 3006 4690 ἰδίαν
3045 4635 3228 4705 φύσιν,
3269 4636 3418 4705 ὅμως
3452 4634 3615 4698 αὐτὸς
3652 4651 3750 4688 πε-

2168 4726 2428 4780 πονθέναι
2456 4727 2699 4796 λέγεται,
2735 4728 2822 4781 ἵνα
2854 4729 2947 4782 καὶ
2988 4728 3179 4801 Σωτὴρ
3209 4729 3425 4783 πάντων
3461 4728 3621 4799 μόνος
3652 4745 3744 4781 πι-

2171 4817 2427 4890 στεύηται
2451 4834 2463 4849 ο
2501 4819 2595 4872 καὶ
2633 4818 2821 4890 ὥσπερ
2867 4816 2961 4872 τοῦ
3001 4814 3139 4872 εἶναι
3189 4819 3284 4872 καί
3323 4818 3566 4890 ὑπάρξαι
3597 4819 3747 4890 ἡμᾶς

2168 4913 2343 4975 αῐτιος
2372 4912 2743 4983 ὡμολόγηται,
2780 4911 2922 4966 οὑτω
2951 4912 3047 4966 καὶ
3078 4911 3140 4965 τὸ
3173 4906 3234 4965 εὖ
3285 4906 3426 4965 εἶναι
3451 4910 3619 4982 ἡμᾶς,
3657 4910 3746 4964 ἐπ’

2170 5000 2334 5056 αὑτὸν
2366 5001 2725 5072 ἀναφέρηται.

2240 5122 2351 5175 Καὶ
2380 5121 2539 5174 τοῦτο
2561 5122 2707 5192 ἡμᾶς
2736 5120 3046 5174 ὲκπαιδεύει
3079 5120 3186 5173 τῶν
3210 5119 3474 5186 θεολόγων
3496 5119 3528 5182 ἡ
3560 5113 3742 5183 ἀκρώ-

2172 5232 2313 5288 ρεια,
2340 5215 2368 5266 ὁ
2398 5215 2539 5277 θεῖος
2570 5214 2777 5286 Πέτρος
2797 5215 2970 5283 λέγων
3010 5215 3114 5279 ὅτι,
3147 5214 3402 5281 Χριστὸς
3422 5210 3583 5274 ἅπαξ
3610 5205 3743 5295 περὶ

2171 5465 2462 5532 primatum
2494 5464 2834 5534 Nicephorus
2857 5464 3097 5534 respicit.
3123 5463 3242 5519 Jam
3275 5478 3402 5518 vero
3439 5462 3540 5534 qui
3563 5460 3738 5534 Caro»

2172 5537 2308 5588 Ιὶιιοε
2333 5536 2521 5601 libros,
2557 5532 2745 5590 ut‘hoc
2769 5536 2945 5589 obiter
2973 5533 3175 5600 dicam,
3196 5535 3330 5587 adeo
3365 5532 3736 5602 magnitlcant,

2170 5607 2295 5672 quia
2341 5622 2419 5681 ss.
2477 5604 2771 5681 imaginum
2824 5604 3028 5681 cultum
3093 5604 3424 5681 improbant,
3484 5615 3587 5657 cur
3631 5616 3739 5681 non

2171 5670 2321 5743 :rque
2389 5670 2611 5743 laudant
2677 5676 2835 5743 primi
2894 5673 3015 5726 libri
3064 5670 3358 5742 capitulum
3383 5682 3620 5743 sextum,
3646 5670 3737 5724 ubi

2171 5740 2314 5799 Petri
2347 5747 2527 5809 sedes,
2560 5740 2809 5798 Romana
2827 5742 3068 5799 Ecclesia
3092 5783 3107 5807 ,
3131 5740 3342 5799 caeteris
3364 5740 3574 5797 cunctis
3597 5753 3737 5806 prse-

2174 5817 2377 5877 icrtur,
2407 5814 2462 5868 ei
2493 5817 2545 5869 in
2590 5815 2713 5872 iidci
2741 5814 3131 5884 questionibus
3156 5815 3379 5869 omnino
3405 5809 3735 5866 consulenda

2176 5884 2372 5939 dicitur
2391 5885 2416 5937 ἲ
