4086 6344
324 339 433 403 321

1043 351 1678 414 ANTlRRHETICUS
1716 354 1744 414 Ι
1788 352 1955 413 ADV.
1997 351 2592 419 CONSTANT‘INUM
2629 359 2843 421 COPR.

3483 370 3590 434 322

332 450 457 504 τῶν
489 452 791 521 ἁμαρτιῶν
816 456 993 524 ’ἡμῶν
1011 459 1299 523 ἀπέθανε,
1330 466 1560 529 δίκαιος
1589 461 1743 531 ὑπὲρ
1784 460 1913 517 ἀδί-

2018 473 2196 518 nostra
2232 477 2470 521 mortuus
2500 478 2575 522 est
2596 508 2610 533 ,
2641 470 2813 536 iustus
2837 489 2931 541 pro
2960 472 3193 542 injustis,
3221 486 3273 530 at
3314 496 3406 532 nos
3433 483 3593 550 oﬂ'er-

333 558 486 594 κων·
522 544 623 596 ἵνα
652 543 812 613 ἡμᾶς
848 551 1200 619 προσαγάγῃ
1250 550 1329 615 τῷ
1368 550 1510 617 Θεῷ,
1558 551 1914 617 θανατωθεὶς

329 634 453 702 μὲν
477 635 681 704 σαρκί,
723 635 1098 706 ζωοποιηθεὶς
1126 641 1194 694 δὲ
1218 644 1529 711 πνεύματι.
1575 644 1685 697 Καὶ
1714 643 1875 698 πάλιν
1894 659 1909 675 ο

332 728 598 792 Χριστοῦ
645 725 761 784 οὖν
812 732 1113 800 παθόντος
1155 735 1310 803 ὑπὲρ
1347 734 1518 804 ἡμῶν
1562 736 1765 804 σαρκὶ,
1816 735 1914 789 καὶ

333 823 505 891 ὑμεῖς
525 823 643 891 τὴν
661 825 860 893 αὐτὴν
884 827 1133 881 ἔννοιαν
1163 830 1533 884 ὁπλίσασθε.
1582 830 1915 899 Συνυπηχή-

336 929 421 965 σει
444 914 658 978 τούτοις
683 917 779 969 καὶ
821 919 848 970 6
880 917 988 970 τῶν
1027 919 1362 991 ἀπορρήτων
1394 920 1752 990 μυσταγωγὸς
1768 922 1914 991 ’Χρι-

336 1005 463 1058 στὸν
487 1007 907 1077 ἐσταυρωμένον
935 1010 1229 1080 κηρύσσων
1250 1027 1264 1041 ·
1291 1014 1403 1066 Καὶ
1426 1014 1535 1067 τὸν
1556 1015 1781 1082 Κύριον
1802 1013 1913 1080 τῆς

333 1095 525 1163 δόξης
565 1098 1007 1167 ἐσταυρῶσθαι.
1055 1103 1241 1174 Ταύτῃ
1307 1104 1625 1168 θεοκτόνους
1668 1103 1767 1158 καὶ
1811 1121 1910 1157 xu-

336 1188 646 1258 ριοκτόνους
678 1190 1015 1245 ἀποκαλοῦσι
1068 1194 1195 1255 τοὺς
1221 1194 1510 1257 Ἰουδαίους
1551 1194 1705 1248 αὐτοί
1726 1211 1785 1247 τε
1817 1195 1912 1248 καὶ

332 1281 384 1334 oi
415 1280 694 1335 Θεσπέσιοι
720 1284 963 1352 Πατέρες
989 1286 1166 1355 ἡμῶν,
1200 1286 1251 1340 οἳ
1278 1289 1405 1358 περὶ
1439 1287 1534 1340 τοῦ
1574 1287 1780 1357 τρόπου
1813 1288 1912 1357 τῆς

332 1368 681 1435 οἰκειώσεως,
706 1371 884 1425 τοιάδε
905 1372 1185 1439 διεξίασιν.
1230 1373 1288 1426 '0
1325 1375 1427 1444 μὲν
1456 1374 1599 1438 θεῖος
1644 1373 1912 1445 Κύριλλος

333 1463 395 1514 ὲν
422 1465 488 1532 τῇ
516 1462 656 1532 πρὸς
675 1462 972 1534 Νεστόριον
1018 1464 1178 1536 τρίτῃ
1215 1466 1473 1537 ἐπιστολῇ
1500 1481 1517 1497 ο
1557 1484 1576 1517 ι
1630 1466 1741 1518 Καὶ
1759 1461 1826 1536 ἦν
1851 1466 1911 1519 ὲν

331 1551 413 1622 τῷ
433 1552 802 1624 σταυρωθέντι
820 1554 1051 1624 σώματι,
1075 1555 1146 1609 τὰ
1168 1555 1271 1626 τῆς
1296 1556 1429 1619 ιδίας
1456 1556 1657 1628 σαρκδς
1672 1556 1910 1609 οἰκειού-

337 1661 499 1713 μενος
556 1644 725 1714 πάθη.
759 1664 780 1696 ι
839 1647 927 1699 Ἐν
950 1646 1009 1700 δὲ
1053 1650 1119 1718 τῇ
1170 1648 1306 1720 πρὸς
1361 1651 1490 1713 τοὺς
1554 1649 1910 1712 ἁνατολικοὺς

332 1732 508 1797 οὕτως
533 1750 548 1764 ·
590 1752 610 1786 ι
660 1733 870 1805 Ἀπαθῆ
898 1734 955 1787 δὲ
979 1736 1117 1804 πρὸς
1143 1735 1323 1790 ταῦτα
1349 1737 1441 1790 τὸν
1465 1737 1557 1790 τοῦ
1582 1737 1718 1791 Θεοῦ
1736 1736 1907 1805 Λόγον

330 1823 705 1895 ὁμολογοῦμεν
735 1825 995 1889 ἅπαντες,
1030 1827 1137 1880 κᾶν
1159 1828 1208 1880 εί
1236 1828 1529 1894 πανσόφως
1564 1828 1728 1890 αὐτὸς
1756 1829 1904 1881 οἱκο-

332 1917 518 1988 νομῶν
540 1917 605 1970 τὸ
632 1918 952 1988 μυστήριον,
984 1918 1163 1989 ἑαυτῷ
1186 1920 1509 1991 προσνέμων
1530 1920 1723 1989 ὁρῷτο,
1746 1920 1816 1974 τὰ
1841 1922 1907 1991 τῇ

321 2010 449 2080 είδίᾳ
488 2009 653 2080 σαρκὶ
702 2009 1086 2078 συμϐεϐηκότα
1139 2011 1313 2082 πάθη.
1388 2031 1408 2063 ι
1446 2012 1717 2085 Ταύτῃτοι
1763 2013 1911 2065 καὶὸ

335 2102 608 2170 πάνσοφος
634 2101 854 2170 Πέτρος⁸
872 2102 1131 2167 Χριστοῦ
1151 2098 1243 2157 οῦν
1259 2104 1556 2171 παθόντος
1573 2104 1724 2172 ὑπὲρ
1744 2102 1912 2173 ἡμῶν

318 2194 552 2263 σαρκί·
581 2195 677 2247 καὶ
716 2194 837 2263 οὐχὶ
862 2195 929 2264 τῇ
981 2193 1143 2262 φύσει
1185 2195 1286 2264 τῆς
1324 2197 1566 2267 ἀρρήτου
1622 2196 1907 2266 θεότητος·

330 2285 426 2338 ιτνα
458 2285 566 2355 γὰρ
619 2284 781 2347 αὐτὸς
814 2284 925 2338 τῶν
971 2286 1109 2338 ὅλων
1140 2286 1330 2358 Σωτὴρ
1380 2284 1517 2339 εἶναι
1560 2286 1909 2357 πιστεύηται,

318 2378 460 2430 ’κατ’
487 2376 762 2429 οἰκείωσιν
788 2376 1141 2447 οἰκονομικὴν
1171 2379 1252 2442 είς
1288 2379 1505 2440 ἑαυτὸν,
1532 2380 1606 2441 ὼς
1638 2379 1797 2448 ἔφην,
1841 2378 1913 2431 τὰ

322 2469 440 2536 τῆς
466 2466 601 2531 ἰδίας
663 2465 865 2538 σαρκὸς
903 2466 1169 2537 ἀναφέρει
1215 2468 1386 2541 πάθη.
1447 2470 1506 2522 '0
1556 2469 1615 2522 δέ
1668 2486 1732 2540 γε
1769 2470 1912 2538 ἱερὸς

349 2565 700 2635 ’Δμφιλόχιος
753 2565 888 2636 πρὸς
918 2564 1183 2617 Σέλευκον
1225 2564 1476 2633 γράφων,
1515 2560 1659 2616 οὕτω
1708 2562 1910 2631 φησιν’

338 2680 363 2712 s
418 2660 483 2711 Ἠ
508 2659 774 2727 ληφθεῖσα
805 2658 1006 2727 πάσχει
1037 2657 1219 2725 φύσις,
1248 2659 1282 2727 ἡ
1304 2656 1367 2709 δὲ
1407 2655 1646 2709 λαϐοῦσα
1694 2655 1912 2726 ἀπαθὴς

330 2752 531 2819 μένει·
560 2749 858 2802 οἰκειοῦται
904 2750 961 2805 δὲ
989 2752 1018 2804 6
1073 2751 1204 2814 Θεὸς
1238 2752 1305 2803 τὰ
1335 2750 1428 2804 τοῦ
1471 2751 1602 2803 ἰδίου
1653 2749 1781 2804 ναοῦ
1816 2750 1912 2804 ἀν-

328 2836 588 2909 θρώπινα
611 2836 781 2907 πάθη,
806 2839 1041 2910 σταυρόν
1070 2857 1211 2910 φημι
1235 2840 1329 2893 καὶ
1349 2839 1599 2905 θάνατον,
1629 2840 1721 2893 καὶ
1744 2840 1913 2894 τᾶλλα

326 2931 441 2983 ῧσα
473 2931 600 3000 περὶ
624 2931 788 2983 αὐτὸν
837 2931 1199 3002 οἰκονομικῶς
1245 2930 1573 3001 θεωρεῖται’
1613 2933 1912 2988 οἰκειοῦται

344 3021 402 3073 δὲ
426 3020 591 3078 αὐτὸς
617 3022 841 3090 πάσχων
860 3022 1035 3075 οὐδέν.
1072 3041 1091 3073 ι
1122 3020 1277 3075 Οὕτω
1322 3022 1416 3075 καὶ
1444 3024 1473 3075 6
1518 3021 1659 3085 Θεῖος
1712 3023 1915 3094 Γρηγόο

310 3106 764 3178 ριοςὸΝυσσαεὺς
784 3113 925 3165 κατὰ
941 3111 1323 3181 ’Λπολιναρίου
1354 3110 1601 3183 γράφων·
1638 3130 1656 3164 ι
1690 3111 1910 3183 Ἐπειδὴ
1940 3150 1982 3207 c

339 3206 524 3256 τοίνυν
564 3202 696 3257 ἄλλο
750 3203 813 3255 τὸ
863 3202 1206 3272 ἀνθρώπινον
1254 3201 1494 3273 θέλημα,
1538 3201 1633 3256 καὶ
1679 3202 1806 3256 ἄλλο
1851 3204 1914 3257 τὸ

341 3294 509 3358 Θείον,
563 3292 862 3363 φθέγγεται
913 3292 1012 3364 μὲν
1047 3293 1122 3356 ὡς
1176 3294 1241 3345 ὲκ
1287 3292 1378 3347 τοῦ
1416 3293 1729 3365 ἀνθρώπου,
1763 3296 1823 3349 τὸ
1846 3298 1913 3367 τῇ

341 3383 598 3455 ἀσθενείᾳ.
623 3384 723 3454 τῆς
749 3383 962 3452 φύσεως
988 3384 1320 3456 πρόσφορον,
1348 3387 1376 3438 6
1405 3385 1471 3438 τὰ
1496 3386 1742 3460 ἡμέτερα
1768 3387 1915 3457 πάοη

340 3478 787 3546 οἰκειωσάμενος.
818 3476 960 3546 Ἤδη
992 3476 1048 3529 δὲ
1076 3476 1104 3529 6
1152 3478 1246 3530 καὶ
1295 3478 1622 3547 παράδοξον,
1657 3481 1718 3534 οὐ
1755 3480 1916 3551 μόνον

338 3568 414 3622 τὰ
448 3571 514 3639 τῇ
542 3567 666 3620 καθ’
697 3569 846 3638 ἡμᾶς
870 3568 1029 3636 φύσει
1059 3567 1339 3632 οῦσιωδῶς
1396 3586 1455 3622 τε
1503 3570 1599 3623 καὶ
1651 3570 1711 3635 ἒξ
1739 3571 1918 3643 ἀρχῆς

342 3660 722 3733 ἐνυπάρχοντα
740 3659 912 3731 πάθη,
936 3660 1072 3713 ἀλλὰ
1098 3661 1193 3713 καὶ
1221 3661 1288 3714 τὰ
1306 3660 1513 3715 τούτων
1536 3663 1912 3733 ἀπηχέστερα·

344 3754 487 3806 κατὰ
518 3751 613 3804 τοῦ
636 3752 857 3805 πάντων
887 3752 1045 3821 ἡμῶν
1086 3753 1341 3823 Σωτῆρος
1395 3754 1635 3824 Χριστοῦ
1674 3771 1915 3824 κατηγο-

351 3843 448 3915 ρού
457 3859 593 3912 μενα
610 3844 730 3906 ταῖς
749 3844 924 3913 ἱεραῖς
940 3844 1185 3915 Γραφαῖς
1201 3844 1517 3916 εὑρίσκεται
1539 3863 1551 3876 ·
1574 3846 1670 3899 καὶ
1693 3844 1919 3899 οἰκειοῦ-

347 3934 472 3987 σθαι
525 3934 698 3987 ταῦτα
750 3933 993 4002 λέγεται,
1068 3935 1250 3988 ὁποῖόν
1295 3937 1352 3988 τι
1398 3937 1513 3989 ἐστι
1555 3936 1615 3990 τὸ
1665 3938 1917 4008 κατάραν

346 4026 487 4097 ὑπὲρ
518 4025 674 4095 ἡμῶν
708 4027 803 4079 καὶ
835 4028 1020 4094 μέντοι
1047 4026 1142 4079 καὶ
1185 4026 1460 4096 ἁμαρτίαν
1505 4026 1670 4080 αὐτὸν
1708 4028 1920 4096 γεγονὲ-

348 4132 454 4169 var
475 4116 619 4169 κατὰ
643 4117 703 4170 τό
721 4133 735 4147 θ
756 4115 1221 4185 Ἐπικατάρατος
1243 4114 1362 4183 πᾶς
1386 4119 1417 4170 d
1434 4116 1800 4187 κρεμάμενος
1821 4118 1921 4174 ἐπὶ

350 4207 562 4271 ξύλου.
587 4208 699 4263 Καὶ
726 4209 787 4261 τό
819 4224 833 4239 ο
851 4209 974 4261 Οὐκ
1005 4208 1205 4261 εἰδότα
1233 4208 1546 4277 ἁμαρτίαν,
1574 4208 1727 4277 ὑπὲρ
1754 4208 1922 4279 ὑμῶν

348 4301 640 4369 ἁμαρτίαν
665 4302 938 4369 ἐποίησε.
969 4301 1043 4354 T6
1068 4318 1128 4353 τε
1159 4302 1426 4373 ἡμέτερον
1453 4301 1748 4366 στασιῶδες
1774 4304 1923 4356 ἀνει-

350 4392 575 4463 ληφέναι
605 4396 699 4447 καὶ
724 4392 1284 4448 ἀνυπότακτον.οῦτω
1306 4392 1415 4464 γὰρ
1434 4392 1729 4448 οἰκειοῦται
1749 4395 1816 4448 τὰ
1826 4393 1920 4448 τοῦ

2015 564 2088 607 ret
2116 554 2258 618 Deo;
2282 559 2632 625 morti/iectus
2657 562 2863 628 quidem
2894 580 3069 629 carne,
3095 567 3384 635 vivi/iratus
3414 587 3591 627 ament

2014 645 2204 713 spiritu
2238 647 2304 700 ".
2331 648 2397 701 Et
2422 665 2642 705 rursus:
2673 650 2883 708 Christo
2910 672 3065 718 passo
3096 674 3190 723 pro
3222 660 3369 713 nobis
3400 678 3589 724 carne.

2013 749 2060 790 et
2115 755 2206 791 ros
2242 740 2425 794 eadem
2477 742 2799 811 cogitatione
2839 747 3126 801 armamini
3144 748 3210 802 "'.
3259 749 3590 806 Consonabit

2000 828 2102 882 'his
2129 830 2293 883 etiam
2324 832 2710 901 mysteriorum
2757 834 3021 901 initiator,
3071 837 3337 893 Christum
3371 844 3588 904 cruciﬁ-

2011 935 2138 973 xum
2166 921 2461 983 pra'dirans
2483 963 2497 984 ,
2525 932 2573 976 et
2605 923 2883 978 Dominum
2911 925 3093 995 gloria.-
3118 930 3172 982 in
3200 947 3352 986 cruce
3376 949 3592 1002 suspen-

2013 1008 2220 1061 sum".
2273 1008 2396 1062 ideo
2449 1011 2692 1066 deicidas
2731 1025 2783 1068 et
2832 1016 3191 1073 dmuinicidas
3239 1032 3434 1075 vocant
3491 1022 3591 1076 Ju-

2013 1098 2157 1150 dteos
2208 1106 2317 1150 tum
2364 1097 2486 1163 isti,
2518 1110 2628 1153 tum
2664 1101 2767 1155 (ll\i
2803 1102 2991 1158 Patres
3036 1107 3238 1174 nostri,
3271 1108 3362 1177 qui
3406 1110 3471 1164 de
3502 1126 3591 1165 ra-

2017 1188 2161 1240 tione
2185 1190 2636 1258 appropriatiouis
2656 1192 2967 1249 idiomatum
3000 1197 3071 1251 ita
3100 1199 3393 1257 disserunt.
3424 1199 3591 1257 Divus

2012 1279 2227 1347 quidem
2242 1278 2487 1351 'Cyrillus
2512 1282 2563 1336 in
2590 1285 2745 1337 tertia
2775 1286 2839 1339 ad
2863 1287 3167 1344 Nestorium
3189 1293 3417 1360 epistola
3438 1293 3588 1365 (68):

2017 1390 2034 1423 ι
2091 1371 2326 1441 Eratque
2370 1373 2425 1427 in
2474 1375 2734 1429 eruciiixu
2780 1392 3041 1446 corpore,
3095 1383 3276 1437 carnis
3330 1398 3440 1438 sua:
3489 1383 3592 1440 sibi

2011 1464 2375 1533 approprians
2410 1467 2712 1533 passiones.
2758 1487 2776 1520 ι
2820 1468 2874 1522 lu
2901 1471 2990 1524 illa
3033 1487 3162 1527 vero
3193 1474 3259 1527 ad
3289 1473 3593 1530 Orientales

2010 1556 2089 1609 sic
2120 1554 2231 1626 (69)
2266 1574 2279 1610 :
2324 1574 2341 1608 ι
2385 1555 2721 1625 lmpassibile
2758 1572 3017 1628 pra-terea
3057 1562 3147 1617 Dei
3186 1563 3417 1619 Verbum
3459 1581 3593 1621 con-

2012 1648 2228 1703 ﬁtemur
2256 1663 2468 1714 omnes,
2498 1652 2712 1706 etiamsi
2739 1654 3142 1722 sapientissime
3166 1659 3409 1726 mysterii
3443 1673 3594 1714 mcu-

2012 1740 2247 1794 nomiam
2283 1755 2506 1810 gerens,
2537 1743 2641 1797 sibi
2695 1747 2994 1801 attrilmere
3040 1748 3328 1804 videbatur
3351 1765 3443 1805 eas
3472 1766 3594 1821 qua

2015 1833 2166 1887 carni
2217 1849 2328 1888 sua;
2358 1835 2678 1890 accidebant
2720 1839 3017 1904 passiones.
3076 1839 3365 1911 Propterea
3408 1852 3464 1898 et
3505 1860 3593 1898 sa-

2016 1923 2388 1992 pientissimus
2419 1924 2615 1981 Petrus
2648 1944 2662 1979 :
2697 1924 2908 1982 Christo
2948 1930 3112 2000 igitur
3140 1948 3235 1999 pro
3265 1931 3411 1986 nobis
3439 1949 3597 1988 carne

2014 2013 2121 2084 63
2147 2030 2338 2083 passo;
2362 2028 2549 2081 carne,
2569 2016 2806 2084 inquam,
2832 2033 2934 2070 nun
2964 2019 3247 2075 inell‘abilis
3270 2021 3483 2079 deitatis
3507 2041 3596 2077 na-

2019 2115 2159 2159 tura.
2190 2104 2263 2161 Ut
2280 2105 2424 2159 enim
2448 2106 2565 2176 ipse
2580 2108 2819 2161 omnium
2840 2108 3100 2164 Servatur
3120 2126 3238 2166 esse
3257 2114 3592 2183 crederetur,

2018 2197 2354 2253 mcunomica
2375 2198 2813 2267 appropriatione
2837 2200 2889 2254 in
2918 2215 2998 2265 se,
3030 2213 3089 2256 ut
3115 2203 3246 2267 dixi,
3280 2206 3462 2261 carnis
3482 2221 3594 2262 sute

2018 2286 2296 2355 passiones
2331 2288 2620 2344 transtulit.
2657 2308 2675 2340 ι
2704 2290 2874 2343 Sacer
2911 2308 3040 2347 vero
3071 2293 3489 2365 Amphilochius
3523 2300 3593 2354 ad

2020 2376 2300 2431 Seleucum
2324 2378 2571 2433 scribens
2598 2379 2677 2434 sic
2703 2382 2778 2434 ait
2814 2382 2926 2452 (70)
2958 2398 2971 2436 :
3014 2402 3032 2435 ι
3071 2384 3359 2457 Assumpta
3393 2389 3595 2458 patitur

2019 2477 2211 2521 natura
2234 2508 2249 2533 ,
2281 2470 2372 2523 sed
2400 2484 2463 2526 ea
2498 2485 2619 2541 qute
2657 2476 2974 2543 assunt-psit,
3006 2485 3190 2532 manet
3221 2477 3589 2548 impassibiiis.

2018 2562 2347 2630 Apprupriat
2370 2575 2551 2618 autem
2577 2564 2679 2619 sibi
2714 2566 2854 2620 Deus
2881 2569 3084 2637 proprii
3114 2572 3296 2642 templi
3329 2573 3595 2628 humanas

2020 2655 2300 2723 passiones
2322 2694 2338 2720 ,
2371 2660 2595 2710 erucem
2626 2666 2679 2710 et
2723 2668 2994 2724 mortem,
3026 2670 3080 2714 et
3118 2662 3222 2715 alia
3251 2672 3512 2733 quotquot
3540 2666 3593 2720 in

2020 2746 2137 2814 ipso
2166 2747 2465 2803 secundum
2494 2750 2857 2803 uiconomiam
2894 2764 3232 2818 spectantur.
3269 2756 3596 2826 Appropriat

2018 2838 2143 2902 sibi,
2175 2838 2417 2907 inquam,
2449 2839 2581 2893 nihil
2612 2840 2727 2909 ipse
2764 2842 2992 2909 patiens.
3032 2864 3052 2895 ι
3086 2843 3176 2899 Sic
3201 2855 3257 2899 et
3283 2848 3438 2902 divus
3460 2846 3594 2903 Gre-

2018 2928 2200 2997 gorius
2224 2926 2499 2997 Nyssenns
2520 2930 2778 2983 adversus
2800 2932 3162 3007 Apollinarem
3184 2935 3552 3007 seribens(7i)
3575 2955 3590 2993 :

2025 3038 2042 3071 ι
2079 3019 2342 3085 Quoniam
2394 3019 2574 3090 itaque
2618 3020 2724 3074 alia
2769 3004 2849 3076 est
2901 3022 3135 3079 immana
3171 3025 3452 3094 voluntas,
3489 3004 3590 3083 alia

2020 3110 2229 3174 divina,
2264 3108 2502 3178 loquitur
2534 3110 2777 3180 quidem,
2815 3121 3073 3181 tanquam
3120 3128 3182 3169 ex
3223 3116 3589 3184 humanitate,

2016 3215 2076 3255 ea
2131 3215 2249 3267 quae
2286 3209 2414 3254 sunt
2463 3198 2763 3254 inﬁrmitati
2811 3212 3018 3256 natura:
3071 3218 3351 3275 congrua,
3401 3208 3448 3262 is
3498 3211 3592 3278 qui

2017 3300 2232 3345 nostras
2256 3289 2545 3373 passiones
2576 3291 2677 3345 sibi
2726 3295 3121 3362 appropriavit.
3153 3296 3401 3368 insuper,
3447 3303 3594 3373 quod

2016 3380 2263 3435 mirabile
2294 3389 2410 3445 est,
2462 3395 2568 3435 non
2618 3382 2792 3437 solum
2827 3399 2921 3440 eas
2970 3401 3092 3456 qua:
3144 3400 3342 3445 nostrae
3386 3404 3592 3451 natum

2017 3472 2447 3527 substantialiter
2469 3482 2524 3528 et
2546 3488 2574 3527 a
2601 3475 2914 3544 primordiis
2943 3478 3126 3535 insunt
3152 3483 3429 3549 passiones
3448 3528 3462 3552 ,
3494 3487 3589 3542 sed

2017 3565 2180 3618 etiam
2236 3565 2569 3630 deteriores,
2630 3567 2696 3621 de
2740 3570 3011 3623 communi
3067 3580 3252 3627 nostro
3301 3575 3592 3632 Servatoru

2018 3654 2235 3709 Christo
2254 3656 2575 3724 praedicatas
2603 3655 2654 3710 in
2683 3659 2857 3712 sacris
2880 3658 3178 3729 Scripturis
3203 3667 3587 3734 comperimus,

2016 3760 2218 3815 easque
2268 3747 2641 3816 appropriatas
2689 3748 2834 3817 dici,
2867 3752 3032 3806 veluti
3083 3755 3225 3822 quod
3282 3757 3594 3813 maledictio

2018 3852 2115 3906 pro
2144 3836 2333 3900 nobis,
2370 3837 2477 3890 imo
2524 3845 2579 3892 et
2624 3850 2929 3908 peccatum,
2975 3841 3152 3897 iactus
3204 3844 3592 3918 iuerit;juxta

2020 3928 2194 3983 illud:
2228 3926 2544 3981 Maledictus
2592 3934 2757 3983 omnis
2799 3932 2888 4001 qui
2919 3934 3104 4000 pendet
3151 3936 3203 3988 in
3245 3936 3388 4006 ligno
3414 3939 3480 3995 ⁷⁷.
3529 3940 3597 3995 lit

2022 4021 2190 4075 illud:
2226 4017 2558 4073 Nescientem
2588 4030 2893 4089 peccatum,
2924 4023 3045 4093 fecit
3076 4042 3188 4080 esse
3225 4040 3493 4097 peccatum
3525 4034 3590 4087 ⁷⁸.

2022 4111 2156 4166 Tum
2180 4112 2305 4180 quia
2337 4109 2595 4166 rebellem
2631 4123 2869 4167 nostram
2912 4125 3397 4190 contumaeemque
3440 4135 3595 4177 natu.

2022 4222 2138 4262 ram
2174 4206 2496 4276 susceperit.
2527 4206 2619 4261 Sic
2643 4207 2786 4261 enim
2822 4209 2924 4262 sibi
2956 4213 3264 4281 apprupriat
3296 4229 3592 4287 assumpta,

2024 4307 2082 4351 ut
2121 4297 2175 4351 in
2211 4312 2270 4352 se
2315 4297 2587 4352 deteriora
2632 4309 2954 4365 consumat,
2987 4301 3148 4356 veluti
3186 4318 3364 4357 ceram
3417 4305 3595 4376 ignis,
3656 4343 3667 4355 .

2026 4400 2182 4444 terra!
2210 4404 2463 4458 vaporem
2494 4390 2576 4445 sol
2610 4407 2623 4444 :
2662 4406 2866 4459 uosque
2906 4395 3125 4463 propria
3168 4396 3333 4465 ipsius
3370 4401 3595 4465 partici-

351 4485 799 4556 προσλήμματος,
841 4485 930 4538 ἵνα
955 4485 1015 4538 ὲν
1067 4482 1247 4554 ἑαυτῷ
1278 4483 1569 4555 δαπανήσῃ
1600 4484 1661 4538 τὸ
1711 4487 1913 4555 χεῖρον,

2026 4496 2220 4550 pensus
2252 4491 2474 4553 propter
2523 4482 2929 4538 adunationem.
2965 4504 2983 4535 ι
3021 4485 3094 4540 Ita
3136 4503 3359 4558 magnus
3389 4487 3596 4560 Grego-

350 4576 421 4640 ὡς
444 4577 616 4647 κηρὸν
648 4578 784 4649 πῦρ,
818 4577 915 4630 καὶ
945 4576 1022 4641 ὡς
1055 4575 1256 4646 ἀτμίδα
1284 4576 1390 4647 γῆς
1419 4576 1592 4647 ἥλιος,
1636 4578 1731 4631 καὶ
1760 4580 1922 4648 ἡμεῖς

354 4670 742 4741 μεταλάϐωμεν
764 4670 872 4725 τῶν
894 4669 1103 4724 ἐκείνου
1131 4668 1217 4722 διὰ
1235 4670 1335 4738 τὴν
1365 4668 1695 4742 σύγκρασινο
1724 4690 1743 4723 ι
1770 4674 1799 4727 6
1825 4672 1925 4742 μέ-

350 4778 449 4829 γας
479 4761 614 4833 φησι
639 4762 959 4835 Γρηγόριος.

2027 4573 2162 4633 rius.

423 4897 469 4930 "
500 4897 521 4952 1
555 4898 704 4955 Petr.
735 4914 819 4966 ut,
860 4900 950 4954 18.
1023 4900 1072 4931 ⁷⁵
1103 4899 1121 4953 1
1153 4899 1299 4954 Pelr.
1333 4913 1409 4963 tv,
1440 4899 1489 4952 l.
1566 4899 1614 4931 ⁷⁸
1640 4899 1656 4953 1
1684 4898 1809 4955 Cor.
1837 4902 1913 4967 1,5

2032 4901 2074 4932 "
2101 4896 2280 4953 Galat.
2315 4912 2397 4960 ιιι,
2423 4897 2510 4951 13.
2586 4898 2702 4951 "-II
2730 4898 2858 4953 Cor.
2894 4916 2943 4964 ν,
2977 4899 3067 4953 21.

424 5057 536 5119 168)
572 5055 669 5110 Ed.
704 5056 924 5108 Auherti
960 5065 998 5109 t.
1042 5053 1105 5117 V,

426 5126 536 5197 (6:!)
570 5126 768 5181 Confer
797 5125 983 5197 Cyrilli
1008 5124 1211 5197 Opera,
1246 5133 1288 5197 _t.
1321 5121 1405 5197 Vl,
1440 5124 1637 5197 p._l_i_)8.

424 5190 537 5268 (70)
586 5190 1172 5268 Apttti_Cutttbeli_siuIIt
1245 5193 1298 5245 in
1355 5190 1717 5268 Qntpltiloehii
1772 5192 1914 5248 Reli-

248 5306 253 5311 -
354 5262 602 5339 quiarun]
639 5262 897 5339 editione,
930 5280 979 5339 pr.
1013 5263 1137 5339 142,
1165 5277 1286 5316 cum
1321 5262 1807 5339 a_liqua_v‘ariet_:‘tte_.

426 5337 537 5407 (71)
581 5338 637 5390 in
670 5336 905 5389 editione
931 5330 1204 5407 i’arisiaca
1242 5340 1281 5385 t.
1321 5331 1383 5394 ll,
1424 5348 1473 5399 p.
1509 5330 1632 5407 696.
1689 5330 1915 5407 Reliqua

356 5400 451 5477 per
474 5400 643 5477 utinm
674 5402 1107 5477 suntquaerentia
1130 5416 1409 5477 {namque
1445 5411 1497 5455 et
1522 5401 1749 5477 alterum
1780 5400 1921 5471 Nys-

355 5470 468 5530 ἐειιί
501 5476 765 5544 ντυιὶλιιιιι
807 5483 995 5527 contra
1029 5472 1396 5540 Apollinarem
1430 5470 1690 5539 scriptum
1731 5470 1918 5538 protu-

358 5548 413 5598 lit
440 5545 500 5597 L.
526 5545 851 5609 lat-agnitis.
892 5540 1194 5609 Casterttqui
1246 5540 1513 5594 absurdus
1545 5540 1674 5593 mihi
1712 5542 1923 5595 videtur

358 5559 413 5598 Ill
440 5559 500 5597 Ι».
528 5559 851 5613 LilCﬂglllllS.
892 5559 1194 5609 ωειεισιιιιιιι
1246 5559 1513 5594 ansuruus
1545 5559 1674 5593 1111111
1712 5559 1919 5595 νιαειιιι·

358 5614 736 5670 Carulinorum
772 5613 1033 5666 librorum
1082 5620 1271 5664 auctor
1302 5610 1393 5663 lib.
1443 5624 1521 5677 ιι.
1550 5624 1667 5677 cap.
1698 5608 1782 5667 l7.
1830 5612 1919 5677 qui

361 5686 428 5739 ad
476 5682 707 5737 Nicaeus:
757 5680 945 5752 synodi
978 5680 1307 5752 testimonia
1351 5695 1416 5752 ex
1465 5676 1742 5752 _Nysseno,
1789 5676 1919 5752 nihil

366 5754 514 5808 aliud
547 5748 854 5823 respondet,
887 5749 1190 5827 nisibujus
1228 5748 1406 5805 Patris
1428 5750 1596 5804 vitam
1628 5757 1683 5804 et
1714 5750 1918 5804 doctri-

1154 5063 1293 5122 parl.
1326 5069 1391 5122 ιι,
1426 5068 1479 5121 p.
1512 5052 1602 5106 72.

2032 5067 2154 5105 nam
2181 5050 2283 5124 sibi
2320 5065 2444 5124 esse
2466 5051 2729 5124 ignotam,
2762 5052 2993 5121 ideoque
3030 5055 3342 5108 testimonia
3373 5071 3434 5107 ex
3482 5055 3597 5124 ejus

2032 5120 2306 5188 opusculis
2331 5121 2536 5188 prolata
2575 5122 2641 5175 ad
2684 5136 2768 5176 res
2798 5120 2991 5177 dubias
3039 5126 3465 5188 conﬁrmandus,
3495 5120 3595 5179 mi—

2028 5204 2129 5243 nus
2158 5190 2304 5243 cerni
2336 5188 2545 5243 idonea.
2581 5189 2785 5245 Rursus
2830 5192 2922 5246 lih.
2954 5208 3038 5256 III,
3062 5207 3183 5259 cap.
3228 5194 3283 5252 5.
3315 5208 3595 5260 perperam

2028 5270 2218 5312 auetor
2248 5259 2593 5330 reprehendit
2624 5260 2928 5326 'I’arasium,
2970 5264 3111 5330 quod
3143 5263 3192 5313 in
3234 5263 3353 5314 titlei
3388 5259 3598 5330 profes-

2025 5329 2405 5402 siqneﬂixerit
2436 5329 2698 5402 Spiritum
2735 5343 2995 5385 sanctum
3036 5329 3398 5402 contribulem
3430 5332 3595 5402 (σύμ-

2020 5397 2209 5468 φυλον)
2238 5397 2383 5451 Patri
2410 5412 2464 5452 et
2490 5399 2659 5464 Filio;
2698 5402 2840 5468 quod
2877 5400 3190 5455 voeabulum
3241 5397 3502 5455 detestari
3532 5397 3596 5455 'se

2018 5471 2116 5539 ait,
2170 5479 2225 5520 et
2261 5468 2431 5539 inutili
2469 5470 2776 5523 eruditione.
2811 5474 3060 5539 castigat.
3090 5470 3229 5539 Ecce
3273 5470 3415 5521 enim
3452 5473 3592 5535 apml

2022 5537 2343 5608 Nyssenum,
2374 5536 2571 5593 Contra
2587 5536 2974 5606 Apollinarem,
3003 5542 3088 5593 ed.
3120 5538 3351 5607 Zacagn.
3383 5554 3432 5607 ρ.
3467 5540 3589 5602 Nili,

2021 5608 2357 5679 vocabulum!
2388 5608 2662 5679 σύμφυλος
2714 5610 2785 5679 de
2832 5609 2966 5663 Filio
3002 5610 3229 5670 dictum,
3287 5611 3593 5674 explicatur

2020 5676 2276 5749 συμφυὴς
2304 5679 2396 5749 καὶ
2435 5676 2740 5749 ὁμοούσιος,
2774 5677 2827 5733 id
2853 5687 2937 5733 est
2979 5678 3343 5733 contmturaiis
3367 5694 3420 5738 et
3462 5694 3590 5734 eou-

2019 5747 2403 5819 substgntialt's.
