4086 6344
224 322 321 385 325

928 325 1554 386 ANTIRRHE’I‘ICUS
1593 328 1619 385 Ι
1661 329 1826 387 ADV.
1881 328 2473 389 CONS'I'ANTINUM
2525 332 2738 395 COPR.

3367 341 3473 404 326

230 433 488 502 σκέψεως,
518 431 700 501 παρῆν
717 432 772 484 δὲ
793 433 917 485 σκιὰ
946 433 1074 498 γοῦν
1094 435 1367 502 φιὶοθεῒας
1392 438 1541 507 ὑμῖν,
1567 438 1718 492 οὐδὲν
1736 439 1794 492 ἂν

1904 442 2207 505 molimina,
2237 452 2286 497 et
2314 444 2356 497 si
2394 446 2586 500 umbra
2630 446 2818 500 saltem
2854 448 3070 514 pietatis
3107 452 3254 505 vobis
3284 470 3474 522 super-

231 525 321 580 νῦν
339 523 523 592 ἐδέησε
541 524 651 575 τῶν
672 523 844 576 κενῶν
860 524 1066 577 τούτων
1079 528 1172 578 καὶ
1189 529 1353 579 νεωτέ
1364 546 1471 599 ρων
1485 529 1789 599 δογμάτων,

228 618 318 686 τῆς
347 614 582 687 Χριστοῦ
612 615 943 684 Ἐκκλητίας
983 618 1317 678 ἁπεναντίας
1374 619 1564 675 ἰοῦσιν.
1620 619 1794 690 Εἴπερ

229 708 328 780 γὰρ
370 706 540 778 μετῆν
594 706 726 775 ὑμῖν
781 706 1063 770 εὐσεΰεὲας
1111 709 1354 778 φροντὶς,
1383 709 1552 779 ὀρθήν
1601 728 1661 763 τε
1697 712 1795 765 καὶ

231 798 547 867 ἀδιάϐλητον
571 798 672 868 τὴν
698 799 790 850 ἐπὶ
822 801 890 867 τῇ
920 798 1205 871 οἰκονομίᾳ
1238 800 1475 871 Χριστοῦ
1510 802 1794 866 διεσώζετε

226 890 399 954 δόξαν,
436 888 511 959 μὴ
539 891 1135 963 κατεσχηματισμένην
1174 894 1307 961 ἡμῖν
1352 893 1445 946 καὶ
1484 893 1797 965 πεπλασμέ-

227 999 320 1050 νην
351 979 452 1048 τὴν
485 979 626 1032 κατὰ
651 980 887 1052 Χριστὸν
927 980 1097 1035 δυάδα
1124 981 1234 1034 τῶν
1265 981 1479 1050 φύσεων
1510 1001 1796 1055 προχειριο

228 1076 458 1143 ζόμενοι,
487 1073 716 1136 δικαίως
765 1076 832 1128 ἂν
869 1076 1017 1147 μάλα
1063 1077 1157 1129 καὶ
1217 1077 1286 1129 τὰ
1314 1076 1407 1129 ὲπί
1463 1095 1528 1146 γε
1587 1078 1795 1149 ταύτης

224 1169 389 1219 οἰκεῖα
414 1166 510 1218 καὶ
538 1166 775 1236 ἁρμόδια
820 1167 1100 1221 ἀπεδίδοτε
1123 1183 1136 1197 ·
1189 1170 1284 1222 καὶ
1330 1169 1529 1231 διπλᾶς
1568 1171 1665 1231 τὰς
1704 1171 1795 1222 ἐπὶ

225 1256 449 1327 Χριστοῦ
484 1259 771 1329 γεννήσεις
802 1259 1212 1329 ὁμολογοῦντες,
1245 1262 1345 1331 τήν
1378 1278 1438 1313 τε
1466 1259 1795 1330 προαιώνιον

226 1353 309 1402 καὶ
333 1348 570 1418 ἄναρχον
601 1348 897 1418 ἀσώματόν
937 1367 996 1403 τε
1024 1350 1120 1405 καὶ
1146 1352 1342 1415 ἀΐδιον,
1384 1354 1448 1405 ὲκ
1492 1350 1587 1405 τοῦ
1627 1353 1796 1423 ἀνάρ-

228 1450 313 1509 χον
337 1440 432 1492 καὶ
460 1440 634 1493 ἀϊδίου
665 1439 900 1510 Πατρὺς,
932 1442 1026 1493 καὶ
1066 1440 1164 1512 τὴν
1214 1442 1350 1507 πρὸς
1394 1446 1517 1505 ταῖς
1564 1442 1795 1514 δυσμαῖς

228 1534 328 1589 τῶν
361 1533 573 1603 καιρῶν
601 1535 664 1585 ὲκ
690 1532 791 1603 τῆς
816 1534 1198 1604 παναχράντου
1237 1534 1527 1599 Θεοτόκου,
1562 1536 1661 1605 τῆς
1693 1552 1796 1587 σω-

228 1625 412 1695 τηρίας
454 1623 769 1691 τοῦγένους
824 1623 987 1678 ἕνεκα
1022 1623 1113 1675 τοῦ
1143 1624 1413 1695 ἡμετέρου
1458 1625 1564 1677 ὑπὸ
1602 1625 1794 1696 χρόνον

228 1715 615 1787 γεγενημένην,
648 1714 903 1785 ἐνείματε
946 1713 1011 1769 ἂν
1040 1714 1279 1785 ἑκατέρᾳ
1302 1714 1372 1768 τὰ
1399 1714 1466 1767 δι’
1494 1708 1567 1768 ὧν
1591 1715 1650 1767 τὺ
1676 1715 1791 1768 ἑτε-

230 1808 413 1879 ροφυὲς
464 1805 646 1859 αὑτῶν
704 1806 1194 1876 χαρακτηρίζεται,
1231 1806 1325 1858 καὶ
1375 1806 1436 1857 τὸ
1478 1805 1790 1876 ἁσὺγχυτον
1822 1791 1865 1846 Β

226 1901 312 1952 καὶ
326 1898 684 1969 ἀσὺμφυρτον
701 1897 881 1950 αὑτῶν
901 1896 1250 1965 γνωρίζεται,
1267 1896 1471 1960 καὶτὰς
1492 1898 1793 1968 προσφυεῖς

226 1989 498 2059 ἐνεργείας
528 2006 586 2041 τε
635 1989 731 2042 καὶ
769 1988 1074 2059 θελήματα,
1109 1988 1179 2040 τὰ
1219 1986 1337 2040 θεῖα
1384 1988 1529 2058 φημὶ
1567 1989 1660 2040 καὶ
1696 1988 1792 2041 ἀν-

226 2081 484 2152 θρώπινα.
522 2074 623 2132 Ὧν
653 2082 763 2150 γάρ
821 2083 875 2131 αἱ
909 2080 1102 2148 φύσεις
1145 2078 1413 2150 διάφοροι,
1471 2080 1672 2134 τούτων
1723 2080 1789 2151 δή

226 2190 319 2226 που
362 2175 459 2227 καὶ
498 2174 555 2226 αἱ
588 2174 861 2245 ἐνέργειαι
889 2190 902 2205 ο
961 2171 1154 2242 ὥσπερ
1182 2175 1277 2226 καὶ
1323 2167 1397 2226 ὧν
1432 2175 1487 2225 αἱ
1518 2174 1791 2243 ἐνέργειαι

225 2267 275 2319 αἱ
303 2266 488 2332 αὑταὶ,
521 2267 727 2319 τούτων
759 2268 860 2337 ῆδη
900 2266 996 2319 καὶ
1048 2267 1105 2319 at
1158 2265 1349 2334 φύσεις
1384 2265 1657 2336 ὁμότιμοι,
1703 2265 1793 2319 διὰ

226 2358 313 2430 τὴν
342 2359 450 2412 τῶν
485 2359 853 2413 συνελθόντων
884 2359 1204 2412 ἐναντίωσιν
1236 2358 1379 2411 κατὰ
1409 2358 1469 2411 τὸ
1495 2357 1792 2428 ἐκκλησια-

226 2451 397 2504 στικὸν
452 2450 631 2522 δόγμα
687 2451 778 2503 καὶ
823 2450 1113 2520 φρόνημα.
1159 2449 1346 2513 Οὕτως
1392 2449 1501 2519 γὰρ
1552 2450 1792 2513 εὑσεδῶς

213 2542 428 2611 ’νοηθείη
465 2545 502 2613 ἡ
542 2542 635 2612 μὲν
664 2541 783 2594 θεία
813 2543 1065 2611 ἐνέργεια
1116 2542 1307 2607 ἀῖδιος,
1346 2542 1546 2612 μᾶλλον
1572 2542 1628 2594 δὲ
1663 2543 1794 2595 αὑτ-

220 2633 500 2705 ἐνέργεια,
519 2633 598 2703 τῷ
624 2633 697 2703 μὴ
719 2632 1119 2704 διωρίσθαιτῆς
1145 2633 1335 2695 οὑσίας
1364 2632 1461 2702 τὴν
1487 2633 1789 2702 ἐνέργειαν,

214 2725 347 2778 ἀλλὰ
377 2725 468 2778 τὸν
489 2725 655 2777 αὑτὸν
688 2725 848 2792 λόγον
868 2724 1238 2794 ἐπιδέχεσθαι,
1262 2724 1352 2776 διὰ
1372 2724 1466 2795 τὴν
1490 2725 1587 2792 τῆς
1615 2724 1791 2792 ἁπλῆς

228 2820 310 2870 καὶ
339 2818 636 2888 ἀσωμάτου
684 2818 900 2886 φύσεως
949 2818 1212 2887 ἰδιότητα,
1266 2819 1363 2870 καὶ
1405 2817 1603 2869 ταὺτὺν
1634 2815 1691 2867 δὲ
1733 2818 1791 2867 ὲν

230 2912 377 2961 παντὶ
399 2910 679 2978 διαφόρως
706 2898 992 2980 προΐοῦσα,
1032 2911 1126 2962 καὶ
1160 2910 1237 2973 ὼς
1269 2908 1337 2963 ἂν
1363 2908 1510 2961 είποι
1540 2925 1624 2969 τις
1652 2910 1789 2960 άπερ

224 3003 560 3070 ’[ιγράπτως.
600 3002 673 3052 Οὑ
726 2994 834 3069 γὰρ
868 3001 1098 3069 δυνάμει
1136 3001 1402 3070 πρότερον
1429 2996 1587 3066 οὖσα,
1635 2999 1793 3052 ὔστε-

232 3108 309 3159 ρον
330 3094 403 3154 εἰς
438 3092 505 3144 τὸ
535 3092 783 3161 ἐνεργείᾳ
813 3093 876 3143 ἐκ
905 3090 998 3143 τοῦ
1030 3091 1257 3160 δυνάμει
1288 3091 1549 3163 κατέστη.

293 3196 394 3267 p‘l'.
435 3194 566 3251 Οῗὸν
600 3216 651 3251 τι
682 3201 894 3268 εἴρηται
924 3201 1027 3252 ὑπὸ
1062 3200 1155 3253 τοῦ
1192 3201 1394 3270 Κυρίου
1422 3216 1435 3230 ⁸
1489 3200 1550 3252 Ὀ
1590 3199 1792 3269 Πατήρ

229 3306 329 3356 μου
373 3290 490 3355 ἕως
538 3290 668 3356 ἄρτι
718 3290 1017 3358 ἐργάζεται
1060 3292 1157 3344 καὶ
1194 3291 1307 3360 ἐγὼ
1344 3289 1654 3360 ἐργάζομαι
1684 3308 1697 3320 °
1730 3292 1789 3343 οὑ

231 3381 315 3450 τὴν
353 3382 409 3445 ἐξ
434 3383 615 3452 rip/ﬁ;
663 3383 725 3432 ἐκ
772 3383 844 3450 μὴ
898 3381 1069 3433 ὄντων
1101 3383 1183 3443 εἰς
1227 3381 1287 3434 τὺ
1317 3378 1585 3435 εἶναιτῶν
1621 3382 1793 3437 ὄντων

234 3474 449 3541 πάροδον
497 3475 682 3543 μόνον,
712 3474 812 3542 ἤδη
844 3473 900 3525 δὲ
932 3475 1025 3525 καὶ
1046 3475 1144 3543 τὴν
1178 3474 1307 3543 περί⁵
1340 3475 1479 3527 αὑτὰ
1520 3479 1791 3547 συντήρη-

231 3565 302 3615 σίν
330 3582 385 3616 τε
437 3564 538 3617 καὶ
594 3563 873 3631 πρόνοιαν,
904 3561 979 3623 ὡς
1008 3562 1089 3625 τὸ,
1130 3565 1302 3614 ποιεῖν
1345 3563 1467 3625 τοὺς
1527 3563 1793 3631 ἀγγέλους

231 3654 378 3706 αὐτοῦ
430 3654 725 3723 πνεύματα
754 3669 768 3682 ’
819 3653 935 3715 καὶ,
968 3655 1230 3705 ἐκτείνειν
1254 3654 1345 3706 τὸν
1398 3655 1627 3724 οὐρανὸν
1662 3654 1792 3708 ὡσεὶ

229 3745 424 3817 ίέρριν·
449 3747 571 3807 καὶ,
616 3743 904 3811 στεγάζειν
944 3748 1000 3797 ὲν
1032 3744 1186 3796 ὕδασι
1212 3747 1275 3797 τὰ
1322 3746 1549 3815 ὑπερῷα
1576 3749 1745 3800 αὑτοῦ
1774 3763 1788 3778 ο

232 3837 331 3899 καὶ,
375 3836 668 3907 θεμελιοῦν
694 3835 791 3906 τὴν
821 3837 925 3905 γῆν
957 3837 1049 3889 ἐπὶ
1101 3837 1198 3906 τὴν
1244 3837 1543 3904 ἀσφάλειαν
1584 3840 1752 3908 αὑτῆς
1774 3856 1788 3870 ο

230 3929 359 4001 ἅπερ
388 3930 542 3994 ἅπαξ
566 3931 899 3993 ὑποστάντα,
923 3931 1016 3982 καὶ
1045 3930 1103 3983 τὸ
1134 3931 1355 3999 συνεχὲς
1390 3931 1486 4001 τῆς
1530 3931 1791 4003 διαμονῆς

231 4023 611 4094 ὲνεργοὺμενον
636 4024 925 4092 κέκτηται.
961 4025 1023 4075 'll
1047 4024 1102 4076 δὲ
1126 4023 1461 4095 ἀνθρώπειος
1484 4026 1582 4077 οὑκ
1601 4026 1790 4091 ἀΐδιος,

231 4111 350 4166 ἀλλὰ
382 4113 801 4183 πεπερασμένη,
838 4115 931 4166 καὶ
985 4114 1313 4183 οίκειότερον
1356 4117 1531 4165 εἰπεῖν
1572 4131 1794 4183 περιγε-

232 4209 536 4277 γραμμένη.
568 4205 796 4275 Διὲκοψε
832 4207 999 4277 γὰρὴ
1054 4206 1233 4276 σιωπὴ
1286 4207 1374 4258 τὸν
1413 4207 1813 4278 διαλεγόμενον,

232 4300 368 4353 καὶὸ
431 4299 714 4363 ὑπνώσας,
768 4299 891 4369 οὑχὶ
946 4300 1040 4352 καὶ
1099 4300 1404 4368 ὲγρήγορε;
1448 4300 1556 4351 Καὶ
1589 4298 1792 4369 ἠρεμία

232 4390 317 4457 τὴν
349 4392 569 4462 κίνησιν
605 4390 967 4461 περιέγραψε.
996 4391 1103 4442 Καὶ
1130 4389 1316 4451 ἁπλῶς
1346 4390 1375 4440 ὁ
1403 4389 1455 4440 τί
1496 4406 1624 4441 ποτε
1649 4389 1791 4459 δρῶν

233 4478 284 4529 οὑ
303 4480 362 4549 δή
398 4498 504 4533 που
534 4481 630 4534 καὶ
678 4479 867 4549 ἕτερον
904 4479 961 4530 ὲν
991 4478 1175 4548 ταὺτῷ
1209 4478 1480 4550 δράσειεν.
1522 4476 1794 4539 Ὡσαύτως

233 4568 317 4620 καὶ
347 4572 379 4640 ἡ
412 4570 648 4641 δύναμις
689 4570 841 4640 διττή
866 4582 881 4599 θ
916 4572 947 4639 ή
1002 4569 1099 4639 μὲν
1133 4569 1239 4637 γὰρ
1289 4566 1431 4632 θεία,
1489 4568 1654 4630 ἀΐδιος
1702 4568 1796 4618 καὶ

234 4660 582 4732 αὑτοδὺναμις
635 4661 730 4714 καὶ
762 4662 1190 4732 ἀπειροδὺναμις
1242 4659 1383 4713 κατὰ
1410 4659 1472 4712 τὸ
1499 4660 1795 4730 ὑπεραῖρον

232 4751 318 4821 τῆς
357 4754 779 4823 μεγαλειότητος
805 4754 900 4806 καὶ
920 4752 1205 4822 δυνάμεως
1223 4767 1237 4781 ο
1278 4752 1354 4804 Ἥ
1384 4766 1448 4803 τε
1472 4750 1581 4819 γὰρ
1605 4747 1795 4813 ἀΐδιος

234 4845 404 4898 αὐτοῦ
426 4844 705 4913 δύναμις,
742 4846 895 4915 φησι,
955 4844 1052 4897 καί
1089 4846 1342 4908 θειότης.
1388 4841 1452 4893 Ἦ
1474 4841 1530 4893 δὲ
1574 4838 1791 4909 ἀνθρώ-

236 4950 395 5002 πειος,
430 4937 715 5004 εὑόριστος
763 4938 860 4991 καὶ
885 4936 1138 5007 ἀσθενής.
1192 4933 1257 4990 Ἠ
1294 4935 1403 5003 γὰρ
1429 4932 1586 4999 σὰρξ
1611 4933 1788 4985 ἀσθε-

238 5027 356 5094 γῆς,
384 5031 504 5085 κᾶν
528 5031 595 5085 τὸ
630 5030 884 5099 πνεῦμα,
920 5030 1073 5099 φησὶ,
1100 5030 1427 5095 πρόθυμον.
1475 5026 1581 5077 Καί
1604 5041 1616 5054 ⁸
1650 5026 1789 5077 Ἀν-

239 5121 451 5188 θρωπος
482 5123 552 5175 ἐν
575 5122 781 5190 πληγῇ
806 5120 893 5173 ὢν
925 5121 1023 5173 καὶ
1046 5120 1216 5185 εἰδὼς
1237 5119 1439 5186 φέρειν
1464 5116 1787 5185 μαλακίαν.

238 5207 364 5261 Καί·
392 5213 455 5265 Εἰ
495 5212 839 5279 ἐσταυρώθη
876 5210 944 5275 ἐξ
976 5210 1313 5273 ἀσθενείας,
1339 5208 1473 5260 ἀλλὰ
1497 5206 1562 5274 (ᾖ
1588 5207 1655 5259 ἐκ
1685 5205 1791 5260 δυ-

240 5301 470 5370 νάμεως.
503 5306 658 5358 Οὕτω
683 5305 776 5377 καὶ
817 5304 886 5357 τὰ
916 5302 1218 5374 θελήματα,
1271 5301 1331 5353 τὸ
1364 5303 1461 5371 μὲν
1494 5299 1655 5364 θεῖον,
1698 5298 1790 5351 καὶ

1896 540 2064 597 esset,
2101 532 2234 587 nihil
2272 550 2413 589 nunc
2430 550 2564 604 opus
2582 536 2721 591 foret
2746 538 2899 594 vanis
2925 542 3318 612 neotericisque
3340 551 3472 614 dog-

1894 623 2133 679 matibus
2179 623 2477 680 Ecclesiam
2514 627 2715 681 Christi
2759 643 3095 699 oppugnare.
3134 632 3384 690 Profecto
3423 639 3467 693 si

1892 714 2051 768 vobis
2080 706 2407 770 orthodoxia
2432 732 2579 770 cura:
2600 727 2778 783 esset,
2811 731 3124 789 reclamque
3154 733 3209 775 et
3239 725 3473 795 irrepre-

1894 803 2221 859 heusibilem
2276 807 2420 860 circa
2481 807 2684 861 Christi
2742 812 3083 863 wcououiant
3142 816 3471 869 sententiam

1899 897 2235 964 retiueretis,
2266 912 2362 952 nec
2390 898 2657 952 malitiose
2687 899 2972 967 ﬁguratam
3009 913 3297 972 vestroque
3325 906 3469 961 arbi-

1898 999 2039 1041 tratu
2089 990 2377 1043 conﬁctam
2424 990 2473 1042 in
2504 989 2725 1044 Christo
2774 1008 3128 1060 personarum
3159 995 3470 1050 dualitatem

1898 1085 2051 1137 nobis
2081 1083 2391 1150 objiceretis
2414 1123 2428 1146 ,
2464 1094 2611 1138 recte
2643 1086 2841 1154 oppido
2872 1087 2957 1139 illa
2987 1090 3149 1141 etiam
3199 1104 3317 1158 qua:
3348 1091 3473 1142 huic

1896 1189 2019 1231 sunt
2051 1193 2289 1247 congrua
2324 1192 2387 1230 ac
2434 1178 2650 1246 propria
2684 1180 2969 1234 traderetis
3006 1201 3017 1235 :
3049 1180 3317 1249 duplicem
3366 1184 3470 1236 sci-

1896 1270 2017 1324 licet
2046 1269 2249 1325 Christi
2286 1270 2625 1325 nativitatem
2657 1273 3000 1339 eonlitentcs,
3027 1291 3189 1326 unam
3217 1284 3345 1329 ante
3368 1290 3471 1329 saa-

1897 1360 2017 1413 cula
2048 1372 2101 1413 et
2150 1361 2269 1415 sine
2316 1360 2473 1414 initio
2506 1361 2905 1431 incorpoream,
2946 1365 3333 1432 sempiternam
3361 1406 3376 1431 ,
3404 1382 3472 1420 ex

1895 1454 2227 1519 sempiterno
2257 1466 2321 1506 ac
2349 1453 2469 1505 sine
2499 1453 2768 1523 principio
2804 1454 2999 1514 Patre;
3035 1457 3260 1508 alteram
3289 1467 3471 1510 extre-

1897 1544 2001 1596 mis
2052 1544 2384 1611 temporibus
2443 1559 2509 1598 ex
2558 1546 2901 1599 immaculata
2956 1546 3224 1614 Deipara,
3284 1547 3475 1601 salutis

1897 1641 2096 1686 nostrae
2129 1648 2289 1687 causa
2323 1632 2374 1685 in
2408 1642 2652 1702 tempore
2680 1633 2876 1688 factam
2903 1651 2917 1697 ;
2946 1637 3161 1704 utrique
3188 1652 3248 1690 ea
3276 1636 3473 1692 tribue-

1901 1725 2033 1779 retis
2070 1725 2269 1794 quibus
2303 1725 2513 1779 illarum
2543 1728 2757 1779 diversa
2797 1738 2987 1781 natura
3025 1728 3391 1796 distinguitur,
3420 1740 3475 1782 et

1895 1815 2192 1871 inconfusa:
2239 1816 2700 1886 impermistaeque
2762 1817 3189 1886 dignoscuntur;
3228 1834 3325 1871 ttec
3362 1835 3465 1871 non

1894 1909 2281 1963 connaturales
2329 1911 2675 1977 operationes
2725 1924 2790 1962 ac
2850 1909 3184 1973 voluntates,
3233 1910 3471 1963 divinam

1893 2001 2101 2056 scilicet
2142 2010 2196 2055 et
2240 2000 2555 2053 humanam.
2604 1998 2844 2065 Quorum
2888 2000 3029 2054 enim
3081 2011 3210 2054 sunt
3247 2000 3473 2054 diversa:

1895 2101 2119 2155 naturae,
2155 2105 2341 2144 eorum
2365 2104 2518 2160 reque
2542 2100 2667 2144 sunt
2691 2092 2854 2145 etiam
2886 2094 3235 2162 operationes
3265 2111 3278 2147 :
3310 2094 3470 2147 sicuti

1893 2195 2124 2250 quorum
2154 2190 2279 2235 sunt
2309 2181 2510 2236 caedem
2537 2182 2903 2250 operationes,
2942 2184 3135 2237 horum
3167 2184 3330 2237 etiam
3356 2184 3468 2251 pari

1894 2284 2021 2330 sont
2059 2272 2265 2327 honore
2296 2282 2504 2327 natura:
2525 2310 2542 2337 ,
2577 2281 2798 2341 propter
2826 2272 3266 2326 concurrentium
3300 2287 3467 2342 oppo-

1892 2365 2176 2428 sitionem,
2208 2372 2363 2433 prout
2408 2363 2837 2418 ecclesiasticum
2871 2363 3065 2433 dogma
3113 2372 3167 2416 et
3200 2361 3469 2415 sententia

1893 2467 1995 2509 est.
2031 2455 2122 2508 Sit:
2167 2455 2312 2507 enim
2364 2453 2620 2523 religiose
2666 2453 2991 2522 intelligitur
3035 2453 3213 2505 divina
3251 2452 3467 2519 quidem

1893 2545 2134 2613 Operatio
2161 2543 2490 2612 sempiterna
2513 2583 2527 2606 ,
2567 2542 2649 2596 vel
2678 2544 2856 2611 potius
2883 2541 3255 2596 substantialis
3283 2557 3474 2610 Opera-

1897 2637 2005 2702 tio;
2044 2636 2169 2704 quia
2221 2651 2326 2688 non
2372 2635 2726 2703 distinguitur
2761 2650 2789 2687 a
2843 2635 3145 2690 substantia
3195 2636 3471 2704 opetatio,

1893 2728 1986 2780 sed
2025 2728 2124 2781 sub
2154 2728 2402 2781 eamdem
2450 2726 2816 2781 deﬁnitionem
2869 2729 3048 2794 cadit,
3098 2739 3315 2797 propter
3344 2727 3476 2783 sim-.-

1894 2817 2045 2886 plicis
2071 2818 2517 2887 incorporeaaqne
2540 2827 2748 2872 natura:
2782 2819 3171 2886 proprietatem
3196 2834 3209 2882 ;
3238 2822 3475 2887 itemque

1896 2909 1946 2963 in
1976 2908 2122 2963 oumi
2159 2924 2216 2962 re
2268 2906 2580 2963 d‘tﬂercnter
2626 2910 2924 2977 procedens
2946 2950 2960 2975 ,
2992 2920 3156 2975 atque
3202 2916 3259 2960 ut
3294 2908 3365 2960 ita
3396 2907 3477 2959 di-

1894 3017 2013 3056 cam
2076 3001 2570 3069 incircumscripte.
2627 2997 2744 3051 Non
2802 3002 2949 3053 enim
3022 3014 3143 3053 cum
3192 3007 3351 3052 antea
3392 3000 3476 3051 vis

1822 3126 1864 3182 ρ
1898 3102 2075 3159 esset,
2113 3106 2297 3162 postea
2332 3094 2381 3146 in
2414 3093 2780 3169 operationem
2809 3108 2870 3145 ex
2912 3092 2957 3144 ti
2990 3091 3227 3143 transiit.

1960 3204 2049 3256 49.
2082 3202 2273 3255 Simile
2303 3201 2415 3271 (75)
2440 3202 2569 3272 quid
2600 3219 2625 3252 a
2661 3199 2887 3253 Domino
2918 3203 3118 3253 dictum
3153 3197 3287 3251 fuit:
3319 3194 3476 3250 Patrr

1897 3311 2041 3345 meus
2084 3310 2244 3359 usque
2290 3298 2444 3345 modo
2489 3300 2766 3359 operatur,
2812 3302 2857 3343 et
2904 3306 2995 3358 ego
3059 3305 3244 3358 operor
3279 3288 3341 3349 η,
3372 3307 3474 3339 nou

1895 3386 2069 3439 solum
2115 3385 2257 3437 illaut
2288 3385 2353 3436 ah
2400 3383 2555 3436 initio
2602 3397 2665 3436 ex
2704 3398 2807 3437 non
2847 3383 3186 3435 eXslutttibtts
3225 3383 3290 3433 ad
3333 3382 3477 3434 exsi-

1896 3480 2145 3531 stendum
2182 3478 2590 3545 productionem
2621 3490 2822 3536 rerum.
2858 3476 2951 3528 sed
2979 3475 3139 3528 etiam
3164 3473 3473 3527 earuuulem

1896 3570 2372 3623 conservationem
2427 3578 2481 3620 et
2528 3582 2753 3627 turam;
2804 3566 2968 3620 veluti
3020 3566 3200 3618 facere
3257 3565 3477 3634 angelos

1896 3658 2024 3712 suos
2067 3660 2289 3727 spiritus
2325 3658 2406 3724 8‘;
2456 3667 2508 3711 et
2538 3698 2549 3718 ,
2602 3659 2895 3711 extendere
2950 3658 3145 3709 cmluai
3181 3658 3320 3710 sicut
3362 3658 3477 3723 pel-

1898 3751 1999 3802 lem
2026 3750 2070 3780 ⁸²
2095 3767 2108 3812 ;
2136 3760 2207 3812 et,
2256 3758 2437 3816 tegere
2484 3749 2639 3815 aquis
2679 3750 2957 3815 superiora
2994 3747 3111 3811 l‘jlla
3135 3744 3215 3808 3’;
3248 3756 3321 3808 et,
3359 3745 3478 3797 fun-

1895 3842 2026 3892 dare
2058 3850 2254 3892 terratn
2283 3854 2445 3904 super
2476 3837 2829 3891 stabilitatem
2855 3852 3007 3891 suam
3035 3838 3081 3867 ⁸⁸
3114 3859 3123 3890 :
3159 3852 3278 3904 qua:
3310 3835 3476 3889 semel

1896 3934 2233 3996 constituta,
2271 3932 2686 3998 perpetuitatem
2741 3945 2957 3998 quoque
3002 3929 3304 3981 duratiouis
3353 3928 3477 3979 reti-

1896 4036 2041 4078 nent.
2063 4026 2130 4076 At
2157 4024 2653 4091 humana'operatio
2675 4023 2813 4073 haud
2836 4030 3039 4074 aeterna
3059 4030 3166 4083 est,
3185 4020 3276 4071 sed
3302 4018 3474 4081 lluita,

1895 4128 2058 4185 atque
2089 4130 2145 4169 ut
2192 4116 2362 4184 magis
2393 4116 2822 4182 propriedicam
2866 4114 3298 4179 circumscripta.
3340 4109 3474 4163 Nam

1895 4208 2172 4261 silentium
2208 4207 2556 4274 interrumpit
2601 4204 2708 4275 65
2755 4205 3083 4272 loquentem.
3123 4203 3188 4256 Et
3220 4205 3309 4272 qui
3346 4203 3476 4255 ἀοι·-

1895 4298 2034 4360 miil,
2063 4312 2240 4350 nonne
2275 4308 2458 4366 postea
2504 4297 2757 4366 evigilat?
2813 4296 2876 4349 Et
2926 4297 3083 4364 quies
3128 4305 3332 4349 motum
3365 4294 3474 4348 cir-

1896 4389 2235 4442 cumscribit.
2292 4388 2471 4456 Atque
2514 4388 2736 4442 omnino
2768 4388 2856 4454 qui
2901 4386 3103 4454 aliquid
3152 4387 3295 4455 agit,
3334 4386 3475 4439 haud

1897 4479 2058 4530 simul
2107 4491 2162 4534 et
2208 4478 2351 4532 aliud
2401 4479 2590 4534 eodem
2628 4491 2871 4546 tempore
2908 4478 3088 4532 faciet.
3124 4477 3386 4530 Similiter
3422 4491 3477 4528 ιιι

1898 4572 2067 4622 virtus
2098 4570 2292 4638 duplex
2319 4579 2432 4633 est;
2466 4570 2647 4623 divina
2673 4572 2920 4638 quidem,
2952 4573 3281 4638 svitipiterna
3305 4607 3320 4631 ,
3348 4570 3478 4622 sub-

1894 4662 2166 4714 stantialis
2214 4662 2427 4726 virtus,
2486 4662 2749 4716 immensa
2803 4674 3103 4730 suapteque
3163 4661 3211 4714 vi
3264 4662 3475 4724 virtus,
3522 4684 3537 4692 ·

1893 4766 2103 4803 sununo
2142 4750 2193 4802 in
2244 4751 2410 4817 gradu
2452 4749 2845 4818 magnitudinis
2890 4760 3055 4817 atque
3092 4748 3367 4816 potentia.
3408 4743 3475 4809 Ει

1891 4846 2204 4908 sempiterna
2238 4842 2353 4909 ejus
2395 4843 2560 4894 virtu:
2586 4858 2647 4892 ac
2674 4842 2921 4893 divinitus
2952 4841 3018 4895 ⁸³.
3050 4840 3295 4895 lluntana
3326 4853 3474 4891 vero.

1891 4934 2023 4987 satis
2052 4933 2279 4985 limitata
2333 4945 2497 5001 atque
2547 4934 2779 4986 iulirtna.
2831 4931 2969 4986 Caro
3028 4934 3166 4985 enim
3226 4931 3479 5011 inﬁrma,

1895 5025 2107 5077 etiamsi
2144 5024 2382 5092 spiritus,
2432 5025 2629 5092 inquit,
2666 5035 2938 5094 promptus
2958 5024 3025 5076 ⁸⁸.
3061 5023 3159 5075 Et:
3214 5022 3385 5075 Homo
3430 5021 3497 5070 iu.

1894 5115 2051 5182 plaga
2108 5117 2347 5183 positus,
2400 5124 2449 5167 et
2489 5116 2660 5168 sciens
2709 5115 2842 5183 ferre
2894 5115 3257 5182 inﬁrmitatem
3294 5111 3361 5164 ⁸⁷.
3410 5109 3476 5164 Et

1893 5207 2141 5273 quamvis
2169 5208 2458 5273 cruci/iras
2487 5208 2581 5259 fuit
2612 5225 2673 5259 ex
2696 5206 3004 5275 inﬁrmitate
3029 5248 3041 5266 ,
3066 5206 3185 5258 civit
3214 5217 3387 5256 tamen
3416 5219 3481 5256 «2:

1902 5308 2089 5351 rit-tute
2117 5298 2180 5350 ⁸⁸.
2213 5298 2437 5366 Semper
2468 5300 2610 5352 enim
2645 5299 2782 5353 Deus
2826 5301 2959 5353 bene
2992 5299 3146 5350 nobis
3173 5312 3291 5350 esse
3325 5296 3430 5347 \tlll
3455 5336 3475 5361 ,

301 5484 342 5509 ’⁸
378 5482 533 5537 Juan.
564 5485 731 5545 v.17.
808 5483 852 5514 ⁸³
896 5483 1037 5537 Psal.
1079 5498 1196 5543 cm,
1234 5483 1287 5534 4.
1361 5481 1635 5537 "ibid.:’2.
1710 5479 1755 5510 ⁸³
1797 5477 2049 5533 ibid.3.”
2084 5479 2213 5534 ibid.
2251 5479 2300 5533 5.
2378 5458 2424 5510 δέ
2456 5478 2614 5533 llont.
2648 5495 2689 5541 ι,
2718 5480 2808 5535 20.
2886 5481 2930 5510 “
2964 5477 3152 5531 Matth.
3191 5491 3340 5541 xxvn,
3384 5479 3479 5532 li.

244 5544 280 5578 ’τ
321 5551 415 5607 lsa.
460 5570 576 5618 Lm,
608 5557 663 5609 3.
739 5555 787 5585 ⁸⁸
818 5554 859 5606 ll
916 5556 1043 5608 Cor.
1084 5569 1207 5618 Mil,
1256 5551 1310 5606 4.

312 5715 418 5787 (75)
451 5720 647 5777 Novem
678 5722 767 5790 qtti
813 5729 1117 5792 sequuntur
1165 5722 1354 5775 versus
1388 5720 1612 5773 dederat
1664 5718 1828 5772 latine
1870 5723 2030 5773 etiam
2079 5720 2377 5775 Turrianus
2435 5724 2573 5790 apud
2623 5723 2922 5787 Cmisiuni,
2991 5733 3123 5781 tom.
3155 5724 3249 5779 cit.
3291 5741 3343 5795 ρ.
3381 5727 3468 5779 ιο.
