4086 6344
556 321 660 385 3%

1574 319 1640 379 S.
1682 316 2102 378 NICEPHORI
2140 316 2649 380 PATRIARCH/E
2687 320 2795 383 (ΖΡ.

3710 321 3830 383 3‘23

561 448 625 487 ac
652 431 837 487 salvos
878 434 991 486 licri
1016 471 1033 496 ,
1066 429 1558 486 etconversionem
1594 428 1903 497 peccatoris
1939 427 2135 494 excipit

2245 427 2452 495 ἀγαθόν
2479 444 2492 457 ·
2524 430 2611 482 ἀεὶ
2645 428 2756 500 γὰρ
2782 431 2811 482 ό
2834 429 2965 492 Θεὸς
2995 428 3139 483 θέλει
3173 431 3317 500 ἡμᾶς
3344 431 3442 483 καὶ
3467 428 3528 484 εδ
3556 424 3830 486 εἶναικαὶ

558 533 725 591 atque
755 521 1151 591 ptenitentiam.
1180 519 1434 573 Nostrum
1470 526 1649 573 autem
1683 518 1953 586 ingenium
1988 515 2136 570 volu-

560 613 669 668 hile
702 623 781 667 est
811 628 876 666 ac
910 612 1197 666 limitatum
1229 631 1242 667 :
1288 626 1394 665 non
1434 611 1579 664 enim
1627 608 1767 664 idem
1796 621 2015 677 semper
2042 622 2137 662 vo-

559 706 774 772 lumns,
805 706 899 759 sed
931 706 1091 759 modo
1125 705 1224 767 sic,
1256 704 1414 758 modo
1444 703 1632 769 aliter;
1667 700 1830 756 modo
1857 699 2139 754 ambulare

563 795 853 859 tolumns,
906 795 1062 849 modo
1106 793 1424 862 quiescere;
1472 793 1649 862 modo.
1684 789 2039 860 contemplari
2086 799 2141 842 et

560 886 866 955 speculari,
899 885 1056 939 modo
1078 900 1275 948 secus;
1302 884 1458 938 modo
1489 883 1703 953 operari
1727 920 1746 947 ,
1772 881 1933 936 modo
1953 879 2137 934 otiari.

559 974 627 1029 Et
666 977 791 1028 hum
824 974 1042 1035 unitatis,
1070 988 1190 1041 qua:
1218 973 1270 1025 in
1296 970 1520 1025 Christo
1548 979 1688 1033 crat,
1720 969 1975 1024 voluntas
1996 967 2136 1022 haud

558 1068 757 1123 divina:
800 1066 1073 1119 contraria
1109 1074 1258 1129 erat,
1304 1065 1430 1133 quia
1478 1075 1587 1117 tota
1640 1064 1913 1117 dcilicata.
1966 1060 2139 1114 Sectis

559 1170 736 1214 autem
768 1174 854 1212 res
887 1166 1094 1213 naturai
1129 1167 1328 1211 nostra:
1356 1157 1604 1211 volubilis
1640 1166 1801 1225 atque
1828 1154 2005 1219 hunc,
2041 1153 2139 1205 ali-

562 1261 642 1303 ter
670 1259 833 1319 atque
858 1248 1017 1303 aliter
1046 1250 1259 1303 variant
1285 1264 1349 1302 ac
1393 1258 1797 1318 pervertuntur,
1831 1246 2136 1300 ﬁrmitatem

560 1340 762 1394 nullam
790 1354 854 1395 ac
899 1339 1252 1395 stabilitatem
1281 1339 1564 1394 habentes.

636 1615 727 1670 50.
770 1613 946 1681 Quid?
966 1612 1152 1667 Nonne
1187 1624 1242 1666 et
1276 1612 1502 1666 scicntia
1554 1611 1747 1681 duplex
1799 1612 1855 1667 in
1911 1612 2130 1670 Christo

561 1708 720 1764 erat?
742 1709 952 1762 Etenim
978 1714 1161 1776 utpote
1195 1705 1333 1759 Deus
1354 1705 1530 1758 omnia
1565 1698 1786 1759 noverat
1818 1714 1943 1759 ante
1968 1708 2131 1761 etiam

563 1815 723 1869 quam
757 1801 970 1852 tierent.
1002 1795 1094 1853 Sic
1139 1795 1326 1867 procul
1367 1795 1641 1859 habitans,
1690 1796 1850 1850 amici
1905 1807 2132 1852 mortem

563 1890 846 1959 discipulis
876 1900 1146 1959 tanquam
1204 1888 1346 1943 Deus
1380 1887 1895 1955 praemonstrabat”
1932 1908 1945 1944 :
1986 1906 2135 1960 prac-

570 1997 700 2037 seus
737 1990 916 2036 autem
950 1981 1447 2049 (propinquansque
1492 1980 1744 2048 si'pulcro
1795 1981 2135 2052 interrogat:

567 2072 794 2127 Ubinam
829 2075 1076 2137 iosuistis
1114 2072 1334 2126 eum"?
1384 2082 1593 2126 natura:
1631 2084 1832 2128 nostrae
1862 2075 2135 2129 modulum

567 2167 639 2221 ita
695 2166 1027 2232 signiﬁcans.
1092 2164 1222 2219 Item
1256 2162 1453 2218 :Jesus
1524 2175 1736 2219 norem:
1795 2166 2138 2235 cogitationes

564 2273 742 2311 eorum
765 2258 834 2320 θ’,
870 2259 1013 2326 quod
1045 2267 1226 2310 essent
1258 2272 1318 2312 se
1356 2256 1760 2324 interrogaturi.
1809 2245 2137 2311 Nanretiatu

563 2359 832 2417 quatenus
862 2350 1043 2411 homo,
1076 2349 1319 2401 omnium
1356 2364 1537 2401 rerum
1583 2348 1890 2415 potiebatur
1920 2347 2134 2411 notitia,

564 2446 749 2506 utpote
782 2437 889 2492 Deo
946 2438 1280 2507 hypnstatice
1333 2438 1540 2500 unitus,
1599 2454 1703 2490 non
1760 2452 1917 2492 secus
1977 2446 2138 2505 atque

563 2530 685 2583 aliis
746 2530 1003 2595 pra-ditus
1080 2539 1200 2583 erat
1261 2529 1651 2596 pra-rogantis.
1707 2526 1837 2581 Item
1900 2529 2135 2596 speciem

567 2619 840 2689 prabebat
891 2619 1165 2673 ucsciendi
1220 2618 1364 2673 diem
1419 2629 1472 2672 et
1522 2619 1707 2672 horam
1744 2620 1813 2683 ⁹²,
1859 2636 1963 2689 qua
2016 2620 2137 2674 huic

568 2711 824 2765 universo
862 2710 985 2765 ﬁnis
1010 2710 1184 2765 aderit
1214 2726 1228 2773 ;
1265 2709 1335 2762 ita
1366 2711 1575 2763 scilicet
1609 2719 1900 2778 assumpta:
1931 2721 2137 2765 natura:

565 2803 710 2872 quod
742 2804 856 2870 ejus
885 2804 1160 2873 proprium
1192 2812 1305 2855 erat
1344 2803 1608 2856 tribuens.
1649 2802 1856 2868 Quibus
1885 2802 2137 2857 omnibus

569 2895 620 2947 in
653 2909 818 2963 opere
850 2893 1245 2947 incarnationis
1280 2894 1589 2961 assumptis.
1626 2891 1898 2962 perfectus
1915 2895 2137 2949 omnino

570 2985 733 3040 homo
758 2985 998 3054 itemque
1027 2984 1297 3053 perfectus
1330 2985 1470 3039 Deus
1491 2986 1777 3051 exsistens,
1803 3000 1831 3037 ιι
1864 2985 2021 3039 nobis
2040 2985 2139 3041 ho-

2244 516 2554 584 σώζεσθαι,
2607 520 2700 573 καὶ
2759 520 2856 574 τοῦ
2919 522 3248 591 ἀμαρτωλού
3320 522 3422 592 τὴν
3478 525 3832 595 ἐπιστροφὴν

2242 608 2523 679 ἐκδέχεται
2544 612 2641 665 καὶ
2663 612 2765 682 τὴν
2792 611 3104 681 μετάνοιαν.
3147 613 3291 667 Τὸδὲ
3325 614 3449 668 καθ’
3489 615 3664 684 ἡμᾶς,
3689 632 3828 686 τρε-

2241 700 2374 754 πτὸν
2401 704 2494 755 καὶ
2525 704 2944 773 πεπερασμένον
2969 722 2981 736 ο
3016 706 3076 756 οὐ
3095 706 3204 774 γὰρ
3221 705 3312 758 ἀεὶ
3337 705 3534 759 ταύτὸν
3563 705 3826 776 θέλομεν,

2241 793 2377 846 ἀλλὰ
2404 794 2499 846 νῦν
2530 795 2628 864 μὲν
2655 795 2851 861 οὕτως,
2880 795 2975 849 νῦν
3000 796 3056 849 δὲ
3087 797 3290 867 ἑτέρως
3314 812 3329 826 ·
3364 797 3498 850 ποτὲ
3542 796 3644 867 μὲν
3674 797 3833 868 βαδίο

2241 882 2376 949 ζειν,
2408 886 2540 939 ποτὲ
2571 886 2630 939 δὲ
2676 887 2941 957 ἠρεμεῖνο
2978 888 3075 940 καὶ
3121 888 3247 940 ποτε
3286 888 3387 957 μὲν
3443 886 3673 960 θεωρεῖν
3725 890 3833 942 καὶ⁵

2242 974 2597 1042 σκέπτεσθαι,
2634 978 2769 1031 ποτὲ
2813 978 2871 1031 δὲ
2916 977 2979 1032 ού
3007 995 3021 1009 ο
3069 978 3165 1032 καὶ
3214 979 3346 1032 ποτὲ
3394 979 3492 1049 μὲν
3544 981 3824 1050 ἐνεργεῖν,

2242 1068 2374 1121 ποτὲ
2406 1068 2461 1121 δὲ
2489 1070 2795 1139 σχολάζειν.
2829 1072 2938 1124 Καὶ
2965 1071 3061 1124 τοῦ
3088 1072 3231 1124 κατά
3273 1071 3367 1124 τὸν
3406 1057 3637 1143 Σωτῆρα
3662 1088 3830 1126 νοου-

2240 1158 2409 1227 μένου
2444 1158 2735 1230 ἀνθρώπου
2769 1158 2832 1213 τὸ
2854 1160 3065 1229 θέλημα
3091 1161 3191 1213 οὐκ
3215 1155 3284 1231 ἦν
3312 1158 3391 1230 τῷ
3426 1159 3830 1231 θείῳούπεναν-

2239 1248 2355 1301 τίον
2385 1248 2677 1318 θελήματι,
2715 1250 2921 1304 θεωθεν
2955 1251 3094 1307 ὅλον.
3129 1251 3232 1305 Οἴα
3262 1250 3328 1322 δὴ
3358 1250 3428 1305 τὰ
3444 1252 3542 1323 τῆς
3570 1251 3827 1323 τρεπτῆς

2240 1338 2335 1391 καὶ
2361 1337 2662 1411 ἀλλοιωτῆς
2699 1341 2793 1394 καὶ
2840 1340 3074 1412 ῥευστῆς
3102 1340 3341 1408 φύσεως,
3397 1339 3590 1395 ἄλλοτε
3636 1340 3822 1404 ἄλλως

2240 1430 2694 1501 μεταϐαλλόμενα
2724 1434 2818 1487 καὶ
2841 1432 3279 1503 μεταπίπτοντα,
3306 1432 3401 1486 καὶ
3427 1431 3491 1487 τὸ
3544 1432 3816 1504 σταθερὸν

2243 1521 2336 1575 καὶ
2363 1522 2579 1593 ἑδραῖον
2600 1524 2700 1576 οὐκ
2718 1523 2929 1594 ἔχοντα.

2312 1619 2375 1669 ν’.
2418 1613 2484 1666 Τί
2505 1613 2600 1679 δές
2635 1615 2771 1685 Ούχὶ
2795 1614 2891 1669 καὶ
2920 1616 2956 1684 η
3004 1614 3206 1683 γνῶσις
3247 1612 3399 1686 διττὴ
3425 1614 3520 1668 επὶ
3559 1614 3819 1703 Χριστῶς

2255 1705 2343 1770 Ὠς
2391 1707 2491 1777 μὲν
2528 1706 2639 1779 γὰρ
2675 1707 2808 1771 Θεὸς
2868 1708 3045 1762 πάντα
3099 1704 3211 1763 οἶδε
3238 1706 3333 1760 καὶ
3382 1706 3491 1777 πρὸ
3528 1707 3820 1776 γενέσεως,

2240 1798 2383 1853 οὕτω
2413 1801 2602 1872 πόρρω
2624 1817 2727 1853 που
2759 1800 3198 1872 διεσκηνωμένος
3225 1802 3324 1871 τὴν
3370 1800 3466 1855 τοῦ
3499 1799 3659 1871 φίλου
3700 1803 3819 1864 τοῖς

2243 1892 2516 1962 μαθηταῖς
2545 1892 2624 1956 ὡς
2669 1892 2804 1957 Θεὸς
2849 1892 3147 1965 προεδήλου
3196 1893 3494 1965 κοίμησινο
3538 1891 3732 1965 παρὼν
3763 1893 3824 1946 δὲ

2240 1985 2335 2033 καὶ
2360 1980 2611 2046 πελάζων
2643 1982 2721 2053 τῷ
2750 1984 2909 2053 τάφῳ
2948 1983 3281 2038 πυνθάνεται
3317 2001 3332 2015 ·
3357 1983 3482 2038 Ποῦ
3512 1984 3824 2038 τεθείκατε

2239 2058 2461 2138 αὐτόῦη
2487 2072 2558 2125 τά
2586 2074 2687 2143 τῆς
2718 2074 2935 2143 φύσεως
2975 2072 3136 2144 ήμῶν
3170 2074 3587 2144 ἐνδεικνύμενος
3611 2075 3816 2145 μέτρα.

2240 2163 2370 2216 Καί·
2407 2164 2469 2217 '0
2501 2163 2738 2231 Ἰησοῦς
2756 2164 2885 2234 ᾔδει
2909 2164 3016 2230 τὰς
3030 2163 3298 2230 διανοίας
3310 2163 3532 2230 αὐτῶν,
3553 2165 3636 2218 ὅτι
3651 2163 3818 2234 ἐμελ-

2240 2255 2329 2309 λον
2355 2255 2521 2309 αὑτὸν
2552 2257 2784 2328 ἐρωτᾷν.
2856 2255 3010 2309 Ἐπεὶ
3055 2257 3192 2311 καθὸ
3241 2257 3552 2327 ἄνθρωπος,
3593 2257 3818 2311 πάντων

2240 2342 2354 2417 εἶχε
2386 2346 2485 2418 τὴν
2512 2347 2735 2415 γνῶσιν,
2763 2346 2843 2418 τῷ
2866 2347 3110 2417 ἡνῶσθαι
3128 2347 3206 2418 τῷ
3231 2346 3393 2417 Λόγῳ
3425 2346 3548 2400 καθ’
3576 2346 3819 2399 ὑπόστα-

2224 2456 2351 2505 -σιν,
2376 2439 2568 2511 ὥσπερ
2618 2438 2714 2492 καὶ
2759 2439 2868 2492 τῶν
2913 2438 3118 2493 λοιπῶν
3172 2437 3569 2510 πεπλουτηκὼς
3608 2438 3813 2492 καλῶν.

2241 2532 2354 2585 Καὶ
2407 2531 2571 2584 πάλιν
2615 2534 2999 2603 προσεποιεῖτο
3047 2533 3265 2598 ἀγνοεῖν
3318 2531 3417 2601 τὴν
3457 2531 3672 2601 ἡμέραν
3721 2530 3817 2582 καὶ

2238 2622 2410 2693 ὤραν,
2443 2621 2564 2677 καθ’
2598 2624 2666 2694 ἢν
2696 2622 2852 2677 τοῦδε
2895 2623 2989 2677 τοῦ
3033 2623 3235 2686 παντὸς
3281 2623 3402 2691 ἥξει
3433 2623 3496 2676 τὸ
3526 2623 3723 2694 πέρας,
3755 2623 3819 2676 τὸ

2238 2717 2436 2768 οἰκεῖον
2471 2714 2551 2784 τῷ
2575 2714 2969 2786 προσλήμματι
3022 2715 3223 2785 νέμων.
3260 2715 3439 2785 ’Λπερ
3471 2715 3691 2769 ἅπαντα
3723 2715 3816 2767 δικ

2238 2808 2339 2877 τὴν
2377 2806 2691 2876 οἰκονομίαν
2722 2806 2803 2869 είς
2825 2806 3019 2859 ἑαυτὸν
3039 2805 3349 2871 ἀναλαϐὼν,
3373 2805 3580 2869 τέλειος
3606 2803 3821 2876 ἂνθρω-

2240 2916 2341 2961 πος
2395 2899 2538 2951 κατὰ
2567 2900 2744 2952 πάντα
2778 2898 2967 2970 ὥσπερ
2996 2899 3089 2952 ιιαλ⁸
3115 2898 3248 2963 Θεὸς
3292 2899 3500 2963 τέλειος
3542 2900 3818 2970 χρηματί-

2240 2985 2349 3050 ζων
2378 2985 2507 3051 παρ’
2531 2984 2688 3056 ἡμῶν
2708 2982 2990 3049 δοξάζεται
3021 2984 3116 3039 καὶ
3155 2985 3516 3057 κηρύσσεται.
3557 2987 3716 3040 Κατα
3755 2985 3815 3039 δὲ

568 3088 794 3132 noratur
818 3086 871 3132 et
905 3074 1511 3155 proclamatur.Eodem
1538 3077 1694 3132 modo
1724 3090 1778 3131 et
1815 3088 2057 3132 creatum
2084 3086 2135 3131 et

2239 3075 2332 3129 τὸν
2362 3075 2526 3129 αὑτὸν
2557 3075 2758 3147 τρόπον
2787 3077 2883 3130 καὶ
2909 3075 3126 3140 κτιστὸς
3168 3076 3265 3130 καὶ
3295 3077 3549 3141 ἄκτιστος
3581 3079 3611 3131 ό
3653 3075 3816 3137 αὐτὸς

568 3171 871 3225 increatum
905 3156 1155 3226 eumdem
1188 3171 1534 3235 conﬁtemur,
1564 3180 1618 3226 ct
1658 3171 1939 3226 mortalem
1972 3182 2135 3239 atque

2239 3169 2612 3240 ὁμολογεῖται,
2653 3170 2750 3225 καὶ
2805 3169 2999 3240 θνητὸς
3034 3170 3129 3226 καὶ
3166 3169 3459 3236 ἀθάνατος,
3507 3172 3602 3225 καὶ
3649 3171 3820 3227 τᾶλλα

568 3260 962 3326 immortalem,
1028 3271 1081 3317 et
1110 3276 1443 3331 (umentique
1464 3262 1568 3316 alia
1596 3263 1646 3316 in
1698 3276 1806 3318 uno
1837 3264 2135 3331 eodemque

2239 3261 2337 3313 ὅσα
2358 3260 2487 3329 περὶ
2505 3260 2599 3314 τὸν
2624 3260 2721 3314 ινα
2740 3261 2836 3314 καὶ
2861 3261 2954 3314 τὸν
2984 3261 3148 3316 αὐτὸν
3170 3262 3568 3332 ἀντικειμένως
3591 3262 3818 3335 θεωρεῖ-

567 3351 813 3419 subjecto
869 3354 1140 3407 contraria
1187 3363 1484 3408 cernuntur
1535 3364 1753 3423 propter
1818 3365 2133 3408 naturarum

2239 3366 2329 3404 ται
2360 3351 2450 3404 διὰ
2502 3350 2604 3421 τὴν
2655 3349 2887 3423 διπλόην
2934 3352 3044 3406 τῶν
3100 3351 3341 3420 φύσεων.
3394 3352 3557 3406 Ἀλλά
3607 3354 3821 3406 τούτων

569 3444 963 3513 duplicitatem.
1004 3444 1100 3499 His
1150 3445 1225 3499 ita
1256 3445 1569 3510 declaratis,
1619 3446 1743 3515 quis
1787 3447 2030 3515 prohibet
2061 3447 2135 3516 pli

2240 3438 2414 3504 οὔτως
2448 3441 2902 3511 κηρυσσομένων,
2931 3441 3019 3505 τίς
3054 3441 3372 3507 όκωλύσων
3393 3441 3550 3509 λόγος
3575 3443 3816 3510 εὐσεϐῶς

572 3538 844 3606 dogmatis
872 3538 1132 3601 asscclas,
1168 3538 1458 3607 quominus
1498 3538 1761 3607 reliquam
1790 3554 1966 3593 rerum
2001 3541 2136 3592 dua-

569 3626 800 3695 litatcin,
850 3631 964 3698 pari
1018 3630 1175 3685 modo
1206 3629 1258 3683 in
1310 3645 1554 3699 persona:
1585 3644 1799 3699 quoque
1858 3630 2138 3686 attributis

570 3730 831 3787 ttsurpent
852 3720 874 3773 ἲ
898 3722 1039 3789 quod
1068 3721 1156 3775 isti
1188 3719 1583 3777 Chrlstomachi
1619 3722 1781 3791 impie
1806 3732 2006 3793 negant
2033 3738 2049 3774 :
2083 3732 2138 3777 et

567 3821 837 3875 quatenus
890 3812 1106 3879 quidem
1168 3812 1417 3867 Christus
1462 3815 1528 3867 ad
1582 3810 1818 3868 Verbum
1879 3814 2135 3880 refertur,

567 3902 748 3953 dicant
782 3902 1355 3973 incircumscriptum;
1395 3918 1664 3973 qumenus
1717 3921 1844 3961 vero
1893 3910 1959 3960 ad
1990 3909 2134 3963 servi

568 3989 796 4043 fortnam
842 3993 1095 4059 pertinet,
1139 3994 1698 4062 circumscriptionem
1730 3997 1779 4049 ei
1833 3997 2136 4063 assignent.

568 4081 701 4147 Quis
750 4083 886 4136 adeo
926 4086 1118 4140 brutus
1162 4086 1468 4155 stolidoqne
1512 4087 1696 4138 animo
1747 4096 1911 4155 atque
1943 4100 2138 4141 excors

565 4174 658 4236 sit,
692 4184 750 4228 ut
798 4185 991 4229 cactera
1050 4162 1266 4244 quidem
1316 4177 1498 4230 omnia
1550 4176 1782 4246 duplicia
1832 4178 1885 4231 in
1935 4178 2137 4247 duplici

571 4265 854 4317 uativitate
889 4277 983 4319 aut
1014 4278 1205 4319 natura
1238 4266 1525 4330 conﬁtens,
1558 4268 1610 4321 in
1652 4270 1755 4322 hoc
1789 4279 1994 4324 tantum
2024 4273 2136 4327 cir-

567 4356 1009 4425 cumscriptionis
1063 4360 1281 4427 negotio
1326 4358 1566 4412 rixetur?
1602 4359 1759 4415 Certe
1792 4363 1883 4430 qui
1932 4364 2134 4432 prima-

573 4448 680 4500 rias
739 4457 793 4500 et
828 4447 1048 4502 intimas
1106 4461 1421 4501 naturarum
1476 4450 1726 4504 notiones
1780 4451 2012 4518 auferat,
2070 4472 2138 4511 ne

565 4551 811 4590 naturam
862 4540 1080 4608 quidem
1130 4542 1391 4609 reliquam
1455 4540 1638 4596 faciet.
1692 4542 1833 4609 Quid
1865 4548 2011 4600 enim
2047 4548 2135 4602 hic

570 4631 977 4684 lormidolnsnm
1030 4642 1113 4684 est
1160 4644 1253 4685 aut
1299 4649 1622 4702 magnopere
1669 4637 1929 4691 noxiam?
1979 4640 2135 4695 Sicut

570 4720 713 4771 enim
762 4721 973 4787 operati
1023 4732 1076 4773 et
1119 4721 1272 4787 velle,
1326 4726 1535 4777 nescire
1591 4726 1754 4779 etiam
1808 4735 1971 4796 atque
2017 4731 2129 4797 pati

572 4812 884 4867 immanitas
923 4811 1229 4880 Dominum,
1261 4816 1406 4871 nullo
1438 4817 1596 4871 modo
1630 4818 1873 4885 ejusdem
1921 4820 2140 4878 deitatis

572 4905 835 4958 rationem
891 4904 1051 4973 Iresit,
1086 4922 1260 4977 neque
1306 4909 1627 4965 divisionem
1669 4910 1832 4966 ullam
1867 4911 1921 4965 in
1972 4927 2135 4966 unam

562 4997 918 5066 eannlemque
967 4997 1301 5069 hypostasim
1359 5001 1580 5069 intulit;
1617 5001 1689 5055 ita
1746 5018 1815 5057 ne
1867 5002 1920 5057 in
1974 5017 2138 5058 carne

563 5088 780 5155 quidem
812 5103 933 5143 eum
963 5091 1131 5161 pingi,
1159 5093 1397 5163 qualiter
1428 5095 1567 5148 inter
1601 5094 1851 5150 homines
1884 5097 2032 5149 visus
2056 5106 2137 5150 cst

562 5190 617 5234 et
675 5195 1048 5249 conversatus,
1107 5184 1269 5239 ullam
1324 5185 1374 5240 ei
1434 5185 1788 5257 ignominiam
1841 5200 2128 5257 asperget;

564 5290 738 5342 neque
770 5276 821 5349 in
852 5278 1007 5332 unica
1058 5279 1335 5349 hypostasi
1368 5279 1649 5334 distractio
1692 5280 1796 5332 ulla
1828 5268 2129 5348 appareliit.

562 5348 859 5421 Facessaiit
922 5348 1107 5438 igitur,
1136 5348 1236 5437 qui
1291 5384 1427 5421 vana
1474 5378 1765 5438 unguntur,
1801 5370 1892 5438 qui
1942 5370 2136 5424 divina:

560 5461 875 5515 (Econoiniae
930 5462 1131 5515 rationi
1179 5462 1445 5528 invident,
1496 5476 1662 5530 seque
1713 5476 1743 5516 a
1804 5474 1990 5517 sancta
2029 5463 2133 5518 (ide

559 5561 742 5607 nostra
779 5553 1108 5607 abalienant.

2238 3531 2687 3603 δογματίζοντας,
2730 3533 2806 3604 μὴ
2828 3532 2925 3587 καὶ
2962 3534 3061 3604 τὴν
3104 3532 3300 3604 λοιπὴν
3341 3534 3602 3602 συζυγίαν
3634 3536 3817 3606 ὁμοιο-

2238 3623 2456 3696 τρόπως
2486 3624 2563 3696 τῷ
2586 3625 2735 3696 αύτῷ
2759 3625 2945 3695 νέμειν
2970 3625 3271 3697 προσώπῳ,
3294 3626 3323 3679 δ
3349 3626 3413 3697 δὴ
3445 3629 3558 3691 τοῖς
3583 3628 3814 3699 Χριστο-

2241 3714 2437 3784 μάχοις
2468 3715 2765 3787 ἀπείρηται
2803 3714 3120 3781 δυσσεϐῶςς
3175 3718 3273 3769 καὶ
3306 3715 3432 3768 ὅσον
3468 3717 3567 3787 μὲν
3602 3719 3682 3782 είς
3716 3717 3814 3789 τὴν

2237 3804 2333 3859 τοῦ
2358 3806 2533 3874 Λόγου
2593 3806 2756 3874 φύσιν
2789 3806 3015 3876 ἀνῆκεν,
3074 3806 3386 3863 ἀποδιδόναι
3416 3811 3478 3862 τὸ
3507 3809 3814 3882 ἀπερίγρα-

2240 3914 2404 3951 πτον·
2436 3899 2561 3951 ὅσον
2585 3897 2642 3952 δὲ
2674 3901 2755 3962 είς
2782 3899 2879 3970 τὴν
2900 3899 2996 3953 τοῦ
3037 3899 3227 3953 δούλου
3275 3902 3513 3971 μορφὴν,
3563 3903 3624 3955 τὸ
3651 3920 3811 3973 περι-

2238 3988 2483 4058 γραπτὸν
2516 3989 2885 4045 ἀνατίθεσθαι.
2918 3990 3014 4054 Τίς
3058 3990 3232 4055 οὕτως
3266 3992 3548 4064 κτηνώδης
3569 3994 3664 4047 καὶ
3686 3994 3811 4047 ἀλο-

2238 4095 2335 4148 γος
2363 4080 2462 4152 τὴν
2485 4079 2690 4152 ψυχὴν,
2724 4088 2819 4135 καὶ
2861 4082 3073 4153 φρενῶν
3117 4081 3223 4148 ἔξω
3258 4082 3562 4150 καθεστὼς,
3613 4085 3681 4139 τά
3714 4087 3812 4155 μὲν

2240 4171 2377 4225 ἄλλα
2405 4173 2604 4237 πάντα,
2635 4172 2789 4227 διττά
2819 4175 2911 4227 ἐπὶ
2938 4174 3143 4238 διτταῖς
3177 4177 3298 4239 ταῖς
3339 4178 3661 4247 γεννήσεσιν
3684 4179 3813 4248 ὁμο-

2236 4266 2466 4339 λογεῖνῆ
2497 4267 2745 4336 φύσεσιν,
2777 4270 2907 4340 περὶ
2925 4268 2982 4321 δὲ
3003 4268 3063 4322 τὸ
3086 4267 3144 4321 ἓν
3173 4269 3333 4339 μόνον
3352 4267 3684 4340 ζυγομαχεῖν
3705 4286 3719 4336 ;
3748 4272 3810 4325 El

2238 4356 2349 4429 γάρ
2374 4375 2457 4421 τις
2488 4358 2558 4410 τα
2586 4358 2899 4412 οἰκειότατα
2930 4359 3026 4412 καὶ
3053 4359 3260 4429 ἀκριϐῆ
3305 4359 3414 4413 τῶν
3449 4360 3668 4428 φύσεων
3711 4362 3811 4431 ἁφ-

2242 4451 2351 4503 έλοι
2385 4449 2783 4521 γνωρίσματα,
2826 4450 2959 4519 μηδὲ
3006 4451 3168 4520 φύσιν
3200 4446 3341 4504 εἶναι
3372 4452 3695 4507 ἀπολίποιτο
3721 4454 3807 4510 ἀν.

2242 4543 2307 4595 Ti
2340 4543 2450 4614 γὰρ
2478 4541 2732 4595 ἐντεῦθεν
2773 4542 2835 4593 τὸ
2872 4540 3175 4614 ὕποπτονῆ
3223 4541 3679 4614 βλαϐερώτατονς
3721 4545 3811 4612 Ὣς

2238 4635 2349 4706 γὰρ
2378 4635 2438 4688 τὸ
2468 4636 2712 4707 ἐνεργεῖν
2747 4634 2841 4687 καὶ
2865 4633 3062 4699 θέλειν,
3100 4635 3194 4688 καὶ
3226 4638 3444 4703 ἀγνοεῖν
3470 4637 3552 4692 ἔτι
3580 4639 3676 4693 καλ⁵
3704 4640 3809 4694 πά-

2239 4743 2389 4797 σχειν
2424 4725 2784 4796 ἀνθρωπίνως
2830 4725 2919 4778 τὸν
2949 4725 3172 4798 Κύριον,
3228 4729 3345 4780 κατ’
3374 4728 3565 4781 ούδένα
3607 4731 3811 4801 τρόπον

2235 4818 2328 4877 τὸν
2355 4820 2455 4889 τῆς
2488 4815 2611 4870 κατ’
2636 4817 2798 4869 αὐτὸν
2828 4815 3087 4887 θεότητος
3109 4816 3457 4887 ἐλωϐήσαντο
3481 4818 3661 4888 λόγον,
3687 4821 3807 4875 οὐδὲ

2234 4909 2501 4981 ίιαίρεσιν
2535 4908 2675 4961 κατὰ
2697 4908 2796 4978 τὴν
2833 4907 3003 4979 αὐτὴν
3048 4910 3141 4962 καὶ
3184 4910 3314 4979 μίαν
3348 4911 3643 4964 ὑπόστασιν
3679 4929 3807 4965 συν-

2235 5003 2650 5072 εἰσηνὲγκαντο,
2687 5000 2861 5064 οὕτως
2899 5000 3020 5054 οὐδὲ
3054 5002 3116 5053 τὸ
3160 5001 3325 5071 σαρκὶ
3382 5002 3543 5055 αὑτὸν
3603 5005 3835 5075 γραφεο.

2238 5093 2381 5156 σθαι,
2415 5093 2550 5147 καθὸ
2575 5095 2686 5157 τοῖς
2712 5090 3021 5162 ἀνθρώποις
3046 5089 3203 5162 ὤφθη
3240 5096 3333 5145 καὶ
3364 5095 3803 5165 συνανεστράφηο

2239 5184 2365 5235 καθ’
2394 5179 2669 5235 ὁντιναοῦν
2718 5182 2920 5251 τρόπον
2966 5180 3129 5249 ὓϐριν
3166 5181 3583 5252 προστρίψαιτο,
3614 5184 3647 5254 ἢ
3680 5184 3807 5252 περὶ

2239 5278 2338 5346 τὴν
2381 5275 2510 5345 μίαν
2543 5275 2839 5327 ὑπόστασιν
2870 5272 3015 5327 κατά
3064 5289 3118 5324 τι
3167 5272 3297 5341 γοῦν
3326 5273 3609 5338 διάστασις
3638 5274 3807 5345 ὀφθή-

2238 5382 2409 5421 σεται.
2454 5364 2799 5436 Ἐρῤἐτωσαν
2826 5361 2921 5418 οὖν
2940 5363 3068 5433 είκῆ
3093 5364 3468 5436 φλυαροῦντες
3494 5368 3545 5420 οί
3572 5366 3651 5438 τῷ
3667 5368 3809 5438 λόγῳ

2233 5459 2335 5528 τῆς
2368 5458 2514 5520 θείας
2578 5456 2891 5527 οἰκονομίας
2946 5457 3356 5527 βασκαίνοντες,
3391 5460 3487 5513 καὶ
3544 5459 3643 5532 τῆς
3683 5461 3808 5516 καθ’

2234 5554 2380 5624 ἡμᾶς
2419 5538 2649 5619 εὐαγοῦς
2680 5551 3119 5623 ἀλλοτριούμενοι
3139 5551 3396 5616 πίστεω;.

639 5688 866 5764 δ”.ιυαιπ
909 5723 984 5773 ιι,
1018 5708 1103 5763 Ν,
1179 5709 1224 5740 ⁸ο
1260 5707 1388 5762 ibid.
1424 5709 1514 5763 34.
1592 5712 1634 5741 "
1686 5708 1873 5764 Slatth.
1927 5727 2001 5776 is,
2046 5710 2098 5765 4.

2262 5709 2444 5761 Matth.
2481 5721 2629 5773 XUV,
2667 5701 2755 5756 3o.
