4086 6344
230 404 312 469 329

888 388 1518 463 ANTIRRHETICUS
1560 388 1618 447 II
1660 387 1827 449 ADY.
1868 383 2461 446 CONSTANTINUM
2501 381 2713 443 COPR.

3331 378 3438 441 330

268 524 3430 565 MM“

1212 687 1846 775 ΑΝἸἹΡΡΗΣΙΣ
1924 684 2447 777 ΔΕΥΤΕΡΑ.

949 890 1139 943 ΑΡΧΗ
1176 887 1313 942 ΤΗΣ
1353 886 1707 941 ΔΕΥΤΕΡΔΣ
1744 884 2142 941 ΕΡΩΤΗΣΕΩΣ
2175 884 2314 937 ΤΟΥ
2352 882 2653 938 ΜΔΜΩΝΑ

974 1210 1948 1301 ANTIRRHETICUS
2021 1205 2675 1298 SECUNDUS.

900 1420 1194 1483 INCIPIT
1240 1420 1604 1483 SECUNDA
1649 1418 2028 1482 MAMONIE
2072 1420 2711 1484 INTERROGATIO.

1787 1608 1863 1622 .-

278 1742 338 1798 α’.
377 1741 712 1812 Ἀπαρτίσας
743 1740 771 1793 ὁ
804 1736 1090 1806 Μαμωνᾶς
1119 1735 1266 1800 ὅπως
1294 1733 1444 1805 αὐτῷ
1485 1735 1660 1790 ἐδόκει
1699 1735 1766 1790 τὰ

1938 1739 2127 1812 661.
2166 1738 2460 1811 Postquam
2489 1741 2774 1797 Mamonas
2805 1739 3063 1809 absolvit,
3121 1750 3179 1797 ut
3232 1742 3332 1813 ipsi
3365 1743 3443 1799 vi-

223 1835 303 1905 τῆς
326 1834 589 1905 προτέρας
612 1831 877 1892 πεύσεως,
913 1826 1205 1899 μᾶλλον-δὲ
1226 1825 1606 1895 προστάξεως,
1636 1827 1759 1881 καθ’

223 1927 277 1997 ἢν
302 1927 360 1980 τὰ
403 1926 485 1978 ἐπ’
517 1921 771 1991 ἐξουσίας
817 1920 986 1983 ὅντως
1035 1919 1397 1999 ἀπεφαίνετο,
1426 1918 1512 1988 ἐφ’
1568 1919 1763 1991 ἑτέραν

224 2015 386 2069 πεῦσιν
413 2017 645 2087 μετάγει
673 2010 767 2065 τὸν
795 2010 975 2078 λόγον.
1018 2007 1299 2071 Ὡσαύτως
1337 2007 1395 2061 δὲ
1412 2010 1526 2072 τοῖς
1556 2007 1763 2078 προλα-

224 2107 350 2160 ϐοῦσι
378 2104 720 2177 βατταρίζων
772 2101 868 2155 καὶ
920 2098 1294 2177 παρατρύζων
1343 2100 1436 2153 καὶ
1487 2100 1618 2170 περί⁵
1654 2099 1766 2154 τῶν

223 2197 371 2251 οὔτῶν
405 2194 712 2266 ἀδολεσχῶν
757 2176 1138 2263 ματαιᾶπονεϊ,
1168 2185 1243 2243 ὧν
1278 2207 1397 2244 τινα
1441 2191 1522 2254 είς
1567 2190 1767 2261 μέσους

224 2294 422 2361 ἀγαγεῖν
464 2293 684 2346 δίκαιον
732 2286 872 2343 εἶναι
908 2286 1193 2359 ᾠήθημεν,
1252 2286 1391 2341 ὥστε
1422 2288 1643 2359 ἐμφανῆ
1672 2287 1767 2341 καὶ

222 2386 265 2436 ὲν
309 2384 504 2447 τούτοις
539 2381 799 2451 γενέσθαι
834 2379 934 2451 τὴν
974 2379 1213 2443 ἀλαζόνα
1271 2381 1367 2433 καὶ
1413 2380 1768 2451 ὑπερήφανον

222 2475 356 2527 αὖτοῦ
376 2476 617 2529 διάνοιαν
637 2490 651 2505 ο
685 2473 887 2541 φάσκει
940 2470 999 2524 δὲ
1024 2464 1125 2524 ὦδε
1154 2485 1167 2500 ·
1204 2490 1222 2523 ι
1273 2470 1650 2541 ’Υπελάϐομεν
1686 2470 1766 2535 δὲ,

222 2564 294 2616 καὶ
319 2564 494 2634 ἕτερον
519 2561 821 2631 κεφάλαιον
850 2562 1126 2632 ἐρωτῆσαι
1167 2562 1333 2630 ὑμᾶς,
1377 2562 1768 2632 ἑννοησάμενοι

221 2655 283 2707 ὅτι
304 2657 575 2727 ὀποιήσας
603 2654 701 2726 τὴν
730 2653 920 2708 είκόνα
954 2653 1048 2706 τοῦ
1079 2652 1320 2725 Χριστοῦ
1368 2652 1598 2725 ταύτην,
1636 2654 1767 2726 περί

220 2741 272 2816 ἧς
292 2745 373 2798 τὸν
406 2747 568 2814 λόγον
602 2748 957 2816 ὲκινήσαμεν,
1013 2745 1088 2816 μὴ
1118 2743 1376 2799 είσελθὼν
1406 2746 1485 2808 είς
1516 2744 1577 2799 τὸ
1602 2743 1768 2815 βάθος

222 2837 295 2889 τοῦ
321 2835 589 2906 δόγματος
618 2836 719 2907 τῆς
760 2834 1072 2905 άσυγχύτου
1110 2834 1359 2899 ὲνὼσεως
1398 2833 1508 2889 τῶν
1532 2833 1626 2888 δύο
1665 2833 1767 2904 φύ-

223 2946 334 2986 σεων
372 2931 461 2987 τοῦ
513 2928 785 3001 Χριστοῦ.
820 2946 839 2979 ι
880 2927 1068 2983 Ταῦτα
1114 2927 1276 2991 ποίας
1318 2925 1637 2992 ἀλαζονείας
1676 2927 1770 2980 καὶ

223 3024 526 3090 φυσιώσεως,
569 3019 776 3092 μᾶλλον
803 3019 860 3073 δὲ
887 3018 1045 3081 ποίας
1078 3017 1265 3082 ἀνοίας
1317 3019 1413 3071 καὶ
1460 3015 1769 3091 ἐμπληξίας

1867 1834 2115 1900 debatnr,
2152 1835 2382 1902 primam
2434 1833 2940 1902 interrogationem,
2994 1835 3077 1891 vel
3126 1838 3443 1892 mandatum
3552 1830 3564 1851 ‘

1868 1926 2068 1994 potius,
2100 1940 2206 1993 quo
2244 1924 2514 1996 propriam
2558 1940 2746 1980 revera
2794 1929 3210 1995 praepotentium
3256 1937 3444 1983 osten-

1867 2016 1985 2083 dit,
2044 2030 2168 2071 mox
2222 2030 2528 2071 sermonem
2585 2031 2743 2071 suum
2791 2018 2857 2072 ad
2906 2018 3129 2073 alteram
3186 2019 3447 2073 transfert

1868 2104 2370 2174 interrogationem.
2414 2103 2595 2176 Eque
2639 2106 2800 2176 igitur
2825 2121 2890 2173 ac
2918 2107 2970 2161 in
3009 2107 3445 2176 praecedentibus

1866 2196 2172 2252 balbutiens
2222 2209 2278 2251 et
2325 2198 2674 2268 obstrepeus,
2730 2207 2896 2269 atque
2945 2200 2999 2253 in
3051 2198 3243 2254 eodem
3276 2214 3442 2269 argn—

1868 2297 2050 2344 mento
2103 2302 2332 2360 nngans,
2411 2289 2602 2344 insane
2651 2289 2904 2355 laborat;
2956 2288 3114 2361 cujus
3185 2289 3442 2344 nonnulla

1869 2380 2032 2435 verba
2066 2379 2120 2434 in
2182 2380 2415 2435 medium
2467 2380 2716 2450 proferre
2766 2395 2981 2452 aequum
3036 2381 3440 2452 indicavimus;

1868 2483 1928 2527 ιιι
1958 2472 2084 2527 hinc
2118 2488 2332 2542 quoque
2364 2487 2629 2543 arrogans
2678 2472 2797 2541 ejus
2832 2473 3237 2544 superbumque
3282 2474 3440 2545 inge-

1868 2565 2014 2619 nium
2046 2572 2307 2635 patescat.
2334 2564 2427 2620 Sic
2454 2580 2584 2636 ergo
2610 2564 2883 2634 loquitur:
2918 2583 2936 2616 ι
2972 2562 3231 2621 Volumus
3259 2574 3442 2621 autem

1867 2663 1915 2710 et
1955 2655 2102 2710 aliud
2135 2655 2433 2727 capitulum
2491 2672 2521 2710 a
2556 2656 2710 2711 vobis
2736 2656 3001 2713 sciscitari
3032 2673 3048 2722 ;
3094 2656 3220 2727 quia
3257 2659 3449 2712 existi.

1868 2762 2109 2814 mamus,
2152 2764 2276 2804 eum
2330 2748 2421 2818 qui
2458 2749 2598 2804 hanc
2630 2747 2833 2804 Christi
2868 2748 3157 2819 imaginem
3186 2750 3334 2813 fecit,
3377 2750 3447 2805 de

1868 2855 1974 2910 qna
2003 2854 2311 2896 sermonem
2372 2840 2789 2905 commovimus,
2833 2839 2974 2892 haud
3016 2849 3335 2908 penetrasse
3388 2840 3443 2892 in

1870 2932 2215 2988 altitudinem
2268 2930 2538 3001 dogmatis
2594 2930 2894 2986 inconinsae
2932 2930 3160 2988 duarum
3236 2924 3445 2985 Christi

1867 3035 2186 3080 naturarum
2237 3023 2477 3079 unionis.
2529 3041 2550 3076 ι
2588 3021 2884 3091 Cuiusnam
2941 3021 3056 3077 lues
3118 3021 3447 3091 arrogantia:

224 3113 495 3187 ὑπερϐολὴν
535 3112 896 3177 καταλείπεις
962 3110 1056 3164 Ἐκ
1101 3109 1306 3180 πολλῆς
1351 3110 1461 3185 γάρ
1508 3111 1766 3173 ἀπονοίας

1869 3117 2226 3190 iactantiaeve,
2265 3116 2374 3170 imo
2407 3130 2539 3171 vero
2568 3115 2789 3170 insania
2821 3124 2984 3186 atque
3036 3115 3273 3185 stuporis
3310 3113 3450 3169 ﬂues

222 3206 361 3261 οἴεται
381 3208 543 3270 αὑτός
566 3222 633 3276 γε
664 3205 847 3275 μόνος,
878 3205 953 3275 μὴ
973 3204 1057 3257 ὅτι
1083 3204 1164 3267 είς
1184 3202 1365 3274 τρίτον
1382 3202 1633 3274 οὐρανὸν,
1652 3201 1768 3256 ἀλλ’

223 3299 301 3370 ήδη
322 3302 409 3354 καὶ
439 3303 519 3365 είς
548 3299 813 3369 τέταρτον
846 3294 1223 3366 ἀνηρπάσθαι,
1254 3297 1351 3348 καὶ
1399 3293 1770 3367 ἀποῤῥητοτέ-

224 3393 357 3463 ρωνῆ
380 3392 592 3455 Παῦλος
617 3388 915 3460 ἀκηκοέναι
946 3386 1230 3457 ῥημάτων,
1260 3386 1357 3440 καὶ
1406 3387 1466 3438 ὲν
1507 3384 1763 3456 περινοίᾳ

222 3480 330 3535 θεοῦ
358 3483 636 3551 γενέσθαι,
657 3482 753 3533 καὶ
775 3481 954 3534 πᾶσαν
975 3479 1075 3548 τὴν
1097 3477 1276 3531 κτίσιν
1307 3478 1537 3532 κατόπιν
1557 3476 1769 3547 διαφεὶς

225 3574 465 3643 μυηθῆναι
492 3573 529 3628 ἀ
570 3571 764 3643 μηδεὶς
793 3568 1085 3641 μεμάθηκε
1116 3566 1493 3630 πώποτεηΤίς
1523 3568 1584 3620 ού
1630 3567 1767 3621 θαυ-

226 3663 423 3729 μάσεται
448 3664 555 3736 τῆς
586 3661 858 3732 τοσαύτης
904 3660 1287 3728 ἀναισχυντίας
1333 3657 1395 3711 τδ
1422 3658 1767 3730 ύπέρογκονς

230 3755 540 3812 ’Δποστόλων
568 3755 666 3810 νῦν
701 3755 797 3809 καὶ
849 3755 958 3807 τῶν
986 3753 1161 3809 ἄλλων
1184 3753 1284 3823 τῆς
1317 3752 1646 3824 Ἐκκλησίας
1689 3752 1769 3807 δι-

221 3845 469 3903 δασκάλων
498 3853 564 3904 οὐ
592 3849 758 3916 λέγω,
786 3846 880 3908 οὓς
905 3844 1128 3909 πολλαῖς
1155 3845 1349 3917 ὕϐρεσι
1404 3844 1637 3916 βάλλων,
1672 3846 1769 3899 καὶ

220 3938 274 3991 τά
285 3941 475 3995 τούτων
498 3940 753 4009 δόγματα
778 3936 996 3991 πλύνων
1020 3937 1115 3990 καὶ
1138 3936 1575 4007 διαγραφόμενος
1598 3932 1771 3989 διετέ-

221 4029 307 4095 λει,
328 4034 414 4098 οὓς
437 4036 539 4107 μὲν
573 4034 640 4086 ὲκ
670 4032 779 4085 τῶν
822 4031 953 4104 περ)⁵
996 4030 1058 4083 τὸ
1089 4029 1251 4099 σῶμα
1310 4025 1764 4099 συμϐεϐηκότων,

220 4122 293 4187 ῦῦς
317 4126 368 4182 δὲ
399 4128 461 4181 ὲκ
493 4126 609 4181 τῶν
646 4123 884 4194 νοσερῶν
911 4122 1229 4184 διαθέσεων,
1259 4119 1643 4175 ἀποσκώπτων
1670 4119 1769 4174 καὶ

221 4213 709 4287 διαλοιδορούμενος.
756 4215 880 4268 Τῶν
939 4214 1019 4276 είς
1099 4212 1192 4266 τὸν
1245 4212 1517 4283 βασίλειον
1575 4211 1767 4283 θρόνον

221 4304 608 4379 ἐμπρεψάντων,
636 4308 733 4359 καὶ
778 4306 867 4358 ἐπ’
920 4303 1173 4375 εὐσεϐείᾳ
1200 4304 1295 4357 καὶ
1315 4302 1632 4376 δικαιοσύνῃ
1666 4320 1760 4359 κε-

222 4400 549 4471 κοσμημένων
580 4396 701 4460 πῶς
740 4396 803 4449 ού
844 4394 1225 4465 δεδυσὼπηται
1273 4396 1366 4449 τὸν
1405 4396 1628 4466 τρόπον,
1669 4395 1766 4449 καὶ

1871 3223 1976 3262 non
2013 3206 2312 3274 superant?
2342 3203 2589 3277 Namque
2619 3205 2688 3261 ob
2716 3206 2943 3259 multam
2976 3204 3262 3261 stultitiam
3292 3219 3445 3258 suam

1869 3297 2017 3354 solus
2068 3298 2184 3368 ipse
2231 3296 2511 3369 opinatur,
2563 3311 2670 3351 non
2701 3296 2757 3351 in
2788 3295 3008 3350 tertium
3042 3295 3443 3359 tantummodo,

1869 3404 2060 3446 verum
2113 3389 2278 3446 etiam
2338 3388 2392 3443 in
2431 3399 2684 3459 quartum
2742 3386 2944 3443 cmlnm
3002 3401 3064 3442 se
3115 3396 3353 3456 raptum,
3394 3397 3452 3439 et

1871 3484 2233 3541 inell'abiiiora
2285 3497 2448 3553 quam
2507 3479 2735 3536 Paulum
2797 3480 2961 3535 verba
3020 3479 3336 3544 audivisse,
3392 3488 3450 3534 et

1873 3580 2107 3628 mentem
2162 3571 2255 3628 Dei
2311 3571 2587 3643 attigisse,
2648 3580 2810 3644 atque
2864 3585 3079 3625 omnem
3130 3580 3438 3626 creaturam

1871 3674 2327 3735 prmtervectum,
2386 3663 2455 3718 iis
2509 3662 2673 3718 rebus
2726 3661 2895 3717 fuisse
2952 3662 3250 3729 initiatum,
3305 3679 3443 3734 quas

1870 3770 2032 3810 nemo
2094 3770 2333 3825 unquam
2395 3753 2606 3809 didicit.
2670 3752 2803 3819 Quis
2859 3762 3022 3808 tantm
3099 3753 3448 3824 impudentiae

1871 3843 2146 3900 cumulum
2179 3858 2284 3898 non
2315 3843 2644 3898 mirabitur?
2700 3842 2845 3898 Sileo
2906 3858 3051 3897 nunc
3083 3843 3149 3898 de
3182 3844 3443 3911 apostolis

1872 3932 2099 4003 aliisque
2148 3931 2409 3988 Ecclesia:
2475 3932 2778 4003 magistris,
2840 3946 2978 4004 quos
3031 3932 3121 3988 hic
3179 3933 3448 3994 conviciis

1872 4024 2059 4080 multis
2096 4028 2319 4094 appetit,
2362 4038 2660 4095 eorumque
2686 4024 2938 4094 dogmata
2985 4025 3337 4095 prosi-indere
3380 4040 3447 4079 ac

1870 4116 2053 4173 delere
2088 4131 2193 4170 non
2235 4114 2453 4181 desinit,
2505 4114 2699 4184 partim
2728 4116 2799 4169 ob
2831 4129 3117 4186 corporum
3150 4130 3270 4186 qua:
3300 4115 3444 4185 passi
3492 4122 3497 4125 '

1869 4217 1997 4265 sunt
2027 4207 2377 4273 detrimenta,
2404 4208 2599 4277 partim
2619 4206 2785 4261 etiam
2816 4207 2886 4262 ob
2919 4206 3265 4265 inﬁrmitates
3300 4209 3446 4264 deri-

1870 4303 2004 4359 dens
2032 4317 2097 4358 ac
2132 4301 2483 4356 maledicens.
2514 4300 2584 4354 At
2611 4299 2827 4357 illorum
2853 4300 3041 4356 saltem
3075 4302 3166 4372 qni
3199 4302 3250 4355 in
3278 4301 3444 4373 regali

1871 4399 2068 4450 throno
2098 4394 2389 4459 fulserunt,
2418 4374 2472 4448 et
2506 4394 2708 4465 pietate
2746 4408 2811 4448 ac
2850 4391 3062 4463 jnstitia
3109 4394 3288 4448 ornati
3330 4394 3443 4448 fue-
3532 4421 3544 4433 α

220 4458 438 4564 τὴείπεῑρὶ
466 4491 537 4545 τά
576 4458 697 4543 θεῖα
735 4487 1014 4556 σπουδήν;
1045 4458 1156 4541 Καὶ
1175 4486 1285 4556 γάρ
1333 4458 1648 4558 ἀναθήμασι
1673 4487 1766 4540 καὶ

1871 4497 2020 4554 runt,
2055 4488 2332 4559 quomodo
2364 4501 2544 4542 mores
2578 4502 2681 4543 non
2717 4498 2998 4543 reveretur
3030 4488 3444 4558 divinarumque

223 4577 357 4648 ἱεροῖς
381 4582 695 4654 περιϐόλοις
723 4582 1077 4651 γεραίροντες
1101 4579 1164 4632 τὸ
1205 4579 1364 4633 Θεῖον
1402 4578 1763 4649 ἕθεράπευον,

220 4669 257 4720 οἳ
280 4671 424 4740 μόνον
452 4675 515 4729 ού
564 4673 816 4727 καθεῖλον
865 4673 965 4742 τῆς
1001 4670 1367 4744 ίερογραφίας
1407 4670 1501 4723 τὸν
1534 4670 1764 4740 κόσμον,

221 4759 328 4813 ἀλλὰ
349 4766 439 4817 καὶ
465 4765 827 4835 ᾠκοδόμησαν
881 4765 975 4818 καὶ
1014 4762 1507 4834 ὲφιλοτεχνὴσαντο
1544 4761 1615 4816 τά
1646 4762 1769 4834 ίερά

221 4852 362 4909 ταῦτα
393 4856 723 4927 ἀναθήματα
755 4855 1076 4927 φιλοτίμως,
1113 4854 1172 4907 ἓν
1221 4871 1280 4907 τε
1315 4855 1465 4917 ναοῖς
1491 4852 1678 4920 θείοις,
1709 4853 1767 4907 ἐν

221 4956 264 4993 τε
283 4945 435 5015 ἱεροῖς
467 4947 686 5000 σκεύεσι
719 4947 812 5000 καὶ
833 4946 1140 5015 ὑφάσμασι,
1163 4944 1284 4999 κατ’
1315 4945 1466 5015 ἴχνος
1490 4944 1766 5015 βαίνοντες

221 5032 297 5100 τῆς
324 5037 685 5109 ὰποστολικῆς
737 5040 833 5092 καὶ
888 5038 1169 5110 Πατρικῆς
1214 5036 1589 5108 παραδόσεως,
1621 5029 1697 5091 ὧν
1730 5038 1764 5108 ἠ

222 5119 415 5197 ἄπειρος
448 5129 659 5200 πληθὺς
706 5129 869 5201 μέχρι
924 5130 1019 5184 καὶ
1059 5132 1300 5202 σήμερον
1352 5130 1411 5183 ἐν
1436 5132 1555 5193 ταῖς
1585 5130 1763 5183 ἀπάν-

222 5226 308 5266 των
327 5216 478 5287 ὂψεσι
514 5220 822 5291 πρόκειται,
843 5220 1075 5284 ἐκείνοις
1102 5222 1202 5291 μὲν
1225 5220 1511 5284 εὐσεϐείας
1548 5218 1762 5293 μαρτύ-

223 5309 568 5381 ριον.ε).εγχος
597 5312 653 5365 δὶ
684 5313 779 5366 καὶ
821 5312 1089 5384 θρίαμϐος
1134 5312 1310 5383 τούτῳ
1358 5313 1457 5383 τῆς
1509 5312 1764 5375 ἀϐουλίας

220 5396 298 5450 καὶ
310 5398 634 5468 δυσσεϐείας.
656 5398 756 5459 Ὠν
783 5405 892 5477 γὰρ
916 5403 1023 5457 ἔδει
1050 5404 1293 5477 ζηλῶσαι
1318 5404 1409 5459 τὸν
1439 5404 1641 5476 τρόπον
1670 5404 1765 5459 καὶ

278 5577 380 5659 (⁷14)
399 5581 532 5659 Puta
557 5586 903 5657 Cogslantini
925 5587 1102 5659 Magni
1135 5596 1211 5643 tot
1241 5603 1394 5642 sacra
1424 5587 1655 5659 aedilicia
1691 5604 1757 5644 ac

223 5641 415 5729 donaria
453 5641 734 5729 innumera
763 5672 883 5725 quae
907 5641 1129 5727 copiose
1161 5641 1352 5713 scribit
1372 5641 1775 5729 auctorIVita;

1870 4595 2054 4634 rerum
2107 4580 2386 4635 studium?
2445 4579 2694 4650 Namque
2745 4580 2798 4635 hi
2868 4580 3109 4635 donariis
3162 4582 3446 4650 sacrisque

1867 4672 2111 4727 delubris
2161 4671 2333 4727 Deum
2379 4670 2741 4734 honorabant,
2806 4679 2861 4726 et
2902 4671 3096 4726 nedum
3160 4687 3441 4727 sacrarum

1867 4764 2285 4834 inscriptionum
2347 4771 2602 4818 ornatum
2655 4762 2956 4829 auferrent,
3007 4765 3101 4819 sed
3154 4765 3440 4820 struebant

1865 4857 2052 4922 etiam,
2101 4865 2157 4913 et
2225 4865 2482 4912 accurato
2535 4867 2963 4927 sumptuosoque
3028 4856 3267 4913 artiﬁcio
3321 4856 3440 4912 ﬁeri

1873 4951 2137 5006 curabant
2200 4949 2426 5006 donaria
2476 4950 2782 5020 huiusmodi
2815 4950 2868 5003 in
2926 4952 3173 5022 angustis
3227 4951 3442 5020 templis

1872 5042 2151 5111 sacrisque
2202 5041 2347 5097 vasis
2392 5050 2554 5113 atque
2604 5042 2833 5097 textnris
2870 5038 3022 5113 (74),
3074 5042 3441 5112 apostolorum

1870 5127 2206 5199 Patrumqne
2231 5128 2581 5185 traditionem
2608 5145 2796 5200 presse
2835 5142 3163 5202 sequentes;
3207 5145 3441 5201 quarum

1869 5236 2054 5277 rerum
2116 5220 2326 5287 inﬁnita
2381 5222 2674 5278 multitudo
2733 5224 2801 5278 ad
2870 5225 3015 5280 lumc
3069 5239 3239 5294 usque
3264 5223 3440 5299 .diem

1869 5314 2112 5369 omnium
2142 5315 2317 5370 oculis
2342 5324 2427 5369 est
2470 5317 2755 5385 exposita;
2803 5315 2914 5372 illis
2963 5315 3178 5387 quidem
3205 5315 3440 5391 pietatis

1872 5407 2265 5474 testimonium,
2282 5409 2411 5465 huic
2428 5417 2606 5465 autem
2632 5411 2958 5481 vituperatio
2979 5418 3034 5465 et
3049 5409 3260 5479 publica
3283 5418 3445 5464 teme-

1863 5604 2001 5659 qnos
2053 5590 2194 5661 inter
2229 5599 2406 5645 tamen
2442 5592 2659 5647 reticeri
2711 5592 2898 5660 nequit
2936 5590 3299 5659 Jnstinianns,
3346 5592 3440 5661 qui

1870 5661 2092 5715 Sanctae
2123 5659 2339 5731 Sophia:
2366 5663 2624 5730 templum
2672 5659 2836 5717 totius
2874 5662 3111 5717 Orientis
3149 5659 3442 5719 maximum

223 5719 643 5805 ξιυ-ιξιροηιίῧοιιιῳ
678 5719 858 5792 nonin;
894 5719 1424 5805 pe'totscqucntinm
1451 5719 1775 5805 Occidentis
1868 5731 2153 5805 miliﬁcavil
2180 5719 2293 5805 _'vel
2354 5719 2536 5801 pntins
2571 5733 2916 5795 instauravit,
2944 5738 3009 5805 et
3056 5733 3229 5789 sacris
3254 5732 3447 5805 imagi.

227 5780 536 5861 Orientisque
581 5780 858 5851 Cazsarum
885 5780 1196 5856 Christian;
1206 5780 1327 5867 {ait}
1343 5780 1579 5854 "iiichn'o
1593 5780 1614 5782 Π
1632 5780 1758 5867 θυι

474 5892 738 5951 Ριτιιοι.
776 5891 894 5954 Gtt.
934 5891 1001 5952 C.

1872 5800 2029 5856 nibus
2052 5802 2264 5856 mnsivo
2296 5800 2461 5873 opere
2502 5812 2674 5857 totum
2715 5803 3059 5858 convestivit.

2970 5900 3036 5964 11
