4086 6344
549 415 651 484 321

1581 416 1644 474 S.
1683 413 2106 476 NICEPHORI
2150 410 2660 473 PATRIARCH/E
2699 409 2808 474 (ΖΡ.

3715 409 3829 476 332

540 532 719 590 ritatis
741 522 1217 599 at'que'intpictatis
1240 521 1490 578 infamia.
1519 522 1756 590 Quorum
1785 524 1928 579 enim
1953 539 2130 578 mores

2246 524 2336 595 τὴν
2369 524 2541 594 εὐαγῆ
2573 527 2756 578 πίστιν
2783 541 2841 578 τε
2871 523 2965 577 καὶ
2994 522 3302 590 εὐλάϐειαν,
3330 523 3550 577 πάντων
3585 523 3822 593 σοφώτε-

539 635 593 680 et
619 637 810 694 puram
847 619 1002 673 fidem
1037 623 1200 683 atque
1221 612 1478 680 pietatem
1501 612 1702 668 imitari
1733 613 2016 680 debuerat,
2046 614 2131 668 his

541 717 795 774 omnibus
855 708 1243 780 sapientiorem
1307 719 1366 759 se
1430 705 1709 774 magisque
1761 704 2129 774 perspicacem

543 824 666 864 esse
706 803 971 877 gloriatus
996 809 1097 861 est,
1149 795 1265 850 suis
1301 810 1517 865 semper
1570 796 1884 865 obsequens
1913 797 2127 866 cupidi-

547 901 770 956 tatibue.
811 895 1023 964 Ergone
1085 889 1160 943 illi
1211 888 1265 940 in
1310 887 1582 960 dogmatis
1619 888 1963 943 altitudinem
2022 903 2131 944 non

546 981 1066 1062 penetrarunt,'qui
1127 981 1277 1036 omni
1334 991 1459 1034 actu
1503 995 1603 1034 suo
1646 979 1907 1034 Ecclesia:
1958 980 2132 1050 magi-

543 1094 708 1146 stros,
771 1088 884 1134 tum
934 1074 1275 1145 antiquiores
1334 1083 1445 1127 tum
1479 1074 1644 1128 etiam
1699 1072 2135 1142 contemporales

545 1173 922 1236 sectabantur,
972 1169 1121 1223 hunc
1173 1176 1356 1221 autem
1414 1165 1588 1222 solum
1611 1181 1722 1220 suae
1778 1164 2129 1236 purissimum

541 1275 904 1336 sanctumque
938 1262 1058 1317 vita:
1093 1274 1262 1331 genus
1287 1259 1353 1312 ad
1386 1256 1665 1329 penetrale
1698 1254 2136 1311 inscrutabilium

551 1362 646 1416 Dei
706 1357 1092 1430 mysteriorum
1143 1351 1413 1407 accedere
1451 1348 1620 1405 fecit?
1675 1347 1788 1402 lmo
1823 1363 1951 1402 vero
1975 1347 2022 1401 is
2075 1360 2135 1401 se

553 1455 729 1524 ipsum
791 1451 878 1505 hic
928 1461 1146 1519 quoque
1177 1443 1377 1517 prodit,
1443 1452 1556 1497 tum
1614 1439 1722 1496 illis
1759 1448 1873 1495 tum
1916 1437 2133 1494 veritati

553 1543 840 1602 manifeste
876 1542 927 1595 iu
959 1539 1169 1595 cunctis
1205 1535 1506 1591 adversari.

625 1639 681 1692 2.
717 1636 823 1690 Sed
842 1635 932 1704 qui
967 1633 1018 1686 in
1055 1629 1326 1685 infinitum
1384 1625 1630 1694 sejactat
1652 1635 1705 1679 et
1725 1625 1998 1679 humanos
2027 1621 2140 1676 vult

554 1727 818 1786 excedere
843 1723 1130 1786 terminos,
1165 1730 1276 1773 tum
1311 1717 1694 1788 loquenditum
1717 1716 1880 1770 etiam
1906 1715 2134 1779 sciendi,

558 1821 698 1876 idem
732 1819 784 1872 in
817 1817 885 1870 iis
915 1830 1036 1885 qua:
1071 1811 1324 1866 onmibus
1366 1809 1637 1863 evidentia
1675 1818 1822 1873 sunt,
1857 1806 2140 1860 addubitat

557 1914 744 1968 dicens
779 1928 794 1963 :
835 1877 948 1980 B'j
999 1925 1016 1958 ι
1076 1903 1210 1958 Nam
1250 1903 1337 1958 ille
1376 1917 1514 1956 unus
1550 1900 1638 1969 qui
1702 1914 1767 1952 ex
1811 1899 2019 1952 duobus
2080 1899 2134 1951 in
2173 1877 2213 1930 Β

557 2019 717 2058 unam
743 1999 1020 2054 concurrit
1051 2010 1360 2067 personam,
1382 1992 1652 2064 quomodo
1690 1991 1907 2060 figurari
1933 2000 2132 2060 pote5t,

555 2095 812 2165 quoniam
847 2091 1015 2144 altera
1067 2103 1132 2141 er
1161 2087 1279 2156 ejus
1309 2084 1516 2139 naturis
1546 2098 1652 2137 non
1679 2092 1764 2136 est
1793 2081 2137 2136 circumscri-

558 2185 684 2255 pta?
731 2203 748 2236 ι
792 2184 950 2251 Ergo,
982 2181 1226 2250 inquam,
1261 2191 1366 2230 una
1390 2191 1456 2229 ex
1510 2173 1596 2228 bis
1639 2170 2133 2227 circumscribitur.

559 2279 672 2333 lluc
700 2277 842 2331 enim
895 2275 1041 2328 illum
1081 2269 1349 2326 sermonis
1392 2266 1476 2322 sui
1519 2265 1816 2321 curiositas
1857 2265 2129 2334 provexit,

560 2379 616 2422 ut
647 2368 874 2422 int-itum
925 2365 1088 2419 etiam
1152 2368 1348 2432 praeter
1397 2372 1551 2412 suam
1609 2355 1936 2410 sententiam
1988 2353 2135 2423 loqui

560 2463 820 2530 adigeret.
854 2457 947 2512 Sic
988 2454 1214 2508 veritate
1243 2447 1588 2521 praefocatus,
1613 2445 1814 2516 aliquid
1862 2454 2023 2499 recta:
2060 2445 2134 2498 rei

563 2550 760 2602 mutire
818 2558 872 2601 et
927 2545 1199 2614 crepitare
1232 2551 1455 2595 coaetus
1511 2545 1614 2600 est,
1665 2538 1810 2606 quod
1873 2537 2139 2591 hactenus

563 2655 839 2709 nunquam
901 2637 1106 2691 dixisse
1148 2633 1297 2687 visus
1341 2638 1481 2685 erat.
1539 2629 1734 2683 Deficit
1781 2629 1963 2697 itaque
1995 2626 2046 2679 in
2084 2639 2140 2679 re

563 2728 873 2802 principali,
909 2729 1136 2796 ejusque
1157 2725 1347 2793 dogma
1374 2719 1654 2776 dilabitur.
1693 2717 1828 2773 Nam
1863 2734 1986 2772 eum
2006 2719 2140 2771 duas

563 2836 786 2878 naturas
827 2821 937 2891 jam
990 2814 1442 2888 pronuntiaverit,
1491 2823 1654 2882 atque
1705 2827 1771 2866 ex
1833 2812 1916 2866 his
1978 2827 2139 2864 unam

562 2929 749 2987 aperte
783 2912 980 2966 dixerit
1016 2907 1572 2976 iueircumseriptarn,
1621 2905 1865 2975 sequitur
1912 2915 1970 2958 ut
2011 2903 2144 2957 alte-

565 3025 701 3071 ram,
739 3003 950 3060 etiamsi
997 3002 1186 3066 nollet,
1214 2999 1686 3068 circumscriptam
1741 2996 2138 3063 praedicaverit.

564 3101 696 3155 Nam
730 3099 851 3167 quis
883 3102 1154 3157 sensatus,
1187 3090 1230 3147 si
1264 3092 1466 3146 dixerit
1527 3104 1590 3144 ex
1648 3088 1858 3143 duobus
1903 3085 2140 3140 homini-

563 3193 664 3246 bus
695 3203 856 3240 uuum
889 3199 1008 3239 esse
1037 3183 1300 3254 ignotum,
1339 3196 1444 3235 non
1474 3179 1633 3234 simul
1667 3192 1890 3250 prorsus
1940 3178 2142 3230 fatetur
2170 3220 2210 3267 Γ

2187 3255 2210 3276 J

564 3284 794 3338 altermn
834 3293 955 3332 esse
999 3275 1320 3346 cognitum?
1377 3273 1526 3328 Risui
1575 3283 1702 3327 sunt
1737 3289 1868 3343 ergo
1902 3270 2141 3342 pueriles

566 3377 682 3446 ejus
710 3371 978 3442 cogitatus
1005 3378 1057 3422 et
1081 3367 1456 3440 gloriatioues.
1496 3369 1566 3416 At
1615 3363 1761 3417 enim
1819 3363 1956 3415 hanc
2019 3359 2144 3414 reli-

565 3481 725 3536 quam
749 3470 952 3530 partem
976 3461 1212 3524 reticuit,
1234 3471 1394 3527 quam
1413 3466 1592 3509 tamen
1622 3453 1822 3507 addere
1845 3450 2139 3507 debuisset.

567 3559 670 3611 Sed
705 3571 806 3608 non
841 3555 1022 3619 audet,
1063 3569 1129 3606 ne
1176 3548 1434 3620 cogitatio
1469 3562 1561 3602 sua
1592 3545 1670 3600 vel
1714 3548 1892 3614 potius
1943 3542 2144 3614 incogi-

570 3646 738 3699 tantia
769 3652 1122 3712 coarguatur.
1182 3639 1390 3693 Stravit
1424 3637 1590 3692 etiam
1644 3635 1734 3699 iis,
1769 3635 1860 3704 qui
1918 3643 2144 3686 natura-

571 3756 686 3791 rum
723 3735 1090 3790 diflerentiam
1147 3748 1254 3787 non
1311 3737 1636 3798 agnoscunt,
1696 3728 1836 3780 viam
1875 3725 2142 3779 inferendi

571 3841 816 3884 naturam
885 3827 1112 3879 alteram
1167 3839 1288 3878 esse
1338 3820 1844 3890 circumscriptam;
1903 3828 1956 3873 et
2001 3817 2143 3886 quod

551 3913 710 3988 sepe
747 3920 1034 3978 vitavi-rat.
1074 3930 1216 3968 nunc
1248 3914 1663 3968 im'oluntariam
1696 3911 2002 3966 subindicat
2028 3910 2144 3978 ejus

571 4015 646 4066 rei
675 4010 1096 4066 confessionem.
1141 4006 1184 4060 Ο
1227 4005 1512 4060 stultitiam
1572 4015 1732 4073 atque
1774 4001 2139 4056 dementiam!

571 4103 852 4172 Quourodn
888 4101 1108 4172 grandis
1143 4099 1226 4152 illa
1257 4099 1520 4169 sapientia
1551 4097 1750 4152 decidit
1775 4097 1826 4150 in
1850 4094 2144 4156 inscitiam,

567 4208 622 4250 et
655 4197 741 4263 hic
773 4209 802 4248 a
845 4209 1071 4248 suorum
1123 4207 1435 4248 sermonum
1495 4191 1701 4243 malitia
1741 4189 2148 4241 circumventus

569 4292 781 4364 publice
839 4285 1131 4356 apparuit?
1208 4293 1263 4338 ut
1337 4283 1418 4338 sic
1496 4280 1748 4334 nimirum
1808 4291 1987 4346 pravae
2031 4272 2148 4342 ejus

570 4363 853 4439 sententiis
882 4380 1092 4433 falsitas
1121 4377 1277 4432 facile
1314 4373 1770 4442 deprehendatur,
1801 4378 1853 4422 et
1902 4363 2170 4420 veritatis

572 4478 660 4530 lux
695 4477 982 4530 reveletur.
1020 4472 1125 4525 Cur
1151 4470 1202 4523 in
1238 4483 1334 4522 sua
1373 4465 1711 4520 dubitatione
1751 4477 1854 4514 non
1897 4458 2146 4514 addidit:

2241 631 2332 684 ρον
2364 614 2458 666 καὶ
2487 612 2855 684 συνετώτερον
2883 613 3075 666 ἑαυτὸν
3102 612 3430 684 ἀνεκήρυξε,
3463 615 3577 676 τοῖς
3615 614 3820 668 ἑαυτοῦ

2237 705 2517 776 πανταχοῦ
2559 692 2933 771 ἐξακολουθῶν
2958 705 3205 759 πάθεσιν.
3246 707 3475 759 Ἐκεῖνοι
3504 707 3606 761 οὐκ
3637 708 3822 778 εἰσῆλ-

2239 799 2330 852 θον
2363 801 2441 862 εἰς
2469 799 2526 852 τὸ
2558 798 2721 869 βάθος
2751 795 2846 852 τοῦ
2877 797 3171 867 δόγματος,
3197 800 3246 852 οἱ
3299 801 3442 852 κατά
3489 799 3669 854 πάντα
3707 803 3820 865 τοῖς

2236 891 2578 952 διδασκάλοις
2609 893 2707 961 τῆς
2757 889 3089 960 Ἐκκλησίας
3141 890 3424 961 ἑπόμενοι,
3472 894 3589 954 τοῖς
3623 908 3684 946 τε
3713 893 3822 963 πρὸ

2238 983 2441 1048 αὐτῶν,
2484 985 2594 1047 τοῖς
2624 999 2683 1034 τε
2711 981 2853 1034 κατὰ
2884 982 3012 1045 τοὺς
3046 981 3272 1053 χρόνους
3311 982 3439 1047 τοὺς
3461 984 3592 1053 περὶ
3620 984 3823 1048 αὐτοὺς

2239 1075 2645 1144 συνακμάσασι,
2692 1072 2884 1127 τοῦτον
2929 1073 2986 1127 δὲ
3038 1073 3256 1144 μόνονό
3291 1073 3683 1145 καθαρώτατος
3725 1076 3823 1129 καὶ

2238 1169 2569 1240 ἡγνισμένος
2605 1167 2720 1238 βίος
2751 1169 2832 1231 είς
2856 1167 2923 1220 τὰ
2947 1166 3088 1237 βάθη
3121 1167 3234 1220 τῶν
3274 1167 3698 1238 ἀνεξιχνιάστων
3723 1169 3821 1223 τοῦ

2238 1259 2374 1314 Θεοῦ
2401 1260 2718 1331 μυστηρίων
2749 1259 3027 1326 ἐξικέσθαι
3047 1259 3497 1331 1ιιαρεσκεύασενς
3538 1261 3702 1316 Ἀλλά
3718 1280 3824 1332 φα-

2238 1351 2396 1423 νερὸν
2423 1352 2616 1405 ἑαυτὸν
2643 1353 2738 1405 καὶ
2767 1351 3004 1406 ἐνταῦθα
3052 1352 3412 1423 κατέστησεν,
3442 1351 3518 1416 ὡς
3564 1352 3654 1406 διὰ
3680 1353 3820 1408 πάνυ

2239 1463 2348 1499 των
2398 1444 2493 1498 καὶ
2541 1445 2726 1508 αὐτοῖς
2768 1444 2865 1498 καὶ
2925 1446 2990 1515 τῇ
3043 1445 3275 1517 ἀληθείᾳ
3318 1444 3506 1515 σαφῶς
3559 1444 3821 1500 ἀντικαθ·

2245 1537 2480 1592 ίσταται.

2313 1632 2377 1700 β’.
2407 1629 2550 1683 Ἀλλ’
2585 1632 2614 1683 ὁ
2643 1629 3064 1699 ὲγκαυχώμενος
3087 1626 3168 1692 είς
3201 1627 3270 1683 τὰ
3301 1630 3543 1700 ἄμετρα,
3582 1631 3678 1684 καὶ
3710 1629 3822 1685 τῶν

2241 1722 2601 1794 ἀνθρωπίνων
2651 1721 2938 1792 ὑπερπτὰς
2989 1722 3049 1773 τὸ
3095 1721 3293 1791 μέτρον
3345 1723 3440 1776 καὶ
3503 1723 3679 1792 λόγων
3721 1723 3822 1777 καὶ

2243 1813 2518 1882 γνώσεων,
2551 1813 2682 1883 περὶ
2713 1812 2778 1865 τὰ
2820 1814 2987 1865 πᾶσιν
3043 1812 3234 1881 ἔνδηλα
3281 1797 3553 1883 διαπορεῖ,
3593 1815 3771 1882 λέγων
3800 1853 3817 1879 ,

2241 1903 2323 1956 ὃτι
2360 1921 2377 1954 ι
2419 1903 2475 1956 Ὀ
2504 1896 2584 1966 είς
2636 1903 2839 1963 ἐκεῖνος
2871 1903 2898 1953 ὁ
2932 1899 2991 1964 ἐξ
3025 1901 3228 1970 ἀμςςοῖν
3279 1903 3357 1965 είς
3411 1901 3469 1954 ἒν
3527 1902 3821 1974 πρόσωπον

2239 1993 2426 2064 λήξας,
2458 1993 2572 2056 πῶς
2602 1991 2712 2061 ἔχει
2739 1990 3131 2061 εἱκονισθῆναι,
3172 1991 3271 2060 τῆς
3323 1993 3451 2061 μιᾶς
3483 1992 3701 2060 φύσεως
3737 1991 3818 2062 μὴ

2239 2086 2764 2158 περιγραφομένηςς
2816 2103 2834 2134 ι
2871 2083 3084 2136 Οὐκοῦν
3115 2085 3148 2156 ἡ
3181 2084 3346 2154 ἑτέρα
3389 2084 3818 2155 περιγράῳεται.

2239 2180 2334 2242 Ei;
2399 2177 2558 2231 τοῦτο
2628 2177 2737 2248 γὰρ
2798 2176 2960 2229 αὑτὸν
3033 2178 3068 2246 ἡ
3141 2175 3647 2248 πολυπραγμοσύνη
3725 2173 3822 2230 τοῦ

2239 2270 2400 2338 λόγου
2435 2268 2876 2340 περιαγαγοῦσα,
2912 2268 3008 2322 καὶ
3070 2268 3147 2338 μὴ
3183 2267 3509 2339 βουλόμενον
3554 2267 3624 2338 τά
3671 2269 3824 2333 παρὰ

2239 2361 2462 2433 γνώμην
2498 2361 2834 2430 φθέγξασθαι
2867 2361 3310 2431 κατηνάγκασεν.
3356 2359 3542 2425 Οὕτως
3582 2360 3688 2413 ὑπὸ
3711 2360 3812 2429 τῆς

2241 2455 2496 2523 ἀληθείας
2531 2456 2699 2524 αὐτῆς
2726 2453 3050 2524 ἀγχόμενος,
3097 2452 3296 2522 μικρὸν
3331 2469 3383 2504 τι
3417 2451 3526 2506 τῶν
3577 2452 3808 2506 δεόντων

2240 2547 2436 2620 γρύξαι
2459 2547 2552 2598 καὶ
2580 2547 2864 2616 ἀπηχῆσαι
2891 2545 3254 2614 κατεϐιάσθη,
3277 2545 3414 2616 ὅπερ
3440 2545 3543 2607 ἕως
3572 2543 3668 2597 τοῦ
3693 2543 3816 2606 νῦν,

2241 2639 2478 2707 οὐδαμοῦ
2536 2637 2910 2706 φθεγξάμενος
2960 2635 3140 2707 ὤφθη.
3205 2636 3642 2703 ’Δποσφάλλεται
3689 2633 3825 2704 γοῦν

2243 2731 2322 2794 είς
2349 2731 2416 2782 τὰ
2451 2729 2661 2799 καίρια,
2711 2728 2806 2781 καὶ
2862 2727 3246 2782 διαπέπτωκεν
3281 2727 3446 2782 αὐτοῦ
3510 2727 3570 2779 τὸ
3614 2727 3817 2797 δόγμα,

2243 2820 2348 2875 Δύο
2382 2821 2490 2891 γὰρ
2524 2819 2674 2891 αύτῷ
2712 2819 2929 2889 φύσεων
2959 2819 3344 2891 προκειμένων
3374 2819 3452 2890 τῷ
3501 2818 3666 2888 λόγῳ,
3696 2819 3825 2872 τού-

2241 2931 2349 2967 των
2395 2911 2452 2966 δὲ
2486 2911 2585 2982 τὴν
2639 2912 2768 2982 μίαν
2811 2913 3130 2982 ἀπεφήνατο
3187 2910 3380 2979 σαφῶς
3421 2910 3495 2979 μὴ
3553 2926 3826 2980 περιγρα-

2245 3005 2486 3075 φομένην
2505 3015 2518 3032 ⁸
2549 3003 2798 3056 λείπεται
2827 3004 2934 3074 ἀρα
2981 3002 3079 3072 τὴν
3113 3001 3308 3070 ἑτέραν
3338 3001 3826 3072 περιγραφομένην

2246 3097 2337 3148 καὶ
2356 3096 2455 3149 οὐκ
2482 3094 2682 3148 ἐθέλων
2711 3093 3056 3166 διακηρύξαι.
3090 3092 3186 3156 Τίς
3213 3092 3321 3162 γὰρ
3342 3091 3451 3145 τῶν
3484 3089 3828 3160 σωφρονούνο

2246 3205 2353 3240 των
2377 3187 2520 3240 δυοῖν
2551 3185 2864 3258 ἀνθρώπων
2901 3185 2993 3238 τὸν
3023 3185 3214 3256 ἕτερον
3251 3181 3473 3251 ἀγνῶτα
3509 3181 3699 3243 εἰπὼν,
3747 3181 3826 3252 μὴ

2249 3281 2478 3351 θάτερον
2525 3279 2687 3342 εὐθὺς
2735 3277 3082 3349 ἐγνωσμένον
3115 3279 3179 3330 ὲκ
3240 3275 3443 3339 παντὸς
3489 3273 3822 3342 ὀνομάσειες

2247 3373 2477 3427 Γελᾶται
2536 3372 2628 3426 οὖν
2670 3370 2836 3426 αὑτοῦ
2885 3371 2954 3424 τὰ
3011 3367 3349 3441 μειρακιώδη
3411 3368 3660 3438 νοήματα
3731 3369 3829 3421 atati.

2247 3466 2646 3536 κομπάσματα.
2742 3463 2904 3516 Ἀλλά
2981 3462 3140 3515 τοῦτο
3222 3460 3320 3531 μὲν
3393 3458 3823 3529 ἀπεσιώπησεν·

2247 3561 2354 3613 ἔδει
2382 3559 2490 3628 γὰρ
2521 3559 2684 3611 αὑτὸν
2724 3554 3040 3626 προσθεῖναι
3076 3554 3169 3606 καὶ
3198 3553 3258 3606 τὸ
3303 3551 3648 3622 λειπόμενον.
3679 3549 3824 3602 Ἀλλ’

2246 3653 2305 3704 ού
2339 3651 2532 3720 τολμᾷ,
2564 3651 2652 3703 ἵνα
2689 3649 2763 3720 μὴ
2793 3647 3024 3718 ἐλεγχθῇ
3059 3645 3224 3700 αὑτοῦ
3283 3647 3317 3717 ἡ
3348 3644 3582 3707 ἐπίνοια,
3623 3642 3825 3716 μᾶλλον

2246 3743 2300 3794 δὲ
2338 3744 2370 3812 ὴ
2404 3742 2694 3810 παράνοια.
2731 3739 2941 3792 Δέδωκε
2976 3743 3070 3789 καὶ
3110 3739 3222 3800 τοῖς
3259 3736 3334 3807 μὴ
3364 3736 3528 3790 εἰδόσι
3579 3737 3680 3807 τὴν
3705 3735 3819 3788 διας

2249 3835 2420 3904 φορὰν
2445 3834 2552 3886 τῶν
2582 3833 2817 3902 φύσεων,
2856 3829 3091 3902 πάροδον
3128 3829 3268 3882 ὥστε
3309 3829 3407 3899 τὴν
3443 3829 3637 3902 ἑτέραν
3670 3844 3828 3898 περι-

2247 3925 2602 3997 γραφομένην
2628 3922 2974 3992 εἰσάγεσθαι·
3018 3923 3112 3975 καὶ
3160 3921 3188 3975 ὃ
3238 3921 3498 3984 πολλάκις
3545 3921 3826 3988 διέφυγεν,

2248 4023 2500 4076 ἀκούσιον
2530 4019 2766 4075 ἐνταῦθα
2798 4018 2988 4073 τούτου
3021 4017 3116 4088 τὴν
3149 4017 3442 4088 ὁμολογίαν
3491 4016 3816 4089 ὑπῃνίξατο.

2255 4116 2319 4168 Ὢ
2355 4114 2455 4184 τῆς
2520 4111 2996 4184 ματαιοφροσύνης
3026 4111 3120 4163 καὶ
3163 4108 3498 4181 παρανοίας-ἰ
3525 4107 3645 4172 Πῶς
3671 4124 3831 4176 περι-

2251 4205 2554 4276 τέτραπται
2593 4202 2664 4255 τά
2691 4202 2791 4272 τῆς
2824 4201 3025 4262 πολλῆς
3055 4201 3250 4268 σοφίας
3276 4200 3354 4263 εἰς
3384 4199 3444 4251 τὸ
3465 4197 3695 4267 ἠλίθιον,
3737 4197 3832 4250 καὶ

2252 4299 2309 4350 ὲν
2347 4299 2415 4366 τῇ
2459 4295 2767 4366 πανουργία
2816 4294 2922 4347 τῶν
2974 4291 3190 4346 οἰκείων
3224 4293 3398 4359 λόγων
3453 4288 3834 4360 συμπεριελή-

2253 4390 2363 4459 φθη
2398 4385 3077 4459 παραδειγματιζὸμενοςς
3117 4384 3202 4437 ἵνα
3247 4383 3306 4437 τὸ
3347 4381 3543 4452 ψεῦδος
3575 4379 3835 4452 εὐφώρα-

2254 4498 2347 4533 τον
2409 4480 2635 4550 γένηται
2680 4479 2781 4548 τῆς
2832 4478 3047 4530 ἐκείνου
3079 4474 3420 4540 κακοδοξίας,
3456 4475 3551 4526 καὶ
3606 4473 3668 4524 τὸ
3716 4473 3836 4540 φῶς

571 4569 854 4635 Quomodo
882 4564 1135 4620 Christus
1175 4561 1284 4630 pati
1313 4559 1507 4630 potuit,
1549 4571 1670 4609 cum
1715 4555 1766 4607 in
1797 4569 1901 4606 una
1935 4569 1998 4606 ex
2031 4551 2144 4620 ejus

2251 4573 2347 4642 τῆς
2372 4571 2635 4641 ἀληθείας
2667 4569 3062 4640 ἐκκαλυφθείη.
3095 4568 3161 4620 Τί
3195 4568 3258 4638 δή
3291 4584 3422 4620 ποτε
3451 4566 3507 4620 δὲ
3546 4565 3621 4637 μὴ
3662 4581 3836 4635 προσ-

575 4663 782 4716 naturis
808 4675 912 4712 non
966 4657 1037 4711 sit
1082 4649 1393 4721 passibilis?
1445 4647 1526 4716 vel
1581 4649 1850 4714 quomodo
1899 4653 2145 4696 mortuus

571 4754 691 4809 est?
731 4751 999 4822 quomodo
1034 4748 1086 4800 in
1117 4744 1363 4813 sepulcro
1407 4740 1639 4810 positus,
1677 4752 1796 4790 eum
1824 4753 1926 4788 uua
1957 4751 2020 4789 ex
2067 4737 2150 4790 his

575 4847 784 4902 naturis
819 4860 922 4897 non
947 4841 1016 4895 sit
1054 4834 1297 4891 mortalis
1339 4848 1516 4902 neque
1560 4829 2013 4899 circumsmipta’!

651 5029 844 5083 Verum
881 5027 986 5090 ille,
1014 5023 1098 5078 his
1117 5018 1356 5081 omissis,
1391 5017 1456 5070 ad
1481 5017 1636 5070 aliam
1657 5017 1919 5070 orationis
1945 5026 2149 5086 partem

578 5121 774 5192 pergit,
814 5117 1175 5186 producitque
1220 5113 1272 5166 in
1324 5111 1556 5164 medium
1591 5125 1781 5180 panem
1841 5127 1904 5164 ac
1945 5113 2150 5174 vinum,

578 5229 698 5283 quae
725 5211 922 5263 divinis
955 5205 1282 5261 adhibentur
1313 5205 1604 5274 mysteriis,
1657 5205 1840 5270 aitque
1879 5222 1891 5257 :
1937 5222 1954 5256 ι
1994 5202 2153 5257 Chri-

579 5315 695 5360 stus
725 5300 1026 5356 divinitatis
1065 5314 1176 5354 sua:
1205 5298 1254 5352 vi
1287 5307 1513 5352 mortem
1541 5297 1813 5366 propriam
1851 5295 2154 5366 praevidens

581 5409 642 5448 ac
674 5393 1125 5446 resurrectionem
1189 5400 1242 5444 et
1298 5390 1350 5444 in
1401 5389 1567 5444 cados
1611 5389 1866 5452 reditum,
1905 5395 2070 5456 atque
2100 5398 2155 5442 ut

583 5481 900 5538 memorialc
932 5479 1322 5535 incarnationis
1377 5494 1488 5532 suae
1521 5478 1611 5529 diu
1673 5487 1940 5544 noctuque
1989 5477 2154 5532 habe-

582 5589 764 5628 remus
791 5573 880 5642 qui
917 5573 969 5626 in
1004 5587 1126 5626 cum
1160 5570 1515 5624 credidimus.
1583 5585 1600 5618 ι
1640 5565 1833 5620 Nonne
1885 5581 2011 5620 vero
2045 5568 2157 5621 hanc

583 5667 854 5736 prioribus
931 5676 1057 5722 sunt
1118 5660 1533 5733 insipientium?
1584 5659 1848 5726 siquidem
1915 5671 2154 5712 nontam

583 5759 726 5814 illius
780 5762 1111 5830 impietatem
1166 5758 1508 5824 pervulgarit,
1543 5769 1703 5818 quam
1757 5755 2027 5806 vesaniam
2072 5764 2158 5807 at-

581 5869 685 5923 que
709 5855 1074 5910 dementiam:
1113 5869 1232 5904 nam
1265 5862 1361 5901 nec
1395 5863 1513 5914 quae
1537 5847 1686 5910 dicit,
1725 5863 1822 5900 nec
1859 5849 1920 5899 de
1963 5850 2156 5916 quibus

2253 4665 2465 4718 τέθεικε
2520 4663 2816 4734 διαπορῶν,
2879 4663 2961 4715 ὅτι
3016 4663 3134 4724 πῶς
3193 4661 3389 4713 παθεῖν
3429 4658 3577 4729 ἅπερ
3627 4656 3838 4709 ἔπαθεν

2252 4758 2476 4828 ημελλε,
2508 4756 2607 4824 τῆς
2646 4753 2823 4826 [μιᾶς]
2861 4749 3075 4822 φύσεως
3112 4754 3188 4824 μὴ
3245 4751 3414 4821 οῠσης
3467 4749 3761 4819 παθητῆςς
3801 4749 3835 4820 ἢ

2251 4849 2331 4902 ὅτι
2371 4848 2488 4910 πῶς
2515 4847 2762 4915 τέθνηκε,
2797 4845 2914 4907 πῶς
2944 4846 2998 4896 ἐν
3046 4843 3298 4913 μνημείῳ
3327 4843 3698 4912 περιεῖρκται,
3733 4840 3839 4908 τῆς

2256 4941 2383 5009 μιᾶς
2406 4937 2617 5006 φύσεως
2651 4941 2785 5007 μ’,τε
2815 4935 3152 5005 θνησκούσης
3180 4935 3316 5006 μήτε
3342 4932 3836 5004 περιειργομένης;

2328 5031 2474 5100 Πλὴν
2503 5028 2678 5082 ταῦτα
2709 5027 2883 5080 λιπὼν
2915 5026 3186 5091 ἐντεῦθεν,
3217 5027 3302 5095 ἐφ’
3346 5025 3535 5094 ἕτερον
3571 5023 3840 5093 μετέρχε-

2253 5139 2341 5176 ται
2363 5123 2542 5190 λόγον,
2577 5123 2668 5174 καὶ
2721 5122 2844 5189 ἄγει
2883 5121 2964 5183 εἰς
3020 5118 3187 5189 μέσον
3237 5119 3328 5171 τδν
3376 5117 3540 5188 ἄρτον
3599 5118 3694 5169 καὶ
3742 5116 3839 5168 τὶν

2255 5211 2418 5278 οἶνον,
2451 5214 2594 5285 ἆπερ
2629 5216 2706 5277 εἰς
2736 5215 2802 5267 τὰ
2833 5213 2954 5266 θεῖα
2995 5207 3489 5282 παραλαμϐάνεται
3533 5209 3842 5281 μυστήρια,

2257 5303 2347 5357 καί
2405 5321 2594 5371 φησιν,
2627 5304 2710 5356 ὅτι
2753 5323 2770 5354 ι
2829 5301 2987 5356 Κατὰ
3036 5302 3135 5372 τὴν
3185 5302 3419 5372 θεότητα
3463 5300 3650 5367 αὑτοῦ,
3705 5317 3846 5370 προ-

2257 5391 2417 5458 γνοὺς
2447 5393 2536 5445 τὸν
2599 5391 2825 5444 θάνατον
2873 5391 2967 5444 καὶ
3019 5391 3115 5460 τὴν
3151 5392 3450 5444 ἀνάστασιν
3507 5391 3698 5452 αὑτοῦ,
3735 5393 3836 5444 καὶ

2257 5482 2356 5562 τὴν
2390 5486 2469 5546 είς
2493 5483 2758 5554 οὐρανοὺς
2789 5483 2999 5546 ἄνοδον,
3027 5483 3121 5535 καὶ
3145 5484 3233 5536 ἴνα
3272 5483 3330 5536 τὸ
3358 5485 3707 5554 μνημόσυνον
3736 5483 3842 5550 τῆς

2259 5575 2727 5646 ὲνανθρωπήσεως
2749 5575 2913 5630 αὑτοῦ
2960 5575 3222 5646 διηνεκῶς
3252 5575 3467 5645 ἔχωμεν
3516 5577 3564 5627 οἱ
3612 5573 3842 5626 πιστεύ-

2263 5685 2455 5732 σαντες
2484 5671 2564 5731 είς
2599 5669 2781 5732 αὐτὸν,
2829 5668 3003 5721 νύκτα
3040 5669 3134 5722 καὶ
3162 5669 3398 5738 ἡμέραν.
3439 5687 3456 5718 i
3487 5662 3632 5735 Ἀρα
3662 5665 3845 5719 ταῦτα

2261 5759 2379 5827 οὐχὶ
2413 5760 2524 5810 τῶν
2554 5760 2746 5829 πρώην
2785 5757 3204 5830 ἀσυνετώτερας
3249 5761 3308 5812 ο.)
3335 5761 3442 5828 γὰρ
3489 5759 3551 5828 δὴ
3587 5757 3845 5810 τοσοῦτον

2262 5848 2359 5917 τὴν
2408 5850 2664 5902 ἀσέϐειαν
2722 5850 3027 5921 στςλιτεύει
3105 5854 3202 5923 τὴν
3268 5851 3499 5912 ἐκείνου,
3556 5849 3679 5902 ὅσον
3743 5848 3845 5916 τὴν
