4086 6344
267 392 358 459 333
944 386 1572 450 ANTIRRHETICUS
1609 385 1670 446 II
1708 384 1876 445 ADV.
1919 382 2513 446 CONSTANTINUM
2560 382 2776 443 COPR.

3381 380 3490 454 θεν.

267 503 626 576 παραπληξίαν
653 503 748 556 καὶ
789 500 1012 557 ἄνοιαν*
1045 501 1170 556 οὔτε
1207 503 1316 573 γὰρ
1369 501 1407 557 a
1455 501 1631 568 λέγει,
1685 497 1810 552 οὔτε

1927 497 2185 560 allii-mat,
2243 497 2366 552 scit.
2427 495 2566 562 Quid
2620 511 2756 565 ergo
2813 495 3103 552 dicendum
3159 504 3246 551 est
3289 497 3493 552 ?Chri-

264 597 377 664 περὶ
419 587 496 648 ὧν
554 592 962 650 διαϐεϐαιοῦται
1007 593 1319 647 ἐπίσταται.
1381 592 1447 645 Τί
1499 589 1593 646 οῦν
1642 593 1817 645 εἰπεῖν

264 683 430 748 ἔστιν;
472 681 538 738 Ἡ
585 680 679 736 τοῦ
735 679 976 752 Χριστοῦ
1017 679 1203 747 εἰκὼν,
1255 681 1403 743 τινος
1463 678 1816 748 μνημόσυνον

264 777 421 844 φέρει,
453 773 487 844 ἢ
519 773 672 844 οὐχίς
721 773 918 842 Σαφῶς
950 771 1109 836 εἰδὼς
1137 774 1220 826 ὅτι
1247 771 1438 827 τοῦτον
1470 772 1603 841 ἡμῖν
1641 771 1816 840 impa-

263 867 402 931 νὶζει,
449 866 658 938 μέμηνε
709 867 830 919 κατ’
891 864 1084 934 αὐτῆς,
1135 862 1407 917 καὶκατὰ
1438 861 1677 932 Χριστοῦ
1725 862 1818 914 καὶ

262 958 344 1028 τῆς
397 956 631 1028 Χριστοῦ
687 956 1057 1027 κληρονομίας
1113 955 1558 1026 ἑπιλελύττηκεν.
1599 952 1818 1023 Ἐπειδὴ

260 1049 352 1118 γὰρ
384 1049 556 1120 βαρὺς
577 1049 727 1120 αὐτῷ
765 1045 835 1120 ἦν
874 1051 968 1103 καὶ
1009 1051 1068 1102 ἑν
1115 1049 1284 1102 είκόνι
1333 1047 1686 1118 βλεπόμενος,
1716 1045 1818 1099 οὐκ

261 1143 436 1212 ἐνῆγεν
479 1141 646 1196 αὐτὸν
693 1143 773 1204 εἰς
806 1142 1138 1212 -ὑπόμνησιν
1192 1140 1289 1193 τοῦ
1337 1138 1578 1210 Χριστοῦ
1634 1140 1668 1209 ἠ
1721 1136 1816 1192 τοῦ

260 1234 501 1304 ὀνόματος
547 1234 850 1304 ἐπιγραφή.
879 1234 1001 1288 Τίνι
1039 1234 1151 1305 γὰρ
1196 1233 1386 1305 τρόπῳ
1413 1232 1685 1302 ὠργίζετο
1719 1231 1817 1286 καὶ

261 1318 513 1395 ἠμύνετος
547 1325 621 1378 ’Ἠ
654 1327 735 1379 ὅτι
761 1325 998 1397 Χριστὸς
1027 1326 1198 1396 ὄνομα
1227 1324 1400 1396 ταύτῃ
1427 1324 1766 1380 ἐπιτέθειται
1795 1341 1810 1390 ;

264 1418 380 1487 οὐχὶ
404 1418 506 1488 τὴν
556 1417 838 1488 σάρκωσιν
892 1416 1058 1471 αὑτοῦ
1093 1417 1187 1470 καὶ
1226 1417 1296 1470 τὰ
1329 1416 1509 1486 πάθηι
1553 1417 1696 1486 ἅπερ
1740 1414 1817 1478 ὡς

265 1509 542 1578 ἄνθρωπος
581 1510 723 1582 ὑπὲρ
749 1508 908 1580 ἡμῶν
962 1509 1309 1574 κατεδέξατο,
1375 1506 1818 1588 αί-ίερογραφίαι

265 1593 407 1654 αὗται
430 1598 871 1668 ὑπαγορεύουσιν
893 1614 908 1662 ;
932 1597 1008 1652 Οὐ
1039 1598 1133 1650 τὸν
1159 1595 1389 1667 σταυρὸν
1419 1596 1513 1648 καὶ
1541 1595 1633 1648 τὸν
1663 1593 1821 1652 θάνα⁴⁹

262 1706 334 1742 ιον
378 1692 470 1742 καὶ
525 1689 628 1760 τὴν
691 1691 1022 1756 ἀνάστασινς
1067 1689 1130 1743 οὐ
1178 1688 1249 1742 τὰ
1297 1687 1552 1758 θαύματα
1607 1688 1702 1741 καὶ
1744 1689 1819 1742 τὰ

262 1781 514 1849 τεράστια,
547 1781 698 1853 ἅπερ
740 1781 817 1844 ὡς
861 1781 997 1844 Θεδς
1048 1780 1296 1851 ἔδρασεν,
1345 1780 1478 1851 ἡμῖν
1527 1778 1820 1850 διασημαί-

1918 586 1989 640 sti
2047 586 2210 651 icon,
2290 586 2550 655 inquam,
2609 585 2911 654 alicujusne
2972 587 3290 643 memoriale
3356 601 3442 644 est
3477 582 3526 653 .’

1919 693 1987 733 an
2062 679 2257 733 secus?
2315 677 2512 750 Utique
2570 679 2658 735 hic
2726 679 2895 750 probe
2968 680 3149 736 sciens
3211 681 3494 740 Christum

1921 771 2076 828 nobis
2107 773 2176 826 ab
2219 772 2374 827 icone
2407 771 2797 835 demonstrari,
2875 773 3079 828 insanit
3134 773 3188 827 in
3228 773 3396 839 illam,
3444 784 3499 830 et

1919 863 2177 918 adversus
2207 863 2480 918 Christum
2509 864 2736 934 ejusque
2767 863 3142 919 hmreditatem
3177 865 3328 921 furit.
3358 866 3494 933 Quia

1919 955 2065 1009 enim
2106 955 2289 1026 gravis
2340 963 2424 1010 est
2477 954 2556 1009 illi
2608 956 2772 1010 etiam
2825 955 2878 1009 in
2939 955 3174 1025 imagine
3221 967 3497 1028 spectatus

1919 1043 2194 1109 Christus,
2227 1059 2333 1100 non
2404 1044 2612 1100 excitat
2671 1045 2720 1100 ei
2759 1044 2967 1101 Christi
3023 1049 3340 1102 memoriam
3397 1063 3498 1104 no-

1921 1137 2084 1192 minis
2126 1138 2441 1208 epigraphe.
2490 1135 2626 1192 Nam
2684 1152 2786 1194 cur
2839 1139 3095 1194 irascitur
3140 1149 3196 1196 et
3246 1141 3499 1196 resistit?

1919 1227 2058 1283 Num
2081 1229 2204 1297 quia
2233 1229 2438 1285 Christi
2463 1245 2659 1287 nomen
2686 1231 2825 1286 iconi
2852 1234 3244 1304 superponitur
3259 1235 3284 1289 ι
3300 1235 3496 1291 Nonne

1921 1320 2357 1377 incarnationem
2408 1322 2527 1393 ejus
2581 1331 2640 1379 et
2677 1324 2976 1391 cruciatus,
3001 1339 3140 1394 quos
3193 1327 3270 1381 uti
3331 1326 3497 1382 homo

1923 1413 2096 1468 nostri
2165 1413 2339 1484 gratia
2393 1413 2651 1484 pertulit,
2718 1430 2887 1472 sacra:
2952 1415 3039 1472 bat
3110 1416 3498 1488 inscriptiones

1921 1505 2213 1560 enarrant?
2244 1504 2437 1561 Nonne
2464 1522 2703 1574 crucem,
2741 1523 2952 1575 necem,
2988 1508 3498 1570 resurrectionem!

1922 1610 2103 1652 nonne
2135 1597 2397 1653 miracula
2424 1607 2476 1654 et
2504 1599 2773 1670 prodigia,
2810 1615 2931 1672 quae
2954 1609 3139 1670 utpote
3170 1599 3315 1655 Deus
3344 1599 3497 1664 fecit,

1922 1685 2079 1740 nobis
2125 1686 2484 1755 signiﬁcant?
2517 1687 2713 1743 Verum
2751 1688 2869 1745 hac
2899 1688 3142 1745 refutare
3187 1689 3342 1746 {utile
3371 1701 3497 1760 est;

1921 1785 1975 1832 et
2006 1786 2186 1833 tamen
2242 1779 2496 1844 reticere,
2529 1790 2749 1852 propter
2774 1781 2972 1838 stultos
3001 1781 3198 1838 nullius
3230 1781 3496 1846 momenti

263 1844 446 1937 νουσιν;
490 1844 678 1926 Ἇλλιί
697 1871 836 1944 πρὸς
888 1844 1190 1928 ταῦτακαὶ
1238 1844 1545 1940 ἀντιλέγειν
1589 1844 1815 1937 εἰκαῖον,

1927 1881 2030 1925 non
2061 1879 2166 1925 est.
2203 1869 2407 1926 Deinde
2437 1844 2588 1926 addit

262 1961 340 2014 κού.
375 1965 592 2034 σιωπᾷν
615 1963 703 2017 διὰ
733 1963 860 2027 τοὺς
879 1963 1142 2033 ἀνοήτους
1159 1962 1264 2016 οὐκ
1317 1962 1815 2038 εὐκαταφρόνητον,

273 2054 476 2125 Ἐφεξῆς
510 2056 575 2111 δὲ
609 2056 828 2124 ὲςιιιίιγει⁹

324 2164 340 2196 ι
409 2147 704 2200 Ἐκέλευσε
757 2147 869 2209 τοῖς
927 2146 1103 2216 ἁγίοις
1172 2147 1340 2202 αὑτοῦ
1403 2147 1678 2220 μαθηταῖς
1722 2145 1819 2199 καὶ

261 2237 548 2302 ἀποστόλοις
592 2237 927 2308 παραδοῦναι
966 2234 1131 2294 δι’-οῦ
1184 2241 1400 2312 ⁴1ἰράσθη
1458 2240 1814 2312 πράγματος,

261 2328 404 2384 τύπον
428 2331 504 2393 είς
539 2328 712 2399 σῶμα
743 2329 910 2385 αὐτοῦ
934 2346 946 2360 ·
980 2330 1069 2385 ἵνα
1104 2331 1193 2384 διὰ
1221 2331 1320 2402 τῆς
1359 2330 1644 2400 ἱερατικῆς
1684 2331 1818 2382 ἁνα-

262 2420 436 2488 γωγῆς,
459 2421 573 2474 κᾶν
604 2421 653 2473 εί
688 2423 752 2474 ὲκ
785 2423 1021 2492 μετοχῆς
1055 2422 1151 2476 καὶ⁷
1181 2422 1330 2475 θέσει
1357 2422 1599 2492 γίνηται,
1635 2420 1818 2474 λάσωο

264 2525 346 2576 μεν
404 2510 531 2564 αὐτὸ
596 2510 672 2574 ὡς
723 2513 930 2583 κυρίως
978 2513 1072 2564 καὶ
1129 2512 1343 2582 ἀληθῶς
1383 2513 1541 2581 σῶμα
1576 2511 1762 2566 αὑτοῦ.
1794 2529 1813 2561 ι

264 2598 425 2664 Ὅπως
482 2603 596 2672 μὲν
637 2602 772 2673 περὶ
827 2603 921 2656 τοῦ
977 2603 1261 2674 Κυριακοῦ
1291 2602 1510 2668 ἐδόξαζε
1546 2601 1817 2672 σώματος,

263 2691 398 2754 αὐτός
436 2695 481 2746 τ’
516 2694 598 2748 ἂν
639 2693 806 2764 εἰδείη
855 2695 950 2748 καὶ
1008 2698 1057 2749 oi
1104 2696 1300 2766 ἐκείνῳ
1367 2694 1817 2764 μαθητευθὼτες,

267 2780 428 2847 Ὅμως
456 2784 499 2836 δ’
523 2779 631 2836 οὖν
659 2785 795 2855 πρὸς
839 2785 908 2839 τὰ
946 2786 1219 2856 λεγόμενα
1251 2784 1396 2842 οὕτω
1424 2787 1590 2856 ἡμεῖς
1640 2787 1820 2839 ἁπαν⁹

265 2877 570 2946 τησόμεθα-
612 2877 829 2949 Ἐπειδὴ
891 2879 1054 2936 τοῦτο
1100 2880 1129 2933 ὃ
1167 2879 1272 2950 ἔφη
1329 2881 1395 2934 ὲκ
1447 2879 1685 2950 μετοχῆς
1725 2878 1822 2931 καὶ

266 2963 388 3019 θέσει
437 2966 797 3038 τελούμενον,
852 2967 951 3024 διὰ
997 2967 1108 3038 τῆς
1157 2969 1455 3037 ἱερατικῆς
1507 2967 1823 3038 ἀναγωγῆς

270 3059 457 3126 κυρίως
484 3059 591 3113 καί
635 3059 877 3127 ἀληθῶς
921 3059 1029 3114 τοῦ
1079 3060 1338 3129 Χριστοῦ
1369 3058 1540 3126 σῶμα
1572 3059 1819 3130 γίνεται,

2003 2157 2020 2188 ι
2062 2137 2320 2208 Ριιιεερρὶι
2363 2141 2566 2195 sanctis
2605 2139 2884 2210 discipulis
2919 2142 3035 2195 suis
3071 2147 3235 2210 atque
3268 2150 3492 2212 aposto.

1921 2229 2007 2294 lis,
2040 2239 2098 2283 ut
2151 2229 2218 2284 de
2272 2245 2437 2297 opere
2474 2232 2748 2301 praecipuo
2777 2231 2981 2287 amoris
3033 2232 3138 2303 sui,
3199 2241 3383 2304 typum
3439 2233 3492 2290 in

1921 2335 2019 2376 suo
2067 2335 2296 2388 corpore
2341 2323 2637 2386 traderent,
2685 2333 2744 2376 ut
2803 2337 2900 2392 per
2949 2323 3294 2379 sacerdotale
3325 2325 3495 2380 mini-

1921 2412 2172 2475 sterium,
2218 2413 2430 2467 etiamsi
2488 2415 2906 2484 participatione
2939 2427 2995 2472 et
3042 2417 3338 2487 adoptione
3410 2417 3492 2485 flt,

1922 2502 2282 2571 suscipiamus
2302 2502 2474 2573 ipsum
2501 2512 2759 2574 tanquam
2788 2507 3004 2574 proprie
3029 2521 3262 2576 vereque
3297 2523 3496 2578 corpus

1921 2594 2058 2664 ejus.
2103 2614 2121 2650 ι
2168 2595 2306 2661 Quid
2347 2596 2411 2649 de
2448 2595 2730 2650 Dominico
2763 2597 2983 2666 quidem
3021 2613 3250 2668 corpore
3300 2600 3494 2656 existi.

1924 2695 2053 2750 met,
2088 2686 2201 2753 ipse
2237 2685 2414 2740 videat
2465 2693 2520 2739 et
2567 2685 2688 2755 ejus
2724 2686 2996 2757 discipuli.
3043 2689 3299 2744 Attamen
3333 2691 3497 2746 dictis

1924 2791 2028 2830 nos
2066 2777 2141 2830 ita
2199 2791 2568 2832 occurremus.
2611 2776 3056 2848 Quandoquidem
3092 2780 3196 2836 hoc
3230 2782 3373 2849 quod
3422 2783 3500 2846 ait

1924 2869 2344 2938 participatione
2373 2877 2429 2922 et
2458 2868 2750 2938 adoptione
2787 2869 2994 2938 perlici,
3033 2887 3126 2938 per
3165 2873 3499 2934 sacerdotale

1923 2960 2271 3014 ministerium
2295 2974 2408 3014 uere
2440 2959 2780 3028 abso/utrque
2801 2960 3001 3016 Christi
3035 2979 3224 3032 corpus
3247 2964 3494 3034 efﬁcitur,

1925 3049 2098 3117 ipsius
2126 3049 2284 3103 Verbi
2318 3049 2596 3118 proprium
2627 3051 2884 3114 ;ontniuo
2905 3051 3188 3108 confessus
3213 3063 3296 3108 est
3320 3055 3495 3124 ipsum

273 3148 396 3219 αὐτῷ
424 3150 498 3221 τῷ
533 3150 700 3220 Λόγῳ
733 3151 1128 3222 οἰκειούμενον,
1153 3152 1373 3216 πάντως
1413 3170 1519 3206 που
1552 3151 1818 3222 διωμολό-

1928 3139 2056 3195 illud
2085 3139 2196 3211 68
2236 3138 2424 3209 perlici
2476 3155 2674 3209 corpus
2721 3142 2864 3210 quod
2907 3158 2972 3196 ex
3041 3155 3230 3200 sancta
3279 3143 3498 3217 Virgine

274 3255 340 3305 γει
367 3243 555 3304 ταυτὸν
579 3241 781 3312 ἐκείνῳ
807 3243 1186 3298 ἀποτελεῖσθαι
1215 3244 1294 3314 τῷ
1327 3242 1563 3315 σώματι,
1595 3243 1736 3314 ὅπερ
1760 3241 1824 3295 ἐκ

274 3331 354 3398 τῆς
395 3334 554 3401 ἁγίας
591 3333 874 3404 Παρθένου
923 3335 1220 3404 πεφόρεκε.
1263 3335 1328 3388 Τί
1375 3336 1494 3388 ποτ’
1549 3333 1644 3388 οῦν
1704 3335 1824 3386 ἐστι

275 3421 407 3475 τοῦτο
437 3424 496 3476 τὸ
542 3423 711 3494 σῶμα
745 3425 882 3493 μετὰ
912 3425 1012 3494 τὴν
1039 3426 1321 3479 τελείωσιν
1368 3425 1462 3480 καὶ
1513 3425 1606 3478 τὸν
1661 3425 1822 3492 ἁγιαο

278 3512 390 3579 σμὶιν
442 3516 774 3585 γινόμενον,
831 3512 1016 3585 ζητεῖν
1061 3516 1391 3585 ἐπάναγκες.
1437 3515 1826 3587 Περιγραπτδν

276 3596 368 3671 ἆρά
413 3608 585 3672 ἐστιν,
632 3606 666 3676 ἢ
717 3605 1170 3676 ἀπερίγραπτονς
1236 3607 1676 3679 Ἀπερίγραπτον
1724 3607 1826 3678 μὲν

277 3689 352 3746 οὖν
390 3696 560 3762 οὐδεὶς
603 3695 749 3751 οὕτω
786 3697 998 3768 φρενῶν
1037 3698 1145 3765 ἔξω
1203 3699 1298 3753 καὶ
1344 3699 1697 3763 ἁνούστατος,
1765 3697 1826 3762 δς

278 3784 515 3857 ὀνομάσαι
545 3788 880 3860 θαρρήσειαν
901 3806 915 3820 ο
971 3785 1126 3860 οἶμαι
1151 3791 1212 3844 δὲ
1254 3791 1378 3860 μηδ’
1422 3791 1584 3844 αὑτὸν
1620 3789 1827 3844 ἐκεῖνόν

279 3889 388 3928 ποτε
418 3879 604 3946 φάναι.
643 3877 766 3940 Πῶς
794 3877 904 3948 γὰρ
931 3878 994 3930 τό
1036 3895 1098 3946 γε
1127 3879 1248 3932 κατ’
1272 3878 1588 3948 ὀφθαλμοὺς
1614 3877 1825 3948 ἀνθρώ·-

281 3981 376 4020 πων
413 3966 690 4039 αἰσθητῶς
755 3967 1165 4038 προτιθέμενον,
1215 3969 1310 4023 καὶ¹
1379 3969 1566 4039 χερσὶν
1619 3967 1828 4036 ἀνθρω-

281 4057 438 4121 πίναις
472 4059 919 4132 περιισχόμενον,
955 4061 1050 4113 καὶ
1075 4060 1306 4116 ὀδόντων
1337 4059 1470 4114 εἴσω
1499 4060 1828 4115 κατακλειό-

283 4161 436 4215 μενον,
463 4150 680 4204 ἑδεστόν
706 4166 764 4212 τε
795 4152 1114 4220 γινόμενονς
1144 4151 1332 4206 Ταῦτα
1368 4151 1475 4223 γὰρ
1509 4151 1561 4204 τί
1612 4151 1762 4215 ἄλλο,
1791 4151 1824 4220 ἢ

283 4241 635 4311 περιγραπτδν
663 4240 796 4293 αὐτὸ
821 4241 884 4292 ὲκ
915 4241 1110 4304 παντὸς
1143 4236 1282 4294 εἶναι
1312 4240 1523 4311 βεϐαιοῖ
1569 4242 1662 4294 καὶ
1695 4258 1828 4312 παρ-

285 4326 506 4399 ίστησινς
546 4333 614 4386 El
645 4331 825 4385 τοίνυν
860 4333 1233 4404 περιγραπτὺν
1268 4332 1427 4386 τοῦτό
1467 4335 1604 4396 ἐστι,
1631 4333 1827 4390 ταυτὸν

282 4417 328 4472 δὲ
364 4424 547 4495 ἐκείνῳ
584 4423 664 4493 τῷ
707 4422 920 4492 σώματι
973 4423 1206 4492 γίνεται,
1251 4424 1280 4478 ὃ
1326 4425 1476 4497 παρὰ
1518 4426 1617 4495 τὴν
1651 4425 1828 4496 ἀρχὴν

1926 3235 2174 3301 sumpsit.
2215 3232 2352 3298 Quid
2393 3247 2526 3302 ergo
2557 3234 2630 3288 sit
2673 3249 2871 3304 corpus
2931 3236 3036 3290 hoc
3098 3247 3220 3305 post
3279 3253 3494 3295 sacrum

1927 3324 2292 3380 ministerium
2323 3332 2377 3378 et
2421 3324 2909 3382 sanctiﬁcatiouem
2941 3328 3211 3391 elfectum,
3250 3344 3498 3398 quaerere

1929 3431 2154 3473 necesse
2216 3425 2324 3482 est,
2373 3417 2916 3486 circumscriptumne
2974 3419 3046 3473 sit
3097 3435 3164 3474 an
3204 3420 3494 3478 iucircum.

1927 3509 2233 3578 scriptum?
2301 3507 2838 3578 lncircumscriptum
2906 3509 3123 3578 quidem
3205 3525 3364 3566 nemo
3422 3511 3496 3566 ita

1928 3610 2110 3655 mente
2165 3601 2408 3672 deiectus
2452 3599 2826 3668 attonitusque
2873 3600 3005 3661 erit.
3056 3603 3148 3670 qui
3215 3604 3499 3658 nominare

1928 3691 2110 3755 ausit;
2167 3705 2266 3746 nec
2327 3690 2500 3760 ipsum
2532 3690 2751 3760 quidem
2797 3689 3095 3745 Mamonam
3143 3693 3192 3745 id
3261 3710 3496 3763 unquam

1929 3785 2202 3838 dicturum
2255 3793 2403 3851 puto.
2457 3781 2557 3849 Qui
2609 3781 2752 3836 enim
2814 3782 2922 3837 tale
2948 3797 3069 3837 esse
3101 3792 3299 3853 potest,
3351 3786 3494 3854 quod

1929 3871 2098 3927 oculis
2130 3869 2406 3926 hominum
2443 3870 2772 3926 seusibiliter
2817 3871 3087 3942 objectum
3109 3913 3124 3938 ,
3154 3880 3208 3925 et
3242 3873 3494 3931 humanis

1929 3965 2176 4017 inanibus
2224 3972 2553 4032 porrectum,
2601 3972 2656 4016 et
2707 3963 2852 4017 intra
2909 3964 3100 4019 dentes
3155 3961 3494 4030 conclusum,

1927 4063 1980 4109 et
2007 4053 2166 4108 cdule
2199 4053 2398 4108 factum
2422 4053 2543 4107 est?
2564 4050 2710 4118 Hzl-c,
2735 4053 2979 4124 inquam,
3011 4053 3139 4122 quid
3169 4052 3314 4108 aliud
3335 4069 3500 4122 quant

1931 4149 2102 4216 ipsum
2132 4160 2251 4202 esse
2282 4146 2754 4216 circumscriptum
2787 4147 3010 4204 omnino
3033 4144 3305 4208 aﬂirmant
3337 4156 3501 4216 atque

1929 4239 2260 4294 ostendunt?
2293 4240 2350 4294 Si
2395 4254 2528 4309 ergo
2551 4241 2652 4294 hoc
2681 4240 3152 4309 circumscriptum
3195 4248 3300 4306 est,
3339 4240 3504 4294 idem.

1929 4342 2034 4397 que
2065 4326 2246 4383 est‘ad
2299 4327 2430 4382 illud
2480 4328 2622 4396 quod
2684 4327 2839 4382 initio
2891 4329 3231 4382 iucarnatum
3269 4327 3499 4385 Verbum

1931 4417 2243 4488 assumpsit,
2295 4418 2551 4489 quoniam
2605 4427 2660 4471 et
2705 4419 2772 4471 ad
2828 4417 2957 4472 illud
3005 4418 3262 4484 refertur,
3315 4419 3504 4488 utique

285 4513 632 4582 σαρκούμενος
676 4515 707 4566 ὁ
754 4513 928 4580 Λόγος
989 4514 1376 4584 προσείληφεν,
1422 4515 1545 4568 ἐπεὶ
1599 4510 1695 4569 καὶ
1740 4516 1823 4568 ἐπ’

1931 4510 2063 4570 illud
2097 4525 2314 4583 quoque
2337 4511 2812 4580 circumscriptum
2845 4510 2985 4578 fuit;
3022 4520 3077 4574 et
3108 4526 3504 4583 usquequaque

285 4601 396 4654 αὐτὸ
422 4603 520 4674 τὴν
541 4603 824 4675 ἀναφορὰν
858 4604 995 4675 ἔχει,
1025 4605 1406 4674 περιγραπτὸν
1434 4607 1543 4676 ἄρα
1575 4609 1824 4662 κάκεῖνο·

285 4692 360 4742 καὶ
408 4695 691 4749 ἁλίσκεται
747 4697 890 4751 κατὰ
927 4698 1105 4752 πάντα
1154 4698 1332 4768 ἑαυτῷ
1393 4699 1828 4770 ἐναντιούμενος.

291 4778 345 4832 Ἦ
375 4784 477 4854 γὰρ
506 4787 606 4839 καὶ
639 4785 796 4840 τοῦτο
822 4786 1232 4858 ἁπερίγραπτον
1276 4788 1521 4853 δοξάζειν
1562 4789 1687 4851 ἔδει,
1745 4788 1832 4840 ἴνα

291 4872 351 4941 μὴ
381 4876 536 4944 μόνον
566 4877 635 4931 τὰ
662 4879 760 4948 τῆς
783 4880 1041 4942 ἀπιστίας
1080 4881 1174 4933 καὶ
1210 4879 1400 4944 ἀθεῖας
1431 4879 1598 4935 αὐτοῦ
1650 4881 1833 4934 τέλεον

288 4960 598 5038 δεικνύηται,
649 4969 784 5023 ἀλλὰ
815 4971 910 5024 καὶ
959 4970 1132 5038 γέλως
1175 4973 1269 5025 καὶ
1308 4971 1472 5042 λῆρος
1512 4973 1581 5026 τὰ
1626 4971 1831 5027 ἐκείνου

285 5057 405 5108 πᾶσι
422 5061 701 5130 νομισθείη
733 5062 1078 5132 φρονήματα,
1112 5062 1386 5133 ῆκὰκεῖνο
1425 5064 1642 5128 πάντως
1680 5081 1829 5134 περι-

291 5149 531 5210 Τραπτόν.

349 5242 410 5301 γ’.
445 5240 553 5292 Καὶ
577 5239 748 5295 ταῦτα
783 5241 880 5311 μὲν
898 5242 1040 5295 οὓτω
1081 5242 1353 5312 δεδείχθω.
1390 5243 1455 5295 Τί
1484 5242 1540 5296 δὲ
1564 5243 1712 5314 αὐτῷ
1739 5246 1834 5298 καὶ

293 5320 455 5395 ἕτερον
504 5331 609 5386 τῶν
666 5332 885 5386 ἀτόπων
943 5333 1192 5386 ἐντεῦθεν
1247 5335 1482 5404 ὑπήντα.
1543 5336 1835 5390 Βεὸίασται

295 5413 400 5470 ὅσον
436 5425 497 5475 ὲκ
532 5426 638 5478 τῶν
683 5427 899 5480 οἰκείων
945 5426 1142 5494 λόγων,
1194 5427 1226 5497 ἢ
1282 5426 1835 5498 συμπεριγράφεσθαι

297 5505 373 5558 τὸν
401 5509 536 5565 θεῖον
577 5516 747 5584 Λόγον
797 5515 972 5587 τούτῳ
1025 5517 1104 5586 τῷ
1166 5519 1229 5570 ὲκ
1284 5518 1516 5587 μετοχῆς
1566 5518 1838 5590 γινομένῳ

301 5595 490 5667 σώματι
512 5604 710 5672 λέγειν,
750 5608 782 5678 ῆ
814 5607 1105 5678 διῃρῆσθαι
1135 5609 1231 5661 ἀπ’
1257 5607 1424 5661 αὑτοῦ
1449 5608 1538 5662 διὰ
1565 5609 1666 5680 τὴν
1711 5608 1838 5679 μίαν

304 5685 572 5750 ὑπόστασιν
590 5716 601 5727 ο
640 5697 778 5752 ὥστε
807 5703 927 5763 ταῖς
955 5699 1235 5769 ἀληθείαις
1263 5701 1384 5771 μηδ’
1407 5700 1657 5754 ὁπωσοῦν
1689 5701 1839 5770 αὐτῷ

306 5776 489 5837 ἐκεῖθεν
521 5787 789 5864 ἀγιασμοῦ
827 5792 1189 5862 μετεῖναικαὶ
1219 5792 1460 5866 χάριτος.
1498 5792 1562 5844 Τί
1607 5792 1662 5847 δὲ
1690 5792 1839 5866 αὖτῷ

1934 4601 2035 4656 sibi
2087 4603 2398 4657 contrarius
2448 4602 2727 4658 Mamonas
2781 4603 3224 4673 deprehenditur.
3264 4605 3361 4661 Vel
3403 4606 3504 4661 hoc

1935 4691 2064 4746 item
2120 4692 2654 4762 incircumscriptum
2711 4697 3068 4766 rcputandum
3115 4707 3233 4764 est;
3280 4707 3337 4752 et
3381 4706 3495 4754 tum

1932 4781 2194 4837 Mamonaz
2213 4798 2317 4838 non
2354 4782 2529 4838 solum
2557 4785 2912 4840 incredulitas
2933 4796 3098 4854 atque
3125 4787 3505 4858 irreligiositas

1934 4873 2176 4944 apprime
2211 4874 2516 4944 apparebit,
2549 4889 2737 4931 verum
2774 4876 2939 4932 etiam
2979 4877 3115 4931 risui
3157 4893 3221 4932 ac
3269 4877 3505 4933 ludibrio

1936 4966 2145 5020 cunctis
2175 4974 2333 5020 erunt
2365 4965 2483 5034 ejus
2524 4969 2806 5038 opiniones
2842 4987 2854 5024 :
2889 4969 2972 5026 vel
3003 4981 3153 5027 certe
3195 4971 3322 5026 illud
3353 4986 3506 5042 atque

1937 5055 2408 5124 circumscriptum
2440 5057 2562 5114 fuit.

2008 5244 2062 5298 3.
2098 5242 2272 5312 Atque
2295 5244 2409 5299 haec
2445 5245 2514 5298 ita
2541 5245 2904 5300 demonstrata
2934 5257 3116 5304 sunto.
3143 5246 3246 5302 Sed
3276 5257 3332 5300 et
3361 5245 3505 5302 aliud

1939 5337 2234 5391 absurdum
2271 5337 2397 5394 hinc
2431 5337 2478 5390 ei
2505 5338 2744 5394 obvenit.
2770 5337 2990 5406 Cogitur
3019 5340 3296 5404 nimirum,
3332 5353 3508 5406 quan-

1940 5439 2052 5481 tum
2088 5427 2205 5496 ejus
2246 5428 2408 5482 verba
2449 5427 2652 5494 valent,
2689 5438 2782 5483 aut
2825 5429 2985 5484 simul
3025 5431 3504 5500 circumscriptum

1938 5518 2122 5574 dicere
2151 5519 2393 5573 divinum
2433 5517 2665 5575 Verbum
2703 5535 2826 5576 cum
2860 5522 2960 5576 hoc
2987 5536 3052 5576 ex
3084 5521 3507 5592 participatione

1941 5613 2084 5667 facto
2114 5625 2365 5680 corpore,
2399 5611 2487 5664 vel
2513 5612 2581 5667 ab
2610 5612 2698 5666 illo
2726 5621 2948 5682 propter
2991 5628 3154 5666 unam
3202 5613 3506 5684 hypotasim

1941 5702 2225 5767 dividere;
2266 5703 2336 5754 ita
2367 5710 2425 5754 ut
2456 5716 2650 5772 reapse
2702 5702 2835 5756 nihil
2866 5716 3096 5773 prorsus
3150 5704 3254 5758 hoc
3287 5703 3512 5774 partici-

1944 5801 2033 5862 pet
2060 5790 2511 5854 sanctificationis
2535 5801 2589 5848 et
2635 5793 2844 5866 gratim.
2897 5789 3036 5861 Quid
3077 5806 3240 5864 porro
3279 5793 3328 5858 ei
3369 5793 3517 5856 εοοὶν
