4086 6344
272 424 431 490 Δ341

1040 440 1676 508 ANTIRRHETICUS
1722 450 1783 511 ΙΙ
1831 454 2002 549 Αιξν.
2044 457 2640 526 CONSTANTINUM
2677 465 2889 530 COPR.

3479 476 3585 541 3i2

326 539 566 654 ἷμὲνων]
600 542 659 595 τί»
687 544 884 613 ψεῦδος
930 546 1188 623 ἐλεγχθῇ,
1223 554 1257 625 ἦ
1293 572 1352 607 τε
1386 555 1698 627 ὑπόκρισις,
1753 564 1848 618 καὶ
1876 587 1884 618 ‹

2011 566 2228 638 ignaros
2272 571 2451 627 illusio
2472 575 2856 632 innotesceret.
2883 577 3022 646 Quid
3051 583 3234 636 autem
3260 592 3340 637 est
3362 587 3501 654 quod
3522 588 3589 641 de

318 626 496 724 δόλος,
548 635 643 686 καὶ
688 638 717 690 ό
756 639 892 709 πρὸς
949 640 1077 706 τοὺς
1130 644 1458 713 ἀγνοοῦντας
1513 654 1903 724 φαινακισμδς,

319 722 631 795 κατάδηλος
676 729 929 800 γένηται.
963 732 1029 786 Τί
1067 734 1125 790 δὲ
1159 735 1223 809 δὴ
1268 738 1428 794 τοῦτό
1480 742 1650 809 ἐστιν,
1699 722 1905 805 animi

320 812 521 881 λέγειν
542 817 670 888 περί
715 835 778 887 γε
828 822 938 874 τῶν
969 823 1146 878 ἄλλων
1195 828 1426 883 ε’ίκόνων
1477 830 1764 903 βούλοιτο;
1806 842 1902 894 καὶ

315 906 499 1000 ὁποῖοι
528 907 615 978 δὴ,
647 909 742 975 οὓς
792 914 1059 983 προάγειν
1107 916 1284 974 ἐθέλοι
1334 923 1607 992 σκοπούς;
1649 924 1769 982 Ὅτι
1803 932 1903 1000 μὲν

317 989 465 1095 citat
517 1000 720 1072 πολλὴν
753 1006 1140 1078 τερατολογίαν
1173 1012 1268 1066 καὶ
1309 989 1601 1085 φλυαρίαν
1632 1020 1775 1073 κατὰ
1801 989 1902 1095 τῆς

315 1088 421 1143 τοῦ
461 1092 599 1146 θεοῦ
632 1094 809 1188 Λόγου
840 1098 1312 1174 ινανθρωπήσεως
1336 1105 1631 1177 ὲξυφὰνας,
1675 1111 1767 1164 ἐπὶ
1794 1088 1899 1188 ’την

318 1185 612 1277 παροινίαν
652 1181 753 1261 τὴν
777 1192 857 1258 είς
886 1194 952 1248 τὰ
978 1195 1089 1251 τῶν
1135 1198 1309 1267 ἁγίων
1358 1201 1481 1273 ίερὰ
1530 1181 1899 1277 ὑπομνήματα

316 1274 695 1370 παρώρμηται
742 1281 1039 1350 δυσσεϐῶς,
1096 1288 1261 1343 παντί
1291 1306 1367 1361 τῳ
1400 1293 1602 1361 σαφές·
1642 1274 1763 1350 καί
1791 1296 1899 1370 πρὸ

313 1366 529 1424 τούτων
573 1388 660 1440 γε,
696 1373 788 1428 ἐπὶ
837 1376 905 1430 τὰ
949 1377 1048 1449 τῆς
1094 1382 1408 1453 πρωτίστης
1438 1384 1544 1439 τῶν
1578 1387 1769 1456 ἁγίων,
1802 1366 1898 1445 καὶ

317 1458 544 1514 πάντων
590 1461 700 1517 τῶν
732 1464 792 1518 ὲν
814 1468 878 1538 τῇ
915 1468 1093 1522 κτίσει
1124 1471 1423 1527 τελούντων
1454 1475 1768 1550 ὑπερτάτης
1795 1479 1896 1550 τῆς

316 1551 592 1620 παναγίας
615 1555 917 1628 Δεσποίνης
942 1560 1103 1631 ἡμῶν
1131 1562 1493 1636 Θεομήτορος,
1531 1567 1618 1621 ἵνα
1652 1572 1745 1624 καὶ
1792 1573 1893 1627 αὐ-

317 1639 417 1709 τὴν
437 1640 517 1713 τῷ
539 1642 789 1714 τεχθέντι
817 1652 1258 1729 συγκαθυόρίσῃ.

386 1732 546 1827 Τίνες
574 1735 635 1827 δὲ
664 1737 715 1790 oi
745 1741 939 1794 σκοποὶ
962 1745 1062 1815 τῆς
1093 1745 1420 1818 θεοπυγοῦς
1468 1753 1562 1807 κα)⁸
1596 1755 1756 1810 ἀθέου
1791 1754 1891 1827 ψυ-

313 1821 435 1918 χῆς,
465 1825 704 1897 ἐκείνης,
742 1832 942 1888 εἰδέναι
974 1836 1138 1890 καλόν
1160 1854 1173 1868 °
1214 1840 1289 1910 μὴ
1335 1843 1444 1918 γὰρ
1480 1844 1553 1917 δὴ
1612 1821 1891 1903 κὰνταδθα

313 1915 373 2009 τὸ
404 1916 691 2009 ἁγραπτον
720 1925 815 1979 καὶ
849 1926 1269 2001 ἁπερίγραπτον
1299 1915 1643 2007 προὰγεσθαι
1685 1939 1888 2009 ἔδοξεν,
1924 1925 1964 1980 Β

314 2007 345 2077 ἢ
380 2008 444 2061 τδ
473 2010 696 2067 διπλοῦν
723 2019 848 2082 τοὺς
875 2021 1087 2089 ἁγίους,
1130 2026 1195 2079 ὲκ
1235 2026 1488 2099 θεότητος
1518 2031 1759 2088 ὑποστὰν
1788 2007 1889 2090 καὶ

312 2099 774 2197 ἁνθρωτιότητος;
808 2110 879 2163 Ἣ
912 2112 1054 2184 τάχα
1107 2133 1208 2169 που
1264 2118 1607 2189 ἑννενόηκεν,
1658 2124 1795 2197 ὅπερ
1839 2126 1889 2180 οι

312 2192 555 2262 χρῶντες
603 2200 698 2251 καὶ
746 2201 973 2270 ἄγοντες
1016 2207 1410 2278 ὲμπνεύσειαν,
1439 2207 1514 2277 ώς
1544 2213 1610 2284 δὴ
1642 2216 1737 2270 καὶ
1780 2215 1890 2273 τῶν

252 2328 257 2331 .
312 2280 488 2376 ἁγίων
523 2286 757 2376 ἑκάστου
792 2290 957 2364 διπλῆ
975 2312 1069 2367 ,τις
1094 2299 1124 2367 ἡ
1158 2288 1476 2366 ὑπόστασις,
1506 2305 1569 2357 ὲκ
1588 2280 1769 2376 ψυχῆς
1797 2309 1889 2361 καὶ

312 2371 569 2440 σώματος
595 2370 729 2431 οὖσα
773 2379 1075 2453 ὲτύγχανε;
1117 2388 1211 2440 καὶ⁵
1261 2388 1445 2442 εἴποτε
1489 2370 1885 2465 γραίρησονται,

310 2464 649 2558 καὶψυχὴ
702 2476 1156 2546 συγγραφησεται
1210 2480 1306 2533 καὶ
1353 2485 1888 2558 συνεικονισθήσεται

310 2552 371 2649 εξ
426 2557 705 2649 ανάγκηςο
758 2562 793 2632 ἢ
846 2564 1120 2638 διεστήξει
1174 2572 1268 2625 τοῦ
1325 2571 1583 2644 σώματος
1635 2579 1667 2649 ἠ
1716 2552 1886 2634 πάλαι

308 2645 706 2742 ἀπηλλαγμένη
760 2655 855 2710 τοῦ
909 2658 1186 2730 σώματος.
1233 2664 1344 2718 Καὶ
1391 2663 1472 2737 οἷς
1525 2645 1888 2742 ληρώδήμασι

308 2739 405 2830 καὶ
441 2738 726 2813 πλάσμασι
776 2748 1037 2822 περὶτῆς
1085 2755 1227 2808 κατὰ
1257 2756 1491 2829 Χριστὸν
1537 2738 1889 2830 ὑποστάσεως

306 2829 603 2918 ἐχρήσατο,
655 2836 751 2888 καὶ
798 2836 892 2891 ἐπὶ
941 2839 1053 2894 τῶν
1091 2843 1264 2910 ἁγίων
1323 2846 1695 2918 κενολογήσει.
1742 2829 1885 2906 Ἀλλδ

306 2920 434 2974 ὅσον
463 2922 522 2987 ἐξ
548 2916 623 2977 ὧν
652 2925 799 2992 ἔλεξὲ
834 2924 895 2982 τε
947 2933 1043 2986 καὶ
1072 2932 1301 3005 ἔδρασεν
1326 2916 1706 3006 ἐπαισθέσθαι,
1759 2946 1883 3009 τοὺς

272 3010 548 3077 Δσκοποὺς
619 3017 867 3084 ἐκείνους
934 3022 1396 3093 διαγινώσκεσθαι
1468 3029 1529 3082 οὐ
1601 3030 1882 3102 δυσχερές.

317 3104 537 3198 Ἐπειδὴ
573 3108 681 3180 γὰρ
728 3112 885 3167 οὐδέν
936 3115 1053 3171 ἐστι
1090 3118 1294 3188 φαῦλον
1333 3122 1425 3175 καὶ
1450 3121 1713 3189 δυσσεϐὲς
1753 3124 1782 3177 δ
1809 3127 1885 3198 μὴ

302 3196 449 3250 κατὰ
488 3199 587 3269 τῆς
628 3199 780 3267 θείας
813 3202 969 3276 δόξης
1012 3211 1108 3263 καὶ
1135 3210 1245 3264 τῶν
1298 3212 1476 3281 ἁγίων
1513 3196 1878 3288 μεμελέτηκε,

300 3289 400 3342 καὶ
423 3290 576 3344 οὐδὲν
602 3294 958 3369 ἀνοσιουργὸν
988 3301 1081 3354 καὶ
1109 3302 1461 3359 ἀτοπώτατον
1504 3306 1533 3361 ὃ
1562 3306 1640 3379 μὴ
1671 3309 1729 3362 ἐν
1760 3309 1883 3363 τού-

300 3397 417 3444 τοις
434 3385 841 3456 κατεπράξατο,
862 3390 1014 3444 οὑδὲν
1033 3394 1425 3450 ἁκαταιτίατον
1440 3397 1535 3451 καὶ
1557 3398 1883 3471 ἀδιάϐλητον

297 3471 393 3524 ἐπὶ
426 3473 534 3528 τῶν
565 3476 661 3546 τῆς
699 3478 939 3545 πίστεως
969 3482 1126 3551 ἡμῶν
1174 3484 1274 3555 τῆς
1310 3485 1588 3552 ἀπλανοῦς
1644 3489 1880 3544 καταλέ-

298 3564 478 3631 λοιπε,
504 3567 598 3621 διὰ
627 3569 788 3623 τοῦτο
818 3575 1037 3643 πρῶτον
1066 3574 1165 3646 μὲν
1192 3578 1541 3651 ἀποκηρύξαι
1571 3580 1746 3654 τολμᾷ
1778 3582 1880 3655 τὴν

296 3658 590 3728 Θεοτόκος
632 3663 819 3736 φωνὴν
858 3666 950 3719 καὶ
982 3668 1218 3739 πάμπαν
1251 3673 1316 3725 ὲκ
1347 3671 1448 3742 τῆς
1470 3673 1576 3726 τῶν
1610 3675 1878 3746 Χριστια-

294 3750 404 3802 νῶν
432 3750 685 3825 γλώσσης
720 3758 1014 3827 περιελεῖν.
1057 3761 1168 3815 Καὶ
1215 3763 1324 3833 γὰρ
1353 3762 1552 3835 ἤχθετο
1604 3765 1726 3823 λίαν
1782 3769 1878 3822 κα)⁴

292 3842 600 3930 {navium
630 3848 722 3900 ἐπὶ
747 3852 814 3919 τῇ
850 3850 944 3906 τοῦ
979 3852 1245 3923 ὀνόματος
1282 3856 1593 3926 ἐπικλήσει,
1626 3859 1764 3930 ὅπερ
1808 3854 1878 3930 ἦν

292 3927 652 4002 Χριστιανοτς
689 3937 942 4010 σύνηθες,
973 3943 1059 4012 ἐφ’
1181 3944 1277 3998 καὶ
1330 3946 1618 4012 Ἰουδαίους
1658 3927 1877 4019 ὁρῶμεν

293 4025 383 4076 ἀει⁸
410 4022 886 4097 δυσχεραίνοντας.
927 4034 1163 4088 Ἔπειτα
1190 4036 1615 4109 παραχαράσσει
1645 4039 1739 4093 κα)⁵
1771 4057 1875 4093 πα-

294 4119 608 4185 ραποιείται
657 4119 760 4174 ὅσα
798 4124 891 4175 ἐπὶ
924 4124 1003 4194 τῷ
1036 4125 1264 4195 ὀνόματι
1300 4129 1474 4200 αὐτῆς
1509 4129 1875 4204 ἐπεκέκλητο,

291 4208 391 4260 καὶ
428 4209 485 4260 ἐν
518 4209 694 4275 λιταῖς
723 4213 860 4284 πρὸς
889 4215 983 4267 τὸν
1017 4217 1281 4286 τεχθέντα
1328 4219 1386 4288 ἐξ
1424 4202 1596 4294 αὐτῆς
1627 4224 1721 4277 καὶ
1751 4202 1876 4298 δεή-

292 4314 448 4352 σεσιν
477 4301 533 4355 ὲν
562 4301 801 4373 ᾄσμασιν
828 4306 916 4360 ἀεὶ
943 4304 1258 4376 ἁνεφώνουν
1283 4310 1424 4383 ὑπὲρ
1451 4314 1552 4383 τῆς
1574 4313 1668 4368 τοῦ
1692 4316 1871 4369 κοινοῦ

293 4391 500 4455 παντὸς
526 4396 801 4466 σωτηρίας
830 4398 880 4451 oi
912 4398 1179 4470 δεόμενοι.
1228 4400 1381 4455 Ἐπεὶ
1402 4404 1777 4477 ὁμολογοῦμέν
1810 4424 1872 4461 τε

290 4483 390 4536 καὶ
441 4486 813 4558 κηρύσσομεν,
861 4492 1143 4560 μεσιτείαν
1176 4494 1347 4566 αὐτὴν
1399 4497 1493 4550 καὶ
1532 4497 1872 4570 προστασίαν

2007 661 2220 716 ueteris
2263 662 2586 734 imaginibus
2649 667 2831 725 dicere
2895 671 3097 726 vellet?
3160 688 3367 743 quasve
3406 687 3587 731 tuente

2006 750 2225 805 molitur
2272 755 2747 814 machinationes?
2790 757 3058 815 Nimirum
3121 772 3408 832 postquam
3462 781 3584 833 por-

2007 848 2152 895 tenta
2173 843 2338 899 multa
2371 845 2712 919 iueptia'sque
2748 852 3010 907 adversus
3042 854 3138 909 Dei
3178 852 3340 910 Verbi
3400 858 3579 911 incur-

2003 934 2278 989 nationetn
2329 941 2691 1006 contexuerit,
2741 941 2809 996 ad
2857 944 3135 1000 vesaniam
3187 961 3340 1001 suam
3388 956 3577 1002 contra

2002 1035 2311 1081 sanctorum
2332 1027 2496 1083 etiam
2546 1042 2895 1088 monumenta
2940 1035 3103 1106 impie
3146 1041 3571 1107 expromendam

2001 1114 2380 1183 decursurum,
2420 1110 2525 1190 71
2556 1121 2767 1177 cunctis
2804 1132 2887 1178 est
2935 1126 3278 1195 exploratum
3337 1142 3353 1182 :
3412 1138 3576 1194 atque

2001 1206 2054 1261 in
2087 1207 2276 1277 primis
2304 1209 2567 1267 adversus
2600 1223 2912 1269 sanctorum
2947 1218 3277 1287 prmcipnam
3315 1227 3369 1273 et
3417 1234 3567 1273 crea-

2002 1307 2246 1354 turarum
2271 1299 2513 1356 omnium
2543 1305 2989 1363 sublimissimam
3020 1310 3303 1365 Dominam
3325 1320 3573 1368 uestram

1998 1390 2395 1446 sanctissimam
2455 1392 2547 1448 Dei
2590 1393 2814 1451 Matrem
2855 1398 2993 1468 (80),
3044 1410 3103 1455 ut
3155 1409 3209 1455 et
3245 1401 3417 1472 ipsam
3446 1417 3572 1455 eum

1998 1479 2134 1538 Filio
2161 1498 2260 1539 suo
2286 1485 2637 1544 contumeliis
2665 1490 2926 1562 exagitet.

2063 1767 2320 1835 Quaenam
2348 1785 2477 1827 vero
2505 1765 2614 1827 Deo
2637 1770 2854 1829 odihiiis
2881 1773 3167 1843 atheteque
3193 1771 3342 1827 illius
3374 1773 3570 1827 animte

1994 1862 2217 1916 consilia
2240 1863 2372 1929 sint,
2397 1879 2576 1934 opera:
2616 1867 2851 1935 pretium
2878 1876 2964 1923 est
2997 1881 3329 1939 cognoscere
3368 1884 3381 1921 :
3438 1882 3565 1920 num

1992 1952 2201 2007 scilicet
2244 1954 2334 2008 hic
2359 1969 2576 2026 quoque
2618 1956 3010 2027 indescriptum
3038 1968 3094 2014 et
3141 1959 3557 2014 incircumscri—

1993 2053 2140 2113 plutn
2160 2058 2423 2114 oggerere
2447 2046 2610 2114 velit;
2641 2047 2724 2102 vel
2742 2058 3057 2105 sanctorum
3085 2050 3564 2119 dnplicitatem,ex

1991 2135 2192 2190 deitate
2217 2136 2470 2190 nimirutn
2491 2146 2547 2191 et
2571 2138 2904 2194 humanitate
2921 2140 2947 2193 ἲ
2973 2138 3065 2194 Vel
3098 2140 3332 2194 fortasse
3370 2154 3557 2194 mente

1993 2224 2256 2288 revolvat,
2290 2226 2434 2295 quod
2465 2226 2583 2296 ejus
2617 2224 2917 2283 familiares
2963 2244 3028 2282 ac
3076 2228 3248 2283 duces
3279 2230 3327 2282 ei
3360 2228 3564 2292 amant,

1992 2332 2184 2388 nempe
2230 2325 2544 2374 sanctorum
2580 2333 2796 2389 quoque
2830 2319 3105 2389 duplicem
3149 2334 3272 2374 esse
3309 2323 3565 2376 substan-

1991 2406 2144 2471 tiam,
2172 2421 2236 2460 ex
2267 2405 2447 2460 anima
2472 2415 2527 2461 et
2546 2421 2810 2475 corpore;
2843 2424 2950 2478 quo
2985 2408 3082 2474 tit,
3132 2418 3190 2463 ut
3246 2409 3294 2464 si
3344 2410 3395 2463 hi
3435 2414 3556 2478 pin-

1988 2507 2204 2570 gantur,
2239 2497 2419 2553 anima
2445 2512 2660 2569 quoque
2693 2514 2813 2556 cum
2849 2500 2916 2556 iis
2935 2500 3248 2555 necessario
3291 2501 3561 2570 pingendi

1988 2592 2059 2646 sit
2084 2600 2138 2645 et
2154 2590 2454 2661 liguranda,
2493 2590 2577 2645 vel
2605 2601 2752 2647 certe
2783 2590 2870 2645 illa
2893 2607 2922 2646 a
2951 2606 3181 2659 corpore
3209 2593 3282 2648 sit
3306 2591 3561 2646 ablutura

1988 2693 2107 2748 qua:
2134 2677 2338 2747 jamdiu
2368 2692 2432 2733 ex
2464 2680 2651 2734 eodem
2697 2678 2955 2734 excessit.
3017 2680 3193 2747 Atque
3248 2680 3320 2733 ita
3362 2680 3559 2749 quibus

1990 2770 2203 2841 ineptiis
2231 2769 2533 2840 fabulisque
2556 2770 2701 2826 circa
2732 2769 2935 2825 Christi
2975 2770 3311 2841 ltypostasitn
3354 2772 3555 2826 abusus

1986 2870 2088 2927 est,
2130 2861 2348 2917 easdem
2378 2862 2521 2917 circa
2546 2871 2765 2916 sanctos
2788 2876 3004 2931 quoque
3032 2877 3165 2917 vane
3195 2861 3422 2918 eiiutict.
3451 2863 3560 2917 Sed

1987 2963 2247 3023 quantum
2271 2968 2336 3008 ex
2374 2954 2441 3008 iis
2469 2968 2590 3023 qua:
2616 2952 2755 3008 dixit
2784 2954 3004 3024 egitque
3041 2954 3404 3023 portenditur,
3440 2969 3559 3007 mo-

1987 3041 2202 3096 litiones
2227 3040 2342 3110 ejus
2367 3056 2697 3115 cognoscere
2735 3057 2841 3097 non
2877 3054 2959 3098 est
2988 3044 3240 3098 arduum.
3268 3040 3402 3096 Nam
3434 3044 3565 3112 quia

1988 3133 2121 3187 nihil
2141 3142 2224 3188 est
2260 3149 2487 3204 pravum
2528 3149 2593 3190 ac
2625 3135 2886 3204 impium,
2925 3135 3066 3205 quod
3123 3134 3387 3191 adversus
3418 3135 3557 3187 divi-

1988 3241 2112 3280 nam
2145 3226 2479 3295 majestatem
2522 3236 2852 3297 sanctosque
2900 3243 3008 3283 non
3045 3227 3118 3281 sit
3169 3228 3556 3292 machinatus;

1985 3316 2120 3370 nihil
2144 3316 2432 3373 scelestum
2465 3327 2519 3374 et
2567 3318 2847 3391 indignum
2880 3319 3024 3391 quod
3073 3319 3176 3374 hoc
3229 3319 3283 3372 iu
3342 3322 3558 3388 negotio

1983 3422 2090 3462 non
2120 3410 2548 3479 perpetraverit;
2576 3424 2810 3481 cumque
2841 3411 2975 3466 nihil
3022 3412 3141 3468 sine
3168 3412 3437 3479 vituperio
3495 3426 3560 3467 ac

1982 3500 2404 3568 reprehensione
2446 3500 2738 3556 insincera
2764 3512 2945 3557 nostra
2980 3502 3083 3559 lide
3116 3503 3435 3574 reliquerit,
3472 3502 3550 3556 id~
3607 3507 3613 3513 '

1981 3590 2129 3646 circo
2173 3591 2405 3661 primum
2451 3592 2666 3662 quidem
2717 3593 2971 3649 abdicare
3024 3596 3187 3649 audet
3231 3593 3552 3650 vocabulum

1981 3680 2234 3752 Deipara,
2269 3693 2436 3752 atque
2480 3685 2702 3739 omnino
2753 3699 2819 3740 ex
2859 3684 3299 3765 Christianorum
3355 3686 3556 3754 linguis

1979 3783 2255 3829 excutere.
2290 3774 2425 3830 Nam
2450 3777 2605 3832 valde
2646 3777 2904 3832 irascitur
2938 3791 3001 3832 ac
3054 3772 3435 3832 stomachatur
3490 3779 3555 3830 ad

1979 3862 2389 3930 ltttjusnominis
2420 3868 2839 3932 invocationem,
2871 3860 3013 3937 quod
3053 3878 3230 3920 tamen
3283 3866 3555 3922 Christia-

1980 3944 2063 4010 nis
2087 3966 2168 4010 est
2193 3954 2482 4020 familiare,
2522 3967 2577 4011 ct
2611 3958 2675 4013 de
2707 3973 2814 4027 quo
2849 3955 3062 4014 Judteos
3093 3959 3439 4028 indignantes
3481 3959 3557 4010 vi-

1977 4046 2187 4102 demus.
2247 4046 2451 4102 Deinde
2483 4048 2627 4103 delct
2681 4057 2736 4103 et
2778 4049 2964 4105 abolet
3002 4059 3342 4119 quacunque
3375 4049 3428 4103 in
3460 4066 3556 4101 no-

1978 4136 2122 4191 mine
2143 4138 2261 4207 ejus
2308 4136 2696 4205 itnplorantur,
2734 4154 2960 4208 qumque
2998 4141 3050 4194 in
3094 4138 3301 4195 litaniis
3337 4141 3402 4228 ad
3439 4141 3556 4209 ejus

1976 4219 2192 4288 Filium,
2230 4223 2594 4293 precibusque
2652 4234 2708 4280 et
2761 4227 2991 4282 canticis
3044 4227 3259 4283 assidue
3317 4219 3556 4282 clamant

1976 4328 2074 4383 pro
2107 4314 2379 4369 communi
2428 4314 2605 4371 salute
2642 4316 2679 4371 ii
2727 4319 2819 4388 qui
2867 4329 3049 4373 orant.
3099 4319 3552 4389 Quandoquidem

1975 4405 2296 4476 proﬁtemur
2323 4413 2381 4462 et
2424 4406 2789 4478 praedicamus
2848 4410 3221 4466 mediatricem
3273 4427 3394 4466 eam
3434 4428 3554 4467 esse

1977 4495 2319 4569 validamque
2352 4498 2491 4569 apud
2543 4498 2736 4553 Filium
2782 4511 3086 4570 patronam,
3114 4505 3182 4558 oh
3237 4518 3390 4557 suam
3444 4521 3555 4557 ma-

287 4575 510 4649 ἀσφαλῆ
562 4579 700 4651 πρὸς
759 4582 923 4636 αὐτὸν
975 4586 1299 4657 κεκτῆσθαι,
1366 4588 1432 4641 δι’
1470 4591 1538 4660 ἢν
1597 4593 1873 4663 μητρικὴν

1986 4588 2116 4642 terni
2154 4588 2330 4644 meriti
2357 4588 2760 4662 ﬁduciam(8|).
2804 4592 3048 4663 Denique
3094 4609 3285 4664 preces
3323 4594 3389 4647 ad
3430 4609 3549 4649 eaut

288 4669 608 4740 παρρησίαν
656 4671 792 4751 ἔχει.
842 4675 954 4729 Καὶ
990 4676 1179 4731 τέλεον
1225 4681 1325 4745 τὰς
1364 4680 1662 4752 πρεσόείας
1697 4684 1870 4755 αὐτῆς

286 4757 673 4827 ἀπαναίνεται,
718 4763 779 4829 ἐξ
808 4758 885 4819 ὧν
917 4769 1033 4830 τοῖς
1060 4768 1376 4840 δεχομένοις
1404 4772 1561 4828 αἰκία
1587 4773 1650 4827 οὐ
1692 4775 1869 4846 μικρὰ

285 4846 322 4917 ἢ
359 4847 485 4921 δίκη
509 4851 809 4926 ἐπήρτητο.
843 4857 953 4910 Καὶ
983 4857 1036 4910 τί
1068 4859 1174 4930 χρὴ
1206 4861 1273 4915 τὰ
1304 4862 1642 4919 καθέκαστον
1661 4865 1863 4936 λέγειν,

290 4939 432 5009 μηδὲ
493 4944 717 5015 μνήμην
780 4947 1035 5020 ὁπωσοῦν
1084 4951 1176 5003 τοῦ
1241 4952 1505 5023 ὀνόματος
1551 4956 1867 5025 ἐγγίνεσθαι

287 5030 547 5101 πώποτε;
576 5035 713 5108 Περὶ
744 5038 853 5111 γὰρ
883 5039 995 5092 τῶν
1041 5041 1216 5096 ἄλλων
1247 5043 1421 5112 ἁγίων
1450 5046 1502 5098 τί
1534 5046 1620 5100 δεῖ
1655 5049 1867 5121 μακρό-

284 5141 448 5194 τερον
495 5126 756 5192 διεξιέναι
806 5131 877 5185 τὰ
939 5132 1071 5199 vim;
1118 5136 1192 5189 Οὐ
1239 5136 1348 5207 γὰρ
1397 5137 1577 5208 λόγοις
1629 5141 1869 5213 ἁνιέροις

287 5215 645 5285 ὲκεραυλίζειν
688 5223 783 5276 καὶ
810 5223 1199 5282 ἀποσκώπτειν
1221 5228 1299 5292 ώς
1325 5229 1584 5301 αἴσχιστα
1619 5234 1868 5305 ἀποχρῆν

285 5310 539 5380 ἡγήσατο
571 5312 756 5382 μόνον,
793 5316 937 5370 αὐτὰ
961 5316 1019 5371 δὲ
1048 5319 1118 5372 τὰ
1155 5319 1276 5388 ἱερὰ
1298 5322 1391 5374 καὶ
1432 5323 1708 5389 σεδὰσμια
1742 5325 1866 5379 τού-

285 5414 398 5453 των
422 5400 668 5471 λείψανα,
684 5407 858 5475 πυρὸς
884 5408 1134 5479 δαπάνην
1161 5413 1432 5482 πεποίηκε
1450 5414 1544 5468 καὶ
1574 5417 1862 5486 ἀνάλωμα.

358 5499 420 5549 ε’.
468 5495 621 5549 Ἐπεὶ
646 5496 704 5550 δὲ
740 5498 888 5567 ἅπαξ
919 5501 1140 5575 Χριστῷ
1176 5504 1269 5556 καλ⁵
1310 5505 1659 5577 Χριστιανοίς
1689 5507 1862 5563 amat

355 5688 470 5773 (89)
498 5691 574 5746 De
609 5695 891 5773 vocabulis
919 5692 1259 5773 Θεοτόκοςοι
1288 5700 1591 5773 Θεομήτωρ
1626 5706 1768 5767 vide.
1800 5708 1843 5760 si

1976 4694 2197 4749 prorsus
2214 4681 2328 4737 ﬁeri
2360 4690 2541 4748 vetat,
2587 4699 2722 4755 quas
2749 4686 2793 4740 si
2825 4686 2918 4754 qui
2946 4686 3297 4743 nihilominus
3324 4688 3550 4750 faciunt,

1979 4790 2084 4831 non
2117 4773 2405 4830 mediocris
2430 4788 2590 4845 paena
2629 4786 2792 4845 atque
2843 4777 2977 4832 ultio
3029 4778 3378 4849 impendehit.
3424 4770 3552 4834 Sed

1975 4866 2106 4936 quid
2158 4880 2292 4937 opus
2339 4876 2425 4923 est
2470 4867 2682 4940 singula
2717 4868 2992 4938 persequi,
3039 4886 3162 4925 cum
3219 4886 3286 4924 ne
3350 4887 3546 4926 nomen

1974 4956 2194 5026 quidem
2248 4957 2390 5015 illius
2443 4948 2761 5014 memorari.
2789 4975 3014 5030 usquam
3058 4961 3228 5016 velit?
3256 4960 3375 5017 1am
3403 4975 3457 5014 et
3487 4964 3555 5017 de

1974 5048 2188 5103 caeteris
2216 5049 2420 5106 sanctis
2456 5065 2553 5108 cur
2580 5052 2632 5106 in
2658 5051 2913 5124 praesenti
2949 5052 3276 5121 loquendum
3299 5053 3551 5107 εἰιῖΝοιι

1974 5139 2119 5194 enim
2149 5155 2244 5196 eos
2261 5143 2536 5214 sacrilegis
2575 5146 2951 5200 tantummodo
2986 5147 3165 5201 verbis
3198 5161 3458 5214 spernere
3497 5158 3554 5201 et

1980 5229 2207 5286 irridere
2234 5234 2538 5303 turpissime
2560 5246 2849 5291 contentus
2889 5236 2991 5290 fuit
3014 5275 3032 5301 ,
3066 5237 3160 5292 sed
3194 5238 3337 5305 ipsas
3360 5252 3548 5293 sacras

1975 5326 2420 5394 venerantlasque
2452 5326 2662 5380 illorum
2693 5327 2950 5398 reliquias
2982 5329 3034 5384 in
3062 5329 3239 5398 ignem
3269 5330 3544 5397 eonjeetas

1971 5417 2327 5484 conSIttnpsit.
3006 5415 3013 5419 θ
3160 5438 3163 5443 ’

2041 5508 2095 5563 5.
2128 5507 2415 5580 Postquam
2460 5528 2588 5566 vero
2635 5514 2804 5569 semel
2861 5515 3078 5572 Christo
3130 5526 3184 5570 et
3216 5514 3545 5573 Christianis

2033 5705 2145 5791 (Si)
2181 5707 2378 5791 Recole
2418 5725 2447 5791 ξι
2482 5713 2637 5791 nobis
2688 5715 2926 5791 dictauin
2982 5715 3164 5771 adnot.
3220 5718 3289 5773 ad
3349 5715 3545 5791 Antir-

799 5764 1269 5853 -alio‘_volutnin‘e
1296 5764 1414 5852 .nos
1461 5764 1847 5853 adnotavimus

1987 5764 2223 5834 hette'tttn
2257 5780 2295 5844 ι,
2330 5780 2453 5849 (col.
2488 5784 2612 5848 217,
2652 5795 2761 5838 not.
2799 5784 2905 5853 ll).

285 5830 352 5885 ad
379 5834 553 5887 sancti
587 5831 772 5904 Cyrtlii
798 5844 1089 5891 [raetatutn
1114 5840 1177 5893 de
1219 5841 1439 5909 Dcipztt‘a
1470 5857 1523 5909 p.
1569 5844 1685 5899 ιυο.
