4086 6344
209 385 330 453 345

946 392 1572 454 ANTIRRHETICUS
1622 395 1681 455 II
1734 396 1904 458 ADV.
1944 399 2541 464 CONSTANTINUM
2579 404 2795 465 COPR.

3396 404 3502 468 3l6

210 500 433 567 κότων,
461 501 562 556 καὶ
588 501 801 565 πολλοῖς
823 501 1280 574 ἀνδραγαθήμασι
1315 503 1412 557 καὶ
1439 504 1813 572 ἀγωνίσμασιν

1929 507 2116 574 minla,
2148 518 2411 579 quantum
2440 513 2500 569 .in
2525 513 2644 582 ipso
2674 510 2797 578 luit,
2825 521 2880 568 et
2919 512 3143 568 infamia
3173 514 3375 568 obruit.
3413 514 3505 568 Ηερ

210 592 669 663 ὲμπρεψάντων,
709 593 805 647 καὶ
850 592 929 665 τῷ
961 594 1291 666 μαρτυρικῷ
1335 595 1480 648 τέλει
1520 596 1619 666 τὴν
1673 593 1823 666 ζωὴν

211 684 740 755 παραμειψάντων,
780 685 857 749 ὡς
905 680 1019 739 οἷόν
1047 703 1106 739 τε
1152 681 1223 756 ἦν
1253 685 1428 755 αύτῷ,
1467 686 1530 740 eo
1563 686 1824 749 δυσκλεὲς

214 775 531 847 καταχέειν
561 778 659 831 καὶ
679 777 885 843 ἄδοξον.
910 777 1155 832 Τοιαῦτα
1182 772 1251 849 ἦν
1276 778 1427 848 αὐτῷ
1447 776 1518 831 τὰ
1541 778 1686 832 κατὰ
1712 772 1823 831 τῶν

216 866 413 935 ἁγίων
439 866 839 938 νεανιεύματα,
862 867 1094 923 τοιαῦτα
1123 869 1304 922 καὶτὰ
1341 869 1484 922 κατὰ
1513 868 1622 924 τῶν
1657 864 1822 923 ὁσίῶν

213 959 753 1030 ἀνοσιουργήματα,
785 958 993 1030 ταύτην
1022 959 1124 1030 τῆς
1154 961 1235 1022 εἰς
1257 961 1352 1013 τὸν
1375 959 1488 1031 βίον
1517 959 1821 1031 εὐημερίας

210 1047 325 1119 τὴν
352 1048 445 1112 είς
484 1046 626 1103 Θεὸν
647 1048 746 1103 καὶ
773 1051 907 1115 τοὺς
933 1050 1126 1120 ἁγίους
1162 1049 1345 1122 ῦδριν,
1373 1051 1648 1107 ἀντίδοσιν
1678 1052 1822 1121 ἡγη-

215 1140 488 1211 σαμὲνῳ.
525 1142 777 1213 Παρίημι
823 1142 1006 1212 λέγειν
1053 1143 1123 1198 τά
1169 1142 1267 1198 νῦν
1299 1144 1403 1198 ὅσα
1437 1144 1536 1199 καὶ
1586 1137 1677 1198 οἷα
1720 1140 1819 1197 τοῦ

211 1230 604 1297 εὐαγγελικοῦ
632 1232 994 1303 κηρύγματος
1028 1232 1481 1303 κατεφλυάρησε,
1511 1232 1605 1286 καὶ
1637 1232 1820 1285 πᾶσαν

212 1321 602 1393 εύαγγελικὴν
623 1323 901 1378 πολιτείαν
923 1323 1208 1392 διέπτυσε,
1235 1324 1332 1377 καὶ
1358 1323 1497 1394 πρὸς
1524 1322 1587 1376 τὸ
1614 1323 1819 1376 οἰκεῖον

209 1411 483 1482 ἐμπαθὲς
534 1414 626 1467 καὶ
673 1413 949 1485 μοχθηρὸν
981 1413 1198 1485 θέλημα
1245 1414 1338 1469 τὸν
1369 1413 1480 1469 τῶν
1513 1412 1820 1484 ἀνθρώπων

212 1500 339 1571 βίον
398 1501 879 1575 μεταρῤυθμίζειν
923 1504 1265 1569 ισπούδαζεο
1321 1502 1556 1558 τοιοῦτοί
1593 1506 1731 1558 εἰσιν
1767 1506 1818 1559 οί

212 1591 453 1656 σκοποὶ,
491 1590 569 1655 ὡς
624 1594 683 1646 ὲν
724 1592 920 1665 βραχεῖ
976 1596 1358 1666 παραστῆσαι,
1393 1594 1489 1659 οὓς
1547 1596 1819 1667 προάγειν

210 1683 530 1753 ὑπέσχετο,
560 1685 629 1739 τά
651 1703 712 1739 τε
738 1686 1078 1758 διανοήματα
1099 1688 1197 1742 καὶ
1224 1687 1589 1758 βουλεύματα,
1611 1687 1648 1743 ἃ
1676 1688 1818 1743 κατά

207 1776 318 1844 τῆς
358 1774 647 1840 ἀπλανοῦς
670 1776 830 1846 ἡμῶν
847 1778 1087 1843 πίστεως
1106 1779 1202 1833 καὶ
1229 1779 1682 1850 άγγελομιμήτου
1706 1778 1817 1833 τῶν

1924 599 2145 657 fuerunt
2163 601 2432 671 iuveniles
2467 604 2586 674 ejus
2619 603 2884 660 adversus
2910 614 3131 660 sanctos
3169 606 3503 674 petulantiae.

1925 688 2039 743 brec
2070 689 2234 760 impia
2264 690 2527 747 adversus
2546 690 2726 759 iustos
2759 691 3026 757 facinora,
3063 694 3203 749 hanc
3242 693 3507 763 judicavit

1923 777 2102 835 facere
2131 780 2653 848 remunerationem,
2684 795 2781 852 pro
2821 795 2921 837 sua
2971 782 3131 850 hujus
3159 782 3282 837 vitae
3329 780 3504 837 fclici-

1924 878 2055 936 tate,
2090 869 2145 924 in
2180 870 2346 929 Deum
2388 871 2600 927 scilicet
2650 881 2705 928 et
2747 884 2965 930 sanctos
3024 873 3301 943 iniuriam.
3351 874 3507 931 Mitto

1924 975 2070 1018 nunc
2119 963 2302 1019 dicere
2354 973 2487 1034 quot
2544 974 2858 1035 quantaque
2895 976 3084 1021 contra
3135 966 3502 1037 evangelicam

1920 1051 2627 1123 doctrinam-iusauiverit,
2675 1066 2733 1110 ut
2781 1056 3151 1127 erangelicam
3201 1067 3368 1112 totam
3420 1058 3503 1111 riu

1924 1152 2032 1199 tam
2056 1143 2352 1214 despuerit,
2391 1153 2554 1214 atque
2581 1138 2648 1200 ad
2681 1161 2836 1202 suam
2863 1146 3137 1202 carnalem
3168 1145 3503 1215 improbam-

1920 1247 2026 1304 que
2054 1234 2386 1290 voluntatem
2427 1250 2607 1291 mores
2651 1236 2929 1291 hominum
2970 1238 3287 1305 pertrahere
3332 1252 3503 1291 cona-

1922 1334 2009 1380 tus
2032 1324 2125 1381 sit.
2159 1323 2284 1381 Haec
2305 1335 2430 1381 sunt
2463 1326 2761 1392 molimina,
2795 1337 2851 1381 ut
2885 1328 3120 1383 breviter
3150 1328 3347 1390 dicam.
3383 1341 3502 1396 qua:

1919 1416 2369 1487 deprompturum
2419 1432 2480 1473 se
2538 1419 2922 1485 promittebat;
2976 1420 3056 1474 ha
3110 1428 3238 1474 sunt
3300 1418 3500 1472 ruentis

1920 1508 2307 1577 conceptioues
2336 1525 2401 1565 ac
2449 1509 2895 1574 deliberationes,
2932 1526 3073 1580 quas
3119 1509 3383 1563 adversus
3410 1508 3499 1561 iit-

1920 1597 2198 1655 fallibilem
2219 1609 2460 1655 nostram
2493 1600 2677 1665 iidem,
2707 1613 2761 1655 ct
2795 1593 3110 1670 angelo?um
3148 1597 3499 1658 imitatricem

1919 1689 2354 1746 Christianorum
2395 1691 2560 1747 vitatu
2621 1693 2709 1747 hic
2757 1691 2961 1747 Christi
3021 1690 3194 1746 hostis
3238 1688 3502 1744 molieba-

1922 1790 2028 1836 tur.
2062 1783 2168 1837 Sed
2187 1781 2300 1852 jam
2336 1783 2460 1838 belli
2489 1792 2680 1839 contra
2717 1793 2959 1845 sanctos,
2993 1783 3087 1851 qui
3148 1781 3434 1834 Dominum
3470 1797 3501 1834 a

205 1867 585 1936 Χριστιανῶν
598 1868 878 1932 πολιτείας
894 1869 1299 1942 Χριστομαχῶν
1317 1871 1653 1926 ὲτέκταινεν.
1672 1870 1813 1924 Ἀλλ’

1922 1872 2122 1926 szeculo
2153 1874 2205 1926 in
2246 1881 2393 1926 terra
2421 1872 2862 1943 glorificaverunt
2884 1914 2899 1938 ,
2936 1874 3025 1926 hic
3058 1871 3180 1925 linis
3213 1871 3320 1936 sit;
3350 1867 3501 1939 ejus-

205 1959 238 2008 ὀ
272 1960 391 2026 μὲν
440 1958 587 2012 κατὰ
630 1958 741 2012 τῶν
787 1961 960 2029 ἁγίων
1000 1962 1240 2033 πόλεμος
1284 1963 1393 2015 τῶν
1421 1963 1515 2016 ἐπὶ
1567 1963 1670 2032 γῆς
1719 1963 1815 2016 ἀπ’

206 2048 431 2111 αἰῶνος
461 2048 799 2126 δοξαζόγτων
822 2050 917 2103 τὸν
932 2051 1161 2120 Κύριον,
1184 2050 1420 2105 ἐνταῦθα
1435 2051 1814 2118 καταλυέσθω,

207 2142 317 2192 καὶ
384 2142 436 2194 οἱ
482 2142 678 2195 σκοποὶ
713 2140 809 2206 οὓς
844 2147 1185 2214 προαγαγεῖν
1207 2144 1479 2215 ,ἀσκόπως
1511 2146 1607 2198 καὶ
1636 2143 1816 2207 ἀθέως

208 2231 402 2297 εδοξε,
439 2234 884 2305 παρατηρήσεως
913 2234 1014 2301 τῆς
1058 2235 1309 2289 ὁπωσοῦν
1355 2235 1508 2299 ἄνευ,
1546 2235 1641 2289 καὶ
1685 2236 1817 2298 τοὺς

210 2323 407 2385 θείους
458 2322 640 2377 αὐτῶν
681 2326 884 2388 ο”’κους.
921 2326 1147 2389 καὶτὰς
1193 2325 1347 2396 ἱερὰς
1376 2324 1559 2379 αὐτῶν
1596 2326 1817 2396 μνήμας

210 2414 595 2485 καθυϐρίσας,
652 2415 808 2479 τέλος
855 2415 1152 2486 ἐχέτωσαν.
1191 2410 1362 2480 Οὗτος
1415 2415 1473 2470 δὲ
1524 2416 1600 2476 ὡς
1644 2415 1817 2486 μικρὰ

210 2503 606 2576 κατορθωκὼς
633 2504 745 2559 τῶν
780 2505 1200 2575 σκοπουμένων,
1221 2506 1317 2560 καὶ
1353 2496 1573 2576 μεγάλα
1603 2501 1819 2573 ζημιω-

215 2598 491 2668 σόμενος,
514 2598 563 2650 εί
585 2597 749 2671 μέχρι
768 2596 962 2651 τούτου
986 2598 1170 2669 σταίη,
1193 2596 1572 2669 ιχαλὲπαινεν,
1590 2589 1649 2649 εῦ
1675 2588 1814 2659 οἶδα,

214 2689 266 2740 εί
301 2687 389 2758 μὴ
426 2689 525 2742 καὶ
561 2691 673 2753 τοῖς
700 2688 1050 2760 λειπομένοις
1072 2687 1317 2745 ἐπέλθοι.

289 2780 368 2845 ζ’.
397 2781 470 2832 Τί
500 2780 609 2851 γὰρ
652 2779 823 2851 ἔφησε
858 2781 987 2851 περὶ
1029 2780 1140 2834 τῶν
1165 2780 1289 2835 κατ’
1340 2778 1609 2851 οὐρανοὺς
1639 2776 1814 2848 ἁγίων

216 2875 319 2926 καὶ
357 2869 756 2942 ὑπερκοσμίων
794 2869 1114 2942 δυνάμεων;
1152 2871 1309 2933 Τίνες
1336 2870 1432 2925 καὶ
1458 2872 1630 2924 ὁποῖοι
1666 2868 1816 2941 αὐτῷ

217 2963 268 3015 οἱ
302 2961 514 3015 σκοποὶ
545 2958 639 3024 οὓς
696 2959 960 3031 προάγειν
998 2959 1276 3023 ἐϐούλετο,
1329 2958 1399 3012 δι’
1432 2951 1508 3012 ὧν
1554 2958 1650 3012 καὶ
1713 2957 1815 3029 τὴν

218 3053 446 3117 τούτοις
482 3053 842 3123 ἐξεργάσαιτο
868 3051 1253 3125 παρανομίαν;
1285 3050 1474 3114 ποίους
1498 3050 1815 3123 φληνάφους

220 3145 320 3199 καὶ
369 3144 759 3215 τερατολογίας
801 3143 1046 3217 ἐξευρεῖν
1088 3143 1226 3215 πρὸς
1264 3141 1585 3213 δυσφημίαν
1632 3139 1813 3193 αὐτῶν

1920 1977 2023 2032 que
2040 1963 2267 2019 consilia
2304 1980 2424 2032 quae
2447 1963 2754 2020 inconsulto
2778 1975 2832 2019 et
2864 1964 3165 2032 irreligiose
3199 1963 3502 2031 producere

1918 2054 2153 2116 volebat.
2188 2055 2306 2110 sine
2355 2056 2462 2110 ullo
2501 2064 2775 2123 respectu,
2814 2055 3153 2111 venerandas
3182 2063 3499 2109 sanctorum

1918 2162 2212 2218 sacrasque
2260 2148 2554 2203 memorias
2598 2148 2996 2203 contumeliose
3038 2146 3358 2209 tractando,
3405 2147 3500 2200 de—

1920 2252 2068 2293 mum
2121 2236 2389 2291 desinant.
2450 2234 2546 2291 Ille
2593 2246 2772 2292 autem
2833 2252 3002 2307 pauca
3065 2252 3096 2291 e
3143 2236 3328 2290 multis
3376 2250 3499 2305 quas

1918 2328 2100 2383 animo
2125 2328 2493 2384 destinaverat
2522 2340 2851 2395 exsecutus,
2914 2343 3217 2399 magnaque
3278 2328 3499 2401 insuper

1918 2421 1962 2474 si
1996 2420 2202 2475 diutius
2232 2420 2475 2475 stetisset
2499 2419 2832 2477 detrimenta
2862 2420 3148 2483 illaturus.
3183 2421 3301 2474 sine
3332 2418 3498 2472 dubio

1916 2525 2062 2582 aegre
2109 2509 2282 2567 ferret
2327 2511 2373 2566 si
2424 2512 2671 2579 viveret,
2718 2512 2825 2568 nisi
2878 2523 2934 2568 et
2987 2510 3193 2581 reliqua
3243 2525 3500 2567 consum-

1918 2609 2145 2657 masset.

1987 2787 2039 2841 'l.
2073 2785 2212 2853 Quid
2252 2786 2399 2841 enim
2453 2786 2521 2841 de
2556 2785 2870 2842 cmlestibus
2923 2786 3154 2842 dixisset
3184 2785 3389 2841 sanctis
3434 2799 3499 2840 ac

1917 2876 2379 2947 supramnudauis
2414 2877 2712 2947 potentiis?
2734 2876 2889 2944 Quod
2929 2892 3101 2945 genus
3142 2875 3372 2931 fuissent
3402 2876 3500 2928 de-

1918 2968 2269 3024 liberatioucs
2330 2967 2484 3035 ejus,
2533 2983 2670 3037 quas
2722 2976 2841 3043 erat
2892 2967 3223 3037 prolaturns,
3280 2976 3341 3021 ut
3390 2965 3499 3020 illis

1915 3060 2077 3115 etiam
2124 3061 2400 3130 negotium
2451 3059 2635 3129 inique
2690 3058 3028 3114 lacesseret?
3073 3059 3261 3127 quales
3325 3072 3499 3124 nugas

1918 3160 2080 3220 atque
2148 3152 2456 3220 praestigias
2537 3150 2855 3205 adinveuire
2909 3150 2978 3205 oh
3037 3149 3316 3204 infamiam
3392 3149 3499 3203 illis

220 3234 739 3305 ἑκμηχανὼμενοςς
776 3236 932 3290 Ἐπεὶ
964 3234 1116 3306 αὐτῷ
1138 3236 1330 3306 καιρὸς
1359 3236 1544 3289 ἀνεῖτο
1572 3231 1811 3288 διασκώ-

1918 3241 2305 3312 aspergendam
2342 3240 2447 3311 73
2477 3241 2753 3295 curasset?
2784 3240 3049 3309 Quoniam
3082 3240 3131 3295 ei
3160 3241 3374 3294 occasio
3414 3239 3497 3293 l'a-

222 3343 392 3380 πτειν
424 3326 523 3380 καὶ
576 3327 889 3396 περαίνειν,
925 3326 989 3380 τδ
1039 3326 1456 3399 ἀπερίγραπτον
1507 3325 1812 3398 ἐπιγράψαι

221 3421 343 3482 τοῖς
387 3418 649 3487 ἀγγέλοις
692 3422 1016 3491 προήγαγεο
1074 3419 1239 3489 δῆλον
1284 3421 1447 3474 παντὶ
1479 3420 1508 3473 ὃ
1543 3420 1609 3492 δὴ
1659 3420 1812 3490 φίλον

222 3509 381 3579 αὑτῷ
413 3510 513 3565 καὶ
545 3510 800 3580 σύνηθες,
827 3511 923 3565 καὶ
961 3514 1028 3583 τῇ
1074 3511 1205 3585 δόξῃ
1237 3514 1303 3582 τῇ
1333 3512 1588 3565 δυσσεϐεῖ
1627 3529 1814 3567 συναι-

227 3600 485 3670 ρόμενον.
528 3598 1005 3670 ’Δπεριγράπτους
1034 3601 1144 3673 γάρ
1183 3601 1250 3656 ἄν
1302 3618 1389 3664 τις
1422 3601 1620 3664 αὐτοὺς
1651 3602 1809 3672 φαίη,

224 3688 349 3743 ἀλλ’
391 3690 457 3743 οὐ
510 3691 725 3758 πάντηο
766 3689 847 3761 τῷ
890 3685 1097 3762 ἧρχθαι
1165 3690 1274 3761 γὰρ
1348 3690 1810 3763 περιγράφονται,

224 3782 466 3854 ἐπείπερ
495 3784 589 3838 καὶ
611 3785 767 3839 αὐτοὶ
792 3782 890 3838 τοῦ
920 3779 1061 3838 εἶναι
1090 3783 1347 3855 ἢρξαντο.
1379 3782 1447 3837 ’0
1475 3782 1531 3836 δὲ
1555 3782 1648 3836 τοῦ
1672 3778 1812 3836 εἶναι

220 3874 482 3927 ὁπωσοῦν
536 3873 767 3946 ἦρξατο,
809 3875 1161 3947 περιγραφῆς
1217 3874 1280 3928 ού
1324 3873 1558 3943 πάμπαν
1592 3872 1810 3926 ἐλεύθε-

224 3982 325 4034 ρον
345 3980 359 3994 ο
384 3964 482 4017 καὶ
511 3966 793 4036 κτίσματά
814 3982 878 4036 γε
900 3966 1076 4029 ὄντες,
1113 3964 1218 4018 ὑπὸ
1252 3965 1346 4019 τοῦ
1376 3964 1675 4027 κτίσαντος
1705 3962 1815 4033 ὁρί-

223 4055 438 4118 ζονται.
489 4056 651 4109 Ἀλλά
685 4056 792 4128 μὴν
837 4057 933 4111 καὶ
990 4056 1294 4126 καταλήψει
1344 4055 1807 4125 περιγράφονται.

222 4147 383 4202 Καθδ
416 4146 527 4219 γάρ
580 4149 700 4211 νόες
738 4150 865 4214 εἰσὶ,
912 4150 1263 4203 κοινωνοῦσιν
1294 4147 1547 4217 ἀλλήλοις
1580 4145 1711 4216 περὶ
1742 4145 1812 4200 τὰ

220 4242 502 4315 νοήματα,
533 4241 629 4294 καὶ
660 4240 760 4310 τὴν
785 4242 949 4311 φύσιν
982 4242 1077 4295 ἐπὶ
1107 4241 1277 4294 ποσὸν
1302 4239 1552 4311 ἀλλήλων
1580 4238 1765 4292 ἴσασιν
1792 4253 1806 4270 ο

222 4315 282 4381 ἓν
315 4331 429 4400 γάρ
457 4325 597 4393 εἶδος
625 4332 982 4402 περιγραφῆς
1016 4330 1113 4385 καὶ
1142 4332 1175 4402 ἡ
1221 4329 1551 4401 κατάληψις.
1584 4330 1723 4393 Νόες
1749 4329 1809 4383 δὲ

220 4424 400 4484 ὄντες,
441 4424 536 4475 καὶ
564 4425 623 4475 ἐν
653 4423 841 4486 τόποις
870 4426 1083 4494 νοητοῖς
1130 4424 1273 4476 είσιν
1293 4438 1308 4452 ⁸
1361 4423 1424 4475 οὐ
1471 4426 1579 4494 μήν
1608 4438 1673 4486 γε
1704 4439 1811 4476 σω-

1915 3334 2073 3388 vehat
2096 3333 2315 3402 jocaudi
2370 3344 2428 3388 et
2472 3332 2809 3404 propositum
2845 3347 3002 3388 suum
3052 3332 3493 3394 consummandi,

1916 3422 2533 3495 incircumscripti'ouetn
2561 3424 2768 3495 angelis
2798 3440 3016 3499 quoque
3045 3426 3348 3480 attribucre
3395 3440 3496 3493 ag-

1914 3534 2134 3587 gressus
2164 3517 2389 3584 luisset;
2422 3518 2565 3587 quod
2603 3531 2764 3570 nemo
2801 3532 2907 3571 nou
2948 3516 3095 3570 videt
3122 3524 3335 3585 gratum
3394 3515 3495 3584 ipsi

1915 3609 2154 3665 futurum
2182 3610 2348 3665 fuisse
2372 3618 2427 3664 et
2452 3621 2774 3664 consuetum
2805 3608 3093 3678 impia-que
3126 3623 3237 3662 sua:
3271 3592 3498 3662 senten-

1915 3702 2003 3756 tite
2034 3702 2407 3756 suliserviens.
2436 3697 2682 3769 Namque
2719 3698 2944 3767 angelos
2981 3696 3493 3766 incircumscriptos

1913 3795 2057 3848 dicet
2085 3793 2302 3862 quidem
2336 3792 2558 3858 aliquis,
2593 3791 2689 3846 sed
2721 3806 2825 3844 nou
2856 3790 3115 3855 omnino;
3144 3789 3343 3843 etenim
3378 3789 3491 3841 ori-

1913 3885 2038 3955 gine
2081 3892 2233 3937 certe
2262 3882 2810 3946 circumscribuutur,
2836 3884 2963 3952 quia
2996 3891 3050 3936 et
3079 3881 3179 3949 ipsi
3208 3889 3493 3946 coeperunt

1896 3976 2200 4031 exsistere.
2242 3974 2396 4040 Quod
2423 3959 2601 4028 autem
2626 3973 3115 4043 quomodocuuque
3146 3987 3268 4025 esse
3303 3971 3489 4036 cmpit,

1914 4084 2018 4122 non
2051 4066 2279 4122 omnino
2309 4065 2828 4130 circumscriptione
2879 4074 3066 4129 caret;
3108 4077 3341 4132 cumque
3385 4062 3495 4116 sint

1910 4169 2199 4223 creaturae,
2233 4172 2263 4211 a
2300 4155 2571 4211 Creatore
2606 4154 2931 4209 limitantur.
2986 4153 3099 4209 lmo
3134 4154 3296 4207 etiam
3334 4153 3494 4207 intel—

1912 4247 2125 4303 lectuali
2148 4247 2641 4316 comprehensione
2687 4246 2970 4301 liniuntur.
3017 4248 3300 4312 Quatenus
3346 4244 3493 4297 enim

1912 4348 2120 4394 mentes
2160 4347 2324 4405 sunt,
2384 4338 2797 4394 communicant
2851 4340 2993 4393 inter
3034 4353 3094 4392 se
3132 4336 3492 4406 cogitationes

1909 4446 2060 4497 suas,
2083 4439 2438 4500 mutuamque
2459 4440 2710 4485 naturam
2733 4430 3079 4501 aliquatenus
3106 4439 3333 4483 noscunt
3351 4429 3486 4499 (84);

225 4512 478 4582 ματικῶς
504 4514 538 4583 ἦ
593 4512 868 4584 αἰσθητῶς
899 4515 1201 4584 ὁρίζονται.
1255 4515 1518 4583 Σῶματος
1564 4516 1675 4585 γὰρ
1706 4515 1808 4568 οὐκ

1914 4538 2075 4593 porro
2105 4524 2377 4593 quoddam
2408 4522 2937 4593 circumscriptionis
2969 4536 3174 4593 genus,
3200 4532 3284 4577 est
3325 4522 3488 4575 etiam

221 4606 403 4669 ὄντος,
433 4607 532 4659 καὶ
567 4606 656 4685 διὰ
680 4606 839 4660 τοῦτο
869 4608 991 4661 οὐδὲ
1022 4609 1302 4679 σχήματος
1330 4608 1453 4661 οὐδὲ
1480 4607 1650 4674 ὄγκου
1680 4606 1805 4659 οὔτε

220 4698 395 4752 τύπου
446 4698 785 4769 σωματικοῦ,
819 4701 1047 4762 εἰκότως
1098 4700 1221 4753 οὐδὲ
1265 4701 1323 4752 ὲν
1359 4699 1514 4769 τόπῳ
1561 4698 1807 4770 αἰσθητῷ

225 4789 749 4861 περισχεθήσονται.
795 4791 935 4844 Ἀλλ’
962 4794 1028 4848 οὐ
1073 4794 1204 4863 περὶ
1233 4791 1424 4845 τούτου
1461 4791 1556 4845 νῦν
1585 4792 1716 4861 ἡμῖν
1746 4791 1806 4844 τὸ

116 4882 129 4895 ⁸
220 4880 613 4951 προκείμενον.
666 4882 739 4935 Οὐ
776 4883 886 4954 γὰρ
936 4884 987 4937 εί
1036 4884 1491 4955 περιγράφονται,
1530 4885 1562 4953 ἦ
1601 4886 1696 4955 μὴ,
1745 4884 1806 4937 τὸ

222 4971 625 5042 σκοπούμενον,
666 4972 784 5027 ἀλλ’
830 4975 881 5027 εί
931 4974 1235 5046 γράφονται
1278 4975 1374 5027 καὶ
1424 4974 1802 5039 εἰκονίζονται.

220 5063 351 5116 Δέον
380 5062 493 5133 γάρ
528 5062 763 5119 ἐνταῦθα
802 5064 902 5129 τὰς
950 5064 1146 5135 κυρίας
1174 5065 1402 5119 τουτωνὶ
1449 5065 1560 5119 τῶν
1610 5065 1805 5135 φωνῶν

225 5155 749 5225 μεταχειρίσασθαι·
819 5157 961 5220 ὅσως
1007 5157 1117 5229 γάρ
1162 5158 1408 5229 διαφέρει
1460 5158 1561 5229 τῆς
1610 5159 1805 5229 ἑτέρας

224 5246 484 5318 ἑκατέρα,
523 5245 720 5318 βραχεῖ
759 5247 988 5319 ὕστερον
1023 5250 1325 5320 εἰρήσεται.

292 5514 362 5587 η’.
423 5518 532 5570 Καὶ
561 5517 737 5589 τούτῳ
776 5519 875 5589 μὲν
904 5521 930 5572 ὁ
957 5519 1112 5587 λόγος
1143 5521 1199 5572 ὲν
1233 5520 1473 5591 σχήματι
1523 5521 1615 5574 καὶ
1660 5521 1795 5575 ὑπο-

226 5610 402 5681 κρίσει
453 5612 747 5682 προήγετο,
800 5611 1161 5683 πλαττομένῳ
1212 5612 1288 5677 ὡς
1344 5612 1411 5667 ἂν
1460 5613 1631 5682 δόξειε
1686 5616 1801 5679 τοῖς

296 5737 410 5818 (84.)
434 5739 566 5818 _lla_c
590 5757 761 5818 super
791 5760 849 5818 re
881 5744 1153 5816 elegantes
1174 5747 1379 5818 aliquot
1413 5750 1787 5807 meditationes

1911 4615 2347 4682 comprehensio.
2375 4615 2626 4686 .Cnmque
2652 4616 2767 4669 sint
2794 4624 3022 4681 mentes,
3058 4615 3111 4670 iu
3141 4614 3489 4670 intellectua-

1908 4705 2050 4758 lihus
2076 4705 2210 4759 locis
2247 4714 2417 4769 sunt,
2455 4706 2598 4758 haud
2635 4720 2762 4759 vero
2789 4706 3150 4774 corporaliter
3191 4715 3283 4760 aut
3316 4706 3491 4760 sensi-

1908 4795 2088 4849 biliter
2132 4795 2456 4849 Iintituntttr.
2523 4795 2654 4850 Sine
2702 4809 2935 4864 corpore
3004 4804 3220 4859 autem,
3259 4796 3492 4865 ideoque

1906 4888 2024 4943 sine
2066 4888 2261 4956 lignra,
2296 4886 2414 4942 sine
2460 4886 2637 4954 mole,
2684 4887 2805 4943 sine
2852 4886 3021 4941 forma
3052 4903 3336 4958 corporea,
3376 4904 3492 4943 me-

1906 4978 2013 5031 rito
2040 4991 2107 5031 ne
2134 4977 2253 5032 loco
2284 4976 2503 5046 quidem
2543 4974 2789 5031 sensibili
2817 4977 3192 5031 continentur.
3233 4976 3339 5032 Sed
3375 4977 3490 5032 lucc

1906 5080 2059 5124 extra
2095 5070 2430 5138 propositum
2480 5078 2725 5123 nostrum
2777 5077 2926 5124 sunt.
2977 5067 3094 5124 Non
3134 5069 3279 5124 enim
3308 5078 3487 5122 utrum

1905 5158 2451 5222 circumscribautur,
2479 5173 2549 5211 an
2582 5173 2762 5222 secus,
2799 5174 2946 5213 nunc
2968 5173 3249 5219 curamus,
3287 5158 3382 5211 sed
3417 5174 3485 5212 an

1908 5250 2052 5320 pingi
2083 5264 2147 5303 ac
2187 5249 2401 5319 ﬁgurari
2433 5261 2659 5318 queant.
2689 5251 2944 5317 Oportuit
2988 5261 3172 5305 autent
3221 5251 3323 5303 hoc
3368 5249 3488 5303 loco
3548 5270 3553 5275 ·

1907 5341 2224 5411 principalia
2262 5357 2438 5394 rerum
2473 5342 2665 5396 harum
2705 5359 2970 5414 usurpare
3008 5341 3308 5402 vocabula;
3354 5356 3478 5410 qua:

1908 5443 2174 5502 quatenus
2226 5433 2366 5486 inter
2392 5449 2449 5487 se
2478 5434 2752 5497 dill'eruut,
2786 5436 2946 5504 paulo
2997 5443 3119 5502 post
3150 5435 3382 5487 dicetur.

1979 5525 2032 5580 8.
2072 5525 2134 5578 Et
2162 5523 2439 5580 Mamonas
2478 5528 2694 5595 quidem
2723 5542 3006 5583 sermones
3046 5542 3176 5582 suos
3235 5542 3354 5581 cum
3404 5525 3481 5580 si-

1911 5614 2210 5673 mulatione
2271 5616 2657 5688 hypocrisique
2712 5617 3010 5673 etlcrcbat.
3089 5617 3226 5672 dans
3288 5616 3484 5673 callide

1901 5751 2257 5824 Vatirauoiu
2282 5753 2407 5811 adn.
2463 5752 2527 5810 ad
2557 5753 2687 5811 'Cic.
2740 5752 2815 5810 De
2869 5769 2977 5824 rep.
3016 5750 3129 5807 AA;
3165 5751 3328 5809 class.
3360 5761 3397 5806 t.
3436 5750 3474 5814 Ι,

222 5808 397 5869 Procli
432 5814 558 5885 lycii
603 5808 826 5880 memini
886 5808 996 5875 me"
1028 5808 1280 5889 proferre
1323 5820 1452 5876 olim
1500 5835 1567 5879 ex
1600 5821 1788 5881 codice

1914 5838 1948 5877 ν.
1987 5821 2247 5878 366.368.
2316 5808 2327 5861 ἐ
